3954 6130
361 318 415 377 ει
688 358 707 368 α
1396 317 1467 376 IN
1502 319 1721 378 EPIST.
1767 320 1908 377 IAD
1943 322 1959 375 ί

2062 320 2104 376 ι.
2146 319 2383 378 HOlﬂL.
2412 323 2502 380 IV.
3556 324 3629 385 52

422 437 519 511 Μὴ
549 436 861 512 θορυϐεῖσθε
881 435 974 495 06v
993 456 1007 470 '
1038 439 1100 494 ού
1132 439 1239 512 γὰρ
1263 438 1413 504 ξένον
1436 440 1559 494 οὐδὲ
1590 440 1741 511 παρά
1764 456 1937 511 προσ-

360 532 544 588 δοκίαν
572 532 633 587 τὸ
654 533 953 604 γινόμενον,
983 532 1045 587 τὸ
1076 531 1433 604 χλευάζεσθαι
1453 531 1523 587 τά
1548 532 1760 602 μεγάλα
1787 529 1939 601 παρὰ

359 622 467 678 τῶν
517 625 904 694 ἐξεστηκότων.
945 624 1086 688 Τοὺς
1122 623 1181 676 δὲ
1223 622 1370 678 οὕτω
1430 622 1808 694 διακειμένους
1853 620 1943 675 διὰ

363 717 550 785 σοφίας
579 717 924 789 ἀνθρωπίνης
961 716 1170 770 πείθειν
1206 716 1307 770 οὐκ
1347 714 1427 770 ἔνι
1451 733 1466 747 ⁸
1503 716 1660 778 ἀλλά,
1693 716 1798 770 κάν
1824 714 1949 786 βου⁴

359 811 528 883 ληθῇς
557 807 698 864 οὕτω
724 811 932 875 πεῖσαι,
960 807 1023 861 τὸ
1045 807 1290 862 ἐναντίον
1314 809 1490 870 ποιεῖς
1511 824 1526 839 ·
1547 807 1616 860 1&
1639 807 1750 877 7&9
1772 807 1947 876 ὑπερ-

361 900 608 955 ϐαίνοντα
644 900 909 972 λογισμὸν
940 899 1180 964 πίστεως
1220 900 1395 952 δεῖται
1439 898 1630 969 μόνης.
1664 898 1777 951 Καὶ
1814 898 1945 968 γὰρ.

361 992 424 1046 ἂν
468 990 712 1061 θέλωμεν
760 993 972 1046 πείθειν
1020 992 1111 1045 διά
1153 990 1454 1062 λογισμῶν,
1511 990 1629 1055 πῶς
1660 987 1949 1061 ἄνθρωπος

359 1084 573 1154 ἐγένετο
601 1086 631 1138 6
661 1085 814 1149 Θεὸς,
851 1085 948 1138 καί
975 1085 1059 1148 εἰς
1098 1084 1318 1155 μήτραν
1344 1081 1563 1151 εἰσῆλθε
1586 1081 1945 1153 παρθενικὴν,

356 1176 451 1228 καὶ
476 1174 551 1246 μὴ
585 1177 653 1246 τῇ
693 1172 875 1228 πίστει
916 1172 979 1227 τὸ
1017 1171 1251 1244 πρᾶγμα
1290 1170 1697 1244 ἐπιτρέψωμεν,
1746 1170 1950 1243 μᾶλλον

358 1269 553 1321 ἐκεῖνοι
576 1264 1061 1337 καταγελάσονται.
1091 1268 1234 1337 Ἀρα
1261 1264 1309 1319 οἰ
1329 1264 1610 1335 λογισμοῖς
1634 1262 1949 1331 ζητοῦντες,

356 1354 499 1415 οὗτοί
539 1360 681 1414 εἰσιν
707 1357 755 1414 οἰ
791 1358 1179 1428 ἀπολλύμενοι.
1213 1358 1325 1412 Kal
1353 1358 1407 1411 τί
1434 1357 1581 1427 λέγω
1611 1358 1742 1428 περὶ
1775 1355 1949 1421 Θεοῦ;

369 1453 492 1506 Ἐπὶ
510 1453 622 1522 7&9
647 1451 757 1506 τῶν
784 1452 1099 1523 κτισμάτων
1137 1451 1204 1506 ἀν
1226 1448 1387 1504 τοῦτο
1414 1451 1754 1522 ποιήσωμεν,
1782 1447 1953 1512 πολὺς

352 1538 546 1607 ἕψεται
571 1540 769 1609 γέλως.
802 1539 985 1595 Ἔστω
1020 1540 1129 1610 γὰρ
1150 1540 1439 1612 ἄνθρωπος
1468 1541 1649 1595 πάντα
1685 1539 1952 1610 βουλόμε-

353 1646 448 1694 νος
466 1628 754 1699 λογισμοῖς
792 1629 1104 1698 μανθάνειν,
1132 1629 1229 1683 καὶ
1263 1627 1544 1699 πειράσθω
1565 1627 1646 1698 τῷ
1670 1628 1821 1700 παρὰ
1851 1628 1948 1682 σοῦ

356 1721 508 1792 λόγῳ
539 1720 851 1785 πείθεσθαι,
887 1719 1003 1783 πῶς
1032 1718 1304 1790 βλέπομεν
1334 1719 1398 1772 τὸ
1418 1717 1535 1788 φῶς
1554 1737 1569 1750 ι
1597 1720 1663 1773 06
1700 1718 1757 1772 δὲ
1786 1719 1950 1774 αὐτὸν

357 1811 616 1884 λογισμῷ
650 1810 860 1864 πείθειν
894 1810 1090 1882 πειρῶ.
1132 1810 1275 1863 Ἀλλ’
1307 1810 1406 1864 οὐκ
1438 1809 1505 1864 ἂν
1534 1809 1679 1880 ἔχοις
1701 1825 1715 1841 °
1746 1809 1814 1864 ἀν
1840 1810 1950 1884 7&9

356 1907 547 1978 εἴπῃς,
579 1906 664 1959 ὅτι
688 1905 855 1976 ἀρκεῖ
874 1905 1005 1967 τοὺς
1040 1903 1359 1974 ὀφθαλμοὺς
1390 1903 1675 1971 ἀνοίξαντα
1703 1903 1945 1974 βλέπειν,

353 2000 415 2052 ού
446 2000 540 2051 τὸν
583 1996 787 2069 τρόπον
820 1994 1076 2067 εἴρηκας,
1125 1994 1263 2049 ἀλλά
1309 1994 1372 2049 τὸ
1409 1996 1716 2066 γινόμενον.
1756 1995 1857 2050 Διά
1894 1994 1949 2049 τί

347 2090 467 2162 γὰρ
497 2086 574 2161 μὴ
596 2090 663 2159 τῇ
699 2088 836 2158 ἀκοῇ
868 2085 1168 2158 βλέπομεν,
1201 2087 1358 2157 φησί,
1391 2088 1486 2141 καὶ
1513 2090 1626 2153 τοῖς
1650 2087 1952 2160 ὀφθαλμοῖς

353 2179 669 2248 ἀκούομεν;
696 2177 788 2231 διὰ
829 2177 883 2229 τί
910 2176 1021 2249 γὰρ
1053 2175 1129 2248 μὴ
1168 2179 1235 2248 τῇ
1267 2178 1379 2248 ρινί
1421 2179 1716 2250 ἀκούομεν,
1749 2181 1847 2235 καί
1879 2183 1949 2252 τῇ

355 2272 496 2341 ἀκοῇ
532 2268 980 2341 ὀσφραινόμεθα;
1024 2267 1122 2321 “Av
1159 2269 1375 2334 τοίνυν,
1419 2268 1754 2342 ἀποροῦντος
1783 2270 1951 2327 αὐτοῦ

358 2360 491 2432 περί
512 2358 741 2421 τούτων,
787 2357 862 2428 μὴ
896 2356 1182 2429 δυνώμεθα
1202 2358 1294 2411 τὸν
1320 2358 1481 2428 λόγον
1510 2361 1801 2418 ἀποδοῦναι
1827 2362 1953 2418 τούς

356 2468 490 2515 των,
518 2450 728 2513 ἐκεῖνος
767 2448 951 2520 μέλλει
974 2447 1160 2520 γελᾷνς
1192 2449 1254 2502 οὐ
1292 2449 1558 2520 μειζόνως
1583 2454 1747 2522 ἡμεῖς
1782 2470 1954 2508 κατα-

358 2539 743 2610 γελασόμεθα;
785 2539 850 2591 Εἰ
898 2539 1008 2611 γὰρ
1056 2539 1346 2611 ἀμφότερα
1388 2538 1449 2605 ἐξ
1487 2542 1607 2605 ἑνὸς
1646 2544 1951 2613 ἐγκεφάλου

357 2632 464 2700 τὴν
494 2632 671 2700 ἀρχὴν
689 2630 827 2700 ἔχει,
854 2630 949 2684 καὶ
974 2630 1263 2702 ἀμφότερα
1289 2631 1541 2703 ἀλλήλοις
1570 2636 1864 2702 γειτνιάζει
1885 2638 1953 2691 τά

364 2723 533 2793 μέλη,
573 2722 691 2786 πῶς
721 2723 783 2776 οὐ
818 2721 887 2775 τὰ
917 2722 1057 2776 αύτά
1088 2722 1313 2778 δύναται
1344 2727 1552 2789 ποιεῖν;
1591 2726 1732 2780 Ἀλλ’
1763 2729 1825 2782 οὐ
1858 2729 1952 2783 δυ-

361 2816 647 2887 νησόμεθα
701 2800 877 2869 είπεῖν
929 2815 1028 2885 τὴν
1078 2816 1257 2869 αἰτίαν
1300 2817 1422 2870 οὐδὲ
1475 2818 1567 2872 τὸν
1614 2820 1816 2891 τρόπον
1854 2822 1953 2893 τῆς

362 2908 578 2978 ἀφάτου
606 2907 699 2961 καί
729 2907 984 2977 ποικίλης
1020 2907 1324 2978 ἐνεργείας,
1356 2909 1514 2976 ἀλλά,
1544 2910 1647 2965 κάν
1676 2913 1956 2987 ἐπιχειρή-

365 3017 574 3071 σωμεν,
626 2997 1079 3070 καταγελώμεθα.
1122 2999 1225 3054 Διά
1264 3017 1349 3054 τοι
1395 3001 1554 3057 τοῦτο
1590 3006 1659 3074 τῇ
1695 3003 1789 3058 τοῦ
1819 3004 1954 3060 Θεοῦ

361 3093 589 3162 δυνάμει
614 3093 709 3144 καὶ
738 3093 803 3161 τῇ
838 3090 1055 3161 ἀπείρῳ
1081 3090 1245 3162 σοφίᾳ
1273 3092 1758 3164 παραχωροῦντες,
1800 3097 1958 3168 σιγή..

367 3200 569 3253 σωμεν.
592 3181 752 3236 Οῦτω
782 3182 967 3236 τοίνυν
1003 3183 1098 3236 καὶ
1128 3182 1196 3237 τὰ
1224 3184 1319 3237 τοῦ
1362 3185 1497 3239 Θεοῦ
1528 3186 1626 3241 ἐὰν
1660 3190 1729 3258 τῇ
1756 3187 1957 3254 ἔξωθεν

368 3274 530 3345 σοφία
563 3272 915 3345 βουληθῶμεν
937 3275 1313 3345 παραστῆσαι,
1347 3275 1515 3339 πολὺς
1537 3276 1730 3347 ἕψεται
1759 3278 1952 3346 γέλως,

367 3366 434 3418 οὐ
462 3365 617 3435 παρά
647 3364 745 3436 τὴν
777 3364 889 3418 τῶν
921 3365 1267 3435 πραγμάτων
1299 3366 1608 3433 ἀσθένειαν,
1632 3368 1770 3423 ἀλλά
1804 3370 1957 3441 παρά

371 3456 474 3527 τὴν
492 3456 602 3510 τῶν
624 3456 926 3527 ἀνθρώπων
948 3455 1158 3511 ἀνοιαν.
1189 3456 1271 3511 Τά
1294 3458 1404 3529 7&9
1435 3459 1646 3530 μεγάλα
1679 3461 1838 3529 λόγος
1867 3461 1959 3515 06-

366 3547 486 3611 δεὶς
537 3548 889 3618 παραστῆσαι
931 3548 1175 3604 δύναται.
1230 3550 1433 3603 Σκόπει
1474 3551 1567 3605 δέ·
1594 3552 1764 3605 Ὅταν
1796 3553 1956 3619 εῖπω,

387 3638 762 3711 Ἐσταυρὼθη,
804 3642 834 3693 6
878 3638 1076 3711 Ἕλλην
1115 3642 1297 3709 λέγει·
1333 3642 1446 3694 Καὶ
1479 3642 1595 3702 πῶς
1629 3643 1694 3696 ἂν
1722 3643 1836 3713 ἔχοι
1872 3643 1962 3697 λό-

371 3749 467 3803 γον
486 3732 684 3800 τοῦτο;
714 3733 892 3804 ἐαυτῷ
919 3734 1021 3787 οὒκ
1042 3734 1216 3805 ἤμυνε
1249 3751 1482 3803 σταύρου
1493 3734 1637 3804 μένῳ
1659 3735 1752 3787 καὶ
1778 3749 1964 3809 πειρα-

374 3820 589 3894 ζομένῳ
610 3822 755 3876 κατά
787 3821 877 3876 τὸν
903 3822 1097 3893 καιρὸν
1125 3823 1219 3876 τοῦ
1256 3823 1514 3894 σταυροῦ,
1549 3825 1640 3877 καὶ
1666 3823 1787 3887 πῶς
1825 3825 1963 3895 μετά

371 3914 545 3969 ταῦτα
575 3915 801 3985 ἀνέστη,
841 3914 936 3967 καί
970 3913 1176 3984 ἑτέροις
1208 3914 1453 3984 ἦμυνεν;
1482 3915 1531 3966 εἰ
1578 3913 1686 3986 γὰρ
1717 3912 1961 3980 ἐδύνατο,

375 4001 482 4072 πρὸ
498 4001 595 4056 τοῦ
627 4002 859 4056 θανάτου
883 4001 992 4055 ἔδει
1016 4002 1195 4074 (τοῦτο
1217 4004 1324 4073 γὰρ
1349 4004 1442 4057 καὶ
1475 4004 1714 4057 Ἰουδαῖοι
1734 4005 1960 4074 ἕλεγον)·

375 4093 483 4147 όδὲ
508 4092 689 4164 ἐαυτῷ
723 4093 799 4164 μὴ
833 4092 1070 4163 ἀμύνας,
1104 4092 1224 4159 πῶς
1250 4094 1432 4159 ἀλλοις
1474 4096 1722 4166 ἦμυνεν;
1763 4097 1862 4151 οὐκ
1900 4098 1966 4151 ἄν

378 4179 496 4256 [25]
526 4184 641 4254 ἔχοι
666 4184 846 4251 λόγον,
875 4184 1032 4256 φησί,
1055 4185 1298 4249 Εἰκότως
1319 4197 1368 4225 ι·
1398 4186 1492 4238 καὶ
1517 4186 1624 4258 γὰρ
1657 4188 1794 4259 ὑπὲρ
1811 4188 1967 4257 λόγον

376 4275 548 4340 ἐστὶν,
576 4274 854 4346 ἄνθρωπε,
889 4275 985 4329 καὶ
1019 4274 1229 4344 ἀφάτου
1252 4274 1582 4346 δυνάμεωςὸ
1610 4278 1862 4349 σταυρός.
1897 4279 1970 4331 Τὸ

379 4365 487 4435 γάρ
506 4368 571 4419 ὲν
596 4367 712 4429 τοῖς
735 4366 932 4429 δεινοῖς
956 4366 1274 4436 γενόμενον,
1301 4365 1573 4437 ἀνώτερον
1603 4368 1835 4439 φανῆναι
1862 4369 1971 4422 τῶν

382 4457 588 4523 δεινῶν,
634 4459 733 4512 καὶ
778 4459 1175 4528 συμπλακέντα
1224 4459 1467 4530 νικῆσαι,
1516 4459 1800 4531 δυνάμεώς
1827 4462 1973 4514 ἐστιν

384 4550 631 4621 ἀπείρου.
666 4551 882 4622 ’Ὥσπερ
923 4550 1033 4622 γὰρ
1066 4551 1158 4605 ἐπὶ
1186 4550 1295 4604 τῶν
1319 4550 1487 4622 τριῶν
1522 4551 1747 4616 παίδων,
1772 4552 1867 4605 τοῦ
1897 4554 1973 4624 μὴ

386 4640 616 4712 ἐμϐῆναι
648 4643 732 4705 εἰς
757 4640 857 4712 τὴν
886 4641 1141 4711 κάμινον,
1172 4642 1234 4695 τὸ
1263 4641 1542 4712 ἐμϐάντας
1590 4645 1975 4712 καταπατῆσαι

384 4730 481 4803 τὴν
502 4731 698 4800 φλόγα,
722 4731 1170 4803 θαυμαστότερον
1190 4726 1259 4801 ἦν
1284 4747 1298 4762 ⁶
1331 4732 1426 4785 καί
1456 4733 1549 4786 ἐπὶ
1570 4732 1665 4785 τοῦ
1682 4733 1855 4795 Ἰωνᾶ,
1880 4731 1974 4786 τοῦ

388 4821 463 4893 μὴ
508 4823 772 4892 ἐμπεσεῖν
805 4826 886 4887 εἰς
912 4823 974 4877 τὸ
1021 4825 1207 4893 κῆτος,
1237 4823 1300 4877 τὸ
1327 4824 1638 4896 ἐμπεσόντα
1673 4826 1839 4896 μηδὲν
1868 4825 1976 4880 ἀπὸ

380 4917 471 4970 τοῦ
501 4917 695 4988 θηρίου
724 4918 918 4972 παθεῖν
942 4918 1127 4988 ἀηδὲς,
1159 4916 1340 4988 πολλῷ
1369 4919 1552 4989 μεῖζον
1580 4913 1648 4988 ἦν
1672 4936 1685 4948 ⁸
1713 4917 1854 4973 οὕτω
1882 4920 1978 4973 καὶ

382 5008 473 5062 ἐπὶ
486 5007 582 5062 τοῦ
603 5006 865 5078 Χριστοῦ,
884 5006 981 5060 τοῦ
1002 5006 1078 5079 μὴ
1095 5007 1412 5073 ἀποθανεῖν,
1431 5008 1492 5060 τὸ
1511 5007 1846 5061 ἀποθανόντα
1866 5008 1980 5061 δια-

381 5096 539 5152 λῦσαι
561 5099 654 5152 τὸν
672 5098 924 5164 θάνατον,
953 5099 1391 5172 παραδοξότερον
1407 5095 1494 5169 ἦν.
1512 5099 1604 5169 Μὴ
1629 5099 1810 5153 τοίνυν
1832 5099 1976 5169 λέγε·

383 5189 481 5244 Διά
503 5190 559 5243 τί
587 5190 691 5243 οὐκ
724 5190 935 5263 ἤμυνεν
981 5190 1160 5260 ἑαυτῷ
1200 5192 1258 5243 ἐν
1306 5188 1399 5273 τῷ.
1417 5188 1671 5259 σταυρῷ;
1701 5191 1850 5261 αὐτῷ
1874 5191 1981 5263 γὰρ

387 5282 778 5353 συμπλακῆναι
820 5281 1081 5352 ἠπείγετο
1122 5281 1202 5353 τῷ
1244 5281 1479 5351 θανάτῳ.
1527 5281 1601 5334 Ού
1641 5282 1845 5352 κατέϐη
1876 5286 1982 5336 ἀπὸ

383 5374 475 5428 τοῦ
509 5373 774 5446 σταυροῦ,
813 5375 918 5428 οὐκ
968 5374 1160 5445 ἐπειδὴ
1203 5374 1306 5429 οὐκ
1352 5374 1606 5445 ἠδύνατο,
1646 5372 1763 5427 ἀλλ’
1794 5374 1982 5442 ἐπειδὴ

383 5467 482 5521 οὐκ
502 5467 791 5538 ἠϐούλετο.
827 5468 927 5521 ’ον
956 5467 1070 5537 γὰρ
1091 5467 1126 5536 ἠ
1151 5467 1403 5536 τυραννὶς
1427 5468 1488 5521 οὐ
1507 5465 1739 5536 κατέσχε
1767 5466 1860 5520 τοῦ
1887 5466 1982 5519 Oa-

385 5559 570 5626 νάτου,
602 5559 727 5623 πῶς
752 5553 877 5633 ἧλοι
907 5555 1152 5628 σταυροῦ
1188 5562 1480 5630 κατασχεῖν
1512 5559 1806 5631 ἠδύναντο;

456 5651 521 5721 β’.
568 5650 736 5706 Ἀλλά
770 5650 952 5705 ταῦτα
990 5650 1126 5720 ἡμῖν
1167 5647 1439 5721 γνώριμα,
1479 5654 1592 5715 τοῖς
1635 5651 1694 5705 δὲ
1734 5650 1985 5714 ἀπίστοις

386 5742 591 5798 οὐκέτι.
619 5743 725 5797 Διά
761 5741 931 5795 τοῦτο
964 5739 1170 5808 ἔλεγεν,
1213 5742 1296 5795 ὅτι
1326 5743 1355 5795 6
1381 5741 1537 5812 λόγος
1562 5745 1591 5796 6
1626 5743 1721 5797 106
1751 5744 1987 5814 σταυροῦ

390 5839 499 5902 τοῖς
528 5838 629 5908 μὲν
654 5833 1060 5904 ἀπολλυμένοις
1085 5834 1261 5905 μωρδ
1288 5833 1426 5896 ἐστὶ,
1449 5838 1560 5901 τοῖς
1578 5836 1632 5891 δὲ
1657 5836 1985 5907 σωζομένοις

456 5976 472 5996 ⁸
505 5978 682 6028 Aberat
708 5973 933 6027 εἰκότως.
958 5956 967 5977 Ν

2044 440 2178 510 ἡμῖν
2212 439 2443 510 δύναμις
2484 439 2621 495 Θεοῦ
2656 440 2794 495 ἐστι.
2834 440 3172 511 Γέγραπται
3201 439 3315 510 γάρ
3336 457 3351 472 ⁸
3394 443 3627 498 Ἀπολῶ

2045 530 2162 598 τὴν
2176 531 2402 600 σοφίαν
2414 530 2535 585 τῶν
2555 532 2783 600 σοφῶν,
2811 533 2910 586 καί
2932 532 3048 601 τὴν
3068 533 3329 587 σύνεσιν
3347 532 3468 586 τῶν
3488 549 3638 589 συν-

2048 620 2199 675 ετῶν
2230 622 2523 689 ἀθετήσω.
2569 621 2737 676 Οὐδὲν
2797 623 2929 694 παρ’
2972 623 3170 679 ἑαυτοῦ
3199 623 3462 695 φορτικὸν
3501 624 3642 689 τέως

2046 714 2281 786 τίθησιν,
2317 715 2456 769 ἀλλά
2488 716 2754 787 πρότερον
2787 718 2881 770 ἐπὶ
2912 716 3013 787 τὴν
3063 716 3372 788 μαρτυρίαν
3413 717 3638 789 ἔρχεται

2046 807 2144 879 τῆς
2174 809 2417 879 Γραφῆς,
2449 809 2543 861 καὶ
2573 809 2696 862 τότε
2734 808 2832 878 τὴν
2860 808 3070 864 ἐκεῖθεν
3098 810 3417 882 παρρησίαν
3459 809 3642 865 λαϐὼν

2045 897 2561 971 καταφορικὼτερον
2611 900 2875 971 κέχρηται
2910 903 3023 964 τοῖς
3057 900 3263 969 λόγοις,
3303 900 3398 955 καί
3429 918 3596 972 φησιν
3622 918 3636 932 ·

2050 990 2197 1058 Οὐχί
2228 989 2533 1061 ἐμώρανεν
2585 994 2619 1047 ό
2664 992 2807 1057 Θεὸς
2842 990 2960 1060 τὴν
2999 993 3231 1062 σοφίαν
3259 990 3368 1046 τοῦ
3408 992 3645 1061 κόσμου

2046 1083 2305 1147 τούτους
2340 1084 2460 1139 ποῦ
2488 1085 2725 1153 σοφὸς;
2763 1084 2880 1139 ποῦ
2921 1085 3341 1155 τραμματεύς;
3378 1083 3497 1139 ποῦ
3528 1101 3643 1138 συ-

2049 1173 2303 1242 ζητητὴς
2340 1175 2447 1230 τοῦ
2495 1176 2711 1242 αἰῶνος
2767 1178 3027 1241 τούτου;
3072 1176 3211 1246 οὐχί
3260 1175 3564 1245 ἐμώρανεν
3608 1178 3646 1229 ὀ

2051 1265 2195 1333 Θεὸς
2237 1266 2354 1333 τὴν
2399 1268 2627 1337 σοφίαν
2664 1269 2773 1325 τοῦ
2810 1270 3045 1339 κόσμου
3083 1270 3345 1335 τούτου;
3398 1268 3642 1337 Ἐπειδὴ

2049 1358 2160 1427 γὰρ
2182 1358 2253 1412 ἐν
2278 1358 2353 1427 τῇ
2383 1362 2574 1429 σοφίᾳ
2601 1360 2707 1415 τοῦ
2736 1360 2885 1416 Θεοῦ
2912 1363 3024 1416 οὐκ
3052 1361 3208 1431 ἔγνω
3234 1364 3267 1415 ό
3295 1362 3525 1430 κόσμος
3543 1359 3645 1414 διὰ

2048 1446 2161 1516 τῆς
2185 1451 2410 1519 σοφίας
2432 1450 2540 1505 τὸν
2572 1451 2744 1516 Θεὸν,
2777 1450 3115 1520 εὐδόκησεν
3146 1455 3180 1506 ό
3207 1451 3354 1517 Θεὸς
3393 1450 3494 1505 διὰ
3526 1449 3643 1519 τῆς

2044 1541 2273 1608 μωρίας
2298 1540 2406 1595 τοῦ
2426 1543 2806 1612 κηρύγματος
2824 1543 3021 1598 σῶσαι
3049 1544 3193 1611 τοὺς
3218 1544 3642 1609 πιστεύοντας.

2050 1631 2236 1686 Εἰπὼν
2281 1634 2365 1688 ὅτι
2417 1636 2469 1689 Γ
2470 1635 2776 1704 έτραπται,
2827 1634 3063 1691 Ἀπολῶ
3100 1636 3218 1704 τὴν
3258 1637 3490 1705 σοφίαν
3525 1631 3647 1689 τῶν

2052 1723 2286 1794 σοφῶν.
2309 1726 2411 1797 τὴν
2439 1726 2549 1782 ἀπὸ
2582 1728 2694 1782 τῶν
2735 1729 3079 1800 πραγμάτων
3122 1728 3397 1795 ἀπόδειξιν
3443 1728 3645 1796 ἐπάγει

2050 1816 2265 1884 λέγων·
2316 1817 2444 1873 Ποῦ
2485 1822 2720 1889 σοφός;
2763 1820 2882 1875 ποῦ
2925 1822 3342 1891 τραμματεύς;
3377 1820 3513 1892 ὁμοῦ
3550 1824 3646 1877 καὶ

2062 1906 2334 1979 Ἐλλήνων
2390 1909 2488 1962 καὶ
2527 1908 2801 1965 Ἰουδαίων
2845 1911 3277 1983 καθαπτόμενος.
3326 1914 3486 1975 nolo;
3532 1913 3648 1984 7&9

2052 1996 2368 2067 φιλόσοφος,
2395 1997 2481 2062 τίς
2511 1998 2622 2053 τῶν
2668 1999 2799 2071 περὶ
2823 2000 2950 2063 τοὺς
2985 2000 3381 2071 συλλογισμοὺς
3416 2002 3644 2072 ἑσχολα-

2051 2086 2249 2169 κότων,
2281 2086 2367 2151 τίς
2399 2088 2512 2142 τῶν
2540 2089 2612 2143 τά
2649 2088 2919 2144 Ἰουδαίων
2952 2090 3170 2145 εἰδότων
3198 2091 3392 2157 Ξσωσε,
3426 2093 3522 2147 καὶ
3544 2092 3650 2163 τὴν

2052 2180 2314 2252 ἀλήθειαν
2357 2182 2688 2251 ἑγνώρισεν;
2742 2183 2858 2237 Ούκ
2900 2182 3051 2237 ἔστιν
3097 2182 3295 2248 οὐδεὶς,
3355 2183 3493 2238 ἀλλά
3532 2184 3647 2237 τῶν

2053 2272 2250 2328 ἀλιέων
2287 2272 2350 2326 τὸ
2393 2274 2503 2327 πᾶν
2544 2273 2756 2343 γέγονε.
2808 2274 3174 2346 Συμπεράνας
3202 2276 3382 2329 τοίνυν
3418 2275 3481 2329 τὸ
3508 2293 3642 2347 προ-

2052 2365 2326 2437 κείμενον,
2350 2367 2445 2420 καὶ
2469 2366 2819 2436 κατενεγκὼν
2874 2366 3055 2420 αὐτῶν
3082 2366 3175 2421 τὸν
3207 2367 3397 2437 τῦφον,
3428 2368 3523 2421 καὶ
3566 2370 3645 2421 εῖ-

2053 2456 2172 2512 πιῖιν
2195 2476 2209 2490 ·
2240 2458 2390 2527 Οῠχί
2425 2457 2729 2529 ἐμώρανεν
2759 2461 2794 2513 ὸ
2822 2459 2969 2525 Θεὸς
3003 2459 3120 2526 τὴν
3155 2460 3382 2529 σοφίαν
3405 2459 3514 2514 τοῦ
3543 2463 3644 2515 κό-

2053 2564 2212 2620 σμου
2241 2552 2493 2615 τούτου;
2522 2550 2672 2619 λέγει
2697 2551 2790 2605 καὶ
2818 2549 2917 2622 τὴν
2950 2549 3151 2614 αἰτίαν,
3172 2549 3239 2603 δι’
3261 2550 3329 2620 ἢν
3348 2549 3529 2604 ταῦτα
3546 2549 3644 2617 γέ-

2053 2654 2211 2710 γονεν
2236 2639 2433 2705 οὕτως.
2476 2641 2698 2712 Ἐπειδὴ
2726 2641 2837 2712 γὰρ
2863 2641 2921 2695 έν
2942 2643 3009 2712 τῇ
3036 2641 3199 2711 σοφίᾳ
3222 2639 3317 2694 τοῦ
3350 2640 3513 2703 Θεοῦ,
3538 2655 3646 2710 φη·

2057 2735 2162 2799 σίν,
2189 2732 2292 2786 οὐκ
2324 2732 2466 2801 ἔγνω
2504 2734 2534 2786 6
2571 2732 2781 2803 κόσμος
2811 2732 2901 2786 διὰ
2928 2732 3029 2802 τῆς
3073 2732 3266 2801 σοφίας
3307 2732 3400 2786 τὸν
3423 2732 3577 2795 Θεὸν,
3616 2734 3648 2786 6

2058 2820 2290 2893 σταυρὸς
2330 2819 2526 2890 ἐφάνη.
2594 2819 2660 2872 Τί
2712 2818 2769 2872 δέ
2818 2820 2990 2885 ἐστιν,
3050 2820 3156 2873 Ἐν
3201 2818 3278 2887 τῇ
3310 2820 3499 2888 σοφίᾳ
3538 2820 3653 2875 τοῦ

2059 2913 2242 2975 Θεοῦ;
2268 2913 2349 2984 Τῇ
2378 2911 2471 2965 διὰ
2500 2910 2611 2965 τῶν
2650 2909 2830 2982 ἔργων
2858 2911 3185 2983 φαινομένῃ,
3213 2910 3281 2964 δι’
3308 2903 3383 2965 ὧν
3414 2911 3649 2982 ἠθέλησε

2056 3001 2450 3073 γνωρισθῆναι.
2480 3001 2582 3055 Διά
2608 3000 2768 3054 τοῦτο
2788 3002 2899 3071 γὰρ
2934 3002 3075 3056 αύτά
3115 3002 3213 3056 καί
3253 3000 3483 3057 τοιαῦτα
3514 3020 3651 3057 κατ-

2057 3092 2374 3158 εσκεύασεν,
2403 3092 2491 3145 ἶνα
2514 3090 2796 3161 ἀναλόγως
2824 3093 2888 3145 ὲκ
2904 3091 3014 3146 τῶν
3043 3093 3339 3164 ὁρωμένων
3366 3096 3396 3147 6
3421 3095 3652 3165 ποιητὴς

2058 3182 2428 3253 θαυμάζηται.
2464 3182 2655 3251 Μέγας
2683 3184 2712 3235 6
2754 3181 3002 3253 οὐρανὸς,
3032 3182 3130 3236 καὶ
3172 3182 3585 3254 ἀπειροπληθὴς
3615 3185 3653 3253 ἠ

2058 3274 2165 3343 γῆ·
2218 3272 2499 3342 θαύμασον
2543 3273 2723 3325 τοίνυν
2764 3272 2856 3325 τὸν
2905 3272 3268 3343 πεποιηκότα.
3312 3274 3421 3328 Καὶ
3467 3274 3577 3346 7&9
3622 3276 3653 3328 6

2063 3364 2236 3434 μέγας
2263 3357 2418 3428 οὗτος
2460 3364 2519 3416 οὐ
2560 3364 2720 3434 μόνον
2761 3364 2980 3433 ἐγένετο
3010 3364 3103 3419 ὑπ’
3136 3365 3327 3433 αὑτοῦ,
3378 3367 3517 3420 ἀλλά
3560 3369 3657 3421 καὶ

2064 3453 2181 3524 μετ’
2208 3452 2481 3518 εὐκολίας,
2518 3453 2615 3507 καί
2646 3456 2676 3522 ἡ
2704 3455 2934 3525 ἄπειρος
2962 3453 3147 3524 ἐκείνη
3176 3455 3251 3525 γῆ
3284 3456 3380 3510 καί
3401 3457 3539 3529 αὑτὴ
3576 3457 3656 3521 ὡς

2061 3544 2214 3597 οὐδὲν
2260 3546 2563 3614 παρήγετο.
2599 3544 2697 3595 Διά
2725 3544 2883 3596 τοῦτο
2920 3545 3050 3615 περὶ
3089 3545 3189 3615 μὲν
3215 3547 3426 3599 ἐκείνου
3463 3549 3654 3617 φησιν,

2061 3637 2143 3689 ὅτι
2179 3636 2357 3704 Ἔργα
2400 3634 2520 3687 τῶν
2552 3634 2870 3687 δακτύλων
2912 3635 3029 3688 σού
3073 3637 3232 3688 εἰσιν
3280 3640 3335 3690 οι
3364 3639 3611 3706 οὐρανοί
3638 3655 3655 3669 ·

2065 3728 2194 3798 περί
2219 3726 2277 3779 δὲ
2314 3725 2415 3795 τῆς
2457 3725 2581 3794 γῆς,
2638 3723 2701 3776 '0
2734 3722 2998 3791 ποιήσας
3026 3725 3144 3792 τὴν
3187 3725 3304 3797 γῆν
3332 3727 3413 3795 ὡς
3453 3728 3657 3785 οὐδέν.

2080 3817 2231 3871 Ἐπεί
2254 3812 2347 3870 οὖν
2375 3814 2463 3868 διά
2491 3814 2592 3883 τῆς
2615 3812 2807 3883 σοφίας
2826 3810 3031 3885 ταύτης
3059 3814 3162 3869 οὐκ
3191 3815 3426 3887 ἠθέλησε
3459 3818 3659 3889 γνωρί-

2067 3926 2159 3963 σαι
2187 3907 2279 3962 τὸν
2306 3906 2460 3970 Θεὸν,
2487 3904 2578 3959 διὰ
2603 3905 2703 3976 τῆς
2728 3904 2993 3976 δοκούσης
3016 3905 3230 3976 μωρίας
3260 3902 3402 3961 εἶναι
3428 3908 3525 3961 τοῦ
3555 3926 3657 3979 κη-

2069 4000 2346 4073 ρύγματος
2392 3996 2630 4060 ἔπεισεν,
2676 3996 2739 4049 ού
2779 3996 2869 4049 διά
2917 3996 3218 4067 λογισμῶν,
3251 3996 3388 4052 ἀλλά
3430 3999 3522 4052 διά
3558 4002 3660 4071 τῆς

2069 4092 2326 4155 πίστεως.
2367 4089 2567 4143 Λοιπὸν
2592 4089 2727 4142 ὅπου
2754 4086 2917 4157 σοφία
2958 4087 3118 4153 Θεοῦ,
3145 4087 3329 4142 οὐκέτι
3357 4090 3521 4159 χρεία
3564 4091 3662 4143 ἀν-

2070 4180 2368 4251 θρωπίνης.
2418 4179 2492 4231 Τὸ
2534 4177 2636 4248 μὲν
2668 4176 2779 4247 γὰρ
2806 4178 3004 4242 είπεῖν,
3039 4178 3122 4231 ὅτι
3153 4177 3242 4231 τὸν
3273 4179 3537 4232 κτίσαντα
3568 4180 3663 4234 τὸν

2072 4271 2188 4343 [26]
2219 4270 2424 4339 κόσμον
2450 4269 2541 4322 τὸν
2564 4269 2823 4322 τοσοῦτον
2848 4268 2942 4321 καὶ
2966 4268 3112 4321 οὕτω
3141 4269 3336 4338 μέγαν,
3360 4269 3493 4322 Θεὸν
3522 4264 3663 4323 εἶναι

2071 4361 2216 4422 εἰκὸς
2244 4359 2472 4428 δύναμιν
2500 4359 2782 4429 ἀμήχανόν
2816 4374 2942 4410 τινα
2979 4357 3172 4426 ἔχοντα
3203 4357 3297 4409 καὶ
3321 4358 3661 4428 ἀπόρρητον,

2076 4448 2268 4518 σοφίας
2312 4446 2660 4518 ἀνθρωπίνης
2703 4445 3016 4513 λογίζεσθαι
3053 4441 3152 4517 ἦν,
3195 4447 3290 4499 καὶ
3324 4445 3415 4499 διά
3458 4446 3666 4500 τούτων

2074 4540 2238 4593 αὑτὸν
2263 4538 2736 4609 καταλαμϐάνειν·
2767 4536 2863 4590 νῦν
2895 4536 2952 4590 δὲ
2983 4537 3166 4590 οὐκέτι
3202 4537 3501 4608 λογισμῶν,
3529 4538 3666 4593 ἀλλά

2076 4632 2313 4692 πίστεως
2347 4632 2429 4685 δεῖ
2454 4632 2641 4702 μόνης.
2679 4628 2752 4682 Τὸ
2774 4629 2883 4699 γὰρ
2912 4629 2994 4693 εἰς
3031 4629 3123 4682 τὸν
3151 4629 3535 4701 σταυρωθέντα
3568 4630 3667 4683 καί.

2075 4723 2315 4794 ταφέντα
2348 4722 2627 4775 πιστεύειν
2668 4720 2766 4774 καὶ
2810 4719 3358 4792 πεπληροφορῆσθαι,
3398 4723 3482 4776 ὅτι
3510 4717 3665 4788 οὗτος

2075 4814 2238 4878 αὐτὸς
2269 4815 2363 4868 καὶ
2395 4814 2594 4884 ἀνέστη
2624 4814 2719 4868 καὶ
2750 4813 2861 4868 ἀνω
2894 4813 3151 4884 κάθηται,
3183 4813 3342 4868 τοῦτο
3381 4816 3576 4884 σοφίας
3603 4818 3665 4870 ού

2075 4906 2248 4960 δεῖται
2276 4903 2396 4957 οὐδὲ
2411 4902 2709 4974 λογισμῶν,
2731 4903 2867 4956 ἀλλά
2894 4905 3156 4966 πίστεως.
3190 4904 3303 4957 Καὶ
3326 4904 3436 4974 7&9
3462 4902 3667 4958 οίάπόο

2079 4998 2255 5052 στολοι
2291 4997 2351 5049 οῦ
2394 4998 2558 5067 σοφίᾳ
2605 4997 2932 5070 προσῆλθον,
2973 4997 3110 5050 ἀλλά
3144 4998 3345 5061 πίστει,
3379 4997 3474 5050 καὶ
3510 4998 3667 5066 γεγό-⁸

2079 5109 2203 5144 νασι
2231 5090 2340 5143 τῶν
2373 5088 2478 5153 ἔξω
2511 5090 2688 5158 σοφῶν
2718 5088 3020 5159 σοφώτεροι
3058 5088 3153 5142 καὶ
3185 5087 3528 5160 ὑψηλότεροι,
3575 5090 3668 5143 καὶ

2082 5182 2320 5251 τοσούτῳ
2356 5180 2579 5251 μᾶλλον,
2608 5182 2718 5250 ὅσῳ
2749 5179 2841 5233 τοῦ
2871 5180 3169 5250 λογισμοὺς
3197 5183 3368 5234 κινεῖν
3396 5181 3459 5235 τὸ
3485 5181 3668 5235 πίστει

2079 5276 2145 5328 τὰ
2178 5274 2272 5328 τοῦ
2302 5271 2438 5327 Θεοῦ
2461 5272 2713 5343 δέχεσθαι
2756 5270 2941 5342 μεῖζον
2959 5288 2974 5304 ο
3002 5272 3160 5326 τοῦτο
3179 5272 3286 5343 7&9
3318 5272 3668 5344 ἀνθρωπίνην

2084 5365 2405 5437 ὑπερϐαίνει
2439 5365 2700 5419 διάνοιαν.
2732 5363 2859 5426 Πῶς
2900 5364 2958 5418 δὲ
2991 5364 3243 5418 ἀπώλεσε
3273 5364 3372 5435 τὴν
3424 5363 3622 5433 σοφίαν
3649 5379 3666 5429 ;

2083 5457 2184 5511 Διά
2213 5457 2427 5512 Παύλου
2459 5456 2553 5510 καί
2580 5454 2688 5508 τῶν
2708 5454 2967 5509 τοιούτων
2990 5453 3311 5526 γνωρισθεὶς
3340 5454 3491 5523 ἡμῖν,
3530 5451 3667 5505 ἔδει·

2085 5550 2173 5616 ξεν
2221 5550 2392 5620 αὐτὴν
2429 5545 2595 5604 οὖσαν
2626 5548 2886 5618 ἀνόνητον
2919 5548 2969 5600 b.
3004 5546 3150 5616 1196;
3181 5544 3291 5615 γὰρ
3323 5544 3383 5596 τὸ
3414 5542 3668 5607 δέξασθαι

2084 5644 2144 5697 τὸ
2176 5643 2441 5714 κήρυγμα
2476 5642 2536 5695 τὸ
2578 5642 2932 5710 εὐαγγελικὸν
2961 5638 3086 5692 οὔτε
3115 5641 3144 5693 6
3185 5637 3346 5704 σοφὸς
3377 5637 3665 5705 ὠφελεῖται

2085 5753 2137 5787 τι
2170 5734 2323 5804 παρά
2362 5734 2459 5803 τῆς
2488 5734 2701 5800 σοφίας,
2733 5732 2856 5785 οὗτε
2887 5734 2915 5784 ὁ
2944 5730 3156 5799 ἰδιώτης
3193 5728 3396 5798 ἐϐλάϐη
3430 5746 3481 5782 τι
3517 5731 3668 5800 παρὰ

2086 5827 2183 5895 τῆς
2224 5821 2492 5892 ἀμαθίας’
2530 5823 2643 5876 ἀλλ’
2685 5823 2732 5873 εἰ
2773 5820 2852 5873 δεῖ
2898 5838 2947 5871 τι
2990 5819 3082 5871 καὶ
3118 5816 3431 5886 θαυμαστὸν
3464 5820 3664 5880 εἰπεῖν.

2154 5976 2176 6013 ³⁵
2193 5975 2346 6030 Alius,
2373 5974 2585 6030 -ἶηόητον,
