3954 6130
303 291 370 346 3?)
993 287 1051 342 S.
1090 285 1374 343 JOANNIS
1409 283 1901 343 CHRYSOS’IOMI
1939 284 2262 342 ARCHIEP.
2307 287 2858 344 CONSTANTINOP.
3483 287 3552 340 Μ

310 405 510 478 μᾶλλον
553 403 808 469 ίδιωτεία,
851 402 884 474 ἢ
922 403 1083 472 σοφία
1115 404 1250 475 πρὸς
1278 405 1378 477 τὴν
1420 405 1684 476 ὑποδοχήν
1727 406 1875 456 ἐστιν

307 488 612 560 ἐπιτήδειον
654 487 749 541 καὶ
805 486 1190 555 εὐκολώτερον.
1251 487 1308 540 '0
1348 486 1458 558 γάρ
1528 487 1736 557 ποιμὴν
1782 485 1876 539 καὶ

305 571 563 644 ἄγροικος
616 569 820 640 ταύτην
871 569 1061 624 θᾶττον
1105 569 1440 636 ὑποδέξεται,
1485 569 1740 634 καθάπαξ
1780 568 1876 622 καὶ

305 654 433 718 τοὺς
454 653 745 724 λογισμοὺς
768 651 1165 717 καταστέλλων,
1199 653 1294 707 καὶ
1316 651 1395 723 τῷ
1415 653 1664 726 Δεσπότῃ
1687 653 1878 705 ἐαυτὸν

306 737 656 809 παραδιδούς.
714 735 870 789 Οῦτω
932 735 1113 789 τοίνυν
1167 736 1268 807 τὴν
1323 737 1514 805 σοφίαν
1576 737 1874 791 ἀπώλεσεν.

321 819 538 890 Ἐπειδὴ
565 818 674 889 γὰρ
705 817 944 888 προτέρα
987 817 1185 889 ἐαυτὴν
1223 819 1510 883 κατέϐαλε,
1551 818 1687 890 πρὸς
1727 819 1878 872 οὐδὲν

309 902 555 974 χρησίμη
585 901 770 954 λοιπόν
797 901 966 953 ἐστιν.
996 899 1125 952 Ὅτε
1162 900 1272 972 γάρ
1309 900 1416 954 ἔδει
1453 902 1522 955 τὰ
1554 902 1754 971 ἑαυτῆς
1783 901 1881 954 αὑ-

309 986 408 1056 τὴν
441 983 774 1048 ἐνδείξασθαι
802 983 897 1036 καὶ
920 982 1010 1036 διὰ
1040 982 1148 1036 τῶν
1179 982 1358 1053 ἔργων
1397 984 1522 1037 ἰδεῖν
1551 983 1642 1036 τὸν
1672 983 1880 1036 Δεσπό-

307 1085 428 1140 την,
461 1069 561 1121 οὑκ
595 1067 846 1138 ἠθέλησε.
887 1066 986 1119 Διά
1021 1065 1199 1130 τοῦτο,
1242 1066 1344 1120 κᾶν
1377 1066 1504 1138 θέλῃ
1535 1065 1630 1120 νῦν
1668 1067 1875 1120 ἐπεισα-

308 1153 496 1219 γαγεῖν
521 1149 737 1220 ἐαυτὴν,
767 1149 832 1202 οὑ
859 1147 1083 1202 δύναται
1108 1163 1120 1176 ·
1144 1149 1205 1202 οὑ
1225 1148 1334 1219 γὰρ
1365 1149 1588 1202 τοιαῦτα
1611 1148 1680 1202 τὰ
1705 1147 1883 1220 πράγ-

311 1249 492 1304 ματα’
523 1235 558 1305 ἠ
591 1233 702 1304 γάρ
730 1232 848 1295 ὁδὸς
886 1234 918 1302 ἠ
955 1233 1056 1303 τῆς
1097 1233 1429 1301 θεογνωσίας
1469 1231 1650 1304 πολλῷ
1680 1233 1882 1303 μείζων

308 1316 524 1386 ἐκείνης
551 1314 712 1384 αῦτη.
759 1315 859 1369 Διά
889 1331 972 1368 τοι
1013 1313 1171 1368 τοῦτο
1213 1315 1448 1378 πίστεως
1492 1316 1587 1369 καὶ
1625 1315 1883 1384 ἀφελείας

309 1401 492 1470 χρεία,
527 1401 622 1454 καὶ
645 1399 849 1470 ταύτην
873 1397 1148 1468 πανταχοῦ
1181 1400 1363 1469 ζητεῖν
1392 1399 1492 1464 δεῖ,
1521 1401 1734 1471 καὶτῆς
1760 1400 1884 1466 ἔξω·

311 1485 402 1538 θεν
433 1485 702 1555 προτιμᾷν
727 1483 920 1552 σοφίας
942 1499 956 1514 '
1003 1482 1302 1552 Ἐμώρανε
1321 1484 1430 1555 γάρ
1459 1487 1491 1538 ό
1522 1484 1689 1549 Θεὸς,
1722 1483 1883 1553 φησὶ,

311 1567 426 1634 τὴν
463 1567 706 1636 σοφίαν.
739 1566 803 1618 Τί
831 1566 888 1619 δέ
931 1566 1101 1629 ἐστιν,
1145 1564 1439 1634 Ἐμώρανε
1459 1582 1477 1629 ;
1508 1566 1712 1637 Μωράν
1746 1566 1884 1619 ἐδει-

313 1649 402 1716 ξεν
431 1645 596 1704 οὖσαν
620 1650 755 1719 πρὸς
781 1648 878 1720 τὴν
910 1648 1014 1719 τῆς
1042 1646 1276 1711 πίστεως
1305 1649 1627 1719 κατάληψιν.
1669 1647 1882 1718 Ἐπειδὴ

311 1737 420 1804 γάρ
443 1731 584 1803 μέγα
607 1731 865 1802 ἐφρόνουν
896 1730 983 1784 ἐπ’
1011 1729 1168 1801 αὐτῇ,
1209 1730 1432 1800 ῆλεγξεν
1459 1731 1626 1801 αὑτὴν
1652 1730 1880 1801 ταχέως.

313 1815 449 1870 Ποία
475 1814 584 1885 γάρ
614 1814 796 1883 σοφία,
841 1814 969 1867 ὅταν
1004 1813 1067 1866 τὸ
1097 1813 1388 1881 κεφάλαιον
1418 1810 1523 1865 τῶν
1557 1811 1779 1881 ἀγαθῶν
1809 1811 1885 1884 μὴ

312 1894 570 1964 εὑρίσκῃ;
630 1893 883 1963 Ἐποίησε
934 1892 1115 1946 τοίνυν
1159 1889 1392 1960 φανῆναι
1440 1890 1652 1961 μωράν,
1697 1890 1884 1961 ἐπειδὴ

313 1973 513 2042 ἑαυτὴν
537 1971 720 2039 ἐκείνη
743 1971 934 2042 πρώτη
972 1969 1218 2041 ἤλεγξεν.
1255 1973 1317 2024 Εἰ
1349 1971 1460 2042 γὰρ
1485 1971 1574 2023 ὅτε
1603 1970 1886 2040 λογισμοῖς

311 2054 380 2129 ἦν
412 2059 611 2129 εὑρεῖν,
648 2055 799 2110 οὐδὲν
834 2055 1022 2120 ἔδειξε,
1065 2054 1160 2109 νῦν
1187 2055 1276 2108 ὅτε
1309 2053 1528 2124 μείζονα
1559 2054 1784 2126 φέρεται
1817 2053 1887 2107 τά

313 2137 636 2206 πράγματα.
674 2133 793 2197 πῶς
827 2135 1021 2188 ἀνῦσαί
1069 2151 1122 2187 τι
1170 2133 1480 2204 δυνήσεται,
1525 2133 1614 2186 ὅτε
1655 2132 1886 2196 πίστεως

313 2220 476 2291 χρεία
512 2219 698 2289 μόνης,
729 2218 967 2288 καὶοὺχί
988 2217 1319 2286 δεινότητος;
1357 2215 1565 2286 Μωράν
1589 2215 1767 2270 τοίνυν
1789 2216 1889 2268 αὑ-

313 2301 410 2372 τὴν
449 2300 649 2364 ἔδειξεν
676 2301 704 2354 6
737 2300 899 2363 Θεός·
937 2299 1204 2369 ηὑδόκησε
1225 2297 1281 2351 δὲ
1308 2297 1396 2350 διά
1420 2297 1518 2367 τῆς
1550 2298 1762 2371 μωρίας
1792 2297 1884 2352 τοῦ

315 2378 669 2451 κηρύγματος
701 2375 894 2441 σῶσαι,
925 2376 1136 2447 μωρίας
1163 2376 1221 2429 δὲ
1257 2375 1379 2445 οὐχὶ
1407 2375 1507 2446 τῆς
1535 2373 1723 2446 οῦσης,
1752 2375 1887 2430 ἀλλά

314 2457 414 2528 τῆς
455 2453 595 2510 εἶναι
624 2454 904 2526 δοκούσης.
947 2456 1020 2509 T6
1053 2454 1160 2526 γάρ
1190 2454 1371 2526 μεῖζον
1406 2455 1565 2508 τοῦτό
1593 2457 1762 2521 ἐστιν,
1803 2457 1887 2510 ὃτι

313 2541 413 2611 οὐχ
437 2540 630 2610 ἑτέραν
669 2540 862 2607 σοφίαν
895 2538 1148 2609 τοιαύτην
1173 2538 1389 2609 ἐκείνης
1415 2537 1636 2593 πλείονα
1671 2541 1888 2606 εἰσαγαο

315 2621 448 2690 γὼν,
473 2621 612 2676 ἀλλά
645 2623 746 2692 τὴν
776 2620 1034 2675 δοκοῦσαν
1058 2615 1198 2674 εἰναι
1231 2621 1462 2692 μωρίαν,
1499 2619 1642 2674 οῦτω
1675 2621 1888 2692 περιγέ-

314 2721 461 2774 γονε.
502 2707 612 2758 Καὶ
645 2704 752 2775 γάρ
804 2704 1067 2758 Πλάτωνα
1109 2702 1386 2768 ἐξέϐαλεν,
1430 2703 1553 2773 οὑχί
1595 2703 1662 2755 δι’
1698 2703 1885 2774 ἐτέρου

316 2787 606 2858 φιλοσόφου
637 2787 970 2858 σοφωτέρου,
1000 2785 1136 2840 ἀλλὰ
1156 2785 1246 2839 διά
1272 2785 1467 2850 ἁλιέως
1491 2784 1757 2856 ἀμαθοῦς.
1788 2785 1888 2838 06-

315 2890 392 2926 τω
423 2873 531 2944 γὰρ
572 2871 757 2940 γέγονε
792 2871 996 2941 μείζων
1039 2872 1072 2940 ἡ
1115 2865 1274 2940 ἧττα,
1315 2869 1413 2923 καὶ
1457 2869 1811 2941 λαμπροτέρα
1849 2871 1883 2940 ὴ

314 2955 460 3026 νίκη.
497 2950 630 3008 Εἶτα
667 2955 883 3018 δεικνὺς
908 2953 1001 3008 τοῦ
1030 2952 1263 3023 σταυροῦ
1289 2953 1388 3025 τὴν
1417 2953 1666 3024 δύναμιν,
1691 2954 1884 3024 φησίν

327 3040 566 3108 Ἐπειδὴ
594 3038 690 3093 καὶ
711 3042 766 3094 οἰ
813 3038 1080 3095 Ἰουδαῖοι
1107 3037 1325 3106 σημεῖα
1352 3037 1609 3101 αἰτοῦσι,
1631 3039 1729 3092 καί
1758 3039 1890 3091 Ἔλ-

312 3129 498 3190 ληνες
545 3126 770 3193 σοφίαν
814 3123 1093 3190 ζητοῦσιν
1117 3138 1132 3153 '
1167 3123 1337 3190 ἡμεῖς
1382 3120 1452 3175 δὲ
1501 3122 1890 3189 κηρύσσομεν

313 3208 575 3275 Χριστὸν
603 3204 1078 3274 ἐσταυρωμένον,
1123 3204 1428 3270 Ἰουδαίοις
1466 3205 1583 3273 μὲν
1622 3203 1888 3258 σκιίνδα⁹

315 3295 448 3353 λον,
478 3291 736 3357 Ἕλλησι
783 3289 852 3342 δὲ
875 3290 1126 3356 μωρίαν,
1155 3287 1360 3354 αὐτοῖς
1385 3287 1453 3340 δὲ
1481 3287 1605 3352 τοῖς
1644 3287 1890 3353 κλητοῖς

329 3373 639 3438 Ἰουδαίοις
668 3389 729 3426 τε
752 3371 850 3424 καὶ
877 3372 1132 3439 Ἕλλησι
1167 3371 1423 3439 Χριστὸν
1455 3369 1602 3424 Θεοῦ
1633 3369 1890 3440 δύναμιν

316 3457 414 3510 καί
453 3455 601 3509 Θεοῦ
625 3454 870 3523 σοφίαν.

385 3579 453 3641 7'.
490 3569 602 3643 [‘27]
633 3570 805 3642 Πολλὴ
829 3569 935 3623 τῶν
954 3569 1259 3640 εἰρημένων
1285 3571 1318 3640 ἡ
1353 3569 1584 3631 σύνεσις.
1608 3569 1761 3622 Θέλει
1783 3570 1892 3642 γάρ

318 3657 514 3720 εἰπεῖν,
539 3653 656 3717 πῶς
684 3653 772 3707 διά
798 3655 906 3706 τῶν
939 3656 1197 3708 ἐναντίων
1237 3656 1537 3728 ἐκράτησεν
1562 3657 1590 3708 6
1615 3655 1767 3720 Θεὸς,
1799 3657 1893 3708 καὶ

318 3737 436 3801 πῶς
462 3739 560 3790 οῦκ
590 3737 737 3788 ἐστιν
773 3735 1111 3804 ἀνθρώπινον
1135 3737 1194 3788 τὸ
1216 3740 1498 3807 κήρυγμα.
1545 3739 1609 3790 Ὃ
1629 3737 1685 3790 δέ
1724 3738 1890 3804 λέγει,

319 3819 556 3873 τοιοῦτόν
579 3819 750 3869 ἐστιν·
779 3817 948 3869 Ὅταν
979 3817 1248 3886 εἴπωμεν,
1274 3819 1456 3888 φησὶν,
1475 3819 1766 3880 Ἰουδαίοις,
1793 3821 1892 3869 Πι-

322 3902 603 3962 στεύσατε,
656 3899 923 3968 λέγουσιν,
981 3900 1342 3968 Ἀναστήσατε
1382 3901 1626 3970 νεκροὺς,
1668 3900 1892 3953 ἰάσασθε

319 3983 722 4054 δαιμονῶντας,
772 3979 981 4044 δείξατε
1021 3983 1152 4052 ἡμῖν
1195 3985 1415 4051 σημεῖα.
1469 3984 1656 4053 Ἡμεῖς
1682 3984 1738 4036 δὲ
1771 3984 1893 4036 ἀντὶ

319 4067 525 4122 τούτων
552 4066 606 4119 τί
651 4064 879 4134 λέγομεν
905 4083 920 4131 ;
954 4067 1075 4118 Ὀτι
1105 4064 1426 4136 ἐσταυριῦοη
1447 4067 1543 4118 καὶ
1563 4066 1832 4119 ἀπέθανεν
1861 4068 1890 4119 6

323 4149 741 4221 κηρυττόμενος.
761 4146 929 4200 Τοῦτο
961 4147 1018 4200 δὲ
1053 4148 1234 4201 ἱκανὸν
1255 4149 1314 4200 οὑ
1342 4149 1501 4218 μόνον
1522 4151 1648 4212 τοὺς
1671 4152 1744 4220 μὴ
1769 4149 1890 4218 βου-

321 4233 580 4304 λομένους
605 4231 679 4304 μὴ
711 4230 1054 4300 ἐφέλκεσθαι,
1089 4231 1224 4284 ἀλλά
1255 4232 1348 4284 καὶ
1378 4232 1501 4295 τοὺς
1531 4231 1890 4301 βουλομένους

321 4315 785 4386 διακρούσασθαιο
840 4314 954 4368 ἀλλ’
1004 4315 1152 4384 ὅμως
1204 4315 1265 4366 ού
1323 4315 1700 4387 διακρούεται,
1757 4317 1891 4371 ἀλλά

321 4401 608 4470 ἐφέλκεται
635 4401 728 4454 καὶ
749 4402 943 4470 κρατεῖ
970 4400 1062 4452 καὶ
1093 4399 1453 4469 περιγίνεται.
1486 4400 1654 4456 Πάλιν
1691 4403 1892 4472 ’Έλλη-

321 4503 410 4549 νες
442 4484 763 4539 ἀπαιτοῦσιν
798 4485 942 4553 ἡμᾶς
974 4484 1260 4554 ῥητορείαν
1287 4485 1460 4554 λόγων
1492 4487 1585 4538 καὶ
1611 4487 1891 4557 δεινότητα

323 4568 672 4637 σοφισμάτων
693 4583 705 4596 ο
739 4568 900 4635 ἡμεῖς
927 4565 982 4619 δὲ
1007 4567 1100 4619 καὶ
1127 4565 1335 4630 τούτοις
1373 4569 1605 4638 σταυρὸν
1636 4569 1892 4638 κηρύττο-

325 4669 423 4723 μεν
445 4668 458 4682 ο
491 4650 583 4703 καὶ
622 4649 759 4716 ὅπερ
785 4649 878 4700 ἐπί
922 4649 1190 4702 Ἰουδαίων
1231 4649 1379 4704 δοκεῖ
1423 4650 1705 4714 ἀσθενείας
1729 4649 1889 4715 εἰναι,

321 4734 478 4795 τοῦτο
503 4735 595 4787 ἐπὶ
637 4733 906 4803 Ἑλλήνιον
942 4734 1138 4804 μωρία.
1193 4734 1363 4788 Ὅταν
1402 4731 1492 4788 οὖν
1528 4736 1602 4806 μὴ
1651 4737 1810 4806 μόνον
1857 4737 1893 4792 ἃ

321 4819 533 4874 αἰτοῦσι
559 4818 634 4888 μὴ
669 4817 1017 4887 παρέχωμεν,
1063 4817 1197 4870 άλλά
1246 4819 1338 4870 καὶ
1367 4819 1584 4872 ἐναντία
1613 4813 1686 4873 ὧν
1719 4821 1895 4874 αἰτοῦ-

324 4919 407 4954 σιν
427 4917 442 4932 ·
471 4904 499 4954 6
524 4901 632 4971 γὰρ
661 4900 891 4969 σταυρὸς
927 4900 987 4952 ού
1019 4899 1178 4969 μόνον
1208 4900 1268 4952 ού
1308 4901 1456 4953 δοκεῖ
1489 4907 1710 4973 σημεῖον
1753 4899 1892 4958 εἶναι

323 4985 462 5038 κατά
484 4985 740 5056 λογισμὸν
766 4984 1168 5052 ἐξεταζόμενον,
1205 4985 1339 5037 άλλά
1366 4987 1459 5038 καὶ
1484 4989 1710 5055 σημείου
1737 4991 1888 5042 άναῖ-

325 5087 507 5142 ρεσις·
536 5071 631 5124 καὶ
680 5070 740 5122 οὑ
784 5069 942 5139 μόνον
979 5070 1038 5122 ού
1083 5069 1230 5122 δοκεῖ
1269 5069 1550 5140 δυνάμεως
1598 5071 1890 5137 ἀπόδειξις,

323 5151 459 5206 ἀλλά
482 5152 578 5206 καὶ
619 5152 900 5216 ἀσθενείας
929 5153 1149 5222 ἔλεγχος
1179 5167 1192 5181 ·
1230 5153 1289 5205 οὐ
1326 5153 1484 5222 μόνον
1528 5154 1588 5206 οῦ
1629 5155 1777 5208 δοκεῖ
1817 5172 1893 5207 σου

324 5237 451 5305 φίας
477 5235 734 5301 ἐπίδειξις
754 5229 915 5299 εἶναι,
939 5235 1075 5288 ἀλλά
1098 5236 1193 5288 καὶ
1216 5237 1424 5307 μωρίας
1446 5237 1707 5308 ὑπόληψις
1728 5254 1740 5265 “
1766 5239 1894 5290 ὅταν

319 5316 412 5373 οῦν
456 5320 506 5372 οἰ
540 5321 741 5389 σημεῖα
795 5319 889 5371 καὶ
937 5319 1128 5387 σοφίαν
1174 5317 1462 5388 ζητοῦντες
1497 5320 1570 5391 μὴ
1619 5323 1777 5391 μόνον
1819 5321 1892 5392 μὴ

321 5402 667 5473 λαμϐάνωσιν
698 5400 840 5470 ἅπερ
879 5401 1144 5459 αἰτοῦσιν.
1190 5401 1325 5454 ἀλλά
1355 5404 1448 5455 καὶ
1479 5403 1546 5454 τά
1581 5405 1795 5457 ἐναντία
1819 5399 1892 5456 ὧν

322 5484 676 5556 ἐπιθυμοῦσιν
694 5482 984 5546 ἀκούωσιν,
1005 5479 1122 5535 εἶτα
1139 5483 1228 5537 διὰ
1251 5486 1357 5536 τῶν
1382 5486 1636 5538 ἐναντίων
1659 5487 1891 5539 πείθων-

319 5585 431 5632 ται,
467 5567 582 5632 πῶς
605 5568 706 5620 οὐκ
750 5565 955 5635 ἄφατός
1000 5568 1146 5621 ἐστιν
1176 5567 1208 5637 ἡ
1241 5566 1332 5620 τοῦ
1368 5568 1770 5638 κηρυττομένου
1809 5570 1892 5624 δύο

320 5667 482 5720 ναμις
505 5669 522 5718 ς

393 5797 603 5867 Ὥσπερ
632 5796 696 5850 ἂν
734 5798 789 5849 εἴ
825 5815 930 5850 τινι
965 5798 1070 5850 τῶν
1102 5797 1579 5870 κλυδωνιζομένων
1617 5802 1708 5852 καὶ
1739 5800 1894 5872 λιμέ-

321 5898 407 5948 νος
436 5881 844 5952 ἐπιθυμούντων
877 5884 952 5956 μὴ
983 5883 1175 5955 λιμένα
1207 5883 1406 5952 δείξας,
1435 5885 1550 5943 ἀλλ’
1580 5886 1767 5958 ἕτερον
1796 5887 1892 5958 μέ-

1985 421 2076 474 ρος
2124 405 2219 458 τοῦ
2277 406 2546 474 πελάγους
2589 407 2940 478 ἀγριώτερον,
2992 406 3224 476 δυνηθῇς
3275 403 3492 474 ποιῆσαι
3522 416 3550 447 ε

1983 488 2123 558 μετά
2151 489 2371 560 χάριτος
2392 490 2618 544 ἕπεσθαι
2637 505 2650 518 ⁸
2703 490 2737 562 ἢ
2771 491 2952 558 ἰατρὸς
2979 489 3068 542 τὸν
3094 487 3432 560 τετρωμένον
3460 487 3556 542 καὶ

1980 571 2288 640 φαρμάκων
2321 571 2692 640 ἐπιθυμοῦντα
2724 572 2798 643 μὴ
2827 571 2915 626 διὰ
2943 571 3270 641 φαρμάκων,
3304 569 3440 624 ἀλλά
3465 568 3554 622 διά

1974 653 2068 704 τοῦ
2099 653 2278 708 καίειν
2311 655 2475 708 πάλιν
2498 653 2965 724 ἐπαγγελλόμενος
2993 653 3119 724 ὑγιῆ
3159 655 3353 716 ποιεῖν,
3392 653 3552 722 ἐφέλο

1977 750 2124 788 κοιτο
2154 736 2290 804 πρὸς
2313 736 2500 790 ἐαυτὸν
2517 737 2782 807 (μεγάλης
2807 737 2913 806 γὰρ
2937 735 3096 788 τοῦτο
3113 733 3413 804 δυνάμεως)
3430 750 3444 762 ·
3461 733 3555 788 οῦ⁴

1975 833 2054 870 τω
2077 818 2170 870 καὶ
2201 820 2249 871 οί
2274 819 2560 872 ἀπόστολοι
2583 821 2642 872 οὐ
2678 819 2837 888 μόνον
2869 820 2928 872 ού
2965 819 2994 858 δ
3023 817 3110 871 διὰ
3139 817 3386 887 σημείου,
3417 817 3553 871 ἀλλὰ

1977 899 2070 952 καὶ
2098 899 2185 953 διά
2211 901 2533 972 πράγματος
2557 901 2839 965 δοκοῦντος
2865 901 3111 955 ἐναντίου
3138 895 3278 955 εἶναι
3310 903 3420 964 τοῖς
3452 917 3551 970 σηο

1981 979 2154 1049 μείοις
2187 983 2586 1052 περιεγένοντο⁶
2620 985 2758 1055 ὅπερ
2788 985 2882 1038 καὶ
2926 984 3018 1037 ἐπὶ
3066 982 3160 1036 τοῦ
3205 981 3406 1050 τυφλοῦ
3450 999 3553 1035 πε-

1980 1063 2204 1134 ποίηκεν
2233 1067 2262 1117 6
2295 1066 2547 1136 Χριστός.
2580 1067 2912 1137 Βουλόμενος
2948 1067 3057 1136 γάρ
3101 1066 3260 1120 αὑτὸν
3289 1064 3557 1136 θεραπεῦ-

1981 1163 2093 1210 σαι,
2118 1147 2206 1201 διὰ
2228 1148 2550 1219 πράγματος
2576 1150 2934 1213 ἐπιτείνοντος
2960 1149 3057 1220 τὴν
3079 1150 3326 1219 πήρωσιν
3356 1147 3552 1200 ἀνεῖλε⁶

1979 1230 2149 1302 πηλὸν
2181 1230 2288 1301 γάρ
2322 1231 2612 1302 ἐπέθηκεν.
2651 1233 2862 1304 Ὠσπερ
2889 1227 2983 1286 οῦν
3011 1231 3099 1285 διὰ
3127 1231 3300 1300 πηλοῦ
3336 1228 3426 1284 τὸν
3458 1248 3558 1283 τυ-

1982 1313 2110 1382 φλδν
2158 1313 2543 1385 ἐθεράπευσεν,
2600 1313 2742 1368 οῦτω
2789 1315 2884 1368 καὶ
2943 1313 3042 1384 τὴν
3091 1314 3417 1384 οἰκουμένην
3468 1309 3561 1364 διά

1982 1395 2216 1467 σταυροῦ
2249 1398 2650 1468 προσηγάγετοο
2673 1399 2806 1468 ὅπερ
2828 1397 3114 1469 προσθήκη
3141 1393 3208 1468 ἦν
3239 1395 3558 1458 σκανδάλου,

1980 1478 2080 1530 οὑκ
2113 1479 2390 1549 ἀναίρεσις
2425 1479 2740 1533 σκανδάλου.
2773 1479 2928 1533 Οῦτω
2957 1479 3050 1533 καὶ
3081 1480 3174 1533 ἐπὶ
3200 1479 3300 1549 τῆς
3330 1478 3562 1540 κτίσεως

1981 1560 2224 1632 ἐποίησε,
2254 1561 2324 1615 τά
2347 1563 2565 1616 ἐναντία
2589 1562 2677 1616 διὰ
2699 1562 2806 1615 τῶν
2834 1563 3090 1616 ἐναντίων
3114 1560 3556 1624 κατασκευάζων.

1981 1644 2212 1714 Ψάμμῳ
2243 1643 2375 1711 γοῦν
2408 1644 2681 1698 θάλασσαν
2701 1645 2956 1716 ἐτείχισε,
2986 1645 3066 1715 τῷ
3091 1645 3309 1698 ἀσθενεῖ
3325 1644 3386 1697 τὸ
3409 1645 3559 1712 ἰσχυο

1984 1725 2077 1796 ρδν
2123 1725 2446 1796 χαλινώσας·
2484 1727 2638 1780 ῦδατι
2689 1729 2792 1797 γῆν
2825 1727 3082 1798 ἐπέθηκε,
3114 1726 3192 1796 τῷ
3231 1726 3415 1797 χαύνῳ
3465 1724 3565 1780 καὶ

1981 1807 2288 1881 διαρῤἐοντι
2334 1809 2395 1862 τὸ
2425 1808 2564 1881 βαρὺ
2624 1810 2719 1862 καὶ
2760 1809 2963 1864 πυκνὸν
3016 1809 3333 1879 ἐποχεῖσθαι
3382 1825 3564 1879 παρα-

1985 1890 2277 1953 σκευάσας.
2309 1889 2408 1944 Διά
2445 1891 2553 1944 τῶν
2583 1892 2877 1963 προφητῶν
2904 1890 3070 1945 πάλιν
3092 1891 3234 1960 ξύλῳ
3271 1890 3454 1962 μικρῷ
3486 1889 3571 1943 σίου

1981 1973 2144 2044 δηρον
2175 1972 2562 2043 ἐμετεώρισεν.
2597 1973 2752 2027 Οῦτω
2779 1975 2844 2047 δὴ
2875 1975 2968 2029 καὶ
2999 1974 3217 2045 σταυρῷ
3250 1976 3349 2045 τὴν
3379 1977 3560 2028 οἰκου-

1987 2056 2154 2128 μένην
2188 2057 2556 2111 ἐπεσπάσατο.
2590 2057 2802 2129 Ὥσπερ
2851 2058 2960 2128 γάρ
3009 2059 3070 2111 τὸ
3123 2057 3267 2129 ὕδωρ
3307 2055 3566 2128 βαστάζει

1983 2140 2082 2208 τὴν
2103 2142 2225 2210 γῆν,
2258 2137 2402 2192 οῦτω
2431 2139 2524 2194 καὶ
2561 2141 2590 2192 6
2620 2139 2852 2210 σταυρὸς
2881 2139 3140 2210 βαστάζει
3181 2139 3280 2211 τὴν
3305 2140 3568 2210 οἰκουμέ-

1983 2239 2102 2294 νην.
2136 2221 2397 2291 Μεγάλης
2427 2222 2606 2278 τοίνυν
2636 2223 2917 2293 δυνάμεως
2942 2224 3035 2278 καὶ
3065 2223 3256 2292 σοφίας
3291 2223 3568 2289 ἀπόδειξις

1982 2305 2044 2358 τὸ
2093 2305 2182 2358 διά
2221 2305 2332 2358 τῶν
2381 2306 2638 2360 ἐναντίων
2698 2306 2926 2361 πείθειν.
2973 2306 3086 2360 Καὶ
3128 2305 3238 2376 γάρ
3267 2305 3568 2359 σκανδάλου

1984 2392 2221 2462 πρᾶγμα
2248 2392 2277 2444 6
2307 2390 2538 2462 σταυρὸς
2562 2385 2702 2444 εἰναι
2729 2389 2896 2457 δοκεῖ,
2925 2389 3040 2443 ἀλλ’
3061 2391 3208 2460 ὅμως
3234 2390 3293 2443 οὑ
3322 2388 3481 2460 μόνον
3503 2389 3569 2441 οὐ

1986 2471 2346 2538 σκανδαλίζει,
2382 2473 2518 2526 ἀλλά
2560 2473 2655 2527 καὶ
2685 2471 2990 2542 ἐφέλκεται.
3017 2471 3182 2525 Ταῦτ’
3219 2467 3311 2525 οῦν
3351 2471 3567 2525 ἅπαντα

1985 2558 2244 2628 ἐννοήσας
2297 2559 2326 2611 6
2376 2557 2587 2620 Παῦλος
2619 2558 2714 2610 καὶ
2746 2557 3062 2625 ἐκπλαγεὶς.
3109 2556 3317 2623 ἔλεγεν,
3375 2555 3458 2608 ὅτι
3493 2555 3564 2608 Τὸ

1980 2641 2183 2709 μωρὸν
2215 2640 2322 2694 τοῦ
2354 2640 2503 2695 Θεοῦ
2533 2640 2879 2710 σοφώτερον
2907 2639 3027 2694 τῶν
3052 2639 3377 2707 ἀνθρώπων
3411 2637 3563 2702 ἐστὶ,

1985 2723 2233 2796 [Ξ81καί
2271 2723 2337 2777 τὸ
2383 2724 2641 2791 ἀσθενὲς
2683 2723 2788 2778 τοῦ
2827 2723 2976 2778 Θεοῦ
3021 2722 3411 2792 ἰσχυρότερον
3449 2720 3568 2774 τῶν

1985 2807 2315 2876 ἀνθρώπων
2342 2809 2493 2862 ἐστί·
2525 2809 2652 2878 περί
2681 2806 2774 2862 τοῦ
2812 2805 3046 2878 σταυροῦ
3087 2806 3259 2876 λέγων
3293 2807 3352 2860 τὸ
3385 2807 3572 2879 μωρὸν

1985 2891 2080 2944 καὶ
2118 2891 2180 2944 τὸ
2212 2890 2460 2955 ἀσθενὲς,
2491 2890 2552 2944 οὐ
2579 2891 2641 2944 τδ
2669 2889 2751 2955 δν,
2779 2889 2918 2944 ἀλλά
2960 2891 3020 2943 τὸ
3043 2887 3252 2943 δοκοῦνο
3290 2889 3428 2960 πρὸς
3459 2889 3570 2960 γάρ

1984 2972 2081 3043 τὴν
2112 2972 2335 3027 ἐκείνων
2362 2972 2632 3043 ὑπόληψιν
2659 2972 3035 3044 ἀποκρίνεται.
3067 2973 3131 3025 Ὃ
3159 2971 3267 3042 γάρ
3289 2973 3391 3025 οὐκ
3417 2972 3569 3043 ἴσχυ-

1987 3072 2086 3109 σαν
2119 3055 2399 3124 φιλόσοφοι
2441 3055 2530 3108 διά
2565 3054 2673 3107 τῶν
2707 3053 3080 3125 συλλογισμῶν
3129 3055 3371 3126 ποιῆσαι,
3411 3053 3572 3107 τοῦτο

1985 3141 2018 3209 ἡ
2041 3138 2272 3192 δοκοῦσα
2299 3133 2438 3190 εἰναι
2475 3137 2654 3208 μωρία
2691 3136 3020 3211 κατώρθωσε
3045 3155 3060 3202 ;
3092 3137 3189 3200 Τίς
3211 3134 3303 3191 οῦν
3334 3136 3569 3206 σοφώτε-

1985 3240 2177 3294 τερος;
2219 3224 2246 3275 6
2273 3223 2396 3285 τοὺς
2432 3221 2662 3283 πολλοὺς
2710 3221 2933 3286 πείθων,
2961 3221 2994 3292 ἦ
3026 3223 3054 3274 6
3088 3220 3324 3290 ὀλίγους,
3369 3219 3572 3291 μᾶλλον

1987 3305 2041 3358 δὲ
2090 3304 2312 3368 οὐδένας
2341 3304 2368 3355 6
2399 3303 2662 3374 περὶτῶν
2700 3303 2970 3373 μεγίστων
3013 3303 3236 3369 πείθων,
3288 3304 3321 3375 ἢ
3366 3305 3394 3356 6
3441 3302 3570 3375 περὶ¹

1987 3387 2095 3439 τῶν
2132 3386 2206 3457 μὴ
2235 3385 2462 3440 δεόντων
2490 3396 2551 3452 c;
2584 3387 2733 3439 Πόσα
2767 3385 2940 3456 ἔκαμε
2985 3385 3210 3440 Πλάτων
3237 3387 3330 3440 καὶ
3360 3385 3409 3437 οἰ
3448 3383 3572 3437 κατ’

1989 3471 2152 3523 αὑτὸν
2201 3469 2330 3540 περὶ
2383 3470 2650 3540 γραμμῆς
2695 3463 3030 3539 καῖ’γωνίας
3075 3471 3170 3522 καὶ
3203 3467 3436 3537 στιγμῆς
3477 3467 3572 3518 καὶ

1990 3553 2242 3623 ἀριθμῶν
2283 3552 2486 3624 ἀρτίων
2546 3553 2640 3607 καὶ
2690 3555 2981 3624 περιττῶν,
3011 3552 3106 3606 καὶ
3145 3553 3274 3605 ἴσων
3319 3549 3571 3618 ἀλλήλοις

1991 3641 2084 3692 καὶ
2133 3639 2355 3697 ἀνίσων,
2396 3637 2491 3691 καὶ
2541 3637 2647 3692 τῶν
2697 3637 2957 3690 τοιούτων
3005 3634 3382 3702 διαλεγόμενος
3435 3633 3571 3700 ἡμῖν

1991 3721 2263 3792 ἀραχνίων
2282 3721 2398 3790 (καὶ
2421 3721 2527 3792 γὰρ
2556 3719 2663 3772 τῶν
2689 3720 3024 3788 ὑφασμάτων
3053 3716 3276 3768 ἐκείνων
3300 3714 3571 3785 ἀχρηστό-

1990 3821 2123 3874 τερα
2151 3803 2322 3855 ταῦτα
2344 3803 2421 3872 τῷ
2453 3802 2595 3871 βίῳ),
2624 3803 2717 3854 καὶ
2745 3801 2806 3852 ού
2845 3800 3038 3869 μέγαν,
3070 3799 3130 3850 οὐ
3169 3797 3363 3868 μικρὸν
3389 3797 3571 3850 ἐντεῦ-

1992 3888 2082 3938 θεν
2115 3886 2401 3954 ὠφελήσας
2434 3885 2574 3936 οῦτω
2620 3883 2713 3935 τὸν
2745 3882 2858 3952 βίον
2887 3882 3182 3935 κατέλυσεί
3217 3881 3357 3935 πόσα
3395 3881 3568 3950 ἔκαμε

1989 3969 2163 4034 δεῖξαι
2187 3967 2480 4037 ἐπιχειρῶν
2507 3967 2583 4028 ὡς
2611 3965 2930 4035 ἀθάνατοςή
2966 3964 3133 4035 ψυχὴ,
3169 3965 3260 4018 καί
3289 3963 3437 4016 οὐδὲν
3469 3981 3567 4016 σα-

1993 4051 2090 4118 φὲς
2132 4049 2324 4113 εἰπὼν,
2375 4048 2494 4101 οὐδέ
2525 4048 2719 4110 πείσας
2761 4047 2881 4101 τινὰ
2915 4047 3024 4100 τῶν
3064 4047 3367 4102 ἀκουόντων
3395 4045 3571 4108 οῦτως

1990 4134 2232 4204 ἀπῆλθεν
2257 4137 2269 4187 !
2314 4134 2370 4186 '0
2398 4133 2453 4185 δὲ
2482 4134 2713 4204 σταυρὸς
2752 4131 2840 4186 διὰ
2866 4132 3089 4187 ἰδιωτῶν
3110 4131 3315 4194 ἔπεισε,
3353 4129 3446 4183 καὶ
3469 4129 3570 4197 τὴν

1989 4219 2314 4290 οίκουμένην
2335 4218 2553 4272 ἃπασαν
2586 4217 2937 4272 ἐπεσπάσατο
2961 4217 3009 4278 h,
3035 4217 3130 4269 καὶ
3153 4217 3251 4285 οὑχ
3281 4213 3419 4284 ὑπὲρ
3459 4212 3566 4266 τῶν

1989 4301 2260 4372 τυχόντων
2291 4302 2652 4373 πραγμάτων,
2681 4301 2815 4354 ἀλλά
2845 4301 2971 4370 περὶ
2993 4299 3126 4352 Θεοῦ
3148 4297 3445 4368 διαλεχθεὶς
3472 4297 3568 4349 καὶ

1988 4389 2088 4456 τῆς
2120 4386 2260 4439 κατά
2288 4386 2546 4455 ἀλήθειαν
2585 4384 2886 4447 εὐσεϐείας,
2937 4382 3032 4435 καὶ
3068 4383 3167 4451 τῆς
3209 4379 3568 4447 εὐαγγελικῆς

1991 4471 2284 4532 πολιτείας,
2316 4471 2409 4522 καὶ
2440 4469 2539 4538 τῆς
2569 4468 2674 4520 τῶν
2707 4467 3006 4537 μελλόντων
3039 4465 3288 4536 κρίσεως·
3316 4465 3409 4517 καὶ
3434 4463 3566 4517 πάν-

1987 4569 2086 4615 τας
2119 4553 2341 4621 ὲποίησε
2382 4549 2725 4620 φιλοσόφους,
2752 4549 2878 4612 τοὺς
2923 4547 3231 4618 ἀγροίκους,
3260 4546 3384 4608 τοὺς
3422 4545 3564 4599 ἰδιώοτ

1987 4655 2105 4700 τας.
2135 4638 2275 4707 Ὅρα
2311 4637 2427 4698 πῶς
2472 4634 2534 4686 τὸ
2580 4633 2762 4705 μωρὸν
2810 4632 2904 4685 τοῦ
2934 4631 3068 4684 Θεοῦ
3113 4629 3418 4702 σοφώτερον
3459 4630 3569 4682 τῶν

1989 4719 2311 4790 ἀνθρώπων,
2345 4719 2440 4772 καὶ
2461 4720 2520 4770 τὸ
2550 4717 2774 4780 ἀσθενὲς
2805 4717 3168 4787 ἰσχυρότερον.
3201 4715 3322 4778 Πῶς
3351 4714 3566 4784 ἰσχυρό-

1989 4820 2184 4874 τερον;
2217 4805 2338 4856 ’Ὁτι
2365 4803 2463 4872 τὴν
2497 4801 2822 4871 οἰκουμένην
2860 4800 3166 4869 ἐπέδραμεν
3196 4798 3431 4859 ἃπασαν,
3475 4797 3568 4849 καὶ

1989 4886 2200 4939 πάντας
2226 4885 2366 4938 κατὰ
2393 4884 2592 4954 κράτος
2619 4878 2751 4949 εἷλε,
2785 4884 2880 4936 καὶ
2913 4881 3120 4953 μυρίων
3150 4881 3566 4950 ἐπιχειρούντων

1992 4971 2181 5024 σϐέσαι
2211 4970 2305 5023 τοῦ
2341 4969 2744 5039 σταυρωθέντος
2767 4969 2827 5020 τὸ
2845 4968 3037 5036 όνομα.
3065 4969 3368 5019 τούναντίον
3395 4965 3564 5031 ἐγένεο

1989 5071 2069 5106 το.
2104 5053 2273 5106 Τοῦτο
2304 5053 2402 5122 μὲν
2423 5053 2531 5122 γὰρ
2563 5053 2764 5122 ἤνθησε
2801 5053 2892 5104 καὶ
2931 5051 3200 5103 ἐπέδωκεν
3238 5051 3329 5101 ἐπὶ
3361 5045 3564 5117 μεῖζον,

1990 5138 2184 5189 ἐκεῖνοι
2212 5136 2264 5189 δὲ
2299 5135 2577 5188 ἀπώλοντο
2611 5137 2706 5188 καὶ
2737 5134 3132 5204 διεφθάρησαν,
3163 5132 3254 5186 καὶ
3284 5133 3332 5184 οἱ
3363 5129 3568 5195 ζῶντες

1989 5219 2068 5289 τῷ
2115 5219 2442 5290 νεκρωθέντι
2494 5217 2876 5287 πολεμοῦντες,
2923 5217 3072 5271 οὐδὲν
3127 5217 3371 5285 ἴσχυσαν.
3400 5214 3565 5267 Ὥστε

1991 5303 2208 5356 ἐπειδάν
2266 5304 2395 5374 εἴπῃ
2450 5319 2519 5374 με
2557 5302 2738 5373 μωρὸν
2790 5302 2818 5354 6
2858 5301 3079 5374 Ἕλλην,
3125 5300 3245 5352 τότε
3296 5299 3566 5351 δείκνυσιν

1991 5390 2180 5442 ἑαυτὸν
2211 5389 2330 5460 μεθ’
2364 5387 2671 5458 ὑπερϐολῆς
2702 5387 2902 5458 μωρόν
2932 5388 3059 5440 ὅταν
3081 5383 3190 5453 ἐγὼ
3215 5383 3564 5452 νομιζόμενος

1988 5469 2126 5525 εἶναι
2149 5473 2278 5541 παρ’
2308 5471 2456 5542 αὐτῷ
2483 5471 2684 5542 μωρὸς,
2713 5469 2805 5523 τοῦ
2833 5469 2996 5537 σοφοῦ
3027 5466 3300 5536 φαίνωμαι
3332 5466 3567 5534 σοφώτε-

1992 5572 2101 5619 ρος·
2129 5556 2256 5610 ὅταν
2283 5556 2382 5627 ἐμὲ
2409 5554 2612 5627 καλέσῃ
2640 5554 2862 5626 ἀσθενῆ,
2897 5555 3018 5608 τότε
3038 5551 3228 5606 ἐαυτὸν
3255 5551 3567 5604 άσθενέστε·

2052 5781 2076 5807 ⁴¹
2102 5778 2224 5839 Reg.
2248 5779 2443 5840 δυνηθῇς
2459 5779 2638 5840 πεῖσαι.
2683 5779 2731 5840 μιν
2751 5780 2923 5827 mra:
2944 5775 3017 5824 οὐ.
3098 5775 3122 5806 ⁸
3151 5773 3290 5840 Reg,
3313 5772 3407 5840 Tle
3445 5771 3562 5839 μηδὲ

1990 5840 2156 5907 ὄςιῖῳν,
2176 5831 2277 5887 Eon
2299 5831 2446 5907 προίξ.
2513 5839 2538 5880 δ
2551 5838 2813 5899 Leqcbalur
2834 5840 2992 5888 ἔπεισε
3009 5848 3072 5890 ea:
3089 5831 3461 5898 prwcédemibus
3487 5833 3575 5900 vi-_

1991 5899 2165 5952 deliret
2188 5899 2457 5965 repetitum.
3209 5929 3230 5965 ,ι
