3954 6130
359 250 429 303 33
1414 265 1480 320 IN
1518 267 1736 327 EPIST.
1776 271 1795 328 l
1853 272 1946 330 AD
1978 269 2136 325 COR.
2179 269 2405 325 IIOMIL.
2451 273 2536 325 IV.
3550 289 3619 340 3’.

355 367 792 436 praedicationem
836 384 1005 440 neque
1051 373 1264 440 sapiens
1312 377 1531 446 juvatur
1577 397 1604 437 a
1646 385 1930 458 sapientia,

356 473 533 524 neque
565 458 840 523 imperitus
871 461 1078 516 lmdi'ur
1115 463 1180 518 ab
1227 467 1543 536 ignorantia.
1574 472 1680 528 Sed
1721 477 1764 529 si
1806 480 1932 546 quid

356 560 608 617 oporteat
625 551 933 607 admirabile
948 555 1145 623 dicere,
1166 557 1428 627 imperitia
1450 561 1516 616 ad
1537 566 1932 634 suscipiendum

361 641 712 710 opportunior
744 651 797 694 et
846 641 1056 698 facilior
1100 655 1199 712 est,
1234 663 1390 716 quam
1437 653 1714 720 sapientia.
1750 655 1938 712 Pastor

363 731 505 788 enim
549 741 601 785 et
648 732 881 787 rusticus
909 733 1048 790 hanc
1113 738 1270 792 citius
1319 743 1608 812 suscipiet,
1660 747 1934 803 ratiocinia

362 824 745 892 comprimens,
777 834 832 879 et
877 826 1103 882 Domino
1125 845 1182 886 se
1205 831 1428 889 dedens.
1457 835 1549 890 Sic
1577 853 1705 908 ergo
1731 841 1821 894 ille
1851 857 1936 894 sa-

362 916 612 984 pientiam
647 917 896 985 perdidit.
926 921 1061 986 Quia
1090 923 1233 977 enim
1276 927 1421 993 prior
1448 930 1676 997 seipsam
1720 932 1934 1002 dejecit,

358 1005 423 1060 ad
449 1005 582 1060 nihil
613 1009 866 1078 deinceps
888 1010 1035 1066 utilis
1060 1022 1164 1069 est.
1183 1013 1315 1068 Cum
1347 1026 1620 1086 oporteret
1645 1024 1786 1076 enim
1813 1039 1931 1078 eam

359 1109 452 1149 sua
487 1097 724 1153 indicare
751 1108 806 1154 et
837 1115 933 1168 per
958 1116 1118 1170 opera
1152 1105 1317 1158 Deum
1350 1108 1554 1176 videre,
1587 1111 1777 1168 noluit.
1810 1115 1936 1169 ideo

359 1185 405 1240 si
436 1199 495 1240 se
515 1187 624 1254 jam
652 1189 908 1246 inducere
937 1193 1114 1257 vellet,
1149 1210 1255 1250 non
1305 1207 1509 1265 potest;
1542 1216 1646 1255 non
1676 1209 1816 1258 enim
1852 1223 1934 1263 res

357 1277 428 1333 ita
451 1292 510 1334 se
533 1279 762 1335 habent:
784 1283 897 1338 haec
917 1286 1060 1339 enim
1081 1287 1145 1339 ad
1169 1289 1526 1358 cognitionem
1555 1293 1644 1348 Dei
1668 1295 1754 1350 via
1781 1298 1936 1368 longe

359 1369 533 1436 major
561 1369 650 1423 illa
678 1381 780 1426 est.
814 1372 936 1428 Ideo
981 1373 1084 1429 fide
1113 1386 1166 1430 et
1196 1378 1537 1446 simplicitate
1565 1400 1700 1454 opus
1728 1397 1809 1441 est
1831 1405 1845 1440 :
1871 1390 1937 1443 il-

360 1459 463 1515 lam
507 1471 724 1530 oportet
761 1481 973 1536 semper
1009 1483 1253 1536 quaerere
1295 1481 1347 1524 et
1386 1482 1623 1529 externa:
1662 1479 1937 1546 sapientia:

354 1567 717 1628 anteponere;
746 1578 868 1618 nam
917 1565 1140 1621 Stultum
1169 1571 1284 1639 fecit
1313 1569 1472 1638 Deus,
1504 1574 1697 1644 inquit,
1729 1577 1934 1641 sapien-

356 1649 507 1706 tiam.
557 1649 693 1716 Quid
737 1663 817 1707 est
863 1664 1062 1721 autem,
1095 1657 1319 1712 Stultum
1361 1663 1514 1731 fecit?
1556 1663 1782 1719 Stultam
1812 1678 1932 1718 es-‘e

356 1741 599 1796 ostendit
648 1742 713 1796 ad
762 1743 921 1798 ﬁdem
979 1748 1556 1817 comprehendendam.
1607 1753 1739 1820 Quia
1786 1757 1926 1808 enim

352 1829 525 1883 altum
553 1831 831 1901 sapiebant
850 1834 920 1891 de
946 1833 1058 1905 illa,
1091 1839 1259 1906 ipsam
1287 1843 1396 1896 cito
1424 1845 1734 1898 confutavit.
1772 1847 1931 1911 Quat-

348 1934 475 1973 nam
500 1922 588 1975 illa
613 1925 893 1992 sapientia,
917 1943 1037 1994 quae
1057 1939 1222 1998 caput
1241 1931 1499 1988 bonorum
1523 1951 1626 1989 non
1650 1935 1937 1993 inveniat?

343 2023 538 2080 Ell'ccit
579 2023 759 2093 igitur;
794 2033 855 2082 ut
894 2026 984 2081 illa
1027 2029 1187 2080 stulta
1217 2034 1520 2095 appareret,
1565 2029 1685 2098 quia
1728 2028 1816 2083 illa
1861 2046 1922 2085 se

346 2116 572 2187 primam
612 2115 826 2170 refellit.
871 2116 926 2172 Si
956 2117 1098 2172 enim
1141 2118 1355 2188 quando
1392 2119 1686 2172 ratiociniis
1724 2117 1922 2172 licebat

343 2207 610 2274 invenire,
638 2207 772 2261 nihil
799 2207 1064 2264 ostendit:
1099 2223 1240 2264 nunc
1265 2224 1387 2263 cum
1413 2223 1501 2263 res
1531 2208 1776 2264 feruntur
1802 2224 1917 2262 ma-

342 2296 510 2367 jores,
539 2296 808 2367 quomodo
827 2297 1096 2368 quidpiam
1121 2299 1380 2368 perlicere
1405 2303 1620 2368 poterit,
1657 2314 1779 2354 cum
1806 2299 1920 2353 sola

345 2388 450 2443 ﬁde
496 2403 630 2459 Opus
673 2397 792 2456 est,
839 2405 944 2443 non
989 2389 1268 2445 facundia?
1311 2389 1538 2444 Stultam
1593 2405 1723 2460 ergo
1778 2390 1919 2443 illam

344 2481 580 2536 ostendit
611 2482 770 2537 Deus.
800 2481 1001 2536 Placuit
1028 2492 1204 2536 autem
1232 2483 1330 2553 ipsi
1357 2496 1450 2552 per
1479 2482 1753 2536 stultitiam
1784 2497 1922 2551 prie-

343 2571 627 2627 dicatiOnis
664 2573 890 2628 salutem
916 2573 1144 2636 donare;
1191 2574 1466 2628 stultitiam
1495 2589 1614 2643 qua:
1642 2588 1767 2627 vere
1811 2587 1917 2626 non

346 2665 471 2718 talis
501 2674 603 2729 est,
629 2663 720 2718 sed
751 2663 868 2719 talis
897 2680 1015 2719 esse
1038 2665 1262 2720 videtur.
1291 2665 1400 2720 lloc
1426 2681 1584 2735 porro
1611 2669 1787 2734 majus
1813 2674 1916 2732 est,

344 2754 490 2824 quod
523 2770 627 2808 non
663 2755 819 2808 aliam
845 2757 1155 2825 sapientiam
1186 2755 1270 2810 illa
1299 2755 1729 2812 excellentiorem
1757 2755 1918 2809 indu-

343 2862 495 2910 cens,
532 2862 624 2916 per
651 2861 790 2914 cam,
826 2862 944 2917 qua)
973 2848 1197 2903 stultitia
1222 2847 1501 2902 videbatur
1522 2862 1662 2911 esse,
1691 2863 1917 2918 supcra-

342 2943 438 2994 vit.
466 2939 740 2994 Platonem
781 2941 979 3010 quippe
1009 2941 1188 3010 cjecit,
1239 2954 1345 2994 non
1377 2955 1473 3011 per
1507 2941 1669 2995 alium
1699 2941 1917 3010 sapien-

344 3034 533 3087 tiorem
565 3032 964 3101 philoSOpltum,
1012 3032 1106 3086 sed
1137 3047 1230 3101 per
1275 3033 1513 3102 ignarum
1559 3033 1913 3101 piscatorem:

343 3123 416 3177 ita
445 3123 588 3178 enim
614 3131 669 3178 et
695 3121 868 3192 major
898 3121 1078 3176 clades
1113 3121 1209 3175 fttit
1235 3131 1289 3176 ct
1318 3122 1647 3191 splendidior
1674 3124 1912 3178 victoria.

344 3213 546 3266 Deinde
583 3213 758 3268 crucis
784 3213 1033 3266 virtutem
1069 3211 1361 3266 Ostendens
1390 3213 1463 3266 ait
1491 3230 1503 3265 :
1533 3212 1624 3266 22.
1660 3211 1913 3278 Quoniam

344 3313 388 3357 et
416 3303 585 3356 Judari
613 3305 760 3375 signa
795 3311 990 3373 petunt,
1031 3311 1079 3356 et
1122 3301 1284 3356 Graeci
1314 3302 1612 3371 sapientiam
1639 3314 1871 3371 quierunt
1895 3320 1913 3357 :

344 3395 434 3448 23.
465 3409 554 3447 nos
576 3405 736 3447 autem
754 3394 1086 3464 pratdicumus
1106 3392 1356 3446 Christum
1376 3393 1512 3446 cruci
1515 3393 1694 3460 ﬁxum,
1717 3393 1915 3448 ludatis

348 3484 547 3553 quidem
574 3483 886 3548 scandalum,
910 3484 1139 3554 gentibus
1159 3491 1324 3537 autem
1353 3484 1639 3550 stultitiam,
1667 3483 1756 3538 24.
1790 3485 1914 3553 ipsis

345 3585 513 3628 autem
540 3577 745 3639 vocatis,
777 3574 969 3629 Judteis
1001 3584 1048 3629 et
1076 3572 1283 3641 Graecis,
1330 3573 1586 3630 Christum
1631 3576 1724 3629 Dei
1765 3577 1916 3629 virtu-

341 3674 439 3719 tem
464 3675 510 3719 et
540 3663 638 3718 Dei
657 3665 972 3734 sapientium.

413 3757 464 3812 ’5.
506 3756 694 3826 Magna
737 3765 819 3810 est
850 3756 1111 3811 dictorum
1150 3755 1452 3826 prudentia.
1485 3755 1606 3811 \‘ult
1643 3756 1786 3810 enim
1827 3756 1911 3811 di-

342 3862 462 3902 cere
487 3847 756 3918 qnoutndo
785 3863 878 3916 per
906 3849 1171 3901 contraria
1197 3847 1324 3902 vicit
1376 3848 1536 3913 Deus,
1565 3857 1620 3902 et
1645 3849 1912 3916 quomodo

341 3940 650 4010 pra-dicatio
676 3955 779 3992 non
805 3939 876 3992 sit
917 3937 1168 3992 humana.
1218 3937 1332 3993 lloc
1357 3949 1534 3993 autem
1567 3939 1679 3991 vult
1704 3939 1909 4008 signifi-

341 4049 465 4087 care
490 4051 503 4084 :
529 4034 661 4085 Cum
686 4031 935 4097 dicimus,
968 4031 1158 4100 inquit,
1187 4029 1406 4097 Judzeis,
1430 4031 1658 4096 Credite,
1691 4046 1909 4100 respon-

337 4125 498 4188 dent,
529 4123 760 4176 lilortuos
790 4122 1070 4188 suscitate,
1098 4131 1283 4176 satiate
1313 4122 1693 4187 dmmoniacos,
1727 4133 1907 4178 osten-

337 4216 449 4268 dite
477 4213 628 4268 nobis
671 4214 839 4283 signa.
864 4211 971 4267 Nos
999 4222 1174 4266 autem
1203 4213 1330 4282 quid
1378 4214 1442 4266 ad
1489 4213 1601 4266 haec
1648 4213 1908 4268 dicimus?

335 4304 633 4360 Crucilixus
669 4314 722 4359 et
770 4312 1010 4358 mortuus
1060 4312 1139 4358 est
1185 4303 1228 4358 is
1270 4304 1361 4373 qui
1412 4303 1750 4373 pratdicatnr.
1797 4306 1909 4360 lloc

336 4411 461 4450 vero
490 4395 659 4466 possit
685 4412 789 4449 non
841 4393 1000 4450 modo
1027 4395 1274 4451 nolentes
1325 4409 1429 4450 non
1479 4395 1769 4459 attrahere,
1813 4394 1906 4449 sed

338 4489 494 4542 etiam
522 4487 763 4543 volentes
802 4487 1065 4558 repellere
1097 4503 1112 4542 :
1154 4497 1385 4544 attamen
1417 4504 1522 4543 non
1544 4488 1774 4558 repellit,
1813 4487 1906 4542 sed

336 4578 552 4634 attrahit
575 4585 631 4633 et
658 4578 861 4634 detinet
887 4587 943 4633 et
983 4579 1168 4634 vincit.
1199 4580 1423 4634 Rursum
1457 4579 1626 4634 Graeci
1672 4595 1702 4634 a
1751 4581 1904 4636 nobis

334 4670 551 4738 exigunt
573 4668 930 4739 eloquentiam
950 4678 1004 4724 et
1023 4670 1406 4740 SOphismatum
1428 4670 1765 4741 gravitatem.
1794 4669 1903 4725 Nos

329 4772 510 4817 autem
562 4759 646 4814 his
694 4774 907 4830 quoque
948 4774 1161 4815 crucem
1216 4761 1611 4830 pratdicamus:
1661 4770 1716 4816 et
1760 4761 1900 4831 quod

327 4855 533 4912 Iudaeis
595 4853 927 4909 imbecillitas
975 4869 1097 4909 esse
1142 4853 1372 4919 videtur,
1423 4855 1524 4907 hoc
1571 4853 1772 4908 Graecis
1820 4862 1905 4908 cst

323 4951 574 5005 stultitia.
605 4947 734 5003 Cum
760 4956 936 5002 autem
985 4948 1087 5002 illis
1132 4962 1233 5001 non
1277 4945 1435 4999 modo
1465 4960 1525 5000 ea
1558 4961 1676 5016 qure
1716 4955 1902 5015 petunt

321 5056 426 5096 non
458 5041 785 5111 praebemus,
827 5037 918 5093 sed
958 5040 1119 5092 etiam
1157 5037 1336 5106 petitis
1379 5038 1643 5090 contraria
1673 5037 1895 5101 damus;

320 5147 450 5185 crux
477 5130 622 5185 enim
656 5145 762 5182 non
808 5128 966 5182 modo
1006 5129 1212 5195 signum
1261 5143 1366 5180 non
1402 5127 1609 5180 videtur
1638 5142 1776 5190 esse,
1803 5127 1896 5180 sed

319 5225 504 5286 etiam,
525 5221 567 5275 si
593 5219 802 5276 ratione
823 5219 1172 5283 examinctur,
1197 5220 1332 5288 signi
1355 5217 1623 5286 ademptio
1645 5227 1857 5285 putatur
1882 5236 1895 5284 ;

320 5328 416 5369 nec
461 5311 627 5367 modo
680 5325 787 5366 non
834 5310 1046 5365 videtur
1090 5310 1297 5364 virtutis
1348 5309 1751 5374 demonstratio,
1800 5308 1896 5362 Sed

318 5407 476 5460 etiam
500 5403 884 5460 imbecillitatis
912 5412 1301 5470 argumentum,
1335 5416 1435 5456 nec
1477 5400 1634 5451 modo
1678 5416 1779 5453 non
1813 5416 1898 5452 εει-

321 5496 534 5568 pientis:
560 5495 817 5561 ostensio,
846 5491 944 5547 sed
984 5490 1143 5543 etiam
1186 5491 1422 5544 Stultitia:
1461 5490 1694 5557 suSpicio
1725 5509 1736 5543 :
1776 5506 1893 5542 cum

315 5606 440 5659 ergo
506 5589 656 5659 signa
706 5595 764 5643 et
811 5583 1132 5653 sapientiam
1179 5591 1508 5651 quzcrcntes,
1557 5596 1658 5634 non
1719 5581 1891 5634 solum

321 5695 418 5736 non
449 5680 716 5750 accipiant
743 5691 808 5734 ea
841 5689 962 5746 quae
995 5679 1198 5743 petunt,
1235 5673 1328 5728 sed
1357 5672 1621 5729 contraria
1673 5672 1736 5724 iis
1777 5687 1894 5739 qua:

2041 383 2346 438 desiderant
2374 385 2608 452 audiant,
2641 402 2702 441 ac
2729 387 2922 445 deinde
2954 406 3049 461 per
3076 398 3343 449 contraria
3394 415 3612 464 persua-

2037 474 2302 542 deautur;
2333 477 2604 546 quomodo
2633 495 2737 533 non
2763 480 3044 538 inellabilis
3069 484 3222 540 fuerit
3237 486 3355 556 ejus
3368 489 3459 557 qui
3475 505 3608 560 prre-

2037 567 2245 620 diCatur
2278 569 2483 623 virtus?

2109 657 2335 711 Christus
2396 677 2486 728 per
2553 665 2810 717 contraria
2871 666 3178 736 persuadet,
3230 672 3500 740 quomodo.
3544 701 3612 710 -—-

2037 748 2494 816 Quemadmodum
2544 754 2587 808 si
2630 755 2713 808 cui
2757 771 2974 824 eorum,
3007 761 3095 829 qui
3128 761 3371 815 ﬂuctibus
3408 768 3612 830 jactauo

2036 851 2122 895 tur
2151 852 2204 896 ct
2225 853 2432 912 portum
2454 844 2779 913 desiderant,
2809 863 2917 902 non
2948 853 3236 906 ostendens
3263 863 3492 922 portum,
3517 855 3611 908 sed

2033 934 2190 987 aliam
2225 935 2390 1005 pelagi
2441 947 2644 1005 partem
2694 941 2996 1010 saeviorem,
3038 959 3224 1013 posses
3271 948 3521 1012 cflicere,
3555 959 3612 1003 ut

2033 1024 2228 1091 gratias
2255 1039 2419 1094 agens
2455 1039 2801 1098 sequeretur;
2833 1032 2916 1086 vel
2948 1033 2992 1086 si
3027 1035 3266 1090 medicus
3291 1037 3525 1092 saucium
3558 1050 3611 1093 et

2032 1115 2419 1172 medicamenta
2449 1121 2772 1188 cupientem,
2805 1139 2908 1178 nou
2940 1124 3260 1194 pltarmacis,
3290 1131 3384 1184 sed
3417 1131 3608 1185 iterum

2032 1208 2236 1262 urendo
2275 1211 2531 1278 pollicens
2576 1229 2633 1268 sc
2670 1231 2860 1270 sanum
2913 1221 3240 1274 redditurum
3269 1239 3411 1289 esse,
3443 1227 3507 1276 ad
3549 1241 3610 1280 se

2033 1299 2181 1354 illum
2209 1304 2534 1371 attraltcret;
2577 1306 2679 1361 hoc
2725 1311 2867 1362 enim
2915 1326 3118 1381 magna:
3163 1315 3374 1368 virtutis
3417 1325 3604 1370 esset:

2030 1387 2103 1444 ita
2131 1401 2186 1445 et
2212 1394 2439 1461 apostoli
2473 1410 2576 1450 non
2609 1397 2769 1452 modo
2792 1415 2897 1453 non
2941 1415 3036 1470 per
3063 1403 3294 1473 signum,
3323 1404 3419 1460 sed
3446 1409 3606 1461 etiam

2030 1496 2126 1551 per
2169 1497 2304 1545 rem,
2335 1500 2454 1554 quae
2499 1487 2664 1556 signis
2692 1492 2960 1546 contraria
3004 1508 3126 1548 esse
3166 1495 3463 1563 videbatur,
3512 1513 3605 1552 su-

2029 1583 2367 1640 peraverunt.
2408 1576 2559 1645 Quod
2589 1579 2750 1633 etiam
2783 1582 2835 1635 in
2865 1598 3008 1638 caeco
3036 1583 3279 1642 Christus
3303 1587 3451 1643 fecit.
3470 1588 3604 1645 Cum

2029 1665 2190 1722 vellet
2231 1669 2373 1722 enim
2415 1671 2588 1739 ipsum
2631 1687 2841 1742 curare,
2872 1691 2968 1745 per
2999 1693 3111 1733 rem
3155 1695 3274 1750 qua:
3311 1682 3604 1737 caecitatem

2027 1766 2280 1827 augeret,
2331 1759 2472 1814 illam
2527 1764 2782 1830 sustulit;
2828 1782 2953 1820 nam
3002 1769 3173 1823 lutum
3220 1772 3490 1842 imposuit.
3536 1773 3606 1830 Ut

2025 1863 2156 1919 ergo
2184 1866 2279 1920 per
2319 1852 2485 1906 lutum
2514 1869 2716 1910 caecum
2745 1861 2974 1922 sanavit,
3003 1861 3079 1916 sic
3107 1862 3292 1918 orbem
3325 1872 3479 1919 terra:
3507 1881 3605 1936 per

2030 1954 2241 1997 crucem
2270 1943 2491 1998 adduxit
2520 1965 2532 2000 :
2569 1948 2618 2000 id
2652 1949 2793 2018 quod
2833 1952 3069 2007 scandali
3109 1955 3310 2011 additio
3335 1969 3470 2025 erat,
3498 1974 3605 2018 non

2024 2033 2258 2086 sublatio
2283 2036 2542 2092 scandali.
2587 2037 2676 2093 Sic
2706 2041 2866 2094 etiam
2913 2043 2965 2097 in
2991 2047 3261 2103 creatione
3302 2047 3445 2112 fecit,
3476 2066 3605 2106 cons

2026 2123 2186 2176 traria
2208 2127 2492 2181 contrariis
2517 2144 2805 2196 apparatis.
2830 2133 3004 2189 Arena
3025 2136 3222 2208 quippe
3243 2154 3390 2195 mare
3414 2141 3600 2210 cinxit,

2027 2213 2242 2270 infirmo
2287 2217 2521 2273 validum
2553 2219 2832 2276 refrenaus
2862 2241 2875 2279 :
2905 2240 3057 2294 aquae
3089 2236 3283 2284 terram
3329 2233 3599 2303 imposuit,

2023 2305 2169 2359 molli
2201 2316 2256 2362 et
2299 2309 2464 2365 lluido
2510 2311 2734 2367 densum
2788 2324 2843 2369 et
2889 2319 3120 2374 solidum
3167 2321 3468 2393 imponens.
3500 2327 3602 2382 Per

2023 2399 2311 2468 prophetas
2335 2418 2546 2475 quoque
2575 2422 2741 2475 parvo
2769 2408 2914 2479 ligno
2959 2409 3163 2467 ferrum
3193 2416 3393 2472 eduxit.
3421 2419 3508 2474 Sic
3547 2431 3602 2474 et

2023 2505 2182 2545 cruce
2208 2491 2393 2548 orbem
2419 2497 2656 2550 attraxit.
2684 2498 3142 2564 Quemadmodum
3169 2506 3310 2561 enim
3339 2523 3473 2579 aqua
3497 2521 3601 2565 ter-

2023 2597 2134 2634 ram
2156 2592 2348 2651 gestat,
2368 2584 2440 2639 ita
2460 2600 2589 2640 crux
2610 2589 2797 2644 orbem
2819 2599 2977 2647 terra:
3000 2603 3199 2664 portat.
3215 2595 3419 2668 Magna:
3439 2601 3601 2670 igitur

2023 2677 2232 2732 virtutis
2260 2687 2314 2733 ct
2352 2680 2630 2749 sapientia:
2679 2697 3053 2754 argumentum
3081 2699 3165 2744 est
3211 2705 3307 2761 per
3333 2695 3598 2749 contraria

2023 2770 2369 2838 persuadere.
2400 2774 2540 2830 Crux
2571 2776 2714 2830 enim
2759 2779 3068 2834 scandalum
3111 2795 3233 2837 esse
3273 2783 3514 2851 videtur;
3545 2798 3600 2841 et

2023 2873 2196 2918 tamen
2251 2880 2358 2921 non
2414 2869 2590 2923 solum
2643 2883 2748 2923 non
2788 2870 3112 2927 olfendiculo
3147 2883 3266 2940 est,
3305 2876 3397 2930 sed
3435 2878 3596 2933 etiam

2024 2955 2202 3011 trahit.
2236 2957 2360 3013 H:cc
2385 2959 2564 3030 itaque
2592 2962 2770 3016 omnia
2815 2963 3057 3034 cogitans
3084 2964 3304 3035 Paulus,
3331 2979 3388 3024 et
3410 2970 3597 3025 obstu-

2022 3064 2247 3117 pescens
2285 3049 2501 3106 dicebat
2534 3071 2547 3107 :
2595 3053 2746 3121 Quod
2792 3057 3002 3110 stultum
3045 3066 3120 3111 est
3156 3055 3274 3126 Dei,
3323 3062 3598 3132 sapientius

2019 3151 2090 3193 est
2121 3142 2442 3209 hominibus;
2488 3151 2534 3197 et
2557 3146 2692 3214 quod
2721 3145 2983 3214 inﬁrmum
3027 3159 3098 3202 est
3136 3147 3256 3213 Dei,
3303 3153 3481 3221 fortius
3522 3167 3595 3208 est

2019 3235 2322 3290 hominibus.
2355 3237 2584 3292 Stultum
2612 3245 2668 3292 et
2705 3238 2974 3295 ittlirntum
3001 3240 3206 3307 dicens,
3235 3244 3301 3298 de
3329 3259 3488 3300 cruce
3519 3247 3595 3299 ln-

2018 3326 2217 3395 quitur,
2251 3343 2357 3381 non
2385 3328 2524 3398 quod
2550 3338 2653 3394 est,
2685 3329 2780 3384 sed
2824 3332 2967 3402 quod
2998 3332 3206 3388 videtur
3239 3349 3360 3390 esse
3387 3336 3590 3405 signiﬁ-

2016 3429 2146 3471 cans
2174 3436 2188 3472 :
2221 3433 2340 3472 nam
2381 3419 2674 3474 secundum
2704 3421 2917 3476 illorum
2949 3421 3254 3492 opinionem
3286 3428 3595 3495 respondet:

2019 3505 2230 3561 Etenim
2255 3508 2394 3578 quod
2425 3523 2518 3577 per
2546 3509 2884 3580 syllogismos
2930 3511 3234 3582 philosophi
3272 3514 3445 3569 facere
3484 3532 3589 3570 non

2021 3609 2259 3664 patuere,
2282 3603 2381 3650 hoc
2413 3597 2638 3666 perfecit
2667 3614 2728 3652 ea
2756 3616 2874 3668 qua:
2898 3600 3178 3656 videbatur
3201 3618 3321 3659 esse
3347 3608 3588 3660 stultitia.

2017 3687 2146 3754 Quis
2176 3702 2307 3755 ergo
2331 3687 2645 3756 sapientior,
2674 3689 2720 3742 is
2746 3689 2838 3758 qui
2881 3689 3060 3746 multis
3106 3694 3413 3763 persuadet,
3440 3711 3508 3751 an
3543 3697 3590 3752 is

2016 3778 2107 3848 qui
2130 3777 2333 3849 paucis,
2362 3779 2472 3834 imo
2502 3794 2628 3835 vero
2652 3781 2818 3835 nulli?
2857 3783 2903 3837 is
2927 3783 3018 3852 qui
3045 3782 3114 3839 de
3144 3786 3304 3841 rebus
3341 3790 3589 3843 maximis

2017 3872 2320 3942 persuadet,
2367 3890 2432 3927 an
2484 3873 2528 3928 is
2571 3873 2664 3945 qui
2705 3875 2773 3930 de
2819 3877 2905 3944 iis,
2932 3891 3054 3947 qua:
3102 3894 3210 3933 non
3242 3883 3588 3950 Oporteret‘?

2016 3967 2282 4030 Quantqu
2328 3965 2591 4021 laboravit
2637 3966 2786 4022 Plato
2812 3967 2956 4023 circa
3002 3969 3193 4024 lineam
3242 3981 3297 4025 et
3335 3973 3584 4043 angulum

2013 4065 2068 4110 et
2094 4066 2369 4125 punctum,
2398 4073 2461 4112 ac
2490 4058 2558 4113 dc
2583 4058 2823 4114 numeris
2867 4059 3082 4128 paribus
3103 4071 3158 4115 et
3201 4063 3512 4131 imparibus,
3533 4074 3588 4120 et

2013 4148 2152 4204 inter
2177 4163 2236 4203 se
2262 4149 2554 4218 mqnalibus
2574 4158 2628 4203 et
2652 4149 3001 4218 inaequalibus
3021 4165 3083 4204 ac
3103 4151 3170 4205 de
3187 4152 3449 4208 similibus
3468 4170 3587 4207 ara-

2015 4255 2236 4294 nearum
2269 4240 2389 4294 telis
2419 4240 2566 4312 (haec
2609 4241 2750 4296 enim
2781 4243 2836 4296 in
2862 4242 3072 4296 utiliora
3101 4244 3222 4298 vine
3247 4257 3393 4310 sunt,
3425 4264 3582 4314 quant

2014 4331 2318 4398 ltujttsmodi
2347 4332 2612 4399 textura),
2631 4343 2684 4386 et
2707 4348 2825 4387 cum
2852 4349 2950 4387 nec
2975 4350 3191 4402 parvum
3219 4351 3316 4390 nec
3337 4353 3581 4405 magnum

2014 4421 2139 4476 inde
2170 4421 2395 4476 fructum
2422 4424 2717 4491 attulisset,
2748 4425 2827 4478 sic
2866 4425 3030 4480 vitam
3074 4426 3286 4483 ﬁnivit?
3325 4443 3579 4499 quantum

2013 4514 2276 4568 laboravit
2305 4525 2359 4568 ut
2378 4515 2687 4570 ostenderet
2717 4516 2944 4570 animant
2973 4533 3095 4574 esse
3123 4518 3498 4584 immortalem.
3528 4535 3582 4579 et

2011 4607 2143 4662 nihil
2170 4607 2373 4663 clarum
2400 4608 2554 4673 dixit,
2585 4623 2647 4664 ac
2669 4624 2789 4665 cum
2819 4611 3019 4666 nemini
3048 4613 3347 4668 auditorum
3375 4617 3423 4670 id
3460 4633 3582 4688 pcr-

2009 4701 2286 4764 suasisset,
2304 4701 2380 4754 sic
2396 4701 2534 4755 diem
2559 4701 2883 4757 obiit?Crux
2911 4715 3088 4757 autent
3118 4720 3213 4773 per
3245 4707 3456 4775 ignaros
3483 4710 3578 4761 lto-

2009 4791 2179 4846 mines
2223 4792 2515 4861 persuasit,
2545 4793 2651 4846 imo
2694 4794 2960 4862 persuasit
2999 4796 3089 4849 toti
3127 4797 3242 4851 orbi
3284 4806 3575 4866 terrarum;

2007 4898 2113 4938 non
2143 4882 2211 4937 de
2240 4881 2445 4936 levibus
2490 4882 2651 4938 rebus
2695 4884 3000 4952 disserens,
3032 4886 3127 4942 sed
3175 4887 3242 4942 de
3274 4888 3383 4944 Deo
3427 4900 3480 4945 et
3507 4891 3576 4946 de

2007 4990 2132 5030 vera
2173 4973 2452 5044 religione,
2485 4974 2655 5045 deque
2681 4962 2990 5047 evangelico
3034 4979 3156 5032 vitae
3203 4978 3466 5048 instituto,
3512 4997 3574 5036 ac

2007 5069 2075 5122 de
2101 5067 2278 5121 futuro
2301 5066 2521 5134 judicio,
2554 5077 2712 5135 atque
2749 5068 2977 5121 rusticos
3015 5069 3362 5138 indoctosque
3388 5087 3572 5125 omnes

2007 5159 2134 5215 fecit
2188 5158 2552 5228 philosophos.
2589 5159 2722 5212 Vide
2753 5160 3017 5226 quomodo
3047 5160 3189 5229 quod
3246 5163 3460 5214 stultum
3491 5173 3571 5216 est

2008 5253 2121 5315 Dei,
2171 5250 2462 5319 sapientius
2507 5250 2575 5302 sit
2604 5249 2928 5316 hominibus,
2963 5260 3017 5304 et
3046 5253 3312 5305 inﬁrmum
3361 5252 3566 5307 fortius.

2005 5342 2282 5409 Quomodo
2314 5340 2546 5392 fortius?
2591 5339 2740 5405 Quod
2774 5350 2938 5393 totum
2969 5343 3149 5395 orhent
3181 5342 3490 5409 pervaserit.
3516 5350 3569 5392 ct

2005 5451 2192 5490 omnes
2222 5435 2273 5487 vi
2301 5436 2520 5502 ceperit,
2543 5443 2595 5487 et
2621 5434 2756 5502 quod
2790 5435 3083 5487 innumeris
3104 5432 3351 5487 Cruciﬁxi
3377 5446 3564 5483 nomen

2004 5528 2342 5596 exstinguere
2379 5527 2712 5589 conantibus,
2765 5526 3086 5578 contrarium
3133 5523 3368 5575 evenerit
3409 5538 3421 5570 :
3469 5519 3566 5573 hoc

2073 5684 2088 5712 ⁸
2126 5688 2239 5741 Reg.
2265 5678 2427 5736 habet,
2454 5689 2560 5740 qtttc
2584 5691 2674 5728 non
2699 5685 2823 5736 sunt,
2848 5691 2950 5740 pro,
2978 5688 3085 5736 qmr
3111 5678 3473 5723 lil)ll(.',’)0."1(’!'el.
