3954 6130
353 327 419 384 as
1103 314 1160 369 s.
1200 309 1474 368 JOANNIS
1502 299 1974 361 cumsosront
2012 298 2330 357 ARCHIEP.
2369 300 2905 360 CONSTANTINOP.
3549 314 3619 369 εδ

351 453 547 495 nomen
589 435 808 500 ﬂoruit,
840 442 895 487 et
923 430 1180 500 majorem
1221 427 1272 479 in
1305 423 1521 477 modum
1550 417 1819 481 accrevit;
1853 413 1926 468 illi

350 545 482 585 vero
506 528 776 598 perierunt
800 533 854 578 et
877 524 931 578 in
954 521 1173 577 exitium
1196 525 1417 571 ruerunt
1440 532 1452 567 :
1472 527 1533 566 ae
1561 511 1799 565 viventes
1827 505 1925 561 ad-

355 596 539 674 versus
570 625 836 670 mortuum
867 612 1063 667 bellum
1089 616 1359 679 gerentes,
1390 603 1522 657 nihil
1563 612 1804 670 potuere.
1829 596 1932 650 lta-

351 725 457 779 que
476 707 690 777 quando
717 720 801 760 me
829 711 1102 757 mortuum
1128 699 1346 755 Graecus
1372 695 1520 760 dicit,
1543 703 1668 746 tunc
1696 687 1930 744 ostendit

351 815 412 854 se
426 796 708 852 admodum
727 795 948 850 stultum
969 807 1120 856 esse;
1142 788 1353 860 quando
1373 802 1491 856 ego,
1509 785 1596 854 qui
1616 784 1682 837 ab
1701 782 1790 836 illo
1809 779 1935 834 stul-

353 895 440 945 tus
456 903 573 942 esse
595 887 894 948 existimor,
916 885 1159 952 sapiente
1189 878 1481 949 sapientior
1503 890 1736 945 appareo
1764 889 1776 928 :
1810 885 1934 926 cum

353 996 441 1036 me
459 980 666 1034 vocabit
684 977 974 1040 inﬁrmum,
991 985 1114 1030 tunc
1135 974 1366 1042 seipsum
1391 968 1740 1023 infirmiorem
1764 973 1938 1018 osten-

353 1074 462 1128 det.
485 1073 612 1139 Quze
633 1071 774 1125 enim
796 1085 888 1140 per
907 1067 1000 1123 Dei
1030 1065 1256 1137 gratiam
1280 1072 1424 1117 recte
1454 1075 1614 1130 agere
1650 1063 1937 1128 potuerunt

354 1163 623 1234 publicani
669 1172 723 1216 et
753 1161 1073 1231 piscatores,
1109 1157 1222 1210 haec
1268 1153 1590 1224 philosophi,
1620 1149 1851 1220 tyranni,
1884 1156 1939 1201 et

356 1265 415 1311 ut
445 1257 517 1310 ita
545 1255 745 1316 dicam,
796 1261 938 1306 totus
979 1249 1126 1304 orbis
1168 1248 1447 1302 innumera
1489 1244 1937 1304 circumcurrens,

357 1363 428 1402 ne
455 1347 732 1415 tntaginari
763 1344 978 1414 quidem
1009 1340 1201 1410 potuit.
1231 1338 1368 1407 Quid
1395 1338 1537 1393 enim
1565 1351 1697 1390 crux
1727 1348 1832 1388 non
1861 1334 1941 1386 in-

357 1437 554 1491 duxit?
581 1437 655 1490 De
698 1434 1102 1490 immortalitate
1130 1432 1324 1488 anima:
1371 1428 1713 1494 sententiam,
1742 1426 1810 1480 de
1850 1440 1939 1479 re-

359 1527 692 1582 surrectione
727 1539 1037 1593 corporum,
1085 1523 1152 1577 de
1193 1523 1448 1590 despectu
1496 1517 1844 1590 praesentium
1886 1525 1943 1569 et

359 1618 428 1674 de
466 1619 764 1672 futurorum
803 1616 1091 1672 desiderio.
1134 1614 1392 1668 Homines
1430 1610 1648 1680 angelos
1687 1607 1846 1672 fecit,
1887 1615 1943 1661 et

360 1724 550 1763 omnes
588 1708 783 1780 ubique
833 1705 1299 1778 philosophantur,
1341 1715 1662 1770 omnemque
1691 1700 1939 1754 virtutem

362 1799 638 1854 exhibent.

431 1891 486 1945 4.
525 1890 630 1945 Sed
673 1891 832 1945 etiam
880 1887 1018 1959 apud
1063 1888 1204 1954 illos,
1239 1885 1467 1957 inquies,
1515 1883 1664 1938 multi
1718 1891 1940 1936 mortem

361 1992 757 2051 contempsere.
785 1981 1043 2049 Quinam,
1076 1979 1301 2049 quaeso?
1353 1993 1422 2031 an
1466 1976 1555 2030 ille
1580 1975 1670 2044 qui
1714 1973 1942 2028 cicutam

364 2075 536 2130 bibit?
559 2074 662 2130 Sed
691 2073 736 2128 si
762 2074 916 2139 velis,
945 2073 1257 2126 innumeros
1288 2070 1419 2124 tales
1445 2083 1511 2123 ex
1548 2066 1786 2121 Ecclesia
1816 2079 1944 2134 pro-

365 2166 554 2222 feram.
575 2166 631 2221 Si
661 2166 803 2219 enint
832 2166 1021 2220 liceret
1047 2164 1330 2232 ingruente
1353 2160 1762 2229 persequutione
1788 2162 1946 2225 epota

366 2257 540 2311 cicuta
589 2253 872 2318 excedere,
906 2261 1089 2306 essent
1136 2263 1323 2304 omnes
1350 2249 1445 2302 illo
1473 2248 1748 2301 clariores.

438 2347 676 2402 Socrates
701 2354 901 2398 coactus
929 2345 1145 2397 cicutam
1172 2342 1310 2394 bibit.
1355 2339 1645 2410 Martyrum
1671 2339 1944 2391 cruciatus.

367 2466 439 2478 -—-
470 2437 713 2505 Alioquin
761 2445 937 2490 autem
983 2434 1116 2489 bibit
1154 2433 1278 2501 ille,
1309 2447 1429 2486 eum
1474 2445 1579 2484 non
1627 2429 1810 2484 liceret
1849 2429 1949 2482 sibi

369 2537 462 2582 aut
509 2527 691 2581 bibere
737 2534 827 2580 aut
872 2540 977 2580 non
1027 2525 1248 2590 bibere;
1296 2523 1390 2578 sed
1428 2522 1588 2578 vellet
1629 2520 1797 2575 nollet
1835 2519 1950 2574 hmc

370 2619 607 2688 oportuit
642 2617 817 2671 facere
843 2634 857 2672 :
883 2616 1024 2687 quod
1056 2631 1158 2669 non
1191 2615 1401 2668 virtutis
1421 2654 1434 2678 ,
1478 2613 1575 2668 sed
1615 2611 1950 2667 necessitatis

372 2717 510 2762 erat.
541 2706 673 2762 Nam
713 2708 948 2763 latrones
987 2717 1042 2762 et
1081 2706 1394 2770 homicidae,
1424 2703 1687 2759 sententia
1709 2702 1948 2772 judicum

372 2801 642 2868 damnati,
687 2800 928 2870 graviora
959 2799 1096 2868 passi
1124 2807 1267 2853 sunt.
1296 2797 1452 2867 Apud
1490 2811 1586 2851 nos
1612 2805 1788 2850 autem
1819 2810 1951 2849 con-

375 2891 540 2944 trario
576 2890 735 2944 modo
768 2904 855 2944 res
891 2904 950 2944 se
977 2889 1174 2942 habet:
1208 2905 1313 2942 non
1339 2889 1480 2943 enim
1512 2889 1658 2941 inviti
1689 2898 1954 2956 martyres

379 2983 522 3053 passi
551 2992 708 3049 sunt,
736 2982 827 3036 sed
859 2989 1050 3051 sponte
1069 3022 1083 3046 ,
1113 2990 1166 3036 et
1190 2997 1308 3036 eum
1341 2995 1504 3050 penes
1531 2981 1651 3033 illos
1680 2987 1822 3032 esset
1846 2993 1955 3031 non

377 3075 520 3144 pati,
554 3073 833 3128 adamante
862 3074 1099 3142 quolibet
1137 3073 1426 3127 firmiorem
1457 3071 1746 3125 exhibuere
1785 3068 1956 3122 virtu-

377 3174 507 3221 tem.
552 3166 667 3220 Non
712 3165 906 3219 mirum
941 3181 1070 3235 ergo
1111 3174 1225 3229 est,
1268 3166 1312 3218 si
1342 3164 1432 3218 ille
1458 3164 1683 3218 cicutam
1727 3161 1953 3224 biberit,

376 3274 498 3313 cum
523 3275 626 3312 non
659 3269 840 3328 posset
867 3274 894 3311 a
922 3259 1011 3312 tali
1035 3267 1158 3327 potu
1186 3257 1473 3321 abstinuere,
1503 3266 1556 3310 et
1581 3256 1644 3310 ad
1664 3264 1953 3309 extremam

379 3359 663 3419 provectus
691 3358 834 3403 esset
871 3357 1200 3403 senectutem
1229 3366 1244 3402 :
1272 3347 1481 3402 dicebat
1508 3348 1649 3402 enim
1688 3362 1746 3400 se
1787 3359 1957 3399 annos

377 3441 708 3510 septuaginta
729 3449 909 3494 natum
931 3439 1142 3508 quando
1169 3438 1326 3492 vitam
1349 3437 1689 3506 contempsit,
1714 3433 1756 3489 si
1782 3444 1956 3489 tamen

378 3535 481 3591 hoc
523 3537 594 3591 sit
621 3545 965 3592 contemnere
999 3554 1013 3590 :
1046 3552 1148 3589 non
1193 3533 1335 3588 enim
1375 3547 1474 3602 ego
1517 3531 1646 3587 illud
1690 3529 1956 3593 dixerim,

380 3631 488 3686 imo
526 3647 700 3701 neque
742 3631 881 3686 ullus
918 3629 1073 3683 alius.
1099 3628 1204 3682 Sed
1235 3625 1456 3680 ostende
1488 3625 1616 3679 mihi
1641 3624 1874 3694 aliquem
1907 3623 1958 3677 in

380 3723 660 3777 tormentis
691 3738 786 3791 pro
832 3723 916 3791 pia
957 3721 1218 3791 religione
1247 3729 1718 3791 perseverantem,
1761 3727 1815 3772 ut
1860 3731 1959 3786 ego

381 3815 691 3869 innumeros
718 3814 910 3882 ubique
934 3829 1030 3884 per
1053 3814 1237 3867 orbem
1271 3811 1558 3880 proferam.
1591 3810 1720 3876 Quis
1750 3809 1960 3863 effossis

384 3906 669 3975 unguibus,
703 3905 753 3958 id
785 3905 988 3958 fortiter
1018 3904 1177 3958 tulit?
1197 3905 1315 3972 quis
1337 3944 1351 3968 ,
1379 3918 1500 3956 cum
1529 3909 1844 3956 eruerentur
1872 3915 1961 3953 ar-

383 3997 530 4050 ticuli
555 3995 735 4064 ?quis,
766 4008 887 4048 cum
907 4008 1101 4061 corpus
1127 3994 1242 4062 ejus
1266 3992 1659 4060 discerperetur
1674 3997 1728 4044 et
1747 4002 1963 4056 separa-

387 4097 474 4140 tur
487 4103 515 4140 a
532 4087 706 4157 capite
718 4085 740 4137 ‘l
752 4086 893 4154 quis,
906 4100 1025 4140 cum
1045 4099 1164 4140 ossa
1183 4083 1371 4153 capitis
1385 4081 1830 4137 extraherentur?
1845 4080 1963 4148 quis

387 4183 442 4236 in
469 4179 733 4249 sartagine
757 4177 1064 4248 frequenter
1084 4177 1286 4247 positus
1307 4176 1331 4228 ?
1355 4175 1475 4245 quis
1503 4175 1554 4228 itt
1579 4172 1802 4228 lebetem
1829 4171 1964 4241 inje-

385 4273 535 4330 ctus?
562 4272 685 4327 llmc
706 4270 835 4326 mihi
865 4269 1106 4326 ostende.
1129 4269 1260 4324 Nam
1284 4284 1346 4323 ex
1375 4269 1544 4323 cicuta
1575 4266 1710 4320 mori
1747 4264 1966 4335 perinde

385 4375 470 4422 est
490 4373 653 4437 atque
674 4365 1025 4420 dormientem
1055 4377 1370 4434 permanere
1396 4379 1409 4416 :
1441 4375 1584 4415 mors
1612 4359 1753 4414 enim
1778 4358 1965 4428 hujus-

387 4457 532 4512 tnodi
567 4471 758 4511 somno
799 4455 1013 4510 suavior
1041 4469 1161 4510 esse
1188 4453 1400 4509 dicitur.
1433 4451 1584 4519 Quod
1612 4452 1656 4506 si
1687 4452 1774 4523 qui
1804 4451 1964 4506 etiant

389 4557 650 4603 tormenta
681 4546 1047 4616 pertulerunt,
1094 4546 1284 4599 horum
1311 4553 1456 4598 certe
1493 4543 1610 4596 laus
1639 4543 1793 4610 periit
1821 4557 1836 4594 :
1869 4557 1966 4610 pro

389 4641 530 4710 turpi
556 4639 696 4695 enim
730 4653 889 4693 causa
921 4637 1230 4708 perierunt;
1257 4636 1344 4689 alii
1377 4644 1432 4688 ut
1455 4633 1545 4702 qui
1575 4643 1780 4686 secreta
1812 4648 1966 4686 reve-

393 4733 613 4796 lassent,
657 4729 745 4784 alii
794 4740 850 4784 ut
892 4729 980 4798 qui
1027 4727 1358 4799 tyrannidem
1391 4723 1746 4790 all‘ectassent,
1783 4723 1870 4776 alii
1917 4724 1966 4776 in

391 4825 710 4894 turpissimis
737 4823 896 4877 rebus
925 4820 1244 4890 deprehensi
1273 4839 1286 4874 :
1315 4819 1402 4873 alii
1431 4819 1623 4871 frustra
1651 4827 1706 4871 et
1733 4827 1932 4870 temere
1951 4857 1964 4880 ,

391 4917 532 4972 nulla
562 4913 629 4970 de
662 4928 855 4980 causa,
899 4927 1020 4967 sese
1061 4909 1388 4964 detulerunt.
1430 4907 1533 4965 Sed
1573 4925 1678 4962 non
1719 4908 1788 4960 ita
1830 4907 1969 4974 apud

395 5025 515 5063 nos.
545 5008 668 5062 Ideo
709 5007 922 5061 illorum
947 5001 1159 5074 quidem
1186 5013 1332 5073 geSta
1369 5010 1643 5066 tacentur;
1686 4999 1800 5053 lucc
1844 5012 1972 5052 vero

395 5100 589 5156 ﬂorent
622 5110 676 5154 et
705 5100 758 5154 itt
796 5099 912 5154 dies
947 5103 1281 5152 accrescunt.
1328 5093 1479 5162 Quod
1509 5093 1748 5162 cogitans
1775 5090 1972 5145 Paulus

396 5191 608 5246 dicebat
639 5207 652 5243 :
685 5189 956 5244 Infirmum
998 5188 1091 5244 Dei
1125 5187 1315 5242 fortius
1347 5194 1429 5240 est
1462 5184 1707 5239 omnibus
1747 5180 1975 5234 homini-

400 5285 519 5339 bus.
541 5282 692 5349 Quod
719 5284 860 5337 enim
881 5281 1058 5336 divina
1085 5281 1154 5335 sit
1181 5277 1504 5349 prwdicatio,
1529 5275 1653 5331 inde
1675 5274 1835 5328 etiam
1859 5288 1970 5326 ma-

401 5377 647 5433 nifestum
677 5386 778 5430 est.
824 5375 1100 5431 Undenam
1147 5374 1199 5426 in
1242 5383 1473 5426 mentem
1511 5371 1657 5424 venit
1693 5367 1974 5423 duodecim

399 5469 702 5526 hominibus
721 5469 890 5537 iisque
915 5466 1134 5538 ignaris,
1158 5464 1210 5518 in
1237 5463 1474 5527 lacubus,
1500 5462 1674 5516 fluviis
1692 5469 1746 5515 et
1764 5459 1977 5515 deserto

401 5561 770 5625 manentibus,
802 5569 861 5613 ut
897 5572 984 5614 res
1018 5564 1194 5612 tantas
1225 5553 1675 5624 aggrederentur;
1704 5560 1758 5606 et
1787 5553 1850 5606 iis
1888 5549 1978 5620 qui

404 5668 692 5724 numquam
717 5651 943 5705 fortasse
969 5650 1020 5702 in
1051 5647 1236 5703 urbem
1258 5654 1313 5701 et
1339 5645 1393 5698 in
1420 5645 1589 5698 forum
1611 5651 1899 5707 venerant,
1924 5649 1980 5694 ιιι

411 5757 595 5805 contra
631 5756 799 5804 totum
835 5741 1023 5804 orbem
1055 5741 1224 5799 aciem
1255 5736 1620 5796 instruerent?
1651 5731 1800 5805 Quod
1833 5732 1974 5791 enim

2041 414 2368 470 formidolosi
2395 428 2575 472 essent
2610 429 2662 474 et
2691 420 2867 488 pusilli
2895 420 3089 490 animi,
3120 425 3355 482 ostendit
3381 428 3500 496 ille,
3529 433 3620 500 qui

2035 503 2103 558 de
2129 506 2194 558 iis
2223 507 2458 576 scripsit,
2492 510 2583 578 qui
2625 509 2676 563 id
2714 525 2820 564 non
2849 515 3135 579 recusavit,
3187 532 3362 586 neque
3408 519 3618 576 illorum

2037 595 2291 664 obtegere
2330 599 2456 653 vitia
2502 601 2670 655 voluit
2703 620 2714 655 :
2743 603 2885 672 quod
2930 607 3218 662 maximum
3259 620 3342 664 est
3385 614 3621 668 veritatis

2039 700 2434 757 argumentum.
2487 692 2623 759 Quid
2673 693 2834 764 igitur
2875 695 2968 750 ille
3009 696 3078 751 de
3123 698 3228 753 illis
3269 700 3430 756 dicit?
3468 702 3619 770 Quod

2038 778 2254 835 Christo
2283 785 2701 853 comprehenso,
2733 797 2853 855 post
2877 789 3154 845 innumera
3189 793 3329 848 edita
3368 796 3622 851 miracula

2037 871 2127 925 alii
2153 871 2418 942 fugerint,
2448 877 2535 931 ille
2574 893 2706 932 vero
2733 881 2958 935 aliorum
2986 884 3302 953 coryphaeus
3330 887 3498 956 ipsum
3526 907 3622 944 ne-

2039 963 2264 1030 gaverit.
2299 963 2576 1019 Undenam
2605 983 2732 1036 ergo
2762 969 2835 1022 illi
2864 1011 2877 1034 ,
2907 972 2994 1038 qui
3025 973 3237 1030 vivente
3276 976 3487 1032 Christo
3526 978 3622 1033 Ju—

2041 1053 2280 1108 dmorum
2297 1056 2550 1125 impetum
2573 1075 2677 1112 non
2703 1061 2949 1127 tulerant,
2971 1063 3062 1116 illo
3083 1075 3293 1120 mortuo
3317 1077 3370 1121 et
3389 1071 3622 1137 sepulto,

2041 1162 2161 1200 cum
2187 1164 2289 1202 non
2317 1152 2720 1220 resurrexisset,
2755 1163 2811 1207 ut
2839 1171 2932 1209 vos
2964 1157 3159 1223 dicitis,
3191 1175 3363 1228 neque
3384 1161 3627 1230 alloquu-

2043 1247 2130 1293 tus
2173 1240 2293 1294 illos
2337 1242 2546 1308 fuisset,
2595 1260 2769 1314 neque
2813 1247 3046 1302 animum
3091 1249 3388 1318 indidisset,
3441 1267 3626 1309 contra

2043 1341 2248 1387 tantum
2276 1335 2461 1390 orbem
2489 1344 2643 1390 terrae
2664 1337 2831 1392 aciem
2857 1340 3250 1396 instruxerunt?
3268 1345 3457 1399 Annon
3483 1345 3625 1415 apud

2043 1438 2102 1478 se
2122 1424 2402 1492 dixissent,
2426 1427 2560 1494 Quid
2589 1427 2688 1482 hoc
2717 1431 2841 1484 est?
2867 1433 3101 1501 seipsum
3150 1450 3255 1488 non
3302 1438 3473 1504 potuit
3507 1454 3629 1494 ser-

2044 1529 2171 1570 vare
2195 1557 2210 1582 ,
2243 1525 2297 1571 et
2322 1533 2422 1572 nos
2452 1522 2732 1591 proteget?
2759 1523 2860 1576 sibi
2887 1539 3040 1592 opem
3076 1541 3179 1579 non
3205 1528 3326 1582 tulit
3347 1530 3498 1584 vivus
3531 1575 3544 1594 .
3573 1542 3628 1588 et:

2046 1606 2198 1661 nobis
2229 1623 2444 1663 manum
2472 1611 2652 1666 tendet
2679 1624 2921 1668 mortuus
2941 1615 2966 1667 ?
2994 1616 3005 1668 i
3013 1632 3106 1685 pse
3122 1615 3277 1671 vivus
3291 1617 3494 1670 nullam
3506 1616 3629 1672 sub-

2041 1701 2153 1769 egit
2208 1709 2442 1769 gentem,
2475 1711 2530 1757 et
2557 1719 2652 1758 nos
2680 1705 2774 1759 toti
2804 1705 2942 1773 orbi,
2977 1707 3142 1777 ipsius
3165 1711 3368 1778 prolato
3388 1714 3624 1780 nomine,

2046 1789 2530 1856 persuadebimus?
2576 1802 2628 1848 et
2671 1797 2937 1863 quomodo
2984 1813 3088 1851 non
3136 1809 3319 1855 contra
3364 1805 3624 1859 rationem

2047 1876 2225 1946 fuerit,
2274 1881 2388 1935 inec
2427 1897 2532 1936 non
2577 1883 2750 1938 solum
2797 1886 2992 1952 facere,
3036 1889 3131 1942 sed
3164 1890 3323 1945 etiam
3353 1895 3628 1962 cogitare?

2045 1970 2400 2035 Quamobrem
2431 1973 2600 2040 palam
2630 1983 2741 2038 est,
2770 1975 2814 2029 si
2842 1991 2946 2030 non
2979 1978 3237 2033 vidissent
3266 1982 3413 2036 illum
3447 1999 3630 2038 resur-

2048 2061 2256 2117 rexisse
2278 2105 2294 2131 ,
2327 2079 2684 2134 magnumque
2711 2069 2958 2136 potentia:
2987 2069 3100 2138 ejus
3140 2071 3449 2128 habuissent
3474 2090 3633 2144 argu-

2049 2161 2287 2206 mentum
2310 2193 2324 2216 ,
2353 2168 2458 2208 non
2485 2162 2684 2208 tantam
2719 2156 2958 2224 jacturos
2990 2157 3154 2214 fuisse
3182 2161 3374 2215 aleam.
3407 2161 3632 2218 Etiamsi

2047 2241 2192 2295 enim
2223 2245 2424 2296 amicos
2451 2242 2758 2298 habuissent
2787 2245 3217 2313 innumerabiles,
3246 2264 3422 2304 annon
3451 2253 3631 2306 statim

2050 2333 2288 2388 omnium
2315 2333 2415 2386 sibi
2450 2335 2776 2390 inimicitiam
2808 2339 3153 2392 attraxissent
3177 2381 3193 2406 ,
3232 2341 3356 2394 dum
3388 2342 3634 2412 antiquos

2052 2437 2230 2478 mores
2256 2434 2608 2490 amoverent,
2639 2434 2693 2480 et
2719 2428 2918 2496 patrios
2946 2430 3200 2483 terminos
3241 2431 3636 2486 transferrent?

2052 2531 2193 2570 nunc
2212 2527 2390 2572 autem
2411 2533 2600 2573 omnes
2633 2519 2865 2574 habuere
2890 2521 2988 2574 sibi
3019 2523 3197 2577 hostes
3231 2532 3285 2576 et
3315 2527 3557 2594 pr0prios
3581 2539 3637 2581 et

2052 2609 2276 2663 alienos.
2303 2609 2524 2664 Etiamsi
2551 2610 2692 2664 enim
2724 2622 2941 2681 propter
2966 2621 3184 2666 externa
3211 2617 3388 2668 omnia
3414 2632 3636 2672 venera-

2052 2701 2187 2756 biles
2215 2701 2459 2768 fuissent,
2482 2717 2659 2756 annon
2689 2717 2880 2757 omnes
2907 2703 3053 2772 ipsos
3078 2709 3337 2760 exsecrati
3366 2707 3590 2763 fuissent
3615 2751 3630 2774 ,

2052 2793 2193 2864 quod
2220 2809 2416 2847 novum
2445 2794 2566 2848 vitae
2597 2794 2889 2848 institutum
2923 2795 3234 2852 inducerent
3252 2798 3274 2850 ?
3295 2814 3435 2853 nunc
3458 2809 3637 2855 autem

2056 2886 2257 2942 deserti
2294 2899 2446 2942 erant
2471 2887 2538 2940 ab
2563 2888 2810 2942 omnibus
2831 2931 2844 2954 ,
2875 2898 2928 2944 et
2957 2902 3376 2948 consentaneum
3407 2905 3550 2961 erat,
3581 2907 3637 2950 ut

2057 2977 2141 3031 vel
2164 2977 2350 3032 indein
2373 2979 2610 3032 omnium
2634 2978 2814 3033 odium
2829 2990 2882 3032 et
2903 2991 3264 3052 contemptum
3281 2986 3632 3040 incurrerent.

2057 3069 2203 3137 Quos
2231 3070 2372 3124 enim
2410 3070 2488 3123 vis
2514 3069 2732 3124 dicere?
2759 3070 3019 3125 Judaros?
3047 3075 3113 3126 At
3141 3074 3338 3144 ingenti
3368 3077 3485 3131 illos
3515 3077 3640 3132 odio

2059 3161 2518 3232 prosequebantur
2561 3176 2626 3215 ex
2673 3161 2758 3228 iis,
2792 3178 2909 3232 quae
2938 3173 3121 3218 contra
3157 3165 3466 3235 magistrum
3505 3168 3637 3221 facta

2058 3251 2290 3308 fuerant.
2318 3253 2398 3305 An
2430 3250 2644 3306 Grmeos
2663 3253 2687 3306 ?
2707 3251 2777 3306 At
2801 3253 2852 3305 hi
2879 3268 2983 3306 non
3010 3254 3184 3308 minus
3203 3270 3360 3325 quam
3389 3256 3464 3310 illi
3495 3257 3640 3326 ipsos

2059 3345 2476 3409 aversabantur;
2509 3344 2666 3414 idque
2693 3355 2889 3399 norunt
2919 3347 3148 3400 maxime
3177 3348 3415 3402 omnium
3444 3350 3636 3404 Graeci.

2062 3437 2209 3492 Plato
2233 3437 2396 3503 enim,
2421 3439 2508 3503 qui
2535 3452 2724 3491 novatn
2752 3438 2915 3493 voluit
2941 3439 3215 3494 instituere
3238 3440 3639 3511 rempublicam,

2060 3529 2146 3584 vel
2177 3531 2351 3600 potius
2382 3540 2582 3600 partem
2627 3531 2965 3601 reipublicze,
3009 3533 3097 3602 qui
3139 3548 3242 3586 non
3288 3533 3508 3588 deorum
3548 3549 3642 3587 no-

2061 3622 2204 3676 mina
2235 3622 2477 3688 mutavit,
2509 3622 2600 3676 sed
2623 3632 2740 3677 acta
2764 3632 2816 3677 et
2841 3632 2989 3692 gesta
3014 3624 3113 3677 alia
3148 3638 3243 3690 pro
3266 3623 3385 3675 aliis
3414 3622 3636 3686 induxit,

2063 3715 2116 3769 in
2161 3714 2454 3784 periculum
2488 3715 2649 3778 venit,
2701 3729 2766 3768 ne
2810 3730 2875 3767 ex
2916 3713 3097 3767 Sicilia
3135 3712 3333 3778 ejectus
3362 3713 3438 3782 (τι)
3468 3724 3641 3767 morte

2063 3805 2368 3860 afticeretur
2406 3821 2418 3857 :
2461 3805 2582 3873 quia
2613 3813 2789 3856 autem
2820 3804 2920 3855 hoc
2947 3817 3050 3854 non
3091 3800 3301 3866 accidit,
3344 3800 3640 3856 libertatem

2065 3895 2178 3965 ipse
2207 3894 2403 3948 amisit.
2438 3895 2501 3946 Et
2531 3892 2631 3946 nisi
2664 3891 2917 3947 barbarus
2952 3891 3166 3960 quidam
3195 3891 3387 3946 Sicilia:
3415 3901 3643 3962 tyranno

2065 3984 2246 4038 mitior
2275 3983 2482 4047 fuisset,
2528 3982 2657 4036 nihil
2697 3981 3058 4051 prohibuisset
3095 3983 3380 4052 quominus
3408 3983 3644 4052 pltilOSn-

2066 4074 2201 4143 phus
2243 4072 2297 4127 in
2343 4072 2515 4128 aliena
2559 4081 2699 4126 terra
2738 4071 2983 4127 servituti
3006 4071 3249 4126 addictus
3287 4083 3446 4127 esset.
3479 4073 3641 4143 Atqui

2067 4181 2172 4220 non
2201 4179 2298 4235 par
2326 4180 2413 4219 res
2439 4173 2541 4229 est,
2573 4180 2634 4218 ea
2674 4181 2791 4235 qua:
2833 4163 2900 4218 ad
2942 4179 3162 4235 regnum
3192 4164 3456 4234 pertinent
3485 4164 3641 4218 inno-

2067 4273 2212 4324 vare,
2230 4269 2282 4313 et
2303 4274 2421 4328 qua:
2446 4257 2510 4312 ad
2539 4257 2851 4329 religionem
2879 4275 2892 4310 :
2918 4256 3018 4311 hoc
3045 4257 3186 4312 enim
3218 4257 3446 4311 tnaxitne
3474 4257 3644 4314 homi-

2072 4367 2164 4406 nes
2187 4351 2469 4406 conturbat
2507 4362 2558 4405 et
2598 4359 2914 4405 commovet.
2945 4349 3074 4403 Nam
3102 4349 3279 4404 dicere
3299 4392 3312 4414 ,
3344 4350 3440 4404 llic
3466 4362 3518 4403 et
3544 4350 3644 4404 iste

2069 4442 2206 4497 hanc
2247 4457 2469 4496 uxorem
2512 4441 2731 4507 ducant,
2781 4450 2854 4504 et,
2894 4427 3153 4495 Custodes
3198 4440 3300 4495 hoc
3341 4441 3501 4494 modo
3536 4441 3643 4496 sint

2068 4532 2338 4596 custodes,
2370 4547 2476 4585 non
2503 4531 2725 4585 multum
2754 4530 2966 4585 turbare
2997 4540 3214 4598 possunt
3234 4573 3249 4595 ,
3273 4545 3392 4584 cum
3416 4530 3645 4586 maxime

2071 4623 2124 4677 in
2154 4622 2294 4677 libro
2320 4621 2517 4691 scripta
2545 4632 2690 4686 sunt,
2720 4635 2820 4675 nec
2850 4622 3072 4674 multum
3102 4630 3253 4676 curat
3273 4621 3565 4691 legislator,
3592 4630 3649 4673 ut

2070 4714 2265 4783 scripta
2297 4712 2351 4767 in
2397 4728 2531 4782 opus
2558 4721 2750 4767 exeant
2778 4730 2792 4766 :
2825 4723 2877 4765 at
2906 4713 3120 4778 dicere,
3155 4727 3247 4766 eos
3271 4712 3359 4781 qui
3399 4713 3648 4766 coluntur

2074 4823 2176 4860 non
2204 4821 2324 4860 esse
2351 4805 2503 4869 deos,
2537 4805 2630 4859 sed
2659 4805 2950 4869 daemonas,
2979 4818 3102 4857 cum
3129 4803 3219 4872 qui
3245 4805 3528 4859 crucifixus
3549 4804 3646 4859 fuit

2075 4897 2238 4951 Deum
2268 4911 2408 4961 esse,
2432 4895 2580 4950 scitis
2601 4903 2850 4964 quantam
2877 4893 3180 4948 accenderit
3200 4893 3330 4947 iram
3352 4937 3365 4959 ,
3391 4906 3644 4964 quantum

2074 4986 2386 5043 excitaverit
2408 4986 2628 5041 bellum.
3566 4980 3569 4982 ’

2146 5080 2199 5135 5.
2230 5078 2543 5150 Protagoras
2564 5088 2612 5131 et
2636 5076 2932 5130 Theodorus
2951 5075 3103 5128 atltei.
3127 5105 3197 5114 —
3215 5075 3347 5130 Nam
3370 5077 3504 5146 apud
3529 5077 3647 5133 illos

2077 5170 2394 5240 Protagoras
2426 5169 2520 5239 (b),
2544 5168 2666 5239 quia
2697 5183 2859 5221 ausus
2884 5175 2966 5221 est
2992 5165 3192 5233 dicere,
3218 5167 3332 5221 Non
3355 5166 3474 5220 novi
3496 5168 3645 5232 deos,

2137 5306 2210 5367 (α)
2238 5306 2312 5355 De
2332 5305 2538 5356 Platone
2561 5304 2771 5367 ejusque
2795 5303 2842 5351 in
2864 5301 3065 5367 siciliam
3081 5301 3308 5367 transitu,
3333 5299 3465 5367 et___de
3489 5303 3646 5353 reditu

2078 5362 2338 5416 ex'e'adem
2359 5405 2372 5426 ,
2399 5367 2510 5417 vnde
2543 5362 2844 5416 Plutarchum
2867 5365 2917 5412 iu
2944 5364 3052 5414 Vita
3080 5362 3272 5425 Dionis,
3300 5372 3351 5414 et
3374 5363 3650 5425 Diogenem

2077 5433 2314 5479 Laertium
2339 5433 2384 5477 in
2409 5427 2622 5476 Platone.

2141 5490 2211 5553 (b)
2231 5486 3079 5553 De,Protagora-ltgec_habet_Cieero
3094 5484 3177 5534 lib.
3203 5485 3224 5534 ι
3252 5484 3316 5534 de
3339 5493 3507 5534 Natura
3529 5487 3648 5535 deo-

2079 5549 2204 5622 runt,
2230 5565 2274 5600 c.
2301 5552 2390 5622 25;
2419 5558 2538 5622 Aput
2562 5549 2803 5622 Abderites
2819 5549 3338 5622 quident__tfrotugOt'_qs
3350 5581 3365 5604 ,
3390 5561 3527 5622 aqu:
3550 5563 3578 5596 α
3603 5555 3648 5615 te

2080 5607 2221 5662 modo
2242 5611 2416 5674 ttwutio
2436 5613 2564 5674 facta
2578 5618 2674 5674 est,
2697 5607 2929 5674 sophistes
2951 5607 3240 5674 temporibus
3263 5607 3460 5674 illis-oet
3489 5607 3648 5657 maxi-

2080 5689 2203 5730 mus,
2222 5687 2330 5724 cum
2354 5671 2404 5722 in
2429 5668 2666 5736 principio
2689 5668 2801 5736 libri
2822 5671 2898 5736 sui
2918 5671 2989 5736 sic
3013 5669 3242 5736 posuisset
3267 5669 3328 5720 de
3353 5668 3466 5736 diis,
3492 5681 3646 5736 neque

2083 5744 2131 5788 ut
2154 5737 2266 5801 sint,
2287 5730 2437 5798 neque
2459 5741 2510 5785 ut
2543 5730 2636 5788 tum
2679 5735 2790 5795 sint,
2820 5730 3168 5784 Atheniensium
3195 5731 3339 5793 jussu
3364 5731 3481 5782 urbe
3503 5735 3648 5790 atque
