3954 6130
328 289 401 348 55
1357 286 1425 342 IN
1463 284 1683 349 EPIST.
1722 282 1745 341 1
1780 280 1872 337 ΔΙ)
1908 274 2069 335 C08.
2111 275 2347 334 HOMIL.
2376 278 2464 334 IV.
3524 276 3594 330 36

328 426 425 482 ρον
452 407 750 464 δείκνυσιν.
787 408 856 462 ’Δ
883 407 993 479 γάρ
1031 409 1258 478 ἴσχυσαν
1306 403 1652 475 κατορθῶσαι
1699 403 1767 472 τῇ
1819 395 1918 451 τοῦ

322 502 467 557 Θεοῦ
491 503 678 574 χάριτι
711 500 942 555 τελῶναι
973 501 1068 555 καί⁵
1097 499 1290 566 ἁλιεῖς,
1316 497 1490 553 ταῦτα
1515 496 1797 566 φιλόσοφοι
1826 492 1919 546 καὶ

328 596 562 667 ι’ήτορες
599 593 694 646 καὶ
718 595 973 663 τύραννοι
1014 591 1111 644 καὶ
1140 591 1291 644 πᾶσα
1330 588 1519 651 ἁπλῶς
1547 588 1581 658 ἡ
1620 583 1917 654 οἰκουμένη

330 685 504 757 μυρία
534 682 947 756 περιδραμοῦσα
992 682 1114 736 οὐδὲ
1161 680 1535 752 φαντασθῆναι
1566 679 1810 749 ἴσχυσαν.
1850 672 1919 726 Τί

340 777 437 849 γὰρ
465 776 566 829 οὐκ
596 776 891 846 εἰσήγαγεν
931 775 963 826 6
1005 774 1280 845 σταυρόςς
1320 772 1425 825 Τὸν
1454 770 1583 843 περί
1620 769 1918 833 ἀθανασίας

324 868 504 938 ψυχῆς
541 866 727 934 λόγον,
755 866 848 919 τὸν
878 867 1006 937 περὶ
1040 865 1141 936 τῆς
1191 864 1544 926 ἀναστάσεως
1573 862 1681 915 τῶν
1726 861 1917 931 σωμά-

323 977 451 1021 των,
476 957 572 1012 τὸν
595 958 727 1031 περὶ
748 960 848 1029 τῆς
876 957 1177 1030 ὑπεροψίας
1208 956 1319 1010 τῶν
1344 956 1647 1027 παρόντων,
1670 954 1762 1007 τὸν
1789 970 1855 1004 πε
1864 951 1919 1022 pl

320 1049 422 1119 τῆς
467 1049 766 1120 ἐπιθυμίας
804 1048 917 1102 τῶν
956 1048 1279 1120 μελλόντων.
1323 1049 1434 1101 Καὶ
1476 1047 1744 1116 ἀγγέλους
1787 1047 1917 1109 τοὺς

319 1140 645 1213 ἀνθρώπους
679 1141 926 1211 ἐποίησε,
965 1140 1061 1194 καὶ
1110 1140 1311 1202 πάντες
1370 1138 1649 1209 πανταχοῦ
1699 1138 1917 1207 φιλοσο-

320 1233 508 1303 φοῦσι,
537 1235 635 1289 καὶ
665 1235 847 1288 πᾶσαν
870 1233 1125 1303 ἀνδρείαν
1146 1231 1562 1285 ἐπιδείκνυνται.

391 1382 456 1437 δ’.
503 1380 666 1436 Ἀλλά
710 1381 804 1434 καί
851 1380 985 1453 παρ’
1023 1380 1230 1442 αὐτοῖς,
1272 1379 1428 1450 φησί,
1465 1375 1649 1431 πολλοί
1684 1374 1917 1429 θανάτου

318 1473 793 1544 καταφρονοῦντες
816 1472 1091 1541 γεγόνασι.
1121 1471 1300 1535 Τίνες,
1331 1469 1454 1524 εἰπέ
1485 1486 1610 1541 μοι;
1644 1464 1755 1541 ἀρα
1784 1469 1814 1520 6
1846 1466 1908 1520 τὸ

315 1563 547 1617 κώνειον
582 1562 761 1630 πιών;
815 1563 954 1616 ’Δλὶέ
995 1563 1047 1616 εἰ
1095 1561 1298 1633 βούλει,
1357 1560 1633 1626 τοιούτους
1687 1560 1912 1632 μυρίους

313 1653 432 1709 ἀπὸ
480 1653 582 1725 τῆς
643 1652 971 1724 Ἐκκλησίας
1016 1654 1411 1722 παράσχωμαι.
1464 1652 1529 1705 Εἰ
1587 1651 1695 1722 γάρ
1763 1650 1908 1719 ἐνῆν,

313 1745 568 1817 διωγμοῦ
620 1743 1044 1815 καταλαϐόντος,
1082 1743 1309 1798 κώνειον
1356 1744 1577 1807 πιόντας
1634 1742 1909 1809 ἀπελθεῖν,

312 1840 526 1903 πάντες
553 1837 621 1893 ἂν
648 1838 861 1892 ἐκείνου
893 1837 1266 1908 λαμπρότεροι
1299 1837 1571 1906 γεγόνασι.

384 1989 601 2053 Ἄλλως
635 1988 693 2043 δέ
714 1990 926 2052 ἐκεῖνος
962 1988 1085 2059 ούχί
1118 1987 1308 2061 κύριος
1349 1986 1426 2041 ὢν
1457 1985 1553 2041 τοῦ
1594 1984 1670 2056 μὴ
1698 1987 1842 2038 πιεῖν
1871 1984 1906 2055 ἢ

308 2084 485 2150 πιεῖν,
528 2082 712 2136 ἔπιεν·
746 2081 885 2137 ἀλλά
919 2083 1013 2135 καὶ
1041 2082 1246 2137 ἄκοντα
1272 2082 1365 2135 καὶ
1387 2081 1582 2134 ἑκόντα
1609 2080 1717 2133 ἔδει
1748 2078 1910 2132 τοῦτο

308 2177 527 2240 παθεῖν,
560 2177 696 2247 ὅπερ
724 2175 827 2229 οὐκ
852 2167 921 2246 ἦν
953 2174 1226 2244 ἀνδρείας,
1261 2173 1397 2226 ἀλλὰ
1421 2173 1667 2242 ἀνάγκης
1694 2171 1906 2224 λοιπόν.

307 2270 425 2325 Kal
457 2267 568 2340 γὰρ
597 2267 694 2321 καὶ
728 2266 927 2337 λῃσταὶ
947 2264 1043 2318 καὶ
1069 2264 1386 2337 ἀνδροφόνοι
1415 2264 1520 2317 ὑπὸ
1539 2266 1607 2335 τῇ
1632 2263 1798 2334 ψήφῳ
1821 2279 1907 2330 γε·

307 2362 529 2432 νόμενοι
570 2358 680 2412 τῶν
718 2356 1056 2422 δικαζόντων
1094 2356 1454 2427 χαλεπώτερα
1495 2354 1719 2408 ἔπαθον.
1766 2353 1906 2424 Hap‘

305 2451 444 2520 ἡμῖν
467 2449 525 2504 δέ
553 2446 861 2502 τούναντίον
884 2445 1051 2500 ἀπαν·
1082 2445 1144 2498 ού
1171 2444 1283 2515 γὰρ
1312 2444 1536 2505 ἄκοντες
1557 2443 1606 2494 οἰ
1630 2440 1906 2511 μάρτυρες

306 2542 637 2613 ὑπέμειναν,
665 2539 782 2594 ἀλλ’
812 2539 1031 2602 ἑκόντες
1079 2538 1174 2591 καί
1214 2536 1398 2608 κύριοι
1448 2534 1541 2589 τοῦ
1590 2534 1666 2605 μὴ
1710 2532 1906 2585 παθεῖν

306 2633 494 2694 ὄντες,
536 2628 655 2701 [29]
684 2628 989 2699 ἀδάμαντος
1037 2626 1239 2690 παντὸς
1285 2624 1648 2697 στερροτέραν
1700 2622 1907 2675 ἐπιδει-

305 2721 550 2784 κνύντες
569 2721 671 2791 τὴν
696 2719 968 2791 ἀνδρείαν.
993 2719 1068 2772 Οὐ
1099 2718 1280 2771 τοίνυν
1306 2716 1464 2770 τοῦτο
1491 2712 1829 2785 θαυμαστὸν,
1855 2712 1904 2765 εἰ

306 2814 545 2869 κώνειον
580 2812 735 2867 ἔπιεν
764 2813 995 2876 ἐκεῖνος,
1024 2810 1119 2864 καί
1150 2808 1350 2881 μηκέτι
1379 2808 1568 2875 κύριος
1594 2805 1669 2859 ὢν
1701 2805 1792 2858 τοῦ
1828 2802 1904 2875 μὴ

304 2910 479 2973 πιεῖν,
534 2906 631 2961 καὶ
668 2904 807 2976 πρὸς
845 2902 1074 2974 ἔσχατον
1115 2901 1293 2973 γῆρας
1335 2898 1630 2969 ἐληλακὼς·
1663 2897 1756 2950 καὶ
1793 2896 1903 2967 γάρ

303 3000 498 3069 ελεγεν
547 2996 688 3051 ἐτῶν
724 2993 1099 3063 ἐϐδομήκοντα
1158 2987 1322 3052 εἶναι,
1374 2989 1463 3042 ὅτε
1524 2987 1902 3057 κατεφρόνησε

305 3090 476 3161 ζωῆς,
514 3089 568 3142 εῐ
609 3103 674 3155 γε
719 3086 817 3139 καὶ
848 3083 1010 3137 τοῦτο
1036 3079 1446 3151 καταφρονῆσαι
1494 3080 1671 3132 ἐστιν·
1703 3077 1765 3130 ού
1792 3078 1900 3147 γάρ

304 3179 482 3249 ἔγωγε
512 3179 580 3232 ἂν
608 3176 847 3246 εἴποιμι,
874 3172 1075 3245 μᾶλλον
1099 3171 1155 3225 δὲ
1182 3171 1302 3224 οὐδὲ
1329 3169 1486 3233 ἀλλος
1505 3168 1701 3232 ούδείς.
1740 3166 1902 3221 Ἀλλά

303 3266 479 3334 δεῖξόν
503 3265 594 3337 μοί
625 3281 748 3318 τινα
777 3263 921 3327 ὑπὲρ
955 3260 1237 3324 εὐσεϐείας
1275 3259 1528 3330 βασάνοις
1559 3259 1901 3329 ἐγκαρτερή-

308 3378 504 3422 σαντα,
542 3358 794 3429 καθάπερ
826 3355 940 3426 ἐγὼ
974 3354 1205 3427 μυρίους
1250 3353 1529 3423 πανταχοῦ
1583 3357 1685 3426 τῆς
1715 3355 1899 3408 οἰκου-

312 3452 505 3522 μένης.
538 3450 633 3514 Τίς
687 3449 797 3502 τῶν
845 3447 1057 3518 ὀνύχων
1114 3443 1577 3516 ἀνορυττομένων,
1634 3445 1902 3513 γενναίως

304 3544 552 3614 ἤνεγκα
582 3543 669 3605 τίς
698 3541 805 3594 τῶν
851 3539 1068 3611 ἀρθρων
1107 3536 1639 3607 ἀνασκαπτομένων;
1674 3536 1760 3600 τίς
1801 3535 1899 3589 τοῦ

304 3634 564 3704 σώματος
607 3631 777 3687 αύτοῦ
817 3631 956 3686 κατά
1008 3631 1175 3702 μέρος
1217 3628 1630 3700 πορθουμένου;
1661 3627 1746 3691 τίς
1792 3627 1900 3680 τῶν

301 3727 506 3780 ὀστέων
539 3726 642 3797 τῆς
679 3724 926 3795 κεφαλῆς
962 3721 1519 3792 ἀναμοχλευομένων;
1556 3719 1640 3782 τίς
1677 3719 1770 3772 ἐπὶ
1795 3720 1898 3791 τή-

301 3835 446 3887 γανα
480 3817 725 3888 συνεχῶς
766 3815 1051 3887 τιθέμενος
1074 3831 1088 3880 ;
1120 3814 1205 3877 τίς
1231 3814 1310 3877 εἰς
1335 3811 1538 3882 λέϐητα
1562 3813 1586 3864 ἐ
1595 3810 1901 3883 μϐαλλόμε-

302 3925 429 3976 νος;
459 3908 649 3963 Ταῦτά
678 3924 770 3978 μοι
802 3906 997 3972 δεῖξον.
1042 3905 1117 3959 Τδ
1141 3904 1252 3975 γάρ
1294 3904 1507 3975 κωνείῳ
1551 3903 1896 3974 τελευτῆσαι,

303 3999 421 4052 ῖσον
470 3998 590 4052 ἐστί
638 3996 719 4068 τῷ
762 3994 1173 4066 καθευδήσαντα
1230 3995 1619 4064 ἐναπομεῖναι·
1667 3994 1898 4066 καὶγὰρ

303 4090 477 4143 ὕπνου
507 4089 672 4160 ἡδίων
695 4084 850 4152 οὗτος
879 4090 907 4141 6
938 4087 1170 4151 θάνατος
1202 4086 1420 4154 λέγεται
1445 4081 1605 4139 εἶναι.
1637 4085 1699 4139 Εἰ
1730 4085 1787 4141 δέ
1810 4102 1896 4138 τι-

303 4199 397 4246 νες
422 4182 520 4236 καὶ
552 4180 817 4251 βασάνους
838 4180 1161 4250 ὑπέμειναν,
1186 4178 1322 4234 ἀλλά
1354 4180 1447 4233 καὶ
1471 4178 1674 4232 τούτων
1703 4178 1765 4233 τὸ
1799 4180 1896 4248 ἐγ-

280 4271 517 4344 ’κώμιον
542 4269 847 4325 ἀπόλωλεν·
875 4268 1017 4340 ὑπὲρ
1045 4270 1155 4341 γὰρ
1187 4270 1423 4339 αἰσχρᾶς
1445 4268 1623 4331 αἰτίας
1646 4266 1895 4323 άπώλον·

299 4382 383 4429 το,
413 4364 465 4418 οἰ
504 4364 605 4436 μὲν
624 4364 702 4429 ώς
738 4363 1028 4434 ἀπόρρητα
1057 4360 1383 4429 ἐξειπόντες,
1413 4361 1463 4413 οἰ
1497 4360 1565 4413 δὲ’
1589 4360 1666 4423 ώς
1691 4377 1894 4430 τυραν-

301 4454 409 4509 νίδι
430 4453 769 4524 ἐπιθέμενοι,
791 4452 843 4506 οί
875 4451 933 4504 δὲ
970 4450 1066 4504 ἐπὶ
1098 4452 1207 4513 τοῖς
1236 4450 1537 4520 αἰσχίστοις
1573 4449 1812 4513 ἁλόντες·
1844 4450 1895 4503 οἰ

301 4545 361 4600 δέ
395 4546 517 4617 εἰκῆ
543 4545 640 4599 καὶ
672 4544 854 4616 μάτην
875 4541 972 4596 καὶ
1004 4540 1213 4605 ἁπλῶς,
1244 4541 1422 4605 αἰτίας
1450 4540 1525 4611 μὴ
1550 4538 1735 4609 οὔσης,
1761 4541 1891 4594 ἐαυο

300 4638 432 4701 τοὺς
480 4639 823 4709 ἀπήνεγκαν.
882 4633 1020 4689 Ἀλλ’
1057 4634 1179 4705 οὐχὶ
1230 4633 1362 4706 παρ’
1410 4635 1541 4706 ἡμῖν
1584 4632 1747 4687 οὕτω.
1792 4632 1892 4687 Διά

296 4729 462 4784 τοῦτο
486 4730 557 4785 τά
588 4730 688 4802 μὲν
718 4728 946 4783 ἐκείνων
976 4728 1286 4797 σεσίγηται,
1327 4726 1501 4780 ταῦτα
1529 4726 1585 4779 δὲ
1614 4725 1768 4780 ἀνθεῖ
1797 4726 1892 4779 καὶ

296 4819 424 4874 καθ’
443 4820 685 4891 ἑκάστην
714 4818 995 4872 ἐπιδίδωσι
1023 4818 1125 4888 τὴν
1147 4817 1382 4887 ἡμέραν.
1421 4817 1599 4887 Ὅπερ
1639 4816 1836 4869 ἐννοῶν
1861 4818 1890 4870 6

295 4912 515 4978 Παῦλος
535 4912 712 4982 ἔλεγε·
739 4913 815 4967 Τὸ
839 4912 1066 4976 ἀσθενὲς
1085 4909 1180 4964 τοῦ
1202 4909 1338 4964 Θεοῦ
1365 4909 1582 4963 πάντων
1613 4909 1888 4982 ἰσχυρότε-

294 5007 388 5079 ρόν
418 5007 543 5061 ἐστι
562 5005 676 5061 τῶν
698 5005 1026 5078 ἀνθρώπων.
1062 5004 1187 5062 Ὀτι
1213 5002 1321 5074 γάρ
1347 5001 1490 5055 θεῖον
1512 5001 1574 5055 τὸ
1602 5003 1886 5073 κήρυγμα,

293 5100 388 5155 καὶ
430 5092 692 5165 ἐντεῦθεν
731 5097 911 5168 δῆλον.
953 5095 1127 5150 Πόθεν
1159 5095 1268 5166 γάρ
1301 5092 1536 5163 ἐπῆλθεν
1580 5092 1889 5166 ἀνθρώποις

289 5194 505 5250 δώδεκα
550 5193 650 5247 καὶ
685 5188 925 5254 ἰδιώταις
962 5189 1284 5261 πράγμασιν
1321 5186 1668 5256 ἐπιχειρῆσαι
1697 5187 1889 5240 τοσού-

290 5304 424 5356 τοις,
454 5289 521 5342 ἐν
547 5284 789 5356 λίμναις,
822 5285 881 5338 ἐν
929 5283 1223 5352 ποταμοῖς,
1275 5281 1334 5332 ἐν
1378 5277 1639 5349 ἐρημίαις
1685 5278 1888 5349 διατρί-

291 5382 504 5448 ϐουσιν,
538 5378 798 5433 οὐδέποτε
840 5377 926 5440 εἰς
959 5374 1116 5428 πόλιν
1157 5372 1371 5444 ταχέως
1395 5371 1518 5424 οὐδὲ
1563 5372 1643 5434 εἰς
1681 5371 1887 5443 ἀγοράν

291 5469 665 5541 ἐμϐεϐληκόσι
694 5478 740 5535 ·;
772 5467 945 5523 πόθεν
990 5463 1194 5536 ἐπῆλθε
1233 5463 1373 5537 πρὸς
1423 5464 1525 5536 τὴν
1555 5463 1887 5535 οἰκουμένην

292 5562 475 5616 πᾶσαν
506 5558 932 5632 παρατάξασθαι
961 5573 977 5624 ;
1016 5555 1139 5607 ’Ότι
1166 5552 1275 5623 γὰρ
1298 5552 1460 5609 δειλοὶ
1494 5548 1635 5626 ἦσαν
1664 5554 1760 5608 καὶ
1796 5554 1888 5608 άν-

355 5733 384 5766 ⁸
412 5734 685 5799 Legebat”
708 5727 1011 5795 ἐμϐεϐηκόσι
1021 5764 1032 5777 .

2017 395 2223 467 ανδροι,
2247 396 2518 450 δείκνυσιν
2540 396 2570 450 6
2594 394 2723 466 περὶ
2747 391 2928 450 αὐτῶν
2962 392 3201 464 γράψας,
3234 394 3329 448 καί
3353 391 3428 465 μὴ
3458 409 3599 465 παρ-

2017 488 2408 559 αιτησάμενος,
2463 487 2600 558 μηδέ
2636 488 2938 559 ὑπομείνας
2986 486 3280 540 συσκιάσαι
3311 486 3492 540 αὐτῶν
3530 488 3600 540 τά

2015 584 2391 654 ἐλαττώματα,
2429 583 2565 648 ὅπερ
2597 580 2854 652 μέγιστον
2884 577 2980 633 καὶ
3010 578 3170 632 τοῦτο
3201 578 3303 648 τῆς
3343 577 3605 648 ἀληθείας

2015 674 2134 728 ἐστὶ
2152 674 2471 743 τεκμήριον.
2504 670 2570 724 Τί
2596 666 2691 724 οὖν
2712 664 2870 733 οὗτός
2907 685 3039 739 φησι
3076 670 3203 739 περί
3226 668 3443 734 αὐτῶν;
3478 668 3601 721 Ὀτι

2013 766 2109 821 τοῦ
2153 764 2391 838 Χριστοῦ
2425 762 2844 835 συλληφθέντος,
2881 762 3020 833 μετά
3055 762 3226 833 μυρία
3258 760 3512 831 θαύματα
3548 760 3600 812 οἰ

2018 860 2118 931 μὲν
2159 859 2379 929 ἔφυγον,
2419 860 2448 911 6
2496 858 2553 910 δὲ
2602 857 2791 928 μείνας
2835 857 3130 926 κορυφαῖος
3166 855 3242 907 ὢν
3275 855 3381 908 τῶν
3426 854 3599 908 ἀλλων

2013 952 2312 1021 ⁴ἰιρνήσατο.
2347 949 2519 1002 Πόθεν
2550 944 2646 1001 οῦν
2674 948 2725 1000 οἰ
2748 946 2949 1011 ζῶντος
2978 945 3071 999 τοῦ
3101 946 3337 1016 Χριστοῦ
3358 944 3456 1015 τὴν
3481 946 3602 996 ’1ου-

2013 1041 2205 1112 δαῖκὴν
2239 1042 2414 1114 ὁρμὴν
2445 1042 2545 1095 οὐκ
2575 1040 2911 1110 ἐνεγκόντες,
2941 1040 3364 1108 τελευτήσαντος
3391 1039 3484 1092 καὶ
3507 1055 3599 1089 τα-

2014 1134 2207 1205 φέντος
2234 1135 2330 1188 καὶ
2362 1134 2437 1205 μὴ
2465 1133 2817 1199 ἀναστάντος,
2841 1131 2917 1195 ὥς
2945 1149 3103 1200 φατε,
3135 1131 3270 1200 μηδέ
3302 1129 3601 1199 διαλεχθέν-

2012 1244 2104 1290 τος
2146 1227 2351 1289 αύτοῖς,
2399 1225 2533 1297 μηδέ
2587 1226 2784 1295 θάρσος
2830 1223 3096 1286 ἐνθέντος,
3145 1223 3283 1293 πρὸς
3330 1222 3601 1292 τοσαύτην

2012 1317 2415 1388 παρετάττοντο
2428 1317 2753 1386 οἰκουμένην
2770 1333 2783 1377 ;
2803 1316 2916 1368 Οὐκ
2939 1314 3006 1368 ἂν
3027 1311 3179 1366 εἶπον
3195 1312 3330 1384 πρὸς
3350 1313 3598 1377 ἑαυτοὺς,

2013 1409 2078 1463 Τί
2120 1407 2185 1479 δὴ
2223 1407 2383 1461 τοῦτό
2418 1409 2605 1472 ἐστιν;
2640 1407 2832 1461 ἑαυτὸν
2870 1408 2973 1460 οὐκ
3013 1406 3201 1476 ίσχυσε
3258 1404 3451 1468 σῶσαι,
3507 1406 3601 1457 καὶ

2011 1501 2173 1573 ἡμῶν
2195 1503 2567 1572 προστήσεται
2591 1520 2606 1567 ;
2644 1500 2823 1571 ἐαυτῷ
2851 1502 2953 1554 οὐκ
2980 1502 3154 1571 ῆμυνε
3180 1499 3309 1565 ζῶν,
3340 1500 3436 1553 καὶ
3466 1500 3599 1568 ἡμῖν

2011 1599 2169 1667 χεῖρα
2200 1594 2381 1665 ὀρέξει
2410 1593 2841 1665 τετελευτηκώςς
2870 1593 3032 1656 αὐτὸς
3065 1592 3176 1656 ζῶν
3208 1593 3329 1646 οὐδὲ
3357 1593 3414 1646 ἐν
3446 1592 3599 1657 ἔθνος

2014 1686 2271 1751 ὑπέταξε,
2297 1688 2392 1740 καί
2415 1689 2578 1756 ἡμεῖς
2597 1686 2697 1757 τὴν
2724 1685 3054 1755 οἰκουμένην
3080 1684 3212 1754 ὃλην
3237 1686 3503 1753 πείσομεν
3535 1683 3598 1736 τὸ

2009 1778 2219 1831 ἐκείνου
2247 1777 2496 1846 λέγοντες
2527 1778 2736 1847 δνομας
2769 1775 2866 1830 καλ⁵
2900 1774 3017 1838 πῶς
3052 1775 3119 1829 ἀν
3145 1777 3259 1845 ἐχοι
3293 1775 3449 1843 λόγον
3475 1776 3598 1846 οὐχὶ

2009 1869 2236 1936 ποιῆσαι
2277 1867 2452 1920 ταῦτα
2488 1869 2669 1938 μόνον,
2701 1866 2817 1919 ἀλλ’
2838 1865 3090 1935 ἐννοῆσαι
3115 1866 3282 1934 γοῦν;
3310 1866 3474 1919 Ὀθεν
3506 1867 3598 1938 δῆ-

2007 1958 2099 2013 λον
2124 1959 2227 2023 ὅτι,
2261 1959 2310 2012 εἰ
2342 1959 2416 2030 μὴ
2442 1954 2582 2012 εῐδον
2612 1956 2920 2012 ἀναστάντα
2944 1956 3040 2009 καὶ
3065 1957 3164 2025 τῆς
3187 1956 3471 2027 δυνάμεως
3502 1959 3597 2010 αὐ-

2007 2050 2101 2102 τοῦ
2141 2049 2406 2121 μεγίστην
2435 2049 2626 2103 ἔλαϐον
2651 2048 2948 2114 ἀπόδειξιν,
2991 2050 3092 2103 οὐκ
3118 2048 3185 2103 ἂν
3213 2048 3469 2103 τοσοῦτον
3501 2053 3596 2104 άν-

2006 2142 2240 2215 έρῤιψαν
2261 2143 2443 2197 κύϐον.
2465 2141 2581 2213 [30]
2614 2143 2675 2195 Εἰ
2703 2142 2811 2212 γάρ
2841 2143 2933 2195 καὶ
2958 2142 3148 2211 φίλους
3174 2137 3321 2213 εἶχον
3344 2145 3593 2216 μυρίους,

2005 2238 2106 2290 οὐκ
2140 2236 2207 2290 ἃν
2243 2237 2448 2300 εὐθέως
2495 2237 2725 2307 ἐχθροὺς
2758 2237 3059 2307 ἐκτήσαντο
3108 2237 3339 2303 πάντας,
3387 2238 3595 2293 παλαιά

2005 2328 2101 2397 ἔθη
2129 2328 2406 2393 κινοῦντες
2434 2330 2528 2382 καὶ
2557 2327 2788 2400 πατρῷα
2806 2328 2930 2399 ὅρια
2954 2329 3303 2400 μεταίροντες
3320 2329 3379 2394 ἱθ;
3399 2330 3516 2383 νυνί
3536 2330 3593 2383 δὲ

2005 2421 2100 2472 καὶ
2127 2421 2335 2485 πάντας
2370 2421 2662 2490 πολεμίους
2693 2423 3009 2493 ἐκέκτηντο,
3034 2422 3128 2476 καὶ
3154 2422 3281 2486 τοὺς
3311 2422 3476 2486 ἰδίους
3498 2423 3593 2477 καί

2003 2508 2130 2571 τοὺς
2151 2508 2482 2578 ἀλλοτρίους.
2514 2511 2576 2563 Εἰ
2602 2510 2711 2581 γὰρ
2730 2512 2826 2565 καὶ
2859 2512 3128 2581 αἰδέσιμοι
3159 2512 3379 2568 πάντων
3404 2512 3592 2566 ἕνεκεν

2001 2596 2144 2671 ἦσαν
2172 2601 2282 2654 τῶν
2309 2601 2527 2668 ἔξωθεν.
2561 2604 2662 2656 οὐκ
2692 2603 2759 2656 ἂν
2784 2603 2985 2667 πάντες
3016 2604 3213 2668 αὐτοὺς
3240 2604 3593 2671 ἐϐδελύξαντο

2003 2692 2197 2765 καινὴν
2224 2693 2499 2746 πολιτείαν
2528 2695 2880 2761 εἰσάγονταςς
2906 2693 3001 2747 νῦν
3024 2694 3081 2747 δέ
3111 2696 3206 2750 καὶ
3226 2696 3424 2767 ἔρημοι
3454 2696 3591 2750 πάνο

2001 2784 2111 2837 τῶν
2140 2783 2454 2854 ἐτύγχανον,
2485 2786 2578 2837 καὶ
2610 2783 2758 2848 εἰκὸς
2786 2780 2855 2854 ἦν
2894 2784 3188 2838 κάντεῦθεν
3215 2788 3477 2857 μισητοὺς
3496 2804 3588 2855 γε-

2001 2878 2187 2932 νέσθαι
2221 2879 2372 2950 παρά
2403 2880 2537 2931 πᾶσι
2583 2878 2676 2931 καί
2715 2878 3242 2949 εὐκαταφρονήτους.
3280 2880 3443 2944 Τίνας
3479 2883 3591 2952 γάρ

2004 2971 2181 3042 βούλει
2213 2972 2429 3035 εἰπεῖνς
2479 2971 2767 3034 Ἰουδαίους
2793 2987 2809 3035 ;
2859 2969 3002 3023 Ἀλλ’
3034 2970 3242 3038 ἄφατον
3271 2970 3416 3042 εἰχον
3451 2975 3590 3044 πρὶς

1999 3063 2197 3125 αὐτοὺς
2229 3065 2383 3135 μῖσος
2425 3064 2489 3114 ἐκ
2518 3062 2626 3115 τῶν
2649 3061 2787 3133 πρὸς
2816 3062 2908 3115 τὸν
2935 3061 3258 3127 διδάσκαλον
3286 3066 3590 3135 γεγενημέ-

1998 3173 2126 3210 νων.
2169 3154 2308 3207 Ἀλλ⁹
2349 3154 2654 3223 Ἐλληναςς
2700 3152 2859 3207 Ἀλλά
2890 3156 2984 3207 καί
3012 3148 3162 3208 οὗτοι
3200 3155 3300 3207 οὐκ
3328 3155 3589 3209 ἐλάττονα

1998 3245 2223 3299 ἐκείνων
2247 3245 2701 3315 ἀπεστράφησαν,
2725 3244 2821 3298 καί.
2842 3243 2990 3298 ῐσασι
3017 3242 3192 3298 ταῦτα
3218 3245 3453 3314 μάλιστα
3467 3246 3589 3299 Ἕλ-

1998 3330 2178 3401 ληνες.
2216 3330 2443 3384 Πλάτων
2483 3331 2594 3400 γὰρ
2639 3332 2669 3384 ό
2709 3331 2987 3385 πολιτείαν
3024 3331 3150 3385 τινὰ
3188 3334 3588 3404 καινοτομῆσαι

2000 3422 2311 3493 βουληθεὶς,
2340 3422 2540 3493 μᾶλλον
2569 3423 2627 3475 δὲ
2659 3424 2824 3494 μέρος
2845 3423 3137 3488 πολιτείας,
3170 3428 3263 3478 καί
3288 3426 3348 3478 ού
3379 3427 3446 3480 τὰ
3476 3424 3587 3479 τῶν

1998 3515 2136 3568 θεῶν
2164 3515 2473 3585 μετατιθεὶς
2502 3515 2729 3585 νόμιμα,
2764 3515 2879 3568 ἀλλ’
2907 3515 3093 3579 ἁπλῶς
3116 3516 3344 3587 πράξεις
3365 3520 3587 3586 εἰσαγα-

1997 3604 2111 3674 γὼν
2148 3608 2345 3676 ἐτέρας
2378 3604 2496 3658 ἀνθ’
2528 3605 2754 3675 ἐτέρων,
2801 3604 3144 3659 ἐκινδύνευσε
3194 3607 3445 3670 Σικελίας
3492 3610 3586 3663 ἐκ·

1998 3698 2182 3750 πεσὼν
2234 3696 2546 3751 ἀποθανεῖν·
2602 3697 2788 3769 ἐπειδή
2845 3697 2902 3751 δὲ
2935 3697 3095 3767 τοῦτο
3139 3698 3202 3751 ού
3240 3700 3453 3767 γέγονε,
3485 3701 3586 3771 τῆς

1997 3791 2314 3862 ἐλευθερίας
2355 3789 2613 3856 ἐξέπεσεν
2646 3790 2836 3862 αὐτῆς.
2869 3790 2979 3844 Kal
3004 3790 3052 3843 εἰ
3085 3791 3160 3863 μὴ
3197 3790 3473 3863 βάρϐαρός
3499 3810 3584 3856 τις

1995 3884 2090 3939 τοῦ
2130 3884 2380 3949 Σικελίας
2425 3884 2690 3956 τυράννου
2732 3884 2954 3954 γέγονεν
3004 3883 3372 3956 ἡμερώτερος,
3430 3886 3585 3941 οὐδὲν

1994 3978 2201 4033 ἐκώλυε
2232 3977 2527 4040 διαπαντὸς
2567 3976 2839 4030 δουλεύειν
2880 3976 2973 4030 τὸν
3010 3976 3298 4046 φιλόσοφον
3331 3979 3390 4031 ἐν
3422 3979 3581 4033 ἀλλο-

1991 4072 2140 4144 τρίᾳ.
2172 4071 2432 4138 Καίτοιγε
2465 4070 2566 4124 οὐκ
2600 4068 2713 4124 ἴσον
2738 4070 2856 4123 ἐστί
2882 4068 2953 4122 τὰ
2981 4069 3106 4140 περί
3143 4070 3422 4141 βασιλείας
3459 4089 3582 4126 και-

1992 4167 2261 4237 νοτομεῖν,
2296 4163 2391 4217 καί
2420 4162 2488 4216 τά
2512 4161 2640 4231 περί
2666 4160 2983 4231 θρησκείας·
3008 4160 3167 4214 τοῦτο
3195 4162 3302 4233 γάρ
3342 4163 3579 4233 μάλιστα

1993 4258 2212 4331 θορυϐεῖ
2235 4258 2329 4311 καὶ
2349 4255 2606 4328 ταράττει
2629 4255 2755 4317 τοὺς
2779 4252 2875 4306 ἀνθ
2886 4251 3117 4322 ρώπους.
3144 4254 3217 4305 T6
3243 4256 3352 4324 γὰρ
3381 4258 3576 4323 εἰπεῖν,

1992 4353 2074 4406 ὅτι
2119 4350 2176 4403 '0
2218 4349 2365 4402 δεῖνα
2390 4347 2485 4400 καί⁸
2521 4349 2549 4400 ό
2585 4345 2732 4398 δεῖνα
2767 4344 2868 4413 τὴν
2894 4344 3044 4395 δεῖνα
3079 4344 3451 4413 γαμείτωσαν,
3485 4354 3579 4405 καί

1992 4442 2065 4511 οε,
2090 4438 2327 4508 φύλακες
2356 4435 2542 4488 τοῦτον
2574 4432 2664 4486 τὸν
2700 4432 2903 4503 τρόπον
2942 4431 3186 4485 ἔστωσαν
3216 4434 3480 4502 φύλακες,
3514 4444 3576 4495 ού

1993 4525 2199 4596 σφόδρα
2233 4521 2417 4577 ἰκανὸν
2445 4518 2768 4592 θορυϐῆσαι·
2803 4519 2896 4572 καί
2945 4518 3200 4589 μάλιστα,
3241 4522 3371 4576 ὅταν
3401 4526 3458 4580 ἐν
3496 4526 3579 4597 βι-

1991 4620 2125 4690 ϐλίῳ
2206 4616 2378 4671 ταῦτα
2402 4614 2652 4685 κείμενα,
2681 4612 2773 4665 καί
2816 4611 2890 4681 μὴ
2934 4612 3102 4683 πολλὴ
3136 4615 3339 4687 σπουδὴ
3369 4617 3465 4671 τοῦ
3486 4638 3574 4674 νο-

1992 4708 2345 4784 μοθετοῦντος
2378 4706 2595 4777 γίνηται
2629 4705 2709 4766 εἰς
2730 4703 2890 4774 ἔργον
2918 4702 3072 4770 ἄγειν
3101 4703 3172 4757 τά
3198 4705 3484 4778 λεγόμενα·
3512 4711 3574 4763 τὸ

1991 4809 2176 4880 μέντοι
2211 4822 2273 4874 γε
2299 4805 2498 4871 λέγειν,
2527 4802 2609 4855 ὅτι
2636 4801 2733 4853 οὐκ
2763 4798 2871 4851 εἰσί
2898 4797 3010 4852 θεοί
3033 4799 3083 4850 οἰ
3119 4798 3568 4871 θεραπευόμενοι,

1985 4899 2102 4955 ἀλλ’
2150 4900 2233 4952 ὅτι
2289 4892 2540 4966 δαίμονές
2586 4894 2742 4956 εἰσιν,
2786 4891 2866 4944 ὅτι
2907 4893 2935 4944 ό
2970 4891 3382 4962 ἐσταυρωμένος
3415 4892 3567 4956 Θεὸς,

1987 4995 2101 5047 ίστε
2136 4991 2309 5060 πόσην
2338 4985 2541 5056 ἀνῆψεν
2565 4985 2756 5056 ὀργὴν,
2798 4985 2970 5054 πόσην
3011 4983 3077 5037 ἀν
3118 4983 3341 5053 ἐποίησε
3386 4984 3569 5040 δοῦναι

1985 5077 2164 5146 δίκην,
2197 5073 2364 5127 πόσον
2388 5068 2707 5141 ἀνεῤῥίπισε
2734 5067 2992 5136 πόλεμον.

2055 5213 2118 5260 ε’.
2132 5205 2243 5258 Kal
2258 5200 2369 5271 γὰρ
2385 5196 2758 5269 Πρωταγόρας
2781 5192 3124 5264 παράύτοῖς,
3136 5192 3320 5265 ἐπειδὴ
3341 5195 3568 5265 ἐτόλμη-

1988 5314 2079 5351 σεν
2100 5297 2294 5360 εἰπεῖν,
2310 5293 2391 5346 ὅτι
2406 5291 2508 5344 οὐκ
2523 5284 2655 5343 Οἶδα
2673 5285 2850 5350 θεοὺς,
2870 5286 2931 5338 ού
2952 5285 3050 5357 τὴν
3068 5286 3390 5358 οἰκουμένην
3412 5304 3478 5339 πε
3488 5305 3568 5358 ρι-

1990 5389 2083 5443 ιὼν
2097 5388 2193 5443 καὶ
2209 5385 2516 5457 κηρύττων,
2534 5381 2649 5437 ἀλλ’
2667 5382 2725 5435 ἐν
2745 5381 2843 5451 μιᾷ
2859 5379 3031 5444 πόλει,
3054 5381 3304 5449 περὶτῶν
3321 5381 3566 5449 ἐσχάτων

1986 5478 2353 5536 ἐκινδύνευσε.
2372 5476 2484 5530 Kal
2504 5472 2774 5544 Διαγόρας
2797 5473 2825 5525 ὁ
2855 5470 3141 5540 Μιλήσιος,
3166 5468 3260 5521 καὶ
3293 5467 3567 5536 Θεόδωρος

2048 5658 2079 5700 ιι
2103 5657 2187 5707 Sic
2210 5657 2334 5713 Reg.
2362 5654 2508 5704 bene.
2539 5655 2668 5706 Edili
2691 5658 2855 5702 autem
2900 5647 3100 5709 πατρῷα
3125 5644 3201 5700 ξθη
3252 5640 3562 5705 μεταίροντες,

1989 5722 2205 5786 repetita
2229 5730 2345 5771 voce
2372 5719 2468 5775 ἔθη.
