3954 6130
399 275 468 331 57
1116 275 1174 328 S.
1216 274 1505 331 JOANNIS
1534 275 2032 333 CHRYSOSTOMI
2072 277 2396 334 ARCHIEP.
2433 277 2986 337 CONSTANTINOP.
3603 299 3666 349 πελ

395 389 428 443 δ
454 387 746 460 λεγόμενος
777 389 990 458 Ἀθεος,
1023 389 1199 445 καίτοι
1232 390 1420 459 φίλους
1457 387 1603 461 εἶχον
1632 393 1724 446 καὶ
1749 391 1978 464 δύναμιν

395 479 498 551 τὴν
527 480 636 535 ἀπὸ
658 480 767 533 τῶν
796 481 991 549 λόγων,
1017 483 1112 536 καὶ
1142 483 1234 536 ἐπὶ
1267 483 1554 554 φιλοσοφίᾳ
1587 485 1980 556 ἐθαυμάζοντο,

396 571 514 624 ἀλλ’
540 572 692 642 ὅμως
731 573 884 628 οὐδὲν
919 573 1122 628 τούτων
1153 575 1352 638 αὐτοὺς
1389 574 1588 646 ὢνησε·
1625 579 1720 632 καὶ
1748 577 1776 627 ὁ
1809 579 1981 646 μέγας

395 663 454 717 δὲ
484 665 781 736 Σωκράτης
806 666 902 720 καὶ
928 668 1146 722 πάντων
1171 668 1281 721 τῶν
1313 672 1445 740 παρ’
1472 671 1654 733 αὐτοῖς
1692 673 1982 741 φιλοσοφία
2017 679 2043 690 "

396 756 614 826 κρατῶν
657 757 746 811 διὰ
772 757 931 812 τοῦτο
973 761 1034 813 τὸ
1066 758 1289 814 κώνειον
1330 762 1504 823 ἐπιεν,
1549 761 1736 831 ἐπειδὴ
1785 763 1842 814 ἐν
1869 765 1981 824 τοῖς

394 846 527 917 περὶ
550 846 686 900 θεῶν
727 848 907 918 λόγοις
943 851 1138 921 μικρόν
1164 869 1216 906 τι
1247 854 1573 923 παρακινεῖν
1603 852 1977 906 ὑπωπτεύετο.

393 935 459 990 Εἰ
498 937 556 990 δέ
588 938 857 1010 ὑπόληψις
899 941 1034 1011 μόνη
1065 943 1418 1012 καινοτομίας
1451 941 1703 997 τοσοῦτον
1737 942 1980 996 κίνδυνον

393 1029 593 1098 ήνεγκε
659 1032 970 1102 φιλοσόφοις
1017 1034 1242 1105 ἀνδράσι
1291 1036 1387 1089 καὶ
1424 1037 1610 1104 σοφοῖς
1654 1037 1747 1088 καὶ
1780 1034 1980 1106 μυρίας

392 1121 789 1178 ἀπολελαυκόσι
842 1124 1158 1196 θεραπείας,
1194 1127 1288 1179 καὶ
1331 1128 1392 1179 οὐ
1437 1127 1594 1196 μόνον
1626 1127 1726 1180 οὐκ
1755 1127 1980 1197 ἴσχυσαν

392 1213 538 1285 άπερ
563 1214 775 1286 ήθελον,
807 1215 943 1270 ἀλλά
976 1217 1070 1271 καὶ
1100 1219 1254 1271 αὐτοὶ
1290 1220 1384 1272 καὶ
1410 1219 1556 1288 ζωῆς
1593 1219 1687 1272 καὶ
1722 1220 1980 1289 πατρίδος

393 1304 511 1376 [5η
551 1306 828 1373 ἐξέπεσον,
863 1309 980 1372 πῶς
1003 1310 1062 1362 ού
1095 1309 1394 1376 θαυμάζεις
1431 1311 1525 1364 καὶ
1561 1311 1858 1383 ἐκπλήττῃ,
1888 1312 1980 1364 τὸν

392 1397 551 1451 ἁλιέα
586 1397 729 1469 δρῶν
772 1400 868 1452 ἐπὶ
895 1402 995 1472 τῆς
1027 1402 1352 1472 οἰκουμένης
1384 1402 1624 1456 τοσαῦτα
1669 1402 1981 1474 ἐργασάμε-

390 1502 504 1550 νον,
539 1488 634 1540 καί⁵
675 1489 1101 1559 κατορθώσαντα
1147 1489 1292 1561 άπερ
1333 1491 1657 1556 ἐσπούδασε,
1695 1492 1793 1546 καὶ
1824 1509 1980 1565 περι-

390 1579 680 1649 γενόμενον
739 1581 835 1634 καὶ
890 1581 1184 1653 βαρϐάρων
1233 1585 1330 1636 καὶ
1373 1583 1644 1655 Ἐλλήνων
1677 1585 1975 1650 άπάντωνς

403 1669 544 1722 Ἀλλ’
574 1665 740 1736 οῦτοι,
771 1673 954 1744 φησὶν,
980 1675 1102 1744 οὐχὶ
1129 1674 1286 1738 θεοὺς
1310 1677 1608 1746 εἰσήγαγον
1639 1675 1843 1741 ξένους,
1865 1677 1978 1730 ὧσ-

389 1779 497 1833 περ
529 1765 748 1820 ἐκεῖνοι.
785 1766 927 1819 Αὐτὸ
959 1766 1059 1836 μὲν
1086 1762 1178 1820 οῦν
1209 1767 1445 1836 μάλιστα
1471 1767 1530 1821 τὸ
1552 1768 1859 1838 θαυμαστόν
1888 1786 1978 1839 μοι

388 1853 584 1921 λέγεις,
629 1854 711 1908 ὅτι
762 1854 920 1924 διπλῆ
970 1857 1002 1926 ή
1049 1857 1386 1926 καινοτομία,
1418 1857 1608 1911 καὶτὸ
1642 1859 1769 1920 τοὺς
1819 1859 1976 1922 ὄντας

388 1944 690 2017 καθαιρεῖν,
718 1947 812 1999 καὶ
839 1947 931 2000 τὸν
957 1949 1374 2019 ἐσταυρωμένον
1403 1950 1779 2019 ἀναγγέλλειν.
1805 1951 1979 2004 Πόθεν

387 2036 497 2106 γάρ
531 2038 718 2101 αὐτοῖς
758 2037 962 2107 ἐπῆλθε
1006 2039 1232 2093 τοιαῦτα
1264 2040 1600 2111 κηρύττειν;
1638 2042 1802 2096 πόθεν
1837 2043 1980 2114 ὑπὲρ

384 2123 481 2178 τοῦ
531 2125 719 2189 τέλους
779 2125 960 2179 αὐτῶν
1009 2129 1268 2198 θαῤῥέῖν;
1313 2128 1466 2192 τίνας
1509 2130 1617 2182 τῶν
1661 2131 1768 2200 πρὸ
1800 2131 1978 2185 αὐτῶν

383 2220 625 2274 τοιοῦτόν
660 2239 715 2274 τι
766 2221 1184 2292 κατορθωκότας
1239 2218 1384 2293 εἶχον
1438 2223 1603 2290 ἰδεῖν;
1653 2226 1715 2278 οὐ
1773 2226 1979 2290 πάντες

383 2310 645 2382 δαίμονας
671 2311 1079 2383 προσεκύνουν;
1109 2314 1169 2366 ού
1207 2314 1408 2378 πάντες
1449 2316 1519 2370 τά
1547 2319 1785 2386 στοιχεῖα
1829 2317 1978 2370 ἐθεο-

385 2401 607 2468 ποίουν;
634 2402 694 2455 ού
721 2402 974 2475 διάφορος
1007 2399 1074 2474 ῆν
1101 2404 1199 2473 τῆς
1231 2404 1486 2469 ἀσεϐείας
1511 2407 1539 2459 ὁ
1565 2407 1804 2476 τρόπος;
1837 2406 1977 2461 Ἀλλ’

384 2493 535 2564 ὅμως
564 2493 635 2548 τὰ
670 2493 848 2548 πάντα
873 2494 1128 2564 ἐπῆλθον,
1171 2496 1268 2548 καὶ
1309 2495 1615 2548 κατέλυσαν
1660 2495 1854 2559 ταῦτα,
1884 2496 1978 2550 καὶ

383 2584 692 2657 ἐπέδραμον
727 2587 787 2641 ἐν
821 2586 1016 2658 βραχεῖ
1037 2586 1214 2658 καιρῷ
1243 2587 1342 2658 τὴν
1381 2587 1710 2658 οἰκουμένην
1735 2587 1973 2654 ἅπασαν,

383 2675 639 2749 καθάπερ
669 2678 967 2750 ύπόπτεροί
999 2695 1166 2742 τινες,
1194 2678 1256 2732 ού
1285 2678 1567 2742 κινδύνους
1612 2677 1974 2750 λογιζόμενοι,

382 2771 444 2825 ού
477 2771 760 2838 θανάτους,
787 2771 848 2826 ού
873 2773 972 2843 τὴν
1000 2772 1090 2826 τοῦ
1114 2773 1440 2844 πράγματος
1459 2773 1772 2840 δυσκολίαν,
1796 2775 1857 2829 οὐ
1879 2774 1978 2846 τὴν

381 2859 674 2932 ὀλιγότητα
707 2863 804 2934 τὴν
827 2863 1059 2928 ἐαυτῶν,
1093 2865 1156 2918 ού
1179 2864 1238 2917 τὸ
1263 2864 1465 2934 πλῆθος
1491 2863 1598 2918 τῶν
1619 2866 1980 2936 ἐναντιουμέ-

383 2971 512 3022 νων,
532 2955 594 3010 ού
614 2953 715 3027 τὴν
730 2953 1004 3022 ἐξουσίαν,
1031 2957 1094 3010 οῦ
1111 2955 1210 3026 τὴν
1234 2955 1573 3020 δυναστείαν,
1590 2958 1652 3012 ού
1670 2957 1768 3027 τὴν
1786 2959 1979 3028 σοφίαν

380 3046 493 3101 τῶν
514 3045 918 3119 πολεμούντων.
938 3043 1100 3117 Εἶχον
1116 3048 1225 3119 γὰρ
1243 3047 1448 3101 τούτων
1471 3047 1726 3102 ἁπάντων
1757 3048 1978 3119 μείζονα

383 3140 721 3212 συμμαχίαν,
778 3140 878 3212 τὴν
925 3138 1024 3194 τοῦ
1056 3141 1468 3211 σταυρωθέντος
1509 3140 1607 3194 καὶ
1649 3139 1979 3206 ἀναστάντος

379 3231 630 3304 δύναμιν.
663 3232 778 3287 Ούκ
804 3227 874 3304 ῆν
903 3231 1047 3285 οὕτω
1089 3230 1426 3302 θαυμαστὸν,
1477 3232 1525 3285 εἰ
1559 3231 1865 3303 πολεμῆσαι
1908 3233 1980 3293 εἴ,

381 3321 535 3378 λοντο
556 3325 626 3395 τῇ
652 3323 947 3394 οἰκουμένῃ
969 3322 1208 3392 πόλεμον
1230 3320 1510 3393 αἰσθητὸν,
1535 3322 1612 3386 ὡς
1636 3322 1793 3376 τοῦτο
1812 3323 1874 3378 τδ
1892 3340 1980 3393 γε·

379 3416 680 3486 γενημένον
719 3415 836 3470 νῦν.
875 3415 998 3468 Ἐπὶ
1037 3414 1136 3481 μὲν
1168 3413 1278 3484 γὰρ
1310 3413 1406 3467 τοῦ
1451 3413 1620 3484 νόμου
1655 3413 1757 3484 τῆς
1797 3414 1978 3486 μάχης

382 3503 513 3575 ἐξῆν
547 3504 876 3569 ἀπεναντίας
916 3505 1166 3560 ἵστασθαι
1194 3503 1304 3558 τῶν
1331 3502 1630 3574 πολεμίων,
1657 3503 1755 3557 καὶ
1791 3501 1977 3575 χώραν

381 3596 872 3667 ἀπολαμϐάνοντας
909 3595 1159 3652 ἐναντίαν
1187 3595 1333 3651 οὕτω
1362 3594 1808 3668 παρατάττεσθαι
1839 3594 1977 3666 πρὸς

379 3691 506 3755 τοὺς
536 3689 1002 3760 ἐναντιουμένους,
1038 3689 1131 3744 καὶ
1155 3689 1348 3760 καιρὸν
1376 3688 1520 3760 ἔχειν
1547 3687 1852 3751 ἐπιθέσεως
1881 3687 1977 3741 καὶ

383 3781 680 3852 συμϐολῆς·
716 3779 953 3834 ἐνταῦθα
983 3780 1040 3833 δέ
1074 3781 1174 3849 οὐχ
1208 3778 1406 3843 οὕτως·
1440 3781 1500 3833 ού
1526 3779 1637 3851 γάρ
1672 3780 1976 3851 στρατόπε·

379 3873 470 3928 δον
515 3871 645 3925 ῐδιον
673 3869 840 3941 εἶχον,
876 3869 1015 3924 ἀλλά
1048 3871 1234 3933 αὐτοῖς
1258 3870 1623 3940 ἀνεμίγνυντο
1661 3872 1772 3934 τοῖς
1817 3871 1978 3922 πολε-

385 3963 551 4034 μίοις,
580 3962 675 4016 καὶ
707 3959 882 4025 οῦτως
909 3961 1088 4016 αὐτῶν
1114 3960 1380 4031 ἐκράτουν
1398 3977 1414 3994 ο
1441 3961 1538 4016 καὶ
1564 3962 1622 4015 ἐν
1653 3961 1840 4029 μέσοις
1864 3963 1978 4023 τοῖς

381 4048 599 4122 ἐχθροῖς
629 4048 1117 4120 ἀναστρεφόμενοι,
1154 4047 1524 4104 διωλίσθαινον
1551 4049 1730 4102 αὐτῶν
1757 4048 1856 4112 τάς
1879 4048 1978 4101 λα-

382 4139 486 4204 ϐἀς
508 4151 557 4205 ι,
597 4138 692 4194 καὶ
724 4139 1097 4212 περιεγίνοντο
1130 4139 1224 4194 καὶ
1266 4139 1462 4195 ἐνίκων
1504 4139 1664 4211 νίκην
1716 4139 1977 4211 λαμπράν

383 4229 699 4302 πληροῦσαν
739 4228 1075 4300 προφητείαν
1105 4230 1407 4299 λέγουσαν·
1453 4229 1562 4284 Kal
1596 4229 1976 4298 κατακυριεύ-

381 4336 516 4389 σεις
546 4321 809 4392 ἐνμέσῳ
849 4320 970 4377 τῶν
995 4319 1225 4392 ἐχθρῶν
1267 4337 1405 4376 σου.
1445 4320 1618 4374 Τοῦτο
1666 4320 1775 4391 γὰρ
1808 4313 1877 4392 ἦν
1915 4319 1976 4374 τὸ

383 4415 590 4487 πολλῆς
621 4413 936 4487 ἐκπλήξεως
963 4414 1158 4488 γέμον,
1188 4414 1270 4468 ὅτι
1317 4413 1640 4484 κατέχοντες
1683 4413 1881 4476 αὐτοὺς
1925 4413 1976 4466 οἰ

381 4507 590 4579 ἐχθροὶ,
644 4508 741 4561 καὶ
794 4507 872 4570 εἰς
927 4506 1303 4577 δεσμωτήριον
1352 4503 1715 4574 ἐμϐάλλοντες
1751 4503 1848 4557 καὶ
1891 4503 1978 4557 δε-

386 4599 579 4669 σμοὺς,
624 4597 686 4649 ού
736 4594 896 4666 μόνον
935 4593 1114 4649 αὐτῶν
1160 4595 1221 4646 οῦ
1257 4592 1672 4664 περιεγένοντο.
1703 4593 1841 4646 άλλά
1885 4595 1978 4648 καὶ

383 4689 542 4745 αὐτοὶ
583 4687 721 4760 μετά
754 4685 926 4741 ταῦτα
952 4685 1136 4747 αὐτοῖς
1166 4685 1504 4745 ύπέκυπτον,
1533 4683 1584 4737 οἱ
1622 4683 1978 4754 μαστίξοντες

384 4785 498 4847 τοῖς
529 4777 968 4853 μαστιζομένοις,
1003 4777 1049 4830 οἰ
1077 4775 1402 4848 δεσμοῦντες
1435 4778 1546 4840 τοῖς
1567 4773 1889 4844 δεδεμένοις,
1923 4777 1975 4828 οἱ

381 4876 671 4938 διώκοντες
717 4875 829 4936 τοῖς
871 4868 1270 4940 ἐλαυνομένοις.
1309 4869 1497 4922 Ταῦτα
1531 4869 1598 4939 δὴ
1629 4870 1806 4923 πάντα
1841 4868 1978 4938 πρὸς

383 4968 659 5037 Ἕλληνας
707 4964 961 5035 λέγομεν,
1013 4961 1213 5033 μᾶλλον
1251 4961 1308 5014 δέ
1344 4961 1439 5015 καὶ
1484 4961 1691 5015 τούτων
1733 4961 1974 5014 πλείονα*

384 5059 556 5130 πολλὴ
613 5059 722 5130 γάρ
773 5055 875 5126 τῆς
927 5053 1189 5125 ἀληθείας
1233 5055 1268 5124 ή
1324 5052 1634 5123 περιουσία.
1700 5051 1817 5107 Κᾶν
1868 5052 1978 5124 γάρ

387 5148 833 5222 ταρακολουθῆτε
875 5148 942 5218 τῇ
993 5143 1266 5206 ὑποθέσει,
1295 5145 1475 5196 πᾶσαν
1515 5143 1661 5214 ὑμᾶς
1699 5143 1799 5212 τὴν
1841 5142 1978 5212 πρὸς

388 5244 585 5306 αὐτοὺς
633 5241 916 5311 διδάξομεν
977 5240 1175 5311 μάχην⁹
1228 5237 1364 5300 τέως
1407 5236 1463 5289 δέ
1513 5235 1669 5289 ταυτὶ
1722 5235 1816 5287 δύο
1859 5234 1976 5287 δια-

387 5336 646 5410 τηρῶμεν
686 5333 979 5402 κεφάλαια,
1011 5330 1127 5394 πῶς
1170 5330 1219 5382 οἱ
1269 5329 1515 5389 ἀσθενεῖς
1551 5329 1678 5390 τοὺς
1725 5327 1977 5396 ἰσχυροὺς

391 5430 674 5500 ἐνίκησαν,
717 5427 811 5478 καὶ
846 5423 1008 5477 πόθεν
1058 5423 1239 5484 αὐτοῖς
1297 5419 1498 5488 ἐπῆλθε
1550 5417 1812 5481 τοιούτοις
1857 5414 1977 5471 οὖσι

390 5520 618 5574 τοιαῦτα
649 5514 1062 5588 βουλεύσασθαι,
1113 5515 1162 5565 εί
1211 5512 1286 5582 μὴ
1335 5511 1485 5572 θείας
1526 5510 1797 5562 ἀπέλαυον
1837 5527 1976 5579 συμ-

397 5611 622 5682 μαχίας.

460 5747 484 5776 ⁸
511 5745 767 5808 Legebalur
790 5744 982 5807 βλάϐας.

2157 401 2226 448 α’.
2255 395 2364 448 Καὶ
2386 395 2454 446 τά
2475 396 2607 464 παρ’
2630 394 2785 465 ἡμῶν
2813 388 2935 449 ὧδε.
2970 397 3345 469 Παρεχώμεθα
3368 399 3424 452 δὲ
3447 403 3540 454 ἐπί
3566 403 3670 455 τῶν

2084 485 2263 557 ἔργων
2298 487 2326 525 δ
2356 486 2426 539 τά
2464 487 2557 538 τοῦ
2604 485 2718 556 βίου
2760 487 3182 559 κατορθώματα,
3215 492 3307 544 καί
3351 492 3571 563 δαψιλὲς
3612 496 3670 548 τὸ

2083 577 2195 648 πῦρ
2242 577 2570 647 ἀνάπτωμεν
2626 578 2726 647 τῆς
2787 579 3007 651 ἀρετῆς.
3047 581 3334 653 Φωστῆρες
3374 585 3485 654 γάρ
3525 587 3664 646 ἐστε,

2082 670 2268 738 φησὶν,
2302 672 2360 722 ἐν
2388 670 2538 740 μέσῳ
2581 668 2676 722 τοῦ
2705 670 2911 740 κόσμου
2943 671 3274 741 λάμποντεςο
3317 675 3412 726 καὶ
3453 676 3668 744 μέίζονα

2080 762 2112 830 ἡ
2123 759 2240 829 μῶν
2275 762 2488 828 ἑκάστῳ
2517 761 2704 830 χρείαν
2732 760 3061 831 ἐνεχείρισεν
3088 764 3117 815 ὁ
3156 763 3311 826 Θεὸς,
3343 765 3374 833 ἢ
3401 764 3478 834 τῷ
3514 767 3664 835 ἡλίῳ,

2084 852 2304 921 μείζονα
2336 852 2565 921 ούρανοῦ
2608 852 2700 905 καὶ
2734 853 2836 921 γῆς
2868 853 2963 905 καὶ
2997 853 3290 924 θαλάττης,
3314 857 3406 908 καὶ
3433 857 3668 927 τοσούτῳ

2083 947 2198 1018 [52]
2234 949 2477 1019 μείζονα,
2503 949 2612 1017 ὅσῳ
2649 948 2718 1000 τά
2743 950 3093 1018 πνευματικά
3128 950 3237 1004 τῶν
3267 952 3544 1023 αἰσθητῶν
3588 954 3665 1007 διι

2081 1039 2357 1110 ενήνοχεν.
2385 1039 2556 1092 Ὅταν
2586 1034 2680 1091 οῦν
2703 1039 2842 1109 πρὸς
2863 1039 2954 1093 τὸν
2981 1040 3206 1111 ἡλιακὸν
3228 1042 3426 1111 ίδωμεν
3447 1045 3664 1107 κύκλον,

2081 1129 2174 1182 καὶ
2209 1129 2578 1200 θαυμάσωμεν
2601 1129 2662 1182 τὸ
2684 1129 2880 1192 κάλλος
2916 1131 3011 1184 καὶ
3038 1132 3099 1184 τὸ
3124 1133 3284 1202 σῶμα
3309 1134 3405 1187 καὶ
3425 1135 3523 1203 τὴν
3544 1153 3667 1204 φαι-

2081 1223 2318 1292 δρότητα
2367 1222 2459 1273 τοῦ
2495 1221 2717 1291 ἄστρου,
2751 1219 3094 1292 λογιζώμεθα
3129 1223 3318 1287 πάλιν,
3354 1227 3435 1278 ὅτι
3483 1227 3667 1294 μεῖζον

2081 1313 2173 1365 καὶ
2199 1311 2423 1381 ἄμεινον
2455 1312 2516 1363 τὸ
2545 1314 2602 1364 ἐν
2631 1313 2763 1381 ἡμῖν
2795 1311 2934 1380 φῶς,
2971 1312 3222 1384 καθάπερ
3252 1315 3345 1366 καὶ
3372 1316 3433 1368 τὸ
3475 1318 3668 1381 σκότος

2081 1402 2478 1474 χαλεπώτερον,
2515 1401 2580 1455 ἀν
2624 1403 2700 1474 μὴ
2742 1403 3122 1474 προσέχωμενο
3160 1405 3256 1456 καὶ
3297 1404 3404 1476 γὰρ
3438 1407 3534 1472 νὺξ
3567 1408 3666 1476 βα-

2081 1495 2200 1550 θεῖα
2227 1495 2447 1566 κατέχει
2476 1494 2574 1566 τὴν
2600 1494 2930 1566 οἰκουμένην
2964 1494 3199 1549 ἃπασαν.
3231 1495 3447 1566 Ταύτην
3488 1500 3666 1550 τοίνυν

2080 1587 2474 1656 ἀνατρέψωμεν
2507 1585 2600 1638 καὶ
2661 1583 2932 1654 λύσωμεν.
2971 1583 3088 1648 Νὺξ
3125 1584 3226 1636 οῦκ
3268 1587 3326 1638 ἐν
3369 1588 3666 1658 αἱρετικοῖς

2077 1679 2199 1734 ούδέ
2231 1682 2288 1731 ἐν
2317 1680 2542 1750 Ἕλλησι
2574 1679 2756 1749 μόνον,
2800 1677 2936 1731 ἀλλά
2978 1677 3074 1731 καὶ
3115 1677 3331 1742 πολλοῖς
3377 1682 3490 1742 τοῖς
3533 1671 3664 1750 παρ’

2079 1771 2210 1841 ἡμῖν
2237 1769 2522 1840 δογμάτων
2557 1771 2744 1823 ἕνεκεν
2773 1769 2867 1822 καὶ
2897 1769 3033 1838 βίου.
3063 1770 3258 1824 Πολλοὶ
3301 1770 3408 1842 γὰρ
3440 1775 3506 1843 τῇ
3533 1774 3663 1824 ἀνα-

2080 1862 2269 1914 στάσει
2306 1861 2668 1923 διαπιστοῦσι,
2706 1859 2889 1912 πολλοὶ
2928 1861 3022 1914 καὶ
3047 1861 3261 1928 γένεσιν
3300 1863 3510 1926 ἑαυτοῖς
3543 1864 3663 1915 ἐπια

2076 1953 2392 2024 τειχίζουσι,
2420 1953 2603 2006 πολλοὶ
2627 1953 2724 2006 καὶ
2755 1954 3170 2024 παρατηρήσεις
3193 1955 3540 2022 φυλάττουσι,
3572 1955 3664 2010 καὶ

2078 2044 2478 2115 κληδωνισμοῖς
2510 2043 2604 2096 καὶ
2629 2046 2938 2114 οἰωνισμοῖς
2962 2046 3057 2098 καὶ
3080 2045 3390 2116 συμϐόλοις·
3417 2047 3466 2098 οί
3490 2046 3546 2099 δὲ
3571 2049 3665 2100 καὶ

2079 2135 2404 2207 περιάπτοις
2436 2135 2530 2188 καὶ
2559 2135 2791 2206 ἐπῳδαῖς
2817 2136 3136 2208 κέχρηνται.
3182 2137 3342 2191 Ἀλλά
3387 2137 3480 2191 καὶ
3529 2139 3666 2210 πρὸς

2075 2227 2300 2290 τούτους
2350 2226 2449 2297 μὲν
2481 2225 2708 2297 ὕστερον
2749 2225 3004 2297 ἐροῦμεν,
3048 2228 3176 2281 ὅταν
3209 2227 3278 2280 τά
3304 2228 3438 2300 πρὸς
3464 2229 3665 2300 ’Ἐλλη-

2076 2337 2173 2383 νας
2207 2318 2570 2390 διανύσωμεν·
2611 2319 2748 2382 τέως
2779 2319 2834 2372 δὲ
2865 2320 2934 2372 τὰ
2961 2319 3226 2390 εἰρημένα
3255 2321 3536 2390 κατέχετε,
3573 2323 3666 2374 καὶ

2077 2408 2410 2464 συλλάϐεσθέ
2441 2427 2531 2481 μοι
2570 2411 2670 2479 τῆς
2698 2410 2896 2480 μάχης,
2925 2410 3016 2464 διά
3053 2409 3149 2463 τοῦ
3187 2410 3306 2479 βίου
3341 2412 3476 2482 πρὸς
3516 2415 3666 2483 ἡμᾶς

2076 2503 2330 2566 ἕλκοντες
2365 2502 2561 2565 αὐτοὺς
2590 2502 2684 2554 καὶ
2709 2499 3094 2571 μεθιστῶντες.
3126 2502 3302 2572 Ὅπερ
3333 2503 3442 2575 γάρ
3463 2503 3552 2557 ἀεὶ
3577 2503 3666 2557 λέ-

2077 2610 2181 2661 γω,
2222 2592 2314 2646 τὸν
2357 2595 2490 2664 περὶ
2537 2591 2857 2661 φιλοσοφίας
2899 2591 3241 2658 διδάσκοντα,
3294 2595 3558 2666 πρότερον
3605 2596 3667 2647 ἐν

2079 2685 2257 2757 ἐαυτῷ
2294 2685 2454 2740 τοῦτο
2487 2685 2759 2740 διδάσκειν
2801 2684 2912 2756 χρὴ
2951 2684 3048 2737 καὶ
3085 2684 3332 2739 ποθεινὸν
3372 2683 3512 2740 εἶναι
3555 2688 3666 2750 τοῖς

2075 2792 2317 2830 ακουουσ
2323 2793 2360 2830 ι.

2148 2957 2443 3030 Γενώμεθα
2474 2957 2655 3010 τοίνυν
2686 2955 2949 3020 ποθεινοὶ,
2981 2954 3076 3009 καὶ
3101 2954 3364 3019 εὐνοϊκῶς
3392 2954 3666 3026 διαθῶμεν

2078 3050 2217 3121 πρὸς
2245 3049 2394 3119 ἡμᾶς
2423 3048 2549 3110 τοὺς
2579 3046 2869 3115 Ἕλληνας.
2907 3044 3080 3098 Τοῦτο
3127 3045 3182 3098 δέ
3233 3046 3388 3100 ἔσται
3419 3084 3433 3109 ,
3465 3045 3560 3100 ἐὰν
3589 3047 3667 3118 μὴ

2079 3140 2266 3204 κακῶς
2298 3128 2492 3201 ποιεῖν,
2524 3137 2661 3192 άλλά
2695 3137 2791 3192 καὶ
2847 3137 3034 3201 κακῶς
3069 3137 3299 3208 πάσχειν
3331 3131 3483 3208 ὦμεν
3532 3155 3671 3208 παρο

2077 3231 2498 3304 εσκευασμένοι.
2529 3231 2642 3302 Ούχ
2668 3231 2887 3302 ὁρῶμεν
2911 3231 2982 3285 τά
3027 3230 3238 3294 παιδία,
3262 3233 3389 3285 ὅταν
3419 3231 3524 3285 ὑπὸ
3557 3233 3670 3285 τῶν

2077 3324 2334 3394 πατέρων
2369 3318 2753 3391 βασταζόμενα
2786 3321 3000 3396 ἐντείνει
3029 3321 3244 3392 πληγὰς
3284 3325 3365 3387 εἰς
3392 3321 3490 3384 τάς
3533 3323 3668 3391 γνά-

2077 3417 2204 3480 θους
2230 3411 2322 3467 τοῦ
2349 3412 2628 3483 φέροντος,
2664 3411 2782 3474 πῶς
2807 3413 2836 3464 ό
2881 3411 3065 3482 πατὴρ
3110 3411 3282 3481 ἡδέως
3327 3412 3558 3482 παρέχει
3588 3412 3671 3482 τῷ

2077 3501 2230 3558 παιδὶ
2247 3503 2344 3572 τῆς
2367 3499 2536 3572 ὀργῆς
2557 3499 2957 3570 ἐμφορηθῆναι,
2978 3499 3073 3552 καὶ
3091 3499 3220 3552 ὅταν
3246 3499 3328 3572 ἴδῃ
3353 3500 3671 3560 κενώσαντα

2076 3595 2168 3650 τὸν
2193 3593 2365 3665 θυμὸν
2406 3591 2800 3662 φαιδρύνεται;
2843 3590 3000 3644 Οῦτω
3045 3593 3137 3644 καί⁸
3179 3595 3341 3662 ἡμεῖς
3379 3592 3668 3661 ποιῶμεν·

2076 3688 2171 3742 καὶ
2200 3687 2454 3756 καθάπερ
2489 3686 2725 3756 πατέρες
2760 3683 2897 3754 πρὸς
2921 3685 3132 3746 παιδία,
3165 3686 3276 3745 τοῖς
3301 3682 3527 3752 Ἕλλησι
3548 3685 3671 3739 δια-

2076 3779 2386 3850 λεγώμεθα.
2432 3777 2629 3831 Παιδία
2658 3775 2765 3846 γάρ
2800 3777 2938 3827 εἰσιν
2974 3774 3212 3835 ἅπαντες
3235 3772 3526 3843 Ἕλληνες·
3568 3779 3671 3832 καὶ

2074 3870 2249 3924 ταῦτά
2286 3884 2432 3930 τινες
2459 3867 2568 3918 τῶν
2599 3865 2725 3937 παρ’
2752 3865 2934 3926 αὐτοῖς
2966 3864 3274 3934 εἰρήκασιν,
3317 3864 3398 3918 ὅτι
3429 3865 3517 3918 ἀεὶ⁵
3541 3873 3672 3922 παῖ-

2073 3958 2161 4021 δες
2184 3959 2404 4020 ἐκεῖνοι,
2431 3953 2526 4008 καὶ
2553 3952 2731 4023 γέρων
2763 3950 2962 4022 Ἕλλην
3005 3951 3201 4015 οὐδείς.
3250 3953 3332 4006 Τά
3376 3955 3434 4007 δὲ
3473 3957 3671 4014 παιδία

2076 4052 2216 4122 ὑπὲρ
2238 4047 2451 4111 οὐδενὸς
2475 4046 2730 4116 ἀνέχεται
2752 4045 3058 4116 φροντίζειν
3079 4046 3354 4118 χρησίμου
3375 4065 3388 4077 ο
3411 4047 3554 4102 οὓτω
3569 4053 3669 4104 καὶ

2075 4144 2125 4196 οἰ
2166 4140 2426 4210 Ἕλληνες
2455 4135 2673 4202 παίζειν
2695 4137 2782 4191 ἀεὶ
2809 4136 3090 4207 βούλονται
3114 4139 3210 4192 καὶ
3235 4139 3410 4210 χαμαὶ
3433 4142 3667 4209 κεῖνται,

2075 4233 2432 4308 χαμαιπετεῖς
2461 4230 2614 4293 ὄντες
2633 4231 2729 4284 καὶ
2755 4229 3103 4301 χαμαίζηλοι.
3135 4229 3216 4284 Τά
3237 4229 3293 4283 δέ
3322 4230 3510 4284 παιδία
3529 4231 3667 4285 πολ-

2076 4327 2232 4390 λάκις
2284 4322 2414 4397 1:591
2461 4321 2779 4390 ἀναγκαίων
2818 4321 2976 4392 ήμῶν
3010 4320 3412 4392 διαλεγομένων
3448 4321 3666 4386 οὐδενὸς

2076 4417 2466 4474 ἐπαισθάνεται
2519 4415 2630 4467 τῶν
2681 4412 3012 4484 λεγομένων,
3053 4412 3167 4466 ἀλλ’
3208 4413 3296 4467 ἀεὶ
3344 4412 3438 4467 καὶ
3485 4413 3622 4484 γελᾷ
3648 4429 3664 4445 ο

2075 4508 2308 4564 τοιοῦτοι
2342 4508 2437 4560 καὶ
2455 4508 2504 4559 οἰ
2533 4504 2794 4575 ’Έλληνες
2818 4521 2832 4538 ·
2854 4505 2982 4557 ὅταν
3008 4505 3138 4576 περὶ
3169 4503 3449 4573 βασιλείας
3478 4503 3662 4556 διαλε-

2075 4599 2324 4671 γώμεθα,
2351 4597 2574 4666 γελῶσι.
2602 4598 2715 4651 Καὶ
2744 4595 3001 4668 καθάπερ
3021 4596 3086 4649 ἐκ
3115 4593 3370 4648 παιδικοῦ
3393 4593 3666 4664 στόματος

2078 4691 2245 4754 πολὺς
2273 4688 2598 4753 ἀποϐλύζων
2631 4687 2804 4752 σίελος
2832 4687 3094 4750 πολλάκις
3115 4687 3211 4738 καὶ
3247 4685 3416 4738 σιτίον
3447 4686 3540 4737 καὶ
3559 4702 3663 4738 πο-

2074 4782 2166 4837 τὸν
2197 4780 2489 4852 ἐμόλυνεν⁶
2535 4778 2676 4834 οῦτω
2718 4779 2813 4833 καὶ
2853 4778 2922 4833 τὰ
2964 4778 3072 4832 ἀπὸ
3109 4775 3203 4829 τοῦ
3249 4777 3517 4845 στόματος
3549 4777 3662 4830 τῶν

2087 4871 2355 4943 Ἑλλήνιον
2383 4871 2526 4942 ἀποῤ
2536 4869 2726 4940 ῥέοντα
2753 4870 2974 4942 ῥήματα
3004 4867 3210 4939 μάταια
3233 4869 3328 4921 καὶ
3347 4867 3656 4939 ἀκάθαρταο

2075 4962 2178 5017 κᾶν
2207 4961 2507 5032 ἀναγκαίαν
2523 4961 2630 5032 δῷς
2657 4960 2883 5032 τροφὴν,
2910 4957 3139 5012 λυποῦσι
3159 4959 3286 5023 τοὺς
3316 4961 3660 5030 παρέχοντας

2074 5053 2162 5109 διὰ
2192 5053 2543 5125 βλασφημίας
2572 5053 2680 5117 ἀεὶ,
2711 5053 2807 5105 καὶ
2834 5051 3045 5104 δέονται
3068 5049 3542 5115 διαϐαστάζεσθαι.
3575 5052 3656 5105 Τά

2076 5145 2267 5198 παιδία
2291 5144 2454 5198 πάλιν
2474 5145 2603 5198 ὅταν
2636 5143 2786 5195 ἴδωσι
2814 5139 3017 5214 λῃστὴν
3035 5141 3274 5195 είσιόντα
3297 5141 3390 5194 καὶ
3418 5139 3484 5193 τά
3507 5139 3659 5195 ἔνδον

2076 5233 2500 5306 ἀφαιρούμενον,
2529 5233 2590 5286 ού
2627 5233 2788 5303 μόνον
2813 5231 2913 5285 οὐκ
2935 5229 3131 5301 ἀμύνει
3155 5273 3169 5298 ,
3196 5229 3332 5284 ἀλλά
3362 5231 3456 5284 καὶ
3481 5247 3654 5302 προσ-

2076 5325 2210 5396 γελᾷ
2247 5325 2324 5396 τῷ
2357 5323 2631 5393 ἐπιϐούλῳ
2651 5339 2664 5353 ο
2702 5324 2767 5375 ἂν
2802 5321 2861 5375 δέ
2903 5321 2993 5374 τὸν
3021 5319 3406 5391 καλαθίσκονῆ
3440 5321 3511 5375 τά
3542 5323 3658 5374 σεῖ-

2079 5434 2217 5486 στρα
2241 5416 2470 5486 ἀφέλῃς,
2501 5415 2532 5484 ἢ
2566 5413 2692 5468 ἄλλο
2717 5431 2768 5466 τι
2805 5411 2913 5466 τῶν
2962 5410 3315 5483 ἀθυρμάτων,
3350 5409 3660 5466 δεινοπαθετ

2079 5509 2172 5563 καὶ
2200 5507 2564 5578 δυσχεραίνει,
2585 5506 2955 5576 σπαράττεται
2974 5505 3065 5558 καὶ
3081 5501 3321 5566 λακτίζει
3351 5503 3412 5555 τὸ
3435 5502 3653 5572 ἔδαφος.

2139 5663 2168 5703 b
2189 5663 2272 5712 Sic
2291 5661 2444 5723 codex
2471 5660 2657 5723 Regius
2690 5665 2896 5723 optime.
2923 5659 3051 5711 Edlti
3072 5658 3372 5722 παρεχόμεθα
3393 5658 3444 5708 δέ
3461 5659 3557 5707 τῶν
3578 5658 3647 5720 ιρ-

2088 5742 2200 5787 γων,
2225 5729 2277 5774 εἰ
2298 5722 2424 5775 infra
2459 5722 2743 5786 ἀνάπτομενί.
