3954 6130
281 277 346 328 37
1342 267 1405 322 ΙΝ
1443 267 1654 324 EPIST.
1692 266 1710 321 1
1773 267 1866 323 AD
1903 265 2066 322 COR.
2100 265 2329 322 llOMlL.
2373 268 2459 325 lV.
3480 281 3549 336 ω

283 407 377 446 non
404 388 594 443 urbem
621 385 941 442 circumiens
971 394 1023 439 et
1047 383 1364 453 prtrdicans,
1384 383 1477 438 sed
1506 384 1560 439 in
1588 398 1689 437 una
1718 379 1854 437 civi-

278 492 381 536 tate
407 523 424 547 ,
474 482 544 536 de
592 479 842 536 extremis
888 479 1216 548 periclitatus
1270 487 1375 532 est.
1424 477 1678 547 Diagoras
1730 491 1859 529 vero

280 573 515 630 “ilosius
564 576 670 642 (α).
712 588 767 626 et
819 570 1133 626 Theodorus
1169 575 1361 625 atheus
1413 567 1854 638 cognominatus,

280 665 519 733 quamvis
549 664 748 718 amicos
770 663 1027 717 haberent
1051 671 1103 716 et
1127 662 1343 716 dicendi
1365 661 1690 722 facultatem,
1714 669 1770 713 ct
1789 675 1855 713 ex

281 759 611 831 philosophia
654 759 706 813 in
735 759 1089 814 admiratione
1117 760 1444 814 haberentur
1468 801 1482 821 ,
1510 759 1645 814 nihil
1678 768 1856 812 tamen

278 865 459 902 eorum
489 850 634 918 ipsos
656 850 816 918 juvib
844 849 909 904 Et
937 866 1160 919 magnus
1189 850 1280 904 ille
1301 849 1573 910 Socrates,
1606 844 1694 918 qui
1718 848 1855 916 apud

278 940 392 996 illos
411 941 744 1010 philosophia
758 942 1041 1011 superabat
1061 957 1272 1006 omnes,
1290 942 1654 996 ideucieutam
1668 939 1854 1004 ebibit,

273 1034 411 1102 quod
438 1033 673 1102 suspicio
698 1043 860 1097 esset,
887 1035 1038 1089 illum
1068 1034 1120 1088 iu
1150 1034 1234 1096 iis,
1255 1049 1374 1104 quae
1398 1033 1465 1088 de
1491 1032 1596 1088 diis
1621 1033 1857 1101 scripse-

276 1124 590 1194 rat,aliquid
622 1125 932 1180 mutavisse.
957 1125 1107 1193 Quod
1148 1125 1191 1179 si
1233 1124 1589 1180 innovationis
1623 1123 1859 1192 suspicio

273 1215 384 1269 sola
407 1224 608 1270 tantum
624 1216 843 1284 periculi
867 1217 1066 1271 creavit
1090 1216 1213 1269 viris
1232 1215 1564 1286 philosophis
1575 1214 1856 1284 ctsapicn-

275 1305 411 1359 tibus
433 1347 449 1370 ,
486 1306 576 1374 qtti
606 1307 876 1376 ingentem
906 1306 1008 1362 sibi
1036 1319 1352 1378 pepererant
1381 1307 1854 1371 existimationem,

273 1410 323 1452 ct
356 1415 460 1452 non
490 1401 650 1452 nimio
681 1416 784 1453 non
824 1410 1044 1469 potuere
1085 1399 1225 1469 quod
1268 1400 1520 1456 volebant
1560 1402 1854 1470 perlicere,

272 1493 361 1545 ςιιιΙ
389 1494 552 1547 etiam
584 1493 683 1561 ipsi
711 1502 762 1546 et
790 1493 895 1546 vita
926 1501 980 1547 et
1005 1492 1174 1562 patria
1202 1493 1519 1547 exciderunt
1546 1510 1562 1560 ;
1589 1494 1858 1563 quomodo

270 1598 375 1637 non
424 1584 640 1638 miraris
683 1593 736 1637 et
779 1584 1151 1654 obstupescis,
1203 1586 1526 1653 piscatorem
1572 1586 1759 1640 videns
1804 1585 1856 1639 in

268 1679 401 1733 urbe
427 1687 510 1733 tot
532 1688 784 1747 lautaque
815 1689 1132 1748 patrautetu,
1167 1696 1284 1750 qua:
1311 1682 1554 1737 studebat
1579 1683 1856 1750 perlicit-u—

269 1780 382 1826 tem
422 1782 477 1826 et
520 1773 777 1826 barbaros
813 1772 1133 1841 Crit-eosque
1159 1788 1346 1829 tunnes
1385 1778 1766 1844 superantem?
1792 1779 1859 1832 At

268 1860 346 1924 bi,
395 1862 628 1930 inquies,
671 1877 775 1916 non
815 1862 948 1919 deus
986 1863 1192 1917 alit-uos
1221 1866 1537 1921 imlncebant
1577 1869 1715 1921 sicut
1755 1867 1853 1921 illi.

269 1952 382 2007 Hoc
405 1952 579 2022 ipsmu
612 1955 844 2008 maxime
876 1955 1117 2009 mirabile
1145 1956 1273 2009 mihi
1299 1958 1431 2012 dicis
1453 1999 1469 2025 ,
1504 1959 1626 2029 quia
1661 1959 1747 2028 du;
1769 1959 1856 2016 lex

269 2052 384 2097 erat
412 2044 709 2108 innovatio,
740 2055 792 2099 et
816 2046 958 2115 quod
980 2062 1072 2102 eos
1096 2049 1183 2118 qui
1220 2060 1343 2104 tunc
1366 2051 1676 2107 eolcbantur
1702 2055 1870 2123 tolle-V

271 2144 389 2189 rent
416 2175 432 2199 ,
462 2142 519 2188 et
546 2134 688 2203 quod
729 2134 1052 2191 Crucilixum
1083 2138 1456 2207 praedicarent.
1489 2138 1762 2197 Uudeuam
1789 2144 1854 2198 ad

269 2241 332 2280 ea
382 2226 721 2296 prmdicanda
764 2228 991 2297 permoti
1035 2231 1195 2284 sunt?
1238 2231 1499 2287 undenam
1549 2236 1746 2290 audent
1790 2237 1857 2291 de

272 2318 375 2374 line
401 2335 502 2373 suo
530 2320 851 2375 conlidere?
881 2336 1141 2390 quosnam
1171 2335 1295 2380 ante
1322 2340 1381 2380 se
1421 2325 1661 2381 viderant
1699 2327 1856 2384 talem

268 2425 383 2464 rem
428 2410 563 2464 bene
599 2411 891 2480 gerentes?
929 2427 1106 2467 annon
1155 2429 1340 2469 omnes
1391 2416 1523 2471 deos
1567 2419 1859 2473 colebant?

269 2514 451 2554 annon
477 2489 667 2556 omnes
688 2501 954 2556 elementa
981 2502 1034 2557 in
1061 2503 1192 2558 deos
1218 2504 1560 2561 referebant?
1586 2523 1767 2567 annon
1785 2511 1859 2565 di-

270 2606 464 2661 versus
506 2600 623 2647 erat
667 2593 956 2662 impietatis
1001 2595 1240 2650 modus?
1269 2600 1515 2653 Attamen
1549 2602 1726 2656 omnia
1766 2618 1860 2674 ag-

268 2684 448 2753 gressi
489 2693 634 2749 sunt,
684 2694 738 2739 et
779 2687 892 2742 lure
938 2688 1289 2756 sustulerunt,
1332 2704 1396 2745 ac
1428 2690 1577 2748 brevi
1619 2704 1859 2766 tempore

272 2783 449 2829 totum
480 2774 665 2829 urbem
696 2784 962 2848 tamquam
998 2778 1100 2835 alis
1143 2779 1391 2837 instructi
1436 2796 1856 2856 pcreurreruut,

271 2883 380 2921 non
410 2868 644 2939 pericula
672 2880 938 2929 curantes.
968 2888 1071 2925 non
1095 2881 1316 2937 mortes,
1343 2890 1446 2929 non
1474 2878 1549 2931 rei
1577 2878 1858 2935 difﬁculta-

273 2970 379 3011 tem
400 3002 415 3021 ,
447 2975 553 3011 non
587 2961 913 3028 paucitatem
935 2977 1174 3027 suorum,
1207 2979 1311 3018 non
1343 2966 1734 3024 multitudinem
1766 2972 1861 3026 atl-

274 3053 624 3118 versantimn,
674 3070 779 3107 non
830 3058 1140 3125 potentiam,
1185 3075 1289 3114 non
1335 3063 1649 3132 sapientiam
1681 3067 1860 3122 inimi-

273 3154 481 3198 cormn.
516 3144 608 3198 llis
637 3146 835 3217 quippe
882 3150 1129 3204 onmibus
1174 3152 1374 3221 majora
1422 3155 1860 3215 halmbantauxi-

275 3232 365 3300 lia,
391 3235 647 3292 Crucilixi
676 3254 870 3309 nempe
898 3241 986 3311 qui
1015 3257 1378 3301 resurrexcrat
1409 3252 1718 3316 potentiam.
1744 3252 1857 3308 Non

273 3325 347 3378 ita
378 3326 620 3383 mirabile
650 3328 869 3397 luisset,
904 3332 950 3387 si
992 3333 1185 3390 bellum
1212 3339 1467 3394 sensibile
1499 3341 1549 3395 in
1579 3351 1745 3397 totum
1771 3359 1860 3399 or-

276 3418 402 3472 bem
426 3419 622 3476 inferre
652 3423 963 3491 voluissent,
992 3435 1050 3481 ut
1071 3428 1267 3484 mirum
1287 3440 1373 3486 est
1402 3433 1527 3486 illud
1550 3436 1689 3503 quod
1722 3452 1861 3492 nunc

275 3509 481 3564 factum
509 3524 613 3566 eSt.
639 3512 775 3567 Nam
803 3515 917 3587 lege
944 3518 1066 3574 belli
1099 3518 1297 3576 licebat
1325 3524 1580 3580 adversus
1612 3527 1858 3583 inimicos

267 3611 440 3670 stare,
461 3613 515 3658 et
539 3606 806 3660 contraria
833 3619 1081 3681 occupata
1110 3614 1347 3682 regione,
1367 3616 1444 3670 sic
1467 3600 1648 3672 eontra
1679 3618 1859 3675 hostes

269 3696 440 3752 aciem
468 3697 754 3761 instruere,
778 3709 937 3772 atque
964 3705 1299 3759 occasionem
1330 3707 1578 3775 accipere.
1606 3709 1861 3765 invaden-

269 3788 323 3840 di
369 3797 423 3842 et
466 3804 658 3843 manus
703 3792 1043 3850 conserendi.
1091 3793 1188 3850 Hic
1231 3805 1411 3851 autem
1458 3812 1562 3852 non
1607 3799 1695 3853 ita.
1743 3800 1856 3854 Non

270 3878 417 3933 enim
444 3880 742 3935 exercitum
786 3883 1059 3951 preprium
1090 3883 1391 3950 habebant,
1433 3888 1527 3944 sed
1566 3906 1685 3944 cum
1730 3891 1858 3959 ipsis

273 3970 504 4025 inimicis
535 3971 792 4040 permixti
823 3983 994 4038 erant,
1029 3983 1085 4028 et
1111 3976 1188 4031 sic
1227 3976 1345 4033 illos
1371 3978 1671 4045 vincebant,
1698 3990 1858 4052 atque

271 4062 325 4116 in
371 4065 561 4119 mediis
596 4067 828 4122 inimicis
872 4079 1177 4136 versantes,
1220 4073 1435 4129 illorum
1467 4077 1692 4145 impetus
1735 4094 1856 4148 pro-

273 4157 561 4223 pulsabant
583 4167 636 4211 et
660 4161 1006 4230 superabant,
1034 4174 1193 4232 atque
1214 4165 1492 4221 victoriam
1517 4173 1858 4236 reportabant

269 4246 634 4314 splendidam,
661 4266 782 4318 qua:
808 4252 1147 4321 prophetiam
1175 4255 1433 4326 implebat
1451 4257 1712 4313 dicentem
1741 4280 1754 4315 :
1794 4262 1856 4314 Et

272 4339 611 4395 dominabm’s
640 4344 694 4396 in
731 4344 896 4398 medio
925 4346 1244 4402 inimicorum
1287 4358 1488 4404 (uorum
1517 4351 1687 4421 (Psnl.
1736 4353 1854 4408 l09.

269 4431 304 4484 2
322 4431 360 4503 ).
387 4433 500 4490 lloc
524 4436 669 4490 enim
694 4438 928 4493 maxime
953 4447 1223 4507 stuporem
1247 4441 1536 4511 iujiciebat,
1567 4446 1707 4513 quod
1735 4463 1855 4499 cum

271 4537 367 4576 eos
407 4533 657 4580 tenerent
704 4527 928 4591 inimici,
972 4537 1132 4599 atque
1160 4531 1509 4588 incarcerem
1555 4547 1610 4589 et
1648 4540 1856 4592 vincula

271 4616 625 4685 conjiecrcnt,
659 4634 766 4674 non
813 4620 975 4676 modo
1027 4623 1173 4692 ipsos
1219 4639 1324 4679 non
1370 4639 1717 4695 superarent;
1761 4632 1856 4687 sed

266 4763 389 4814 agro
414 4758 489 4803 est
510 4750 874 4818 extennz'mttns,
905 4750 1109 4818 librith
1133 4754 1240 4818 eius
1270 4757 1318 4806 in
1352 4758 1576 4810 concione
1608 4762 1853 4814 combusti.

268 4813 340 4877 [gr
360 4827 464 4877 quo
481 4813 707 4877 emacient
727 4814 954 4865 existimo
973 4813 1215 4868 tardiores
1227 4820 1291 4867 ad
1310 4819 1434 4869 hanc
1449 4824 1727 4872 sententiam
1748 4813 1858 4877 nro-

266 4873 502 4944 (iteratum
525 4874 700 4944 multos
723 4888 824 4926 esse
846 4878 1016 4944 factos,
1042 4879 1217 4943 quippe
1240 4894 1352 4930 cum
1368 4896 1560 4944 pwnam
1580 4897 1640 4935 ne
1668 4873 1859 4938 dubita-

266 4936 331 4987 tio
347 4937 554 5001 modem
575 4937 786 5000 emigrare
808 4936 1053 5001 parasset.

322 5002 396 5063 (α)
418 4999 575 5067 Ρξςνριο
599 4999 742 5067 estin
759 4999 983 5067 omnibus
1002 5001 1156 5052 Editis
1178 5011 1231 5067 et
1253 5006 1601 5067 Manuscriptis.
1623 5020 1733 5057 cum
1750 5012 1856 5058 nia-

265 5061 405 5122 goras
424 5061 612 5129 dicitur
647 5061 886 5129 lilil_e_sius,_
902 5065 987 5126 qui
1010 5073 1117 5129 erat
1138 5065 1305 5129 Melius
1325 5067 1433 5129 sive
1456 5061 1519 5115 ex
1539 5069 1693 5119 insula
1716 5071 1853 5129 Melo,

264 5130 314 5172 ut
334 5122 633 5174 testiﬁcatur
656 5123 835 5172 Suidas.
860 5122 991 5174 Alite
1014 5125 1145 5174 illum
1171 5127 1342 5177 Cicero
1364 5128 1557 5177 dixerat
1581 5129 1612 5176 Ι.
1642 5131 1661 5179 1
1687 5132 1751 5180 de
1769 5122 1856 5181 ua;

262 5191 365 5252 tura
385 5186 622 5252 deorum,
650 5198 695 5233 c.
724 5185 742 5233 l
781 5200 793 5234 :
818 5185 979 5252 Nullos
1002 5200 1103 5238 esse
1126 5187 1317 5238 omnino
1341 5189 1475 5252 deos,
1507 5189 1737 5252 Diagoras
1756 5203 1853 5243 Me-

263 5245 415 5312 liusetr
435 5245 722 5312 T’lf_0_!_ltl_rll8
739 5248 1036 5312 Cyrenaicus
1060 5258 1361 5311 putaverunt.
1390 5245 1508 5300 Cum
1533 5245 1657 5312 ergo
1693 5260 1853 5303 Manu-

261 5310 421 5371 scripti
434 5315 499 5379 et
508 5306 635 5379 Editi
659 5306 839 5379 graues
854 5306 1068 5379 milesius
1078 5313 1303 5379 habeant,
1320 5324 1459 5360 error
1475 5306 1680 5379 fortasse
1705 5315 1853 5379 Chry-

264 5368 645 5438 sostnnii‘fnerit.
669 5370 793 5438 llaec
809 5370 876 5438 de
900 5370 1129 5438 Diagora.
1156 5373 1234 5422 De
1254 5368 1488 5438 sequenti
1513 5387 1631 5438 vero
1651 5368 1856 5438 quaesfio

267 5384 455 5420 sosmnu
476 5384 645 5419 lueI'll.
669 5384 788 5419 inec
809 5384 876 5419 ue
900 5384 991 5419 una
1030 5385 1129 5421 ora.
1156 5384 1234 5422 ue
1254 5384 1488 5435 sequenti
1513 5387 1631 5423 vero
1651 5384 1855 5438 quaesuo

267 5439 356 5498 est.
375 5432 510 5482 Editi
525 5444 707 5498 _ou_u)cs
735 5431 976 5498 piodortts
996 5384 1193 5498 ﬁabent,
1208 5436 1382 5498 Regius
1402 5449 1519 5484 vero
1536 5435 1700 5485 Codex
1717 5438 1855 5487 Παίο-

263 5493 423 5560 got-us,
451 5494 537 5541 cui
585 5494 713 5560 favet
737 5494 878 5560 locus
901 5493 1080 5543 allatus
1115 5493 1377 5560 Ciceronis,
1404 5498 1486 5560 qui
1510 5510 1619 5546 cum
1643 5498 1854 5560 Diagora

257 5535 565 5623 iiaHigﬁiin
893 5535 946 5607 et
965 5535 1226 5618 utruniitue
1251 5535 1407 5608 nullos
1422 5535 1690 5623 lessedeos
1714 5535 1851 5623 plina-

266 5618 385 5666 visse
406 5618 558 5666 dixit.
584 5620 668 5666 llic
682 5618 863 5667 uilicus
888 5626 1093 5667 vocatus
1119 5627 1195 5668 est
1218 5626 1347 5667 teste
1369 5622 1526 5668 Suitla.
1558 5622 1633 5669 De
1657 5618 1851 5671 Socrate

271 5686 423 5735 postea
447 5680 555 5741 agit
587 5679 978 5745 Chrysostonms.
1020 5680 1110 5729 ille
1135 5683 1338 5732 cit-utam
1364 5683 1534 5731 bibere
1551 5684 1716 5744 jussus
1740 5693 1815 5733 est
1832 5722 1845 5745 ,

265 5749 363 5798 ψη
384 5754 472 5791 res
493 5744 707 5791 Otuuium
727 5755 819 5791 ore
840 5743 1018 5792 turtur.

594 5826 875 5885 Parnm.
923 5826 1039 5883 (iu.
1096 5824 1248 5885 LXI.

1970 390 2151 451 postea
2196 391 2322 439 ante
2370 384 2492 439 illos
2539 388 2993 458 procumberent,
3046 392 3374 465 ﬂagellautes
3422 411 3551 454 ante

1967 473 2303 544 ﬂagellatos,
2350 477 2646 532 vincientes
2691 493 2816 537 ante
2868 483 3113 546 vinctos,
3168 500 3559 557 persequentes

1963 574 2088 619 ante
2120 565 2322 633 pulsos.
2354 566 2478 622 llaec
2516 583 2677 637 porro
2717 573 2895 628 omnia
2940 573 3140 633 Gracia
3164 578 3410 644 dicimus,
3439 582 3549 636 imo

1963 655 2048 711 his
2095 658 2283 727 plura;
2333 674 2523 730 magna
2560 663 2758 734 quippe
2799 674 2884 722 est
2929 669 3166 725 veritatis
3206 672 3443 731 ubertas.
3488 676 3545 731 Si

1962 747 2105 802 extim
2128 760 2509 818 argumentum
2534 757 2852 824 sequamini,
2885 774 3075 815 omnes
3108 776 3203 817 vos
3235 764 3549 823 docebimus

1962 839 2218 895 adversus
2258 841 2382 898 illos
2408 848 2883 904 concertationem.
2916 853 3132 909 Interim
3158 872 3285 912 vero
3324 859 3409 917 hic
3442 862 3551 917 duo

1961 944 2345 988 conservemus
2374 938 2546 1005 capita
2574 941 2884 1008 :quomodo
2905 944 3101 1001 intimi
3130 946 3297 1007 fortes
3326 966 3550 1022 supera-

1961 1022 2106 1088 rint;
2133 1032 2188 1078 et
2212 1027 2483 1093 quomodo
2512 1027 2644 1098 ipsis
2668 1032 2903 1087 venisset
2931 1035 2982 1088 in
3014 1047 3249 1094 mentem
3271 1057 3392 1096 eum
3417 1046 3549 1100 tales

1962 1126 2145 1169 essent
2175 1116 2298 1171 talia
2319 1119 2544 1174 cmisilia
2573 1121 2875 1194 suscipere,
2905 1127 3007 1182 nisi
3029 1129 3210 1186 divino
3238 1136 3387 1203 potiti
3413 1137 3546 1191 ruis.

1961 1214 2081 1261 sent
2107 1208 2328 1263 auxilio.

2032 1297 2085 1351 6.
2111 1298 2177 1353 Et
2198 1311 2378 1356 nostra
2400 1303 2615 1373 quidem
2644 1305 2923 1364 hactenus.
2956 1311 3064 1367 Nos
3085 1325 3264 1371 autem
3291 1320 3546 1388 operibus

1962 1387 2122 1443 vitam
2171 1402 2319 1447 recte
2364 1408 2634 1463 geramus,
2682 1408 2736 1453 et
2783 1401 3058 1469 copiosum
3108 1387 3542 1481 virtutisignem

1961 1479 2340 1537 accendamus.
2373 1484 2678 1543 Luminaria
2709 1491 2851 1545 enim
2881 1494 3033 1555 estis.
3068 1496 3258 1566 inquit,
3290 1499 3341 1554 in
3370 1479 3548 1557 medio

1961 1570 2144 1624 mundi
2169 1570 2433 1643 fulgentes
2457 1574 2713 1650 (Philipp.
2744 1581 2798 1643 2.
2827 1582 2915 1655 lii)
2944 1602 2957 1638 :
2985 1595 3037 1640 ct
3058 1588 3278 1658 singulis
3305 1602 3542 1647 nostrqu

1961 1660 2220 1729 majorem
2272 1664 2414 1720 Deus
2458 1667 2607 1725 dedit
2652 1688 2841 1735 usum,
2886 1690 3043 1745 quam
3095 1679 3234 1746 soli;
3282 1684 3541 1751 majorem

1961 1768 2121 1823 quam
2172 1755 2305 1811 cado
2358 1767 2414 1813 ct
2462 1768 2619 1815 lerrre
2662 1771 2716 1817 et
2767 1765 2921 1830 mari,
2974 1777 3027 1822 et
3070 1777 3216 1825 Lanto
3264 1774 3541 1842 majorem,

1961 1854 2161 1913 quanto
2194 1847 2491 1916 spiritualia
2517 1852 2856 1908 sensibilibus
2891 1859 3219 1924 prmeelluut.
3254 1860 3387 1918 Cum
3413 1882 3544 1937 ergo

1960 1935 2090 1989 solis
2115 1936 2372 1992 circulum
2401 1942 2762 2011 conspicimus
2784 1955 2835 1998 ct
2860 1948 3331 2019 pulchritudinem,
3350 1935 3545 2028 corpus

1962 2035 2016 2079 ct
2045 2029 2386 2096 Splendorem
2416 2033 2547 2087 astri
2576 2034 2935 2103 admiranmr,
2967 2042 3264 2111 cogitemus
3290 2050 3545 2117 majorem

1962 2129 2016 2173 et
2044 2122 2321 2177 meliorem
2348 2126 2396 2178 in
2421 2127 2576 2181 nobis
2603 2143 2726 2184 esse
2758 2130 2961 2200 lucem;
2993 2147 3046 2188 ut
3081 2138 3240 2192 etiam
3272 2143 3547 2210 graviores

1965 2212 2231 2278 tenebras",
2272 2218 2370 2272 nisi
2398 2221 2736 2277 attendamus
2762 2241 2774 2276 :
2801 2242 2920 2280 nam
2954 2244 3057 2283 nox
3088 2231 3348 2301 profunda
3375 2243 3543 2292 totum

1964 2308 2146 2362 orbem
2178 2322 2423 2379 occupat.
2472 2312 2619 2369 lianc
2648 2317 2810 2386 igitur
2838 2332 3141 2377 cvertamus
3167 2335 3223 2380 et
3250 2314 3541 2386 solvamus.

1963 2398 2075 2453 Nox
2104 2415 2207 2455 non
2232 2402 2283 2456 iu
2309 2402 2575 2460 luereticis
2604 2418 2656 2462 et
2687 2409 2888 2466 Gnecis
2919 2421 3141 2479 tantum,
3174 2420 3266 2473 sed
3297 2419 3456 2475 etiam
3491 2424 3546 2480 in

1964 2493 2142 2548 multis
2169 2496 2257 2566 qui
2288 2498 2564 2552 nobiscum
2596 2510 2740 2567 sunt,
2777 2482 2880 2558 iam
2912 2505 2962 2559 in
2993 2506 3350 2579 dogmatibus.
3378 2531 3539 2586 quam

1966 2583 2016 2636 iu
2046 2584 2169 2638 vita.
2203 2584 2349 2641 Multi
2377 2589 2518 2642 enim
2561 2596 2936 2650 resurrectioni
2966 2613 3070 2651 nan
3101 2600 3323 2656 credunt
3347 2646 3361 2669 ,
3393 2583 3545 2660 inulti

1960 2677 2297 2746 genethliaca
2340 2685 2602 2736 sententia
2633 2698 2690 2739 se
2718 2689 2992 2757 muniunt;
3031 2693 3117 2745 alii
3159 2693 3549 2753 observationi-

1965 2767 2063 2822 bus
2106 2768 2360 2833 student,
2414 2788 2620 2828 uecoon
2668 2776 3172 2849 vaticinationibus,
3221 2790 3455 2857 auguriis
3496 2802 3551 2845 et

1962 2859 2222 2929 symbolis
2246 2879 2260 2926 ;
2284 2862 2372 2915 alii
2397 2863 2736 2934 ligaminibus
2758 2880 2810 2923 et
2836 2869 3279 2943 incantationibus
3304 2890 3545 2938 utuntur.

1966 2954 2031 3004 At
2061 2950 2319 3005 adversus
2347 2955 2468 3008 illos
2499 2957 2657 3018 etiam
2692 2975 2873 3027 postea
2901 2962 3091 3019 dicturi
3122 2982 3309 3024 sumus
3334 3014 3348 3035 ,
3398 2988 3547 3044 post-

1963 3057 2119 3108 quam
2149 3059 2452 3101 scrmouem
2491 3062 2673 3105 contra
2703 3052 2920 3109 Graecos
2945 3057 3333 3119 abstdverimus
3365 3084 3377 3119 :
3411 3067 3550 3123 inte-

1963 3135 2060 3189 rim
2094 3152 2225 3193 vero
2253 3140 2343 3194 illa
2373 3157 2491 3211 qua:
2517 3143 2656 3199 dicta
2688 3157 2814 3202 sunt
2844 3150 3073 3208 retinete
3096 3195 3112 3220 ,
3146 3163 3201 3210 et
3227 3172 3435 3215 mecum
3481 3165 3547 3217 ad

1963 3242 2189 3295 pugnam
2220 3232 2488 3299 accedite,
2543 3252 2638 3304 per
2681 3238 2801 3292 vitm
2848 3240 3147 3300 institutum
3191 3248 3309 3304 illos
3353 3253 3417 3305 ad
3451 3271 3550 3308 nos

1962 3321 2295 3379 attrahentes
2323 3334 2377 3379 ct
2407 3328 2808 3387 transferentes.
2847 3333 3059 3390 Etenim
3087 3379 3101 3404 ,
3147 3345 3288 3410 quod
3333 3360 3547 3417 semper

1962 3410 2103 3475 dico,
2132 3428 2254 3468 eum
2279 3417 2366 3485 qui
2398 3419 2786 3489 philosophiam
2816 3424 2993 3494 docrt,
3020 3441 3232 3496 oportet
3263 3435 3433 3502 primo
3451 3410 3551 3507 per

1962 3502 2196 3571 seipsum
2226 3504 2324 3559 hoc
2353 3506 2551 3564 docere
2574 3549 2588 3573 ,
2624 3520 2678 3565 et
2703 3514 3037 3571 auditoribus
3063 3534 3180 3575 esse
3220 3502 3551 3583 desiderabi-

1963 3590 2086 3646 lem.

2036 3686 2301 3752 Quomodo
2352 3689 2516 3745 (ἐνωεὶ
2559 3692 2621 3747 de
2672 3695 2775 3763 ﬁde
2805 3707 2923 3751 sunt
2961 3700 3237 3758 imbuendi.
3262 3737 3331 3748 —
3359 3707 3538 3767 Simus

1963 3792 2090 3851 ergo
2119 3778 2522 3845 desiderabiles,
2571 3793 2625 3839 et
2665 3784 2973 3845 Gl‘iDCOl‘Ulll
3019 3794 3171 3850 nobis
3219 3797 3545 3857 benevolen-

1965 3869 2088 3923 tiam
2120 3870 2468 3926 attrahamus.
2519 3876 2633 3930 Erit
2685 3887 2866 3934 autem
2905 3882 3036 3938 illud
3059 3926 3073 3948 ,
3109 3887 3151 3942 si
3181 3892 3350 3959 parati
3380 3893 3548 3951 simus

1964 3977 2067 4014 non
2110 3962 2283 4017 solum
2321 3964 2386 4017 ad
2434 3966 2571 4022 bene
2619 3968 2920 4027 l‘acieudum
2945 4016 2960 4042 ,
3005 3975 3102 4031 sed
3128 3981 3287 4035 etiam
3319 3983 3386 4038 ad
3410 3987 3549 4043 male

1961 4051 2289 4120 patiendum.
2338 4055 2451 4110 Non
2485 4059 2727 4115 videmus
2755 4061 3017 4130 infantes,
3064 4072 3275 4139 quando
3301 4089 3328 4127 a
3357 4092 3549 4145 paren-

1964 4143 2103 4197 tibus
2133 4145 2343 4214 gestati,
2371 4150 2640 4217 quomodo
2666 4152 2835 4223 plagis
2859 4160 3120 4223 portantis
3140 4175 3199 4215 sc
3228 4143 3392 4232 genas
3425 4186 3550 4224 ver-

1963 4234 2170 4301 berent,
2204 4245 2258 4291 et
2285 4252 2443 4307 quam
2470 4238 2698 4296 libenter
2725 4246 2985 4300 concedat
3014 4258 3164 4316 pater
3191 4250 3300 4307 ﬁlio
3331 4242 3388 4309 ut
3415 4257 3545 4313 iram

1963 4326 2173 4394 expleat
2195 4369 2210 4389 ,
2251 4338 2307 4382 et
2353 4332 2565 4398 quando
2594 4334 2735 4388 videt
2768 4336 2899 4389 iram
2931 4340 3233 4407 explevisse
3253 4385 3267 4407 ,
3299 4345 3547 4405 laetetur?

1964 4416 2036 4471 lta
2061 4427 2114 4473 et
2144 4433 2240 4472 nos
2278 4419 2554 4489 faciamus,
2585 4433 2641 4477 et
2677 4427 3124 4495 quemadmodum
3160 4445 3336 4502 patres
3374 4439 3541 4507 lilios,

1963 4511 2042 4564 sic
2083 4509 2297 4567 Grmcos
2336 4512 2689 4583 alloquamur.
2736 4516 2969 4577 Infantes
2996 4525 3191 4595 quippe
3222 4540 3346 4586 sunt
3369 4532 3543 4591 σινωρί

1961 4618 2148 4658 omnes
2179 4622 2192 4658 :
2225 4613 2279 4659 et
2300 4606 2514 4674 quidam
2556 4610 2697 4679 apud
2741 4611 2862 4668 illos
2910 4614 3026 4671 haec
3067 4618 3349 4691 dixerunt,
3399 4639 3543 4696 quod

1967 4710 2172 4763 smper
2198 4697 2348 4767 pueri
2376 4698 2503 4764 sint,
2536 4711 2590 4755 et.
2621 4703 2800 4759 nullus
2824 4705 2894 4759 sit
2923 4722 3087 4764 senex
3111 4709 3347 4769 Gra‘cus.
3382 4717 3540 4774 Pueri

1962 4797 2135 4843 autem
2167 4789 2232 4842 de
2263 4804 2321 4843 re
2351 4791 2464 4843 utili
2498 4793 2641 4846 nulla
2669 4806 2877 4851 curant.
2905 4798 2992 4854 Sic
3022 4805 3182 4858 etiam
3211 4806 3381 4863 Graeci
3408 4825 3555 4865 scm-

1967 4896 2058 4948 per
2086 4881 2269 4935 ludere
2304 4882 2508 4949 volunt,
2562 4898 2613 4941 et
2641 4888 2784 4943 lunni
2811 4891 2995 4961 jacent
3028 4905 3080 4949 et
3109 4913 3226 4966 qum
3252 4899 3394 4955 humi
3418 4915 3545 4959 sunt

1961 4973 2226 5027 all'ectant.
2278 4973 2435 5028 Pueri
2463 4986 2640 5031 autem
2664 4995 2827 5048 Stepe,
2859 4997 2978 5036 cum
3010 4985 3078 5040 de
3107 4990 3264 5042 rebus
3295 5006 3542 5048 necessa-

1963 5065 2056 5121 riis
2100 5064 2383 5135 loquimur,
2416 5066 2677 5123 dietorum
2716 5072 2845 5124 nihil
2881 5075 3147 5140 sentiunt,
3192 5080 3285 5134 scd
3331 5098 3542 5154 semper

1963 5158 2157 5212 rident.
2216 5158 2289 5213 Ita
2329 5159 2487 5212 etiam
2517 5159 2710 5224 ϐιιωοὶ,
2751 5178 2869 5215 cum
2902 5166 2969 5218 de
3002 5183 3165 5234 regno
3190 5171 3504 5232 disserimus
3526 5220 3540 5240 .

1965 5248 2139 5303 rident
2168 5266 2181 5303 :
2211 5262 2265 5304 et
2291 5250 2425 5304 sicut
2469 5265 2532 5304 ex
2583 5267 2675 5306 ore
2718 5256 3057 5320 parvulorum
3084 5279 3227 5331 Sil‘pt)
3259 5266 3422 5319 multa
3449 5268 3540 5323 dc-

1962 5341 2170 5395 cidcutc
2195 5341 2381 5406 saliva,
2401 5341 2551 5396 cibus
2573 5351 2625 5396 et
2654 5353 2806 5413 potus
2836 5347 3141 5418 inquinatur
3165 5373 3177 5407 :
3204 5357 3281 5409 sic
3302 5367 3356 5410 et
3383 5360 3541 5412 verba

1962 5448 2026 5486 ex
2056 5446 2152 5488 ore
2179 5431 2487 5489 Grtecorum
2529 5435 2770 5503 liuentia,
2820 5457 2951 5495 vana
2978 5455 3101 5498 sunt
3129 5458 3183 5500 et
3215 5453 3455 5516 impura;
3488 5461 3542 5504 et

1962 5524 2007 5578 si
2045 5524 2399 5580 necessariqu
2428 5527 2638 5584 dederis
2667 5532 2842 5587 cibum
2865 5575 2881 5601 ,
2913 5537 3212 5605 przrbcntcs
3245 5538 3544 5597 maledictis

1965 5618 2236 5672 incessunt
2280 5628 2333 5673 ct
2383 5620 2506 5675 ferri
2543 5622 2758 5678 debent.
2801 5627 2956 5681 Pueri
2983 5642 3195 5697 quoque
3222 5642 3344 5683 cum
3375 5627 3544 5687 furem

1964 5713 2143 5769 vident
2191 5713 2516 5785 ingressam,
2568 5724 2621 5772 et
2665 5731 2782 5786 quze
2825 5726 2969 5777 intus
3021 5728 3144 5771 sunt
3190 5717 3547 5790 auferentem,

3161 5818 3204 5873 ὃ
