3954 6130
400 281 470 335 59
1104 271 1159 326 S.
1201 270 1474 327 JUANNlS
1511 269 1987 326 CllllYSOSTOMl
2027 272 2338 329 AliCllllﬁP.
2369 271 2897 330 CONSTANTINOP.
3600 264 3671 320 40

393 406 425 443 ιι
452 406 499 444 ιιι
531 387 692 443 modo
711 403 816 442 non
839 395 1046 448 arcent.
1075 385 1169 440 sed
1197 386 1357 440 etiam
1384 385 1682 439 insidiatori
1707 385 1974 440 arrident:

390 483 434 531 si
467 495 597 534 vero
623 480 971 535 calathiscum
998 487 1054 532 et
1078 477 1234 531 sistra
1263 475 1499 537 auferas.
1532 486 1624 530 aut
1651 477 1795 531 aliud
1823 477 1978 548 quid-

393 573 532 638 piam
566 572 848 635 ludicrum,
887 585 1029 641 a‘gre
1059 569 1268 638 puellus
1292 578 1348 623 et
1378 569 1595 637 indigne
1633 571 1767 632 fert,
1803 584 1863 624 se
1889 569 1976 622 di-

394 664 612 727 lacerat,
645 662 818 716 solmn
849 663 1042 732 pulsat.
1071 659 1159 716 Sic
1180 670 1234 714 et
1255 659 1425 715 Grazci
1451 674 1682 729 quoque,
1704 659 1976 713 diabolum

394 755 636 816 videntes
668 753 844 808 omnia
875 761 1094 823 paterna
1127 751 1286 816 bona,
1319 764 1438 820 quin
1462 749 1622 803 vitam
1647 757 1972 815 sustentant,

391 846 753 916 diripieatem,
794 843 992 908 rident,
1032 851 1088 897 et
1132 852 1402 912 tamquam
1442 840 1508 895 ad
1535 840 1763 895 amicum
1791 854 1979 896 accur-

393 946 518 990 runt
551 937 630 990 :si
659 937 779 1006 quis
818 945 996 990 autem
1024 935 1444 1005 possessionem,
1486 941 1578 986 aut
1623 931 1837 986 divitias
1885 939 1977 984 aut

393 1029 594 1098 puerile
631 1027 903 1098 quidpiam
955 1026 1184 1088 auferat,
1229 1025 1613 1086 lamentantur,
1660 1036 1720 1076 se
1769 1020 1976 1076 discer-

393 1130 524 1186 punt
551 1137 564 1171 :
596 1133 658 1172 ac
688 1118 828 1173 sicut
856 1117 1004 1188 pueri
1050 1117 1167 1170 sine
1201 1130 1364 1170 sensu
1395 1112 1682 1178 nudantur,
1725 1126 1824 1166 nec
1851 1125 1976 1166 eru-

392 1209 617 1262 besrunt
649 1227 664 1264 ε
697 1209 767 1262 ita
791 1218 845 1264 et
876 1207 1046 1264 Graeci
1072 1223 1192 1261 cum
1222 1205 1417 1260 scortis
1443 1213 1496 1258 et
1531 1202 1788 1258 adulteris
1817 1203 1971 1256 volu-

2095 386 2186 440 tati
2207 428 2222 450 ,
2275 395 2476 441 naturre
2505 388 2647 456 leges
2681 387 2974 454 nudantes,
3004 397 3058 442 et
3090 387 3324 444 nefarios
3357 389 3674 447 indecentes

2091 480 2265 533 mitus
2285 521 2300 544 ,
2345 495 2448 533 non
2480 490 2882 534 convertuntur.
2913 481 3192 536 Plausistis
3220 481 3376 537 valde
3407 491 3459 536 et
3487 483 3672 537 lauda-

2083 570 2214 634 stis;
2267 571 2360 624 sed
2403 587 2526 626 cum
2574 573 2761 641 plausu
2798 571 3098 642 providete,
3131 589 3199 628 ne
3227 573 3294 628 de
3321 575 3477 629 vobis
3505 577 3668 630 etiam

2083 660 2200 715 haec
2234 662 2499 716 dicantur.
2552 663 2889 734 Quapropter
2916 679 3102 717 omnes
3131 679 3264 733 rogo
3283 705 3297 730 ,
3327 665 3426 718 viri
3454 676 3626 720 estote
3653 685 3667 720 :

2083 766 2205 804 nam
2234 753 2276 804 si
2305 767 2403 806 nos
2431 753 2581 822 pueri
2619 754 2786 808 simus
2809 795 2826 820 ,
2875 755 3143 824 quomodo
3181 755 3300 808 illos
3329 756 3671 810 instituemus

2083 849 2140 893 ιιι
2167 841 2266 894 viri
2293 842 2436 896 sl'ht?
2479 843 2749 911 quomodo
2774 845 2843 898 ab
2873 843 3100 897 iul'autili
3135 844 3438 912 insipientia
3463 849 3669 902 arcebi-

2082 943 2202 984 mus
2230 930 2393 985 illos?
2422 931 2604 986 Simus
2631 948 2762 1002 ergo
2789 933 2912 999 viri,
2941 945 2998 988 ut
3019 935 3398 1004 perveniamus
3428 937 3492 991 ad
3522 954 3672 992 meu-

2083 1039 2261 1081 suram
2291 1029 2463 1082 inlatis
2491 1045 2520 1082 a
2549 1027 2768 1084 Christo
2801 1029 3074 1084 deﬁnitam
3113 1040 3168 1085 et
3194 1030 3368 1086 futura
3401 1032 3668 1102 adipisca-

2080 1135 2200 1174 mur
2229 1120 2384 1187 bona,
2417 1121 2586 1192 gratia
2614 1131 2668 1177 et
2697 1121 3044 1192 benignitate,
3073 1131 3181 1176 etc.

429 1333 3657 1357 Wm—

1787 1391 2125 1452 HOMiLlA
2173 1391 2249 1448 ν.

390 1549 499 1602 Car
564 1549 614 1602 l.
656 1562 706 1598 v.
746 1543 837 1599 9.6.
891 1541 1062 1595 Videte
1085 1539 1216 1592 enim
1246 1536 1554 1590 vocationem
1584 1543 1817 1597 vestram,
1870 1535 1978 1602 fra-

463 1651 584 1702 tres,
632 1636 752 1707 quia
798 1651 897 1687 non
945 1631 1092 1684 multi
1136 1631 1386 1700 sapientes
1430 1625 1704 1680 secundum
1748 1639 1972 1688 carnem,

462 1751 562 1786 non
594 1731 738 1785 multi
764 1737 1018 1800 potentes,
1067 1740 1166 1776 non
1197 1720 1343 1775 multi
1373 1719 1560 1772 nobiles
1586 1733 1604 1770 :
1628 1718 1720 1770 27.
1751 1714 1840 1769 sed
1864 1729 1978 1783 qua:

461 1825 613 1876 stulta
651 1833 766 1875 sunt
822 1817 1023 1882 uitandi,
1067 1813 1212 1884 elegit
1260 1810 1420 1876 Deus,
1471 1819 1526 1863 ut
1573 1807 1851 1877 confundat
1893 1823 1977 1860 sa-

460 1917 666 1984 pientes.

461 2008 511 2060 l.
551 2003 684 2058 Cum
715 2000 960 2063 dixisset,
1010 1995 1060 2050 id
1092 1993 1235 2066 quod
1267 1992 1489 2048 Stultum
1519 1998 1603 2046 est
1632 1987 1726 2043 Dei
1765 1988 1977 2056 sapien-

389 2101 494 2154 tius
533 2111 652 2151 esse
695 2091 1020 2153 hominibus,
1054 2085 1288 2142 ostendit
1327 2086 1612 2138 humanam
1657 2079 1975 2150 sapientiam

392 2195 655 2262 abiectam
690 2186 876 2250 tuisse,
905 2193 958 2238 et
983 2198 1046 2236 ex
1074 2176 1382 2234 testimonio
1409 2175 1808 2243 Scripturarmn
1831 2179 1884 2225 et
1909 2186 1974 2224 ex

389 2300 570 2341 rerum
622 2289 857 2334 eventu:
900 2291 965 2329 ex
1007 2269 1334 2334 testimonio,
1377 2281 1500 2322 cum
1543 2265 1672 2319 dicit
1707 2281 1720 2317 :
1756 2262 1976 2315 Perdant

389 2372 689 2444 sapientium
720 2365 1022 2436 sapientium
1060 2378 1078 2416 :
1119 2377 1182 2416 ex
1209 2366 1427 2422 eventu,
1473 2370 1567 2426 per
1594 2352 1974 2444 interrogatio-

391 2441 512 2519 nem
561 2463 783 2530 loquens
827 2471 888 2511 ac
937 2453 1168 2510 dicens:
1215 2449 1312 2505 Ubi
1361 2445 1605 2517 sapiens?
1647 2443 1733 2497 ubi
1773 2441 1978 2496 scriba?

394 2558 620 2609 Itur-sum
648 2547 881 2605 ostendit
902 2561 1014 2600 rem
1040 2559 1143 2598 non
1170 2555 1290 2596 esse
1319 2552 1534 2606 novam,
1558 2533 1651 2591 sed
1681 2533 1972 2603 antiquam,

391 2655 448 2700 t.t
473 2660 589 2715 qua:
620 2641 728 2712 jam
751 2639 876 2693 olim
908 2633 1063 2690 luerit
1089 2631 1420 2702 prarl‘tgurata
1439 2637 1490 2683 et
1523 2625 1798 2698 prtedicta.
1832 2624 1971 2679 Scri-

391 2747 532 2808 pmnt
560 2743 629 2787 est
665 2729 817 2794 enim,
853 2725 1044 2797 inquit,
1075 2722 1298 2778 Perdunt
1321 2717 1623 2788 sapientiam
1643 2715 1970 2788 sapientium.

387 2806 522 2882 Cum
549 2825 630 2880 bis
650 2819 900 2884 ostendit,
932 2819 1046 2872 lucc
1076 2814 1276 2870 utiliter
1299 2821 1351 2868 et
1376 2810 1593 2882 provide
1615 2809 1749 2865 facta
1778 2806 1970 2862 fuisse:

392 2919 515 2990 quia
545 2914 689 2972 enim
716 2913 768 2968 in
796 2908 1054 2980 sapientia
1085 2906 1197 2972 Dei,
1227 2903 1416 2973 inquit,
1445 2897 1975 2990 nonnovitimuudus

394 2989 583 3070 Deum.
602 3003 799 3076 placuit
829 3003 937 3056 Deo
960 3015 1052 3070 per
1074 2995 1352 3054 stultitiam
1384 2989 1777 3063 praedicationis
1799 2991 1975 3042 saIVos

391 3103 569 3156 fat-ere
598 3095 882 3152 credentes
916 3108 930 3149 :
961 3099 1015 3146 et
1044 3087 1183 3158 quod
1211 3099 1347 3141 crux
1378 3083 1448 3138 sit
1469 3080 1753 3137 inetl‘abilis
1790 3087 1971 3148 poten-

393 3193 478 3247 ti-t-
509 3200 562 3243 et
591 3185 864 3262 sapientie
895 3188 1287 3253 argumentum,
1344 3183 1399 3230 et
1437 3173 1579 3243 quod
1609 3171 1774 3226 multo
1805 3170 1974 3238 majus

391 3289 461 3339 sit
487 3283 537 3337 id
568 3280 708 3351 quod
741 3278 958 3332 stultum
991 3281 1073 3326 est
1100 3270 1212 3333 Dei,
1240 3282 1397 3338 quam
1435 3264 1665 3318 humana
1693 3262 1971 3331 sapientia.

392 3378 458 3432 Et
491 3382 590 3432 buc
611 3387 821 3428 rursum
850 3384 954 3424 non
985 3381 1078 3434 per
1101 3363 1370 3424 doctores,
1395 3357 1488 3412 sed
1515 3355 1675 3412 etiam
1701 3369 1793 3424 per
1817 3353 1976 3408 disci-

393 3472 549 3543 pulos
587 3464 858 3523 ostendit:
903 3458 1074 3515 Vidcte
1114 3454 1281 3516 enim,
1323 3451 1514 3543 inquit,
1553 3449 1973 3543 vocationem-ve-

391 3536 567 3619 stram.
617 3559 732 3614 Non
779 3553 938 3610 modo
987 3548 1129 3606 enim
1165 3545 1415 3600 doctores
1447 3539 1656 3604 idiotas,
1690 3538 1783 3593 sed
1813 3536 1973 3592 etiam

394 3653 685 3722 discipulos
715 3647 844 3702 tales
874 3641 1033 3711 elegit
1061 3657 1072 3694 :
1102 3636 1221 3692 Non
1249 3635 1378 3689 enim
1407 3632 1552 3686 multi
1575 3631 1844 3701 sapientes,
1887 3628 1973 3684 iu-

393 3748 528 3819 quit,
557 3740 833 3798 secundum
860 3750 1081 3790 carnem.
1109 3730 1198 3784 Sic
1221 3725 1519 3782 ostenditur
1543 3725 1642 3779 hoc
1668 3733 1722 3779 et
1749 3722 1975 3777 validius

393 3815 448 3895 et
477 3832 790 3904 sapientius,
824 3842 945 3887 cum
992 3833 1045 3878 et
1075 3821 1258 3876 multis
1288 3817 1608 3887 persuaserit
1635 3825 1687 3870 et
1715 3815 1973 3883 insipien-

397 3930 534 3984 tibus
565 3918 910 3995 persuaserit.
963 3914 1094 3970 Nam
1133 3909 1504 3966 dil‘tieillimum
1535 3914 1616 3960 est
1647 3905 1822 3957 idiota'.
1847 3917 1972 3972 per-

393 4019 639 4082 suadere,
671 4012 902 4069 maxime
928 4023 1046 4064 cum
1073 4005 1142 4061 de
1173 4004 1334 4060 rebus
1354 3999 1670 4056 necessariis
1690 4008 1742 4052 et
1773 3996 1975 4065 magnis

396 4128 574 4169 sermo
598 4119 700 4165 est.
735 4105 980 4161 Attamen
1003 4104 1412 4172 persuaserunt;
1441 4103 1495 4149 et
1525 4093 1682 4162 hujus
1709 4092 1784 4146 rei
1814 4099 1976 4144 testes

395 4213 550 4262 vocat
578 4201 697 4257 illos
731 4220 744 4255 :
777 4211 900 4251 nam
927 4194 1022 4257 ait,
1055 4190 1232 4245 Videte
1259 4187 1568 4248 vocationem
1596 4193 1829 4248 vestram,
1863 4183 1974 4251 fra-

398 4312 518 4364 tres,
557 4292 914 4352 considerate.
952 4281 1287 4342 scrutamini.
1339 4279 1471 4334 Nam
1519 4277 1657 4346 quod
1698 4275 1873 4329 idiota:
1924 4283 1976 4327 et

399 4389 568 4462 ignari
593 4387 837 4456 dogmata
865 4380 997 4434 adeo
1026 4374 1284 4446 sapientia
1314 4371 1656 4440 onminmque
1696 4366 1978 4438 sapientis-

400 4461 536 4539 sima
566 4474 930 4545 susceperint,
969 4469 1018 4522 id
1052 4481 1256 4537 magna:
1283 4463 1519 4518 doctoris
1575 4461 1849 4529 sapientiae
1892 4469 1973 4512 te-

313 4598 319 4603 ·
400 4572 708 4632 stimoninm
732 4577 833 4622 est.
860 4562 994 4631 Quid
1023 4562 1120 4615 sibi
1151 4559 1262 4612 vult
1297 4567 1473 4611 autem
1501 4553 1651 4618 illud,
1687 4553 1977 4606 Secundum

400 4661 640 4720 carnem?
688 4658 744 4713 Si
791 4662 1069 4724 spectetur
1117 4648 1167 4704 id
1201 4646 1340 4717 quod
1367 4652 1604 4716 apparet,
1652 4651 1704 4695 et
1747 4658 1978 4712 pra-scus

401 4760 506 4812 vita
547 4764 708 4822 atque
731 4757 954 4804 externa
981 4741 1261 4799 institutio.
1298 4737 1496 4793 Deinde
1525 4751 1589 4789 ne
1617 4734 1714 4788 vid~
1736 4745 1853 4788 atur
1881 4735 1977 4786 sibi

401 4850 501 4918 ipsi
531 4838 802 4898 adversari
846 4842 1006 4905 (nam
1036 4829 1337 4903 proconsuli
1370 4825 1631 4897 persuasit
1665 4835 1717 4880 et
1747 4825 1980 4894 Areopa-

402 4915 524 5010 g—ilm
559 4949 658 4990 nec
691 4947 794 4986 ηυη
827 4926 1039 4998 Apollo,
1068 4923 1309 4989 aliosque
1342 4920 1583 4973 videmus
1610 4916 1878 4985 sapientes
1914 4915 1981 4970 ad

403 5007 840 5095 praedicationem
891 5011 1258 5082 accessisse);
1312 5027 1415 5064 non
1461 5008 1613 5072 dixit,
1666 5007 1849 5061 Nullus
1899 5021 1981 5061 sa-

405 5121 584 5188 piens;
632 5113 746 5178 sed,
781 5109 903 5166 Non
950 5107 1096 5162 mntti
1137 5105 1402 5174 sapientes.
1437 5101 1550 5155 Non
1584 5101 1724 5154 enim
1758 5115 1822 5154 ex
1851 5114 1983 5152 con-

404 5211 591 5267 stituto
631 5205 872 5260 indoctos
916 5201 1158 5262 voeabat.
1201 5207 1256 5253 ct
1304 5196 1574 5264 sapientes
1623 5193 1982 5261 relinquebat;

405 5303 498 5358 sed
543 5301 641 5354 hos
680 5298 840 5353 etiam
890 5292 1237 5352 admittebat,
1268 5300 1321 5344 at
1355 5289 1511 5357 longe
1541 5288 1720 5356 plures
1750 5286 1980 5340 illorum.

405 5392 616 5464 Quare?
635 5390 766 5458 Quia
789 5387 878 5458 qui
907 5385 1119 5454 sapiens
1143 5393 1222 5437 ext
1252 5379 1541 5434 sueuudum
1560 5394 1796 5436 carnem.
1822 5379 1984 5431 nmlta

408 5487 598 5557 plenus
637 5492 720 5538 est
754 5475 1102 5547 insipientia:
1133 5484 1182 5528 et
1231 5471 1316 5526 hic
1354 5469 1587 5525 maxime
1635 5470 1826 5523 stultus
1869 5481 1946 5524 est
1971 5512 1984 5532 ,

409 5577 622 5650 quando
657 5581 964 5640 corruptam
1001 5564 1301 5620 dictrinam
1343 5561 1538 5630 ejicere
1586 5576 1690 5615 non
1737 5560 1867 5614 vult.
1914 5565 1989 5615 Ac

409 5663 852 5736 quemadmodum
885 5655 1093 5712 medico
1119 5665 1287 5708 artem
1329 5669 1478 5709 suam
1512 5655 1706 5708 docere
1739 5653 1949 5706 vo'ente
1969 5693 1984 5717 ,

415 5756 506 5829 qui
541 5771 707 5830 pauca
751 5750 930 5808 sciunt
969 5758 1025 5807 ct
1065 5750 1203 5807 tuale
1247 5746 1625 5818 contrarioquc
1659 5745 1822 5802 modo
1873 5752 1987 5798 arte

2093 1539 2336 1594 utuntur,
2386 1539 2547 1600 atque
2593 1544 2709 1584 eam
2739 1531 2972 1585 retinere
2997 1531 3348 1591 contendunt.
3383 1548 3485 1587 non
3517 1534 3670 1589 facile

2087 1620 2422 1691 disciplinam
2450 1620 2798 1684 admiserint;
2823 1621 2913 1692 qui
2947 1637 3073 1676 vero
3105 1622 3233 1676 nihil
3275 1623 3484 1687 sciunt,
3517 1625 3670 1680 facile

2087 1711 2225 1767 dicta
2266 1712 2560 1781 suscipiunt
2608 1729 2620 1765 :
2669 1713 2747 1768 sic
2776 1725 2830 1768 et
2859 1713 2957 1767 bac
2983 1713 3036 1766 in
3064 1729 3122 1768 re
3147 1713 3339 1768 factum
3370 1727 3484 1780 cst;
3519 1717 3668 1771 indo-

2086 1804 2156 1858 cti
2187 1805 2353 1874 magis
2393 1804 2628 1870 persuasi
2675 1812 2798 1858 sunt
2834 1822 2845 1857 :
2875 1819 3136 1857 smmnam
3173 1805 3318 1859 enim
3358 1823 3463 1859 non
3506 1807 3670 1860 habe-

2087 1895 2215 1948 bant
2258 1893 2638 1963 arrogantiam,
2683 1909 2803 1947 cum
2853 1908 2957 1948 non
3000 1905 3247 1964 putarent
3291 1911 3352 1951 se
3397 1897 3669 1966 sapientes

2086 2002 2225 2041 esse.
2262 1988 2338 2041 Illi
2375 2003 2564 2056 nempe
2593 1987 2823 2042 maxime
2867 1987 3014 2042 stulti
3059 1997 3215 2051 sunt,
3253 1989 3342 2059 qui
3376 1990 3670 2044 ratiociniis

2086 2077 2177 2131 illa
2201 2078 2534 2147 permittunt,
2560 2093 2679 2146 qua:
2707 2093 2810 2133 non
2837 2091 3061 2150 possunt
3093 2081 3192 2135 nisi
3226 2097 3318 2151 per
3341 2081 3498 2136 ﬁdem
3523 2084 3668 2139 inve.

2087 2170 2209 2224 uiri.
2234 2171 2510 2238 Quomodo
2527 2173 2669 2224 enim
2690 2172 2754 2233 si,
2773 2186 2894 2226 eum
2921 2171 3070 2227 litber
3085 2174 3305 2228 mrarius
3327 2176 3528 2244 forcipe
3554 2193 3674 2229 can-

2091 2259 2220 2314 dens
2251 2259 2446 2312 t'errum
2471 2259 2736 2326 extrahat,
2762 2259 2864 2316 iste
2890 2277 3048 2315 manu
3077 2263 3126 2316 id
3155 2263 3330 2318 facere
3355 2265 3670 2330 contendat,

2087 2349 2236 2404 illum
2282 2362 2538 2404 extremae
2579 2349 2952 2405 damnabimus
2979 2353 3226 2407 amentia:
3261 2371 3275 2408 :
3305 2355 3373 2408 ita
3415 2363 3471 2409 ct
3495 2357 3669 2424 philo-

2085 2439 2260 2506 sophi,
2308 2440 2398 2511 qui
2442 2454 2536 2510 per
2573 2455 2632 2496 se
2675 2441 2788 2496 haec
2827 2441 3068 2496 invenire
3104 2444 3280 2497 conati
3323 2455 3467 2510 sunt,
3512 2445 3671 2502 tidem

2087 2531 2286 2603 probro
2335 2531 2647 2587 all'ecerunt.
2697 2533 2821 2588 Ideo
2865 2533 2993 2587 nihil
3026 2547 3213 2588 eorum
3247 2551 3364 2605 quae
3396 2537 3672 2606 perquire-

2085 2624 2211 2680 bant
2255 2624 2596 2680 invenerunt.
2629 2622 2748 2678 Non
2774 2625 2918 2678 multi
2949 2633 3193 2693 potentes.
3220 2643 3320 2680 non
3353 2628 3500 2680 multi
3529 2626 3672 2682 uobi-

2083 2718 2174 2773 les.
2207 2718 2336 2772 Nam
2365 2726 2420 2772 et
2459 2717 2511 2772 hi
2545 2718 2679 2770 fastu
2717 2717 2857 2786 pleni
2901 2727 3047 2772 sunt.
3095 2717 3234 2772 Nihil
3262 2731 3440 2773 autem
3479 2720 3544 2774 ad
3577 2719 3672 2776 Dei

2083 2812 2444 2882 cognitionem
2473 2809 2550 2864 sic
2581 2809 2770 2864 inutile
2808 2820 2892 2865 est
2913 2850 2928 2874 ,
2955 2819 3015 2864 ut
3053 2811 3355 2880 arrogantia
3384 2821 3439 2866 et
3462 2811 3672 2867 divitia-

2085 2917 2202 2955 rum
2229 2917 2400 2954 amor.
2432 2899 2684 2954 Elliciunt
2727 2899 2870 2956 enim
2916 2901 3026 2964 illa,
3071 2908 3129 2954 ut
3171 2901 3450 2970 prmsentia
3499 2902 3672 2957 admi—

2082 3003 2268 3050 rentur
2293 3003 2345 3049 et
2389 2992 2683 3047 futurorum
2732 2992 2930 3047 nullam
2982 2993 3245 3047 rationem
3299 2993 3573 3048 habeant:
3617 3004 3672 3049 et

2079 3098 2328 3140 curarum
2369 3083 2707 3138 multitudine
2733 3097 2893 3138 aures
2920 3083 3223 3139 obstruunt.
3256 3085 3360 3138 Sed
3381 3103 3493 3157 qua:
3516 3089 3671 3141 stulta

2080 3184 2196 3227 sunt
2229 3175 2424 3238 mundi,
2463 3173 2611 3244 elegit
2637 3171 2796 3227 Dens.
2821 3172 2972 3240 Quod
3001 3173 3295 3228 maximum
3318 3184 3402 3230 est
3429 3175 3668 3231 victoria:

2081 3267 2311 3335 signum.
2335 3280 2455 3319 cum
2485 3281 2580 3335 per
2612 3264 2855 3318 indoctos
2887 3264 3076 3322 vincit.

2149 3356 2204 3410 2.
2237 3355 2351 3410 Non
2387 3357 2530 3410 enim
2561 3364 2708 3409 tanto
2739 3354 2942 3424 pudore
2969 3355 3271 3411 al‘liciuntur
3288 3357 3488 3422 Grzeci,
3509 3374 3670 3429 quan-

2079 3445 2150 3500 do
2179 3461 2273 3515 per
2307 3446 2576 3515 sapientes
2617 3457 2940 3513 superantur
2971 3462 2984 3499 :
3017 3447 3112 3502 sed
3150 3457 3274 3502 tunc
3313 3450 3544 3504 maxime
3573 3467 3672 3520 pu-

2080 3538 2169 3592 det
2212 3537 2353 3600 illos,
2399 3553 2518 3590 cum
2566 3535 2798 3591 viderint
2843 3537 3104 3591 artillcetn
3151 3547 3205 3592 et
3248 3537 3513 3593 forensem
3550 3541 3666 3608 plus

2079 3643 2238 3700 quam
2280 3628 2398 3682 illos
2439 3627 2930 3698 philosoinbaatem.
2983 3628 3111 3684 Ideo
3158 3630 3271 3696 ipse
3317 3629 3548 3694 dicebat,
3600 3632 3670 3686 Ut

2080 3719 2358 3788 confundat
2397 3721 2665 3788 sapientes.
2708 3719 2890 3788 Neque
2921 3718 3006 3773 hic
3035 3719 3208 3773 solum
3235 3718 3363 3772 illttd
3393 3719 3536 3786 fecit,
3569 3724 3670 3778 sed

2079 3809 2239 3864 etiam
2285 3809 2338 3862 in
2365 3809 2484 3863 aliis
2512 3809 2630 3862 vita:
2664 3807 2978 3861 connuodis.
3022 3807 3224 3860 Etenim
3255 3808 3462 3876 inﬁrma
3491 3816 3668 3868 mundi

2080 3899 2248 3968 elegit,
2280 3898 2466 3966 inquit,
2494 3907 2548 3950 ut
2581 3897 2858 3966 confundat
2889 3896 3061 3965 fortia.
3103 3897 3217 3952 Non
3244 3899 3386 3953 enim
3421 3901 3666 3960 indoctos

2080 3991 2274 4054 snlum,
2323 3990 2416 4042 sed
2461 3990 2621 4042 etiam
2655 4003 2937 4058 pauperes.
2969 3989 3123 4054 viles,
3155 3990 3394 4060 abjectus
3423 3999 3661 4063 vocavit,

2083 4091 2139 4132 ut
2169 4081 2218 4133 in
2251 4079 2484 4148 potentia
2511 4079 2829 4135 constitutos
2861 4079 3186 4136 humiliaret.
3214 4082 3304 4138 28.
3338 4083 3404 4137 Et
3426 4085 3666 4156 ignobilia

2080 4173 2256 4225 mundi
2281 4182 2324 4224 et
2350 4171 2760 4242 contemptibilis,
2796 4180 2842 4226 et
2869 4188 2927 4226 ea
2954 4188 3067 4242 qua:
3093 4191 3191 4227 non
3211 4184 3350 4238 sunt,
3392 4186 3446 4229 ut
3472 4195 3530 4229 ea
3550 4195 3662 4248 quis

2081 4274 2221 4318 erant
2260 4263 2556 4318 destrueret.
2593 4263 2659 4318 Et
2683 4279 2925 4334 qutenam
2966 4276 3118 4318 vorat
3141 4307 3155 4330 ,
3197 4281 3315 4335 qua:
3362 4283 3467 4322 non
3505 4271 3663 4323 sunt?

2086 4357 2212 4422 Eos,
2247 4359 2334 4428 qui
2366 4357 2495 4410 nihil
2524 4370 2642 4410 esse
2673 4365 2944 4426 putantur,
2975 4357 3117 4426 quod
3151 4358 3201 4411 in
3235 4359 3379 4412 nullo
3408 4359 3512 4414 sint
3547 4377 3664 4429 prc-

2085 4450 2176 4504 tio.
2214 4450 2284 4502 Ita
2333 4463 2575 4518 magnam
2619 4447 2855 4502 ostendit
2891 4448 3203 4517 potentiam,
3253 4463 3374 4504 eum
3421 4465 3517 4518 per
3546 4468 3661 4515 eos,

2081 4542 2172 4612 qui
2225 4540 2352 4594 nihil
2402 4540 2651 4594 videntur
2699 4554 2838 4604 esse,
2887 4556 3107 4610 magnos
3156 4541 3336 4610 dejicit
3383 4543 3478 4597 :id
3520 4546 3661 4614 quod

2083 4641 2239 4695 etiam
2274 4639 2398 4693 alibi
2437 4638 2567 4692 dicit
2597 4657 2608 4693 :
2643 4637 2816 4693 Virtus
2841 4657 2952 4694 mea
2992 4642 3041 4695 in
3071 4642 3367 4710 inﬁrmitate
3399 4644 3664 4712 per/icitur

2085 4733 2164 4802 (2.
2195 4733 2310 4787 Cor.
2346 4733 2429 4786 12.
2459 4733 2532 4804 9).
2569 4732 2664 4788 Est
2702 4735 2842 4788 enim
2884 4749 3071 4802 magna
3119 4735 3372 4802 potentia,
3405 4736 3662 4805 abjectos,

2086 4824 2178 4892 qui
2228 4824 2426 4878 tmllam
2461 4840 2711 4894 umquam
2739 4825 3073 4893 disciplinam
3101 4827 3406 4895 attigerant,
3448 4837 3668 4895 repente

2089 4915 2157 4970 de
2197 4915 2283 4982 iis,
2325 4932 2442 4986 qua?
2488 4931 2646 4986 supra
2685 4917 2845 4971 cados
2869 4925 3012 4981 sunt,
3053 4915 3249 4972 docere
3280 4918 3663 4988 philosophari.

2087 5008 2218 5063 Nam
2246 5020 2296 5062 et
2325 5008 2585 5062 medicum
2628 5017 2681 5062 et
2717 5018 2984 5062 oratorem
3027 5017 3082 5061 et
3129 5008 3265 5063 alios
3311 5027 3500 5064 oniucs
3545 5023 3670 5065 tunc

2089 5099 2320 5154 maxime
2361 5100 2649 5163 miramur,
2713 5113 2836 5152 cum
2887 5097 3128 5153 indoctos
3177 5099 3461 5154 admodum
3518 5101 3670 5155 inSti-

2091 5201 2243 5246 luunt
2279 5201 2334 5246 et
2371 5191 2640 5244 erudiunt.
2689 5189 2744 5242 Si
2788 5204 2913 5241 vero
2956 5203 3202 5257 magnum
3249 5191 3559 5244 miraculum
3591 5200 3671 5244 est

2091 5284 2219 5338 artis
2246 5283 2480 5338 rationes
2509 5281 2734 5336 indoetis
2767 5282 3075 5346 inculcare;
3109 5283 3276 5336 multo
3308 5286 3474 5353 magis
3510 5294 3669 5338 tanta:

2093 5375 2446 5446 philosophia:
2509 5375 2762 5426 rationes.
2835 5372 2950 5428 Non
3009 5389 3105 5444 pro
3154 5375 3412 5427 miraculo
3466 5387 3669 5429 tantum

2093 5463 2323 5529 edendo,
2372 5479 2545 5534 neque
2594 5475 2649 5518 ut
2688 5467 2980 5536 potentiam
3033 5481 3182 5519 suam
3232 5467 3558 5532 ostenderet,
3619 5467 3668 5520 id

2095 5557 2238 5620 fecit,
2284 5554 2376 5610 sed
2417 5553 2577 5606 etiam
2615 5565 2671 5609 ut
2704 5565 3018 5627 arrogantes
3063 5556 3398 5624 reprimeret.
3444 5554 3672 5626 Ideoque

2091 5653 2248 5701 antea
2281 5645 2506 5710 dicebat,
2530 5643 2574 5700 U
2580 5655 2596 5698 ι
2625 5647 2904 5719 confundat
2930 5647 3199 5712 sapientes,
3221 5661 3272 5699 ut
3297 5663 3356 5700 ea
3383 5663 3498 5715 qua
3523 5657 3670 5700 erant

2096 5745 2376 5792 destrueret
2397 5753 2413 5801 ;
2433 5750 2484 5794 ct
2514 5739 2599 5796 hic
2625 5754 2810 5796 rursus
2841 5757 2854 5794 :
2880 5738 2973 5794 29.
3012 5735 3079 5794 Ut
3110 5754 3210 5791 non
3237 5738 3483 5808 glorietur
3507 5738 3673 5791 omnis
