3954 6130
341 281 401 340 ιι
1402 272 1469 331 iN
1507 271 1729 329 EI‘IST.
1765 272 1784 327 1
1847 272 1888 327 Δ

2002 271 2132 328 ΞΟΩ.
2175 272 2404 331 1101111..
2453 274 2484 330 ι
2497 316 2512 332 .
3556 290 3623 346 ἐξ

336 419 459 460 cura
498 403 556 458 in
604 408 874 471 conspqu
920 396 1036 453 Dei.
1065 394 1254 454 Omnia
1283 396 1428 452 enim
1459 396 1597 451 Deus
1624 394 1743 449 ideo
1770 392 1920 457 facit,

337 500 417 568 (ιι)
449 495 535 569 [ιιι
560 495 863 566 superbiam
906 501 962 548 et
1008 491 1364 560 arrogantiam
1414 489 1704 557 reprimat,
1739 496 1796 541 ut
1835 486 1921 556 ja-

333 590 629 645 ctationem
684 585 833 640 tollat
861 602 876 638 :
902 592 959 638 et
1004 597 1100 637 vos
1142 583 1194 634 in
1239 581 1341 634 hoc
1388 580 1676 648 perstatis?
1719 579 1909 634 Omnia

352 677 522 750 facit],
557 687 614 732 ut
648 676 783 732 nihil
824 674 982 729 nobis
1009 673 1352 742 imputemus,
1398 680 1456 725 ut
1483 671 1658 725 onmia
1690 671 1799 725 Deo
1820 670 1920 725 ad-

338 770 632 826 scrihamus
665 785 679 821 :
707 775 765 822 et
809 780 906 820 vos
949 764 1074 818 huic
1119 772 1174 817 et
1223 762 1296 817 illi
1346 776 1441 816 vos
1487 759 1813 816 addixistis?
1853 759 1922 814 Et

336 877 495 932 quam
521 859 729 914 veniant
756 855 1185 925 consequimini?
1207 853 1605 909 Nam'ostendit
1632 852 1772 907 Deus
1800 851 1917 909 fieri

336 968 442 1007 non
487 965 647 1027 posse
685 959 741 1003 ut
776 958 956 1003 nostra
1002 947 1174 1001 solum
1215 960 1375 1015 opera
1398 944 1622 1000 salutem
1647 958 1905 1014 assequa-

333 1062 488 1110 mur;
524 1053 578 1099 et
607 1043 711 1098 hoc
734 1041 803 1095 ab
839 1041 991 1095 initio
1019 1039 1163 1094 fecit.
1205 1038 1390 1108 Neque
1437 1037 1584 1093 enim
1622 1047 1735 1092 tum
1767 1049 1918 1108 pote.

332 1147 453 1191 raut
480 1135 725 1189 homines
757 1149 852 1204 per
874 1147 934 1188 se
959 1132 1183 1197 servari,
1221 1130 1315 1186 sed
1343 1130 1626 1200 oportebat
1648 1131 1915 1189 obeuntes

331 1229 447 1284 εικΙί
475 1226 949 1298 pulchritudinem,
970 1234 1126 1281 terra:
1149 1224 1590 1294 magnitudinem,
1613 1234 1668 1280 et
1689 1225 1914 1281 aliarum

331 1331 693 1376 creaturarum
720 1334 947 1389 corpus,
997 1318 1077 1372 sic
1110 1317 1301 1372 adduci
1330 1317 1396 1371 ad
1427 1331 1606 1372 rerum
1630 1316 1910 1388 Opificent.

330 1416 444 1470 Hoc
472 1430 632 1485 porro
667 1413 793 1468 feeit
823 1412 935 1481 jam
960 1420 1085 1466 ante
1111 1410 1411 1479 reprimens
1438 1410 1668 1465 futuram
1695 1411 1915 1480 sapien-

330 1510 419 1562 tiae
448 1522 641 1562 vanam
670 1506 1001 1574 opinionem.
1039 1501 1500 1570 Quemadmodum
1544 1502 1591 1557 si
1635 1502 1756 1572 quis
1798 1517 1913 1557 ma-

325 1608 529 1675 gister,
584 1618 708 1659 cum
754 1601 972 1672 jusserit
1012 1598 1329 1668 discipulum
1372 1599 1522 1668 sequi
1569 1612 1948 1668 quoeumque~

323 1699 581 1762 ducatur,
602 1695 692 1748 ubi
722 1692 913 1747 viderit
935 1691 1080 1746 illum
1106 1689 1399 1758 praevenire
1428 1697 1482 1743 et
1509 1690 1645 1744 velle
1672 1704 1701 1739 ιι
1728 1689 1909 1758 seipse

321 1796 524 1841 cuneta
581 1784 830 1847 discere,
883 1780 1065 1835 sinens
1107 1779 1257 1834 illum
1302 1794 1503 1841 errare,
1557 1778 1790 1833 ostendit
1842 1780 1908 1833 il-

320 1880 437 1932 ium
494 1890 601 1929 ιιοιι
652 1874 752 1929 sibi
804 1871 1055 1928 sufficere
1099 1870 1167 1925 ad
1214 1870 1549 1942 disciplinam
1580 1913 1596 1937 ,
1640 1880 1695 1925 et
1758 1881 1880 1926 tunc

316 1986 441 2040 quae
479 1984 575 2024 sua
612 1976 738 2022 sunt
764 1965 964 2020 inducit
994 1983 1009 2018 :
1041 1964 1110 2019 ita
1139 1973 1194 2019 et
1240 1964 1377 2019 Deus
1416 1965 1577 2034 juSsit
1618 1964 1772 2019 initio
1818 1980 1906 2019 sco

315 2062 406 2131 qui
459 2076 554 2128 per
597 2073 776 2111 rerum
823 2064 1119 2110 ereatarum
1164 2056 1729 2124 comprehensionem;
1775 2056 1900 2126 quia

318 2168 449 2207 vero
493 2152 782 2205 noluerunt
808 2189 823 2209 ,
852 2163 974 2202 cum
1000 2146 1324 2215 experientia
1353 2145 1621 2202 docuisset
1649 2148 1767 2202 illos
1794 2164 1899 2202 non

315 2243 422 2298 sibi
451 2241 718 2307 sufﬁcere,
748 2249 876 2294 tunc
906 2240 1050 2309 ipsos
1070 2237 1136 2292 ad
1164 2253 1225 2293 se
1261 2237 1371 2292 alio
1398 2238 1558 2293 modo
1583 2239 1729 2293 ducit
1758 2256 1772 2292 :
1804 2254 1902 2308 pro

316 2337 496 2392 tabula
535 2334 683 2391 dedit
721 2332 1001 2388 muttdum.
1047 2330 1231 2402 Neque
1266 2331 1318 2385 io
1368 2331 1450 2385 bis
1495 2331 1736 2386 meditati
1775 2341 1900 2387 sunt

314 2426 639 2500 philoSophi,
672 2440 845 2496 neque
866 2424 943 2477 illi
972 2422 1191 2492 obsequi
1224 2422 1528 2487 voluerunt,
1558 2438 1735 2492 neque
1761 2422 1899 2478 bane

308 2521 377 2576 ad
401 2522 578 2591 ipsum
612 2517 817 2588 ingredi
844 2518 1004 2581 viam,
1033 2532 1192 2586 quam
1221 2515 1308 2570 ille
1326 2515 1577 2585 jusscrat.
1614 2517 1786 2571 Aliam
1809 2518 1897 2573 ille

307 2612 526 2667 induxit
556 2611 695 2664 viam
727 2608 907 2678 priore
929 2610 1235 2673 clariorem,
1279 2623 1399 2677 qum
1424 2609 1772 2677 persuaderet
1802 2610 1896 2663 bo—

306 2706 514 2758 tninem
543 2701 716 2755 solum
748 2716 852 2754 non
878 2700 978 2755 sibi
1002 2700 1101 2768 ipsi
1130 2699 1398 2754 sutlicere.
1430 2699 1580 2754 Tunc
1603 2703 1743 2755 enim
1776 2702 1896 2755 lit-e-

306 2796 403 2850 hat
446 2793 723 2848 ratiocinia
749 2806 986 2855 movere,
1035 2800 1091 2846 et
1121 2801 1341 2846 externa
1376 2792 1450 2845 uti
1480 2794 1765 2862 sapientia,
1800 2810 1895 2863 per

303 2904 394 2942 res
419 2897 629 2941 creatas
655 2885 849 2940 ductos
874 2902 888 2938 :
922 2900 1063 2938 nunc
1087 2895 1264 2939 autem
1293 2885 1392 2939 nisi
1419 2885 1539 2954 quis
1558 2887 1750 2941 stultus
1777 2889 1888 2953 tiat,

302 2979 357 3033 id
384 2987 488 3038 est.
525 2978 629 3031 nisi
659 2991 820 3031 omne
850 2975 1187 3029 ratiocinium
1227 2984 1285 3030 et
1319 2989 1533 3029 omnem
1575 2977 1888 3045 sapientiam

300 3081 530 3128 evacuet
553 3088 617 3125 ac
643 3069 765 3125 tidei
793 3085 853 3124 se
877 3069 1073 3133 tradat,
1099 3069 1302 3123 servari
1332 3069 1534 3138 nequit.
1559 3069 1679 3124 Non
1700 3068 1886 3141 parum

301 3165 469 3232 igitur
496 3173 600 3227 est,
630 3161 773 3232 quod
801 3176 924 3215 eunt
952 3160 1094 3213 viam
1120 3160 1331 3215 facilem
1373 3161 1667 3216 reddiderit
1686 3203 1700 3221 ,
1738 3176 1885 3216 mor-

301 3256 432 3310 bum
464 3270 676 3325 quoque
707 3254 830 3308 inde
858 3263 1037 3307 ortum
1063 3252 1348 3318 evulserit,
1383 3263 1436 3306 ut
1466 3268 1571 3307 non
1592 3254 1890 3323 glorientur

300 3346 554 3401 homines
581 3360 755 3415 neque
793 3347 961 3399 altum
989 3344 1201 3413 sapiant
1229 3361 1244 3397 :
1279 3344 1348 3400 Ut
1377 3362 1478 3399 non
1506 3346 1754 3417 glorietur
1778 3365 1885 3401 oat-

301 3437 389 3489 ais
414 3452 554 3489 euro.
608 3436 741 3490 llioc
778 3437 920 3490 enim
946 3445 1222 3505 peccatum
1266 3446 1441 3491 ortum
1479 3447 1582 3505 est,
1628 3439 1768 3509 quod
1795 3440 1884 3494 Dei

300 3527 519 3596 legibus
545 3542 608 3582 se
631 3527 977 3595 sapientiores
1015 3542 1145 3582 esse
1179 3529 1587 3596 contendet-int,
1643 3530 1885 3586 nolentes

297 3620 374 3673 ita
405 3617 621 3672 discere
641 3626 701 3670 ut
721 3618 809 3671 ille
834 3618 1122 3672 constituit.
1156 3618 1442 3688 Propterea
1471 3635 1641 3687 neque
1667 3622 1745 3675 sic
1771 3636 1886 3674 om-

296 3709 434 3762 nino
454 3707 776 3762 didicerunt.
800 3706 889 3763 Sic
915 3710 1073 3763 etiam
1101 3707 1295 3762 factum
1324 3719 1408 3763 est
1446 3710 1514 3763 ab
1545 3711 1713 3763 initio.
1748 3711 1885 3765 Dixit

296 3799 530 3863 Adamo,
578 3799 694 3853 lloc
722 3800 823 3863 fac,
855 3799 957 3854 hoc
985 3816 1053 3856 ne
1079 3799 1292 3856 feceris.
1326 3802 1418 3855 Illo
1438 3817 1497 3855 se
1526 3803 1674 3871 plura
1706 3819 1885 3872 repere

298 3902 482 3944 turum
518 3904 766 3959 Sperans,
797 3890 1126 3960 obsequutus
1156 3902 1384 3957 nonest,
1407 3903 1462 3946 et
1483 3893 1623 3961 quod
1657 3893 1882 3948 ltabebat

298 3981 553 4049 perdidit.
588 3982 729 4035 Dixit
756 3982 820 4036 iis
862 3982 949 4051 qui
992 3992 1173 4052 postea
1220 3982 1390 4049 fuere,
1436 3985 1513 4039 Ne
1544 3986 1593 4039 in
1625 4002 1685 4042 re
1704 3998 1880 4042 creata

294 4075 600 4140 consistite,
641 4074 736 4129 sed
782 4091 876 4143 per
901 4075 1045 4130 illaut
1085 4076 1391 4132 Creatorem
1422 4080 1877 4147 Contemplamini.

295 4165 378 4221 llli
422 4176 627 4232 autem,
656 4168 805 4237 quasi
828 4168 955 4238 quid
996 4168 1154 4224 dictis
1184 4172 1481 4240 sapientius
1513 4174 1835 4229 invenissent
1862 4217 1878 4239 ,

296 4260 617 4313 innumeros
644 4269 920 4314 moverunt
948 4260 1299 4331 labyrintltos.
1331 4264 1672 4332 Quapropter
1702 4276 1755 4319 et
1783 4282 1874 4320 sc-

294 4368 415 4406 cmn
446 4363 503 4406 et
531 4353 670 4407 inter
695 4368 754 4406 se
779 4366 964 4407 mutuo
988 4353 1362 4419 conﬂixerunt,
1406 4370 1469 4409 ac
1504 4370 1675 4424 neque
1716 4358 1879 4412 Deum

296 4444 638 4509 invenerunt,
671 4458 845 4513 neque
866 4444 934 4499 de
962 4460 1021 4499 re
1050 4453 1231 4499 creata
1262 4446 1387 4514 quid
1416 4445 1564 4502 ciare
1595 4461 1876 4514 noverunt,

298 4551 473 4604 neque
512 4547 900 4607 eongrttentem
947 4547 1000 4592 ct
1040 4553 1220 4593 veram
1250 4540 1389 4593 circa
1427 4556 1543 4594 eam
1572 4541 1878 4610 opinionem

296 4626 619 4681 habuerunt.
651 4626 779 4681 ideo
805 4642 1017 4681 rursum
1041 4644 1230 4698 magna
1253 4630 1304 4683 vi
1330 4631 1540 4685 illorum
1571 4634 1877 4700 opinionem

293 4717 597 4781 deeutieus,
619 4718 862 4774 indoctos
876 4718 1105 4788 primum
1133 4721 1354 4787 induxit,
1381 4725 1669 4780 ostendens
1694 4742 1881 4782 omnes

291 4825 532 4879 superna
558 4809 818 4879 sapientia
847 4824 981 4880 opus
1011 4811 1227 4867 habere.
1275 4812 1458 4883 Neque
1503 4816 1662 4870 modo
1702 4819 1750 4871 io
1783 4834 1878 4873 eo-

289 4902 556 4970 guitionis
597 4902 828 4966 ratione,
876 4902 972 4957 sed
1009 4912 1064 4959 et
1107 4904 1161 4958 in
1210 4906 1333 4959 aliis
1360 4907 1606 4963 omnibus
1638 4908 1880 4965 homines

289 5004 339 5048 et
394 5008 595 5049 omnes
654 5010 744 5049 res
796 5004 1006 5049 creatas
1067 4997 1289 5052 omnino
1353 5013 1489 5068 opus
1550 4998 1747 5057 habere
1797 5005 1878 5057 sui

288 5085 492 5149 voluit,
528 5095 594 5141 ut
650 5085 940 5140 maximam
993 5085 1216 5144 haberet
1260 5091 1595 5144 occasionem
1646 5101 1699 5147 et
1748 5095 1878 5148 sub-

282 5175 535 5246 jectionis
568 5188 621 5232 et
648 5178 1094 5245 necessitudinis,
1143 5194 1210 5234 ne
1249 5197 1370 5250 qua:
1417 5182 1700 5249 resilirent,
1754 5200 1875 5255 pcr-

287 5271 420 5325 irent
456 5273 497 5325 ‘.
546 5271 786 5340 Ideoque
824 5285 929 5325 non
976 5272 1216 5342 permisit
1251 5284 1307 5328 ιιι
1345 5275 1445 5328 sibi
1477 5275 1605 5345 ipsis
1634 5278 1761 5330 Satis
1791 5293 1878 5331 cs-

324 5491 361 5560 _‘
398 5489 539 5552 Haec,
564 5504 627 5542 ne
658 5504 773 5554 qua:
805 5489 1071 5551 resilirent,
1098 5492 1479 5556 perirent,Savi|.
1508 5498 1664 5558 posuit
1689 5499 1734 5547 in
1759 5513 1879 5549 mar-

288 5564 415 5612 ante.

345 5634 417 5704 (ti)
436 5644 559 5704 Quae
581 5638 780 5704 ttncirtts
801 5635 1121 5704 clauduntur,
1147 5636 1197 5683 in
1221 5636 1435 5704 margine
1460 5640 1621 5691 ferunt
1643 5644 1802 5693 Menti.
1832 5652 1881 5693 rt

289 5695 395 5746 satil
441 5700 692 5762 uobisque
716 5702 769 5749 iu
792 5704 990 5750 textum
1008 5701 1235 5761 recipere
1260 5697 1410 5748 visum
1434 5710 1524 5751 est.

2033 400 2173 447 sent.
2206 393 2336 450 Nam
2367 395 2412 450 si
2445 410 2586 451 nunc
2635 397 2794 452 etiam
2840 399 2994 455 multi
3033 416 3156 458 cum
3186 419 3321 475 opus
3365 404 3615 476 habeant,

2031 482 2368 555 despiciunt;
2402 486 2503 540 nisi
2545 487 2648 544 hoc
2692 488 2900 554 fuisset,
2954 508 3061 562 quo
3102 497 3367 564 superbia:
3396 514 3502 556 non
3529 516 3620 556 as-

2029 575 2379 630 cendissent?
2407 583 2589 648 Itaque
2619 588 2817 634 tantum
2844 581 3026 652 gloria:
3055 589 3488 652 ostentationem.
3509 608 3614 646 non

2028 678 2094 717 ex
2145 666 2343 720 invidia
2392 668 2481 724 ille
2525 671 2779 738 sustulit,
2821 674 2917 729 sed
2951 684 3007 729 nt
3046 678 3343 735 retraheret
3383 682 3506 737 illos
3547 700 3610 740 ex

2028 758 2264 825 pernicie
2292 759 2415 816 inde
2461 771 2632 832 parta.
2689 764 2777 820 '50.
2815 765 2896 821 Ea;
2937 768 3049 830 ipso
3093 782 3260 827 autem
3293 790 3377 828 vos
3410 784 3529 832 estis
3559 778 3612 832 in

2025 848 2229 903 Clu-isto
2260 850 2409 917 Jesu,
2453 856 2542 920 qui
2589 855 2756 924 factus
2800 869 2873 913 est
2912 860 3055 915 nobis
3083 864 3333 934 sapientia
3356 884 3389 921 a
3411 866 3538 936 Deo,
3562 886 3611 926 st

2017 939 2223 1009 justilia
2259 952 2307 996 ct
2331 946 2672 1014 sanctiﬁcatio
2711 959 2759 1003 et
2803 951 3106 1021 redemptio.
3155 955 3311 1024 Illud,
3358 958 3443 1015 Ea:
3469 963 3604 1032 ipso,

2023 1044 2130 1083 non
2157 1030 2226 1086 de
2256 1034 2605 1101 productione
2630 1037 2696 1092 ad
2727 1042 3018 1096 essentiam
3048 1048 3223 1111 ipsum
3251 1048 3430 1107 dicere
3456 1030 3604 1121 puto.

2021 1122 2119 1178 sed
2146 1122 2212 1179 de
2242 1125 2379 1191 lide;
2412 1126 2465 1182 id
2493 1140 2613 1197 est,
2644 1130 2783 1186 ﬁlios
2812 1133 2903 1188 Dei
2932 1134 3045 1192 ﬁeri
3075 1137 3226 1205 dicit,
3254 1158 3360 1197 non
3386 1159 3450 1199 ex
3481 1160 3608 1201 sau-

2019 1217 2269 1286 guiuibus
2299 1236 2471 1291 neque
2496 1237 2563 1278 cx
2584 1223 2859 1283 voluntate
2899 1231 3097 1285 carnis.
3154 1230 3235 1288 Ne
3286 1236 3605 1294 existimetis

2018 1324 2169 1379 ergo,
2201 1321 2481 1381 postquam
2511 1330 2541 1366 ιι
2570 1314 2891 1385 gloriatione
2919 1335 3019 1375 nos
3049 1336 3342 1390 exemerat.
3377 1329 3458 1384 sic
3512 1346 3602 1387 re-

2018 1399 2240 1469 liquisse
2281 1403 2488 1459 :aliatn
2534 1406 2677 1460 enim
2724 1409 2985 1478 majorem
3029 1412 3177 1468 dedit
3202 1398 3598 1485 gloriationem.

2021 1491 2077 1546 In
2127 1505 2419 1563 conspectu
2472 1497 2616 1553 enim
2661 1499 2779 1570 ejus
2819 1518 2924 1557 non
2968 1516 3182 1574 oportet
3205 1509 3442 1577 gloriari.
3479 1512 3599 1571 Filii

2015 1584 2134 1653 ejus
2156 1586 2308 1651 estis,
2341 1587 2444 1645 hoc
2471 1589 2594 1645 facti
2626 1605 2721 1661 pter
2749 1591 3042 1649 Christum.
3092 1598 3157 1653 Et
3196 1610 3477 1670 postquam
3510 1604 3593 1659 di-

2014 1676 2110 1740 xit.
2144 1676 2314 1733 Stulta
2340 1680 2517 1734 arandi
2540 1682 2687 1754 elegit
2712 1694 2760 1739 et
2782 1686 3045 1757 ignobilia,
3071 1692 3305 1746 Ostendit
3330 1693 3453 1748 illos
3474 1709 3598 1751 esse

2012 1769 2251 1827 omnium
2289 1771 2613 1840 nobiliores,
2653 1776 2742 1845 qui
2774 1776 2939 1833 Deum
2970 1792 3173 1849 patrem
3206 1782 3454 1840 habeant.
3488 1786 3598 1842 lla.

2008 1858 2096 1927 jus
2128 1875 2288 1929 porro
2327 1863 2619 1921 nobilitatis
2663 1880 2770 1921 non
2810 1866 2897 1924 hic
2950 1872 3031 1926 vel
3057 1872 3169 1939 ille,
3211 1875 3306 1930 sed
3351 1877 3594 1934 Christus

2012 1950 2161 2003 vobis
2197 1966 2357 2007 causa
2398 1963 2500 2019 est,
2546 1956 2634 2024 qui
2666 1972 2766 2011 nos
2794 1960 3065 2028 sapientes
3096 1961 3220 2017 fecit
3250 1974 3306 2019 ct
3332 1967 3511 2034 justos
3534 1981 3592 2025 et

2009 2052 2256 2106 sanctos;
2290 2041 2390 2097 hoc
2421 2045 2561 2100 enim
2593 2046 2857 2117 signitieat
2892 2050 3017 2105 illud
3038 2093 3056 2117 ,
3109 2051 3300 2110 Factus
3334 2066 3408 2111 est
3451 2061 3595 2117 nobis

2006 2132 2272 2201 sapientia.

2077 2225 2130 2279 5.
2170 2225 2302 2293 Quis
2322 2243 2450 2298 ergo
2471 2229 2624 2284 nobis
2657 2231 2950 2299 sapientior
2966 2235 3140 2302 fuerit,
3169 2239 3260 2307 qui
3279 2256 3382 2295 non
3409 2242 3587 2298 Plato-

2006 2321 2221 2387 nis,sed
2238 2322 2509 2379 Christum
2532 2326 2706 2394 ipsum
2729 2330 3042 2399 sapientiam
3067 2332 3347 2404 habemus,
3382 2339 3487 2395 Deo
3517 2343 3585 2395 ita

2004 2415 2259 2471 volente?
2283 2417 2413 2487 quid
2457 2431 2539 2474 est
2568 2432 2744 2475 autem
2774 2423 2924 2491 illud,
2973 2427 3018 2479 Α
3048 2426 3200 2483 Deo?
3223 2429 3358 2487 Cum
3396 2451 3584 2506 magna
3640 2476 3653 2485 ι

2001 2506 2224 2562 dixisset
2247 2508 2315 2563 de
2336 2508 2638 2579 Unigrnito,
2671 2523 2795 2569 ttmc
2820 2516 2966 2571 addit
2988 2518 3216 2585 Patrem,
3248 2539 3314 2578 ne
3337 2526 3455 2593 quis
3482 2543 3584 2597 pu-

2002 2609 2137 2656 taret
2161 2601 2454 2673 ingenitum
2479 2604 2670 2661 Filium
2696 2623 2835 2663 esse.
2865 2609 2997 2665 Cum
3037 2628 3168 2683 ergo
3201 2616 3431 2673 dixisset
3457 2637 3580 2677 eum

2001 2703 2144 2749 tanta
2167 2695 2425 2763 potuisse,
2444 2698 2604 2752 etiam
2633 2708 2801 2754 totunt
2835 2703 3018 2759 tribttit
3043 2706 3101 2759 Fi
3125 2707 3197 2772 io,
3224 2709 3408 2764 diei-ns
3430 2712 3579 2769 illum

1996 2786 2310 2856 sapientiam
2339 2789 2493 2843 nobis
2518 2789 2715 2845 factum
2740 2792 2924 2857 fuisse,
2947 2806 2999 2848 et
3023 2797 3279 2865 justitiam
3305 2812 3358 2855 et
3379 2807 3547 2858 sancti
3562 2835 3579 2848 ο

1997 2878 2294 2934 ticationem
2316 2892 2370 2935 et
2388 2881 2830 2951 redemptionem.
2863 2886 2963 2941 Per
2993 2887 3050 2941 Fi
3075 2888 3181 2942 iam
3205 2906 3388 2946 rursus
3410 2902 3577 2950 totunt

1994 2970 2290 3026 attribuens
2314 2971 2458 3026 Patri
2485 2973 2651 3038 dixit,
2706 2977 2747 3027 Α
2780 2975 2905 3031 Deo.
2935 2979 3046 3034 Cur
3070 2991 3248 3035 autem
3281 3000 3385 3039 non
3417 2985 3571 3052 dixit,

1994 3063 2144 3117 Fecit
2182 3078 2278 3117 nos
2303 3064 2597 3134 sapientes,
2628 3067 2722 3122 Sed
2741 3108 2757 3133 ,
2790 3068 2977 3126 Factus
3014 3084 3086 3126 est
3109 3076 3250 3130 nobis
3287 3079 3578 3147 sapientia?

1999 3152 2126 3208 doni
2156 3156 2444 3211 ostendens
2470 3157 2875 3227 abundantiam,
2908 3178 2971 3217 ac
2998 3163 3044 3218 si
3074 3164 3296 3233 diceret,
3329 3170 3573 3241 Seipsnm

1993 3247 2145 3300 nobis
2173 3246 2340 3302 dedit.
2391 3248 2457 3303 Et
2486 3249 2607 3304 vide
2641 3253 2912 3321 quomodo
2941 3256 3217 3325 procedat.
3252 3259 3406 3325 Prius
3431 3265 3574 3319 enim

1991 3353 2088 3393 nos
2116 3339 2379 3409 sapientes
2411 3340 2535 3395 fecit
2578 3357 2699 3397 cum
2727 3345 2795 3397 ab
2816 3360 3001 3402 errore
3041 3348 3304 3414 liberavit,
3353 3363 3408 3408 et
3439 3364 3565 3409 tunc

1985 3431 2159 3500 jnstos
2184 3441 2239 3487 et
2255 3442 2491 3497 sanctos,
2525 3432 2782 3503 Spiritum
2802 3438 3041 3507 largttus,
3065 3449 3119 3494 et
3145 3441 3223 3497 sic
3245 3458 3387 3497 ttosa
3419 3447 3573 3503 malis

1990 3525 2237 3579 omnibus
2266 3525 2531 3590 liberavit,
2561 3527 2633 3580 ita
2661 3538 2719 3579 ut
2742 3527 2908 3596 ipsius
2936 3530 3127 3596 simus,
3151 3549 3257 3587 non
3286 3550 3381 3603 per
3407 3538 3572 3606 ipsius

1989 3614 2298 3680 essentiam,
2330 3615 2425 3669 sed
2460 3630 2557 3683 per
2583 3615 2763 3669 tidem.
2794 3617 2933 3672 Alibi
2961 3634 3119 3687 porro
3135 3622 3285 3689 dirit,
3307 3627 3446 3692 quod
3477 3644 3569 3685 nos

1991 3705 2114 3758 facti
2143 3703 2311 3758 simus
2335 3704 2542 3773 juszitia
2573 3705 2625 3758 in
2650 3705 2764 3774 ipsi»
2793 3725 2806 3759 :
2834 3708 2994 3775 Eum,
3012 3713 3097 3779 qui
3122 3729 3221 3766 ιιοιι
3249 3716 3385 3769 novit
3405 3734 3573 3786 pecca-

1990 3804 2116 3860 tum,
2144 3804 2403 3860 percolunt
2433 3812 2526 3865 pro
2566 3797 2707 3852 nobis
2731 3798 2849 3867 [erit
2867 3842 2880 3865 ,
2910 3811 2965 3854 ut
2995 3819 3085 3856 nos
3115 3806 3350 3872 ﬁeremus
3368 3811 3572 3879 jastitia

1993 3888 2082 3942 Dei
2107 3888 2159 3941 in
2180 3886 2292 3957 ipso
2345 3886 2417 3960 (2.
2449 3886 2567 3943 Cor.
2594 3890 2649 3945 5.
2672 3891 2803 3960 2i);
2856 3910 2996 3949 nunc
3022 3908 3198 3951 autem
3246 3900 3376 3955 dicit
3414 3903 3561 3959 illum

1988 3981 2142 4035 nobis
2167 3979 2364 4035 factum
2392 3980 2556 4036 fuisse
2573 3983 2855 4052 justitiam,
2883 3986 2950 4039 ita
2972 3997 3027 4040 ut
3047 3989 3246 4044 volenti
3269 3992 3425 4048 liceat
3451 3996 3570 4063 ejus

1984 4071 2195 4126 abunde
2213 4082 2515 4127 consortem
2542 4087 2684 4128 esse.
2712 4073 2826 4129 Non
2853 4076 2994 4130 enim
3020 4078 3106 4133 hic
3135 4082 3214 4134 vel
3237 4082 3326 4138 ille
3346 4086 3563 4153 sapien-

1989 4174 2065 4217 tes
2096 4162 2240 4227 fecit,
2263 4162 2355 4217 sed
2379 4163 2643 4218 Christus.
2669 4164 2769 4230 Qui
2799 4182 2925 4234 ergo
2950 4169 3229 4237 gloriatur,
3256 4173 3308 4226 itt
3333 4175 3429 4230 illo
3454 4178 3568 4246 git»

1986 4254 2173 4315 rietur,
2205 4269 2313 4308 tton
2343 4253 2395 4307 in
2420 4254 2525 4308 alio
2553 4270 2565 4307 :
2592 4270 2620 4307 a
2643 4254 2860 4310 Christo
2881 4260 3058 4312 omnia
3094 4260 3230 4315 facta
3260 4276 3404 4319 sunt.
3440 4269 3566 4323 lileo

1985 4361 2104 4401 cum
2134 4346 2393 4411 dixisset,
2426 4347 2526 4412 Qui
2552 4348 2717 4413 [actus
2747 4358 2818 4402 est
2842 4350 2982 4402 nobis
3005 4354 3251 4419 sapientia
3279 4366 3326 4407 rt
3364 4358 3567 4424 justilia

1987 4449 2032 4493 ct
2047 4439 2380 4505 sanctiﬁcatio
2399 4448 2446 4491 et
2468 4440 2765 4503 redemptio,
2784 4440 3089 4507 subiunxit:
3115 4444 3174 4497 51
3191 4486 3201 4497 .
3216 4444 3303 4509 Ut,
3325 4458 3570 4517 quemad-

1988 4531 2194 4583 modum
2214 4529 2454 4599 sCriptum
2471 4539 2565 4593 est,
2587 4527 2687 4593 Qui
2714 4529 2982 4600 gloriatur,
3002 4532 3054 4586 in
3083 4533 3302 4590 Domino
3320 4538 3564 4609 glorietur

1990 4622 2125 4692 (λεν.
2171 4621 2224 4676 9.
2253 4620 2368 4691 25).
2398 4621 2686 4690 Propterea
2725 4619 2885 4675 etiam
2918 4623 3072 4679 valde
3114 4625 3256 4681 iuvm
3271 4637 3356 4683 tus
3401 4643 3483 4685 est
3512 4634 3565 4688 in

1987 4714 2303 4784 sapientiam
2328 4713 2669 4777 Graecorum;
2703 4723 2760 4767 ut
2788 4713 2891 4769 hoe
2914 4713 3027 4783 ipso
3058 4721 3374 4786 persuadeat
3404 4724 3560 4779 homi-

1989 4805 2164 4869 nibus,
2196 4813 2255 4858 ttt
2281 4803 2441 4858 etiam
2467 4801 2669 4871 justum
2696 4812 2798 4872 est,
2829 4816 2887 4859 ut
2916 4802 2966 4858 in
2990 4807 3218 4864 Domino
3247 4812 3564 4880 glorientur.

1986 4897 2118 4952 Nam
2146 4911 2266 4951 cum
2291 4912 2318 4948 a
2346 4894 2500 4950 nobis
2528 4896 2661 4965 ipsis
2691 4913 2810 4967 qua:
2831 4914 2932 4955 nos
2956 4914 3209 4971 superant
3251 4907 3562 4976 quaerimus,

1987 4990 2115 5043 nihil
2162 4997 2247 5042 est
2292 4987 2445 5042 nobis
2473 4990 2687 5043 stuittus
2712 5031 2727 5055 ,
2758 4991 2889 5045 nihil
2940 4993 3275 5051 imbecillius.
3306 4999 3564 5069 Linguam

1987 5081 2127 5134 enim
2157 5087 2365 5132 acutam
2396 5078 2591 5132 habere
2615 5095 2926 5148 possumus;
2952 5086 3196 5152 dogmata
3221 5102 3348 5142 vero
3373 5092 3565 5159 Solida,

1988 5189 2092 5227 non
2121 5173 2284 5234 item;
2316 5172 2408 5225 sed
2429 5187 2746 5227 aranearum
2777 5175 2896 5228 telis
2920 5193 3010 5243 per
3029 5194 3086 5232 se
3112 5179 3303 5235 similia
3334 5194 3459 5239 sunt
3487 5203 3570 5240 ra-

1991 5262 2223 5316 tiocinia.
2273 5262 2352 5316 Eo
2377 5260 2518 5315 enim
2548 5262 2763 5328 quidam
2795 5279 3168 5333 processerant
3196 5277 3463 5338 amentur,
3513 5289 3568 5332 ut.

1988 5369 2171 5411 eorum
2198 5370 2314 5425 qua:
2344 5364 2467 5408 sunt
2498 5354 2629 5408 nihil
2658 5372 2841 5412 verum
2872 5374 2994 5413 esse
3037 5361 3279 5418 dicerent
3305 5407 3318 5428 ,
3349 5373 3441 5421 sed
3473 5368 3561 5430 iis,

1988 5462 2106 5515 qua:
2157 5454 2496 5515 apparerent,
2529 5447 2708 5500 omnia
2762 5451 3027 5503 contraria
3067 5469 3187 5508 esse
3217 5458 3597 5509 altlrrnarcut.’

1989 5535 2128 5588 Nihil
2158 5550 2284 5604 ergo
2312 5544 2455 5589 tuum
2483 5552 2602 5591 esse
2632 5537 2862 5602 dixeris,
2897 5542 2987 5593 sed
3020 5542 3070 5594 iu
3101 5543 3347 5596 omnibus
3374 5545 3424 5596 itt
3454 5545 3563 5597 Deo

1990 5625 2268 5694 glorieris;
2302 5625 2431 5679 ttttlli
2480 5627 2680 5681 homini
2710 5629 2906 5698 aliquid
2960 5646 3206 5698 umquam
3256 5631 3472 5683 tribuas.
3508 5633 3567 5686 Si

1992 5717 2132 5772 enim
2170 5716 2333 5774 Paulo
2354 5718 2485 5773 nihil
2514 5731 2593 5776 est
2621 5722 3041 5785 attribueudum,
3074 5722 3239 5776 multo
3273 5718 3440 5787 magis
3468 5740 3569 5776 ete-
