3954 6130
392 262 461 316 43
1171 257 1224 314 S.
1268 255 1540 312 J()A.\'.\'lS
1578 251 2053 310 CllllYSOSTOMI
2097 253 2407 309 ARClllEl‘.
2448 253 2980 311 CONSTANTINOP.
3597 260 3666 316 Η

391 382 522 436 teris
553 397 566 430 τ
601 396 633 434 n
655 396 721 433 ιιι
749 377 814 431 ait
850 376 959 439 ille,
1013 372 1118 442 Ego
1143 370 1386 440 plunturi,
1413 369 1593 438 Apollo
1613 367 1815 435 tigerit,
1844 365 1976 417 licus

393 484 563 527 autem
591 474 948 524 incremenlmn
975 464 1110 517 dedit
1139 463 1185 530 (l
1203 502 1214 513 .
1249 458 1366 514 Cor.
1397 460 1449 514 '5.
1477 460 1554 526 6).
1583 457 1683 524 Qui
1708 455 1892 509 didicit
1925 455 1976 507 in

395 561 627 618 Domino
654 557 872 628 gloriari
895 596 908 621 ,
935 567 1221 622 numquam
1255 565 1372 605 sese
1397 549 1582 604 cll'erct
1601 588 1616 614 ,
1646 547 1738 602 sed
1768 559 1979 614 semper

395 654 637 710 modeste
661 662 802 722 aget,
831 659 884 705 et
913 647 968 703 in
1015 646 1262 700 omnibus
1286 653 1469 714 gratus
1508 643 1625 695 erit.
1658 641 1764 694 Res
1801 649 1978 692 autem

394 748 705 802 Graecorum
739 757 844 796 non
877 748 1004 795 sunt
1052 735 1355 805 hujusmodi
1382 776 1396 799 ,
1441 733 1536 788 sed
1568 735 1746 785 onmia
1774 729 1848 784 illi
1879 729 1979 784 sibi

393 837 722 892 adscribunt.
759 833 987 901 Ideoque
1015 846 1078 886 ex
1108 827 1411 883 hominibus
1435 825 1566 878 deus
1593 823 1820 883 faciunt;
1849 821 1983 874 adeo

396 929 518 982 illos
540 924 839 994 arrogantia
863 918 1241 991 pessumdedit.
1269 917 1490 971 Demnm
1513 913 1642 966 hora
1671 919 1753 966 est
1781 920 1835 964 ιιι
1859 924 1981 963 cum

395 1019 502 1075 illis
531 1026 928 1072 concertemus.
962 1012 1063 1068 Ubi
1095 1025 1223 1078 ergo
1247 1008 1335 1063 die
1375 1005 1638 1076 superiori
1683 1002 1982 1058 orationem

396 1107 751 1180 reliquimus?
776 1105 1112 1165 Dicebamus,
1138 1116 1242 1154 non
1268 1112 1425 1168 posse
1450 1112 1515 1150 ex
1549 1095 1775 1148 humana
1797 1106 1984 1147 conse-

398 1199 616 1273 quentia
636 1195 985 1268 philosophos
1013 1209 1041 1246 a
1075 1188 1428 1260 piscatoribus
1448 1185 1690 1256 superari
1715 1203 1729 1239 :
1753 1193 1984 1237 attamen

401 1272 519 1346 fieri
548 1289 749 1360 potuit;
790 1285 930 1339 unde
959 1284 1132 1353 palam
1161 1289 1244 1335 est
1268 1320 1283 1343 ,
1315 1277 1365 1332 id
1415 1292 1509 1347 per
1535 1277 1759 1346 gratiam
1791 1272 1986 1326 factum

402 1397 544 1438 esse.
577 1379 893 1435 Dicebamus
919 1374 1034 1428 fieri
1066 1387 1170 1427 non
1195 1385 1354 1440 posse
1376 1409 1392 1436 ,
1424 1377 1482 1422 ut
1510 1375 1588 1421 tot
1615 1373 1670 1420 et
1719 1375 1823 1419 tam
1855 1380 1992 1434 pra:-

402 1476 546 1529 c-lara
574 1481 720 1543 gesta
744 1469 826 1524 vel
856 1467 1150 1536 cogitarent
1173 1461 1388 1533 quidem
1423 1475 1438 1523 ;
1467 1467 1522 1514 et
1538 1455 1885 1544 ostendimus
1919 1454 1988 1508 il-

405 1569 487 1621 los
511 1580 614 1620 non
647 1562 805 1617 modo
832 1560 1115 1630 cogitasse,
1142 1555 1237 1611 sed
1268 1553 1428 1608 etiam
1460 1567 1580 1607 cum
1605 1563 1796 1620 magna
1821 1547 1990 1601 facili-

406 1669 516 1713 tate
543 1657 606 1710 ad
638 1655 794 1708 finem
819 1649 1152 1720 perduxisse.

483 1747 567 1801 Ea:
595 1747 758 1816 gratia
787 1743 955 1795 divina
999 1736 1216 1808 apostoli
1261 1734 1431 1789 orbem
1459 1739 1822 1786 converterunt.
1847 1759 1914 1768 —
1936 1727 1992 1783 ltt

410 1841 512 1893 hoc
537 1839 651 1908 ipso
683 1835 840 1888 hodie
866 1829 1124 1885 orationis
1143 1826 1320 1896 capite
1347 1839 1443 1878 nos
1465 1823 1870 1879 exercebimus:
1898 1836 1996 1873 un-

409 1932 599 1984 deuam
632 1927 736 1980 illis
780 1921 988 1978 venerit
1020 1921 1071 1974 in
1103 1925 1362 1981 mentem,
1392 1922 1451 1969 ut
1478 1922 1761 1982 sperarent
1810 1927 1870 1965 se
1911 1920 1993 1964 to-

410 2038 522 2078 tum
543 2022 725 2076 urbem
750 2027 908 2073 terra:
931 2029 1087 2086 posse
1107 2013 1344 2074 vincere,
1371 2009 1416 2063 si
1441 2022 1544 2061 non
1569 2005 1824 2060 vidissent
1842 2003 1997 2057 Chri-

411 2126 552 2170 stum
583 2108 965 2168 resurrexisse.
1005 2105 1140 2161 Nunt
1171 2103 1223 2157 in
1257 2100 1453 2156 mentis
1479 2112 1700 2154 excessu
1727 2096 1996 2166 quidpiam

414 2208 518 2261 tale
568 2200 961 2259 inconsiderate
1017 2205 1072 2251 et
1116 2205 1322 2248 temere
1371 2187 1707 2260 cogitarunt?
1769 2186 1995 2240 Omnem

414 2297 611 2365 quippe
653 2290 939 2346 amentiam
976 2292 1214 2354 superat,
1246 2282 1444 2350 absque
1477 2279 1565 2333 Dei
1599 2277 1764 2348 gratia
1798 2284 1997 2329 tantam

341 2420 363 2438 .
417 2401 532 2442 rem
563 2383 744 2454 perlici
777 2394 932 2450 posse
961 2391 1198 2446 sperare.
1255 2371 1534 2440 Quomodo
1564 2370 1663 2422 hoc
1698 2365 2002 2422 ellecissent

419 2477 746 2535 insanientes
771 2483 825 2527 et
847 2472 896 2525 in
929 2467 1123 2524 mentis
1147 2464 1404 2519 excessu?
1425 2462 1518 2517 Sin
1539 2476 1665 2515 vero
1680 2475 1824 2514 sana:
1851 2472 1972 2511 men
1987 2485 2002 2496 -

424 2573 493 2624 ιίς
522 2575 698 2630 erant,
730 2575 788 2618 ut
808 2572 862 2618 et
883 2576 970 2616 res
1000 2561 1127 2628 ipsa:
1158 2557 1405 2627 probant,
1434 2553 1701 2623 quomodo
1730 2565 1836 2604 non
1858 2562 2004 2602 acce-

425 2663 530 2730 ptis
549 2675 615 2714 es
641 2657 774 2712 etclo
799 2654 901 2709 fide
921 2651 1094 2722 dignis
1113 2647 1444 2720 pignoribus,
1470 2660 1569 2699 nee
1590 2655 1878 2711 supernam
1908 2638 2002 2693 ad-

425 2753 536 2822 epti
561 2750 804 2822 gratiam,
823 2746 938 2801 ausi
965 2753 1149 2800 essent
1167 2741 1232 2795 ad
1261 2749 1402 2795 tanta
1425 2739 1572 2794 exire
1599 2735 1756 2800 bella,
1779 2734 1832 2788 in
1859 2744 2001 2788 terra

424 2856 481 2899 et
502 2845 557 2898 in
605 2841 740 2897 mari
771 2834 1132 2906 suscipienda,
1165 2841 1218 2887 ct
1244 2832 1309 2886 ad
1335 2829 1622 2886 mutandos
1667 2825 1829 2880 totius
1857 2824 2005 2877 orbis

427 2949 626 2998 mores,
669 2940 816 2985 tanto
847 2939 1087 2996 tempore
1113 2923 1492 2986 confirmatos,
1527 2916 1769 2972 homines
1801 2913 2005 2969 duode-

424 3030 530 3084 cim
553 3041 611 3080 se
635 3024 916 3093 accingere
945 3031 1000 3075 et
1029 3019 1100 3072 ita
1128 3016 1336 3071 fortiter
1364 3011 1546 3069 stare?
1576 3009 1644 3065 Et
1673 3007 1812 3079 quod
1839 3007 2007 3075 majus

425 3127 544 3183 est,
594 3116 660 3171 ad
706 3115 897 3169 cat-lum
944 3118 1196 3165 vocantes
1240 3115 1296 3161 et
1335 3118 1594 3174 supernas
1624 3097 2005 3162 habitationes,

429 3208 569 3264 unde
598 3203 982 3274 exspectabant
1010 3215 1068 3254 se
1097 3197 1431 3252 aulitoribus
1471 3204 1822 3264 persuasuros
1847 3188 2008 3243 esse?

431 3299 496 3354 lit
522 3297 566 3351 si
594 3296 808 3366 quidem
837 3293 1061 3346 fuissent
1090 3287 1302 3345 educati
1324 3287 1377 3340 itt
1407 3283 1572 3354 gloria
1593 3323 1607 3346 ,
1639 3281 1854 3351 apibus,
1907 3294 2005 3349 po-

431 3391 595 3445 tentia
622 3397 676 3443 et
700 3384 1020 3448 eruditione,
1053 3396 1119 3436 ue
1144 3379 1221 3434 sic
1247 3378 1460 3449 quidem
1492 3375 1557 3430 ad
1583 3383 1783 3428 tantam
1813 3371 2008 3426 tnolem

428 3497 609 3538 rerum
633 3495 692 3535 se
717 3477 975 3534 extolli-re
1003 3488 1166 3544 posse
1188 3472 1508 3526 videbantur
1533 3485 1547 3532 ;
1574 3466 1669 3523 sed
1707 3476 1885 3520 tamen
1913 3463 2012 3517 ali-

428 3589 532 3645 qua
561 3571 768 3628 ratione
809 3566 1069 3639 potuisset
1110 3561 1417 3634 exspectari
1446 3577 1458 3612 :
1491 3573 1634 3615 nunc
1663 3574 1789 3612 vero
1819 3555 1910 3610 alii
1955 3554 2010 3608 in

431 3664 652 3720 lacubus
678 3703 692 3724 ,
721 3660 813 3715 alii
841 3661 892 3713 in
926 3657 1154 3728 pellibus
1183 3654 1554 3718 versabantur,
1587 3650 1677 3706 alii
1704 3650 1756 3704 in
1788 3647 2010 3704 telonio.

432 3754 573 3810 Nihil
600 3760 779 3804 autem
801 3758 884 3802 est
913 3748 996 3800 his
1027 3745 1220 3801 Studiis
1252 3745 1480 3812 ineptius
1506 3743 1570 3796 ad
1599 3739 2011 3810 philosophiam,

434 3854 492 3899 et
509 3843 576 3896 ad
608 3836 1058 3910 persuadendum,
1089 3845 1145 3888 ut
1171 3848 1358 3901 magna
1384 3832 1502 3900 quis
1534 3831 1871 3899 imaginetur,
1902 3844 2014 3880 n.a-

433 3935 578 3990 xime
623 3945 752 3986 vero
799 3926 1013 3997 quando
1061 3924 1264 3979 nullum
1315 3922 1548 3992 suppetit
1587 3920 1916 3990 exemplum.
1944 3920 2013 3973 At

435 4029 508 4085 illi
542 4041 646 4081 non
675 4021 834 4078 modo
864 4019 1105 4089 exempla
1132 4031 1236 4072 non
1267 4016 1552 4077 habebant,
1577 4012 1728 4085 queis
1773 4027 1832 4066 se
1857 4026 2016 4080 supe-

434 4131 648 4176 raturos
673 4122 974 4187 sperarent,
1007 4111 1100 4166 sed
1125 4111 1288 4166 etiam
1320 4107 1607 4172 habebant,
1633 4105 1774 4176 quod
1799 4119 2018 4174 supera-

437 4214 543 4270 turi
595 4225 698 4266 non
729 4213 946 4271 essent,
997 4217 1164 4272 eaque
1191 4209 1444 4255 recentia.
1491 4196 1637 4252 Multi
1667 4211 1896 4265 namque
1926 4194 2014 4264 qui

440 4309 699 4362 innovare
722 4307 1072 4362 tetttaverant,
1107 4294 1354 4350 exstincti
1377 4291 1587 4346 fuerant
1615 4298 1746 4360 (non
1777 4291 1845 4344 de
1869 4289 2016 4345 Crte-

435 4414 621 4455 eorum
654 4395 812 4449 rebus
833 4392 1055 4460 loquor;
1083 4389 1186 4442 illa:
1215 4386 1411 4456 quippe
1438 4384 1670 4439 nondum
1701 4391 1882 4444 erant;
1921 4380 2016 4436 sed

436 4491 506 4545 de
535 4488 662 4556 ipsis
681 4482 882 4539 Judaeis
904 4485 1094 4535 eodem
1124 4489 1364 4547 tempore
1385 4479 1424 4546 ),
1454 4491 1557 4529 non
1587 4490 1708 4530 cum
1734 4473 2016 4529 duodecim

441 4576 766 4640 hominibus,
795 4571 888 4626 sed
912 4586 1034 4624 cum
1062 4584 1251 4637 magna
1279 4564 1618 4620 multitudine
1647 4578 1732 4616 res
1757 4560 2016 4632 aggressi.

438 4669 571 4724 Nam
598 4663 848 4720 Tltendas
876 4671 926 4716 et
967 4659 1130 4715 Judas
1175 4669 1396 4725 magnos
1441 4654 1696 4708 habentes
1742 4653 2019 4708 hominum

439 4771 635 4823 cmltts,
690 4770 811 4810 cum
839 4751 1116 4819 discipulis
1145 4749 1434 4818 perierant.
1463 4745 1530 4799 Et
1557 4761 1621 4799 ex
1653 4746 1736 4802 his
1757 4744 2020 4813 exemplis

440 4863 591 4907 ortus
622 4851 782 4902 timor
813 4851 1018 4914 poterat
1059 4841 1182 4894 illos
1226 4838 1540 4902 deterrere,
1594 4838 1692 4891 nisi
1734 4837 2018 4891 admodum

439 4937 681 5012 persuasi
710 4933 932 4988 fuissent
953 4932 1067 4983 sine
1083 4927 1259 4981 divina
1289 4926 1482 4982 virtute
1517 4943 1620 4980 non
1640 4941 1798 4996 posse
1829 4940 2019 4995 qnetn-

440 5036 581 5106 piam
611 5040 886 5099 superare.
920 5021 1074 5091 Quod
1104 5021 1146 5075 si
1167 5021 1327 5074 etiam
1367 5035 1427 5074 se
1455 5019 1668 5074 vincere
1697 5033 1854 5088 posse
1896 5033 2021 5087 spe-

442 5126 670 5190 rabant,
692 5136 796 5190 qua
822 5133 919 5190 spe
949 5116 1064 5172 fulti
1096 5124 1238 5169 tanta
1268 5112 1526 5168 adiissent
1544 5112 1798 5182 pericula,
1829 5110 1926 5165 nisi
1953 5109 2020 5164 ad

442 5219 618 5274 futura
650 5209 1045 5280 respexissent?
1095 5207 1363 5261 l’onamns
1409 5215 1586 5260 autem
1618 5203 1738 5258 illos
1775 5218 1836 5258 se
1865 5218 2022 5275 supe-

441 5314 653 5362 raturos
697 5313 943 5370 Sperasse
965 5337 980 5362 ,
1009 5296 1134 5366 quid
1170 5295 1300 5349 lucri
1331 5295 1620 5365 sperabant
1647 5311 1711 5350 ex
1739 5309 1835 5359 eo,
1878 5295 2021 5364 quod

441 5411 630 5452 omnes
656 5395 982 5448 adducerent
1008 5390 1072 5443 ad
1106 5403 1226 5443 eutn
1256 5387 1352 5456 qui
1381 5403 1487 5440 non
1519 5386 1832 5455 resurrexit,
1883 5387 2023 5442 sicut

442 5487 660 5545 dicitis?

514 5583 564 5637 4.
610 5579 740 5634 Nam
762 5578 805 5630 si
835 5590 975 5629 nunc
1003 5573 1245 5628 homines
1272 5573 1363 5642 qui
1393 5570 1739 5626 crediderunt
1767 5573 1833 5628 de
1857 5589 2022 5642 regno

441 5677 694 5730 οωιυιιιιιι
718 5684 768 5726 ct
790 5669 858 5726 de
883 5671 1114 5721 innuutct
1133 5666 1175 5721 is
1202 5675 1375 5735 bonis,
1399 5664 1613 5721 difficile
1638 5667 1870 5736 pericula
1901 5669 2018 5721 sub-

2085 375 2237 429 eunt,
2278 365 2550 434 quomodo
2579 376 2719 420 tanta
2739 368 3005 419 incassum
3033 364 3172 434 pas'si
3191 375 3394 432 essent,
3414 369 3520 421 into
3541 384 3668 424 vero

2087 456 2152 508 ad
2193 457 2421 510 malum?
2454 457 2511 512 Si
2537 457 2680 512 enim
2709 472 2814 509 non
2856 457 2993 511 facta
3022 456 3245 510 fuissent
3279 457 3368 511 illa
3396 473 3516 527 quae
3541 476 3669 515 vere

2087 545 2224 599 faeta
2251 555 2394 612 sunt,
2437 557 2494 601 et
2524 548 2567 600 si
2605 547 2849 602 Christus
2875 547 2928 601 in
2955 547 3146 601 czelum
3176 562 3284 602 non
3311 548 3665 613 ascendisset,

2090 637 2202 693 haec
2231 639 2430 708 lingere
2465 639 2855 694 contendentes
2884 649 2936 693 et
2961 640 3081 694 aliis
3109 640 3455 708 persuadere,
3502 641 3666 696 Deum

2087 731 2338 785 offensnri
2369 740 2522 785 erant
2559 741 2611 785 et
2655 731 2799 786 mille
2839 747 2867 784 a
2895 734 3103 801 superis
3131 732 3351 787 fulmina
3389 746 3669 804 exspecta-
3707 783 3710 786 .

2091 819 2214 876 turi.
2262 821 2513 890 Alioquin
2544 829 2720 875 autem
2750 821 2958 875 etiamsi
2985 821 3198 877 vivente
3225 821 3440 877 Christo
3467 833 3668 878 tantam

2090 913 2399 968 habuissent
2443 913 2803 980 alacritatem,
2846 915 2961 984 ipso
3023 928 3233 971 mortuo
3284 917 3426 972 illam
3471 919 3674 974 exstin-

2092 1006 2313 1061 sissent.
2342 1004 2473 1060 Nam
2503 1006 2548 1058 si
2575 1021 2682 1060 non
2732 1007 3140 1072 resurrexisset,
3193 1009 3321 1078 ipsis
3346 1009 3600 1080 deceptor
3621 1021 3674 1064 et

2091 1097 2370 1152 simulator
2405 1096 2611 1152 fuisset.
2634 1097 2716 1150 An
2749 1097 2965 1151 nescitis
3004 1099 3270 1154 exercitus
3302 1099 3512 1154 vivente
3539 1101 3674 1157 duce

2091 1198 2145 1244 et
2171 1190 2520 1260 imperatore,
2550 1189 2760 1244 etiamsi
2787 1188 2991 1243 debiles
3021 1198 3076 1243 et
3105 1205 3210 1244 non
3252 1193 3519 1246 numerosi
3543 1193 3671 1259 sint,

2092 1283 2424 1348 consistere;
2463 1283 2566 1336 illis
2607 1297 2734 1337 vero
2762 1280 3052 1347 defunctis,
3083 1281 3293 1336 etiamsi
3336 1283 3494 1338 validi
3543 1285 3673 1352 sint,

2097 1373 2358 1427 dissolvi?
2384 1373 2734 1438 QuibuSuam,
2763 1387 2965 1442 quasso,
2994 1372 3355 1441 probabilibus
3380 1375 3676 1431 rationibus

2099 1465 2242 1520 usuri
2273 1474 2427 1518 erant
2449 1463 2879 1533 praedicationem
2905 1463 3228 1533 aggressuri,
3270 1473 3326 1518 et
3354 1479 3448 1535 per
3488 1466 3676 1522 urbem

2099 1566 2266 1610 totum
2292 1555 2530 1610 exituri?
2559 1566 2688 1624 quot
2717 1554 3115 1626 impedimentis
3143 1573 3246 1610 non
3297 1557 3499 1612 detenti
3543 1559 3678 1612 fuiso

2097 1646 2262 1702 sent?
2287 1646 2420 1702 Nam
2449 1648 2491 1701 si
2539 1647 2780 1704 furentes
2805 1659 2959 1704 erant
2986 1649 3113 1720 (hoc
3137 1649 3345 1704 dicendi
3381 1650 3543 1706 finem
3573 1668 3678 1706 non

2099 1737 2326 1813 faciam)
2351 1781 2366 1805 ,
2397 1741 2527 1795 nihil
2559 1743 2768 1812 penitus
2795 1751 2942 1796 recte
2971 1742 3300 1811 gessissent:
3329 1757 3487 1797 nemo
3537 1745 3680 1798 enim

2100 1831 2398 1886 furentibus
2423 1831 2756 1900 obtemperat
2779 1849 2791 1883 :
2817 1831 2862 1884 si
2885 1843 3062 1886 autem
3084 1847 3197 1886 rem
3220 1831 3356 1888 bene
3378 1845 3681 1902 gesserunt,

2103 1930 2160 1974 ut
2187 1931 2468 1991 gesserunt
2517 1923 2718 1991 utique,
2774 1930 2828 1976 et
2855 1921 2974 1975 finis
3004 1923 3258 1989 ostendit,
3300 1924 3538 1978 omnium
3595 1939 3686 1978 sa-

2105 2013 2419 2082 pientissimi
2441 2021 2614 2068 erant.
2633 2012 2687 2069 Si
2715 2014 2951 2068 omnium
2981 2014 3357 2083 sapientissimi
3387 2025 3558 2082 erant,
3590 2031 3688 2086 pa-

2109 2105 2210 2159 lant
2237 2115 2320 2160 est
2347 2106 2467 2160 illos
2507 2121 2612 2162 non
2647 2116 2848 2161 temere
2877 2106 2941 2160 ad
2969 2107 3404 2176 praedicationem
3451 2110 3684 2164 venisse.

2101 2195 2213 2251 Nisi
2244 2196 2387 2250 enim
2434 2196 2694 2251 vidiSsent
2724 2197 2872 2252 illum
2899 2199 3281 2264 resurrexisse,
3311 2199 3437 2268 quid
3478 2210 3689 2270 poterat

2105 2287 2223 2342 illos
2249 2287 2314 2341 ad
2341 2286 2443 2342 hoc
2469 2287 2662 2342 bellum
2703 2287 2971 2342 educere?
2996 2289 3122 2358 qttid
3151 2306 3254 2343 nott
3287 2289 3410 2344 illos
3458 2292 3690 2344 avertis-

2105 2379 2223 2433 set?
2253 2377 2392 2434 Dixit
2424 2379 2551 2444 illis,
2581 2379 2708 2433 Post
2735 2389 2844 2433 tres
2871 2378 2986 2434 dies
3016 2395 3328 2450 resurgam,
3367 2390 3424 2434 et
3467 2398 3688 2451 regnum

2105 2471 2358 2525 CtL'lOl‘Uln
2389 2471 2652 2541 pollicitus
2688 2481 2771 2526 est
2801 2489 2815 2526 :
2848 2473 2983 2526 dixit
3016 2472 3140 2537 illis,
3171 2473 3313 2542 quod
3359 2476 3548 2529 orbem
3579 2485 3693 2530 ter-

2107 2577 2283 2615 rarum
2314 2562 2612 2632 superaturi
2636 2571 2840 2625 essent,
2876 2573 3097 2631 accepto
3126 2563 3328 2634 Spiritu
3351 2575 3539 2620 sancto
3565 2584 3580 2629 ;
3633 2578 3690 2621 et

2109 2653 2176 2707 ad
2201 2653 2316 2708 haec
2343 2655 2618 2709 inmunera
2646 2655 2745 2709 alia
2779 2655 2912 2708 dixit
2933 2665 3175 2709 naturam
3197 2671 3410 2711 omnem
3433 2673 3694 2727 superan-

2111 2745 2202 2800 tia.
2235 2745 2434 2816 itaque,
2464 2747 2508 2799 si
2537 2747 2670 2800 nihil
2690 2746 2877 2801 borum
2909 2748 3194 2814 evenisset,
3219 2749 3319 2802 etsi
3351 2750 3544 2804 viventi
3576 2765 3694 2806 cre-

2109 2836 2372 2904 diderant,
2401 2853 2466 2892 eo
2488 2847 2696 2894 mortuo
2713 2854 2817 2892 non
2845 2839 2979 2891 ultra
3008 2838 3384 2906 credidissent,
3409 2841 3509 2895 nisi
3538 2857 3692 2896 resu-

2109 2929 2361 2983 scitatum
2394 2930 2677 2985 vidissent.
2712 2930 2979 2986 Dixissent
3003 2931 3170 2998 enim,
3202 2931 3331 2986 Post
3358 2942 3466 2986 tres
3490 2933 3606 2988 dies
3636 2948 3697 2990 se

2113 3032 2539 3076 resurrecturum
2571 3021 2726 3087 dixit,
2753 3033 2808 3077 et
2838 3039 2943 3076 non
2987 3023 3283 3079 resurrexit
3310 3040 3325 3078 :
3353 3021 3606 3093 Spiritum
3639 3039 3699 3080 se

2112 3113 2360 3167 daturum
2402 3113 2688 3182 promisit,
2743 3122 2796 3168 et
2825 3129 2933 3168 non
2963 3114 3105 3168 misit
3130 3131 3145 3169 :
3175 3114 3446 3185 quomodo
3473 3129 3603 3185 ergo
3628 3115 3699 3172 de

2115 3204 2304 3258 futuris
2336 3203 2408 3257 illi
2437 3203 2758 3266 credemus,
2809 3219 2930 3257 cum
2966 3206 3246 3273 praesentia
3289 3206 3408 3261 falsi
3452 3207 3701 3261 convicta

2114 3296 2259 3351 sint?
2304 3296 2416 3363 Qua
2447 3295 2514 3351 de
2542 3309 2725 3360 causa,
2751 3296 2794 3349 si
2829 3313 2933 3348 nou
2984 3299 3367 3353 resurrexisset
3388 3339 3404 3364 ,
3439 3298 3704 3368 przcdica-

2115 3397 2237 3443 reut
2258 3387 2405 3441 illum
2420 3386 2813 3442 resurrexisse?
2829 3385 2962 3454 Quia
2983 3387 3154 3456 ipsum
3174 3389 3444 3452 amabant,
3467 3389 3702 3458 inquies.

2116 3477 2275 3548 Atqui
2303 3479 2475 3548 ipsum
2503 3477 2696 3532 deinde
2738 3477 2863 3533 odio
2905 3479 3136 3534 habituri
3161 3490 3335 3547 erant,
3359 3481 3500 3550 quod
3523 3496 3582 3536 se
3601 3482 3705 3537 de-

2115 3571 2348 3641 ccpissct
2377 3580 2432 3624 et
2464 3569 2810 3640 prodidisset,
2857 3580 2912 3626 et
2941 3572 3082 3642 quod
3115 3559 3272 3628 mille.
3291 3573 3446 3628 factis
3469 3574 3706 3643 promis-

2119 3662 2214 3727 sis,
2244 3661 2538 3717 induxisset
2586 3669 2642 3715 ut
2685 3661 2906 3726 domos,
2943 3672 3188 3731 parentes
3217 3672 3271 3716 et
3319 3663 3498 3717 omnia
3533 3663 3709 3719 relin—

2117 3765 2371 3825 quereut,
2422 3753 2564 3823 qttod
2603 3762 2767 3806 totam
2796 3753 3100 3806 Iudaeorum
3132 3761 3345 3822 gentem
3401 3765 3587 3809 contra
3647 3773 3710 3811 se

2117 3846 2443 3908 suscitassct,
2476 3859 2538 3895 ac
2568 3859 2628 3896 se
2659 3843 2997 3910 prodidissd.
3034 3843 3185 3910 Quod
3225 3843 3268 3898 si
3293 3843 3421 3898 illud
3447 3858 3513 3897 ex
3548 3844 3707 3899 infir-

2118 3935 2302 3988 mitate
2330 3933 2522 3986 factum
2547 3931 2755 3994 fuisset,
2778 3931 2828 3984 id
2852 3931 3218 4001 iguovisseut;
3252 3949 3394 3990 nunc
3419 3949 3545 3989 vero
3575 3937 3705 3990 exi-

2119 4023 2425 4078 Stimaretur
2467 4037 2531 4076 ex
2565 4021 2906 4090 improbitate
2950 4025 3168 4078 factum.
3219 4025 3512 4096 Oportebat
3555 4037 3705 4092 enim

2123 4129 2305 4169 verum
2336 4113 2514 4168 dicere
2534 4153 2548 4177 ,
2596 4128 2768 4182 neque
2792 4113 2979 4168 caelum
3013 4117 3341 4183 promittere,
3393 4119 3552 4176 homo
3578 4141 3706 4182 cum

2121 4216 2263 4261 esset
2285 4206 2548 4272 mortalis,
2582 4213 2637 4258 nt
2662 4204 2858 4259 dicitis.
2883 4204 3059 4271 Quare
3097 4209 3434 4264 verisimisile
3458 4225 3536 4266 est
3574 4230 3706 4270 con-

2124 4301 2282 4353 traria
2313 4297 2544 4352 facturos
2571 4296 2754 4360 fuisse,
2811 4295 3080 4350 fallaciam
3117 4300 3514 4367 pt'a‘dicalttros,
3545 4316 3597 4359 rt
3622 4310 3709 4362 di-

2121 4401 2302 4448 cturos
2343 4391 2514 4459 ipsum
2544 4388 2909 4441 simulatorem
2937 4398 2990 4441 et
3017 4393 3456 4461 prmstigiatorent
3490 4397 3656 4452 fuisse
3687 4418 3702 4455 :

2123 4485 2202 4538 sic
2227 4481 2367 4537 enim
2396 4496 2462 4534 ex
2491 4478 2740 4548 periculis
2763 4479 2969 4534 liberati
2994 4477 3238 4543 fuissent,
3263 4485 3340 4538 sic
3371 4485 3564 4539 bellum
3591 4492 3699 4542 sol-

2103 4567 2349 4628 'vissent.
2379 4572 2434 4624 Si
2458 4572 2601 4626 enim
2631 4571 2888 4626 militibus
2911 4575 3187 4642 pecuniam
3219 4576 3483 4632 dederunt
3509 4579 3706 4646 Judaei,

2126 4677 2182 4721 ut
2209 4666 2631 4734 dieerent,ipsos
2668 4679 2862 4734 corpus
2906 4665 3045 4719 furto
3087 4670 3401 4735 sustulisse;
3445 4670 3490 4724 si
3533 4680 3706 4724 trans-

2126 4767 2319 4812 euntes
2355 4755 2598 4824 diseipuli
2627 4755 2923 4820 dixissent,
2959 4757 3134 4826 Ipsum
3163 4757 3317 4812 furati
3343 4775 3560 4825 sumus,
3604 4776 3708 4816 nec

2127 4847 2456 4904 resurrexit:
2484 4858 2683 4915 quanto
2705 4862 2809 4902 non
2835 4846 3012 4902 affecti
3053 4846 3276 4902 fuissent
3305 4848 3546 4904 honore?
3575 4849 3708 4919 Ipsis

2128 4942 2304 5010 itaque
2332 4939 2524 4995 licebat
2552 4938 2804 5015 honorari
2835 4947 2889 4993 et
2912 4940 3180 4993 coronari.
3211 4938 3318 4997 Cur
3353 4957 3481 5012 ergo
3511 4954 3707 4998 contu-

2127 5031 2303 5087 meliis
2325 5029 2466 5086 affici
2493 5039 2548 5086 et
2573 5030 2860 5100 periclitari
2883 5031 3206 5097 maluerunt,
3232 5033 3331 5087 nisi
3355 5033 3531 5088 divina
3557 5050 3710 5103 qute-

2127 5123 2248 5178 dam
2268 5125 2434 5178 virtus
2457 5122 2646 5178 fuisset
2669 5121 2752 5175 his
2772 5121 3018 5175 omnibus
3040 5125 3324 5191 pOtcntior,
3357 5138 3476 5192 qua:
3497 5124 3548 5179 id
3577 5125 3709 5194 ipsis

2127 5214 2413 5269 suaderet?
2434 5212 2526 5268 Sin
2544 5223 2721 5266 autem
2743 5211 2978 5266 nondum
3003 5213 3402 5282 persuademus.
3425 5215 3551 5268 illud
3572 5233 3706 5285 quo-

2127 5320 2233 5376 que
2261 5305 2433 5375 cogita
2467 5319 2480 5357 :
2510 5303 2555 5358 si
2583 5303 2684 5356 hoc
2709 5317 2812 5355 non
2844 5314 3018 5369 esset,
3046 5304 3253 5358 etiamsi
3299 5305 3453 5359 valde
3502 5322 3709 5376 pra-pa-

2128 5397 2229 5454 rati
2274 5395 2533 5457 fuissent,
2564 5408 2668 5447 non
2719 5393 3113 5462 prredicandum
3144 5395 3290 5447 illum
3321 5399 3703 5467 suscepissent,

2130 5485 2222 5542 sed
2251 5485 2481 5540 aversati
2529 5485 2674 5538 illum
2709 5484 2953 5541 fuissent.
2980 5487 3141 5540 Scitis
3169 5487 3312 5541 enim
3344 5505 3440 5541 nos
3492 5505 3559 5543 ne
3604 5503 3708 5541 no-

2129 5579 2273 5632 mina
2312 5577 2525 5646 quidem
2557 5591 2740 5633 eorum
2765 5619 2778 5642 ,
2803 5579 2892 5647 qui
2921 5595 3016 5630 ttos
3048 5579 3116 5632 ita
3148 5578 3490 5650 ιιυοιιροΓίιιι,
3519 5581 3704 5634 audire

2135 5670 2291 5726 velle.
2319 5671 2425 5728 Cur
2455 5681 2630 5728 autem
2662 5688 2854 5729 nomen
2884 5671 3000 5742 ejus
3033 5671 3422 5742 prtedicatunt?
3466 5691 3531 5726 at:
3561 5673 3701 5744 quod
