3954 6130
319 284 389 342 45
1418 273 1480 328 IN
1521 271 1774 328 El‘lS’l‘.l
1827 271 1919 329 se
1955 272 2109 329 con.
2142 270 2455 331 tzomt..v.
3511 280 3576 335 ιτι

321 404 697 469 exspectarent
741 411 799 449 se
844 409 935 463 per
976 391 1123 448 illum
1166 398 1509 459 superaturos
1545 388 1703 442 esse?
1734 389 1893 454 Atqui

325 490 652 546 mntrarium
679 487 1090 557 exspectandum
1117 492 1251 549 erat,
1279 480 1637 552 quia,etiamsi
1682 494 1901 547 supera-

332 583 433 637 turi
481 590 693 641 essent,
728 578 1009 647 periissem
1036 574 1336 643 deceptoris
1361 587 1555 626 nomen
1589 572 1638 623 iu
1669 569 1901 624 medimn

328 672 629 728 all‘erentes.
675 668 766 724 Siti
796 675 972 721 autem
1004 664 1248 719 volebant
1272 662 1448 734 priora
1478 663 1748 715 occultare
1771 699 1787 723 ,
1822 668 1901 710 ta-

331 779 457 820 cere
495 762 775 835 oportebat
802 775 816 811 :
848 774 969 812 nam
1015 757 1293 812 decertare
1327 754 1499 822 magis
1526 753 1810 807 excitasset
1849 758 1905 803 et

237 853 244 861 ’
333 857 528 912 bellant
553 864 608 910 et
637 855 826 908 risum.
858 850 1011 905 Unde
1036 862 1168 918 ergo
1201 847 1346 901 venit
1376 846 1481 899 illis
1507 846 1558 898 in
1588 852 1819 918 mentem
1848 848 1923 894 ut‘

331 948 444 1002 haec
476 942 880 1013 conﬁngerent?
908 958 1031 997 nam
1062 941 1150 995 illa
1194 955 1311 1006 qua:
1350 938 1448 1008 ipsi
1477 917 1774 995 audierant,
1805 948 1908 986 cx-

328 1038 588 1093 ciderant.
638 1035 791 1103 Quod
842 1035 889 1088 si
925 1048 1046 1088 eum
1092 1031 1271 1086 nullus
1313 1036 1457 1089 esset
1496 1028 1676 1090 timor,
1707 1023 1902 1077 multo-

331 1147 446 1186 rum
472 1126 942 1190 obliviscebautur,
970 1132 1025 1177 et
1056 1122 1295 1191 quwdattt
1347 1135 1453 1173 non
1500 1115 1863 1185 intelligebant
1886 1153 1903 1178 ,

329 1224 405 1278 ait
453 1220 820 1290 evangelista,
870 1227 1018 1270 tanto
1078 1215 1386 1268 imminente
1451 1209 1725 1279 periculo,
1776 1222 1908 1275 quo.

331 1315 490 1370 modo
540 1330 645 1367 non
679 1311 856 1366 omnia
886 1310 955 1363 ab
998 1309 1101 1362 illis
1145 1302 1490 1361 avolasscut?
1522 1303 1583 1357 Et
1612 1301 1737 1371 quid
1786 1300 1910 1355 dico

329 1405 516 1466 verba.
546 1420 670 1458 cum
700 1402 934 1457 futurum
982 1406 1144 1461 esset,
1178 1405 1233 1449 ιιι
1285 1391 1523 1463 magistri
1566 1405 1720 1445 amor
1763 1399 1907 1442 metu

330 1499 638 1552 futurorum
668 1493 866 1548 sensim
888 1486 1271 1544 niareeseeret?
1299 1483 1442 1552 quod
1477 1482 1634 1538 etiam
1663 1479 1792 1548 ipsis
1811 1494 1910 1532 ex-

330 1586 640 1657 probravit.
669 1584 803 1638 Nam
838 1597 958 1637 cum
986 1589 1137 1632 antea
1166 1576 1375 1646 quidem
1400 1573 1466 1627 ab
1497 1572 1589 1626 illo
1620 1570 1912 1641 pendentes

339 1680 658 1748 frequenter
706 1676 1113 1741 interrogarent,
1141 1668 1259 1734 Quo
1286 1664 1470 1719 vadis?
1501 1674 1681 1732 postea
1708 1668 1908 1723 autem,

335 1784 462 1824 cum
496 1769 684 1836 longos
706 1765 873 1818 texuit
888 1775 1186 1825 sermones,
1213 1757 1347 1811 mala
1369 1768 1623 1810 enarratis
1647 1768 1763 1822 qua?
1781 1759 1910 1805 tetu-

337 1874 472 1928 pore
501 1857 676 1911 crucis
696 1855 841 1921 ipsos
859 1853 1103 1906 invasam
1130 1857 1303 1912 erant,
1325 1845 1619 1915 deindeque
1645 1851 1785 1898 metu
1812 1840 1910 1894 de-

326 1949 423 2003 lixi
452 1963 574 2002 eum
599 1945 811 1998 hiantes
839 1943 912 1996 illi
939 1949 1234 2003 nianerent,
1264 1938 1387 1992 audi
1415 1934 1678 2006 quomodo
1703 1934 1781 1988 cis
1809 1933 1913 1988 hoc

332 2038 572 2107 proferat
600 2035 788 2090 dicens
821 2053 835 2088 :
873 2030 1038 2086 Nemo
1063 2046 1125 2084 ea:
1165 2029 1300 2082 rubis
1329 2029 1603 2096 interrogat
1634 2040 1744 2088 me,
1801 2024 1914 2090 Quo

330 2130 509 2185 vadis?
522 2129 611 2182 sed
634 2128 754 2198 quia
780 2126 887 2179 lucc
911 2125 1144 2192 loquutus
1170 2138 1282 2176 sum
1302 2119 1453 2184 robis,
1474 2118 1675 2173 tristitia
1689 2115 1914 2185 implevit

332 2239 420 2275 cor
445 2230 661 2275 vesti-um
680 2215 862 2288 (Joan.
881 2214 967 2269 16.
991 2215 1044 2269 5.
1062 2212 1206 2283 6).Si
1229 2228 1359 2283 ergo
1380 2219 1746 2277 exspectantes
1765 2208 1913 2261 illum

334 2312 645 2365 moriturum
662 2317 715 2362 et
732 2313 1153 2361 resurrecturum
1165 2317 1302 2365 esse,
1322 2302 1391 2355 ita
1403 2300 1672 2362 dolebant;
1686 2299 1730 2353 si
1744 2312 1917 2351 resur-

329 2411 542 2473 gentem
570 2399 718 2453 illum
742 2413 848 2451 non
874 2396 1149 2460 vidissent,
1179 2391 1445 2463 quomodo
1472 2408 1576 2445 nou
1610 2389 1911 2461 periisseut,

332 2493 466 2547 etin
495 2492 662 2561 ipsam
709 2499 905 2544 terram
938 2485 1129 2541 sullodi
1158 2500 1262 2538 non
1300 2483 1666 2547 studuissent,
1699 2490 1808 2534 tum
1848 2496 1911 2533 ex

333 2599 573 2641 interere
612 2580 829 2646 fraudis,
864 2589 974 2634 tum
1012 2594 1076 2633 ex
1105 2579 1295 2633 timore
1341 2574 1634 2628 futurorum
1668 2572 1915 2626 obsessi?

410 2674 465 2729 5.
493 2672 643 2728 Unde
661 2680 833 2725 autem
851 2679 904 2724 et
923 2668 1168 2724 sublimia
1192 2666 1297 2721 illis
1312 2664 1554 2736 dogmata
1571 2666 1589 2717 ἒ
1605 2662 1913 2718 sublimiora

337 2764 483 2821 enim
505 2763 648 2832 ipsos
668 2770 848 2831 postea
871 2760 1147 2815 audituros
1166 2772 1288 2815 esse
1309 2756 1470 2811 dixit:
1492 2770 1613 2809 nam
1634 2753 1816 2820 Multa,
1837 2754 1915 2807 in-

335 2856 474 2928 quit,
489 2855 645 2908 liabeo
659 2855 792 2908 vobis
802 2854 984 2918 dicere,
1002 2852 1090 2905 sed
1102 2868 1199 2904 non
1214 2851 1415 2920 potestis
1429 2860 1630 2920 portare
1646 2847 1792 2901 modo
1807 2845 1854 2919 (1
1861 2846 1911 2902 b.

337 2967 381 3004 ι’.
397 2950 509 3020 12).
526 2948 614 3001 llla
628 2946 789 3017 igitur
802 2963 871 3016 qu
891 2965 917 2998 r
937 2960 1041 2998 non
1060 2945 1395 3010 dicebantur,
1415 2940 1721 2997 sublimiora
1740 2950 1913 2996 erant.

337 3040 488 3095 linus
533 3049 711 3093 autem
754 3052 821 3091 cx
848 3034 1129 3104 discipulis
1174 3048 1272 3087 nec
1316 3033 1368 3087 in
1409 3032 1643 3088 Judaeam
1673 3046 1793 3085 cum
1823 3031 1915 3085 illo

337 3131 486 3186 abire
514 3129 764 3195 volebat,
809 3136 1087 3196 postquam
1119 3125 1351 3194 pericula
1374 3122 1571 3178 audivit
1596 3139 1612 3187 ;
1640 3122 1735 3178 sed
1765 3122 1912 3177 dice-

339 3222 449 3287 bat,
481 3220 725 3273 Abeamus
754 3227 802 3271 et
827 3234 949 3282 nos,
992 3225 1044 3269 ut
1088 3215 1362 3267 moriuntur
1403 3230 1518 3267 cum
1563 3214 1654 3267 illo
1680 3211 1790 3284 (Id.
1822 3212 1911 3267 il.

343 3314 486 3382 l6);
533 3326 672 3380 aagre
711 3309 889 3364 ferens
927 3308 1069 3377 quod
1112 3321 1171 3361 se
1211 3304 1526 3358 mori'urum
1557 3310 1912 3373 exspectaret.

347 3404 500 3469 Quod
526 3402 573 3457 si
600 3417 720 3457 com
750 3402 842 3455 illo
869 3414 1091 3454 versans
1111 3414 1170 3453 se
1193 3397 1507 3451 moriturum
1536 3394 1878 3464 exsltectabat
1896 3435 1913 3459 ,

349 3496 578 3564 ideoque
621 3494 938 3563 refugiebat;
978 3494 1179 3561 absque
1220 3506 1285 3544 eo
1325 3501 1377 3545 et
1405 3492 1617 3544 caeteris
1641 3488 1914 3558 discipulis

345 3589 475 3657 quid
521 3606 624 3642 non
666 3598 789 3643 tunc
826 3603 885 3642 se
938 3603 1212 3657 passurum
1251 3584 1646 3653 exspectasset?
1690 3582 1757 3637 Et
1802 3597 1917 3635 ma-

342 3698 503 3751 gnum
559 3683 663 3737 hoc
716 3680 900 3736 fuisset
952 3678 1291 3749 impudentia:
1344 3685 1734 3745 argumentum.
1780 3674 1917 3741 Quid

343 3788 468 3843 ergo
520 3773 681 3826 etiam
743 3771 1027 3826 dicendum
1081 3769 1348 3824 habebant
1408 3765 1719 3822 exeuntes?
1786 3765 1917 3820 Nam

347 3866 644 3930 passionem
697 3860 914 3929 quidem
984 3858 1183 3913 sciebat
1245 3858 1524 3911 universus
1593 3854 1742 3909 Orbis
1795 3870 1809 3907 :
1866 3855 1916 3908 iu

343 3956 451 4008 alto
488 3954 685 4024 quippe
740 3952 977 4022 patibulo
1022 3966 1312 4019 suspensus
1356 3951 1543 4013 fuerat,
1578 3948 1628 4001 in
1673 3946 1913 4012 meridie,

345 4046 398 4098 in
454 4045 773 4111 metropoli,
806 4051 864 4097 et
908 4044 962 4095 in
1006 4042 1238 4095 maximo
1285 4040 1371 4093 die
1431 4038 1585 4103 l‘esto,
1635 4047 1690 4092 et
1736 4054 1764 4090 a
1812 4054 1917 4107 qttu

348 4132 581 4187 maxime
611 4151 710 4186 non
753 4134 948 4187 licebat
986 4133 1285 4201 quempiam
1309 4132 1498 4185 abesse
1529 4148 1540 4183 :
1571 4134 1917 4184 resurrectio-

348 4240 471 4276 nem
495 4240 620 4279 vcro
641 4225 814 4277 nullus
841 4222 1044 4278 sciebat
1065 4232 1385 4284 exterarum,
1412 4220 1550 4289 quod
1574 4236 1676 4273 non
1701 4236 1917 4289 parvum

346 4318 454 4374 illis
474 4328 592 4373 erat
610 4318 1072 4387 impedimentum,
1097 4324 1153 4369 ut
1170 4330 1234 4369 ne
1260 4314 1658 4383 persuaderent.
1687 4313 1754 4366 Et
1779 4314 1918 4381 quod

346 4418 489 4463 esset
521 4410 765 4478 sepultos
800 4407 1038 4461 omnium
1077 4422 1292 4461 rumore
1334 4405 1635 4466 ferebatur;
1677 4404 1922 4472 quodque

347 4499 591 4568 discipuli
635 4515 833 4567 corpus
873 4497 1031 4553 furati
1073 4506 1271 4562 essent,
1324 4495 1517 4550 milites
1565 4511 1684 4548 cum
1722 4494 1922 4550 .qula2is

347 4592 592 4646 militibus
617 4593 869 4645 dicebant
899 4609 911 4643 :
944 4590 1083 4659 quod
1124 4598 1303 4644 autem
1334 4590 1743 4651 resorrexisset,
1776 4599 1923 4644 exte-

346 4697 526 4735 rurum
574 4697 732 4735 nemo
763 4681 984 4737 sciebat.
1018 4680 1291 4736 Undenztm
1333 4680 1746 4748 exspectabant,
1780 4696 1838 4733 se
1866 4679 1919 4734 id

344 4774 437 4824 toti
471 4772 585 4826 orbi
616 4787 964 4841 persuasuros
990 4771 1144 4827 esse?
1173 4770 1232 4825 Si
1258 4770 1399 4824 enim
1432 4782 1546 4839 post
1589 4769 1735 4824 edita
1755 4770 1921 4824 mira-

342 4864 461 4917 ctda
492 4864 729 4931 persuasi
750 4862 965 4916 luerunt
981 4863 1198 4928 milites,
1219 4869 1276 4915 ut
1295 4862 1558 4914 contraria
1581 4871 1920 4925 testarentur,

342 4952 611 5005 undenam
664 4959 975 5020 Sperasseut
1016 4952 1066 5004 bi
1113 4966 1174 5006 se
1218 4951 1337 5004 sine
1368 4950 1635 5002 miraculis
1664 4950 1922 5017 praedica-

341 5053 492 5097 ltlt‘us
522 5058 663 5103 esse,
692 5059 755 5097 ac
786 5059 852 5096 tte
881 5043 1097 5096 obolum
1129 5042 1345 5111 quidem
1378 5042 1657 5103 habentes,
1688 5052 1843 5095 teme
1869 5053 1925 5097 et.

338 5135 469 5186 mari
508 5132 577 5185 de
632 5133 1028 5186 resurrectione
1080 5146 1433 5201 persuasuros
1477 5131 1636 5183 esse?
1677 5132 1828 5198 Quod
1879 5132 1923 5184 si

339 5237 403 5275 ex
453 5222 644 5291 gloria:
690 5237 877 5275 antore
907 5221 1009 5275 hoc
1039 5221 1290 5276 fecissent
1315 5261 1330 5285 ,
1370 5220 1541 5273 multo
1570 5221 1733 5288 magis
1761 5236 1925 5275 unus-

338 5314 566 5385 quisque
593 5313 784 5383 dogma
816 5313 918 5365 sibi
949 5312 1295 5371 attribuisset.
1340 5327 1444 5365 nm
1472 5311 1518 5363 ei
1550 5311 1638 5379 qui
1677 5311 1925 5367 decesse-

340 5414 438 5456 rat.
484 5408 558 5458 At
613 5419 716 5456 non
758 5401 1119 5457 credidissent
1158 5402 1261 5455 illis
1298 5401 1579 5455 homines?
1607 5399 1674 5453 Et
1697 5400 1765 5455 de
1790 5418 1926 5471 quo-

340 5509 458 5546 nam
508 5494 677 5563 magis
728 5492 1096 5549 credidissent
1146 5491 1462 5547 audientes?
1501 5491 1568 5545 de
1617 5491 1778 5544 illone
1835 5494 1923 5562 qui

338 5585 761 5653 comprehensus
810 5594 866 5638 et
915 5582 1205 5635 crucilixns
1252 5580 1440 5646 fuerat,
1497 5598 1561 5634 an
1592 5580 1656 5634 de
1690 5582 1794 5634 illis
1837 5585 1926 5652 qui

341 5675 649 5734 Judxornm
704 5693 898 5733 manus
947 5670 1279 5743 cllngctant?
1331 5675 1434 5729 Cur
1485 5684 1682 5743 autem,
1724 5694 1924 5746 quis”,

2011 387 2112 441 hoc
2152 390 2338 444 facturi
2382 389 2572 444 erant?
2626 406 2732 445 non
2776 391 2955 446 statim
2983 391 3220 448 Judzeam
3250 392 3581 451 dimittentcs

2009 493 2271 537 venerunt
2289 484 2338 538 in
2357 493 2606 537 externas
2621 484 2885 549 civitates,
2910 486 3001 539 sed
3023 486 3164 541 intus
3193 488 3532 540 versabantur
3560 490 3581 542 l

2010 573 2289 641 Quomodo
2336 584 2513 629 autem
2562 575 2974 644 persuasissent,
3030 578 3131 631 nisi
3184 578 3330 648 signa
3377 578 3580 635 edidis-

2008 665 2170 719 sent?
2219 663 2274 721 Si
2305 665 2572 721 lacicbant
2602 667 2840 736 quidem,
2872 678 2927 723 et
2954 669 3134 737 utique
3165 668 3444 732 iaciebant,
3484 670 3579 724 Dii

2009 758 2181 812 virtus
2208 750 2322 814 erat
2354 759 2404 813 id
2449 760 2591 830 quod
2617 760 2810 816 liebat:
2840 761 2883 815 si
2923 774 3102 816 autem
3149 776 3253 817 non
3295 761 3581 829 faciebant,

2009 860 2065 905 et
2086 860 2260 904 tamen
2293 851 2593 916 vincebant,
2641 852 2797 921 longe
2828 853 3122 907 mirabilius
3145 861 3261 908 erat
3289 852 3437 906 illud.
3474 854 3582 907 An-

2012 955 2116 995 non
2139 940 2352 995 Judaros
2379 953 2657 1007 noverant,
2706 936 2992 1013 qua-so'te,
3038 955 3091 997 et
3128 943 3320 997 malam
3347 944 3582 1012 ipsorum

2013 1040 2267 1095 tuentem,
2297 1032 2598 1100 invidiaque
2629 1033 2838 1102 plenum
2865 1033 3143 1087 aniunun?
3176 1033 3389 1088 Etenim
3432 1034 3580 1105 Moy-

2011 1137 2104 1177 sen
2139 1122 2459 1191 lapidaruut,
2491 1134 2770 1195 postquam
2803 1141 2950 1179 mare
2978 1126 3197 1191 pedibus
3223 1127 3579 1191 transierant,

2015 1225 2132 1281 post
2160 1215 2432 1269 victoriam
2461 1225 2515 1270 et
2543 1225 2800 1285 trep:cutu
2831 1216 2956 1270 illud
2991 1216 3252 1280 mirabile,
3283 1215 3425 1285 quod
3452 1217 3577 1270 abs-

2011 1321 2117 1373 que
2144 1305 2402 1374 sanguine
2419 1321 2511 1375 per
2541 1321 2729 1361 manus
2744 1306 2859 1376 ejus
2881 1315 3170 1362 erexerunt
3196 1307 3265 1363 de
3295 1306 3585 1377 Egyptiis,

2012 1396 2101 1465 qui
2133 1395 2251 1450 illos
2278 1396 2328 1449 iu
2357 1397 2666 1451 servitutem
2701 1396 3042 1466 redegerant,
3076 1405 3194 1466 post
3225 1411 3440 1462 manna,
3464 1408 3585 1466 post

2015 1494 2192 1555 petras
2222 1495 2276 1540 ct
2301 1485 2579 1541 ﬂuviorum
2608 1486 2783 1541 fontes
2813 1487 2935 1541 inde
2961 1496 3259 1551 manantes,
3298 1498 3413 1556 post
3443 1488 3591 1543 mille

2015 1576 2267 1629 miracula
2297 1576 2347 1629 in
2373 1576 2625 1647 Egypto,
2652 1576 2702 1630 in
2728 1577 2860 1631 mari
2895 1576 3095 1641 Rubro,
3122 1576 3173 1630 iu
3205 1576 3418 1631 deserto
3448 1594 3460 1629 :
3495 1576 3588 1632 Je-

2016 1666 2236 1719 retniam
2281 1667 2333 1719 in
2374 1667 2544 1721 lacmn
2591 1667 2911 1736 injeecrunt,
2958 1677 3013 1722 et
3059 1668 3256 1722 multos
3301 1666 3590 1737 prophetas

2017 1757 2419 1812 interfecerunt.
2472 1758 2606 1812 Audi
2656 1759 2781 1828 quid
2832 1757 2974 1813 dicat
3022 1759 3199 1813 llelias
3232 1769 3350 1828 post
3395 1760 3589 1813 laniem

2018 1849 2161 1903 illam
2208 1849 2523 1914 tcrribilem,
2576 1860 2631 1905 et
2676 1850 2973 1904 mirabilem
3006 1851 3260 1920 pluviam,
3306 1860 3359 1905 et
3388 1850 3592 1917 lampa-

2017 1942 2137 1996 dem
2166 1943 2332 2007 illam,
2367 1959 2524 2011 qoam
2546 1944 2614 1997 dc.
2633 1944 2777 1998 cmlis
2802 1942 3129 1998 descendere
3151 1944 3373 2008 curavit,
3400 1953 3453 1999 ct
3476 1953 3591 1998 stu-

2020 2034 2251 2104 pendunt
2273 2034 2399 2089 illud
2422 2034 2822 2098 holocaustum;
2855 2034 3035 2104 procul
3061 2035 3128 2089 ab
3157 2050 3342 2088 eorum
3370 2035 3590 2103 regione

2018 2126 2221 2193 ejectus
2262 2123 2539 2189 :Domine,
2569 2125 2842 2193 prophetas
2889 2135 3000 2179 tuos
3045 2125 3361 2189 occiderunt,
3408 2123 3593 2179 altaria

2019 2226 2107 2268 tua
2145 2215 2447 2278 diruerant;
2491 2226 2536 2267 ct
2581 2232 2670 2285 ego
2708 2216 2913 2269 relictus
2951 2232 3062 2269 sum
3099 2214 3257 2279 solus,
3290 2225 3338 2268 et
3365 2225 3595 2284 quierunt

2018 2306 2239 2359 uitiarant
2264 2321 2424 2358 nteant
2444 2306 2519 2373 (3.
2546 2304 2670 2373 Reg.
2693 2308 2776 2360 19.
2808 2304 2913 2377 l0).
2948 2306 3102 2375 Atqui
3134 2305 3165 2358 ii
3199 2307 3340 2375 leges
3359 2320 3463 2358 non
3491 2304 3592 2358 itit-

2021 2399 2310 2453 mutabant.
2336 2397 2489 2454 Unde
2517 2413 2664 2468 ergo,
2690 2414 2892 2468 qumso,
2926 2398 3007 2452 bis
3026 2398 3235 2451 animus
3261 2396 3595 2452 adhibendus

2019 2491 2180 2546 erat?
2226 2505 2348 2545 nam
2383 2491 2620 2544 omnium
2660 2491 2902 2544 vilissimi
2947 2500 3136 2556 erant,
3179 2498 3338 2560 alque
3366 2504 3429 2544 ea
3478 2490 3590 2558 ipsa

2020 2581 2366 2648 inuovabant,
2396 2581 2466 2635 ob
2494 2597 2612 2652 quas
2640 2580 2950 2651 Magistrum
2982 2581 3151 2635 Judaei
3183 2582 3585 2635 erucilixerant.

2018 2673 2265 2742 Alioquin
2297 2687 2424 2726 vero
2464 2687 2567 2725 non
2616 2681 2722 2725 tam
2760 2688 2920 2741 grave
2956 2672 3237 2727 videbatur
3261 2688 3403 2737 esse,
3449 2672 3590 2742 quod

2019 2764 2263 2819 Christus
2302 2773 2357 2818 et
2403 2764 2478 2818 illi
2522 2764 2710 2819 eadem
2750 2764 3014 2819 dicerent.
3046 2762 3177 2818 Nam
3203 2765 3349 2819 illum
3378 2764 3591 2834 quidem

2020 2855 2156 2909 l'orte
2176 2855 2427 2922 putabant
2453 2855 2571 2908 ideo
2594 2854 2641 2907 id
2672 2853 2879 2917 fecisse,
2907 2864 2959 2907 ut
2982 2855 3081 2907 sibi
3100 2854 3321 2924 gloriam
3349 2864 3595 2924 pmeret;

2021 2946 2138 3000 illos
2163 2958 2341 2999 autem
2372 2946 2532 2999 etiam
2567 2947 2734 3015 magis
2763 2944 3030 3008 odissent,
3072 2961 3191 2998 cum
3217 2960 3311 3014 pro
3338 2945 3443 2999 alio
3464 2961 3594 2999 eau-

2022 3046 2099 3090 tra
2127 3052 2186 3091 se
2216 3037 2410 3090 bellum
2434 3047 2701 3104 gererent.
2734 3036 2837 3090 Sed
2863 3050 3020 3104 Opem
3054 3036 3155 3089 illis
3182 3036 3425 3090 ferebant
3446 3038 3590 3107 leges

2020 3128 2422 3183 Romanorum?
2448 3127 2555 3181 lino
2583 3129 2649 3180 ab
2678 3128 2782 3182 illis
2808 3129 2974 3197 magis
3010 3128 3434 3197 impediebantur
3464 3147 3477 3183 :
3506 3130 3559 3184 di
3578 3158 3591 3169 -

2017 3222 2210 3275 cebant
2228 3220 2394 3285 enim,
2428 3218 2628 3282 Omnis,
2658 3220 2744 3286 qni
2772 3235 2824 3271 se
2847 3220 3010 3288 ipsum
3036 3237 3201 3290 regem
3222 3220 3365 3288 facit,
3394 3236 3494 3276 mm
3519 3231 3594 3276 est

2017 3315 2210 3365 amicus
2231 3310 2444 3364 ϐαρείαις
2475 3310 2649 3379 (Jomt.
2686 3310 2767 3364 t9.
2802 3310 2910 3380 lit).
2940 3310 3273 3380 Quapropter
3300 3312 3399 3366 hoc
3421 3313 3592 3366 solum

2019 3405 2275 3474 impedire
2300 3411 2528 3471 poterat,
2556 3418 2624 3470 qu
2665 3404 2804 3456 niam
2831 3403 2970 3471 eius,
2998 3404 3089 3472 qui
3123 3413 3376 3474 tyrannus
3402 3406 3589 3458 existi-

2021 3506 2192 3547 tuatus
2234 3493 2421 3557 fuerat,
2466 3493 2710 3561 discipuli
2759 3503 2941 3555 erant,
2972 3503 3026 3547 et
3073 3510 3159 3547 res
3192 3495 3308 3562 ejus
3343 3496 3594 3550 Volebant

2024 3585 2256 3637 lirmare.
2307 3582 2442 3649 Quid
2475 3598 2602 3651 ergo
2632 3581 2843 3636 tandem
2874 3582 2992 3636 illos
3023 3583 3194 3637 erexit
3220 3586 3420 3645 animo,
3461 3595 3516 3639 nt
3544 3587 3594 3640 in

2024 3684 2166 3730 tanta
2198 3674 2431 3744 pericula
2461 3673 2792 3727 inciderent?
2823 3674 2948 3743 quid
2977 3683 3152 3728 autent
3181 3675 3248 3729 de
3277 3677 3366 3730 iilo
3410 3678 3592 3732 dicen.

2023 3776 2124 3831 tes,
2164 3765 2482 3819 videbantur
2533 3765 2635 3819 lide
2674 3764 2855 3835 digni?
2898 3765 3038 3835 quod
3086 3766 3369 3821 Crucilixtts
3408 3771 3597 3823 esset?

2022 3857 2161 3926 quod
2191 3873 2253 3911 ex
2286 3858 2506 3911 undere
2531 3872 2761 3925 paupere
2783 3856 2964 3911 Jttd.r:t
2989 3867 3142 3911 natus
3169 3870 3332 3925 esset,
3360 3877 3478 3930 qme
3503 3863 3598 3916 de-

2022 3957 2271 4016 sponsata
2313 3946 2483 4001 fuerat
2527 3948 2715 4002 Judaeo
2763 3948 2954 4003 labro?
2992 3950 3222 4015 quodex
3265 3964 3420 4022 gente
3456 3967 3597 4009 esset

2023 4042 2137 4095 orbi
2165 4040 2389 4094 odiosa?
2424 4040 2616 4094 Verum
2658 4040 2772 4095 lure
2799 4041 2977 4095 omnia
3012 4058 3115 4095 non
3150 4044 3308 4097 modo
3338 4062 3443 4099 non
3470 4057 3590 4113 apta

2023 4144 2175 4188 erant
2202 4134 2267 4185 ad
2296 4134 2696 4201 persuadcmlos
2731 4145 2781 4187 et
2822 4135 3134 4189 alliciendos
3179 4138 3471 4203 auditores,
3503 4141 3596 4194 sed

2022 4226 2087 4279 ad
2127 4241 2315 4278 omnes
2361 4225 2641 4277 adversum
2690 4226 3038 4280 concitandos
3079 4227 3309 4293 idonea;
3366 4232 3595 4287 maxime

2023 4325 2203 4368 autem
2231 4330 2258 4366 a
2299 4316 2648 4367 tentoriorum
2688 4318 2895 4371 artiliee
2946 4326 3000 4369 et
3046 4333 3074 4367 a
3128 4318 3391 4384 piscatore
3433 4321 3593 4376 dicta.

2026 4408 2218 4458 Annon
2267 4404 2381 4456 Inec
2421 4405 2595 4454 omnia
2641 4405 2693 4456 iu
2737 4416 2968 4458 mentem
3005 4419 3256 4460 venerunt
3288 4408 3599 4480 discipulis?

2028 4510 2151 4550 nam
2180 4493 2376 4547 timida:
2409 4503 2610 4546 natura!
2643 4494 2790 4562 plura
2818 4512 2973 4563 quam
3000 4498 3108 4550 sint
3139 4513 3359 4567 possunt
3388 4503 3597 4556 conlin-
3644 4560 3647 4565 ,

2025 4601 2154 4655 gere
2186 4604 2198 4639 :
2233 4585 2364 4639 tales
2390 4594 2541 4638 erant
2570 4585 2781 4638 illorum
2812 4598 3033 4642 naturai.
3080 4589 3352 4646 Umleuam
3381 4609 3509 4663 ergo
3544 4612 3603 4649 so

2028 4686 2172 4732 recte
2193 4686 2406 4730 acturos
2426 4676 2741 4745 sperarunt?
2767 4676 2877 4731 lmo
2898 4694 3007 4734 non
3025 4693 3348 4751 sperassent,
3371 4702 3489 4738 cum
3522 4687 3603 4740 in.

2027 4782 2246 4821 numera
2269 4776 2447 4821 essent
2470 4783 2586 4836 quae
2612 4768 2729 4823 illos
2760 4769 3110 4839 abducerent,
3140 4775 3238 4829 nisi
3270 4780 3598 4834 resurrexis-
3643 4776 3656 4845 ζ

2027 4869 2109 4912 set
2131 4857 2389 4912 (Sinistus.

2099 4950 2152 5005 6.
2193 4953 2385 5004 Annon
2435 4950 2606 5018 palam
2652 4961 2738 5008 est
2785 4955 2868 5009 vel
2912 4956 3263 5023 stultissitnis,
3316 4961 3455 5025 quod
3499 4964 3598 5017 nisi

2032 5041 2250 5096 uberem
2289 5048 2343 5094 et
2376 5056 2632 5109 magnam
2674 5048 2988 5113 eonsequuti
3033 5058 3215 5101 essent
3263 5053 3508 5118 gratiam,
3549 5065 3602 5107 et

2032 5132 2250 5199 pignora
2291 5131 2619 5199 accepissent
2671 5138 3095 5199 resurrectionis,
3142 5156 3245 5194 non
3288 5145 3444 5196 modo
3488 5145 3602 5201 ιιηιε

2034 5238 2137 5276 non
2188 5238 2347 5292 agere
2373 5230 2427 5275 et
2452 5225 2746 5292 suscipere,
2776 5225 2869 5279 scd
2904 5242 2971 5282 ne
2996 5232 3233 5299 Cogitare
3259 5236 3468 5302 quidem
3502 5254 3597 5303 po-

2035 5314 2300 5367 tuissent?
2327 5313 2381 5367 Si
2410 5315 2551 5367 enim
2585 5324 2662 5368 tot
2688 5317 3058 5384 impedimenta
3104 5334 3302 5388 essent,
3337 5342 3440 5379 non
3484 5327 3604 5378 dico

2033 5404 2099 5456 ad
2119 5414 2260 5459 recte
2289 5405 2570 5473 age:.dum,
2595 5406 2686 5461 sed
2718 5408 2783 5462 ad
2812 5412 3237 5478 consultambnn,
3261 5425 3313 5467 et
3339 5416 3593 5469 consulta-

2033 5505 2157 5550 l‘ttnt
2178 5506 2233 5549 ct
2263 5498 2511 5565 praeclara
2538 5510 2793 5569 egerunt,
2827 5513 2880 5556 et
2911 5519 3028 5572 qua:
3074 5506 3218 5557 omni
3265 5520 3359 5572 5pc
3407 5505 3602 5572 majore

2036 5597 2189 5643 erant
2219 5588 2280 5642 ad
2308 5588 2553 5642 eﬂ‘ectum
2591 5590 2927 5647 deduxerunt
2959 5612 2971 5647 :
3008 5595 3175 5645 cuivis
3206 5594 3377 5662 palam
3407 5603 3489 5645 cst
3516 5612 3606 5651 eos

2041 5696 2144 5735 non
2178 5679 2403 5735 humana
2432 5683 2643 5749 virtute,
2677 5686 2769 5740 scd
2793 5687 2967 5740 divitia
2993 5687 3162 5754 gratia
3193 5681 3368 5738 omnia
3395 5680 3602 5746 fecisse.
