3954 6130
372 285 440 339 47
1088 291 1144 349 ε.
1185 292 1459 348 JOANNIS
1499 288 1969 346 CllRYSUSTOMl
2008 287 2328 348 ARCIIIEP.
2369 293 2904 355 CONSTANTINOI’.
3571 311 3640 363 ss

370 409 424 462 lu
455 408 538 462 his
575 421 704 478 ergo
729 407 1068 462 sermonibus
1113 421 1210 460 nos
1257 418 1632 470 exerceamus,
1681 419 1785 456 non
1813 401 1952 472 apud

371 517 470 554 nus
520 509 749 565 tantum,
803 498 897 553 sed
943 513 1064 552 eum
1107 495 1264 552 aliis:
1311 497 1390 549 sie
1429 495 1583 549 nobis
1614 494 1818 548 facilior
1852 497 1955 548 erit

367 593 686 646 e:i-terorum
712 589 966 643 inventio.
990 587 1168 658 Neque
1187 588 1309 658 quia
1337 602 1495 640 manu
1523 594 1690 638 artem
1712 597 1953 649 exerces,

370 684 600 737 alienum
643 680 744 734 hoc
771 678 1000 734 studium
1027 693 1146 732 esse
1181 686 1356 747 putes.
1385 677 1516 730 Nam
1546 675 1740 731 Paulus
1783 683 1954 726 tento-

374 776 576 828 riorum
601 771 776 841 opifex
808 779 957 835 erat;
989 770 1083 824 sed
1132 780 1257 823 tunc
1300 781 1515 838 quoque
1554 772 1718 820 murta
1765 764 1954 834 plenus

371 875 486 918 erat
514 864 704 932 gratia,
733 872 892 932 alque
943 863 1066 916 inde
1105 861 1284 915 omnia
1316 859 1651 929 loquebatur.
1704 856 1816 909 lmo
1859 871 1958 908 an-

373 968 424 1010 te
467 957 691 1026 gratiam
733 954 801 1009 ad
847 955 1010 1024 pedes
1039 953 1350 1009 Gamalielis
1397 962 1511 1005 erat
1545 959 1635 1004 :et
1683 947 1801 1003 ideo
1834 961 1954 1014 gra-

375 1052 499 1102 tiam
532 1048 761 1117 accepit,
793 1049 916 1118 quia
946 1057 1178 1102 mentem
1212 1047 1380 1117 gratia
1410 1045 1623 1112 dignam
1647 1042 1952 1106 exhibebat,

368 1157 415 1196 et
452 1152 636 1213 postea
673 1156 859 1196 rursus
883 1151 1052 1195 artem
1086 1140 1388 1194 exercebat.
1434 1137 1604 1192 Nemo
1635 1137 1792 1205 igitur
1821 1136 1950 1188 arti-

368 1231 456 1284 fex
504 1231 805 1294 erubescat,
861 1231 954 1285 sed
987 1229 1044 1295 ii,
1092 1231 1180 1300 qui
1211 1227 1426 1283 'frustra
1455 1227 1670 1280 aluntur
1703 1233 1757 1280 et
1794 1225 1950 1278 otiosi

368 1331 512 1386 sunt,
546 1327 635 1392 qui
669 1323 847 1376 multis
879 1331 1100 1375 utuntur
1139 1320 1396 1374 ministris
1442 1327 1496 1372 et
1543 1317 1743 1387 ingenti
1787 1318 1954 1371 famu-

370 1414 476 1466 latu
513 1414 777 1467 fruuntur.
807 1413 939 1467 Nam
976 1428 1187 1482 semper
1227 1412 1554 1466 laborantem
1585 1411 1676 1477 ali,
1719 1409 1954 1479 philoso-

369 1506 509 1575 phia:
539 1523 708 1575 genus
730 1515 813 1561 est
843 1525 858 1561 :
890 1505 1078 1560 horum
1110 1505 1302 1559 anitum
1331 1505 1574 1573 puriores
1595 1512 1740 1567 sunt,
1763 1503 1950 1555 hormu

368 1607 576 1652 mentes
609 1597 895 1653 firmiores.
926 1596 1056 1651 Nam
1086 1597 1173 1666 qui
1201 1597 1405 1650 otiosus
1447 1604 1548 1659 est,
1585 1593 1744 1648 multa
1777 1593 1956 1660 potius

370 1696 572 1743 temere
612 1689 866 1758 loquitur,
897 1697 951 1742 et
978 1689 1143 1743 multa
1183 1687 1377 1741 frustra
1423 1685 1554 1755 agit,
1603 1698 1665 1738 ac
1696 1683 1826 1737 nihil
1858 1698 1952 1752 per

369 1787 532 1833 totam
575 1778 716 1832 diem
764 1787 1036 1848 operatur,
1085 1777 1254 1831 multo
1297 1776 1485 1846 plenus
1539 1785 1757 1844 torpore
1800 1791 1814 1827 :
1858 1774 1950 1844 qui

364 1878 543 1922 autem
575 1879 850 1939 operatur,
905 1868 1036 1922 nihil
1083 1866 1410 1938 superﬂuum
1441 1866 1550 1920 cito
1577 1865 1835 1936 percipiet
1859 1880 1954 1919 ne-

363 1974 469 2029 que
512 1960 564 2012 in
612 1960 864 2029 operibus
905 1974 1004 2014 nec
1052 1958 1104 2012 in
1149 1958 1327 2013 verbis
1373 1973 1471 2011 nec
1505 1957 1558 2010 in
1600 1966 1806 2022 mente;
1843 1964 1949 2009 tota

365 2051 506 2104 enim
535 2050 711 2105 anima
737 2066 950 2120 semper
977 2051 1269 2105 intenditur
1301 2049 1365 2103 ad
1401 2049 1564 2102 vitam
1605 2047 1948 2102 laboriosam.

365 2143 442 2197 Ne
468 2159 595 2212 ergo
617 2143 975 2212 despiciemus
999 2157 1093 2198 eos
1117 2143 1206 2212 qui
1235 2140 1417 2196 labore
1444 2155 1693 2194 manuum
1715 2139 1946 2203 aluntur,

364 2235 461 2290 sed
504 2238 678 2306 potius
711 2237 830 2290 illos
868 2233 990 2289 ideo
1033 2233 1220 2289 beatos
1261 2233 1633 2304 prardicemus.
1669 2232 1946 2298 Qnaznam,

362 2342 568 2395 qumso,
615 2334 698 2380 cst
729 2326 820 2379 tibi
851 2326 1039 2394 gratia,
1068 2332 1434 2393 cum,accepta
1475 2339 1501 2375 a
1532 2333 1682 2393 patre
1717 2320 1946 2374 Incredi-

365 2426 495 2482 tate,
544 2427 803 2485 perpetuo
849 2415 980 2470 nihil
1013 2416 1124 2486 agis
1145 2457 1160 2480 ,
1218 2415 1310 2470 sed
1344 2416 1428 2469 illa
1460 2415 1640 2468 omnia
1669 2415 1804 2468 bona
1835 2415 1946 2466 frn-

366 2519 474 2562 stra
497 2509 757 2562 insumis?
781 2510 857 2562 An
887 2509 1062 2563 neseis
1092 2524 1398 2564 nouon‘mes
1424 2508 1664 2561 eamdem
1687 2508 1947 2560 rationem

369 2600 674 2655 reddituros
698 2615 794 2652 nos
827 2615 981 2666 esse;
1011 2601 1105 2655 sed
1128 2615 1221 2654 e0s
1261 2601 1350 2670 qui
1377 2601 1459 2654 hic
1483 2601 1532 2652 iu
1563 2598 1749 2668 majori
1780 2599 1948 2650 licen-

365 2693 433 2745 tia
459 2701 508 2744 et
542 2707 716 2745 rerum
745 2692 897 2761 copia
929 2694 1206 2753 vixerunt,
1240 2693 1486 2761 gravius;
1534 2706 1628 2745 eos
1651 2699 1828 2744 autem
1858 2691 1945 2758 qui

369 2783 420 2837 iu
466 2783 753 2843 laboribus.
788 2785 838 2836 in
869 2792 1183 2852 paupertate
1213 2791 1269 2838 et
1299 2783 1551 2836 zerumnis
1582 2781 1742 2834 vitam
1772 2780 1937 2833 duxe-

2060 419 2119 458 re
2139 444 2152 466 ,
2182 405 2362 462 mitius
2391 423 2511 464 esse
2541 411 2868 468 tractandos.
2903 411 3028 469 llazc
3064 424 3242 471 autem
3269 432 3331 472 es
3358 416 3559 474 Lazaro
3583 435 3634 476 et

2055 495 2219 551 divite
2247 499 2523 555 ntanifcsta
2552 513 2696 558 sunt.
2730 505 2808 558 Tu
2839 519 3009 572 certe,
3041 509 3128 575 qui
3160 510 3225 563 ad
3256 509 3433 566 debita
3457 514 3632 568 officia

2059 589 2170 640 otio
2194 604 2296 642 non
2341 606 2400 645 es
2444 607 2593 655 usus,
2633 595 2753 664 jure
2783 599 3081 664 accusaris;
3135 617 3335 671 pauper
3378 620 3507 660 vero
3548 609 3634 676 qui

2057 677 2319 747 reliquum
2349 684 2605 753 temporis
2629 685 2696 740 ad
2726 686 2905 743 debita
2934 692 3108 747 officia
3138 693 3401 762 adhibent,
3431 699 3636 768 magnis

2056 768 2258 824 fruetur
2283 776 2514 828 coronis.

2126 862 2314 918 Contra
2340 867 2645 922 theatrorum
2671 873 2974 939 spectacula.
2999 905 3070 915 —
3093 878 3160 930 At
3192 887 3244 930 ιιι
3274 879 3514 934 militiam
3542 883 3637 936 oh-
3723 859 3728 865 θ

2057 955 2251 1018 tendis,
2293 964 2347 1009 et
2387 958 2528 1026 quod
2561 959 2644 1013 illa
2667 962 2972 1018 distiuearis
3002 967 3239 1036 allegas?
3263 969 3367 1024 Sed
3397 973 3516 1026 talis
3545 991 3636 1028 es-

2054 1045 2258 1097 cusatio
2287 1061 2390 1100 non
2423 1059 2503 1102 est
2529 1052 2718 1104 rationi
2748 1069 3003 1110 consona.
3041 1057 3172 1112 Nam
3217 1060 3496 1117 Cornelius
3523 1076 3636 1120 erat

2054 1136 2320 1199 centurio,
2371 1148 2424 1192 et
2475 1139 2682 1195 balteus
2709 1144 2831 1196 vita:
2855 1145 3150 1202 institutum
3192 1149 3321 1204 nihil
3360 1153 3514 1209 hesit.
3555 1155 3634 1209 Tu

2056 1241 2182 1278 vero
2226 1243 2345 1281 cum
2391 1231 2738 1287 saltatoribns
2765 1246 2816 1288 et
2849 1239 3025 1292 mimis
3053 1240 3150 1295 das
3174 1257 3416 1310 operam,
3461 1255 3517 1300 et
3553 1257 3631 1300 to-

2055 1327 2164 1372 tum
2201 1321 2321 1375 vine
2359 1332 2567 1393 tempus
2598 1326 2647 1379 in
2676 1342 2834 1381 sci-na
2862 1333 3156 1399 consumis,
3187 1351 3290 1389 non
3323 1339 3403 1390 vel
3433 1340 3636 1394 militia:

2055 1413 2432 1468 necessitatem
2506 1417 2587 1470 vel
2651 1429 2846 1474 metum
2901 1425 3300 1493 magi~tratuum
3349 1427 3632 1496 obtendis;

2052 1505 2266 1572 quando
2294 1515 2471 1561 autem
2507 1519 2558 1562 te
2585 1511 2650 1562 ad
2682 1513 2964 1568 ecclesiam
3003 1533 3275 1582 vocamus,
3331 1532 3454 1575 tunc
3477 1524 3634 1578 innu-

2053 1613 2203 1652 mera
2231 1598 2390 1653 all'ers
2423 1601 2818 1670 impedimenta.
2857 1605 2920 1659 Et
2960 1607 3085 1676 quid
3115 1609 3263 1664 dices
3294 1611 3344 1664 in
3388 1613 3472 1666 illa
3506 1616 3592 1669 die
3618 1659 3633 1682 ,

2052 1705 2172 1742 cum
2212 1691 2404 1746 videris
2429 1692 2694 1748 ﬂammam
2726 1706 2781 1751 et
2808 1697 2995 1753 lluvios
3022 1701 3204 1770 igneos
3230 1713 3283 1758 et
3313 1705 3520 1759 vincula
3553 1709 3636 1761 in-

2052 1780 2320 1844 stilnhilia,
2373 1792 2426 1836 et
2470 1785 2754 1839 stridorem
2785 1787 3025 1843 dentium
3055 1792 3287 1847 audieris
3311 1796 3334 1836 ν
3371 1798 3492 1865 quis
3543 1799 3632 1852 tibi

2054 1879 2180 1924 tunc
2225 1875 2658 1940 patrocinabitur,
2691 1893 2811 1933 cum
2845 1881 3044 1936 videris
3072 1885 3352 1953 artificem,
3373 1890 3460 1958 qui
3492 1901 3637 1945 recte

2053 1962 2270 2026 vixerit,
2323 1966 2468 2018 muni
2515 1967 2680 2036 gloria
2712 1968 3018 2038 fruentem;
3071 1984 3122 2030 te
3163 1992 3312 2046 vero,
3367 1982 3455 2050 qni
3489 1998 3632 2037 nunc

2053 2052 2239 2106 sericis
2294 2053 2507 2110 indutus
2568 2073 2628 2112 es
2687 2063 3017 2118 vestimentis
3058 2076 3112 2121 et
3167 2068 3280 2123 oles
3326 2084 3636 2142 unguenta,

2053 2142 2408 2200 intolerabilia
2457 2149 2787 2217 patientem?
2831 2155 2956 2223 quid
2988 2157 3078 2211 tibi
3112 2161 3406 2228 proderunt
3435 2165 3639 2220 divilize

2052 2245 2107 2289 et
2149 2253 2324 2290 rerum
2371 2240 2611 2294 onmium
2671 2245 2865 2313 copia?
2908 2249 3036 2316 quid
3092 2250 3397 2308 detrimenti
3441 2259 3636 2312 artitiei

2052 2325 2205 2379 all'ert
2248 2330 2575 2396 paupertas?
2622 2331 2699 2385 Ne
2743 2350 2872 2403 ergo
2916 2347 3040 2392 tunc
3085 2342 3363 2408 patiamur,
3408 2361 3467 2399 ea
3517 2365 3639 2416 qua:

2053 2432 2193 2470 nunc
2218 2417 2467 2472 dicttntnr
2496 2421 2796 2489 timeamus,
2846 2435 2901 2481 et
2930 2440 3100 2484 totum
3131 2433 3364 2489 laborem
3395 2449 3636 2493 nostrum

2054 2508 2105 2562 in
2138 2513 2564 2567 necessariarum
2600 2531 2776 2571 rerum
2808 2522 3061 2588 Operibns
3101 2540 3497 2583 COIISIIIIlamllS.
3563 2531 3637 2584 Ita

2053 2601 2193 2654 enim
2227 2603 2434 2672 placato
2461 2605 2568 2660 Deo
2599 2623 2694 2675 pro
2725 2617 2956 2678 peccatis
2989 2619 3292 2682 prastcritis,
3337 2621 3640 2694 additisque

2053 2689 2207 2745 bonis
2254 2695 2506 2762 operibus
2553 2698 2780 2767 futuris,
2824 2718 3046 2772 regnum
3081 2708 3333 2764 carlorutn
3381 2719 3640 2785 consequi

2053 2784 2346 2850 poterimus
2367 2829 2382 2850 ,
2413 2789 2578 2856 gratia
2609 2801 2660 2842 et
2689 2791 3032 2861 benignitate,
3065 2807 3181 2852 etc.

2013 2914 3604 2954 ..____*_______________

1721 2988 2066 3048 llOMlLlA
2119 2989 2221 3049 Vl.

375 3136 504 3191 CAP.
533 3134 588 3187 2.
617 3150 671 3188 v.
702 3135 752 3188 i.
794 3134 856 3188 Et
883 3151 997 3207 ego,
1023 3138 1228 3205 fratres,
1249 3150 1363 3187 cum
1407 3135 1517 3187 veni
1552 3134 1622 3185 ad
1667 3149 1753 3186 vos
1773 3173 1787 3196 ,
1833 3137 1943 3187 vent

436 3243 538 3282 non
564 3228 616 3281 in
647 3228 956 3282 sublimitate
980 3228 1226 3281 sermonis
1267 3234 1354 3278 aut
1398 3226 1660 3292 sapientiae
1679 3265 1694 3286 ,
1743 3241 1947 3279 annun-

438 3321 570 3374 tians
594 3319 732 3374 vobis
761 3320 1098 3376 testimonium
1125 3317 1240 3372 Dei.
1283 3319 1334 3371 2.
1373 3316 1496 3370 Non
1546 3318 1678 3370 enim
1717 3318 1947 3387 judicavi

439 3428 520 3466 me
543 3413 672 3466 scire
695 3410 892 3482 aliquid
919 3411 973 3464 in
999 3409 1135 3464 vobis
1158 3449 1174 3475 ,
1202 3409 1300 3462 nisi
1341 3407 1520 3463 Iesum
1561 3406 1820 3463 Christum
1842 3450 1857 3477 ,
1899 3418 1947 3463 et

439 3504 570 3555 hunc
595 3502 912 3570 cruci/imum.

442 3594 494 3647 1.
522 3593 661 3648 Nihil
690 3603 771 3647 est
798 3593 944 3647 Pauli
973 3591 1148 3647 anima
1197 3589 1262 3643 ad
1311 3587 1690 3644 decertandum
1734 3590 1946 3657 acrius;

368 3686 477 3739 imo
509 3685 680 3754 potius
705 3699 810 3738 non
834 3683 975 3737 illius
1003 3683 1181 3736 anima
1213 3696 1226 3734 :
1255 3698 1360 3736 non
1393 3685 1538 3738 enim
1579 3685 1690 3753 ipse
1733 3683 1836 3740 hoc
1867 3684 1948 3739 in-

367 3775 543 3839 venit;
591 3773 686 3828 sed
731 3772 865 3826 nihil
911 3787 1007 3842 par
1053 3771 1240 3842 gratiae
1290 3773 1340 3826 in
1391 3774 1484 3828 illo
1513 3776 1788 3843 operanti,
1829 3791 1948 3844 quae

370 3865 550 3920 omnia
580 3863 761 3916 vincit.
793 3864 935 3917 Satis
958 3862 1100 3918 enim
1132 3873 1290 3918 erunt
1335 3879 1396 3917 ea
1416 3906 1432 3931 ,
1473 3881 1589 3932 quae
1626 3867 1772 3935 prius
1807 3865 1948 3921 dicta

371 3963 530 4019 sum,
562 3953 628 4006 ad
655 3951 1012 4022 dejiciendum
1041 3953 1248 4008 illorum
1282 3954 1473 4008 fastum
1498 3997 1512 4020 ,
1547 3956 1635 4024 qui
1667 3957 1716 4008 in
1739 3957 1952 4025 Sapien-

373 4045 443 4097 tia
474 4042 879 4112 gloriabantur;
911 4043 1018 4099 imo
1049 4045 1127 4098 vel
1157 4060 1278 4113 pars
1322 4045 1584 4100 dictorum
1629 4047 1947 4102 sufﬁciebat.

375 4134 438 4190 Ut
469 4145 646 4188 autem
677 4134 984 4202 prarelarior
1010 4135 1080 4188 sit
1110 4136 1326 4191 victoria
1355 4179 1369 4203 ,
1414 4137 1476 4190 iis
1506 4155 1622 4207 quze
1649 4140 1786 4192 dicta
1827 4149 1952 4194 sunt

371 4227 667 4280 certamina
721 4226 902 4291 addit,
960 4228 1238 4296 prostratis
1297 4229 1558 4284 insultans
1608 4230 1948 4284 adversariis.

375 4319 606 4374 Attende
654 4328 830 4373 autem
861 4336 873 4372 :
906 4318 1201 4373 adduxerat
1243 4321 1580 4391 prophetiam
1628 4323 1894 4378 dicentem
1933 4339 1947 4375 :

379 4408 600 4462 Perdant
648 4409 948 4480 sapientiam
985 4410 1287 4479 sapientium
1323 4427 1342 4466 :
1371 4413 1678 4467 ostenderat
1727 4413 1817 4468 Dei
1869 4431 1956 4468 sa-

379 4501 674 4570 pientiam,
704 4500 827 4569 quia
881 4515 975 4568 per
1023 4515 1178 4565 eam,
1233 4518 1353 4572 qua:
1401 4503 1626 4557 stultitia
1679 4505 1955 4560 videbatur

377 4606 517 4654 esse,
541 4600 816 4646 externam
847 4591 1236 4661 philosophiam
1263 4593 1552 4662 prostravit
1575 4610 1589 4657 ;
1619 4596 1949 4661 ostenderat,

381 4683 523 4753 quod
555 4683 775 4738 stultum
807 4693 890 4738 est
937 4683 1070 4750 Dei,
1121 4684 1416 4756 sapientius
1454 4700 1574 4738 esse
1617 4684 1955 4754 hominibus;

377 4773 685 4829 ostenderat
707 4775 849 4845 quod
879 4791 982 4830 non
1009 4776 1184 4830 solum
1217 4791 1310 4846 per
1340 4777 1552 4846 ignaros
1571 4777 1835 4846 docuerit,
1863 4780 1956 4835 sed

385 4866 544 4919 etiam
579 4866 793 4934 ignaros
819 4877 874 4920 et
907 4866 1097 4921 idiotas
1124 4869 1412 4922 vocaverit.
1443 4868 1591 4924 Nunc
1626 4871 1862 4925 ostendit
1903 4881 1960 4926 et

381 4957 552 5022 ipsum
579 4957 721 5028 quod
753 4957 1176 5026 pra‘dicabatur,
1217 4968 1275 5014 et
1303 4960 1516 5013 modum
1565 4962 1956 5030 pra-dicalionis

380 5050 510 5102 satis
537 5049 701 5104 fuisse
724 5049 788 5102 ad
818 5048 1232 5118 perturbandum
1255 5089 1268 5114 ,
1313 5059 1368 5105 et
1399 5067 1501 5106 non
1539 5054 1954 5122 perturbavisse.

383 5139 496 5195 Non
519 5151 722 5195 tantum
746 5143 886 5196 enim
913 5143 1157 5213 discipuli
1188 5142 1368 5198 idiota:
1405 5153 1565 5209 sunt,
1613 5146 1812 5216 inquit;
1865 5149 1956 5205 sed

381 5233 544 5285 etiam
573 5246 674 5301 ego
715 5233 805 5302 qui
851 5235 1101 5304 praedico.
1134 5234 1277 5301 Ideo,
1302 5236 1490 5306 inquit,
1525 5236 1589 5290 Et
1610 5254 1700 5308 ego
1722 5280 1737 5304 ,
1777 5243 1959 5310 fratres

382 5323 606 5395 (rursus
637 5322 828 5378 fratres
859 5336 1011 5380 vorat
1033 5366 1046 5388 .
1073 5335 1130 5379 ut
1146 5328 1410 5382 sermonis
1430 5331 1772 5398 asperitatem
1799 5335 1956 5389 emol-

381 5417 473 5471 tiat
501 5416 520 5484 )
545 5456 560 5481 ,
588 5417 700 5471 veni
717 5458 734 5478 ,
759 5433 857 5471 non
887 5418 938 5471 in
970 5418 1275 5473 sublimitate
1319 5422 1563 5475 sermonis
1588 5463 1604 5488 ,
1651 5427 1960 5480 anituntinns

383 5507 520 5562 vobis
545 5509 886 5562 testimonium
921 5509 1033 5565 Dei.
1064 5505 1199 5577 Quid
1220 5512 1390 5578 enim,
1417 5513 1504 5567 dic
1531 5531 1712 5584 quzeso
1736 5557 1751 5582 ,
1781 5517 1824 5572 si
1861 5534 1958 5572 vo.

383 5599 575 5656 luisses
593 5602 643 5656 in
671 5601 996 5659 sublimitate
1020 5605 1240 5661 venire?
1270 5606 1590 5674 poterasne?
1615 5608 1726 5679 Ego
1747 5611 1961 5680 quidem

379 5695 430 5746 si
459 5693 744 5749 voluissem
767 5737 779 5760 ,
811 5709 917 5749 non
945 5696 1271 5766 potuissem;
1301 5695 1543 5752 Christus
1566 5711 1742 5755 autem
1775 5701 1821 5757 si
1865 5718 1958 5759 vo—

2054 3135 2263 3202 luisset,
2294 3141 2574 3208 potuisset.
2607 3143 2711 3200 Sed
2739 3148 2930 3214 noluit,
2961 3154 3364 3222 ntsplendidius
3387 3161 3639 3218 redderet

2057 3237 2340 3298 tropmum.
2369 3231 2596 3305 Ideoque
2622 3239 2869 3306 superius
2894 3245 3181 3300 ostendens
3207 3248 3307 3302 hoc
3338 3251 3478 3304 illius
3500 3271 3640 3320 opus

2057 3318 2238 3384 fuisse,
2263 3321 2536 3394 ipsiusque
2562 3328 2886 3384 voluntatem
2914 3347 3062 3401 esse,
3093 3348 3150 3390 ut
3177 3338 3254 3392 sic
3282 3339 3494 3395 indocte
3519 3345 3640 3413 ejus

2052 3412 2273 3465 verbum
2327 3416 2675 3484 praedicetur,
2723 3419 2933 3475 dicebat
2976 3441 2987 3475 :
3034 3426 3157 3481 Non
3197 3430 3332 3482 enim
3377 3433 3512 3485 misit
3553 3412 3642 3490 Ϋηκ

2055 3504 2283 3558 Christus
2306 3507 2562 3574 baptizare
2580 3550 2595 3572 ,
2627 3510 2714 3563 sed
2735 3514 3078 3580 evangelizore
3101 3559 3112 3576 ,
3143 3535 3243 3571 non
3291 3520 3343 3572 in
3387 3525 3641 3593 sapientia

2053 3599 2314 3652 sermonis.
2349 3597 2440 3652 Est
2468 3610 2646 3654 autem
2676 3603 2840 3656 multo
2861 3607 3050 3674 majus,
3083 3609 3190 3662 imo
3213 3611 3418 3668 inﬁnite
3439 3616 3638 3682 majus,

2054 3688 2194 3757 quod
2220 3688 2321 3743 hoc
2345 3691 2575 3745 voluerit
2601 3691 2866 3758 Christus,
2897 3713 3054 3765 quam
3083 3700 3222 3766 quod
3249 3703 3476 3759 voluerit
3511 3708 3646 3760 l'au-

2056 3780 2155 3833 lus.
2205 3781 2319 3834 Non
2357 3797 2484 3852 ergo
2525 3785 2823 3838 l'aeutfdiam
2864 3797 3175 3852 ostentans,
3206 3789 3410 3859 inquit,
3462 3812 3643 3867 neque

2055 3873 2290 3925 externis
2313 3884 2550 3927 armatus
2576 3876 2916 3930 sermonibus
2936 3918 2948 3940 ,
2977 3882 3235 3934 ainiunzio
3269 3883 3640 3946 testimonium

2061 3961 2170 4015 Dei.
2201 3961 2307 4016 Nec
2327 3961 2479 4027 dixit,
2507 3964 2964 4033 przcdicationcm,
2991 3969 3106 4036 sed,
3137 3971 3492 4029 Testimonium
3518 3979 3640 4050 Dei,

2055 4052 2195 4120 quod
2222 4054 2391 4121 ipsum
2423 4054 2554 4106 satis
2583 4065 2697 4110 erat
2722 4057 2785 4111 ad
2814 4064 3181 4120 avertendum.
3229 4065 3450 4122 Mortem
3492 4075 3640 4130 enim

2057 4145 2383 4198 animalians
2405 4145 2662 4200 circuibat
2689 4166 2700 4201 :
2728 4149 2845 4204 ideo
2867 4153 3174 4222 sulijunxit:
3204 4156 3323 4212 Non
3341 4163 3473 4214 enim
3498 4166 3646 4232 indi-

2057 4237 2166 4286 cari
2192 4252 2269 4288 me
2290 4237 2416 4289 scire
2441 4238 2638 4307 aliquid
2663 4241 2715 4293 in
2751 4241 2918 4309 vobis,
2967 4246 3066 4298 nisi
3109 4247 3286 4302 Jesnm
3331 4250 3588 4308 Christum
3622 4298 3638 4322 ,

2059 4325 2285 4387 Inmcque
2313 4330 2636 4396 cruciﬁxum.
2667 4330 2777 4385 lloc
2797 4343 2972 4388 autem
2995 4336 3225 4406 dicebat,
3253 4341 3373 4410 quia
3399 4353 3643 4402 externa:

2058 4419 2336 4488 sapientia!
2359 4421 2578 4474 omnino
2607 4438 2800 4492 expers
2828 4435 2977 4494 erat,
3011 4437 3066 4482 ut
3091 4432 3248 4486 etiam
3278 4437 3524 4502 superius
3550 4439 3643 4493 di-

2060 4512 2254 4566 cebat:
2291 4511 2412 4565 Veni
2446 4530 2545 4566 non
2575 4515 2628 4568 in
2667 4518 2972 4574 sublimitate
3013 4527 3276 4580 sermonis.
3325 4529 3455 4584 Nam
3495 4537 3640 4602 quod

2062 4601 2176 4669 ipse
2206 4602 2306 4656 hoc
2331 4613 2512 4672 posset
2542 4604 2740 4661 habere
2770 4609 2940 4678 palam
2970 4624 3072 4667 est.
3101 4615 3264 4685 Cujus
3298 4621 3440 4674 enim
3473 4601 3642 4679 vesti-

2063 4701 2241 4746 menta
2275 4703 2515 4747 mortuos
2542 4697 2887 4765 suscitarunt,
2911 4714 2964 4756 et
2991 4705 3190 4760 umbra:
3217 4711 3433 4765 morbos
3467 4729 3641 4782 expu-

2064 4781 2266 4846 lerunt,
2293 4782 2460 4838 multo
2490 4787 2656 4857 magis
2697 4789 2886 4859 linguze
2909 4794 3204 4850 facundiam
3234 4809 3438 4867 poterat
3461 4781 3642 4862 aniu-a

2062 4876 2354 4944 suscipere.
2382 4875 2510 4930 Nam
2537 4878 2639 4934 hoc
2666 4882 2879 4950 quidem
2925 4895 3004 4940 est
3041 4887 3463 4963 discipulorum,
3507 4897 3640 4954 illud

2062 4978 2238 5022 autem
2262 4978 2430 5023 artem
2457 4987 2671 5027 omnem
2697 4987 2930 5044 superat.
2955 4980 3056 5044 Qui
3101 4997 3230 5052 ergo
3269 4989 3399 5040 artis
3441 4991 3640 5057 majora

2065 5061 2232 5124 novit,
2258 5062 2426 5116 multo
2448 5066 2615 5135 magis
2637 5067 2841 5123 minora
2863 5072 3110 5137 punierit.
3139 5077 3244 5130 Sed
3268 5095 3371 5131 non
3400 5083 3642 5148 perniim

2064 5151 2347 5216 Christus;
2402 5169 2574 5224 neque
2621 5157 2763 5211 enim
2810 5172 3228 5220 consentaneum
3277 5180 3410 5222 crat.
3454 5172 3646 5227 Merito

2065 5241 2225 5313 igitur
2249 5243 2353 5312 ait,
2384 5243 2504 5300 Non
2529 5249 2662 5300 enim
2677 5249 2912 5317 judicari
2930 5269 3008 5306 me
3029 5255 3222 5326 aliquid
3242 5261 3404 5325 scire;
3433 5279 3553 5318 nam
3589 5277 3646 5321 et

2063 5353 2163 5406 ego
2186 5336 2285 5392 hoc
2307 5339 2427 5394 volo
2438 5339 2578 5408 quod
2600 5351 2651 5394 et
2674 5341 2916 5399 Christus
2939 5349 3065 5401 vult.
3091 5349 3214 5402 Mihi
3236 5362 3411 5407 autem
3435 5357 3646 5413 videtur

2067 5428 2319 5484 humilius
2343 5431 2484 5499 l0qui
2514 5446 2634 5485 cum
2659 5434 2796 5501 illis,
2827 5451 2988 5506 quam
3009 5456 3128 5494 etnn
3163 5443 3284 5497 aliis
3305 5485 3318 5506 ,
3353 5455 3410 5499 ut
3450 5447 3497 5501 fa
3533 5459 3641 5502 tum

2065 5520 2276 5576 illorum
2304 5522 2702 5592 comprimeret.
2746 5527 2880 5582 Illud
2917 5547 3078 5600 ergo,
3116 5531 3357 5590 Iudicavi
3402 5556 3480 5592 me
3517 5539 3646 5593 nih'l

2063 5613 2222 5677 scire,
2269 5611 2336 5666 ad
2391 5611 2746 5672 differentiam
2796 5630 3031 5676 externa:
3087 5624 3364 5693 sapientia:
3424 5628 3637 5686 dicitur.

2069 5703 2183 5759 Non
2209 5719 2352 5760 eunu
2369 5705 2485 5762 veni
2512 5707 2851 5781 syllogismos
2873 5724 3092 5770 nectens
3106 5733 3276 5790 neque
3289 5721 3643 5793 δλιιῐιίδιιιέιιῖι,
