3954 6130
282 320 353 383 19
1399 338 1465 392 IN
1507 341 1771 401 EPISTJ
1824 351 1910 405 AD
1952 350 2104 405 εοιι.
2152 354 2376 410 ιιοιιιι..
2422 356 2508 413 γι.
3487 378 3559 435 50

285 450 460 506 neque
490 438 634 495 aliud
657 442 839 499 dicens
867 447 1050 515 vobis,
1072 464 1227 520 quam
1261 452 1400 516 quod
1426 451 1671 510 Christus
1695 456 1868 512 cruel-

286 529 426 583 lixus
448 532 521 585 sit
567 533 641 586 Illi
668 551 892 607 namque
914 540 1192 598 innmnera
1225 543 1452 613 dicunt,
1493 554 1551 602 ει
1584 548 1654 602 de
1697 548 1867 603 inuu-

284 621 453 675 meris
479 622 634 694 longa
666 629 945 684 verborum
981 633 1153 687 stadia
1181 637 1474 704 explicant,
1497 638 1773 694 ratiocinia
1812 650 1867 695 et

284 713 623 784 syllogismos
682 732 1039 790 apparantes,
1087 726 1250 779 millia
1299 727 1625 783 adornantes
1679 730 1866 798 seplti-

285 813 456 857 stnata
489 822 504 858 :
536 822 635 876 ego
666 820 843 865 autem
883 815 1003 868 veni
1042 816 1108 868 ad
1161 831 1258 870 vos
1302 818 1434 872 nihil
1476 818 1621 873 aliud
1659 819 1863 885 dicens,

282 909 440 961 quam
479 897 622 964 quod
671 899 918 957 Chrisms
964 905 1259 962 cruciﬁxus
1302 910 1410 973 sit,
1449 919 1502 964 et
1531 910 1652 965 illus
1679 927 1868 968 omnes

282 986 533 1051 propulsa
545 988 616 1053 vi,
641 991 784 1059 quod
816 993 1026 1050 virtutis
1053 1000 1172 1067 ejus
1193 1015 1280 1067 qtn
1309 1001 1628 1069 pnedicatur
1654 1003 1866 1073 signum

278 1085 363 1128 est
384 1075 673 1135 ineffabile.
703 1084 756 1138 5.
791 1083 857 1138 Et
882 1103 972 1155 ego
997 1088 1050 1142 in
1082 1090 1377 1158 inﬁrmitate
1398 1103 1444 1146 et
1472 1095 1523 1147 in
1551 1096 1730 1149 timore
1745 1107 1792 1150 et
1812 1099 1866 1151 in

282 1178 495 1224 tremore
524 1172 683 1227 multo
706 1177 783 1247 [ui
807 1180 948 1247 apud
975 1197 1078 1236 vos.
1110 1182 1220 1237 lloc
1263 1196 1345 1240 est
1380 1202 1564 1242 rursus
1588 1189 1732 1242 aliud
1771 1206 1865 1245 ca-

282 1269 391 1326 put.
423 1260 541 1318 Non
573 1268 746 1321 solum
776 1271 919 1324 enim
954 1273 1043 1340 qui
1081 1276 1371 1332 credebant
1412 1278 1645 1347 indocti,
1690 1296 1866 1351 neque

278 1352 451 1406 solum
483 1355 528 1409 is
561 1359 652 1426 qui
683 1358 915 1430 loquitur
955 1364 1113 1419 idiota
1136 1408 1151 1432 ,
1196 1382 1367 1437 neque
1413 1379 1620 1426 tantum
1671 1372 1866 1429 modus

278 1443 540 1501 doctrina:
569 1461 648 1503 est
683 1450 981 1520 ignorantia
1012 1456 1236 1525 plenus,
1281 1476 1455 1529 neque
1502 1470 1706 1516 tanttttn
1752 1464 1864 1534 ipsa

279 1536 594 1602 praediuitio
639 1542 772 1596 satis
811 1555 894 1598 est
943 1547 1009 1606 ad
1056 1552 1512 1618 conturltaudntn;
1554 1570 1685 1609 crux
1718 1558 1863 1612 enim

275 1635 335 1679 et
365 1641 515 1681 mors
544 1640 661 1684 erat
689 1633 831 1700 quod
860 1638 1280 1695 aeuuutiabatur
1313 1660 1327 1696 :
1358 1643 1451 1697 sed
1476 1658 1595 1698 cum
1637 1645 1719 1701 his
1762 1648 1863 1701 alia

276 1732 507 1786 quoque
534 1720 917 1790 impedimenta
946 1737 1120 1792 erant,
1152 1732 1384 1799 pericula
1408 1775 1422 1798 ,
1469 1735 1672 1791 insidia:
1695 1779 1710 1803 ,
1738 1756 1869 1808 quo-

279 1809 526 1865 tidianus
572 1815 760 1880 timor,
805 1826 860 1870 et
907 1819 1048 1888 quod
1105 1823 1449 1891 pellerentur.
1506 1825 1864 1886 Inﬁrmitatem

277 1914 521 1970 namque
567 1904 732 1958 etiam
779 1921 923 1977 smpe
970 1920 1123 1965 vocat
1160 1916 1664 1985 persequutioncm,
1708 1930 1764 1975 ut
1811 1931 1867 1977 ct

274 1991 402 2046 alibi
435 2011 450 2045 :
485 1992 874 2063 Inﬁrmitatem,
899 2016 1017 2068 qua:
1045 2011 1126 2056 est
1151 2003 1205 2057 in
1224 2019 1383 2061 carne
1398 2023 1536 2074 mea,
1558 2024 1661 2064 non
1678 2025 1865 2081 asper-

278 2085 389 2137 nati
440 2086 573 2141 estis
623 2087 777 2157 (Gal.
811 2090 864 2145 4.
909 2093 992 2147 13.
1027 2093 1159 2164 14);
1199 2104 1254 2150 ει
1297 2113 1514 2162 rursus,
1552 2101 1612 2156 Si
1657 2103 1868 2173 gloriari

276 2185 476 2241 oportet
493 2217 508 2236 ,
536 2176 587 2228 in
612 2178 911 2245 inﬁrmitate
935 2198 1045 2235 mea
1068 2184 1346 2253 gloriabor.
1393 2187 1628 2254 Quanam
1652 2192 1674 2246 τ
1713 2191 1863 2248 Prae-

279 2264 475 2331 positus
498 2268 659 2334 gentis
703 2269 868 2323 Areu:
914 2273 1045 2342 regis
1077 2272 1505 2332 Damascenorum
1549 2283 1723 2338 urbem
1776 2301 1867 2339 cu-

197 2392 207 2397 -
276 2354 547 2421 stodicbut,
578 2357 748 2412 volens
773 2376 850 2414 me
870 2364 1292 2432 comprehendere
1312 2369 1399 2438 (2.
1428 2370 1547 2427 Cor.
1590 2375 1676 2429 ‘ll.
1717 2376 1789 2431 50
1822 2388 1868 2431 et

279 2444 348 2497 5.2
372 2447 413 2513 ).
451 2446 515 2499 Et
544 2464 754 2503 rm-sunt
788 2469 801 2505 :
831 2451 958 2507 Ideo
984 2456 1108 2509 mihi
1146 2456 1322 2527 placeo
1364 2463 1418 2515 in
1462 2463 1864 2532 inﬁrmitatibus.

283 2535 492 2602 Deinde
520 2540 705 2595 dicens
736 2543 1075 2613 quibusnam,
1096 2548 1371 2619 subjumit
1399 2570 1412 2607 :
1441 2553 1503 2607 In
1532 2559 1865 2622 contumeliis,

278 2629 332 2681 in
386 2632 760 2686 necessitatibus
822 2645 868 2690 et
920 2638 973 2690 in
1019 2643 1264 2711 angustiis
1314 2644 1452 2715 (Id.
1498 2647 1747 2720 {2.10).
1804 2650 1870 2705 Et

280 2737 432 2775 tuine
484 2722 585 2778 hoc
628 2726 796 2794 ipsum
842 2730 1091 2799 profert:
1128 2748 1251 2790 cum
1296 2737 1521 2793 dixisset
1570 2742 1754 2808 enim,
1800 2741 1869 2796 Et

277 2828 380 2883 ego
428 2815 482 2867 in
531 2816 854 2885 inﬁrmitate;
894 2837 998 2878 non
1054 2825 1141 2880 hic
1188 2828 1458 2894 substitit,
1496 2832 1589 2886 sed
1645 2833 1869 2888 infirmi-

280 2914 449 2958 tatem
495 2908 772 2976 eXplicans
793 2953 808 2978 ,
835 2914 1069 2982 pericula
1102 2929 1251 2973 vocat
1279 2937 1292 2971 :
1326 2936 1511 2977 rursus
1545 2924 1765 2993 adjicit,
1804 2924 1869 2979 In

281 2997 463 3050 timore
487 3008 533 3050 et
556 3007 771 3053 tremore
796 3004 955 3059 mttlto
983 3008 1061 3077 fui
1086 3009 1225 3078 apud
1240 3027 1343 3065 vos.
1375 3012 1512 3079 Quid
1535 3015 1708 3070 dicis?
1736 3016 1872 3072 Pan-

280 3086 369 3141 lus
396 3105 607 3160 quoque
636 3093 856 3150 timebat
886 3098 1157 3166 pericula?
1182 3101 1426 3158 Titnebat
1454 3116 1507 3160 et
1536 3106 1688 3162 valde
1717 3111 1872 3164 timc-

281 3178 373 3233 bat
403 3199 415 3234 :
443 3183 651 3239 etiamsi
687 3188 829 3241 enim
863 3190 1057 3246 Paulus
1086 3205 1262 3261 esset,
1293 3207 1348 3250 at
1375 3196 1534 3252 homo
1576 3210 1709 3255 erat.
1757 3202 1870 3258 Hoc

278 3283 461 3327 autem
488 3290 594 3329 non
621 3288 736 3332 erat
762 3278 907 3334 Pauli
937 3284 1161 3352 crimen,
1194 3287 1290 3342 sed
1334 3289 1614 3346 infirmitas
1643 3302 1867 3361 naturae,

279 3374 343 3416 et
371 3368 624 3434 propositi
647 3375 984 3439 encomium,
1017 3378 1157 3447 quod
1198 3390 1423 3437 mortem
1465 3393 1519 3439 et
1567 3387 1746 3456 plagas
1798 3390 1868 3443 ti-

284 3470 480 3523 mens,
524 3459 654 3514 nihil
696 3471 869 3519 tamen
918 3467 1189 3539 indignum
1220 3487 1283 3526 ex
1317 3474 1508 3530 timore
1536 3475 1721 3532 fecerit
1752 3495 1766 3532 :
1796 3480 1867 3534 ita

282 3548 457 3616 utqui
489 3549 674 3605 dicunt
702 3553 846 3608 illmu
877 3573 976 3614 non
1010 3561 1252 3618 timuisse
1294 3565 1344 3634 pl
1368 3580 1508 3635 gas,
1558 3584 1664 3623 non
1710 3572 1868 3625 modo

280 3638 435 3692 illum
471 3656 577 3696 non
614 3642 910 3713 honorent,
940 3649 1033 3704 sed
1062 3660 1117 3707 et
1145 3654 1366 3709 multum
1394 3671 1460 3709 ex
1488 3657 1733 3713 laudibus
1774 3660 1868 3716 de-

277 3742 451 3784 mant.
482 3732 616 3786 Nam
640 3734 684 3787 si
717 3752 819 3790 nou
851 3739 1106 3805 timebat,
1134 3759 1253 3813 qua!
1285 3749 1707 3814 perseverantia,
1748 3767 1868 3820 qua:

276 3823 619 3894 philosophia
649 3828 699 3881 in
733 3829 963 3887 ferendis
990 3836 1269 3902 periculis?
1294 3838 1401 3909 ligo
1425 3856 1551 3895 vero
1576 3841 1693 3895 ideo
1720 3844 1866 3898 illum

274 3913 541 3983 admiror,
574 3921 713 3990 quod
748 3924 943 3979 timens
964 3966 979 3990 ,
1008 3942 1107 3982 nec
1135 3930 1294 3984 modo
1343 3933 1566 3997 timens,
1611 3935 1704 3989 sed
1760 3945 1868 3992 trc-

279 4022 437 4063 mvns
488 4012 544 4065 in
596 4014 881 4081 periculis,
912 4031 1126 4090 semper
1170 4025 1405 4079 cucurrit
1452 4039 1776 4094 coronatus,
1809 4042 1864 4085 et

276 4098 415 4151 nulli
461 4102 627 4156 cessit
670 4106 942 4174 periculo,
982 4124 1281 4182 expurgatis
1316 4115 1530 4179 orbem,
1580 4130 1635 4172 et
1674 4120 1865 4189 ubique

280 4196 552 4244 terrarum
580 4203 630 4245 t-t
658 4197 880 4252 marium
911 4202 1342 4268 praedicationem
1368 4208 1655 4264 seminans.
1700 4213 1754 4266 4.
1799 4212 1866 4267 Ει

277 4297 447 4334 sermo
474 4301 612 4339 meus
639 4296 684 4341 et
709 4291 1004 4359 prwdicatio
1036 4312 1144 4348 mea
1193 4314 1293 4351 non
1339 4302 1745 4368 persuasibilibus
1774 4305 1868 4358 Itu-

277 4390 446 4429 ntame
484 4379 750 4448 sapientia:
805 4385 990 4448 verbis,
1017 4384 1068 4442 id
1095 4398 1197 4455 est,
1222 4406 1327 4446 non
1360 4392 1566 4450 habens
1593 4407 1863 4454 externam

278 4464 617 4534 sapientiam.
650 4471 705 4526 Si
732 4460 895 4543 igitur
919 4487 972 4531 et
1015 4479 1322 4548 prardicatio
1373 4486 1502 4540 nihil
1545 4488 1729 4542 ltabuit
1778 4506 1866 4544 so-

277 4553 521 4623 phistica:
546 4561 694 4625 artis,
722 4573 774 4618 et
800 4566 889 4634 qui
943 4569 1268 4625 vocabantur
1321 4574 1532 4641 idiotte,
1586 4588 1640 4633 et
1687 4579 1731 4632 is
1775 4582 1863 4649 (ιιιί

274 4647 603 4715 praedicabat
631 4654 752 4709 talis
783 4666 931 4721 erat,
962 4659 1251 4731 aderatque
1280 4669 1618 4737 persequulio
1643 4711 1657 4733 ,
1699 4679 1753 4725 et
1796 4647 1865 4724 ti-

273 4753 399 4792 mor
420 4748 477 4793 et
507 4749 725 4812 tremor,
759 4750 1030 4817 quomodo
1056 4760 1418 4824 superarunt?
1449 4758 1536 4814 dic
1567 4762 1713 4817 mihi.
1761 4764 1863 4820 l‘cr

275 4827 518 4886 divinam
570 4837 846 4893 virtutem.
896 4839 1020 4898 ldeo
1066 4860 1188 4900 cum
1242 4846 1494 4916 dixisset,
1556 4852 1771 4908 Verbum
1815 4871 1861 4911 et

269 4924 572 4989 pm’dicatio
625 4946 737 4984 mea
784 4950 884 4988 non
926 4936 978 4988 in
1035 4941 1448 5007 persuasibilibtts
1492 4946 1728 5002 humana:
1773 4967 1860 5004 sa-

266 5017 476 5083 pientia:
502 5020 935 5095 verbis;adjecit,
970 5029 1076 5085 Sed
1114 5032 1168 5086 in
1211 5035 1493 5091 ostensione
1540 5039 1764 5107 Spiritus
1813 5053 1859 5095 ct

265 5110 486 5165 virtutis.

330 5202 386 5256 2.
404 5202 599 5261 Viden‘
620 5209 892 5278 quomodo
905 5215 1045 5283 quod
1069 5218 1288 5273 stultum
1317 5229 1399 5276 est
1428 5221 1541 5288 Dei,
1566 5227 1857 5292 sapientius

259 5294 330 5347 sit
377 5294 729 5366 hominibus;
779 5312 836 5358 et
879 5308 1021 5375 quod
1075 5310 1379 5379 infirmum,
1420 5313 1646 5371 fortius?
1675 5319 1855 5374 ldiota:

261 5384 373 5441 haec
405 5388 803 5461 praedicantes,
836 5398 1001 5451 vincti
1031 5411 1085 5453 et
1114 5404 1285 5470 pulsi,
1331 5407 1592 5475 pollentes
1638 5425 1696 5464 se
1736 5413 1853 5466 viu-

261 5479 490 5534 cebaut?
524 5481 850 5541 Undenam?
879 5488 1075 5545 Annon
1107 5507 1171 5547 ex
1200 5510 1284 5561 eo,
1316 5500 1456 5568 quod
1491 5518 1585 5569 per
1600 5502 1850 5572 Spiritum

257 5567 412 5625 ﬁdem
446 5574 799 5641 praeberent?
832 5595 955 5633 nam
986 5580 1039 5634 in
1073 5584 1320 5641 confesso
1358 5605 1439 5647 est
1488 5594 1588 5650 hoc
1633 5604 1855 5653 demon-

256 5664 573 5719 strationem
597 5683 737 5725 es.~e.
764 5670 900 5738 Quis
921 5673 1063 5726 enini
1092 5717 1105 5738 ,
1134 5691 1317 5745 (ιιιςιιςο
1339 5721 1354 5736 .
1384 5685 1566 5741 videns
1614 5702 1851 5746 mortuos

254 5766 592 5826 resurgentes
620 5771 670 5817 et
703 5761 989 5819 daemonas
1016 5766 1226 5837 pulsos,
1259 5786 1362 5830 non
1394 5776 1704 5836 admiserit?
1739 5783 1841 5838 Sed

1974 462 2097 528 quia
2128 476 2253 519 sunt
2273 467 2436 524 etiam
2463 470 2683 527 fallaces
2716 470 2936 531 virtutes
2959 519 2973 542 ,
3012 481 3196 549 quales
3255 494 3555 561 praestigia-

1974 560 2147 607 torum
2169 595 2184 617 ,
2215 554 2352 612 hanc
2379 574 2593 630 quoque
2613 569 2828 621 sustulit
2853 574 3233 641 suspicionem.
3255 554 3381 636 ’Νίκη
3408 582 3555 638 enim

1974 643 2222 698 virtutem
2253 647 2388 703 dixit
2426 652 2601 708 solum
2624 695 2640 720 ,
2671 658 2766 713 sed
2798 663 2975 730 prius,
3007 664 3234 737 Spiritus
3259 714 3274 739 ,
3305 682 3362 728 et
3389 684 3512 730 tunc
3536 722 3552 735 .

1983 733 2196 793 Virtutis
2222 754 2243 793 :
2265 744 2555 800 ostendens
2583 763 2645 802 ea
2669 766 2789 821 qua:
2830 754 3027 813 fiebant
3052 733 3359 832 'spirltttalia
3409 785 3551 825 esse.

1970 822 2088 880 Non
2114 844 2246 899 ergo
2274 833 2575 894 imminutio
2600 852 2719 908 est,
2761 849 2903 913 quod
2954 822 3263 919 praedicatio
3305 874 3408 913 non
3458 877 3555 931 per

1970 920 2285 987 sapientiam
2310 932 2625 987 aununtiata
2660 936 2763 1001 sit,
2793 939 2887 994 sed
2930 944 3220 1002 maximum
3264 964 3554 1008 ornamen-

1972 1019 2105 1066 tum.
2138 1013 2251 1069 Iloc
2277 1032 2405 1087 ergo
2435 1024 2669 1081 maxime
2694 1028 3029 1088 demonstrat
3050 1076 3065 1096 .
3097 1052 3215 1093 eam
3255 1057 3376 1098 esse
3418 1045 3555 1100 diri-

1972 1116 2126 1169 natn,
2155 1114 2208 1159 et
2237 1109 2444 1165 radices
2471 1128 2592 1168 esse
2622 1131 2886 1187 supernas
2915 1138 2978 1177 ex
3006 1129 3152 1182 curiis
3181 1147 3194 1182 :
3227 1145 3558 1204 quapropter

1970 1195 2242 1264 Subiunxit
2272 1218 2285 1253 :
2314 1202 2348 1256 5
2401 1203 2467 1258 Ut
2489 1207 2616 1273 ﬁdes
2639 1223 2801 1266 uestra
2828 1231 2928 1269 non
2959 1218 3025 1279 sit
3061 1221 3115 1273 in
3160 1195 3410 1294 sapientia
3440 1195 3556 1284 ¹ἠο-

1970 1289 2194 1353 mittunt,
2224 1294 2313 1347 sed
2335 1296 2387 1349 in
2408 1299 2589 1353 virtute
2619 1301 2728 1356 Dei.
2768 1306 2951 1361 Viden‘
2976 1315 3246 1379 quomodo
3285 1321 3429 1375 clare
3459 1338 3554 1392 per

1969 1383 2146 1436 omnia
2177 1386 2461 1452 05lendat,
2494 1406 2744 1461 magnum
2783 1412 2904 1451 esse
2944 1401 3148 1457 lucrum
3197 1406 3549 1475 ignorantiae,

1969 1480 2025 1526 et
2071 1490 2320 1545 magnum
2363 1482 2641 1551 sapientiae
2686 1487 2962 1544 damnum.
3014 1494 3145 1551 Nam
3188 1500 3302 1555 iure
3341 1504 3553 1571 quidem

1971 1563 2139 1632 ipsius
2163 1582 2378 1625 crucem
2404 1613 2420 1638 ,
2450 1574 2538 1628 illa
2565 1592 2695 1630 vero
2745 1581 2836 1635 Dei
2890 1585 3140 1642 virtutem
3193 1592 3550 1661 pra'dicahat;

1971 1651 2085 1709 lucc
2108 1656 2376 1715 efﬁciebat
2396 1702 2412 1727 ,
2439 1676 2497 1719 ttt
2521 1668 2650 1721 nihil
2681 1670 2982 1730 invenirent
3006 1694 3191 1734 eorum
3236 1700 3353 1751 qua:
3388 1700 3547 1754 opor-

1971 1746 2190 1815 tuisset,
2215 1762 2269 1805 et
2299 1754 2350 1806 in
2374 1757 2566 1826 seipsis
2593 1762 2987 1834 gloriarentur;
3036 1770 3125 1825 illa
3170 1784 3228 1827 ut
3269 1777 3549 1833 veritatem

1970 1841 2305 1908 susciperent
2335 1854 2390 1899 et
2420 1848 2470 1901 in
2502 1850 2612 1904 Deo
2639 1854 3016 1920 gloriarentur.
3048 1861 3249 1917 Rursus
3287 1869 3550 1937 sapientia

1972 1934 2153 1987 multis
2174 1940 2561 2006 persuasisset,
2592 1953 2650 1999 ut
2672 1945 2963 2004 humanum
2994 1967 3113 2008 esse
3141 1955 3333 2027 dogma
3375 1963 3553 2033 suspi-

1969 2039 2258 2094 carentur;
2294 2031 2405 2087 ha~c
2427 2050 2557 2089 vero
2579 2039 2722 2094 clare
2742 2043 3091 2111 ostendebat,
3134 2048 3367 2106 divinam
3411 2054 3552 2108 illam

1971 2132 2092 2172 esse
2121 2130 2174 2173 et
2201 2135 2264 2175 ex
2297 2126 2429 2177 cado
2454 2126 2817 2187 descendisse.
2849 2134 2984 2189 Cum
3029 2153 3156 2209 ergo
3203 2143 3254 2196 iu
3296 2147 3551 2212 sapientia

1975 2210 2258 2266 verborum
2290 2214 2345 2269 lit
2369 2216 2788 2290 demonstratio,
2816 2239 2961 2295 stupe
2987 2231 3342 2290 modestiores
3388 2251 3553 2305 supc-

1973 2310 2209 2356 rantura
2243 2305 2548 2373 pejorihtts,
2579 2314 2701 2379 quia
2747 2316 2932 2385 majori
2980 2319 3192 2376 dicendi
3240 2325 3290 2378 vi
3347 2329 3552 2395 pra'diti

1970 2390 2182 2459 pejores
2220 2408 2376 2460 sunt,
2423 2410 2477 2453 et
2527 2403 2862 2461 mendacium
2905 2412 3051 2479 pellit
3099 2416 3400 2472 veritatem.
3459 2420 3554 2475 llic

1970 2493 2146 2539 autem
2175 2502 2282 2541 non
2312 2492 2391 2545 sic
2429 2509 2440 2542 :
2476 2509 2649 2563 neque
2675 2499 2816 2552 enim
2860 2501 2912 2555 in
2948 2503 3275 2562 immundam
3321 2512 3551 2566 animam

1973 2575 2266 2645 ingreditur
2292 2582 2523 2650 Spiritus
2549 2594 2764 2643 strictus
2788 2632 2803 2655 ,
2852 2604 2905 2647 et
2950 2595 3223 2665 ingressus
3264 2618 3553 2673 numquam

1973 2676 2149 2733 potest
2175 2676 2453 2742 superari,
2486 2681 2695 2736 etiamsi
2738 2685 2945 2740 invadat
2978 2693 3152 2745 omnis
3193 2693 3403 2749 dicendi
3450 2697 3551 2751 vis.

1973 2758 2104 2814 Nam
2134 2762 2524 2822 demonstratio
2552 2786 2647 2839 per
2672 2790 2833 2843 opera
2863 2788 2914 2831 et
2941 2793 3038 2845 per
3066 2781 3213 2845 signa
3252 2785 3406 2853 longe
3447 2788 3554 2842 cla-

1974 2853 2084 2907 rior
2110 2864 2193 2909 est
2221 2856 2307 2911 illa
2335 2899 2349 2920 ,
2379 2874 2499 2928 qua:
2529 2861 2585 2915 ιιι
2616 2880 2710 2932 per
2741 2867 2922 2920 verba.
2955 2872 3021 2923 At
3066 2872 3281 2927 illorum
3327 2874 3555 2933 fortasse

1969 2944 2234 3012 qni-piam
2264 2947 2479 3018 dixerit,
2510 2953 2552 3005 si
2586 2955 3016 3022 prtedieatiouem
3048 2964 3261 3020 vincere
3287 2979 3550 3037 Oporteat,

1972 3046 2022 3087 et
2053 3037 2357 3107 eloquentia
2378 3058 2512 3113 opus
2543 3062 2648 3100 non
2679 3048 2836 3104 habet
2867 3060 2921 3105 ut
2948 3069 3015 3107 ne
3040 3070 3166 3109 crux
3196 3059 3551 3126 exinaniatur,

1971 3139 2137 3193 quare
2174 3129 2322 3200 signa
2368 3149 2508 3188 nunc
2554 3142 2866 3195 cessarunt?
2911 3143 3128 3210 Quare?
3180 3146 3555 3207 lucredulusue

1977 3215 2077 3271 hoc
2105 3218 2274 3286 dicis,
2307 3238 2403 3277 nec
2428 3226 2667 3283 admittis
2699 3230 2785 3283 illa
2819 3230 2955 3287 facta
2988 3234 3150 3291 fuisse
3193 3242 3553 3308 apostolorum

1975 3315 2214 3377 tempore
2236 3353 2252 3377 ,
2281 3328 2348 3368 an
2378 3330 2503 3372 vere
2531 3317 2634 3373 hoc
2667 3320 2910 3379 ediscere
2952 3330 3237 3394 qua-rens?
3283 3331 3339 3385 Si
3384 3334 3556 3387 incre-

1971 3400 2129 3454 dulus
2154 3402 2303 3457 dicas
2324 3445 2341 3467 ,
2374 3405 2425 3459 in
2453 3423 2520 3461 eo
2545 3408 2775 3477 primum
2807 3414 3153 3472 immorabor.
3183 3419 3237 3477 Si
3263 3423 3403 3475 enim
3432 3435 3555 3479 tunc

1973 3507 2080 3545 non
2122 3492 2253 3547 facta
2296 3506 2422 3550 sunt
2448 3500 2598 3569 signa
2624 3541 2639 3565 ,
2666 3505 2931 3570 quomodo
2957 3509 3128 3574 pulsi,
3182 3514 3389 3578 vexati,
3442 3525 3551 3568 tre-

1973 3594 2180 3639 mentes
2203 3626 2218 3652 ,
2250 3588 2431 3655 vincti,
2463 3601 2516 3644 et
2546 3607 2856 3649 communes
2879 3600 3027 3652 orbis
3055 3600 3236 3656 hostes
3265 3605 3410 3671 facti,
3440 3624 3555 3662 om—

1972 3675 2236 3747 nibusque
2262 3679 2325 3732 ad
2352 3682 2490 3736 male
2520 3684 2823 3752 patiendum
2848 3693 3097 3760 expositi,
3131 3695 3258 3749 nihil
3288 3714 3352 3753 ex
3378 3714 3435 3754 se
3464 3700 3556 3755 ha-

1973 3766 2162 3822 bentes
2189 3772 2328 3839 quod
2358 3772 2627 3843 alliceret,
2659 3792 2762 3833 non
2790 3779 3145 3851 eloquentiam
3165 3828 3178 3849 ,
3226 3804 3333 3843 non
3376 3792 3554 3861 Spleu~

1971 3856 2155 3913 dorem
2179 3901 2193 3923 ,
2225 3877 2329 3916 non
2360 3863 2570 3921 divitias
2590 3907 2604 3933 ,
2637 3883 2742 3923 non
2774 3872 2957 3927 urbem
2979 3917 2994 3941 ,
3027 3892 3133 3931 non
3160 3890 3374 3948 gentem
3398 3926 3410 3944 ,
3443 3900 3550 3938 non

1969 3964 2160 4019 genus,
2185 3967 2290 4007 non
2319 3957 2653 4023 exercitium,
2685 3975 2789 4016 non
2815 3965 3060 4034 gloriam,
3092 3985 3195 4024 non
3225 3972 3367 4028 aliud
3394 3977 3553 4045 quid-

1973 4044 2111 4110 piam
2148 4044 2360 4112 simile;
2391 4049 2483 4103 sed
2512 4053 2688 4105 omnia
2717 4058 3006 4123 contraria,
3039 4059 3410 4129 ignorantiam,
3435 4067 3553 4122 vili-

1973 4142 2154 4200 tatem,
2186 4150 2579 4209 paupertatem,
2605 4144 2822 4215 odium,
2859 4150 3186 4207 inimicitiam
3208 4196 3222 4220 ,
3269 4165 3323 4211 et
3366 4171 3549 4212 contra

1971 4227 2196 4296 pepulos
2225 4229 2459 4301 integros
2489 4244 2712 4302 stantes,
2745 4241 2976 4312 taliaque
2999 4248 3406 4312 annuutiantes,
3434 4266 3553 4319 [ιρι-ο

1968 4320 2302 4375 suadebant?
2327 4325 2457 4379 Nam
2478 4342 2741 4399 prmcepta
2769 4334 2990 4388 multum
3018 4336 3254 4393 laborem
3286 4339 3550 4400 habebant

1970 4419 2024 4463 et
2045 4410 2289 4480 dogmata
2317 4416 2569 4483 periculis
2589 4420 2744 4489 plena
2767 4437 2919 4482 erant
2949 4446 2963 4481 :
2992 4442 3054 4480 ac
3077 4429 3163 4495 qui
3191 4431 3471 4487 audiebant
3495 4448 3549 4492 et

1972 4501 2325 4568 persuadendi
2380 4516 2574 4574 erant,
2630 4509 2682 4564 itt
2731 4513 2968 4583 deliciis,
3001 4518 3261 4577 ebrietate
3289 4535 3341 4579 et
3369 4527 3549 4582 multis

1970 4593 2112 4647 vitiis
2135 4604 2289 4649 erant
2336 4597 2569 4655 educati.
2618 4602 2807 4672 llnde,
2857 4624 3076 4678 qua-so,
3127 4620 3549 4682 persuaserunt?

1968 4684 2110 4740 unde
2138 4686 2240 4742 fide
2266 4688 2409 4757 digiti
2439 4696 2634 4748 erant?
2664 4696 2793 4750 Nam
2820 4739 2834 4759 ,
2865 4710 2921 4753 ιιι
2956 4701 3062 4770 jam
3097 4704 3203 4759 dixi
3229 4748 3241 4769 ,
3273 4709 3316 4761 si
3346 4709 3547 4781 absque

1966 4775 2130 4844 signis
2150 4790 2547 4847 persuaserunt,
2580 4786 2748 4839 multo
2776 4790 2945 4858 majus
2974 4794 3179 4849 videtur
3207 4798 3546 4856 miraculum.

1967 4864 2041 4922 Ne
2072 4869 2250 4939 itaque
2280 4888 2342 4925 ex
2372 4889 2467 4940 eo,
2501 4879 2640 4945 quod
2670 4896 2809 4936 nunc
2832 4884 2978 4953 signa
3023 4904 3128 4942 non
3181 4890 3341 4960 fiant,
3390 4909 3549 4966 argu-

1967 4972 2202 5015 mentum
2234 4962 2398 5018 ducas
2431 4976 2556 5022 tunc
2581 4972 2741 5025 etiam
2784 4990 2886 5030 non
2929 4978 3114 5037 fuisse.
3162 4982 3370 5037 Etenim
3418 4994 3545 5042 tunc

1965 5054 2165 5108 utiliter
2194 5055 2421 5119 flebant,
2455 5068 2509 5112 ct
2535 5066 2904 5121 nuncutiliter
2931 5085 3037 5124 non
3085 5072 3236 5131 liunt.
3284 5076 3401 5133 Non
3452 5098 3548 5137 nc-

1964 5147 2200 5200 echario
2246 5151 2486 5217 sequitur
2507 5163 2682 5207 autem
2711 5172 2775 5208 ex
2804 5172 2868 5210 eo
2897 5162 3036 5229 quod
3071 5179 3209 5221 nunc
3232 5170 3393 5226 verbo
3428 5181 3546 5227 tau-

1965 5245 2074 5291 tum
2104 5241 2376 5307 suadetur,
2408 5259 2546 5297 nunc
2574 5246 2622 5298 in
2647 5249 2905 5316 sapientia
2938 5255 3367 5322 pra-dicationem
3400 5281 3542 5320 esse.

1965 5329 2093 5383 Nam
2144 5334 2231 5402 qui
2278 5335 2344 5389 ab
2395 5336 2545 5390 initio
2589 5341 2807 5396 verbum
2863 5348 3231 5418 seminabant,
3275 5356 3453 5411 idiota}
3491 5368 3545 5411 et

1965 5424 2161 5478 indocti
2193 5437 2372 5490 erant,
2405 5439 2458 5483 ct
2489 5432 2616 5486 nihil
2648 5452 2708 5488 ex
2739 5453 2794 5490 se
2825 5438 3102 5508 dicebant,
3127 5445 3219 5498 sed
3243 5464 3359 5515 qua:
3382 5464 3539 5501 accc-

1964 5527 2147 5583 perant
2176 5534 2200 5567 a
2235 5519 2374 5585 Deo,
2408 5521 2519 5575 lucc
2546 5526 2656 5578 orbi
2692 5539 2950 5583 terrarum
2981 5533 3242 5587 dederunt
3288 5551 3300 5586 :
3342 5546 3394 5589 et
3441 5553 3539 5591 nos

1962 5606 2057 5673 ipsi
2089 5623 2258 5669 nunc,
2293 5627 2395 5664 non
2425 5629 2541 5682 qua:
2572 5631 2599 5668 a
2632 5620 2782 5671 nobis
2811 5632 2929 5674 sunt
2964 5623 3221 5675 tradimus
3245 5661 3262 5685 ,
3293 5626 3384 5677 sed
3417 5644 3535 5696 qua:

1958 5699 2025 5750 ab
2071 5701 2196 5767 ipsis
2237 5706 2573 5774 accepimus,
2621 5709 2731 5762 Ita'c
2780 5715 3030 5767 munibus
3075 5715 3321 5767 dicimus.
3354 5715 3539 5787 Neque.

1963 5806 2102 5845 nunc
2132 5796 2453 5865 syllogismis
2481 5802 2896 5869 persuademus;
2938 5806 3029 5859 sed
3074 5821 3138 5859 cx
3169 5803 3360 5863 divinis
3392 5802 3535 5860 Scri—
