3954 6130
351 347 356 352 ’
397 348 456 404 5i
1120 353 1176 407 S.
1217 351 1493 408 JO.\NNlS
1530 347 2002 406 CIIRYSOSTOMI
2039 345 2354 402 ARCIIIEP.
2392 343 2924 404 CONSTANTINOP.
3620 347 3690 406 5'2

399 467 567 530 pluris
594 476 648 522 et
674 484 740 524 ex
772 469 857 532 iis,
886 485 1007 539 qua:
1035 479 1158 522 tunc
1184 467 1317 522 facta
1345 478 1469 522 sunt
1496 465 1682 537 signis.
1718 463 1875 517 (idem
1899 461 1979 516 fa-

401 561 572 614 timus
599 562 663 616 iis
687 577 805 632 quze
833 563 1080 616 dicimus.
1111 561 1173 616 Et
1195 561 1270 615 illi
1296 574 1508 630 quoque
1529 568 1657 612 tunc
1683 572 1788 610 non
1818 552 1984 624 signis

404 659 607 706 tantum
638 653 1026 722 persuadebaut
1047 695 1064 718 ,
1093 654 1186 709 sed
1215 653 1376 708 etiam
1419 649 1756 706 disserendo.
1814 646 1984 702 Verba

406 753 580 797 autem
627 745 925 798 efficaciora
967 759 996 798 a
1042 745 1208 813 signis
1254 742 1912 806 reddebantur,,necnon
1953 753 1984 791 a

405 835 726 890 testimoniis
757 835 966 891 Veteris
992 836 1321 891 Testamenti
1349 876 1363 899 ,
1397 849 1502 888 non
1533 843 1708 888 autem
1736 847 1764 884 a
1812 831 1986 902 gravi-

403 931 513 977 tate
542 933 596 978 et
617 924 924 995 eloquentia
945 927 1236 982 dictorum.
1262 925 1372 981 Cur
1395 941 1551 996 ergo,
1586 925 1794 994 inquies
1814 965 1829 989 ,
1859 933 1986 977 tunc

405 1013 552 1069 utilia
605 1015 754 1084 signa
801 1027 990 1080 erant,
1044 1032 1186 1072 nunc
1234 1033 1341 1072 non
1398 1018 1568 1072 item?
1613 1016 1986 1085 Supponamus

403 1101 557 1176 (tum
586 1104 772 1160 Crazeo
802 1109 942 1162 enim
972 1108 1221 1178 diSputo,
1263 1119 1319 1164 et
1357 1109 1476 1164 ideo
1519 1124 1614 1179 per
1659 1107 1984 1178 hypothesin

407 1193 530 1249 dico
571 1197 620 1249 id
671 1198 813 1267 quod
858 1201 1078 1255 omnino
1123 1199 1356 1254 futurutn
1411 1202 1566 1271 est),
1622 1215 1988 1270 suppouamus

407 1284 567 1353 igitur
589 1327 605 1351 ,
635 1296 690 1341 et
719 1292 946 1357 patiatur
974 1291 1280 1346 incredulus
1301 1292 1488 1346 saltem
1516 1291 1581 1346 ad
1609 1291 1989 1360 disputationis

411 1387 623 1447 tempus
649 1383 894 1435 assentiri
923 1383 1115 1448 dictis,
1147 1384 1292 1438 verbi
1332 1385 1504 1454 gratia
1529 1425 1543 1447 ,
1573 1383 1712 1453 quod
1744 1383 1990 1437 Christus

409 1485 666 1527 venturus
692 1474 764 1528 sit
796 1492 809 1529 :
840 1489 959 1530 cum
992 1493 1118 1547 ergo
1156 1477 1403 1532 Christus
1449 1478 1658 1532 venerit
1702 1487 1756 1531 et
1801 1491 1989 1531 omnes

408 1565 582 1634 angeli
611 1581 732 1619 cum
762 1582 826 1620 eo
845 1607 860 1630 ,
895 1576 948 1621 et
980 1569 1118 1622 licus
1142 1583 1262 1624 esse
1285 1579 1531 1622 ostensus
1559 1567 1714 1621 ftterit
1733 1608 1749 1633 ,
1779 1567 1990 1621 omnia-

408 1669 514 1722 que
543 1655 638 1725 ipsi
663 1656 900 1725 subjecta
943 1672 1100 1721 esse,
1142 1672 1318 1713 annon
1361 1659 1477 1726 ipse
1515 1657 1732 1711 Grtccus
1771 1655 1992 1710 credet?

409 1742 606 1798 Credet
657 1746 838 1815 utique
883 1757 938 1801 et
985 1747 1268 1812 adorabit,
1315 1763 1380 1801 ac
1432 1749 1601 1802 Deum
1647 1760 1767 1801 esse
1812 1745 1989 1809 dicet,

409 1835 618 1889 etiamsi
645 1837 932 1892 admodum
971 1840 1212 1907 pertinax
1245 1839 1424 1893 fuerit.

480 1928 533 1982 5.
562 1929 689 1994 Quis
715 1930 858 1983 enim
889 1929 1074 1985 videns
1095 1931 1259 1985 cmlos
1287 1940 1522 2000 apertos,
1552 1930 1721 2000 ipsum
1753 1929 1804 1983 in
1835 1928 1992 1982 nubi-

409 2020 508 2074 bus
519 2025 1133 2093 vcnientcm,totumque
1149 2031 1349 2079 enatum
1368 2037 1720 2092 supernarum
1752 2022 1994 2076 Potesta-

411 2121 524 2167 tum
564 2113 976 2180 circumfusum,
1007 2112 1198 2168 ﬂuvios
1241 2114 1425 2183 igneos
1468 2121 1748 2167 manantes
1769 2154 1782 2177 ,
1808 2127 1996 2166 outnes

411 2204 680 2260 adstantes
705 2221 768 2259 ac
789 2215 1098 2271 trementes,
1122 2221 1226 2261 non
1254 2205 1516 2270 adorabit,
1539 2218 1593 2260 et
1622 2204 1788 2258 Deum
1815 2203 2000 2258 existi-

413 2301 614 2354 mabit?
641 2299 774 2354 Num
796 2315 941 2370 ergo.
973 2301 1058 2354 dic
1077 2316 1277 2369 quaeso.
1301 2299 1541 2354 adoratio
1570 2307 1623 2354 et
1647 2298 1880 2368 cognitio
1911 2297 1998 2350 illa

413 2393 601 2445 (im-eo
631 2392 684 2445 in
714 2393 869 2445 tidem
913 2391 1278 2461 reputabitur?
1320 2389 1555 2446 Minime.
1604 2388 1824 2456 Quare?
1865 2388 1999 2454 Quia

417 2482 517 2536 hoe
547 2482 678 2536 lides
709 2497 813 2535 non
843 2491 925 2536 est
955 2499 968 2535 :
1002 2483 1291 2536 necessitas
1319 2482 1516 2550 quippe
1536 2521 1551 2543 ,
1582 2491 1638 2534 et
1667 2495 1852 2535 eorum
1882 2493 2001 2548 qu:e

413 2586 665 2644 apparent
697 2573 960 2628 evidentia
987 2573 1038 2629 id
1069 2572 1266 2637 effecit,
1295 2589 1398 2627 non
1434 2571 1724 2625 voluntatis
1751 2585 1997 2640 pr0p0<l-

418 2677 560 2729 tum;
592 2667 683 2723 sed
705 2684 733 2719 a
757 2665 1117 2736 magnitudine
1140 2681 1315 2721 rerum
1333 2680 1451 2734 qua:
1470 2664 1713 2719 videntur
1737 2672 2000 2731 pertracta

417 2775 569 2815 utens
596 2757 709 2813 fttit.
742 2758 923 2828 Itaque
951 2771 1152 2829 quanto
1197 2757 1364 2827 magis
1400 2757 1542 2811 clara
1573 2767 1627 2810 et
1654 2755 1720 2809 ad
1749 2754 2001 2810 crcdemli

419 2847 790 2905 necessitatem
834 2847 1150 2903 adducentia
1192 2859 1313 2901 sunt
1352 2846 1476 2909 illa,
1503 2855 1648 2899 tanto
1674 2844 1840 2914 magis
1871 2843 2003 2898 fides

419 2943 691 2999 minuitur.
723 2942 845 2997 ideo
875 2958 1015 2997 nunc
1050 2943 1196 3012 signa
1235 2958 1340 2996 non
1373 2941 1525 2994 fiunt.
1559 2940 1622 2993 Et
1649 2937 1790 3008 quod
1819 2953 1906 2993 res
1931 2937 2000 2992 ita

417 3049 476 3088 se
501 3040 509 3082 ι
534 3035 712 3098 abeat,
735 3033 858 3087 audi
890 3033 1012 3101 quid
1041 3032 1180 3086 dicat
1203 3032 1268 3085 ad
1292 3031 1551 3085 Thomam
1583 3047 1597 3082 :
1625 3027 1770 3082 Beati
1794 3030 1881 3099 qui
1902 3046 2003 3082 non

417 3125 667 3189 viderunt,
691 3135 736 3177 et
762 3123 1080 3176 crediderunt
1104 3122 1122 3193 (
1144 3121 1302 3175 Joan.
1330 3121 1420 3175 ΞΟ.
1452 3119 1522 3174 9-9
1549 3121 1586 3188 ).
1621 3119 1782 3190 Igitur
1802 3127 2003 3188 quanto

416 3217 612 3271 clarius
649 3225 924 3272 ostensum
974 3215 1183 3283 signant
1239 3212 1431 3278 fuerit,
1465 3221 1610 3266 tanto
1657 3210 1826 3280 magis
1879 3208 2002 3264 fidei

418 3326 626 3364 merces
655 3309 928 3363 minuitur.
965 3309 1144 3376 Itaque
1174 3306 1218 3360 si
1249 3305 1410 3361 etiam
1439 3319 1578 3359 nunc
1612 3303 1760 3373 signa
1790 3304 2000 3366 fierent,

421 3403 522 3455 hoe
559 3400 732 3470 ipsam
763 3400 1025 3454 eveniret.
1071 3397 1223 3466 Quod
1253 3408 1426 3452 autem
1456 3407 1580 3450 tunc
1610 3413 1712 3449 non
1742 3395 1876 3448 ultra
1911 3409 2004 3464 per

419 3494 577 3547 ﬁdem
610 3495 756 3548 illum
787 3491 1053 3561 cognituri
1085 3490 1275 3555 simus,
1309 3488 1628 3558 signiﬁcavit
1674 3487 1868 3542 Paulus
1920 3487 2004 3541 di-

416 3601 544 3640 cens
573 3604 586 3640 :
623 3585 774 3639 Nunc
807 3586 943 3642 enim
969 3601 1056 3653 per
1083 3583 1235 3652 ﬁdem
1275 3581 1612 3647 ambulamus,
1645 3595 1745 3634 non
1776 3595 1865 3649 per
1887 3595 2002 3648 spe-

417 3678 543 3729 ciem
591 3676 663 3744 (2
701 3674 818 3730 Cor.
849 3677 883 3730 5
926 3675 1015 3745 7).
1059 3674 1127 3730 Ut
1171 3683 1294 3727 tunc
1339 3672 1433 3728 tibi
1473 3671 1749 3736 candenti,
1782 3685 1869 3725 res
1911 3669 2001 3725 illa

421 3782 526 3820 non
572 3765 946 3833 imputabitur,
980 3763 1122 3832 quod
1153 3764 1292 3816 clara
1327 3772 1378 3815 ct
1403 3762 1678 3816 manifesta
1709 3761 1776 3815 sit
1806 3779 1819 3814 :
1852 3761 1918 3813 ita
1949 3771 2004 3815 et

419 3869 560 3910 mmc
582 3896 595 3914 .
624 3856 667 3907 si
697 3854 816 3907 talia
846 3855 993 3922 ngna
1024 3853 1234 3915 tierent,
1279 3851 1455 3920 qualia
1485 3852 1734 3904 antehac.
1779 3852 2003 3916 Quando

419 3945 562 4000 cnim
597 3943 680 3998 illa
712 3942 1104 4006 admiserimns,
1134 3958 1252 4010 quae
1279 3940 1425 3993 nullo
1453 3941 1612 3994 modo
1639 3939 1759 3992 ullis
1787 3938 2000 3994 ratioci-

423 4036 526 4089 niis
557 4032 780 4087 invcuiri
812 4040 1054 4102 possunt,
1098 4040 1222 4085 tunc
1251 4031 1382 4083 fides
1417 4039 1520 4084 est.
1554 4029 1677 4083 Ideo
1702 4027 2000 4097 gehennam

417 4127 774 4181 comminatur
820 4124 1072 4195 quidem,
1116 4123 1208 4179 sed
1240 4123 1326 4178 illa
1357 4137 1462 4176 non
1492 4129 1711 4192 apparet
1742 4140 1754 4176 :
1787 4135 1906 4175 nam
1954 4121 2000 4175 si

419 4230 722 4292 appareret,
757 4220 983 4290 idipsum
1016 4233 1200 4274 rursus
1238 4216 1496 4271 eveniret.
1531 4215 1778 4285 Alioquin
1805 4229 1932 4269 vero
1957 4215 1999 4269 si

423 4315 568 4385 signa
601 4315 817 4386 quan-is,
849 4329 988 4367 nunc
1023 4313 1183 4367 etiam
1214 4310 1362 4381 signa
1396 4308 1619 4374 videbis,
1659 4307 1864 4362 etiamsi
1897 4322 2002 4362 non

419 4409 678 4478 ejusmodi
707 4409 842 4471 sint,
878 4405 1249 4476 prmdictiones
1301 4402 1606 4457 immmeras
1633 4400 1700 4454 de
1730 4400 1888 4455 rebus
1915 4398 1999 4453 in-

420 4496 1022 4562 natm-rabilibus,orbis
1045 4495 1470 4555 conversionem,
1503 4492 1849 4546 barbarorum
1881 4487 2002 4560 phi-

420 4589 752 4659 losophiam,
788 4586 1077 4654 agrestium
1130 4598 1338 4639 morum
1391 4582 1762 4641 mutationem,
1789 4580 2002 4650 pietatis

420 4682 809 4737 extensiunem.
833 4679 1036 4746 ECquas
1062 4671 1462 4747 przedictioncs?
1481 4673 1710 4743 inquies:
1740 4688 1858 4724 nam
1884 4681 2002 4739 post

420 4791 505 4830 res
527 4774 691 4828 factas
713 4771 962 4841 praedicta
986 4779 1109 4822 sunt
1133 4767 1310 4822 omnia
1353 4779 1470 4834 quae
1492 4779 1647 4834 supra
1675 4776 2002 4816 commemo-

419 4877 529 4921 rata
553 4876 695 4919 sunt.
718 4862 1082 4930 Quamlonam,
1111 4859 1194 4913 ubi
1225 4868 1278 4912 et
1303 4871 1330 4908 a
1358 4855 1588 4925 quo?dic
1611 4852 1738 4906 mihi
1760 4869 1776 4919 ;
1799 4860 1853 4904 et
1879 4862 2001 4906 ante

420 4962 546 5019 quot
571 4964 740 5004 annos
755 4949 778 5000 ’ἰ
804 4945 880 4999 vis
905 4955 1028 4998 ante
1056 4940 1455 5012 quinquaginta,
1478 4947 1795 4991 autcentum
1816 4935 1838 4986 ?
1863 4939 2002 4989 Ante

419 5053 630 5095 t't‘ltlllm
657 5053 786 5110 ergo
813 5050 982 5091 annos
1013 5034 1142 5089 nihil
1174 5031 1437 5086 habebant
1481 5029 1737 5098 scriptum
1766 5026 1996 5095 penitus.

418 5129 696 5198 Quomodo
723 5143 851 5198 ergo
880 5126 1125 5197 dogmati
1154 5121 1372 5178 retinuit
1399 5119 1561 5181 orbis,
1585 5127 1640 5174 et
1665 5117 1766 5172 alia
1795 5117 1995 5181 omnia,

417 5237 536 5272 cum
580 5219 836 5273 memoria
867 5218 931 5271 ad
963 5216 1011 5271 id
1042 5232 1146 5270 non
1178 5212 1446 5270 sufliciat?
1471 5209 1734 5265 undenam
1761 5209 1952 5263 scieru:
1979 5217 2000 5262 t

420 5315 635 5370 Petrum
667 5310 829 5366 fuisse
855 5311 972 5380 palo
997 5308 1255 5363 afﬁxunt?
1305 5305 1572 5376 quomodo
1600 5304 1743 5358 venit
1773 5304 1821 5355 in
1852 5320 1999 5357 men-

419 5419 543 5476 tem,
577 5420 631 5462 ut
661 5405 886 5476 posteris
925 5402 1300 5472 praedicerent;
1329 5398 1474 5453 verbi
1499 5399 1663 5468 gratia
1687 5397 1826 5467 qttod
1842 5395 2010 5450 Evan-

415 5506 611 5573 gehum
642 5497 1040 5571 prardicandum
1066 5496 1136 5548 sit
1161 5509 1254 5564 per
1282 5492 1588 5546 universum
1618 5490 1824 5551 urbem,
1855 5489 1996 5558 quod

416 5596 631 5650 .lndaica
684 5599 955 5646 cessatura
1003 5586 1146 5650 sint,
1192 5599 1291 5638 nec
1332 5583 1472 5636 ultra
1503 5580 1866 5635 restituenda?
1897 5581 1997 5645 Qui

419 5702 546 5738 vero
575 5685 780 5738 animas
808 5694 933 5734 suas
961 5693 1056 5746 pro
1083 5673 1458 5745 pnedicattone
1485 5669 1833 5732 tr:nlidcrun-',
1867 5684 1997 5738 qtto-

422 5776 580 5832 modo
621 5773 1000 5830 sustinuissent
1041 5766 1474 5840 prtedicationem
1520 5761 1869 5816 adulteratam
1920 5761 2004 5814 vi-

2100 459 2268 514 dere?
2294 460 2565 530 quomodo
2588 460 2851 515 creditum
2903 461 3086 515 fuisset
3121 460 3494 531 scriptoribus,
3522 463 3688 533 signis

2092 552 2464 605 cessantibus?
2490 552 2761 621 quomodo
2806 561 2983 606 autem
3014 551 3213 622 scripta
3243 563 3298 607 et
3329 552 3380 606 iu
3411 552 3676 608 barbaro-

2093 658 2210 698 rum
2227 654 2282 698 et
2311 645 2362 698 in
2389 643 2635 699 Indorum
2663 645 2815 705 fines.
2847 656 2902 700 et
2937 646 2988 698 in
3021 645 3166 714 ipsos
3189 644 3386 700 Oceani
3420 645 3686 700 terminos

2093 737 2384 800 venissent,
2415 737 2460 792 si
2493 739 2525 791 ii
2552 738 2641 807 qui
2671 736 3038 792 dicebantlide
3054 736 3198 807 digni
3223 751 3327 791 non
3353 737 3543 792 erant?
3562 736 3686 804 Qui.

2095 845 2216 884 nam
2243 839 2421 884 autem
2453 841 2606 885 erant
2631 831 2943 900 scriptores,
2977 839 3031 885 et
3062 830 3276 899 quando
3299 871 3315 896 ,
3349 840 3402 886 et
3428 830 3559 886 ubi?
3583 845 3685 901 qua

2092 921 2162 978 de
2189 937 2348 976 causa
2379 922 2748 994 scripserunt?
2776 939 2902 978 num
2945 933 3003 978 ut
3040 924 3264 994 gloriam
3296 923 3400 979 sibi
3428 924 3683 980 concilia-

2095 1015 2254 1070 rent?
2281 1031 2378 1071 cur
2405 1033 2534 1087 ergo
2562 1017 2727 1072 libros
2768 1018 2886 1072 aliis
2927 1018 3226 1072 nominibus
3258 1018 3687 1087 inscripserunt?

2094 1108 2164 1162 At
2193 1107 2294 1162 hoc
2321 1109 2560 1164 fecerunt
2588 1118 2644 1163 ιιι
2672 1108 2864 1178 dogma
2887 1109 3351 1163 eonnncndarent.
3396 1111 3477 1162 An
3511 1117 3568 1163 ut
3597 1125 3688 1163 vc-

2095 1197 2252 1251 rtnn?
2277 1214 2342 1252 an
2377 1208 2432 1251 ut
2461 1199 2694 1254 falsum?
2738 1215 2857 1254 nam
2888 1199 2931 1252 si
2961 1208 3018 1253 ut
3047 1199 3236 1254 falsum
3266 1199 3552 1267 habebant,
3583 1216 3688 1254 non

2096 1289 2361 1342 accessuri
2398 1304 2515 1343 esse
2552 1289 2894 1355 videbantur;
2921 1290 2965 1343 si
3001 1300 3054 1344 ut
3083 1302 3290 1354 verum,
3322 1290 3534 1345 fictione
3555 1306 3691 1358 Opus

2099 1393 2205 1431 non
2245 1391 2360 1432 crat
2399 1379 2535 1433 sicut
2576 1389 2628 1432 tu
2669 1381 2824 1434 dicis.
2875 1381 3125 1448 Alioquin
3159 1396 3289 1435 vero
3317 1382 3690 1450 pra‘dictiones

2099 1471 2234 1525 tales
2258 1482 2400 1537 sunt,
2433 1485 2482 1524 ut
2514 1473 2577 1525 ad
2613 1489 2848 1542 pnesens
2879 1488 3046 1542 usque
3076 1484 3284 1542 tempus
3317 1489 3422 1527 non
3451 1475 3690 1544 potuerit

2098 1562 2252 1617 dictis
2284 1565 2362 1616 vis
2389 1565 2590 1618 inferri.
2637 1565 2767 1619 Nam
2813 1567 2987 1620 diruta
3025 1577 3149 1620 sunt
3187 1565 3522 1639 Jerosolyma
3566 1578 3690 1624 ante

2099 1655 2296 1708 multos
2320 1670 2508 1710 annos.
2540 1655 2670 1710 Sunt
2700 1668 2753 1711 et
2779 1657 2898 1710 alia:
2930 1658 3329 1727 przcdictiones,
3357 1675 3475 1728 quae
3505 1659 3573 1714 ab
3599 1660 3690 1713 illo

2101 1753 2342 1815 tempore
2381 1750 2445 1801 ad
2488 1763 2653 1818 usque
2680 1748 2962 1803 adventum
2995 1750 3110 1819 ejus
3135 1750 3526 1817 extenduntur,
3559 1767 3691 1822 quas

2101 1847 2156 1890 ut
2201 1838 2282 1892 vis
2309 1841 2588 1906 examina;
2620 1851 2675 1894 ut
2706 1853 2788 1896 est
2818 1842 2947 1896 illud
2971 1885 2986 1908 ,
3019 1843 3232 1912 Semper
3285 1844 3536 1897 vobiscum
3576 1861 3689 1898 sum

2100 1943 2257 1999 usque
2302 1931 2370 1984 ad
2417 1934 2892 1988 consummationem
2941 1933 3116 1988 saeculi
3162 1934 3374 2005 (Matth.
3402 1934 3495 1990 28.
3547 1935 3687 2005 20);

2100 2031 2172 2084 et,
2209 2022 2377 2088 Super
2405 2023 2534 2076 hanc
2564 2037 2760 2093 petram
2801 2026 3062 2092 a'di/icabo
3108 2025 3391 2080 Ecclesium
3419 2044 3582 2080 meum
3604 2071 3617 2091 ,
3643 2037 3692 2081 et

2103 2123 2262 2182 parite
2301 2114 2451 2183 inferi
2480 2131 2580 2167 non
2625 2116 2963 2185 pra'vulebunt
3009 2117 3250 2172 adversus
3290 2134 3400 2173 eam
3447 2117 3575 2187 (Id.
3602 2119 3690 2172 lli.

2105 2203 2242 2272 18);
2288 2215 2364 2268 et,
2420 2204 2788 2260 Prmdicabitur
2834 2209 2929 2262 hoc
2977 2211 3288 2280 evangelium
3334 2211 3386 2263 in
3433 2211 3695 2266 universas

2103 2305 2273 2364 gentes
2297 2295 2315 2369 (
2347 2296 2432 2349 Id.
2459 2297 2552 2354 24.
2581 2299 2649 2353 ιι
2681 2302 2697 2368 )
2725 2315 2740 2364 ;
2770 2310 2822 2354 et
2843 2342 2856 2357 .
2881 2299 3091 2354 Dicetur
3115 2343 3129 2366 ,
3158 2301 3456 2372 ubicumque
3501 2303 3692 2372 νηπίη-

2104 2397 2270 2440 catum
2299 2390 2449 2460 fuerit
2496 2391 2590 2445 hoc
2634 2394 2983 2464 evangelium,
3013 2405 3058 2449 et
3101 2396 3235 2464 quod
3278 2397 3396 2467 ﬁcit
3427 2399 3445 2467 (
3474 2395 3575 2449 ld.‘
3597 2397 3692 2452 26.

2108 2479 2210 2551 15)
2257 2481 2371 2536 hare
2416 2484 2644 2550 mulier;
2677 2496 2731 2540 et
2757 2487 2876 2541 alia:
2925 2487 3188 2558 plurimm.
3242 2487 3517 2546 Undenam
3564 2507 3696 2561 ergo

2106 2573 2303 2628 veritas
2334 2573 2490 2644 hujus
2535 2577 2911 2644 priedietionis,
2945 2580 2988 2632 si
3034 2590 3150 2634 crat
3179 2580 3526 2648 figmentum?
3555 2600 3694 2652 quo-

2107 2664 2267 2719 modo
2306 2674 2472 2735 portae
2522 2666 2673 2723 inferi
2717 2685 2818 2724 non
2863 2673 3255 2740 prarvaluerunt
3295 2673 3551 2729 adversus
3589 2676 3694 2731 Ec-

2106 2753 2366 2810 clesium?
2415 2759 2683 2827 quomodo
2731 2777 2946 2830 semper
2991 2763 3268 2816 nobiscum
3301 2773 3382 2818 est
3411 2765 3695 2821 Christus?

2107 2844 2290 2916 Neque
2338 2849 2503 2915 enim,
2557 2850 2600 2903 si
2654 2851 2929 2906 nobiseum
2978 2868 3081 2907 non
3128 2863 3292 2919 esSet,
3342 2855 3580 2911 Ecclesia
3613 2861 3693 2910 vi-

2107 2935 2286 2989 cisset.
2330 2937 2609 3004 Quomodo
2643 2937 2987 3006 Evangelittnt
3027 2943 3219 3013 ubique
3275 2956 3535 3000 terrarum
3572 2965 3694 3016 pro-

2110 3039 2354 3098 pagatmn
2403 3032 2524 3087 est?
2569 3031 2851 3088 Sufficiunt
2895 3046 3072 3090 autem
3122 3045 3176 3090 et
3221 3038 3309 3106 qui
3363 3049 3547 3093 contra
3597 3058 3696 3095 nos

2107 3120 2445 3191 disputarunt
2497 3126 2562 3179 ad
2615 3128 2972 3181 testimonium
3040 3131 3368 3200 antiquitatis
3435 3133 3694 3190 librorum

2109 3225 2411 3267 nostrorum
2453 3214 2727 3270 ferendum
2747 3261 2760 3281 ,
2797 3235 2988 3288 nempe
3019 3221 3207 3275 Celsus
3241 3223 3318 3294 (ιι)
3344 3233 3397 3277 ct
3429 3223 3695 3279 Batanco-

2109 3312 2190 3358 tes
2215 3307 2300 3374 qui
2333 3316 2450 3374 post
2477 3309 2624 3362 illum
2659 3309 2790 3368 fuit:
2819 3328 2922 3365 non
2955 3314 3095 3368 enim
3137 3316 3575 3371 contradicebant
3607 3319 3694 3384 iis,
3766 3377 3774 3384 .

2108 3413 2227 3466 quae
2253 3409 2369 3466 post
2399 3400 2515 3453 illos
2540 3400 2679 3455 edita
2709 3401 2914 3458 fuerant
2946 3425 2959 3459 :
2991 3407 3224 3476 alioquin
3253 3409 3410 3462 etiam
3446 3419 3584 3462 totus
3607 3428 3698 3464 or-

2109 3488 2211 3550 bis,
2244 3491 2328 3559 qui
2362 3507 2466 3544 uno
2491 3507 2758 3549 consensu
2787 3494 2838 3547 id
2865 3499 3117 3566 suse'epit.
3167 3498 3350 3569 Neque
3381 3511 3524 3555 certe
3545 3544 3559 3564 ,
3593 3503 3696 3555 nisi

2107 3584 2274 3654 gratia
2303 3585 2532 3654 Spiritus
2563 3599 2740 3650 esset,
2772 3598 2946 3642 tantus
2980 3591 3165 3644 fuisset
3192 3608 3487 3648 consensus
3515 3611 3540 3644 a
3577 3595 3702 3649 lini-

2110 3676 2209 3731 bus
2231 3677 2295 3730 ad
2330 3676 2464 3733 fines
2509 3694 2677 3748 usque
2725 3689 2917 3744 terrae;
2952 3681 3043 3734 sed
3074 3682 3182 3734 cito
3208 3681 3532 3748 deprehensi
3559 3683 3698 3740 fuis-

2108 3777 2229 3821 sent
2269 3768 2341 3821 illi
2392 3769 2729 3838 ilcceptores,
2763 3786 2932 3838 neque
2987 3781 3090 3823 tam
3147 3772 3398 3839 prmclara
3442 3786 3588 3841 gesta
3630 3793 3702 3831 ex

2111 3859 2372 3925 figmentis
2398 3870 2450 3912 et
2475 3860 2763 3912 mentlaeiis
2793 3870 2938 3927 parta
2970 3861 3357 3916 ennstitisscnt.
3389 3865 3582 3919 Annon
3615 3872 3697 3920 vi.

2106 3948 2202 4002 des
2234 3960 2398 4001 totum
2425 3951 2610 4003 orbem
2641 3951 3020 4004 accedentem?
3044 3953 3364 4006 exstinctum
3409 3962 3700 4014 errorem?

2107 4043 2491 4096 monachorum
2524 4044 2917 4114 philosophiam
2951 4047 3066 4115 plus
3095 4063 3254 4116 quam
3283 4049 3450 4103 solem
3483 4049 3696 4121 fulgen-

2110 4135 2260 4187 tem?
2291 4133 2551 4204 virginum
2583 4136 2820 4190 choros?
2844 4136 2981 4205 piam
3010 4139 3315 4207 religionem
3339 4142 3476 4209 apud
3505 4143 3586 4195 ba:
3605 4144 3699 4198 ba-

2108 4230 2230 4280 ro.‘!
2251 4227 2348 4280 sub
2379 4243 2484 4280 uno
2504 4228 2631 4297 jugo
2661 4230 2958 4284 servientes
3002 4230 3234 4284 omnes?
3280 4230 3463 4301 Neque
3488 4235 3631 4287 enim
3665 4250 3694 4288 a

2107 4321 2260 4376 nobis
2301 4331 2504 4375 tantum
2551 4321 2664 4374 luee
2711 4321 2964 4391 prmdicta
3009 4323 3186 4388 fuere,
3214 4324 3306 4376 sed
3351 4325 3457 4392 jam
3497 4327 3624 4380 olim
3664 4346 3692 4380 a

2105 4413 2519 4484 prophetis.Non
2541 4413 2684 4467 enim
2703 4413 2820 4466 illas
2840 4427 3051 4482 quoque
3073 4414 3373 4469 confutabis
3393 4415 3695 4486 pnedictio—

2109 4520 2235 4558 nes:
2259 4504 2376 4556 libri
2404 4518 2631 4571 namque
2648 4511 2774 4556 sunt
2793 4504 2930 4572 apud
2955 4503 3199 4558 inimicos
3225 4513 3468 4568 nostros;
3495 4506 3655 4560 etiam
3675 4538 3692 4550 ο

2106 4609 2212 4664 que
2240 4592 2376 4661 apud
2400 4592 2838 4661 Cra-cos,quibus
2867 4595 3176 4648 curantibus
3229 4595 3280 4648 iu
3320 4594 3561 4650 Graicam
3592 4597 3692 4650 liu-

2106 4701 2261 4755 gnam
2287 4684 2527 4737 translati
2556 4696 2699 4738 sunt.
2732 4685 2891 4739 Multa
2923 4702 3136 4756 quoque
3174 4686 3250 4740 illi
3288 4686 3355 4741 dc
3385 4687 3466 4741 bis
3495 4689 3688 4756 prredi-

2106 4789 2253 4841 cunt,
2287 4777 2630 4831 ostendentes
2663 4778 2824 4831 Deum
2858 4793 2975 4832 esse
3007 4781 3152 4833 illum
3179 4779 3266 4847 qui
3301 4790 3556 4834 venturus
3585 4790 3686 4834 est.

2177 4872 2229 4925 4.
2259 4869 2358 4922 Cur
2379 4885 2479 4922 non
2501 4886 2669 4922 omnes
2687 4869 2909 4921 homines
2932 4870 3154 4920 credunt.
3177 4899 3242 4908 —
3261 4870 3539 4937 Quomodo
3557 4888 3691 4940 ergo

2107 4977 2211 5016 non
2241 4975 2427 5015 omnes
2467 4975 2605 5015 nunc
2641 4959 2899 5014 credunt?
2938 4961 3068 5025 Quia
3121 4961 3170 5012 in
3214 4961 3365 5031 pejus
3405 4977 3490 5015 res
3521 4978 3692 5016 vers-.9

2105 5063 2250 5117 sunt,
2292 5063 2348 5108 et
2389 5069 2485 5108 nos
2529 5053 2582 5107 in
2621 5068 2778 5107 causa
2822 5066 3043 5106 smnus:
3070 5068 3189 5104 nam
3231 5053 3443 5106 denunn
3483 5052 3550 5107 ad
3592 5070 3690 5106 nos

2106 5149 2329 5202 vertitur
2357 5147 2548 5199 oratio.
2579 5145 2691 5200 Non
2720 5145 2860 5198 enim
2885 5159 2947 5196 ex
2971 5144 3134 5213 signis
3159 5155 3280 5198 tunc
3301 5145 3472 5197 Solum
3501 5145 3688 5199 crede-

2105 5243 2260 5304 bant;
2288 5241 2380 5297 sed
2402 5241 2564 5296 etiam
2588 5255 2652 5294 ex
2675 5238 2778 5291 vita
2804 5237 2951 5290 multi
2984 5237 3050 5292 ad
3076 5237 3434 5293 accedendum
3466 5237 3689 5291 induce.

2105 5337 2315 5390 bantur.
2345 5334 2474 5389 Nam
2507 5333 2579 5385 ait
2610 5332 2696 5384 ille
2722 5349 2736 5383 :
2765 5329 2950 5382 Luceat
2975 5332 3064 5384 lux
3084 5340 3244 5383 vestra
3274 5347 3444 5383 coram
3467 5329 3685 5382 homini-

2104 5429 2213 5488 bus,
2243 5438 2297 5480 ut
2328 5427 2525 5480 videant
2553 5438 2705 5490 Opera
2735 5432 2896 5474 vestra
2917 5422 3067 5485 bona,
3093 5431 3138 5474 et
3165 5422 3445 5490 glori/irent
3481 5421 3685 5475 l’atrcm

2104 5529 2348 5581 vestrum,
2394 5517 2480 5585 qui
2523 5531 2574 5566 m
2612 5515 2748 5567 cu'lt's
2795 5524 2866 5566 cst
2916 5515 2934 5583 (
2968 5512 3052 5564 Id.
3105 5513 3155 5566 5.
3193 5514 3253 5566 lli
3287 5515 3329 5582 ).
3368 5512 3519 5566 Tunc
3557 5509 3683 5564 Erat

2104 5613 2327 5666 omnium
2358 5625 2442 5662 cor
2468 5619 2515 5662 et
2541 5610 2708 5661 animo
2745 5626 2844 5661 una
2866 5649 2879 5671 ,
2925 5617 2970 5660 ct
3010 5607 3179 5660 nullus
3211 5608 3472 5678 quidpiam
3502 5623 3678 5661 eorum
3726 5633 3731 5639 -

2168 5768 2240 5831 (ιι)
2264 5768 2344 5816 llic
2365 5765 2536 5817 Celsus
2558 5773 2649 5826 est,
2675 5772 2838 5816 contra
2862 5777 3008 5827 quem
3034 5765 3223 5830 scripsit
3254 5767 3508 5829 origcncs.
