3954 6130
297 304 366 365 53
1345 302 1412 363 IN
1450 303 1667 363 EPIST.
1708 302 1730 356 ι
1794 300 1888 357 ΑΙ)

1997 298 2081 356 ιιι.
2124 299 2355 361 “Uilla.
2398 301 2508 359 VII.
2739 329 2742 332 ’
3493 311 3567 371 53

290 445 408 502 qua!
425 427 662 494 habebat,
685 425 877 481 dicebat
892 441 996 480 esse
1013 423 1308 495 proprium;
1330 422 1418 479 sed
1439 420 1686 475 habebant
1706 418 1878 474 omnia

258 560 261 563 .
294 520 623 583 communia,
654 526 701 570 et
737 515 1050 570 dividebatur
1088 515 1305 586 singulis
1351 522 1496 583 prout
1533 513 1713 581 cuique
1753 527 1880 582 Opus

294 618 408 660 erat
439 607 574 676 (Act.
606 609 662 662 4.
689 607 778 663 52.
809 608 936 678 35);
966 616 1020 662 et
1047 608 1208 661 vitam
1237 608 1466 677 agebant
1486 605 1800 676 angelicam.
1822 602 1880 659 Si

276 711 441 751 ~nunc
478 697 543 749 ita
583 694 709 761 fiat,
751 706 921 751 totum
947 697 1132 751 orbem
1161 699 1363 766 absque
1402 697 1568 767 signis
1594 705 1848 751 converte

300 801 435 840 nms.
483 786 695 841 Interim
743 803 912 854 vero,
953 790 1044 858 qui
1089 789 1274 848 volunt
1317 788 1545 843 salutem
1586 789 1877 863 consequi,

298 877 573 930 attendant
619 875 909 948 Scripturis
933 896 945 930 :
972 879 1083 932 illic
1121 880 1265 934 enim
1311 879 1423 933 lure
1453 881 1708 948 prati-lare
1734 888 1880 949 gest.)

295 969 603 1036 invenient,
648 978 810 1039 atque
856 969 938 1025 his
969 970 1128 1040 longe
1160 971 1329 1041 plura.
1360 971 1488 1025 Nam
1518 971 1616 1041 ipsi
1644 968 1882 1039 magistri

297 1059 451 1129 longe
497 1060 582 1113 illa
612 1060 968 1130 superabant,
1002 1062 1054 1114 in
1079 1060 1216 1115 hunc
1241 1072 1292 1115 et
1325 1060 1414 1115 siti
1440 1069 1493 1114 et
1520 1059 1760 1115 nuditate
1785 1059 1880 1115 de—

296 1163 500 1221 gentes.
535 1154 641 1206 Nos
672 1162 847 1207 autem
875 1153 1125 1209 volumus
1154 1154 1332 1207 multis
1364 1153 1463 1211 frui
1492 1152 1718 1217 deliciis,
1743 1151 1882 1206 otio-

293 1259 399 1314 que
422 1259 484 1298 ac
515 1242 749 1299 licentia.
781 1245 851 1298 At
878 1260 984 1299 non
1014 1244 1125 1304 illi;
1155 1244 1263 1298 imo
1287 1243 1622 1297 clamabant:
1646 1242 1726 1295 Ad
1751 1242 1883 1295 lianc

293 1350 451 1400 usque
480 1335 658 1387 florum
685 1336 933 1387 esurimus
963 1343 1009 1387 et
1036 1334 1252 1399 sitimus,
1284 1343 1330 1386 et
1362 1334 1487 1385 muti
1519 1348 1693 1386 sumus
1726 1341 1773 1382 et
1798 1346 1883 1383 ro-

296 1426 465 1495 lnpltis
495 1426 761 1493 erudimur,
790 1437 836 1478 et
866 1425 1123 1479 instabiles
1150 1441 1322 1479 sumus
1346 1424 1424 1494 (Ι.
1449 1422 1565 1478 Cor.
1590 1422 1644 1477 4.
1672 1422 1781 1493 Η).
1820 1421 1884 1475 Et

294 1519 431 1572 alios
459 1516 679 1587 quidem
710 1532 738 1570 a
764 1516 1095 1588 Jerosolyma
1126 1532 1292 1586 usque
1316 1516 1381 1569 ad
1412 1514 1675 1586 Illyricum
1696 1528 1882 1569 curre-

295 1607 422 1669 bat;
468 1607 608 1661 alius
636 1607 693 1660 in
718 1606 999 1671 Indorum,
1040 1606 1177 1659 alius
1220 1606 1274 1660 in
1315 1605 1616 1659 Maurorum
1648 1613 1877 1667 terram,

296 1698 443 1752 alius
464 1696 531 1751 ad
559 1698 692 1751 alias
714 1705 892 1766 partes
915 1697 1059 1751 orbis
1085 1715 1098 1750 :
1123 1711 1220 1751 nos
1243 1707 1419 1751 autem
1443 1711 1509 1751 ne
1530 1713 1557 1749 a
1581 1698 1745 1765 patria
1767 1695 1884 1763 qui-

292 1791 422 1845 dem
450 1789 634 1859 egredi
659 1788 940 1856 audemus,
970 1788 1063 1844 sed
1091 1787 1311 1843 delicias
1333 1789 1619 1857 qumrimus
1641 1789 1883 1857 milesque

291 1878 629 1942 splendidas,
654 1886 710 1933 et
730 1878 884 1931 aliam
908 1893 1121 1931 omnem
1146 1894 1319 1932 rerum
1342 1876 1569 1945 copiam.
1595 1876 1720 1942 Quis
1741 1877 1881 1930 enim

292 1979 537 2030 nmtrum
568 1969 795 2025 esurivit
823 1985 1072 2039 umquam
1107 1978 1321 2038 propter
1347 1969 1563 2022 verbum
1594 1967 1725 2023 Dei?
1763 1969 1883 2037 quis

298 2062 350 2114 in
390 2059 684 2115 solitudine
713 2059 846 2114 fuit?
874 2060 995 2130 quis
1039 2058 1197 2130 longe
1229 2059 1595 2129 peregrinatus
1622 2058 1736 2112 est?
1764 2058 1884 2127 quis

292 2166 359 2205 ex
387 2149 701 2205 doctoribus
739 2163 806 2203 ex
835 2148 1019 2204 labore
1049 2165 1303 2203 manuum
1336 2149 1540 2210 vivens,
1574 2148 1694 2202 aliis
1725 2163 1881 2218 Opem

296 2241 411 2296 tulit
435 2240 460 2294 τ
504 2239 628 2311 quis
658 2248 885 2294 mortem
913 2239 1165 2295 sustinuit
1207 2239 1606 2309 quntidianam?
1634 2240 1766 2293 llinc
1790 2239 1882 2308 qui

296 2333 578 2388 nobiscum
596 2342 744 2397 sunt,
763 2332 1065 2403 ignaviores
1081 2331 1233 2386 ﬁunt.
1255 2333 1462 2387 Etenim
1485 2333 1531 2388 si
1551 2334 1671 2403 quis
1691 2333 1882 2388 viderit

296 2424 499 2477 milites
527 2432 587 2478 et
609 2422 795 2486 duces,
827 2438 949 2477 cum
982 2421 1141 2491 fame,
1187 2422 1277 2477 siti
1321 2435 1376 2478 et
1413 2434 1587 2478 morte
1627 2424 1884 2493 malisque

295 2514 552 2568 omnibus
576 2521 952 2567 concertantes
972 2553 988 2578 ,
1037 2511 1205 2583 frigus
1244 2521 1299 2567 et
1334 2512 1568 2581 pericula
1600 2513 1884 2584 omniaque

296 2603 539 2659 ferentes
565 2604 778 2658 leonum
803 2605 970 2657 instar
990 2611 1047 2658 et
1067 2612 1286 2660 strenue
1306 2613 1559 2675 agentes;
1585 2603 1885 2676 deindeque

296 2695 702 2769 philosophiam
730 2695 874 2750 illam
902 2694 1173 2751 solventes
1198 2737 1214 2763 ,
1243 2704 1299 2750 et
1326 2696 1598 2751 molliores
1624 2697 1842 2753 eﬂ'ectos
1864 2737 1881 2762 ,

298 2787 547 2859 pecunia
576 2785 796 2857 cupidos
818 2827 833 2852 ,
876 2786 1321 2858 negotiationibus
1350 2796 1405 2843 et
1443 2789 1519 2844 rei
1547 2788 1883 2859 cauponaria:

297 2880 621 2946 studentes,
664 2887 720 2935 et
755 2879 824 2933 ab
865 2878 1110 2935 hostibus
1149 2878 1419 2945 devictos;
1462 2890 1715 2936 extremae
1741 2890 1885 2936 esset

297 2975 552 3029 amentia:
582 2975 768 3026 harum
809 2986 988 3026 rerum
1029 2987 1242 3028 causam
1270 2988 1537 3043 qurerere.
1568 2973 1680 3029 Hoc
1704 2982 1884 3030 autem

298 3066 367 3119 de
410 3063 565 3119 nobis
613 3071 669 3118 et
715 3061 783 3117 de
826 3061 1122 3132 majoribus
1166 3064 1365 3117 nostris
1406 3063 1884 3133 cogitemusznam

298 3155 540 3209 omnium
571 3152 903 3208 imbecillimi
924 3152 1049 3208 facti
1077 3167 1282 3219 sumus,
1306 3162 1359 3208 et
1384 3154 1504 3208 vitae
1526 3155 1772 3223 pra-senti
1788 3153 1885 3209 ad-

300 3248 451 3302 dicti.
479 3246 632 3314 Quod
656 3246 701 3301 si
732 3247 984 3302 inventus
1010 3246 1275 3317 quispiam
1305 3245 1464 3302 fuerit
1488 3246 1764 3318 vestigium
1793 3247 1888 3302 ba-

304 3339 444 3392 bens
481 3336 681 3392 veteris
721 3337 1033 3407 sapientiae,
1070 3337 1114 3392 is
1144 3336 1275 3391 foris
1312 3346 1366 3391 et
1402 3337 1620 3393 urbibus
1650 3338 1851 3394 relictis
1872 3380 1887 3400 ,

312 3439 478 3498 atque
517 3429 570 3483 iu
614 3428 888 3501 hominum
932 3429 1112 3484 medio
1149 3430 1350 3483 versari
1381 3438 1437 3483 et
1462 3429 1595 3485 alios
1624 3430 1890 3485 moderari

309 3532 557 3583 cessans,
585 3517 653 3571 ad
681 3528 884 3573 montes
911 3533 969 3574 se
993 3516 1238 3573 confert:
1261 3517 1309 3572 si
1333 3519 1454 3588 quis
1481 3535 1607 3573 vero
1642 3511 1892 3574 secessus

1985 429 2200 471 causam
2230 416 2552 481 sciscitetur,
2580 429 2796 472 causam
2844 415 2936 473 ille
2982 418 3186 487 pr-Jert
3218 418 3429 477 veniam
3466 436 3572 474 non

1986 516 2303 563 merentem.
2329 508 2407 561 Ne
2430 523 2666 577 peream,
2693 508 2884 579 inquit,
2912 524 2975 563 ac
3002 527 3067 565 ne
3097 510 3341 567 hebetior
3364 513 3431 567 ad
3462 513 3571 567 vir-

1988 609 2154 655 tutem
2183 600 2304 655 liam
2325 643 2340 664 ,
2370 601 2570 656 resilio.
2601 601 2668 657 Et
2695 610 2895 670 quanto
2919 603 3109 657 melius
3136 612 3302 667 esset,
3332 602 3578 661 hebetio-

1986 707 2102 746 rem
2128 701 2179 746 tc
2210 691 2322 747 fieri
2351 701 2405 747 et
2431 692 2567 747 alios
2594 693 2786 748 lucrari
2806 735 2821 759 ,
2856 710 3017 765 quam
3050 695 3099 751 in
3130 696 3239 750 alto
3266 704 3572 751 manentem

1987 784 2180 838 fratres
2208 783 2488 854 despicere
2517 787 2852 855 pereuntes?
2889 787 3114 853 Quando
3146 788 3305 857 igitur
3346 789 3436 843 alii
3466 788 3575 843 vir-

1988 884 2151 929 tutem
2180 890 2285 929 non
2312 884 2523 941 curant,
2554 874 2644 930 alii
2668 875 2758 945 qui
2783 890 2966 931 curam
2990 877 3105 945 ejus
3130 877 3348 947 habent,
3371 879 3439 935 ab
3460 880 3575 937 acie

1987 967 2168 1037 procul
2208 967 2500 1033 recedunt,
2546 968 2813 1038 quomodo
2840 970 3263 1040 expugnabimns
3292 970 3574 1027 inimicos?

1985 1056 2117 1111 Nam
2146 1058 2353 1113 etiamsi
2384 1074 2525 1113 nunc
2549 1060 2700 1130 signa
2725 1070 2926 1126 essent,
2957 1060 3200 1132 quisnam
3228 1063 3575 1132 persuadere-

1989 1151 2112 1204 tur?
2155 1159 2249 1203 aut
2277 1152 2396 1220 quis
2425 1167 2491 1206 es
2521 1152 2758 1207 externis
2787 1151 2943 1206 nobis
2968 1154 3207 1208 animum
3253 1154 3571 1222 adhiberet,

1987 1240 2218 1311 nequitia
2240 1241 2318 1295 sic
2334 1242 2791 1313 supergrediente.
2811 1242 2944 1298 Nam
2963 1245 3066 1298 vita
3089 1256 3233 1300 rt-cte
3253 1254 3372 1299 acta
3392 1248 3516 1300 mult
3530 1248 3574 1301 is

1986 1330 2198 1387 videtur
2223 1347 2343 1387 esse
2373 1334 2539 1403 magis
2567 1333 2671 1389 [ide
2696 1334 2878 1404 digna.
2909 1335 3066 1405 Signa
3110 1336 3256 1391 enim
3301 1338 3440 1406 apud
3470 1339 3573 1392 im-

1986 1421 2249 1492 pudentes
2275 1431 2329 1477 et
2356 1423 2527 1476 malos
2553 1422 2798 1479 homines
2818 1423 2870 1478 in
2898 1440 3114 1494 pravam
3140 1426 3369 1496 aliquam
3392 1428 3572 1496 δειδιιί-

1986 1514 2194 1568 cionem
2234 1515 2488 1579 venient;
2532 1515 2637 1569 vita
2682 1526 2859 1571 autem
2902 1532 3031 1584 pura
3080 1519 3253 1587 ipsum
3285 1534 3346 1574 os
3373 1519 3573 1574 diaboli

1985 1605 2197 1661 abunde
2221 1606 2501 1661 obstruere
2545 1607 2761 1676 poterit.
2812 1608 2937 1664 Ilaec
2966 1620 3143 1663 autem
3174 1609 3296 1665 dico
3323 1620 3378 1665 et
3406 1610 3576 1678 impe-

1987 1699 2226 1754 rantibus
2256 1707 2309 1755 et
2340 1699 2564 1770 imperio
2591 1701 2902 1771 parentibus
2925 1741 2941 1765 ,
2972 1712 3025 1757 et
3057 1718 3164 1769 pra:
3192 1705 3408 1758 caneris
3435 1703 3566 1758 mibi

1988 1790 2110 1859 ipsi,
2157 1800 2214 1845 ut
2258 1789 2417 1843 vitam
2455 1790 2803 1844 exbibeamus
2843 1792 3162 1851 mirabilem,
3202 1802 3255 1846 ct
3302 1808 3424 1846 cum
3470 1808 3568 1847 nos

1991 1881 2136 1949 ipsos
2165 1880 2654 1951 composuerimus.
2678 1881 2959 1950 prasentia
2983 1884 3162 1937 omnia
3190 1883 3571 1951 deSpiciaums.

1987 1974 2404 2030 Contemnamus
2426 1975 2726 2045 pecuniam,
2748 1984 2803 2030 et
2823 1992 2929 2031 non
2947 1988 3353 2032 contemnamus
3370 1977 3574 2046 gehen-

1989 2080 2111 2120 nam
2136 2084 2150 2120 :
2177 2066 2537 2135 despiciamus
2560 2067 2782 2136 gloriam
2808 2106 2826 2132 ,
2857 2075 2914 2122 et
2942 2083 3009 2121 ne
3046 2067 3407 2136 deSpii-iamus
3433 2068 3575 2122 mlu-

1990 2166 2095 2211 tem
2125 2174 2138 2211 :
2166 2156 2251 2211 hic
2274 2157 2563 2211 subeamus
2587 2156 2840 2212 sudorem
2867 2165 2925 2213 ct
2953 2157 3213 2224 laborem,
3246 2166 3304 2213 ut
3332 2173 3438 2213 non
3467 2159 3576 2213 illic

1988 2246 2283 2302 incidamus
2312 2247 2363 2301 in
2396 2247 2741 2316 supplicium.
2789 2248 2880 2304 Sic
2909 2263 3032 2303 cum
3060 2249 3347 2317 gentilibus
3376 2250 3574 2304 bellum

1987 2350 2253 2405 geramus,
2275 2336 2353 2391 sic
2373 2336 2492 2391 illos
2511 2336 2840 2393 abducamus
2864 2338 2916 2392 in
2937 2339 3303 2407 captivitatem
3331 2339 3575 2393 libertate

1987 2431 2433 2499 pmstantiorem.
2480 2430 2683 2489 Verum
2730 2430 2845 2486 bzuc
2887 2446 3033 2499 szepc
3084 2441 3141 2487 et
3188 2430 3497 2502 frequenter
3541 2447 3572 2484 a

1989 2522 2143 2576 nobis
2163 2521 2436 2589 dicuntur,
2468 2537 2591 2577 raro
2619 2531 2797 2578 autem
2830 2523 2983 2578 ﬁunt.
3010 2522 3278 2577 Creterum
3320 2522 3434 2578 sive
3462 2522 3576 2579 bzrc

1991 2612 2118 2666 liant
2138 2652 2153 2676 ,
2183 2612 2294 2665 sive
2321 2628 2431 2665 non
2462 2614 2589 2677 ﬂant
2608 2654 2621 2669 .
2650 2628 2862 2687 mquam
2891 2624 2975 2671 est
3019 2629 3112 2683 per
3150 2629 3212 2667 ea
3241 2628 3338 2668 vos
3363 2613 3577 2668 assidue

1990 2717 2231 2758 monere.
2283 2703 2340 2758 Si
2388 2698 2530 2757 etiim
2582 2704 2736 2759 bonis
2786 2703 2965 2759 verbis
3017 2703 3233 2774 quidam
3279 2703 3574 2773 decipiunt,

1990 2794 2159 2849 multo
2188 2792 2355 2863 magis
2380 2809 2477 2863 par
2504 2802 2587 2850 est
2626 2808 2722 2851 eos
2746 2834 2762 2859 ,
2811 2794 2903 2865 qui
2930 2794 2999 2849 ad
3031 2780 3308 2849 veritatem
3343 2793 3574 2860 ducunt,

1991 2899 2095 2937 non
2124 2882 2401 2954 defetigari
2433 2884 2485 2938 in
2514 2883 2744 2941 dicendo
2772 2899 2835 2940 ea
2861 2901 2981 2955 quae
3013 2893 3136 2941 sunt
3164 2884 3338 2941 utilia.
3368 2884 3500 2939 Nam
3530 2886 3577 2939 si

1991 2973 2312 3044 deceptores
2339 2984 2415 3035 tot
2442 2975 2704 3031 machinis
2745 2985 2965 3033 utuntur
2992 2994 3005 3030 :
3029 2975 3286 3046 pecunias
3310 2975 3452 3030 enim
3480 2975 3579 3029 im~

1994 3066 2228 3136 pendunt
2246 3108 2259 3130 ,
2292 3068 2452 3123 verba
2483 3066 2742 3125 adhibent
2762 3107 2779 3133 ,
2805 3066 3039 3137 pericula
3064 3067 3318 3132 subeunt,
3344 3074 3402 3121 et
3442 3080 3578 3136 pra:-

1995 3158 2224 3214 fct-turas
2251 3168 2522 3215 ostentant
2546 3178 2559 3214 :
2584 3160 2753 3215 multo
2791 3159 2961 3231 magis
2999 3175 3137 3225 nos,
3167 3160 3258 3229 qui
3299 3173 3329 3213 a
3372 3157 3579 3212 fallacia

1992 3252 2326 3317 abducimus,
2356 3262 2412 3307 et
2444 3252 2684 3321 pericula
2713 3260 2768 3307 et
2793 3260 2996 3307 mortes
3020 3262 3075 3306 et
3098 3252 3277 3309 omnia
3304 3249 3575 3305 sustinere

1994 3352 2205 3412 oportet
2229 3384 2245 3408 ,
2292 3352 2350 3405 ut
2376 3353 2431 3399 et
2460 3359 2557 3400 nos
2584 3344 2731 3414 ipsos
2755 3353 2813 3400 et
2838 3344 2975 3400 alios
3005 3343 3193 3398 lucrati
3218 3384 3232 3407 ,
3264 3351 3318 3398 et
3346 3342 3576 3397 inimicis

1998 3434 2436 3503 inexpugnabiles
2479 3436 2622 3500 facti,
2662 3433 2925 3504 promissa
2975 3434 3113 3488 bona
3157 3446 3573 3501 consequamur,

2001 3525 2171 3592 gratia
2200 3532 2256 3578 et
2284 3525 2633 3595 benignitate,
2665 3533 2770 3579 etc.

1681 3727 2026 3790 HOMILlA
2071 3732 2208 3792 Vl].

301 3879 437 3936 Car.
470 3878 529 3934 2.
556 3894 610 3933 v.
643 3877 697 3932 6.
732 3875 1050 3946 Sapientiam
1076 3886 1241 3929 autem
1271 3876 1520 3945 loquimur
1558 3876 1687 3928 inter
1717 3873 1887 3945 perfe-

377 3982 516 4034 ctos;
546 3969 850 4037 sapientia»:
876 3982 991 4021 vero
1015 3982 1117 4020 non
1144 3967 1299 4037 hujus
1327 3966 1503 4019 καττιιὶ
1522 4007 1536 4032 ,
1568 3981 1725 4036 neque
1747 3964 1890 4033 prin-

379 4062 550 4131 cipum
579 4061 733 4130 hujus
757 4060 958 4125 stcculi,
993 4060 1080 4129 qui
1119 4060 1484 4123 destruantur;
1519 4058 1572 4112 7.
1601 4057 1688 4110 sed
1727 4056 1891 4125 loqui-

380 4169 497 4205 mur
522 4150 619 4204 Dei
645 4151 945 4221 sapientium
970 4151 1023 4203 in
1047 4149 1306 4220 mysterio,
1333 4164 1447 4216 mue
1471 4147 1760 4201 abscondita
1786 4156 1892 4209 est,

378 4261 534 4317 φιαηι
582 4243 956 4314 μητάεδιὶιιαυὲι
998 4241 1141 4297 Deus
1184 4250 1302 4295 ante
1349 4240 1536 4295 swcula
1578 4239 1633 4301 in
1682 4238 1897 4310 gloriam

378 4346 627 4391 nostram.

382 4430 433 4483 1.
465 4427 728 4483 Tenebras
775 4424 1024 4481 videntur
1065 4439 1186 4480 esse
1227 4425 1345 4479 luce
1374 4419 1790 4494 opportuniores
1834 4420 1900 4473 iis

303 4518 399 4587 qui
430 4517 681 4585 laborant
714 4515 887 4571 oculis
913 4532 929 4581 ;
970 4514 1199 4586 ideoque
1240 4514 1408 4584 magis
1434 4514 1499 4567 ad
1530 4510 1897 4567 adumbratam

302 4606 586 4662 aediculam
613 4605 949 4676 confugiunt.
978 4605 1091 4660 Hoc
1131 4605 1292 4660 etiam
1325 4619 1421 4658 usu
1460 4604 1604 4658 venit
1648 4603 1702 4657 in
1746 4600 1902 4672 spiri-

306 4698 440 4752 tuali
485 4697 768 4767 sapientia.
803 4696 897 4751 Dei
942 4695 1157 4766 quidem
1185 4695 1444 4767 sapientia
1478 4694 1718 4753 externis
1746 4691 1898 4748 vide-

300 4789 472 4844 batur
497 4804 618 4844 esse
646 4788 869 4843 stultitia
900 4804 915 4853 ;
942 4802 1129 4843 eorum
1160 4801 1292 4841 vero
1316 4786 1601 4857 sapientia,
1630 4799 1751 4855 qua:
1777 4798 1903 4837 vere

302 4882 541 4937 stultitia
577 4888 714 4946 erat,
742 4880 810 4934 ab
840 4879 973 4950 ipsis
1000 4879 1260 4952 sapientia
1289 4888 1529 4949 reputata
1563 4876 1680 4931 fuit.
1714 4875 1780 4932 Et
1805 4890 1897 4944 pe-

301 4951 464 5027 rinde
490 4970 858 5041 contingebat,
883 4985 945 5025 ac
973 4970 1018 5024 si
1046 4972 1167 5041 quis
1192 4969 1453 5038 sapientia
1480 4979 1535 5021 et
1564 4975 1679 5022 arte
1707 4966 1902 5036 guber-

303 5061 471 5117 nandi
500 5070 681 5125 utens,
713 5060 1052 5129 polliceretur
1067 5074 1126 5114 se
1147 5058 1265 5114 sine
1291 5073 1425 5112 nave
1451 5066 1506 5111 et
1528 5056 1659 5111 velis
1686 5055 1904 5126 pelagus

300 5152 639 5207 immensum
667 5164 792 5206 esse
819 5150 1294 5217 transmissurum;
1340 5148 1642 5219 deindeque
1675 5154 1906 5202 tentaret

302 5241 611 5296 ratiociniis
654 5241 885 5311 probare
922 5243 1023 5295 hoc
1050 5241 1163 5297 fieri
1200 5255 1400 5312 posse;
1434 5238 1571 5294 alius
1597 5254 1725 5293 vero
1757 5239 1901 5308 quis-

300 5335 450 5406 piam
481 5333 729 5389 omnium
759 5331 1064 5403 imperitus,
1096 5335 1238 5401 navi,
1269 5331 1616 5404 gubernatori
1645 5340 1698 5385 ct
1726 5330 1904 5385 nautis

300 5443 429 5483 sese
462 5426 839 5491 committens,
885 5426 967 5480 sic
995 5439 1115 5479 cum
1155 5430 1442 5487 securitate
1474 5423 1766 5495 navigaret.
1798 5422 1909 5476 llu-

297 5521 392 5593 jus
406 5517 561 5576 enim
587 5534 651 5579 ea
671 5534 795 5591 qua:
812 5517 1027 5574 videtur
1046 5529 1166 5571 esse
1186 5517 1466 5586 Imperitia,
1489 5516 1628 5570 illius
1649 5513 1910 5583 sapientia

305 5612 613 5684 sapientior
634 5619 804 5668 esset.
839 5609 984 5663 Bona
1007 5607 1207 5678 quippe
1226 5617 1309 5661 est
1336 5621 1421 5662 ars
1436 5604 1788 5679 gubernandi,
1813 5599 1909 5657 sed

310 5718 432 5761 uim
460 5703 669 5776 majora
686 5716 851 5775 quam
873 5714 972 5770 par
989 5699 1058 5754 sit
1083 5697 1385 5769 pollicetur,
1415 5699 1637 5756 stultitia
1663 5697 1906 5769 quaedam

660 5803 942 5860 Ριιτιιοι.
989 5796 1107 5855 Gn.
1154 5795 1315 5858 LXI.

2000 3886 2114 3943 est;
2146 3887 2201 3932 nt
2231 3887 2285 3935 et
2319 3879 2494 3934 omnis
2519 3893 2629 3944 ars,
2657 3894 2776 3950 qua:
2805 3894 2910 3936 non
2937 3877 3049 3937 suis
3083 3884 3335 3933 contenta
3363 3886 3443 3934 est
3477 3887 3587 3934 ter-

1997 3970 2176 4027 minis.
2576 3974 2583 3981 ’

2070 4060 2335 4132 Sapientia
2370 4062 2787 4135 pltilosOpltorum
2813 4071 3100 4115 exterarum
3128 4060 3340 4114 stultitia
3367 4071 3494 4115 erat.
3519 4090 3586 4099 --

2000 4152 2091 4207 Sic
2129 4154 2291 4207 etiam
2331 4164 2553 4210 externa
2584 4154 2841 4224 sapientia
2880 4152 3070 4208 fuisset
3111 4153 3391 4223 sapientia,
3423 4152 3467 4206 si
3494 4167 3585 4206 usa

2000 4254 2146 4299 esset
2170 4244 2372 4315 Spiritu
2404 4263 2416 4298 :
2455 4242 2550 4298 sed
2574 4244 2697 4314 quia
2725 4243 2827 4298 sibi
2870 4243 3047 4297 omnia
3092 4243 3357 4312 permisit,
3404 4256 3501 4296 nec
3530 4258 3586 4297 se

2003 4334 2202 4389 a-txilio
2244 4333 2351 4387 ullo
2388 4347 2524 4403 opus
2571 4333 2769 4387 habere
2794 4333 3017 4401 putavit,
3058 4331 3282 4385 stultitia
3323 4332 3455 4385 facta
3486 4342 3587 4395 est,

2004 4425 2104 4479 clsi
2147 4423 2417 4479 videretur
2459 4423 2719 4494 sapientia
2755 4437 2896 4478 esse.
2933 4422 3272 4492 Quapropter
3299 4436 3418 4477 cum
3446 4423 3588 4491 prius

2006 4516 2150 4571 illam
2172 4530 2236 4570 ex
2264 4515 2425 4571 rebus
2452 4515 2581 4586 ipsis
2607 4513 2955 4581 confutasset,
2989 4523 3115 4568 tunc
3145 4513 3286 4568 illam
3315 4503 3589 4573 stultitiam

2007 4608 2249 4671 vocavit;
2278 4615 2334 4662 et
2356 4621 2478 4663 cum
2498 4606 2652 4676 prius
2677 4606 2774 4661 Dei
2805 4605 3120 4675 sapientiam
3142 4619 3205 4659 ex
3238 4604 3448 4681 illorum
3472 4618 3588 4659 seu-

2009 4698 2170 4753 tenlia
2219 4698 2496 4752 stultitiam
2528 4706 2812 4762 vocasset,
2858 4706 2983 4751 tunc
3021 4695 3257 4750 ostendit
3297 4695 3443 4751 illam
3474 4709 3590 4753 esse

2007 4789 2321 4860 sapientiam
2351 4788 2371 4861 (
2399 4804 2522 4845 nam
2548 4799 2668 4858 post
2693 4788 3035 4859 probationes
3064 4796 3188 4843 tunc
3215 4787 3447 4842 maxime
3475 4802 3590 4856 pos-

2008 4889 2132 4936 sunt
2149 4879 2577 4942 contradicentes
2601 4879 2802 4948 pudore
2828 4879 3087 4945 sull‘uudi)
3115 4896 3127 4930 :
3158 4888 3213 4933 ct
3234 4877 3307 4931 ait
3335 4895 3348 4931 :
3373 4876 3593 4945 Sapien-

2012 4972 2131 5025 tiam
2147 4980 2314 5024 autem
2333 4969 2585 5039 loquimur
2608 4971 2736 5024 inter
2758 4974 3024 5040 perfectos.
3049 4968 3180 5023 Nam
3209 4982 3329 5031 cum
3356 4981 3480 5035 ego,
3507 4966 3595 5037 qui

2011 5062 2204 5117 stultus
2224 5074 2346 5116 esse
2368 5067 2424 5114 et
2449 5059 2607 5113 stulta
2648 5058 2941 5128 praedicare
2965 5058 3245 5112 existimor
3261 5097 3276 5120 ,
3299 5055 3597 5125 sapientem

2014 5165 2358 5224 superavere,
2386 5164 2492 5204 non
2535 5164 2630 5218 per
2666 5147 2945 5203 stultitiam
2977 5147 3223 5217 superavi
3261 5147 3597 5217 sapientiam.

2014 5245 2107 5300 sed
2139 5260 2233 5315 per
2257 5243 2571 5312 sapientiam
2600 5238 2972 5311 perfectiorem
2991 5281 3006 5306 ,
3035 5247 3091 5294 et
3119 5248 3317 5295 tantam
3347 5249 3602 5306 tantoque

2017 5335 2105 5387 illa
2138 5333 2415 5403 majorem,
2449 5340 2507 5384 ut
2528 5330 2615 5383 illa
2644 5329 2863 5384 stultitia
2890 5344 3010 5386 esse
3035 5330 3298 5386 videatur.
3324 5329 3451 5384 Ideo
3479 5339 3601 5381 cum

2015 5425 2161 5494 prius
2201 5424 2346 5479 illam
2379 5422 2449 5476 ita
2483 5430 2758 5486 vocasset,
2789 5431 2849 5475 ut
2877 5421 2953 5475 illi
2984 5431 3109 5476 tunc
3139 5420 3524 5481 nominabant,
3550 5426 3611 5468 et

2015 5530 2079 5568 es
2110 5512 2270 5568 rebus
2295 5512 2425 5581 ipsis
2449 5512 2726 5567 victoriam
2764 5511 3124 5575 exhibuisset,
3157 5511 3383 5577 illosque
3412 5505 3601 5557 admo-

2017 5605 2139 5658 dum
2182 5604 2372 5658 stultos
2407 5618 2527 5658 esse
2559 5602 2838 5672 probasset
2879 5619 2893 5656 :
2935 5602 3005 5657 de
3032 5609 3230 5655 cancro
3272 5610 3465 5650 nomen
3498 5595 3602 5664 ipsi

2021 5697 2145 5758 dat,
2167 5693 2307 5765 quod
2349 5694 2401 5750 ei
2427 5694 2747 5759 conveniat,
2788 5691 2971 5744 dicens
2996 5708 3007 5746 :
3037 5688 3354 5757 Sapientimn
3384 5700 3501 5739 vero
3529 5685 3602 5736 lo-

3207 5778 3249 5832 lt-
