3954 6130
379 361 450 418 55
1133 342 1184 398 s.
1219 335 1495 396 JOANNIS
1532 332 2005 394 ettuvsosrout
2045 333 2357 392 ARClllEP.
2397 337 2928 397 CONSTANTINOP.
3585 341 3652 398 εδ

370 463 572 532 gulmur
599 458 728 513 inter
757 460 1020 526 perfectos.
1047 453 1372 523 Sapientiam
1399 459 1577 506 autem
1605 450 1734 507 dicit
1762 451 1954 520 prredi-

381 554 640 607 rationem
674 560 728 604 et
753 549 967 603 modum
1011 545 1229 612 salutis,
1265 559 1456 614 nempe
1485 543 1691 598 salvum
1721 542 1834 596 ﬁcri
1867 556 1960 609 per

375 658 626 706 crucem;
661 639 923 708 perfectos
950 647 1124 692 autem
1147 679 1160 706 ,
1191 651 1288 691 eos
1326 636 1416 706 qui
1467 635 1828 689 crediderunt.
1861 631 1957 686 Ει⁴

374 735 519 787 enim
544 733 616 787 illi
642 731 856 801 perfecti
879 739 1021 795 sunt,
1043 736 1133 801 qui
1159 731 1388 784 humana
1409 727 1648 780 videntes
1665 739 1784 779 esse
1810 725 1962 778 valde

378 825 608 889 inﬁrma,
643 823 836 893 illaque
865 821 1242 891 despicientes,
1289 832 1604 888 persuasum
1638 815 1840 869 habent
1874 816 1959 869 illa

378 917 508 972 nihil
535 916 634 973 sibi
655 914 928 979 conferre,
948 912 1244 985 cujusmodi
1272 911 1487 966 fuerunt
1518 910 1722 966 ﬁdeles.
1744 909 1964 976 Sapien-

377 1011 498 1063 tiam
536 1015 702 1063 autem
729 1023 831 1060 non
872 1005 1026 1075 hujus
1063 1004 1256 1059 surculi.
1304 1002 1403 1058 Ubi
1445 1015 1674 1070 namque
1704 999 1845 1053 utilis
1883 1009 1965 1053 est

376 1109 596 1153 externa
625 1097 906 1166 sapientia,
935 1111 1056 1166 quae
1084 1094 1169 1148 hic
1195 1093 1412 1163 quidem
1439 1091 1635 1146 desinit
1659 1099 1713 1145 et
1740 1090 1963 1144 ulterius

379 1205 485 1244 non
515 1188 874 1259 progreditur,
914 1201 1087 1255 neque
1126 1185 1212 1238 hic
1256 1183 1511 1252 prodesse
1540 1191 1712 1250 potest
1743 1181 1829 1247 iis,
1873 1180 1962 1248 qui

377 1280 464 1334 illa
492 1288 615 1334 sunt
642 1279 887 1348 prmditi?
917 1277 1191 1345 Principes
1211 1282 1386 1328 autem
1415 1272 1596 1326 seeculi
1621 1270 1705 1325 hic
1731 1285 1835 1325 non
1858 1269 1970 1323 dte-

383 1385 567 1424 mones
611 1369 869 1440 quosdam
909 1366 1060 1432 dicit,
1096 1377 1150 1419 ut
1180 1364 1394 1435 quidam
1445 1363 1820 1432 snSpicantur;
1871 1359 1964 1414 sed

381 1477 498 1526 eos,
545 1461 634 1530 qui
667 1462 718 1514 in
758 1458 1103 1528 dignitatibus
1131 1465 1186 1510 et
1229 1455 1282 1509 in
1327 1455 1662 1523 magistratu,
1712 1452 1802 1522 qui
1851 1466 1964 1505 rem

384 1552 525 1605 illaut
568 1553 876 1611 existimant
916 1547 1260 1617 prmclaram,
1295 1543 1664 1614 philosolthos,
1697 1550 1964 1605 oratores,

381 1643 674 1712 scriptores
705 1657 719 1695 :
765 1657 885 1694 nam
931 1641 984 1694 hi
1018 1655 1162 1708 saepe
1193 1638 1527 1707 imperabant
1564 1644 1617 1689 et
1658 1635 1969 1704 plerumque

380 1732 563 1801 pepuli
596 1732 844 1786 ductores
883 1741 1057 1784 erant.
1089 1729 1255 1798 llujus
1284 1737 1460 1780 autem
1487 1725 1667 1779 surculi
1700 1723 1968 1793 principes

386 1823 628 1884 vocavit,
661 1822 783 1892 quia
817 1821 1052 1890 ipsorum
1096 1819 1376 1888 imperium
1422 1831 1528 1871 non
1559 1816 1695 1870 ultra
1736 1826 1970 1884 praesens

384 1913 637 1970 saeculum
680 1912 962 1981 procedit:
996 1909 1346 1979 quamobrem
1391 1906 1705 1976 subjunxit:
1742 1904 1842 1970 Qui
1885 1904 1972 1955 de-

383 2014 672 2067 struantur;
703 2019 768 2056 ex
796 2018 853 2057 re
879 2003 989 2071 ipsa
1017 2001 1160 2054 illam
1185 1997 1470 2053 confutans
1496 2005 1550 2051 et
1576 2011 1638 2050 ex
1670 1995 1733 2047 iis
1761 1993 1850 2062 qui
1882 1993 1971 2046 illa

385 2106 626 2151 utuntur.
669 2094 802 2149 Cum
834 2091 1161 2146 ostendisset
1196 2091 1338 2143 enim
1370 2088 1514 2140 illam
1547 2085 1732 2140 falsam
1769 2096 1890 2138 esse
1918 2091 1971 2136 et

386 2190 602 2244 stultam
624 2229 638 2253 ,
670 2197 724 2241 et
757 2186 888 2239 nihil
919 2183 1159 2238 invenire
1191 2195 1344 2248 posse
1367 2222 1382 2243 ,
1413 2179 1786 2243 inﬁrmamque
1812 2188 1971 2228 esse:

387 2282 622 2335 ostendit
657 2281 818 2334 etiam
864 2292 1030 2346 parvo
1058 2286 1301 2343 tempore
1329 2273 1645 2327 consistere.
1680 2269 1791 2324 Sed
1812 2268 1976 2337 loqui-

389 2388 503 2424 mur
536 2371 626 2422 Dei
653 2369 957 2435 sapientiam
986 2367 1038 2419 in
1064 2364 1319 2434 mysterio.
1347 2361 1405 2415 In
1435 2375 1542 2430 quo
1564 2356 1859 2430 mysterio?
1883 2358 1976 2410 At-

389 2464 477 2531 qui
515 2462 640 2516 dicit
672 2460 918 2514 Christus
949 2475 962 2511 :
999 2457 1150 2524 Quod
1181 2457 1235 2508 in
1274 2470 1396 2508 aure
1429 2453 1674 2515 audistis,
1709 2450 1978 2520 praedicata

391 2570 542 2622 super
571 2561 695 2604 (ccta
726 2548 938 2620 (Matth.
967 2549 1050 2602 l0.
1075 2547 1186 2617 27).
1212 2543 1492 2611 Quomodo
1514 2557 1641 2612 ergo
1663 2541 1808 2595 illam
1825 2549 1979 2594 vocat

395 2643 744 2715 mysterium?
772 2639 904 2708 Quia
937 2653 1110 2709 neque
1136 2636 1359 2706 angelus
1389 2648 1562 2704 neque
1591 2631 1942 2702 archangelus
1961 2672 1975 2694 ,

394 2751 566 2805 neque
591 2735 691 2787 ulla
716 2741 891 2824 creata
919 2738 1153 2802 potestas
1179 2729 1229 2782 id
1253 2737 1471 2782 noverat
1496 2733 1781 2795 antequam
1807 2721 1974 2776 ﬁeret.

396 2828 520 2881 Ideo
550 2827 643 2890 ait,
678 2823 743 2879 Ut
775 2815 1054 2877 iu'notcscat
1083 2837 1215 2874 uuuc
1245 2817 1612 2890 principatibus
1640 2825 1685 2870 et
1717 2815 1977 2885 potestati-

397 2923 488 2975 bus
527 2922 580 2974 in
607 2918 888 2974 ca’lestibus
927 2933 1016 2986 per
1057 2914 1338 2969 Ecclesium
1381 2911 1703 2983 multiformis
1734 2907 1982 2977 sapientia

403 3011 500 3065 Dei
529 3008 746 3080 (Ephes.
780 3008 834 3061 ’5.
863 3006 976 3076 l0).
1009 3005 1120 3059 lloc
1146 3013 1322 3058 autem
1355 3001 1481 3058 fecit
1511 3001 1650 3056 Deus
1681 3013 1776 3053 nos
1809 2998 1980 3052 hono-

402 3116 550 3164 rans,
582 3109 639 3153 ut
664 3099 942 3153 nobiscum
973 3096 1220 3150 audirent
1252 3091 1527 3164 mysteria.
1560 3091 1690 3146 Nam
1727 3103 1822 3144 nos
1851 3102 1982 3159 quo-

401 3208 507 3262 que
536 3191 632 3254 cis,
666 3203 800 3260 quos
832 3188 984 3243 nobis
1011 3187 1292 3242 fecerimus
1322 3184 1543 3249 amicos,
1578 3183 1678 3236 hoc
1704 3196 1985 3251 argumen-

401 3293 514 3339 tum
540 3283 767 3337 dicimus
788 3294 908 3336 esse
928 3278 1174 3333 amicitia:
1200 3286 1419 3342 nostrze,
1449 3274 1591 3346 quod
1614 3273 1815 3329 nemini
1842 3273 1987 3342 prius

400 3391 560 3446 quam
588 3374 718 3445 ipsis
743 3381 948 3428 secreta
979 3370 1301 3426 revelemus.
1332 3367 1564 3422 Audiaut
1595 3367 1628 3421 ii
1657 3366 1746 3436 qui
1793 3363 1987 3435 przedi-

400 3468 670 3522 cationem
723 3463 1049 3528 traducunt,
1117 3461 1470 3530 omnibusque
1527 3456 1987 3513 iudiseriminatim

402 3558 719 3628 margaritas
753 3565 806 3610 et
849 3555 1036 3625 dogma
1065 3553 1342 3607 enuntiant
1372 3559 1426 3605 et
1466 3557 1648 3605 sancta
1690 3547 1909 3602 canibus
1936 3555 1990 3600 et

403 3652 580 3721 porcis
609 3647 999 3720 superﬂuisque
1028 3644 1320 3700 ratiociniis
1352 3641 1658 3712 projiciunt.
1683 3639 1989 3710 Mysterium

409 3759 637 3812 namque
685 3740 1002 3810 probatione
1045 3754 1180 3806 opus
1227 3747 1334 3790 mm
1384 3735 1578 3798 habet;
1612 3733 1704 3788 sed
1748 3734 1798 3787 id
1852 3731 1991 3801 quod

410 3843 494 3886 est
543 3833 910 3884 annuntiatur.
967 3827 1177 3882 Etenim
1234 3839 1339 3878 non
1391 3825 1496 3878 erit
1547 3831 1719 3876 totum
1791 3831 1990 3890 myste-

410 3923 548 3974 rium
602 3918 882 3980 diviuum,
925 3929 1046 3970 cum
1098 3929 1128 3967 a
1175 3922 1225 3967 te
1286 3912 1406 3992 ipsg
1456 3910 1653 3978 aliquid
1704 3909 1990 3963 addideris.

411 4009 659 4078 Alioquin
689 4019 816 4060 vero
846 4004 1160 4076 mysterium
1196 4010 1440 4063 vocatur,
1467 4001 1590 4070 quia
1628 4014 1732 4053 non
1775 4014 1891 4068 quae
1922 4000 1996 4052 vi-

411 4100 622 4162 demus,
652 4095 957 4162 crcdimus,
982 4092 1076 4149 séd
1119 4093 1222 4147 alia
1264 4091 1527 4153 videmus,
1551 4089 1654 4144 alia
1703 4089 1992 4144 credimus.

413 4188 558 4242 'l‘alis
601 4201 833 4255 namque
876 4193 960 4241 est
1001 4183 1380 4255 mysmriorum
1431 4191 1738 4235 nostrorum
1787 4189 1996 4235 natura.

417 4279 535 4335 Alio
565 4280 725 4351 igitur
755 4276 914 4333 modo
941 4292 1069 4348 ego,
1113 4285 1167 4332 ct
1203 4276 1307 4330 alio
1346 4275 1580 4330 inﬁdelis
1610 4275 1751 4330 circa
1783 4275 1897 4330 haec
1924 4274 2000 4329 al-

417 4368 540 4427 fecti
569 4384 772 4426 sumus.
808 4365 982 4424 Atidio
1007 4383 1126 4439 ego,
1157 4365 1300 4438 quod
1325 4364 1612 4422 cruciﬁxus
1637 4366 1705 4421 sit
1731 4365 1996 4431 Christus,

416 4475 474 4522 et
505 4466 620 4533 ejus
645 4477 769 4532 erga
798 4462 1043 4517 homines
1077 4474 1314 4515 amorem
1345 4459 1524 4514 statim
1561 4459 1828 4524 admiror;
1857 4457 2002 4513 audit

419 4556 545 4621 ille,
578 4562 634 4608 et
671 4536 1090 4607 imbecillitatem
1120 4561 1267 4622 putat
1295 4568 1309 4604 :
1342 4549 1500 4605 audio
1529 4549 1671 4618 quod
1702 4565 1888 4605 servus
1928 4552 2003 4604 fa-

421 4653 540 4700 ctus
566 4642 654 4707 sit,
683 4650 738 4696 et
769 4641 1153 4713 provmen‘tiam
1182 4639 1450 4702 admiror;
1478 4637 1624 4692 audit
1653 4638 1743 4693 ille
1763 4647 1818 4693 et
1841 4639 2004 4692 dedc-

418 4752 516 4794 cus
537 4749 656 4792 esse
676 4744 830 4806 putat
852 4752 866 4789 :
890 4733 1049 4787 audio
1069 4732 1209 4802 quod
1233 4739 1475 4786 mortuus
1496 4731 1584 4796 sit,
1608 4738 1662 4785 et
1681 4731 1746 4786 de
1770 4731 2002 4799 potentia

421 4832 539 4898 ejus
582 4828 937 4897 obstupesco,
985 4823 1130 4893 quod
1166 4839 1193 4875 a
1234 4833 1407 4879 morte
1437 4839 1543 4878 non
1575 4832 1857 4894 superatus
1898 4823 2001 4888 sit,

422 4922 531 4976 imo
557 4920 715 4976 etiam
746 4925 971 4972 mortem
997 4914 1328 4979 dissolverit;
1358 4915 1505 4970 audit
1532 4917 1655 4983 ille,
1685 4925 1736 4971 et
1763 4915 2004 4971 imbecil-

425 5013 628 5066 litatem
674 5008 994 5078 suSpicatnr.
1041 5005 1171 5060 Cum
1212 4989 1358 5060 audit
1395 5006 1484 5061 ille
1513 5007 2001 5070 resurrectionem,

423 5103 658 5156 fabulam
690 5115 810 5156 esse
839 5109 987 5170 putat
1012 5117 1026 5165 ;
1057 5113 1157 5168 ego
1189 5113 1318 5153 vero
1344 5108 1457 5167 post
1486 5108 1733 5168 acceptas
1760 5113 1823 5152 ex
1847 5099 2007 5153 rebus

426 5193 554 5261 ipsis
580 5190 1081 5254 demonstrationes,
1116 5190 1208 5244 Dei
1245 5189 1598 5246 meonomiam
1625 5188 1811 5243 adoro.
1843 5187 2009 5242 Lava-

426 5298 578 5335 crum
620 5281 844 5336 audiens
888 5281 1011 5348 ille,
1057 5296 1248 5349 aquam
1293 5291 1495 5335 tantum
1541 5295 1662 5336 esse
1700 5287 1877 5349 putat;
1909 5296 2009 5350 ego

428 5388 555 5449 vero
587 5386 690 5426 non
715 5370 856 5441 quod
885 5371 1090 5426 videtur
1115 5371 1287 5425 solum
1313 5372 1536 5441 aspicio,
1569 5371 1662 5426 sed
1684 5371 1842 5427 etiam
1868 5373 2011 5440 puri-

431 5462 730 5519 ﬁcaliouem
761 5461 952 5516 anima:
979 5476 1076 5530 per
1100 5461 1376 5530 Spiritum.
1407 5461 1688 5516 Existimat
1712 5462 1800 5517 ille
1837 5464 2008 5517 solum

433 5553 560 5608 mihi
583 5552 823 5607 ablutum
853 5564 972 5607 esse
996 5565 1223 5618 corpus;
1256 5566 1356 5620 ego
1382 5560 1559 5606 autem
1585 5553 1748 5607 credo
1777 5553 2009 5607 animam

429 5658 642 5712 quoque
668 5655 853 5713 puram
882 5650 936 5696 et
962 5649 1198 5695 sanctam
1226 5639 1420 5696 factam
1460 5656 1580 5698 csse
1598 5684 1614 5709 ,
1646 5652 1700 5699 et
1725 5648 1900 5714 cogito
1927 5658 2012 5698 se-

434 5731 697 5800 pulcrum,
716 5731 1183 5800 resurrectionem,
1207 5731 1704 5805 sanctiﬁcationem,
1725 5736 2004 5808 justitiam,

2073 451 2495 520 redemptionem
2521 495 2534 519 ,
2584 454 2924 524 adoptionem
2946 496 2961 518 ,
2995 455 3347 510 hereditatem
3369 496 3384 521 ,
3431 473 3648 526 regnum

2067 541 2320 596 ca~lorum
2341 585 2355 610 ,
2383 543 2565 598 datum
2596 545 2873 615 Spiritum.
2907 544 3021 601 Non
3047 547 3188 599 enim
3229 561 3294 600 ex
3334 548 3447 602 visu
3473 548 3654 618 judico

2067 633 2155 688 illa
2184 651 2302 704 quae
2329 647 2618 706 apparent,
2661 637 2756 693 sed
2793 640 2987 693 mentis
3021 640 3211 694 oculis.
3257 641 3429 694 Audio
3460 657 3652 712 corpus

2065 725 2302 792 Christi;
2337 727 2494 782 aliter
2523 742 2622 797 ego
2663 728 2862 783 dictum
2896 729 3166 799 intelligo,
3213 731 3368 784 aliter
3398 730 3652 787 inﬁdelis.

2138 818 2192 872 2.
2223 819 2301 873 Ac
2331 819 2784 889 quemadmodum
2822 823 2969 890 pueri
3016 823 3183 876 libros
3213 821 3487 888 videntes,
3537 823 3644 878 lite

2071 923 2249 962 rarmn
2285 909 2392 962 vim
2426 925 2531 964 non
2559 912 2734 966 sciunt
2755 951 2770 975 ,
2803 926 2901 966 nec
2941 927 3003 967 ea
3049 921 3247 966 norunt
3283 929 3403 982 qua:
3434 913 3654 978 vident;

2071 1000 2179 1054 imo
2205 1015 2332 1054 vero
2354 1001 2397 1055 si
2425 1001 2507 1055 vir
2531 1001 2803 1056 literarum
2835 1002 3111 1072 imperitus
3132 1004 3234 1067 sit,
3267 1003 3369 1058 hoc
3401 1005 3525 1057 item
3557 1005 3652 1072 ipsi

2072 1095 2322 1158 eveniet;
2355 1094 2444 1162 qui
2468 1109 2596 1148 vero
2621 1097 2826 1164 peritus
2855 1105 2959 1160 est,
2993 1097 3212 1150 multam
3242 1097 3413 1151 literis
3444 1097 3652 1150 insitam

2071 1183 2178 1237 vim
2211 1185 2475 1250 inveniet,
2509 1186 2647 1240 vitas
2677 1186 2914 1257 integras
2957 1197 3012 1241 et
3055 1187 3340 1242 historias:
3373 1197 3425 1243 et
3454 1191 3656 1257 episto-

2075 1275 2177 1330 lam
2225 1277 2503 1344 imperitus
2549 1279 2854 1348 accipiens,
2903 1279 3143 1334 chartam
3191 1295 3311 1334 esse
3357 1282 3562 1350 putabit
3605 1289 3658 1336 et

2071 1379 2465 1437 atramentum;
2500 1373 2703 1442 peritus
2737 1388 2864 1428 vero
2894 1384 2946 1428 et
2987 1390 3175 1429 vocem
3205 1375 3419 1443 audiet,
3453 1385 3506 1429 ct
3535 1393 3658 1432 eum

2072 1461 2292 1517 absente
2321 1463 2581 1529 disseret,
2613 1464 2831 1534 etquod
2863 1465 3090 1520 voluerit
3119 1481 3302 1520 rursus
3343 1482 3437 1536 per
3477 1469 3660 1522 literas

2073 1551 2215 1607 dicet
2240 1571 2253 1606 :
2283 1553 2352 1607 ita
2379 1553 2540 1608 etiam
2573 1555 2623 1608 in
2653 1556 2906 1626 mysterio
2928 1559 3106 1611 evenit
3135 1574 3146 1608 :
3182 1557 3419 1611 inﬁdeles
3445 1559 3658 1628 quidem

2073 1645 2282 1699 etiamsi
2322 1645 2569 1712 audiant,
2601 1648 2786 1703 audire
2832 1664 2937 1702 non
2966 1649 3240 1715 videntur;
3275 1651 3458 1704 ﬁdeles
3482 1661 3658 1705 autem

2073 1735 2163 1804 qui
2204 1751 2298 1804 per
2327 1735 2583 1805 Spiritum
2618 1738 2863 1807 pcritiatn
2905 1739 3137 1803 habent,
3182 1739 3286 1792 vim
3329 1741 3660 1794 reconditam

2076 1827 2276 1883 vident.
2311 1829 2424 1884 lloc
2467 1831 2626 1900 igitur
2671 1831 2951 1885 declarans
2992 1831 3183 1885 Paulus
3223 1829 3464 1897 dicebat,
3515 1832 3661 1898 Quod

2077 1934 2210 1972 nunc
2231 1937 2428 1990 quoque
2452 1924 2518 1974 sit
2546 1923 2896 1976 absconditum
2920 1923 3056 1989 quod
3082 1923 3390 1990 pra’dicalur
3409 1939 3427 1975 :
3455 1941 3666 1991 pereun—

2076 2012 2205 2064 tibus
2247 2015 2412 2078 enim,
2459 2015 2660 2082 inquit,
2707 2025 2776 2068 est
2815 2015 3161 2068 absconditum
3205 2015 3292 2087 (9..
3327 2015 3444 2069 Cor.
3485 2017 3537 2070 4.
3575 2018 3658 2084 3).

2079 2101 2327 2171 Alioquin
2351 2111 2528 2157 autem
2556 2105 2986 2172 pra-dicationem
3015 2107 3382 2162 admirabilem
3407 2107 3661 2164 ostendit.

2080 2191 2153 2245 lla
2182 2193 2319 2246 solet
2360 2209 2552 2248 vocare
2579 2195 2848 2264 Scriptura
2894 2197 2979 2249 illa
3000 2239 3012 2258 ,
3059 2213 3176 2266 quzc
3219 2206 3408 2270 praeter
3434 2213 3582 2266 spem
3613 2207 3669 2252 et

2080 2298 2243 2352 supra
2273 2293 2506 2338 mentem
2541 2285 2823 2339 humanam
2852 2297 2992 2340 sunt.
3032 2287 3154 2342 Ideo
3182 2287 3308 2341 alibi
3350 2303 3563 2357 quoque
3589 2288 3670 2343 di-

2080 2374 2172 2438 cit,
2204 2373 2502 2444 Mysterium
2529 2392 2692 2428 meum
2720 2377 2843 2428 mihi
2870 2387 2914 2429 et
2943 2379 3064 2430 meis
3092 2378 3192 2447 (Is.
3222 2377 3311 2431 9.4.
3345 2378 3432 2446 7);
3465 2388 3519 2432 et
3547 2394 3669 2433 rur-

2083 2478 2197 2517 sum
2229 2464 2420 2517 Paulus
2451 2481 2462 2517 :
2499 2463 2628 2518 Ecce
2655 2467 2943 2536 mysterium
2985 2467 3120 2520 vobis
3164 2467 3276 2521 dico
3307 2483 3324 2520 :
3353 2483 3524 2521 omnes
3553 2469 3669 2538 qui-

2084 2556 2196 2607 dem
2219 2572 2317 2608 uou
2339 2556 2662 2622 dormicntus,
2687 2574 2856 2611 omnes
2877 2567 3042 2610 autem
3062 2557 3436 2611 immutabiutur
3453 2559 3502 2626 (Ι
3517 2599 3528 2610 .
3548 2557 3668 2612 Cor.

2086 2646 2172 2700 15.
2204 2646 2317 2716 51).
2351 2648 2459 2700 Etsi
2489 2664 2650 2718 porro
2679 2649 2872 2718 ubique
2902 2649 3236 2718 praedicatur,
3266 2649 3424 2703 etiam
3449 2650 3528 2703 sic
3556 2665 3673 2721 my-

2086 2736 2306 2791 sterium
2353 2748 2454 2790 est.
2490 2737 2701 2792 Etenim
2749 2737 2959 2807 utjussi
3008 2753 3226 2803 sumus,
3269 2736 3410 2806 quod
3452 2739 3503 2792 in
3543 2754 3674 2794 aure

2085 2827 2385 2882 audivimus
2431 2829 2720 2898 praedicare
2763 2844 2923 2899 super
2966 2837 3098 2883 tecta
3136 2848 3148 2883 :
3191 2829 3269 2883 sic
3305 2829 3440 2898 jussi
3486 2845 3675 2884 sumus

2087 2929 2270 2973 sancta
2303 2935 2406 2972 non
2435 2920 2564 2973 dare
2592 2919 2832 2982 canibus,
2866 2935 3037 2988 neque
3071 2921 3329 2988 projicere
3356 2922 3675 2989 margaritas

2087 3018 2213 3065 ante
2261 3025 2475 3080 porcos.
2507 3011 2636 3064 Nam
2666 3012 2752 3064 alii
2795 3021 2915 3064 sunt
2943 3010 3200 3065 animales
3223 3053 3235 3073 ,
3265 3021 3319 3065 et
3345 3025 3450 3064 non
3481 3011 3677 3066 intelli-

2089 3110 2244 3170 gunt;
2275 3101 2364 3153 alii
2396 3101 2634 3156 velamen
2664 3101 2860 3156 habent
2884 3117 2976 3157 cor
3001 3117 3157 3156 suum
3185 3101 3461 3172 obtegens,
3490 3111 3545 3157 et
3568 3118 3676 3158 non

2090 3192 2290 3246 vident.
2322 3193 2462 3262 Ergo
2489 3195 2798 3264 mysterium
2832 3193 2960 3247 illud
2997 3205 3076 3248 est
3104 3194 3358 3260 maxime,
3387 3192 3526 3263 quod
3555 3195 3680 3264 qui-

2091 3281 2212 3336 dem
2257 3281 2451 3352 ubique
2495 3283 2832 3351 prwdicatur,
2865 3297 2970 3336 non
3015 3283 3354 3352 cognoscitur
3389 3292 3567 3338 autem
3610 3285 3683 3339 ab

2094 3371 2158 3425 iis
2187 3371 2275 3441 qui
2317 3380 2514 3426 rectam
2546 3388 2650 3425 non
2681 3371 2876 3426 habent
2905 3382 3173 3438 mentem;
3213 3373 3474 3427 revelatur
3499 3382 3682 3430 autem

2096 3477 2200 3515 non
2229 3477 2256 3515 a
2287 3462 2542 3531 sapientia
2565 3504 2580 3527 ,
2620 3463 2713 3517 sed
2742 3477 2771 3516 a
2799 3461 2998 3532 Spiritu
3043 3471 3260 3530 sancto,
3293 3472 3548 3533 quantum
3580 3480 3686 3519 nos

2095 3568 2378 3623 possumus
2401 3555 3055 3623 accipere..Quamobrcm
3084 3570 3191 3608 non
3226 3554 3556 3608 aberraverit
3577 3594 3592 3617 ,
3641 3556 3688 3610 si

2096 3647 2215 3717 quis
2243 3647 2402 3702 etiam
2432 3646 2728 3701 secundum
2760 3646 2860 3700 hoc
2890 3647 3202 3715 mysterium
3225 3646 3570 3714 appellaverit
3590 3663 3690 3702 ar-

2097 3751 2326 3802 canum;
2359 3753 2529 3806 neque
2559 3738 2704 3790 enim
2733 3737 2887 3789 nobis
2917 3735 3160 3789 ﬁdelibus
3185 3735 3379 3790 tradita
3406 3737 3502 3790 luit
3529 3737 3691 3806 plena

2098 3830 2214 3892 ejus
2243 3828 2511 3895 perceptio
2535 3836 2589 3880 et
2609 3823 2854 3879 accurala
2885 3825 3092 3878 notitia.
3117 3825 3451 3894 Quapropter
3475 3827 3696 3888 dicebat

2101 3919 2330 3979 Paulus,
2377 3917 2459 3970 Ex
2489 3928 2630 3985 parte
2670 3917 3016 3984 cognoscimus
3055 3925 3099 3968 ct
3140 3932 3200 3968 ea:
3238 3925 3380 3986 parte
3408 3920 3693 3986 propheta-

2099 4023 2231 4061 mus.
2272 4006 2508 4060 Videmus
2535 4009 2666 4060 enim
2693 4023 2825 4060 nunc
2865 4023 2952 4077 per
2981 4006 3236 4074 speculum
3259 4007 3404 4076 quasi
3448 4009 3500 4060 in
3527 4013 3697 4081 (enig-

2103 4107 2252 4163 ntate,
2302 4108 2419 4150 tunc
2464 4107 2631 4150 autem
2661 4097 2792 4166 [acie
2815 4099 2882 4151 ad
2912 4097 3090 4166 facient
3119 4097 3197 4167 (ι.
3219 4096 3335 4151 Cor.
3368 4098 3454 4152 15.
3485 4098 3538 4153 9.
3573 4101 3692 4169 l2).

2104 4187 2226 4243 Ideo
2259 4187 2421 4253 dicit,
2454 4186 2732 4258 Loquimur
2759 4188 3060 4259 sapientiam
3087 4189 3138 4240 iu
3167 4187 3421 4258 mysterio,
3438 4200 3556 4256 qum
3572 4188 3694 4240 abs-

2104 4279 2339 4358 condita.
2372 4289 2480 4348 est,
2513 4295 2665 4349 quam
2694 4279 3065 4349 praedestinavit
3102 4277 3241 4332 Deus
3282 4287 3398 4332 ante
3424 4277 3614 4331 scccula
3641 4279 3694 4331 in

2119 4382 2345 4452 gloriam
2367 4385 2621 4432 nostram.
2654 4373 3046 4432 Absconditam,
3070 4368 3118 4420 id
3137 4378 3237 4427 est,
3261 4365 3403 4416 nulla
3426 4375 3488 4416 ex
3514 4375 3705 4429 super-

2121 4451 2206 4527 nis
2225 4467 2580 4541 potestatibus
2597 4473 2722 4520 ante
2736 4479 2837 4520 nos
2857 4459 3073 4524 didicit;
3098 4458 3179 4511 Vt'l
3196 4453 3337 4524 quod
3361 4466 3537 4522 neque
3557 4451 3704 4504 mul-

2109 4555 2144 4608 ti
2175 4567 2315 4608 nunc
2342 4563 2574 4608 norunt:
2607 4551 2709 4605 hoc
2752 4551 2894 4605 enim
2935 4550 3237 4606 declaratur
3273 4563 3339 4604 ex
3381 4549 3495 4615 illo,
3529 4548 3698 4616 Quam

2108 4643 2485 4717 praedestinavit
2531 4643 2583 4696 in
2631 4641 2847 4712 gloriam
2889 4650 3110 4696 nostram
3138 4658 3156 4694 :
3196 4655 3518 4710 quamquam
3568 4639 3698 4695 alibi

2107 4738 2269 4803 dicat,
2294 4736 2361 4790 In
2388 4735 2604 4805 gloriam
2630 4752 2774 4790 suam
2799 4734 3017 4805 (Ephcs.
3043 4735 3092 4788 l.
3122 4733 3234 4802 l2).
3258 4733 3418 4788 Suam
3439 4734 3580 4788 enim
3612 4747 3699 4787 re-

2113 4837 2253 4897 putat
2283 4827 2506 4897 gloriam
2529 4827 2754 4882 salutem
2774 4836 3046 4890 nostram;
3077 4835 3135 4879 ut
3159 4826 3317 4880 etiam
3342 4824 3550 4878 divitias
3572 4836 3699 4878 suas

2110 4923 2262 4971 vocat
2285 4957 2298 4982 ,
2335 4915 2544 4970 etiamsi
2569 4916 2684 4986 ipse
2713 4915 2782 4970 sit
2809 4916 3066 4969 bonorum
3095 4913 3323 4978 divitim,
3350 4921 3404 4967 et
3435 4912 3580 4966 nullo
3610 4912 3697 4966 in-

2111 5007 2289 5076 digeat
2327 5017 2383 5060 ut
2408 5008 2477 5061 sit
2504 5006 2673 5061 dives.
2709 5003 3126 5070 Prwdestinavit,
3160 5003 3358 5074 inquit,
3390 5016 3540 5056 suam
3572 5016 3699 5072 erga

2114 5111 2211 5151 nos
2239 5097 2627 5166 providentiam
2657 5095 2914 5150 indicans.
2942 5095 3018 5149 llli
3045 5094 3186 5150 enim
3217 5095 3449 5148 maxime
3477 5107 3573 5149 nos
3602 5093 3701 5148 ho-

2115 5206 2304 5247 norare
2329 5200 2383 5246 et
2402 5205 2583 5246 amare
2605 5189 2999 5255 existimantur,
3029 5189 3118 5259 qui
3146 5188 3298 5244 nobis
3317 5202 3348 5240 a
3376 5187 3536 5257 longo
3568 5198 3673 5242 tem
3689 5217 3704 5228 -

2116 5296 2243 5350 pore
2273 5283 2408 5336 bona
2451 5280 2696 5335 conferre
2727 5279 2894 5348 parati
2933 5288 3090 5345 sunt,
3123 5278 3172 5333 id
3200 5277 3343 5348 quod
3373 5277 3573 5332 faciunt
3603 5293 3703 5348 pa-

2117 5381 2294 5428 rentes
2326 5373 2484 5426 ﬁliis:
2519 5371 2717 5426 etenim
2761 5371 2806 5424 si
2839 5378 3109 5440 postremo
3151 5369 3280 5423 dant
3321 5369 3612 5438 pecunias,
3647 5367 3702 5422 id

2112 5463 2315 5533 jamdiu
2357 5472 2412 5517 et
2440 5462 2509 5517 ab
2535 5462 2685 5516 initio
2726 5462 3073 5532 praameditati
3105 5460 3333 5515 fuerant.
3363 5459 3475 5513 lloc
3505 5459 3702 5514 Paulus

2118 5571 2257 5612 nunc
2293 5564 2519 5612 conatur
2551 5554 2836 5611 ostendere
2858 5596 2873 5622 ,
2904 5552 3043 5624 quod
3087 5552 3229 5608 Deus
3263 5566 3360 5607 nos
3405 5567 3616 5620 semper
3645 5561 3705 5606 et

2115 5648 2224 5718 jam
2250 5648 2378 5704 olim
2404 5649 2694 5714 amaverit,
2724 5664 2845 5704 cum
2882 5645 3120 5701 nondum
3162 5645 3268 5698 nati
3298 5657 3557 5699 essemus.
3587 5640 3704 5697 Nisi

2122 5739 2268 5797 enim
2302 5749 2569 5810 amasset,
2614 5739 2824 5796 divitias
2862 5738 3014 5795 nobis
3053 5751 3160 5794 non
3190 5734 3700 5809 pmdestiuavisset.
