3954 6130
366 237 434 291 57
1429 219 1496 279 IN
1533 218 1748 280 EPIST.
1791 220 1809 274 l
1873 219 1964 276 AD
2002 217 2154 276 COD.
2199 219 2424 283 HOMIL.
2452 228 2560 288 γυ.
3581 258 3651 314 53

363 349 441 406 Ne
461 361 596 419 ergo
613 345 814 417 cogites
832 357 948 399 eam
968 356 1087 413 qua:
1112 339 1414 396 intercessit
1436 334 1770 393 inimicitiam
1791 350 1806 401 ;
1837 340 1954 388 erat

364 443 514 498 cuitu
560 439 649 495 illa
677 438 944 506 antiquior
971 432 1228 489 amicitia.
1259 429 1392 486 Illud
1429 439 1644 494 autem,
1683 427 1814 482 Ante
1851 439 1951 480 ste-

363 533 517 598 cula,
549 539 804 586 aeternum
839 527 940 582 sibi
983 527 1138 582 vult:
1167 539 1290 580 nam
1325 533 1380 579 et
1409 521 1537 578 alibi
1565 521 1635 577 ita
1673 519 1948 589 loquitur:

373 621 474 689 Qui
499 629 573 676 est
595 629 714 674 ante
740 617 946 672 sa'cula.
986 615 1290 671 invenietur
1318 626 1448 684 ergo
1485 612 1646 668 etiam
1683 609 1847 664 Filius
1875 608 1955 664 sic

369 721 602 768 aitcrnus
628 724 772 766 esse.
801 707 935 763 Nam
965 707 1034 762 de
1060 707 1179 776 ipso
1203 705 1354 770 dicit,
1385 702 1526 775 quod
1549 717 1645 772 per
1674 701 1846 772 ipsum
1873 699 1952 755 le-

367 807 500 862 cerit
523 804 718 859 secula
746 801 934 874 (llebr.
964 802 1015 856 1.
1044 799 1128 870 2),
1154 797 1297 870 quod
1319 805 1404 853 est
1428 805 1552 852 ante
1573 796 1767 850 saecula
1793 808 1912 850 esse
1937 810 1950 846 :

303 960 320 967 ,
365 897 453 968 qui
482 895 607 951 fecit
631 893 799 961 enim,
825 900 950 947 ante
975 892 1065 946 illa
1088 907 1210 963 qua:
1237 891 1370 946 facta
1391 896 1517 946 sunt
1541 896 1677 944 erat.
1700 885 1754 942 8.
1788 884 1954 952 Quam

364 1003 508 1044 acuto
554 988 846 1058 princtpum
888 985 1042 1056 hujus
1087 983 1264 1040 siccati
1299 980 1531 1053 cognouit
1555 995 1575 1034 :
1601 980 1646 1034 si
1686 979 1821 1034 enim
1863 994 1952 1032 co-

361 1079 670 1154 gnovissent,
711 1092 989 1149 numquam
1034 1075 1308 1130 Dominum
1349 1074 1526 1144 gloria:
1561 1070 1951 1135 cntcilixissent.

365 1171 524 1239 Atqui
562 1185 633 1226 ne
668 1167 999 1225 accusationi
1043 1165 1260 1237 quidem
1299 1172 1454 1221 erant
1481 1161 1736 1228 obnoxii,
1781 1159 1952 1230 siqui-

365 1257 487 1311 dem
523 1273 590 1310 ex
636 1255 946 1327 ignorantia
981 1254 1393 1310 cruciliserunt.
1427 1251 1483 1308 Si
1506 1261 1687 1308 autem
1711 1265 1820 1307 non
1847 1267 1947 1309 co-

363 1357 693 1420 gnoverunt,
711 1347 984 1418 quomodo
1011 1347 1226 1401 dicebat
1259 1363 1272 1400 :
1304 1344 1372 1398 Et
1402 1361 1481 1399 me
1509 1345 1698 1410 nostis,
1727 1353 1777 1398 et
1806 1343 1944 1398 unde

359 1445 459 1500 sim
488 1445 646 1499 nostis
679 1442 870 1515 (Joau.
901 1443 954 1498 7.
985 1441 1125 1514 ξεν
1156 1441 1230 1497 De
1265 1440 1434 1496 Pilato
1458 1439 1602 1495 enim
1637 1438 1768 1493 dicit
1809 1435 1954 1492 Scri-

363 1544 521 1604 ptura
543 1576 559 1599 ,
589 1534 734 1604 quod
774 1547 882 1587 non
921 1532 1164 1595 noverit;
1196 1529 1486 1585 verisimile
1524 1536 1704 1583 autem
1742 1534 1826 1583 est
1853 1540 1952 1581 nec

365 1624 640 1681 Herodem
679 1624 916 1680 novisse.
945 1621 1053 1677 llos
1079 1621 1278 1676 dixerit
1305 1621 1570 1690 quispiam
1600 1619 1777 1674 vocari
1802 1619 1946 1689 prin-

364 1719 518 1786 cipes
543 1715 704 1786 hujus
725 1713 929 1771 saeculi.
961 1712 1114 1779 Quod
1142 1711 1185 1766 si
1213 1711 1282 1766 de
1306 1709 1504 1766 ludzeis
1529 1719 1582 1764 et
1607 1709 1676 1764 de
1698 1708 1949 1764 sacerdo-

365 1813 511 1866 tibus
540 1810 739 1864 dixerit
763 1807 1026 1878 quispiam
1055 1807 1170 1861 haec
1190 1805 1436 1875 intelligi,
1461 1819 1566 1860 non
1588 1804 1908 1859 aberraverit
1933 1817 1946 1866 ;

359 1918 485 1958 nam
515 1903 621 1958 illis
646 1916 862 1972 quoque
890 1900 1020 1956 dicit
1044 1917 1059 1951 :
1093 1898 1210 1954 Nec
1234 1916 1313 1952 me
1336 1899 1523 1962 nostis,
1555 1911 1713 1966 neque
1744 1895 1947 1951 Patrem

357 2013 521 2051 meum
554 1995 576 2066 (
604 1992 697 2048 Id.
730 1994 784 2049 8.
818 1992 886 2049 l9
911 1993 952 2063 ).
989 1990 1270 2061 Quomodo
1303 2005 1432 2059 ergo
1469 1990 1715 2058 superius
1773 1988 1944 2056 dixit,

354 2088 423 2143 Et
450 2105 528 2143 me
565 2088 746 2153 nostis,
771 2094 822 2140 et
860 2085 993 2140 unde
1027 2085 1122 2139 sim
1150 2081 1309 2138 nostis
1327 2083 1354 2136 Ρ
1377 2082 1480 2138 Sed
1510 2082 1630 2152 quis
1658 2081 1729 2136 sit
1754 2081 1946 2137 modus

355 2178 513 2248 hujus
537 2188 594 2234 et
630 2177 772 2232 illius
798 2173 1064 2241 lectionis,
1099 2175 1150 2228 in
1180 2173 1486 2244 Evangeliis
1510 2171 1713 2227 dictum
1745 2180 1864 2236 est;
1891 2179 1945 2227 et

358 2283 425 2323 nc
467 2267 599 2322 illud
642 2265 980 2337 frequentius
1020 2277 1328 2326 versemus,
1379 2277 1446 2316 eo
1493 2261 1818 2318 remittimus
1863 2261 1941 2316 le-

351 2368 550 2414 ctores.
1534 2348 1544 2359 ’

421 2450 478 2505 5.
499 2448 638 2515 Quid
655 2449 810 2520 ergo?
831 2447 1112 2502 remissmn
1141 2455 1225 2501 est
1245 2446 1371 2511 illis,
1393 2445 1536 2516 quod
1560 2445 1703 2500 circa
1724 2459 1938 2503 crucem

349 2541 682 2596 admiserunt
701 2539 1002 2612 peccatum?
1019 2555 1139 2594 nam
1156 2537 1312 2599 dixit,
1333 2535 1546 2592 Remitte
1560 2537 1688 2591 illis.
1703 2535 1763 2593 Si
1777 2535 1942 2608 paeni-

351 2633 578 2690 tentiam
603 2643 862 2704 egerunt,
887 2631 1170 2688 remissum
1215 2639 1319 2686 est.
1362 2629 1495 2685 Nam
1521 2629 1612 2700 qui
1641 2628 1939 2685 innumeris

350 2724 602 2780 manibus
618 2723 942 2793 Stephanum
960 2724 1031 2778 im
1039 2722 1190 2793 petiit
1204 2731 1258 2777 et
1270 2721 1565 2777 Ecclesium
1576 2730 1937 2792 persequutus

346 2827 436 2873 est
458 2859 474 2884 ,
501 2817 719 2882 Paulus,
751 2816 1007 2872 Ecclesiae
1037 2825 1292 2886 patronus
1321 2814 1494 2870 factus
1517 2824 1617 2871 est.
1659 2815 1748 2870 Sic
1774 2814 1938 2885 igitur

349 2905 518 2964 etiam
547 2907 654 2962 illis
697 2906 983 2963 remissum
1022 2919 1126 2971 est,
1157 2906 1249 2977 qui
1273 2907 1542 2963 voluerint
1565 2906 1935 2978 paenitentiam

339 3015 505 3072 agere
523 3017 536 3054 :
557 3001 702 3071 quod
724 3000 887 3056 etiam
910 2999 1106 3055 Paulus
1124 2999 1363 3055 clamans
1376 2999 1587 3054 dicebat
1609 3016 1622 3052 :
1642 2998 1770 3054 Dico
1791 3015 1932 3071 ergo,

343 3093 490 3149 Nam
515 3094 639 3164 quid
666 3092 992 3160 oﬂ'euderuut
1009 3135 1023 3159 ,
1058 3103 1111 3146 ut
1137 3092 1373 3146 caderent
1395 3091 1423 3145 Γ
1450 3091 1590 3144 Absit
1617 3092 1635 3161 (
1658 3091 1810 3145 Rom.
1841 3092 1929 3146 11.

343 3187 403 3242 il
435 3187 476 3255 ).
499 3187 562 3241 Et
589 3185 805 3252 iterum,
832 3183 977 3238 Num
1004 3183 1192 3254 repulit
1211 3182 1464 3238 Dominus
1493 3183 1738 3255 populum
1757 3198 1927 3248 suum,

338 3295 488 3349 qustu
517 3277 815 3347 pratscioit.’
842 3276 988 3331 Absit
1011 3275 1171 3350 (Ibid.
1201 3290 1249 3331 ο.
1275 3274 1353 3348 1).
1385 3275 1589 3332 Deinde
1609 3275 1925 3341 ostendens,

342 3370 486 3440 quod
532 3385 638 3424 non
682 3368 791 3425 sint
831 3367 1035 3425 exclusi
1077 3382 1108 3423 ι
1151 3367 1461 3440 φωιιίιθηιίει
1482 3408 1499 3436 ,
1547 3375 1919 3439 argumentum

344 3461 564 3517 adducit
592 3461 951 3532 paenitentiam
973 3473 1122 3514 suam
1150 3458 1336 3515 dicens
1363 3473 1376 3512 :
1404 3457 1541 3512 Nam
1564 3468 1613 3512 et
1629 3475 1720 3529 ego
1749 3457 1927 3513 Israe-

343 3553 437 3608 lita
461 3569 597 3607 sum.
638 3551 772 3606 Illud
794 3560 988 3617 autem,
1023 3549 1143 3604 Non
1172 3557 1529 3620 cognoverunt,
1561 3547 1771 3603 videtur
1795 3548 1930 3606 mihi

338 3659 445 3699 non
469 3644 540 3698 de
559 3641 772 3698 Christo
795 3641 993 3698 dictum
1020 3641 1106 3696 hic
1133 3640 1316 3706 fuisse,
1335 3641 1428 3695 sed
1456 3640 1524 3695 de
1550 3641 1628 3695 rei
1649 3640 1928 3710 dispensa-

337 3734 486 3789 tione
515 3750 528 3789 :
563 3732 713 3788 verbi
749 3731 954 3802 gratia,
989 3730 1115 3802 quid
1145 3730 1246 3787 sibi
1283 3729 1484 3785 vellent
1511 3744 1659 3784 mors
1695 3736 1752 3784 et
1794 3743 1923 3784 crux

335 3824 670 3882 nesciebant.
697 3823 906 3878 Etenim
936 3837 1040 3877 non
1066 3822 1194 3877 dicit
1239 3821 1312 3876 ibi
1334 3861 1350 3887 ,
1379 3820 1463 3877 Me
1489 3835 1595 3877 non
1623 3828 1922 3887 noverunt;

334 3916 430 3972 sed
453 3959 470 3984 ,
520 3914 769 3969 Nesciunt
809 3913 936 3985 quid
975 3913 1169 3982 faciunt
1197 3911 1366 3984 (Luc.
1409 3912 1501 3968 25.
1533 3913 1603 3969 51
1628 3911 1684 3984 );
1715 3912 1768 3969 id
1798 3922 1883 3970 est
1906 3955 1922 3981 ,

333 4006 693 4062 (econotniam
716 4020 836 4074 qua:
858 4004 1131 4074 peragitur
1151 4011 1205 4057 et
1235 4007 1544 4073 mysterium
1573 4019 1676 4058 non
1705 4014 1922 4058 norunt.

335 4097 451 4153 Non
481 4097 627 4152 enim
672 4095 955 4163 sciebant,
1002 4094 1236 4149 futurum
1283 4109 1402 4149 esse
1461 4103 1519 4149 ut
1565 4110 1697 4151 crux
1723 4096 1792 4149 ita
1837 4111 1923 4151 re-

335 4188 651 4257 splemlerct
673 4229 686 4251 ,
721 4201 819 4242 nec
844 4185 988 4255 quod
1015 4185 1167 4241 ﬂeret
1195 4185 1341 4240 salus
1379 4185 1525 4242 orbis
1552 4227 1568 4252 ,
1587 4196 1644 4242 et
1673 4187 1771 4242 Dei
1796 4202 1917 4243 cum

335 4279 646 4336 hominibus
674 4277 1037 4335 reconciliatio
1061 4318 1078 4346 ,
1108 4293 1282 4349 neque
1313 4279 1549 4333 futurum
1590 4278 1736 4332 urbis
1774 4279 1920 4333 exci-

331 4373 480 4428 dium
503 4413 520 4438 ,
549 4386 651 4428 nec
677 4371 818 4443 quod
843 4379 1084 4428 extrema
1111 4369 1187 4426 illi
1221 4370 1430 4441 passuri
1459 4379 1660 4427 essent.
1692 4370 1922 4441 Sapien-

332 4465 460 4518 tiam
486 4472 667 4520 antem
694 4471 850 4519 vocat
876 4470 933 4520 et
956 4462 1228 4518 Christum
1257 4472 1309 4517 ct
1338 4477 1550 4518 crucem
1584 4471 1638 4518 et
1659 4461 1921 4534 praedica-

331 4556 554 4611 tionem.
595 4554 910 4625 Opportune
935 4568 1063 4610 vero
1084 4562 1141 4610 et
1171 4555 1454 4610 Dominum
1479 4553 1662 4625 glorize
1685 4553 1918 4610 vocavit.

328 4646 466 4712 Quia
493 4648 638 4700 enim
667 4660 802 4700 crux
844 4643 1202 4715 ignominiosa
1244 4645 1455 4700 videtur
1484 4659 1640 4713 esse,
1685 4643 1923 4700 ostendit

325 4751 548 4792 crucem
574 4751 696 4792 esse
719 4751 966 4808 magnam
992 4736 1244 4807 gloriam.
1285 4735 1389 4793 Sed
1417 4752 1607 4807 magna
1634 4751 1771 4808 opus
1804 4746 1919 4792 erat

323 4829 593 4898 sapientia
621 4843 726 4883 non
756 4829 916 4884 modo
939 4829 1007 4884 ad
1039 4830 1204 4883 Deum
1231 4829 1662 4900 cognoscendum
1689 4869 1705 4894 ,
1739 4829 1833 4886 sed
1861 4839 1918 4885 et

319 4913 387 4967 ad
412 4912 734 4968 discendam
779 4913 918 4968 hanc
945 4912 1040 4968 Dei
1065 4916 1420 4969 oeconomiam
1452 4930 1466 4967 :
1491 4924 1710 4969 externa
1740 4922 1917 4969 autem

320 5003 594 5075 sapientia
623 5020 730 5059 non
762 5003 930 5074 priori
954 5015 1158 5059 tantum
1185 5045 1201 5070 ,
1230 5003 1326 5060 sed
1355 5003 1476 5058 huic
1502 5003 1661 5058 etiam
1691 5004 1915 5077 impedi-

317 5107 510 5152 mento
533 5096 654 5152 fuit.
688 5095 743 5152 9.
773 5097 902 5165 Sed,
954 5107 1008 5150 ut
1033 5097 1276 5167 scriptum
1300 5103 1391 5161 est,
1430 5094 1620 5149 Oculus
1647 5111 1748 5149 non
1774 5095 1917 5157 vidit,

317 5205 406 5244 nec
429 5191 582 5244 auris
606 5189 803 5243 audivit
824 5230 840 5253 ,
885 5205 976 5244 nec
1000 5195 1054 5243 tn
1080 5204 1168 5243 cor
1194 5188 1415 5243 hominis
1442 5187 1772 5242 ascenderunt
1798 5204 1912 5259 qua:

322 5281 633 5349 prtepeu’aoit
665 5278 806 5333 Deus
833 5280 1156 5350 diligentibus
1180 5296 1252 5333 se.

388 5369 555 5425 Multi
597 5369 888 5441 Scriptura:
926 5385 1086 5424 sacra:
1129 5370 1244 5424 libri
1284 5369 1488 5440 perditi.
1514 5367 1675 5422 -—-Et
1703 5367 1916 5424 ubinam

316 5465 520 5534 scripta
548 5474 674 5520 sunt
703 5464 820 5522 luce
847 5463 924 5533 (a)
947 5463 970 5516 ?
997 5461 1196 5516 Dicitur
1221 5503 1238 5528 ,
1286 5461 1552 5533 Scriptum
1574 5470 1648 5517 est
1667 5503 1684 5531 ,
1710 5462 1920 5518 etiamsi

378 5617 463 5682 (α)
503 5617 599 5682 ilic
637 5627 775 5671 notat
810 5613 1312 5682 Andreas_D_ounzcus
1333 5652 1348 5677 ,
1381 5618 1802 5682 Chrysostomum,
1837 5620 1920 5681 qui

319 5675 492 5741 quaerit
509 5681 710 5739 ubinam
732 5681 1018 5748 reperiatur
1037 5678 1086 5731 iu
1100 5675 1300 5730 Veteris
1315 5675 1608 5735 ’t‘cstaiitenti
1627 5681 1763 5731 lihris
1786 5675 1921 5731 locus

2061 348 2166 439 non
2181 341 2388 439 verbis,
2407 346 2502 439 sed
2517 347 2572 405 in
2597 350 2764 409 rebus
2779 354 2908 427 ipsis
2926 357 3042 416 hinc
3069 366 3240 433 posita
3263 365 3394 434 sint,
3418 369 3546 426 utin
3566 372 3645 427 ld-

2059 435 2266 527 storiis;
2289 435 2370 527 vel
2389 436 2436 493 si
2455 439 2568 510 ipse
2593 444 2808 512 quidem
2829 464 3019 509 sensus
3039 456 3361 525 reperiatur,
3388 460 3513 516 licet
3536 477 3641 516 non

2057 524 2189 586 ipsis
2209 524 2384 582 verbis
2400 531 2541 586 sicut
2569 533 2678 590 hic.
2701 537 2836 595 Illud
2852 541 3021 612 enim,
3045 524 3238 611 Quibus
3259 567 3360 604 non
3374 556 3642 608 annuntia-

2059 614 2164 714 tuut
2185 622 2258 665 est
2273 614 2462 684 deillo,
2483 622 2742 694 videbunt;
2755 639 2803 685 et
2821 636 3024 703 quinon
3043 639 3336 706 audierunt,
3361 643 3641 714 intelligent

2059 706 2256 778 (Rom.
2283 713 2526 784 15.21);
2561 716 2662 775 hoc
2689 721 2921 792 idipsum
2947 737 3030 784 est
3051 739 3211 800 atque
3245 733 3374 788 illud
3402 776 3418 801 ,
3449 706 3640 791 υεῖιιαε

2057 818 2164 893 non
2186 805 2311 859 vidit
2335 847 2351 873 ,
2383 823 2473 862 nec
2498 811 2638 864 auris
2661 815 2878 870 audiuit.
2925 819 3033 874 Aut
3057 819 3159 877 hoc
3184 821 3344 893 igitur
3372 825 3522 891 dicit;
3551 839 3639 881 aut

2058 892 2350 986 verisimile
2389 907 2472 954 est
2502 899 2761 972 scriptum
2806 905 2972 963 fuisse
3015 910 3068 965 in
3127 892 3300 980 libris,
3345 917 3434 984 qui
3470 919 3640 986 peric-

2059 984 2184 1039 riut.
2237 985 2368 1042 Nam
2427 991 2583 1048 multi
2640 994 2763 1050 libri
2827 999 3022 1067 perditi
3068 1002 3312 1069 luerunt,
3369 1016 3426 1062 et-
3471 984 3638 1077 pauci

2056 1077 2252 1177 servati
2277 1089 2422 1147 sunt,
2452 1083 2613 1139 etiam
2642 1086 2692 1140 in
2724 1087 2891 1157 prima
2923 1092 3251 1161 captivitate.
3287 1098 3352 1152 Et
3375 1100 3478 1154 hoc
3519 1115 3641 1170 per-

2055 1172 2297 1258 spicuum
2322 1182 2404 1226 est
2429 1172 2481 1227 in
2511 1175 2930 1247 Paralipomenis
2957 1200 2970 1235 :
3000 1183 3289 1240 dicitcnim
3310 1189 3597 1258 Apostolus
3619 1233 3636 1257 ,

2056 1256 2100 1311 Α
2131 1258 2372 1318 Samuele
2393 1274 2442 1321 et
2487 1267 2548 1322 iis
2575 1271 2664 1336 qui
2692 1282 2865 1341 postea
2891 1275 3099 1344 fuerunt
3124 1256 3420 1348 prophetis,
3463 1256 3640 1341 omnes

2054 1351 2120 1407 de
2145 1352 2236 1408 illo
2265 1355 2502 1422 dixerunt
2527 1361 2546 1430 (
2570 1360 2681 1416 Act.
2725 1365 2775 1420 5.
2802 1364 2916 1438 94).
2950 1369 3019 1422 At
3045 1386 3150 1425 non
3175 1371 3393 1427 omnino
3421 1374 3538 1430 haec
3565 1377 3634 1430 ita

2056 1441 2304 1535 feruntur
2333 1467 2347 1503 :
2380 1449 2606 1506 Paulum
2646 1464 2827 1511 autem
2858 1467 3128 1530 tamquam
3159 1463 3291 1533 legis
3319 1466 3547 1535 petitum
3578 1478 3633 1524 et

2051 1548 2117 1588 ex
2143 1534 2346 1605 Spiritu
2391 1539 2696 1611 loquentem
2743 1548 3034 1606 verisimile
3059 1562 3140 1608 est
3165 1534 3342 1610 omnia
3385 1569 3634 1615 accurate

2050 1624 2294 1684 scivisse.
2320 1629 2384 1684 Et
2404 1631 2530 1701 quid
2554 1633 2677 1691 dico
2700 1636 2769 1692 de
2793 1640 3140 1708 captivitate?
3171 1661 3294 1700 nam
3321 1647 3481 1702 etiam
3509 1662 3633 1704 ante

2051 1718 2411 1787 captivitatem
2439 1726 2590 1780 multi
2621 1728 2828 1796 periere
2857 1731 3000 1796 libri,
3029 1733 3228 1790 luds-is
3257 1737 3307 1790 in
3335 1748 3629 1794 extremam

2052 1810 2380 1880 impietatem
2405 1814 2637 1887 delapsis
2683 1837 2697 1875 :
2748 1821 2886 1892 quod
2921 1825 3092 1892 palam
3122 1839 3199 1881 ρει
3230 1844 3293 1883 ex
3326 1830 3430 1886 line
3456 1836 3632 1900 quarti

2052 1902 2174 1957 libri
2202 1903 2530 1975 Regnorum.
2571 1911 3046 1970 Dcuteronomium
3077 1920 3216 1972 enim
3251 1920 3337 1974 vix
3363 1910 3630 1991 repcrhnn

2050 1992 2150 2049 l'uit
2197 1995 2252 2050 in
2289 1999 2628 2070 sterquilinio
2670 2003 2966 2062 defossum.
3009 2008 3256 2078 Alioquin
3301 2020 3478 2068 autem
3509 2026 3634 2070 sunt

2048 2096 2194 2154 saepe
2219 2086 2379 2142 etiam
2405 2088 2646 2160 duplices
2670 2095 2964 2164 prephetim
2989 2138 3004 2164 ,
3031 2098 3260 2168 sapienti
3284 2102 3448 2156 tribus
3476 2103 3629 2160 facile

2047 2175 2294 2266 cognitas,
2327 2194 2394 2234 ex
2440 2181 2632 2251 quibus
2680 2187 2888 2241 occulta
2942 2190 3106 2244 multa
3143 2204 3362 2260 possunt
3403 2198 3625 2266 percipi.

2046 2264 2181 2334 Quid
2209 2271 2378 2340 ergo?
2419 2287 2526 2328 non
2559 2275 2689 2330 vidit
2714 2278 2905 2334 oculus
2935 2296 3053 2349 qua:
3094 2285 3415 2353 praiparatit
3447 2264 3629 2342 Deus?

2043 2357 2160 2415 Non
2185 2377 2199 2414 :
2231 2364 2351 2432 quis
2375 2365 2516 2420 cuitu
2541 2365 2818 2425 hominum
2852 2371 2978 2426 vidit
3005 2388 3086 2435 ea,
3120 2391 3237 2444 qua:
3265 2375 3627 2447 dispensanda

2044 2454 2379 2510 eruntiNutn
2397 2472 2526 2528 ergo
2550 2475 2724 2530 neque
2746 2463 2889 2517 auris
2913 2465 3134 2533 audivit,
3157 2483 3252 2523 nec
3271 2467 3323 2523 in
3343 2486 3436 2526 cor
3457 2472 3627 2526 homi-

2042 2543 2124 2598 nis
2141 2547 2534 2604 ascenderunt?
2558 2561 2613 2605 et
2631 2554 2927 2622 quomodo?
2947 2556 2990 2610 si
3012 2557 3154 2612 cniut
3184 2576 3234 2629 pr
3248 2561 3455 2629 ophetw
3476 2563 3624 2617 dixe-

2043 2645 2186 2705 ruut,
2217 2639 2447 2708 inquies,
2471 2645 2742 2712 quomodo
2767 2647 2914 2702 auris
2947 2663 3050 2702 non
3081 2651 3301 2716 audivit,
3329 2669 3425 2707 nec
3450 2653 3501 2706 iu
3526 2669 3623 2708 cor

2043 2728 2275 2788 hominis
2312 2735 2710 2793 ascenderunt?
2754 2738 2872 2794 Non
2914 2742 3272 2798 ascenderunt
3304 2763 3318 2799 :
3346 2761 3450 2799 non
3478 2747 3619 2800 cuitu

2039 2819 2106 2876 de
2124 2821 2254 2892 ipsis
2282 2827 2413 2880 solis
2451 2826 2705 2898 loquitur,
2731 2829 2829 2885 sed
2865 2832 3022 2886 etiam
3048 2833 3116 2888 de
3146 2834 3392 2890 universa
3437 2847 3622 2892 natura

2044 2914 2294 2972 humana.
2337 2919 2473 2987 Quid
2499 2923 2666 2992 ergo?
2700 2926 2974 2995 propheta
3007 2942 3111 2980 non
3140 2928 3466 2983 audierunt?
3514 2936 3622 2985 Au-

2038 3008 2254 3066 dieruut
2279 3013 2516 3082 quidem;
2546 3025 2599 3070 at
2625 3032 2731 3072 non
2758 3028 2874 3073 erat
2901 3021 3048 3074 auris
3076 3020 3330 3087 hominis,
3360 3023 3455 3079 sed
3477 3026 3621 3079 auris

2038 3104 2348 3174 prophetica
2381 3125 2394 3162 :
2427 3123 2529 3163 non
2559 3110 2701 3164 enim
2731 3121 2786 3165 tit
2813 3110 3060 3169 homines
3087 3115 3372 3170 audierunt
3394 3157 3410 3184 ,
3439 3118 3534 3172 sed
3566 3130 3622 3172 ut

2035 3195 2331 3266 prophetae.
2371 3199 2712 3271 Quapropter
2735 3203 2903 3260 dicit:
2939 3206 3131 3277 Adjrcit
3172 3209 3296 3263 mihi
3338 3227 3513 3263 aurem
3550 3214 3618 3264 ad

2033 3291 2350 3346 audiendum
2397 3292 2570 3363 (Isai.
2637 3297 2728 3352 50.
2777 3298 2893 3368 4);
2935 3300 3294 3370 adjectioucm
3339 3317 3368 3355 a
3415 3303 3616 3371 Spiritu

2031 3381 2226 3438 factam
2275 3384 2479 3440 dicens.
2543 3386 2694 3442 Unde
2740 3391 3079 3446 manifestum
3133 3401 3254 3456 est,
3300 3393 3443 3462 quod
3473 3395 3616 3462 prius

2031 3491 2190 3545 quam
2215 3477 2425 3533 audiret
2451 3519 2465 3544 ,
2499 3494 2597 3535 nec
2621 3479 2674 3533 in
2705 3494 2799 3534 cor
2835 3483 3050 3551 quidem
3081 3485 3312 3539 hominis
3356 3487 3613 3542 ascende-

2032 3575 2175 3622 rant.
2216 3567 2347 3622 Natn
2375 3579 2654 3639 postquam
2683 3571 2838 3625 datus
2866 3573 3093 3641 Spiritus
3120 3574 3291 3633 fuerat
3312 3616 3328 3641 ,
3371 3592 3464 3631 cur
3493 3594 3613 3647 pro-

2031 3661 2312 3728 phetarum
2341 3675 2448 3714 non
2473 3669 2590 3715 erat
2617 3675 2708 3715 cor
2741 3661 2975 3718 hominis
3003 3705 3018 3731 ,
3051 3666 3145 3720 sed
3171 3680 3266 3720 cor
3295 3667 3569 3736 spirituale
3599 3712 3612 3734 ,

2029 3751 2478 3821 quemadmodum
2519 3761 2575 3810 et
2601 3755 2714 3824 ipse
2739 3756 2852 3819 ait,
2888 3756 3109 3812 Mentem
3153 3757 3344 3815 Citriin
3372 3761 3614 3817 habemus

2028 3842 2048 3915 (
2075 3845 2124 3898 1.
2145 3844 2264 3900 Cor.
2293 3844 2348 3900 2.
2389 3847 2458 3902 16
2479 3846 2523 3917 ).
2565 3846 2716 3916 Quod
2763 3848 2890 3903 dicit
2915 3860 3114 3915 autem,
3150 3851 3455 3922 ltujusmodi
3483 3864 3566 3910 est
3599 3875 3612 3910 :

2026 3943 2311 4006 antequam
2339 3935 2538 4007 Spiritu
2577 3938 2880 3995 frueremur
2905 3952 2960 3996 et
2996 3958 3188 3998 arcana
3222 3944 3608 4014 edisceremus,

2026 4041 2126 4082 nec
2153 4043 2219 4081 ex
2247 4029 2402 4084 nobis
2427 4046 2525 4086 nec
2547 4047 2610 4087 ex
2636 4032 2912 4103 pr0phetis
2933 4034 3200 4104 quispiam
3226 4053 3287 4091 ea
3321 4039 3602 4094 intellexit.

2025 4118 2306 4187 Quomodo
2326 4123 2490 4190 enim,
2517 4139 2635 4179 cum
2662 4140 2762 4181 nec
2790 4127 2966 4197 angeli
2989 4128 3203 4198 quidem
3230 4130 3340 4198 ipsa
3368 4135 3612 4186 nossem?

2026 4211 2162 4281 Quid
2183 4213 2351 4280 enim,
2378 4213 2571 4284 inquit,
2599 4216 2884 4272 dicendum
2907 4228 2991 4273 est
3016 4220 3082 4274 de
3107 4222 3431 4290 principibus
3453 4223 3610 4293 huius

2025 4307 2207 4360 saeculi
2231 4347 2246 4370 ,
2274 4321 2394 4361 cum
2434 4308 2614 4362 nullus
2641 4308 2800 4363 homo
2827 4326 2888 4364 ea
2918 4311 3081 4364 sciret
3105 4353 3119 4375 ,
3168 4329 3340 4380 neque
3363 4329 3611 4383 superna:

2029 4399 2370 4466 potestates?
2400 4398 2656 4465 Quaenam
2685 4409 2864 4457 autem
2900 4412 3028 4456 sunt
3058 4403 3148 4457 ea?
3171 4405 3320 4471 Quod
3353 4422 3446 4475 per
3471 4421 3616 4476 prte-

2027 4486 2314 4542 dieationis
2357 4487 2659 4556 stultitiam,
2711 4506 2832 4562 qua:
2879 4493 3002 4550 talis
3046 4507 3164 4550 esse
3201 4495 3513 4565 ridebatur,
3557 4510 3614 4556 et

2025 4587 2213 4648 gentes
2261 4578 2614 4648 inducentur,
2661 4591 2716 4638 et
2763 4584 2856 4639 Dei
2903 4599 3022 4640 cum
3069 4587 3375 4644 hominibus
3420 4605 3609 4644 recon-

2024 4673 2222 4729 ciliatio
2243 4676 2345 4729 erit
2363 4715 2379 4741 ,
2402 4685 2454 4731 et
2485 4684 2562 4731 tot
2583 4685 2833 4748 tantaque
2864 4680 3017 4734 nobis
3043 4690 3266 4736 ventura
3294 4693 3417 4737 sunt
3445 4684 3598 4740 bona.

2026 4767 2310 4835 Quomodo
2337 4783 2463 4839 ergo
2492 4770 2863 4840 cognovimus?
2893 4772 2979 4827 10.
3011 4772 3172 4829 Nobis
3196 4787 3381 4842 autem,
3415 4777 3606 4847 inquit,

2025 4859 2259 4913 reuelauit
2295 4858 2426 4911 Deus
2455 4876 2544 4930 per
2575 4861 2829 4931 Spiritum
2855 4880 3022 4918 suum.
3067 4865 3184 4920 Non
3212 4882 3303 4933 per
3327 4880 3614 4924 externam

2026 4950 2344 5020 sapientiam
2371 4967 2385 5003 :
2408 4950 2507 5019 ipsi
2533 4951 2674 5006 cnim
2705 4962 2968 5022 tamquam
2991 4956 3183 5012 ancilla
3211 4959 3451 5027 qua-dam
3475 4976 3606 5014 con-

2031 5048 2246 5110 temptu:
2263 5054 2370 5093 non
2399 5041 2713 5108 permissum
2735 5044 2832 5098 fuit
2857 5045 2998 5100 intus
3025 5046 3255 5115 ingredi,
3281 5058 3330 5101 et
3354 5053 3606 5120 mysteria

2032 5132 2304 5188 Dominica
2333 5133 2615 5200 inspicere.

2102 5227 2154 5281 ι.
2199 5225 2388 5281 Vidcn‘
2413 5234 2669 5294 quantum
2695 5226 2987 5284 discrimen
3021 5228 3165 5290 inter
3191 5233 3326 5288 hanc
3367 5245 3419 5288 et
3464 5236 3607 5288 illam

2034 5363 2134 5420 ille,
2159 5375 2268 5430 cum
2293 5358 2479 5430 Paulus
2500 5357 2614 5430 inde
2636 5371 2882 5430 sumptum
2922 5366 3128 5430 lndicat,
3153 5370 3330 5419 oculus
3355 5370 3607 5430 nonrt'dz't,

2030 5404 2276 5475 ηεσάτινίις
2299 5421 2641 5486 audivit,__etc.,
2680 5404 2775 5473 noii
2807 5404 3607 5486 adt-éi'tiéié"

2034 5489 2115 5537 ubi
2147 5487 2253 5534 haec
2285 5497 2381 5532 non
2413 5483 2469 5533 ad
2504 5482 2694 5550 [iterum
2725 5489 2959 5550 quidem,
3007 5491 3094 5539 sed
3130 5493 3304 5539 eodem
3338 5503 3488 5538 sensu
3535 5482 3605 5537 fe?

2033 5555 2223 5605 runtur,
2249 5559 2425 5606 nempe
2448 5557 2550 5605 cap.
2576 5546 2653 5594 61.
2679 5559 2716 5597 Α
2737 5546 2914 5598 ἐωσιιιο
2936 5546 3029 5600 non
3062 5552 3336 5605 audierunt,
3355 5562 3506 5608 neque
3526 5563 3610 5600 mt-

2034 5611 2167 5661 ribus
2183 5613 2503 5678 perceperunt
2529 5619 2544 5655 .'
2569 5611 2742 5678 Oculus
2758 5623 2849 5661 non
2875 5612 3013 5673 cidit,
3044 5622 3188 5670 Deus,
3225 5615 3393 5673 absque
3416 5620 3606 5678 te,.qmu

2031 5690 2120 5738 pro
2135 5673 2320 5739 parasti
2347 5676 2725 5740 ρ,ιδρει·ιίιηιίὺιιδ
2749 5683 2807 5725 te.
