3954 6130
357 265 427 324 59
1083 256 1144 318 S.
1181 251 1457 318 JOANNIS
1491 245 1969 312 CHRYSOSTOMI
2003 241 2322 301 ARCHIEP.
2357 241 2889 304 CONSTANTINOP.
3562 237 3630 297 ω

357 376 720 450 sapientiam?
747 375 878 445 Quae
907 374 1079 447 angeli
1109 387 1216 429 non
1246 379 1514 428 noverunt
1537 408 1551 432 ,
1587 383 1651 424 ea
1689 381 1788 421 nos
1819 363 1937 418 haec

357 470 558 525 docuit.
601 470 831 525 Externa
879 481 1009 523 vero
1056 464 1381 522 contrarium
1423 461 1549 517 iecit
1597 475 1611 514 :
1654 473 1758 514 non
1781 454 1942 512 modo

359 577 468 619 non
497 560 711 626 docuit,
761 557 856 614 sed
883 558 1044 614 etiam
1075 555 1350 626 impedivit
1377 562 1434 608 ct
1461 551 1632 606 arcuit
1661 566 1676 604 :
1707 557 1762 605 et
1789 555 1941 618 post-

358 665 520 722 quam
550 650 638 706 illa
685 651 820 705 facta
867 648 1116 714 fuerunt,
1149 647 1236 701 illa
1280 642 1587 700 obsecravit
1627 649 1682 695 et
1729 653 1940 694 crucem

363 742 642 797 esiuanilt.
679 740 794 795 Non
825 755 955 810 ergo
974 754 1040 795 ex
1067 753 1134 794 eo
1153 779 1168 803 ,
1200 736 1342 807 quod
1363 732 1729 798 didicerimus,
1761 738 1944 784 osten-

360 832 506 887 ditur
532 832 703 886 honor
731 831 885 887 nobis
909 841 1198 885 concessus
1216 867 1232 896 ,
1277 841 1380 881 nec
1405 841 1472 880 ex
1500 839 1568 880 eo
1589 865 1603 891 ,
1647 820 1789 894 quod
1819 835 1942 876 cum

362 923 565 994 angelis
592 922 978 989 didicerimus;
1028 920 1122 977 sed
1148 935 1214 976 ex
1245 933 1311 975 eo
1336 960 1352 985 ,
1383 916 1524 989 quod
1552 930 1648 986 per
1675 913 1936 984 Spiritum

362 1013 480 1082 ejus
529 1011 894 1068 didicerimus.
943 1010 1142 1066 Deinde
1185 1017 1463 1079 postquam
1514 1005 1938 1076 magnitudinem

361 1103 636 1168 ostendit,
686 1104 762 1157 ait
813 1120 827 1156 :
878 1101 987 1156 Nisi
1017 1099 1287 1170 Spiritus,
1337 1098 1426 1168 qui
1453 1097 1555 1152 scit
1581 1109 1776 1150 arcana
1810 1094 1942 1158 Dei,

367 1193 658 1250 revelasset
679 1235 694 1260 ,
747 1206 854 1246 non
880 1191 1276 1246 didicissemus.
1316 1187 1391 1242 ita
1420 1187 1644 1243 curabat
1676 1186 1813 1240 Deus
1841 1225 1858 1248 ,
1888 1192 1947 1238 ut

365 1287 420 1339 in
476 1285 685 1340 arcanis
736 1292 900 1339 esset.
958 1281 1296 1353 Quapropter
1339 1279 1434 1335 illo
1483 1291 1617 1348 opus
1661 1275 1946 1332 habuimus

365 1377 584 1432 doctore
609 1417 624 1442 ,
673 1377 760 1446 qui
793 1375 909 1430 htcc
937 1375 1081 1430 clare
1107 1374 1287 1428 sciret.
1331 1372 1557 1442 Spiritus
1600 1355 1733 1425 enim
1776 1369 1947 1424 omnia

365 1462 640 1534 sortiatur,
670 1468 822 1522 etiam
843 1467 1100 1538 profunda
1130 1465 1239 1520 Dci.
1267 1465 1355 1519 11.
1388 1463 1513 1531 Quis
1532 1463 1664 1517 enim
1686 1461 1947 1516 hominum

366 1560 459 1614 scit
486 1575 599 1629 qua:
641 1568 756 1613 sunt
787 1559 1005 1612 hominis
1027 1598 1043 1624 ,
1094 1557 1192 1611 nisi
1233 1557 1442 1627 spiritus
1471 1554 1688 1608 hominis
1711 1593 1727 1622 ,
1769 1553 1856 1622 qui
1893 1551 1944 1604 in

365 1654 477 1721 ipso
502 1651 618 1707 est?
645 1651 730 1705 Ita
755 1662 800 1706 et
824 1667 938 1722 qua?
964 1650 1061 1704 Dei
1088 1659 1206 1705 sunt
1227 1665 1372 1703 nemo
1395 1649 1530 1702 novit
1550 1690 1565 1712 ,
1597 1647 1696 1700 nisi
1718 1645 1947 1715 Spiritus

365 1742 483 1798 Dei.
528 1742 614 1797 13.
657 1741 771 1797 Nos
796 1750 962 1795 autem
1007 1758 1108 1795 non
1138 1741 1372 1810 spiritum
1401 1739 1578 1792 mundi
1620 1737 1906 1806 accepimus
1929 1777 1944 1799 ,

363 1836 453 1890 sed
483 1835 732 1906 Spiritum
758 1835 846 1905 qui
889 1849 952 1887 ea:
979 1831 1088 1887 Deo
1117 1841 1220 1898 est,
1253 1840 1308 1885 ut
1353 1831 1573 1883 sciamus
1600 1843 1715 1899 qua
1758 1843 1790 1881 a
1834 1825 1947 1880 Deo

365 1928 554 1982 donata
581 1935 697 1981 sunt
726 1925 890 1979 nobis.
918 1924 1018 1979 llic
1046 1923 1188 1978 enim
1217 1921 1370 1986 illud,
1394 1918 1630 1982 scrutari,
1662 1933 1770 1973 non
1798 1917 1948 1986 igno-

363 2019 609 2082 rantiam,
637 2017 731 2072 sed
761 2023 1064 2072 accuratam
1095 2013 1371 2069 scientiam
1402 2011 1620 2067 iudicat.
1646 2011 1756 2065 Hac
1785 2009 1948 2079 igitur

369 2110 606 2165 dictione
630 2110 791 2164 etiam
821 2107 890 2164 de
920 2107 1030 2162 Deo
1061 2107 1283 2176 loquens
1314 2119 1440 2159 usus
1468 2110 1552 2159 est
1581 2101 1766 2156 dicens
1797 2119 1812 2156 :
1847 2099 1948 2166 Qui

365 2214 532 2258 autem
557 2212 815 2258 scrutatur
857 2202 1013 2256 corda
1037 2242 1051 2265 ,
1083 2200 1220 2254 norit
1258 2200 1371 2270 quis
1409 2198 1676 2260 sit‘sensus
1718 2193 1947 2263 Spiritus

367 2297 387 2367 (
417 2298 564 2350 Rom.
606 2295 658 2351 8.
685 2295 755 2348 27
781 2295 822 2364 ).
867 2293 1067 2349 Deinde
1093 2307 1212 2349 cum
1244 2299 1498 2345 accurate
1530 2289 1784 2358 loquutus
1804 2294 1948 2340 esset

365 2392 434 2445 de
454 2387 758 2459 cognitione
782 2388 1029 2457 Spiritus,
1045 2394 1098 2440 et
1117 2383 1439 2440 ostendisset
1464 2396 1580 2437 eam
1608 2381 1678 2434 ita
1701 2393 1918 2448 exaequa
1935 2410 1947 2419 ο

367 2483 414 2534 ri
452 2480 741 2550 cognitioni
775 2479 902 2547 Dei,
937 2487 994 2532 ut
1018 2477 1128 2547 ipsa
1161 2475 1393 2531 hominis
1419 2472 1654 2542 cognitio
1680 2471 1779 2525 sibi
1811 2471 1943 2539 ipsi;

365 2584 422 2627 et
447 2571 719 2627 docuisset
744 2585 843 2626 nos
870 2571 1048 2626 omnia
1080 2570 1204 2625 inde
1229 2567 1500 2633 didicisse,
1519 2574 1574 2620 et
1605 2563 1728 2619 inde
1754 2576 1946 2618 neces-

364 2666 512 2721 sario
533 2707 548 2733 ,
599 2665 874 2736 subjunxit
901 2682 916 2721 :
945 2665 1032 2720 15.
1076 2663 1203 2729 Quae
1230 2663 1382 2716 etiam
1417 2661 1672 2732 loquimur
1695 2701 1710 2726 ,
1743 2674 1845 2712 non
1893 2658 1949 2711 in

364 2758 526 2813 doctis
563 2760 798 2813 humana
838 2757 1101 2829 sapientia:
1127 2755 1324 2818 verbis;
1370 2753 1460 2808 sed
1482 2755 1534 2807 in
1564 2753 1792 2807 doctrina
1820 2749 1946 2820 Spi-

363 2852 489 2905 ritus
537 2853 735 2916 sancti,
797 2847 1146 2919 spiritualibus
1207 2845 1498 2916 spiritantia
1563 2852 1943 2911 comparantes.

364 2944 554 2998 Videu’
577 2958 686 3015 quo
729 2956 828 2997 nos
867 2938 1148 2996 deduxerit
1193 2937 1262 2990 ab
1303 2936 1620 2991 auctoritate
1659 2934 1946 2988 doctoris?

364 3037 539 3092 Tanto
555 3038 696 3092 enim
720 3036 823 3090 illis
845 3047 1028 3088 sumus
1046 3030 1419 3100 sapientiores,
1443 3035 1697 3098 quantum
1724 3027 1947 3084 interest

365 3129 504 3183 inter
519 3127 795 3182 Platonem
811 3137 859 3179 ct
879 3122 1132 3192 Spiritum
1150 3128 1412 3173 sanctum.
1432 3117 1510 3173 illi
1532 3119 1674 3174 enim
1695 3125 1947 3172 externus

363 3228 605 3274 oratores
631 3217 826 3272 habent
856 3213 1156 3284 magistros,
1188 3225 1282 3263 nos
1307 3217 1482 3264 autem
1516 3208 1772 3279 Spiritum
1821 3222 1949 3264 san-

363 3318 527 3362 ctum.
568 3306 704 3374 Quid
732 3305 831 3361 sibi
875 3304 990 3357 vult
1031 3311 1229 3366 autem,
1255 3300 1560 3371 Spiritualia
1603 3298 1948 3370 spiritualifnts

365 3408 716 3471 comparantes
737 3399 764 3453 .9
790 3394 1330 3465 QuandO'spiritualc
1369 3393 1525 3449 fuerit
1548 3403 1601 3449 et
1627 3392 1848 3449 dubium
1871 3434 1887 3462 ,
1916 3409 1946 3449 a

369 3491 732 3564 spiritualibns
758 3489 1059 3546 testimonia
1087 3487 1360 3543 ducimus:
1387 3496 1468 3552 ut,
1488 3488 1719 3558 exempli
1742 3502 1904 3542 causa
1927 3529 1943 3555 ,

367 3583 934 3650 resurrexitChristus,
962 3582 1081 3651 quia
1104 3581 1174 3637 de
1197 3579 1412 3652 Virgine
1429 3588 1583 3636 natus
1603 3588 1706 3636 est.
1725 3580 1948 3636 Adduco

369 3679 691 3744 testimonia,
725 3678 919 3747 figuras
943 3685 997 3731 et
1025 3673 1528 3742 demonstrationes,
1561 3674 1711 3730 Jonas
1742 3674 1794 3729 in
1825 3683 1947 3730 ceto

367 3787 581 3838 moras,
621 3780 676 3826 et
721 3769 1090 3826 liberationem
1129 3783 1249 3838 qua:
1292 3776 1473 3837 postea
1504 3767 1633 3832 fuit,
1683 3766 1946 3822 sterilium

368 3877 570 3936 partus,
602 3863 750 3920 Sara:
775 3871 830 3918 et
858 3861 1117 3917 Rebecca:
1139 3871 1193 3914 et
1217 3868 1532 3914 exterarum
1563 3873 1577 3911 :
1611 3858 1862 3912 arborum
1897 3858 1948 3912 in

367 3958 616 4030 paradiso
667 3955 1070 4028 productionem
1124 3966 1230 4006 non
1274 3950 1434 4020 jactis
1463 3949 1798 4016 seminibus,
1842 3963 1948 4004 non
1999 4003 2012 4016 ,

367 4039 620 4106 demissis
665 4048 958 4113 imbribus,
1006 4059 1112 4100 non
1159 4043 1310 4098 sulco
1358 4041 1518 4096 facto.
1561 4039 1757 4093 Futura
1804 4040 1948 4095 enim

369 4141 732 4213 ﬁgurabantur
771 4148 826 4194 ct
863 4135 1306 4193 deseribehantur
1333 4141 1612 4201 tamquam
1657 4131 1709 4184 in
1762 4129 1950 4185 umbra

370 4231 678 4303 prioribus,
728 4239 786 4283 ut
834 4243 894 4284 ea
950 4225 1296 4281 crederentur
1345 4237 1468 4278 cum
1509 4220 1846 4277 advenirent.
1887 4221 1955 4276 Et.

369 4321 597 4379 ostendo
617 4335 827 4378 rursum
848 4317 1117 4390 quomodo
1140 4315 1300 4370 homo
1325 4329 1390 4371 ex
1415 4323 1579 4382 terra,
1609 4322 1666 4369 et
1686 4313 1955 4384 quomodo

369 4428 436 4472 ex
484 4414 602 4470 solo
632 4412 748 4467 viro
791 4411 980 4466 mulier
1009 4409 1126 4464 sine
1168 4407 1280 4463 ullo
1324 4407 1467 4462 coitu
1498 4423 1510 4460 :
1542 4406 1811 4476 quomodo
1841 4405 1954 4477 ipsa

373 4519 518 4564 terra
545 4524 606 4563 ex
635 4505 804 4561 nihilo
829 4546 845 4572 ,
884 4501 1160 4559 Creatoris
1190 4500 1426 4571 potentia
1459 4499 1657 4568 ubique
1683 4498 1749 4552 ad
1779 4499 1954 4554 omnia

373 4599 694 4656 sufﬁciente.
737 4596 810 4651 Ita
837 4594 1206 4667 spiritualibns
1235 4589 1534 4662 spiritualia
1563 4604 1820 4658 comparo
1843 4629 1858 4655 ,
1903 4599 1960 4645 et

375 4707 637 4764 nusquam
663 4705 800 4760 opus
835 4687 1006 4743 habeo
1039 4696 1261 4741 externa
1290 4680 1551 4752 sapientia
1580 4695 1754 4751 neque
1793 4680 1959 4736 ratio-

376 4785 535 4839 ciniis
581 4796 758 4852 neque
811 4777 1235 4848 probationibus.
1279 4773 1360 4828 Illi
1409 4787 1638 4841 namque
1691 4770 1958 4825 inﬁrmam

379 4885 617 4931 mentem
643 4870 958 4930 concutiunt
984 4878 1037 4924 et
1063 4866 1401 4932 conturbant,
1425 4879 1524 4919 nec
1550 4862 1750 4934 aliquid
1771 4877 1956 4917 eorum

378 4983 500 5037 qua:
526 4967 710 5022 dicunt
737 4964 1109 5019 demonsrarc
1137 4965 1397 5029 possunt;
1429 4955 1522 5011 sed
1551 4963 1607 5010 et
1630 4953 1960 5010 contrarium

381 5059 613 5123 faciunt;
648 5055 862 5110 turbant
891 5050 1058 5122 magis
1082 5091 1098 5116 ,
1146 5047 1377 5118 caligine
1421 5045 1630 5116 replent
1658 5055 1713 5100 et
1756 5043 1966 5098 dubita-

383 5150 532 5202 tione
569 5147 758 5200 multa.
790 5145 915 5201 ltleo
959 5145 1071 5209 ait,
1107 5137 1473 5212 Spirilualibus
1508 5135 1798 5206 spiritantia
1823 5149 1964 5187 cont-

383 5249 642 5312 parantes.
685 5236 871 5291 Viden‘
912 5245 967 5288 ut
995 5245 1444 5304 supervacaneam
1471 5227 1786 5298 sapientiam
1819 5225 1963 5280 illam

384 5331 667 5389 ostendit?
694 5344 793 5384 nec
819 5328 992 5386 solum
1023 5337 1507 5395 supervacaneam,
1540 5320 1634 5376 sed
1664 5329 1718 5375 et
1745 5327 1965 5373 contra-

385 5427 523 5483 riam
554 5433 610 5480 et
653 5422 888 5479 noxiam.
928 5418 1061 5474 Nam
1095 5431 1216 5473 cum
1249 5414 1420 5478 dixit,
1468 5412 1532 5468 Ut
1573 5429 1672 5466 non
1707 5418 1974 5464 evacuctur

388 5534 518 5574 crux
545 5515 754 5581 Christi,
786 5522 861 5576 et,
897 5510 964 5566 Ut
994 5526 1094 5564 non
1116 5509 1179 5564 sit
1205 5509 1256 5561 in
1287 5507 1538 5574 sapientia
1568 5505 1828 5558 hominum
1845 5503 1971 5574 fides

393 5618 588 5676 nostra,
617 5606 718 5661 hoc
742 5602 1076 5675 signiﬁcavit.
1107 5600 1202 5657 llic
1225 5607 1402 5654 autem
1427 5595 1658 5652 ostendit
1684 5612 1788 5651 non
1822 5609 1979 5662 posse

397 5715 534 5768 eos,
579 5699 670 5770 qui
715 5695 816 5768 ipsi
859 5691 1137 5751 confidunt
1177 5700 1231 5747 et
1279 5698 1449 5744 totum
1493 5687 1592 5758 ipsi
1642 5687 1976 5758 permittunt,

2041 359 2239 431 aliquid
2267 359 2398 415 utile
2426 359 2652 416 discere.
2688 361 2777 416 14.
2809 359 3058 414 Animalis
3079 357 3212 412 enim
3241 356 3413 419 homo,
3434 355 3626 426 inquit,

2045 465 2147 504 non
2171 450 2386 521 percipit
2413 467 2472 504 ea
2522 466 2636 522 qua
2660 460 2776 505 sunt
2797 449 3040 520 Spiritus.
3072 447 3298 518 Oportet
3323 447 3484 517 igitttr
3508 461 3627 500 eam

2045 541 2194 612 prius
2212 541 2498 611 deponere.
2521 541 2655 610 Quid
2678 541 2869 612 igitur?
2890 541 3241 611 reprobatane
3263 547 3369 606 est,
3396 539 3624 608 inquies,

2045 640 2263 686 externa
2311 633 2614 701 sapientia?
2667 633 2826 702 Atqui
2875 645 3010 702 opus
3063 639 3146 687 est
3194 631 3311 686 Dei.
3369 629 3526 686 Unde
3573 627 3624 682 id

2045 724 2295 777 constat?
2339 723 2453 781 Non
2485 724 2626 779 enim
2657 724 2742 778 ille
2772 723 2899 779 fecit
2925 726 3093 794 ipsam
3119 763 3136 790 ,
3186 724 3282 780 sed
3313 733 3371 778 tu
3400 722 3624 777 adiuve-

2047 814 2170 868 nisti
2202 833 2216 868 :
2249 831 2370 870 nam
2409 815 2495 870 hic
2523 816 2838 885 sapientiam
2868 825 3023 870 vocat
3060 816 3329 870 curiosam
3361 815 3625 886 perquisi-

2046 905 2246 959 tionem
2293 913 2346 960 et
2385 907 2711 974 superﬂuam
2740 905 3061 959 facundiam.
3122 905 3178 960 Si
3220 906 3341 975 quis
3368 919 3496 958 vero
3525 903 3630 956 hu-

2048 1008 2259 1048 manam
2303 995 2640 1064 prudentiam
2671 995 2755 1048 hic
2783 994 3004 1064 intelligi
3033 994 3208 1060 dicat,
3251 994 3332 1049 sie
3370 996 3531 1047 etiam
3577 993 3628 1046 in

2046 1086 2200 1156 Culpa
2221 1101 2302 1141 es.
2333 1087 2410 1141 Tu
2432 1087 2574 1142 enim
2599 1088 2742 1142 illam
2759 1087 3033 1155 detttrpas,
3060 1087 3148 1157 qui
3172 1087 3260 1141 illa
3279 1087 3418 1141 male
3438 1086 3626 1152 uteris,

2047 1179 2139 1248 qui
2163 1177 2229 1231 ad
2261 1179 2350 1233 Dei
2377 1177 2631 1232 damnum
2661 1189 2715 1234 ct
2753 1177 3106 1233 offensionem
3149 1179 3217 1234 ab
3245 1178 3336 1232 illa
3379 1177 3546 1247 exigis
3575 1176 3628 1230 id

2047 1266 2190 1335 quod
2218 1281 2320 1321 non
2352 1266 2530 1323 habet.
2559 1268 2691 1336 Quia
2721 1269 2880 1339 igitur
2906 1268 2957 1322 in
2989 1269 3074 1322 illa
3102 1268 3352 1338 gloriaris
3379 1279 3432 1324 et
3461 1269 3628 1323 Deum

2050 1358 2191 1414 bello
2218 1360 2427 1430 impetis
2447 1402 2461 1422 .
2490 1361 2607 1431 ejus
2634 1361 2723 1416 ille
2751 1361 3170 1416 imbecillitatem
3197 1360 3451 1416 ostendit.
3494 1361 3627 1415 Nam

2051 1450 2186 1506 bona
2213 1467 2426 1523 quoque
2453 1467 2539 1508 res
2564 1463 2646 1508 est
2675 1453 2920 1523 corporis
2957 1453 3156 1516 robur;
3200 1452 3292 1506 sed
3331 1453 3454 1522 quia
3498 1449 3628 1506 Cain

2048 1541 2139 1594 illo
2170 1557 2274 1597 non
2320 1552 2378 1597 ut
2422 1544 2655 1612 oportuit
2684 1558 2812 1598 usus
2837 1553 2948 1610 est,
2980 1542 3227 1597 dissolvit
3255 1543 3404 1596 illum
3442 1543 3584 1596 Dens
3609 1582 3627 1607 ,

2047 1641 2099 1686 et
2127 1640 2186 1687 ut
2211 1641 2465 1688 tremeret
2492 1633 2687 1688 eiii-cit.
2719 1633 2909 1688 Vinum
2933 1649 3143 1703 quoque
3171 1633 3369 1687 bonum
3391 1641 3506 1697 est;
3536 1633 3629 1687 sed

2049 1723 2170 1793 quia
2197 1724 2547 1780 immoderate
2575 1724 2666 1780 illo
2692 1725 2770 1779 usi
2799 1734 2924 1779 sunt
2943 1723 3136 1790 Judaei,
3162 1723 3280 1791 ejus
3310 1737 3462 1776 usnm
3490 1723 3631 1777 Dens

2047 1815 2417 1871 sacerdotibus
2442 1817 2663 1870 omnino
2690 1815 2987 1871 interdixit.
3017 1814 3281 1882 Quoniam
3306 1827 3438 1883 ergo
3463 1824 3518 1867 tu
3541 1828 3629 1868 sa-

2049 1905 2246 1975 pientis
2273 1907 2340 1961 ad
2370 1907 2462 1962 Dei
2493 1906 2801 1976 despectum
2832 1920 2960 1960 usus
2989 1920 3049 1960 es
3075 1947 3089 1972 ,
3117 1914 3172 1960 et
3202 1904 3459 1974 majorem
3487 1903 3630 1957 illaut

2049 1997 2273 2066 exegisti
2295 2035 2313 2064 ,
2343 2012 2500 2068 quam
2527 1998 2670 2052 vires
2698 1997 2921 2063 ferrent,
2949 1996 3019 2051 ah
3055 2011 3150 2066 spe
3181 1995 3413 2049 humana
3449 2004 3500 2048 te
3531 1994 3627 2046 ab-

2048 2087 2284 2155 ducens,
2334 2089 2451 2158 ejus
2478 2087 2842 2144 inﬁrmitatem
2873 2087 3128 2144 ostendit.
3171 2085 3438 2142 Animaiis
3483 2085 3629 2139 enim

2049 2187 2130 2232 est
2155 2218 2170 2244 ,
2198 2179 2288 2248 qui
2317 2185 2484 2232 totum
2511 2176 2603 2232 dat
2634 2177 2841 2248 frigidis
2868 2177 3164 2232 ratiociniis
3189 2219 3202 2242 ,
3250 2185 3305 2232 et
3343 2190 3449 2230 non
3478 2183 3632 2244 putat

2049 2283 2108 2324 se
2156 2269 2265 2323 ullo
2291 2282 2523 2338 superno
2567 2269 2767 2323 auxilio
2813 2282 2948 2338 opus
2986 2267 3188 2322 habere
3218 2307 3234 2332 ,
3288 2265 3433 2336 quod
3483 2275 3634 2320 certe

2049 2362 2280 2416 amentia
2306 2353 2565 2416 est.'Nam
2595 2360 2742 2416 dedit
2767 2360 2911 2415 illam
2935 2361 3092 2424 Deus,
3125 2367 3184 2414 ut
3210 2359 3381 2413 discat
3405 2366 3458 2413 et
3474 2371 3633 2426 opem

2048 2469 2200 2509 suam
2236 2453 2494 2522 accipiat;
2545 2467 2654 2507 non
2681 2461 2737 2507 ut
2761 2466 2880 2507 eam
2908 2451 3010 2506 sibi
3036 2451 3138 2520 ipsi
3181 2449 3431 2505 sufﬁcere
3458 2456 3632 2518 putet.

2052 2545 2261 2599 Etenim
2291 2543 2430 2600 oculi
2462 2542 2671 2614 pulchri
2699 2551 2754 2598 et
2780 2542 2938 2597 utiles
2967 2549 3126 2606 sunt;
3158 2540 3252 2595 sed
3281 2541 3324 2595 si
3368 2539 3637 2594 voluerint

2049 2636 2167 2690 sine
2195 2635 2314 2690 luce
2348 2634 2533 2690 videre
2558 2675 2575 2700 ,
2623 2633 2758 2688 nihil
2786 2633 2936 2702 juvat
2964 2633 3082 2687 illos
3124 2631 3501 2703 pulchritudo,
3549 2630 3636 2686 vel

2051 2726 2262 2797 propria
2293 2727 2480 2789 virtus,
2515 2725 2625 2780 imo
2649 2725 2810 2780 etiam
2839 2723 3002 2778 laedit.
3033 2724 3124 2778 Sic
3153 2724 3333 2794 itaque
3357 2724 3560 2788 anima,
3586 2721 3633 2776 si

2052 2819 2277 2873 voluerit
2316 2818 2433 2872 sine
2461 2815 2658 2886 Spiritu
2702 2816 2884 2870 videre
2907 2856 2923 2882 ,
2970 2815 3071 2869 sibi
3101 2815 3198 2884 ipsi
3233 2813 3620 2884 impedimento

2050 2919 2152 2964 est.
2192 2908 2472 2974 Quomodo
2499 2905 2691 2978 igitur,
2744 2905 2949 2976 inquies
2969 2945 2986 2972 ,
3015 2905 3244 2960 antehae
3276 2920 3370 2975 per
3396 2905 3631 2974 seipsam

2051 3000 2226 3054 omnia
2253 2998 2512 3054 videbat?
2539 2997 2837 3068 Num-tuam
2877 3011 2906 3050 a
2947 2997 3144 3066 seipsa,
3174 2996 3266 3052 sed
3296 2995 3485 3051 habuit
3513 3011 3626 3050 rem

2049 3101 2284 3148 creatam
2312 3107 2416 3164 pro
2443 3091 2582 3147 libro
2607 3092 2938 3161 propositam
2971 3090 3026 3144 in
3057 3089 3234 3144 medio
3266 3108 3280 3142 :
3314 3089 3434 3160 quia
3465 3104 3595 3145 vero
3617 3130 3635 3155 ,

2051 3185 2270 3240 dimissa
2308 3186 2392 3239 via
2431 3199 2535 3254 qua
2583 3184 2723 3238 Deus
2761 3182 2926 3252 jussit
2960 3181 3208 3238 homines
3235 3182 3486 3238 incedere
3511 3221 3528 3249 ,
3579 3193 3640 3238 nt

2051 3293 2148 3347 per
2197 3275 2481 3331 visibilium
2529 3275 2977 3345 pulchritudinem
3023 3282 3244 3330 nossent
3287 3274 3635 3340 Creatorem,

2053 3367 2343 3424 ratiociniis
2370 3365 2607 3422 scientiae
2633 3374 2840 3436 sceptra
2867 3365 3292 3432 commiserunt,
3339 3366 3390 3419 in
3421 3365 3640 3434 pelagus

2051 3460 2339 3532 impietatis
2363 3459 2559 3515 inﬁrmi
2603 3457 2777 3514 effecti
2805 3457 3036 3513 demersi
3063 3466 3187 3512 sunt
3215 3497 3231 3523 ,
3273 3455 3452 3511 statim
3480 3457 3642 3526 abys-

2053 3568 2170 3608 sum
2213 3553 2474 3608 malorum
2520 3551 2835 3607 indueentes
2862 3593 2878 3619 ,
2907 3565 2970 3606 ac
2997 3550 3237 3606 dicentes
3267 3549 3400 3603 nihil
3431 3565 3496 3604 ex
3528 3563 3639 3605 non

2051 3645 2384 3702 exstantibus
2408 3643 2547 3712 fieri,
2571 3643 2664 3700 sed
2687 3659 2748 3698 ex
2774 3643 2997 3698 materia
3022 3641 3277 3711 ingenita;
3308 3641 3448 3696 unde
3472 3641 3638 3696 etiam

2054 3737 2290 3794 hmreses
2317 3737 2625 3792 innumeras
2669 3743 2995 3805 pepererunt
3025 3751 3037 3785 :
3068 3743 3123 3787 et
3153 3734 3204 3786 in
3234 3733 3298 3786 iis
3323 3747 3442 3801 quae
3483 3733 3642 3791 valde

2054 3828 2285 3884 absurda
2327 3836 2481 3882 erant
2508 3833 2914 3886 convenerunt;
2961 3823 3012 3876 in
3042 3821 3235 3891 quibus
3275 3830 3453 3875 autem
3485 3823 3643 3879 vide-

2056 3921 2251 3978 bantur
2277 3920 2472 3989 aliquid
2501 3931 2686 3972 sanum
2724 3918 2871 3985 quasi
2901 3914 2954 3967 in
2986 3911 3172 3967 umbra
3202 3912 3471 3966 Somniare
3501 3955 3517 3980 ,
3551 3915 3644 3969 di-

2057 4014 2189 4068 vulsi
2217 4025 2280 4066 ac
2307 4010 2458 4065 divisi
2486 4017 2645 4072 sunt,
2675 4015 2733 4061 ut
2759 4006 3009 4076 utrinque
3046 4003 3441 4060 deriderentur.
3481 4004 3642 4072 Quod

2046 4105 2200 4166 ,enim
2228 4117 2299 4159 ex
2330 4117 2436 4156 non
2466 4098 2798 4156 exstantibus
2829 4095 2960 4151 nihil
2990 4096 3118 4160 fiat,
3152 4111 3256 4149 una
3285 4109 3474 4150 OilllICS
3503 4111 3644 4165 pene

2058 4200 2307 4255 dixerunt
2345 4206 2400 4252 et
2443 4195 2642 4264 scripto
2690 4191 3062 4247 tradiderunt:
3091 4189 3248 4259 idque
3289 4204 3480 4258 magno
3516 4206 3642 4244 cum

2062 4293 2260 4349 studio.
2304 4291 2359 4344 In
2403 4286 2633 4344 absurda
2663 4285 2842 4355 itaque
2869 4283 2989 4337 illos
3018 4281 3228 4351 impulit
3274 4279 3540 4335 diabolus.
3587 4282 3644 4338 In

2057 4386 2278 4440 utilibus
2324 4393 2500 4437 autem
2528 4421 2544 4446 ,
2590 4378 2679 4432 ubi
2729 4376 3048 4430 videbantur
3095 4387 3192 4428 ceu
3257 4373 3309 4426 iu
3347 4371 3650 4442 'acnigmete

2062 4478 2258 4548 aliquid
2288 4491 2352 4531 ex
2381 4472 2621 4544 quaesitis
2647 4469 2886 4523 invenire
2905 4507 2920 4533 ,
2951 4469 3003 4522 in
3031 4467 3112 4521 his
3139 4508 3153 4531 ,
3184 4467 3423 4536 inquam,
3452 4477 3643 4521 contra

2064 4584 2123 4625 se
2150 4579 2450 4639 pugnavere
2497 4577 2510 4615 :
2556 4561 2703 4617 verbi
2749 4559 2917 4628 gratia
2947 4599 2961 4624 ,
3009 4557 3154 4627 quod
3207 4557 3528 4612 immortalis
3577 4558 3650 4611 sit

2065 4665 2262 4724 anima,
2286 4657 2426 4730 quod
2447 4656 2617 4711 virtus
2641 4653 2786 4708 nullo
2809 4661 2963 4722 egeat
2984 4661 3328 4705 externorum
3355 4663 3454 4702 :ac
3475 4664 3648 4718 neque

2067 4771 2130 4811 ex
2159 4750 2476 4808 necessitate
2499 4788 2516 4816 ,
2563 4760 2734 4817 neque
2759 4759 2826 4800 ex
2855 4743 2962 4798 fato
2990 4743 3161 4797 bonos
3206 4741 3321 4795 fieri
3345 4780 3362 4806 ,
3414 4749 3508 4794 aut
3540 4757 3648 4794 ttntt

2071 4846 2221 4900 tales.

2141 4937 2196 4993 5.
2224 4931 2474 4990 Vidistin’
2501 4930 2698 4986 diaboli
2739 4925 3036 4983 malitiam?
3074 4923 3255 4979 Sicubi
3293 4924 3415 4979 illos
3451 4922 3651 4992 aliquid

2071 5039 2381 5099 corruptum
2407 5027 2584 5080 dicere
2605 5023 2768 5085 vidit,
2802 5019 2853 5074 id
2883 5017 3060 5072 eil‘ecit
3083 5027 3138 5070 ut
3161 5032 3351 5071 omnes
3378 5015 3650 5072 consenti-

2073 5131 2193 5178 rent
2218 5139 2232 5187 ;
2258 5117 2428 5174 sicubi
2452 5131 2578 5170 vero
2598 5111 2794 5181 aliquid
2817 5123 3003 5164 sanum
3031 5107 3291 5176 proferre,
3313 5107 3448 5160 alios
3469 5116 3652 5159 contra

2078 5215 2222 5284 ipsos
2243 5207 2564 5268 concitavit;
2592 5213 2650 5258 ut
2672 5199 2900 5255 absurda
2930 5215 3036 5253 non
3059 5199 3370 5253 exciderent
3389 5211 3655 5250 consensu

2078 5305 2412 5367 confirmata,
2435 5309 2489 5356 et
2517 5296 2664 5352 utilia
2695 5293 2996 5348 dillluerent
3026 5291 3173 5345 varie
3209 5289 3501 5344 intellecta.
3525 5288 3658 5344 Vide

2081 5394 2348 5467 quomodo
2375 5391 2550 5446 anima
2573 5385 2768 5456 ubique
2798 5383 2868 5437 sit
2891 5382 3178 5446 imbecilla,
3207 5393 3379 5450 neque
3405 5378 3507 5433 sibi
3545 5379 3632 5432 sui
3642 5410 3657 5419 -

2085 5489 2244 5545 ficiat.
2275 5486 2329 5541 id
2357 5497 2486 5538 vero
2523 5481 2645 5550 jure
2681 5476 2873 5532 merito
2917 5475 3110 5530 factum
3141 5481 3240 5526 est.
3272 5470 3328 5526 Si
3367 5469 3509 5526 enim
3538 5485 3660 5525 cum

2087 5585 2207 5641 talis
2232 5585 2366 5637 facta
2392 5580 2481 5647 sit,
2508 5575 2782 5632 contendit
2810 5590 2867 5630 se
2897 5573 3042 5628 nullo
3067 5585 3201 5647 opus
3227 5569 3443 5638 habere,
3473 5579 3524 5624 et
3550 5581 3606 5621 se
3630 5580 3661 5619 a

2091 5681 2199 5736 Deo
2218 5672 2462 5739 abducit;
2492 5671 2592 5728 nisi
2615 5669 2735 5724 uilis
2761 5667 2894 5722 facta
2915 5672 3077 5728 esset,
3105 5663 3156 5716 in
3183 5675 3468 5733 quamnon
3492 5671 3678 5713 anten-
