3954 6130
244 174 265 212 1

396 232 474 290 ‘Cl
1084 230 1141 287 S.
1182 230 1468 288 JOANNIS
1504 230 1994 289 CHRYSOSTOMI
2031 230 2355 287 ARCIIIEP.
2396 230 2943 289 CONSTANTINOP.
3333 264 3338 269 -
3573 231 3640 287 02

410 346 598 416 φησὶν,
628 346 708 411 ὡς
732 347 857 400 θεοί
875 361 889 375 ⁸
928 347 977 399 εί
1012 346 1104 399 καὶ
1140 348 1298 402 τοῦτο
1331 347 1389 413 ἐξ
1427 350 1597 421 ἀρχῆς
1625 350 1817 407 ἐλαϐεν
1842 351 1970 407 ἀθά-

2079 345 2266 416 δαμεν,
2295 348 2393 401 οὐκ
2419 349 2751 421 ἀνθρώπινα,
2772 349 2913 403 ὥστε
2944 347 3368 419 ὐποπτευθῆναι,
3391 346 3526 402 ἀλλά
3547 349 3638 401 τοῦ

408 445 586 493 νατον,
621 428 725 482 ποῦ
746 431 848 483 οὐκ
879 431 945 483 ἂν
970 427 1194 495 ἐξέπεσε
1223 447 1237 494 ;
1268 433 1379 486 Καὶ
1403 434 1511 505 7&9
1535 435 1628 488 καὶ
1657 437 1774 507 μετ’
1802 438 1978 490 ἐκεῖνο
2081 429 2172 483 νοῦ
2200 430 2409 485 ἐκείνου
2440 432 2533 485 καὶ
2565 431 2930 503 πνευματικά.

404 513 699 582 ἀγέννητον
726 513 925 583 ἑαυτὴν
956 511 1155 582 ἔφησεν
1195 509 1355 579 εἶναι,
1406 517 1503 569 ’καὶ⁵
1535 516 1634 587 τῆς
1656 518 1843 582 οὐσίας
1878 518 1972 572 τοῦ

403 592 561 659 Θεοῦ,
595 593 682 646 διὰ
717 593 815 647 τοῦ
847 596 1144 662 σεσηπότος
1175 595 1284 647 τῶν
1318 596 1637 666 Μανιχαίων
1670 598 1968 669 στόματος·

403 678 500 729 καὶ
529 678 655 740 τοὺς
689 677 843 738 θεοὺς
882 677 1010 738 τοὺς
1039 679 1171 748 παρ’
1218 678 1480 747 Ἕλλησιν
1515 680 1622 733 ἀπὸ
1653 681 1843 734 τούτου
1877 679 1972 734 τοῦ

401 762 710 828 νοσήματος
737 761 835 829 τῆς
873 761 1178 825 ὑποθέσεως
1220 763 1507 815 ἀνέπλασε.
1551 764 1649 817 Διά
1678 763 1835 817 τοῦτό
1883 782 1972 835 μοι

399 841 545 894 δοκεῖ
591 843 686 893 καὶ⁸
730 843 827 911 τὴν
858 843 1058 913 ἀρετὴν
1101 844 1130 897 0
1184 844 1315 908 Θεὸς
1375 844 1673 915 ἐπίμοχθον
1727 847 1968 918 ποιῆσαι,

402 926 669 994 κάμπτων
716 925 888 996 αὐτὴν
942 926 1039 979 καὶ
1077 928 1158 988 εἰς
1196 927 1257 979 τὸ
1298 927 1607 998 μετριάζειν
1652 928 1817 996 ἀγων.
1862 930 1972 982 Καὶ

400 1009 485 1060 ῖνα
519 1007 698 1080 μάθῃς
729 1008 812 1061 ὅτι
868 1008 1028 1061 τοῦτό
1057 1010 1209 1062 ἐστιν
1242 1004 1463 1079 ἀληθὲς,
1488 1009 1562 1073 ὡς
1601 1009 1666 1064 ἂν
1689 1011 1843 1074 είτις
1864 1012 1970 1065 ἀπὸ

403 1089 615 1159 μικρῶν
660 1090 869 1159 μεγάλα
909 1092 1229 1160 στοχάσαιτο
1254 1130 1270 1154 ,
1307 1092 1416 1144 ἀπὸ
1470 1090 1577 1145 τῶν
1620 1091 1968 1164 Ἰσραηλιτῶν

397 1172 528 1225 αὐτὸ
577 1172 855 1241 μάθωμεν.
892 1165 1051 1229 Οὗτοι
1100 1172 1231 1240 γοῦν
1280 1173 1443 1243 ἡνίκα
1479 1175 1578 1227 οὐκ
1608 1174 1743 1239 ἔζων
1776 1175 1968 1245 ἐπίμο-

397 1253 525 1323 χθον
551 1253 686 1321 βίον,
709 1253 822 1306 ἀλλ’
838 1253 1072 1317 ἀνέσεως
1099 1255 1387 1317 ἀπέλαυον,
1414 1256 1514 1308 οὐκ
1537 1257 1847 1325 ἐνεγκόντες
1867 1259 1966 1328 τὴν

397 1335 714 1407 εὐημερίαν,
752 1335 1038 1401 ὲξώλισθον
1088 1339 1167 1402 εἰς
1208 1337 1485 1392 ἀσέϐειαν.
1532 1337 1596 1390 Τί
1645 1334 1738 1391 οὖν
1769 1340 1797 1391 0
1833 1339 1967 1402 Θεὸς

399 1421 537 1488 μετά
565 1418 762 1483 τοῦτο;
795 1418 1004 1489 Πλῆθος
1036 1418 1282 1489 νομίμων
1310 1419 1564 1489 ἐπέθηκε.
1596 1419 1818 1473 κωλύων
1856 1421 1966 1473 αὐ·-

394 1500 503 1553 τῶν
527 1501 623 1571 τὴν
646 1501 846 1554 ἄδειαν.
877 1501 984 1553 Καὶ
1039 1500 1127 1554 ⁴ίνα
1160 1502 1338 1573 μάθῃς
1370 1503 1452 1554 ὅτι
1495 1502 1557 1554 οὐ
1595 1502 1731 1573 πρὸς
1764 1504 1966 1574 ἀρετήν

393 1600 515 1635 τινα
542 1583 783 1636 συντελεῖ
811 1583 879 1635 τὰ
902 1584 1111 1653 νόμιμα
1138 1584 1332 1649 ταῦτα,
1356 1583 1471 1635 ἀλλ’
1491 1585 1611 1637 ἀντὶ
1646 1584 1864 1653 χαλινοῦ
1886 1601 1965 1639 τι-

394 1682 483 1728 νος
510 1660 578 1736 ἦν
597 1665 779 1728 αὐτοῖς
795 1664 1064 1737 διδόμενα,
1090 1666 1343 1736 ἀφορμὴν
1365 1666 1616 1735 ἀσχολίας
1631 1665 1958 1736 παρέχοντα,

392 1748 623 1804 ἄκουσον
652 1747 704 1800 τί
735 1748 864 1816 περὶ
890 1746 1069 1800 αὐτῶν
1104 1749 1131 1801 0
1173 1750 1456 1818 προφήτης
1481 1747 1644 1817 φησίν
1668 1764 1683 1779 ’
1727 1747 1962 1803 Ἔδωκα

390 1830 593 1896 αὐτοῖς
621 1829 1044 1899 προστάγματα
1070 1832 1141 1884 οὐ
1167 1831 1344 1884 καλά.
1373 1831 1438 1883 Τί
1466 1832 1521 1884 δέ
1555 1833 1722 1897 ἐστιν,
1755 1832 1838 1885 Οὐ
1860 1846 1962 1885 κα-

390 1912 508 1978 Jd;
536 1912 699 1966 Οὐδὲν
734 1912 878 1982 μέγα
910 1912 1047 1982 πρὸς
1089 1911 1287 1983 ἀρετὴν
1317 1911 1676 1965 συντελοῦντα
1704 1929 1718 1943 ’
1758 1912 1838 1966 διὸ
1866 1914 1961 1967 καὶ

389 1995 603 2064 ἐπάγει·
625 1994 1012 2063 Δικαιώματα,
1039 1995 1108 2049 ἐν
1131 1990 1219 2061 οἷς
1242 1998 1313 2049 οὐ
1336 1993 1614 2061 ζιξσονται
1642 1995 1713 2047 ἐν
1731 1994 1956 2060 αὐτοῖς.

392 2077 659 2147 Ψυχικὸς
694 2077 763 2131 δὲ
797 2078 1108 2146 ἄνθρωπος
1143 2080 1214 2133 οὐ
1254 2077 1486 2147 δέχεται
1523 2080 1596 2133 τὰ
1636 2078 1743 2133 τοῦ
1770 2078 1959 2135 Πνρύ-

388 2180 589 2231 ματος.
615 2162 856 2224 Εἰκότως
880 2179 894 2192 ·
926 2161 1114 2232 ὥσπερ
1139 2162 1247 2234 7&9
1268 2166 1379 2226 τοῖς
1416 2164 1715 2233 ὀφθαλμοῖς
1744 2164 1957 2226 τούτοις

387 2246 557 2309 οὐδεὶς
584 2244 649 2299 ἂν
670 2244 737 2298 τὰ
762 2246 820 2299 ὲν
853 2247 965 2309 τοῖς
994 2245 1239 2317 οὐρανοῖς
1270 2246 1610 2317 καταμάθοι·
1635 2245 1809 2309 οὕτως
1834 2246 1955 2299 οὐδὲ

382 2327 531 2398 ψυχὴ
561 2328 696 2398 μόνη
740 2328 809 2382 τά
850 2328 943 2380 τού
984 2328 1318 2398 Πνεύματος.
1364 2331 1473 2383 Καὶ
1510 2329 1563 2381 τί
1608 2328 1750 2397 λέγω
1787 2329 1856 2383 τὰ
1896 2331 1954 2382 ὲν

380 2403 496 2471 ’τοῖς
532 2411 807 2481 οὐρανοῖς;
834 2410 967 2464 Οὐδὲ
1011 2411 1081 2463 τά
1122 2413 1181 2464 ὲν
1212 2415 1276 2483 τῇ
1321 2414 1390 2482 γῇ
1424 2412 1659 2466 ἅπαντα.
1699 2410 1808 2465 Καὶ
1846 2411 1954 2482 7&9

384 2491 615 2559 ὁρῶντες
647 2491 856 2564 πύργον
899 2492 1179 2565 πόρρωθεν
1214 2496 1576 2564 τετράγωνον,
1624 2493 1954 2563 στρογγύλον

384 2570 521 2628 εἶναι
546 2576 838 2646 νομίζομεν
867 2592 883 2608 ο
927 2575 1042 2628 ἐστι
1087 2576 1143 2630 δὲ
1178 2578 1473 2647 ὀφθαλμῶν
1523 2576 1707 2647 ἀπάτη
1754 2576 1825 2628 τὰ
1855 2576 1954 2644 τῆς

383 2657 637 2729 τοιαύτης
666 2659 1005 2731 ὑπολήψεως.
1036 2658 1195 2714 Οὕτω
1223 2660 1400 2715 τοίνυν
1430 2662 1524 2714 καὶ
1558 2660 1687 2714 ὅταν
1716 2659 1784 2712 τά
1823 2658 1954 2730 πόρ-

385 2741 559 2812 ρωθεν
587 2742 744 2813 ἡμῶν
773 2742 1071 2813 πράγματα
1096 2743 1185 2796 διὰ
1215 2744 1312 2815 τῆς
1342 2744 1581 2806 διανοίας
1608 2743 1775 2814 μόνης
1805 2742 1954 2794 δοκι-

385 2825 529 2897 μάζῃ
556 2842 662 2888 τις,
689 2825 862 2894 γέλως
883 2827 1049 2891 πολὺς
1074 2827 1281 2895 ἕψεται.
1310 2830 1385 2881 Οὐ
1418 2827 1527 2896 γὰρ
1555 2825 1733 2897 μόνον,
1756 2822 1951 2895 οἷάπερ

384 2909 528 2962 ὶστὶν
558 2908 697 2961 αὐτὰ
722 2909 822 2963 οὐκ
847 2909 1058 2979 ὄψεται,
1090 2909 1223 2964 ἀλλά
1245 2911 1337 2963 καὶ
1365 2910 1435 2962 τὰ
1458 2910 1673 2962 ἐναντία
1699 2902 1774 2962 ὧν
1805 2911 1954 2961 ἐστιν

386 2991 645 3062 ἢγήτεται
669 3009 684 3025 ·
712 2991 793 3046 διὸ
813 2994 905 3046 καὶ
932 2993 1182 3064 ἐπήγαγε
1204 3011 1216 3024 ·
1252 2994 1453 3061 Μωρία
1480 2993 1589 3063 γὰρ
1612 2990 1771 3057 αὐτῷ
1797 2992 1948 3047 ἐστι.

386 3072 551 3128 Τοῦτο
585 3073 643 3128 δὲ
672 3074 734 3129 οὐ
765 3077 865 3146 τῆς
901 3074 1115 3143 φύσεως
1147 3074 1242 3129 τοῦ
1283 3073 1604 3149 πράγματος
1626 3113 1641 3137 ,
1681 3074 1816 3127 ἀλλά
1853 3073 1974 3143 τῆς.

384 3154 664 3220 ἀσθενείας
710 3156 804 3211 τοῦ
850 3156 924 3228 μὴ
943 3157 1274 3227 ’δυνηθέντος
1315 3159 1407 3210 τοῦ
1458 3155 1720 3227 μεγέθους
1772 3155 1950 3209 αὐτῶν

383 3240 771 3309 ἒφικέσθαιδιά
797 3240 907 3294 τῶν
943 3240 1045 3312 τῆς
1086 3240 1263 3312 ψυχῆς
1296 3240 1492 3310 ὄψεων.
1536 3235 1668 3294 Εῖτα
1711 3240 1806 3293 καὶ
1849 3239 1951 3310 τὴν

380 3325 557 3378 αἰτίαν
576 3323 878 3394 άντιτίθησι
915 3323 1092 3393 λέγων
1114 3340 1127 3354 ο
1152 3324 1284 3377 ’Ότι
1314 3324 1426 3377 οὐκ
1457 3319 1640 3387 οἶδεν,
1666 3322 1754 3375 ὅτι
1777 3338 1952 3377 πνευο

381 3407 631 3473 ματικῶς
672 3406 1073 3476 ἀνακρίνεται.
1104 3406 1413 3471 Τουτέστιν,
1449 3407 1530 3460 ὃτι
1569 3407 1806 3471 πίστεως
1844 3406 1951 3460 δεῖ·

375 3508 465 3544 ται
516 3490 587 3544 τά
617 3489 906 3559 λεγόμενα,
947 3489 1042 3543 καὶ
1086 3487 1263 3558 λόγοις
1301 3489 1439 3542 αὐτά
1484 3489 1809 3543 καταλαϐεῖν
1850 3488 1950 3542 οὐκ

380 3573 485 3627 ένι·
515 3571 957 3645 ὐπερϐαίνειγάρ
986 3570 1164 3625 αὐτῶν
1188 3569 1251 3622 τὸ
1281 3570 1511 3639 μέγεθος
1544 3572 1604 3625 ἐκ
1631 3570 1823 3624 πολλοῦ
1854 3570 1947 3624 τοῦ

380 3659 661 3729 περιόντος
696 3657 796 3726 τῆς
824 3656 1098 3728 ἡμετέρας
1138 3652 1373 3716 διανοίας
1404 3654 1502 3725 τὴν
1528 3654 1821 3709 εὐτέλειαν.
1855 3655 1948 3707 Διό

380 3758 543 3813 φησιν
563 3759 577 3773 υ
618 3742 673 3792 '0
701 3740 770 3793 δὲ
794 3738 1194 3807 πνευματικὸς
1230 3736 1532 3805 ἀνακρίνει
1551 3737 1668 3806 μὲν
1693 3736 1766 3792 τὰ
1795 3736 1949 3791 πάν-

380 3840 468 3881 τα.
493 3823 674 3888 αὐτὸς
702 3822 771 3877 δὲ
797 3823 899 3877 ὑπ’
931 3817 1180 3886 οὐδενὸς
1211 3819 1610 3889 ἀνακρίνεται.
1646 3820 1757 3873 Καὶ
1785 3820 1892 3891 7&9
1919 3821 1948 3872 0

378 3907 611 3978 βλέπων,
635 3906 813 3959 πάντα
848 3904 948 3974 μὲν
968 3903 1132 3967 αὐτὸς
1154 3903 1365 3974 καθορᾷ
1386 3904 1480 3956 καὶ
1516 3902 1585 3956 τά
1605 3901 1698 3955 τοῦ
1730 3901 1805 3972 μὴ
1830 3901 1949 3970 βλέ-

378 4007 591 4053 ποντος,
636 3991 706 4043 τά
754 3989 812 4043 δὲ
855 3988 1063 4042 ἐκείνου
1116 3987 1228 4042 τῶν
1284 3987 1359 4059 μὴ
1402 3986 1707 4057 βλεπόντων
1749 3985 1944 4049 οὐδείς.

377 4072 534 4128 υῦτω
562 4072 655 4126 καὶ
678 4072 795 4137 νῦν,
838 4072 908 4126 τά
941 4072 1039 4144 μὲν
1067 4072 1312 4143 ἡμέτερα
1346 4071 1439 4124 καὶ
1468 4071 1536 4123 τὲι
1562 4068 1671 4123 τῶν
1700 4068 1947 4122 ἀπίστων

378 4156 551 4210 πάντα
572 4156 732 4226 ῖσμεν
758 4156 936 4226 ἡμεῖς,
958 4154 1027 4207 τά
1049 4154 1105 4209 δὲ
1135 4154 1291 4226 ἡμῶν
1317 4155 1516 4207 ἐκεῖνοι
1535 4152 1720 4205 λοιπὸν
1740 4150 1943 4205 οὐκέτι.

377 4239 486 4292 Καὶ
518 4238 627 4308 γὰρ
658 4239 813 4307 ῖσμεν
839 4237 921 4299 τίς
955 4238 1104 4309 μὲνὴ
1143 4236 1251 4290 τῶν
1295 4234 1576 4307 παρόντων
1608 4234 1947 4305 πραγμάτων

377 4320 558 4389 φύσις.
584 4321 667 4384 τίς
687 4320 744 4373 δὲ
783 4321 816 4391 ἡ
858 4319 966 4374 τῶν
1011 4319 1313 4390 μελλόντων
1354 4317 1499 4382 ἀξία,
1529 4316 1621 4370 καὶ
1651 4316 1703 4369 τί
1746 4332 1873 4369 ποτε
1919 4318 1947 4370 0

378 4404 494 4477 {58]
537 4406 736 4476 κόσμος
785 4405 922 4475 μετὰ
958 4404 1131 4459 ταῦτα
1168 4404 1480 4474 γενήσεται.
1545 4402 1639 4455 καὶ
1674 4400 1728 4453 τί
1764 4400 1863 4470 μὲν
1894 4400 1946 4453 οί

376 4489 691 4561 ἁμαρτωλοὶ
730 4489 1025 4548 πείσονται,
1077 4488 1219 4551 τίνος
1253 4488 1311 4541 δὲ
1346 4484 1745 4540 ἀπολαύσονται
1781 4484 1831 4537 οί
1871 4482 1948 4536 δί-

376 4590 540 4632 καιοι,
569 4572 662 4625 καὶ
694 4571 772 4624 ὅτι
796 4570 1006 4632 οὐδενὸς
1034 4569 1159 4633 ἀξια
1177 4570 1246 4621 τά
1268 4568 1510 4637 παρόντα
1532 4567 1830 4634 πράγματα
1854 4565 1948 4616 καὶ

378 4656 556 4725 ίσμεν,
604 4654 695 4707 καὶ
731 4653 1025 4723 ἐλέγχομεν
1068 4650 1246 4703 αὐτῶν
1279 4649 1379 4720 τὴν
1420 4647 1694 4700 εὐτέλειαν
1720 4646 1800 4713 (τὸ
1837 4646 1947 4715 γάρ

375 4738 708 4809 ἀνακρίνειν,
742 4738 836 4791 καὶ
878 4736 1122 4804 ἐλέγχειν
1161 4732 1323 4799 ἐστὶ),
1353 4732 1446 4785 καὶ
1473 4732 1555 4784 ὅτι
1582 4729 1651 4783 τά
1684 4729 1947 4809 μέλλοντά

376 4807 531 4875 ἐστιν.
557 4820 797 4875 ἀθάνατα
841 4818 935 4871 καὶ
978 4816 1231 4886 ἀκίνητα.
1279 4814 1466 4868 Ταῦτα
1506 4813 1722 4867 ἅπαντα
1750 4807 1889 4865 οἶδεν
1918 4813 1947 4863 0

374 4902 763 4971 πνευματικὸς,
789 4899 948 4953 καὶτί
972 4900 1216 4951 πείσεται
1236 4899 1264 4951 0
1282 4896 1509 4967 ψυχικὸς
1537 4892 1787 4948 ἀπελθὼν
1808 4893 1944 4957 ἐκεῖ,

376 4987 471 5039 καὶ
498 4986 641 5049 τίνος
686 4983 1051 5039 ἀπολαύσεται
1092 4982 1120 5033 0
1160 4979 1346 5041 πιστὸς
1376 4977 1625 5033 ἐντεῦθεν
1662 4976 1947 5046 ἀποδημή-

377 5083 495 5132 σας,
528 5061 603 5122 ὧν
633 5068 786 5121 οὐδὲν
816 5063 957 5120 οἶδεν
986 5068 1014 5119 0
1046 5062 1295 5133 ψυχικὸς.
1324 5061 1415 5114 Διὸ
1442 5060 1535 5114 καὶ
1561 5059 1706 5128 σαφῆ
1737 5057 1845 5111 τῶν
1874 5058 1951 5110 εί-

378 5167 445 5221 ρη
455 5151 632 5221 μένων
659 5151 931 5218 ἀπόδειξιν
953 5144 1270 5216 ἐπαγαγὼν,
1308 5144 1461 5212 ἔλεγε
1482 5160 1497 5175 ·
1534 5143 1630 5209 Τίς
1654 5139 1764 5211 γὰρ
1794 5141 1947 5211 ἔγνω

372 5234 526 5287 νοῦν
560 5235 805 5301 Κιιρίου,
852 5233 920 5299 ὃς
964 5228 1318 5300 συμϐιϐάσει
1356 5227 1582 5288 αὺτόν;
1639 5222 1838 5294 Ἡμεῖς
1880 5221 1949 5275 δὲ

375 5316 528 5370 νοῦν
559 5316 816 5384 Χριστοῦ
848 5316 1085 5385 ἔχομεν.
1128 5312 1405 5372 Τουτέστι,
1440 5309 1510 5363 τά
1550 5311 1607 5362 ὲν
1640 5307 1718 5377 τῷ
1743 5305 1818 5377 νῷ
1852 5304 1947 5359 τοῦ

376 5398 610 5468 Χριστοῦ
636 5398 808 5452 ταῦτα
838 5399 997 5469 ἡμεῖς
1022 5398 1201 5466 ἴσμεν,
1227 5393 1322 5451 καὶ
1346 5393 1487 5462 ἆπερ
1515 5390 1674 5455 αὐτὸς
1703 5388 1949 5459 βούλεται

377 5482 467 5534 καὶ
497 5480 865 5551 ἀπεκάλυψεν.
898 5476 1051 5543 Εἶτα,
1082 5476 1268 5546 ἐπειδὴ
1305 5470 1479 5533 εἶπεν,
1511 5475 1592 5526 ὅτι
1624 5473 1685 5525 τὸ
1726 5470 1951 5540 Πνεῦμα

377 5564 746 5635 ἀπεκάλυψεν,
780 5564 867 5617 ἴνα
886 5564 959 5634 μή
983 5578 1067 5625 τις
1095 5560 1189 5613 τὸν
1219 5558 1345 5610 Υἱὸν
1373 5555 1719 5625 παρώσηται,
1751 5554 1949 5635 ἐπάγει

376 5650 456 5700 ὅτι
479 5650 570 5702 καὶ
599 5650 628 5702 0
663 5646 899 5720 Χριστὸς
929 5645 1105 5699 ταῦτα
1139 5644 1270 5713 ἡμῖν
1306 5638 1507 5701 ἔδειξεν
1530 5655 1544 5667 ο
1572 5638 1632 5688 οὐ
1662 5636 1831 5720 τοῦτο
1857 5634 1950 5720 λέ·-

379 5748 511 5798 ἵων,
537 5730 621 5786 ὅτι
659 5716 835 5787 πάντα
862 5728 897 5784 ἀ
930 5725 1070 5784 οἶδεν
1111 5724 1286 5796 ἴσμεν,
1326 5720 1438 5775 ἀλλ’
1473 5722 1552 5773 ὅτι
1590 5720 1764 5775 πάντα
1810 5717 1845 5773 ἀ
1872 5716 1951 5769 ot-

2135 514 2218 575 ς’.
2249 514 2352 569 Τὸν
2366 514 2474 584 γὰρ
2496 514 2640 578 νοῦν,
2658 514 2717 568 ὃν
2738 516 2933 587 ἔχομεν
2953 513 3302 586 περὶτούτων
3320 523 3362 578 ³,
3390 511 3486 565 τοῦ
3508 513 3552 565 Χ
3560 531 3641 582 ρι-

2078 592 2202 646 στοῦ
2218 593 2431 665 ἔχομεν’
2458 598 2724 663 τουτέστι,
2738 598 2836 668 τὴν
2867 597 3087 666 γνῶσιν,
3105 596 3170 667 ἣν
3188 596 3382 665 ἔχομεν
3393 596 3521 665 περὶ
3535 595 3641 647 τῶν

2048 675 2215 730 κατὰ
2240 678 2339 749 τὴν
2368 680 2551 733 πίστιν
2595 680 2956 749 πραγμάτων,
3003 678 3382 747 πνευματικὴν
3420 676 3637 748 ἔχομεν,

2071 756 2212 812 ὥστε
2234 762 2457 823 εἰκότως
2475 763 2565 815 ὐπ’
2588 763 2799 827 οὐδενὸς
2817 761 3234 832 ἀνακρινόμεθα.
3250 760 3381 813 Οὐδὲ
3405 760 3512 829 7&9
3531 754 3639 814 οἷόν

2070 856 2129 893 τε
2158 842 2225 896 τὰ
2254 843 2372 897 θεῖα
2404 844 2600 899 εἰδέναι
2632 845 2919 915 ἄνθρωπον
2942 844 3171 914 ψυχικόν
3192 861 3203 872 ·
3234 842 3314 896 διὸ
3343 842 3437 895 καὶ
3461 842 3634 911 ἔλεγε·

2074 922 2172 989 Τίς
2200 926 2310 993 γὰρ
2341 924 2494 993 ἔγνω
2524 926 2677 981 νοῦν
2702 927 2922 996 Κυρίου
2938 942 2957 991 ;
2984 927 3075 979 τὸν
3100 925 3370 995 ἡμέτερον
3398 923 3524 978 νοῦν
3545 925 3636 979 τὸν

2070 1005 2447 1075 περὶτούτων,
2485 1008 2695 1061 ἐκείνου
2725 1008 2898 1077 λέγων
2922 1005 3059 1061 εἶναι
3094 1006 3238 1063 νοῦν.
3275 1006 3385 1059 Καὶ
3416 1005 3498 1071 τὺ,
3534 1008 3637 1071 ’ος

2069 1088 2421 1157 συμϐιϐάσει
2472 1089 2676 1158 αὐτὸν,
2721 1092 2821 1162 οὐχ
2863 1090 3050 1155 ἀπλῶς
3087 1090 3464 1159 προσέθηκεν,
3502 1089 3635 1144 ἀλλὰ

2068 1170 2205 1239 πρὸς
2252 1171 2281 1224 δ
2323 1171 2475 1225 εἶπεν
2512 1172 2635 1244 ἤδη.
2685 1173 2769 1227 ὅτι
2828 1173 2938 1227 Τόν
2988 1173 3392 1238 πνευματικὸν
3434 1172 3633 1237 οὐδεὶς

2066 1252 2391 1326 ἀνακρίνει.
2432 1254 2496 1307 El
2520 1258 2627 1326 7&9
2661 1254 2858 1308 εἰδέναι
2894 1254 3066 1318 οὐδεὶς
3106 1254 3328 1307 δύναται
3365 1253 3459 1308 τοῦ
3498 1254 3632 1307 Θεοῦ

2066 1333 2156 1385 τὸν
2184 1334 2327 1398 νοῦν,
2358 1334 2536 1406 πολλῷ
2577 1336 2777 1406 μᾶλλον
2811 1336 3079 1389 διδάσκειν
3120 1339 3215 1389 καὶ
3248 1335 3629 1407 διορθοῦσθαι·

2064 1414 2220 1467 τοῦτο
2237 1418 2345 1486 γάρ
2379 1418 2545 1481 ἐστιν,
2581 1420 2687 1484 Ὃς
2713 1418 3063 1488 συμϐιϐάσει
3107 1419 3313 1472 αὐτόν.
3357 1419 3517 1489 Ὁρᾷς
3557 1417 3632 1482 ὡς

2064 1500 2397 1569 πανταχόθεν
2418 1500 2610 1566 ἐξωθεῖ
2622 1503 2720 1574 τὴν
2739 1504 2928 1571 σοφίαν
2942 1503 3038 1572 τὴν
3060 1501 3277 1567 ἔξωθεν,
3302 1502 3394 1554 καὶ⁵
3411 1501 3630 1554 πλείονα

2064 1580 2239 1635 εἰδότα
2267 1584 2360 1637 καὶ
2381 1584 2601 1653 μείζονα
2619 1587 2857 1639 δείκνυσι
2886 1584 2976 1637 τὸν
3005 1585 3407 1654 πνευματικόν;
3445 1584 3626 1638 Ἐπει-

2059 1663 2123 1735 δὴ
2144 1664 2252 1737 7&9
2277 1668 2479 1721 ἐκεῖναι
2499 1670 2555 1721 αί
2581 1669 2749 1723 αίτίαι
2777 1665 2907 1740 (οἷον
2933 1666 3014 1730 τὸ,
3049 1668 3170 1720 Ἵνα
3190 1665 3276 1734 μὴ
3309 1664 3625 1734 καυχήση-

2060 1758 2154 1800 ται
2186 1746 2353 1802 πᾶσα
2379 1749 2562 1817 σάρξ’
2591 1752 2686 1805 καὶ
2708 1751 2791 1804 ὅτι
2830 1749 2917 1802 διὰ
2958 1748 3136 1812 τοῦτο,
3181 1748 3530 1813 Ἐξελέξατο
3557 1747 3627 1802 τὰ

2053 1828 2239 1896 μωρὰ,
2271 1831 2372 1883 Ira
2418 1834 2794 1902 καταισχύνῃ
2844 1832 2987 1897 τοὺς
3023 1833 3256 1900 σοφούς
3288 1849 3303 1864 ο
3345 1831 3459 1894 καὶ,
3493 1832 3628 1885 Ἵνα

2051 1911 2138 1980 μὴ
2162 1914 2389 1981 κενωθῇ
2416 1918 2449 1969 ό
2470 1916 2731 1985 σταυρὸς
2759 1915 2865 1969 τοῦ
2882 1914 3158 1982 Χριστοῦ)
3185 1916 3246 1967 ού
3279 1915 3484 1985 σφόδρα
3512 1918 3626 1979 τοῖς

2057 1997 2303 2060 ἀπίστοις
2333 1997 2632 2062 ἀξιόπιστοι
2662 1996 2798 2053 εἷναι
2823 2000 3060 2062 ἐδόκουν,
3082 1998 3205 2052 οὐδὲ
3233 2000 3511 2067 ἔπαγωγοὶ
3532 1999 3627 2052 καὶ

2044 2077 2349 2147 ἀναγκαῖαι
2378 2082 2470 2133 καλ⁸
2494 2083 2775 2152 χρήσιμοι,
2805 2081 2931 2151 ἑξῆς
2960 2080 3146 2134 λοιπὸν
3175 2080 3359 2149 τίθησι
3389 2079 3487 2151 τὴν
3525 2098 3627 2133 κυ-

2058 2162 2325 2232 ριωτάτην
2354 2163 2553 2228 αἰτίαν,
2582 2165 2665 2217 ὃτι
2692 2164 2866 2234 τούτῳ
2895 2163 3127 2232 μάλιστα
3154 2161 3234 2232 τῷ
3257 2162 3441 2232 τρόπῳ
3467 2161 3627 2217 δυνά-

2060 2243 2199 2314 μεθά
2231 2244 2379 2309 ίδεῖν,
2431 2244 2489 2310 ἐξ
2523 2238 2584 2301 οὗ
2625 2246 2719 2299 καὶ⁵
2758 2246 2827 2299 τὰ
2868 2245 3046 2315 ὑψηλά
3076 2244 3169 2298 καὶ
3221 2243 3292 2297 τὰ
3316 2243 3625 2314 ἀπόρρητα,

2057 2327 2151 2379 καὶ
2178 2325 2245 2379 τὰ
2271 2328 2411 2398 ὑπὲρ
2437 2329 2585 2399 ἡμᾶς
2624 2328 2814 2398 μαθεῖν
2839 2328 3054 2396 ἕξομεν.
3088 2327 3197 2380 Καὶ
3226 2326 3335 2396 7&9
3374 2326 3628 2380 ὲκενοῦτο

2055 2412 2084 2464 0
2121 2411 2277 2479 λόγος
2317 2411 2395 2483 τῷ
2426 2413 2499 2484 μὴ
2540 2412 2798 2467 δύνασθαι
2840 2415 2989 2484 ἡμᾶς
3023 2412 3350 2466 καταλαϐεῖν
3393 2412 3480 2466 διὰ
3523 2413 3625 2483 τῆς

2052 2493 2255 2559 ἔξωθεν
2279 2496 2468 2564 σοφίας
2486 2496 2554 2550 τά
2585 2496 2722 2565 ὑπὲρ
2747 2497 2915 2565 ἡμᾶς.
2955 2496 3119 2566 Ὁρᾷς
3158 2496 3239 2549 ὅτι
3269 2497 3362 2549 καὶ
3394 2495 3624 2564 συνέφε-

2057 2593 2150 2649 ρεν
2177 2577 2319 2631 οὕτω
2352 2578 2554 2648 μᾶλλον
2590 2577 2783 2648 μαθεῖν
2829 2577 2980 2649 παρά
3012 2578 3105 2632 τοῦ
3150 2578 3499 2647 Πνεύματος;
3530 2578 3627 2632 καὶ

2054 2660 2164 2731 7&9
2213 2660 2308 2714 καὶ
2350 2662 2691 2732 εὐκολωτάτη
2725 2661 2819 2716 καὶ
2865 2662 3176 2732 σαφεστάτη
3209 2664 3242 2733 ἡ
3280 2662 3623 2719 διδασκαλία.

2063 2742 2264 2812 ’Πμεῖς
2286 2742 2354 2796 δὲ
2381 2744 2534 2799 νοῦν
2574 2744 2835 2812 Χριστοῦ
2869 2745 3103 2813 ἔχομεν.
3129 2745 3412 2806 Τουτέστι,
3455 2762 3620 2797 πνευ-

2056 2826 2301 2893 ματικὸν,
2355 2825 2517 2892 θεῖον,
2554 2827 2707 2881 οὐδὲν
2738 2827 3078 2900 ἀνθρώπινον
3128 2827 3340 2899 ἔχοντα.
3392 2830 3467 2882 Οὐ
3515 2829 3625 2900 γὰρ

2054 2909 2339 2973 Πλάτωνος
2362 2910 2482 2963 οὐδὲ
2507 2909 2846 2982 Πυθαγόρου,
2882 2910 3001 2964 ἀλλ’
3023 2913 3051 2963 ὁ
3072 2911 3306 2982 Χριστὸς
3327 2912 3395 2965 τά
3426 2911 3624 2965 ἑαυτοῦ

2051 2994 2116 3063 τῇ
2139 2994 2381 3065 ἡμετέρᾳ
2410 2992 2631 3064 ἐνέθηκε
2671 2994 2900 3065 διανοίᾳ.
2940 2993 3112 3047 Τοῦτο
3152 2993 3285 3062 γοῦν
3319 2996 3624 3065 αἰσχυνθῶ-

2053 3092 2174 3145 μεν,
2208 3076 2501 3147 ἀγαπητοὶ,
2529 3077 2624 3130 καὶ
2654 3076 2767 3147 βίον
2796 3076 3189 3148 ὲπιδειξώμεθα
3215 3079 3431 3149 ἄριστον
3453 3094 3466 3107 ⁸
3499 3080 3627 3133 ἐπεὶ

2051 3158 2144 3211 καὶ
2177 3158 2338 3222 αὐτὸς
2366 3159 2524 3212 τοῦτο
2556 3162 2789 3213 ποιεῖται
2833 3160 3035 3231 πολλῆς
3076 3160 3260 3231 φιλίας
3300 3164 3626 3234 τεκμήριον,

2051 3242 2114 3296 τὺ
2146 3242 2216 3295 τὰ
2242 3243 2528 3315 ἀπόρρητα
2553 3245 2681 3314 ἡμῖν
2706 3244 3113 3299 ἀποκαλύπτειν
3136 3245 3185 3311 ι),
3225 3245 3400 3313 λέγων
3417 3262 3432 3276 ο
3469 3250 3627 3300 Οὐκ-

2049 3325 2140 3378 έτι
2165 3323 2321 3393 ὑμᾶς
2348 3325 2502 3392 λέγω
2535 3323 2827 3391 δούλουςο
2869 3326 3091 3394 πάντες
3115 3330 3228 3397 γὰρ
3252 3329 3422 3398 ὑμεῖς
3453 3332 3627 3399 φίλοι

2043 3408 2163 3474 μού
2187 3408 2348 3472 ἐστε,
2383 3406 2473 3460 ὅτι
2508 3405 2704 3462 πάντα
2742 3407 2780 3462 d
2814 3407 3053 3476 ἤκουσα
3078 3411 3235 3478 παρὰ
3262 3410 3369 3465 τοῦ
3390 3414 3628 3480 Πατρές

2046 3487 2163 3560 [59]
2194 3489 2533 3559 ἀπήγγειλα
2573 3488 2745 3559 ὐμῑνο
2779 3491 3076 3557 τουτέστιν,
3116 3493 3429 3565 Ἐθάρρησα
3470 3495 3625 3564 ὑμῖν.

2050 3571 2113 3624 El
2138 3571 2195 3624 δὲ
2220 3571 2378 3625 τοῦτο
2409 3572 2569 3643 μόνον
2614 3572 2797 3640 φιλίας
2833 3575 3135 3645 τεκμήριον
3155 3615 3169 3640 ,
3204 3575 3267 3628 τὸ
3309 3576 3584 3647 θαρρῆσαι
3611 3597 3626 3611 ο

2048 3654 2177 3707 ὅταν
2201 3653 2459 3725 φαίνηται
2507 3654 2582 3726 μὴ
2611 3653 2893 3728 θαρρήσας
2932 3655 3091 3725 μόνον
3128 3656 3197 3708 τὰ
3232 3656 3319 3717 διά
3359 3659 3630 3729 ῥημάτων

2052 3737 2345 3805 μυστήρια,
2374 3735 2511 3790 ἀλλά
2541 3737 2636 3789 καὶ
2658 3737 2796 3790 αὐτά
2824 3736 2998 3789 ταῦτα
3024 3736 3113 3788 διὰ
3143 3737 3251 3788 τῶν
3281 3737 3457 3807 ἔργων
3489 3740 3629 3810 ἡμῖν

2048 3818 2413 3888 χαρισάμενος
2432 3860 2447 3883 ,
2481 3818 2733 3887 ἐννόησον
2773 3818 2944 3885 πόσης
2976 3816 3199 3886 ἀγάπης
3235 3819 3352 3870 ἐστὶ
3381 3820 3442 3871 τὸ
3473 3822 3630 3888 γινό-

2052 3900 2239 3969 μενονί
2266 3899 2435 3952 Τοῦτο
2453 3897 2584 3966 γοῦν
2615 3897 2991 3967 αἰσχυνθῶμεν
3009 3915 3025 3930 ο
3054 3899 3146 3950 καὶ
3176 3900 3225 3951 εί
3258 3899 3446 3968 μηδεὶς
3465 3904 3632 3967 γεέν-

2000 4000 2023 4025 ο
2047 3997 2144 4050 νης
2173 3980 2424 4042 τοσοῦτος
2465 3978 2622 4048 λόγος
2671 3977 2825 4032 ἔσται
2855 3980 3008 4049 ἡμῖν,
3051 3979 3165 4033 ἀλλ’
3201 3980 3342 4033 ἔστω
3394 3984 3631 4055 γεέννης

2049 4062 2420 4133 φοϐερώτερον
2455 4061 2678 4134 τδδπερὶ
2716 4061 2809 4115 τὸν
2839 4061 2979 4115 οὕτω
3009 4062 3161 4131 φίλον
3202 4065 3294 4117 καὶ
3323 4064 3630 4139 εὐεργέτην

2047 4145 2367 4215 ἀγνώμονας
2405 4144 2658 4214 γενέσθαι
2695 4145 2791 4199 καὶ
2848 4145 3207 4219 ἀχαρίστους·
3249 4146 3383 4217 μηδὲ
3417 4148 3493 4212 ὡς
3529 4168 3626 4221 μι-

2050 4227 2243 4282 σθωτοὶ
2272 4227 2522 4293 -οίκέται,
2567 4226 2684 4280 ἀλλ’
2730 4227 2805 4290 ὡς
2830 4229 2936 4280 υἱοὶ
2982 4228 3075 4281 καὶ
3124 4228 3394 4299 ἐλεύθεροι
3444 4232 3625 4287 πάντα

2050 4312 2376 4384 πράττωμεν
2402 4311 2490 4364 διὰ
2517 4310 2616 4382 τὴν
2649 4310 2743 4363 τοῦ
2779 4310 2992 4380 Πατρὸς
3024 4311 3208 4380 φιλίαν
3233 4351 3247 4375 ,
3284 4315 3373 4364 καὶ
3401 4314 3625 4367 παυσώ-

2052 4395 2192 4466 μεθά
2222 4412 2353 4448 ποτε
2384 4394 2463 4464 τῷ
2492 4394 2684 4465 κόσμῳ
2712 4394 3144 4464 προσηλωμένοι,
3179 4395 3264 4447 ἵνα
3297 4396 3392 4448 καὶ
3418 4396 3621 4467 Ἕλλην

2048 4495 2145 4539 νας
2172 4476 2641 4547 καταισχύνωμεν.
2680 4477 2832 4529 Ἐπεὶ
2876 4477 2968 4530 καὶ
2992 4476 3087 4531 νῦν
3127 4477 3448 4548 βουλόμενος
3483 4480 3621 4551 πρὸς

2048 4561 2243 4624 αὐτοὺς
2273 4560 2676 4627 ἀνατείνασθαι,
2718 4561 3037 4632 ἀναδύομαι,
3072 4562 3281 4632 μήποτε
3306 4566 3416 4624 τοῖς
3439 4562 3621 4631 λόγοις

2048 4644 2244 4706 αὐτοὺς
2279 4642 2534 4706 νικῶντες
2561 4645 2655 4698 καὶ
2686 4647 2752 4715 τῇ
2779 4644 2889 4699 τῶν
2918 4645 3205 4715 δογμάτων
3236 4645 3487 4717 ἀληθείᾳ.
3520 4664 3612 4699 πο-

2048 4726 2143 4779 λὺν
2170 4724 2262 4778 τὸν
2312 4725 2664 4793 καταγέλωτα
2704 4726 2810 4779 ἀπὸ
2845 4727 2942 4797 τῆς
2983 4727 3076 4779 τοῦ
3118 4726 3235 4796 βίου
3278 4728 3620 4797 συγκρίσεως

2048 4810 2178 4880 ἡμῖν
2208 4808 2519 4879 ὲνέγκωμεν
2537 4825 2549 4838 ·
2584 4810 2711 4862 ὅταν
2736 4810 2786 4862 oi
2814 4810 2912 4879 μὲν
2952 4812 3017 4879 τῇ
3047 4810 3223 4881 πλάνῃ
3260 4811 3620 4880 προσέχοντες

2048 4893 2141 4945 καὶ
2175 4890 2340 4961 μηδὲν
2369 4890 2579 4945 τοιοῦτο
2607 4892 2982 4960 πεπεισμένοι.
3016 4891 3333 4959 φιλοσοφίας
3364 4892 3616 4961 ἔχωνται,

2049 4977 2209 5045 ἡμεῖς
2258 4974 2315 5027 δὲ
2346 4974 2654 5027 τούναντίον
2699 4973 2863 5027 ἀπαν.
2916 4972 3060 5043 Πλὴν
3111 4972 3259 5042 ὅμως
3299 4974 3407 5044 ἐρῶ
3430 4991 3444 5005 ο
3489 4974 3619 5036 ἴσως

2050 5057 2179 5128 7&9,
2221 5055 2350 5120 ἴσως
2380 5055 2709 5127 μελετῶντες
2740 5055 2873 5121 πρὸς
2904 5053 3098 5116 αὐτοὺς
3131 5054 3433 5126 μάχεσθαι,
3464 5054 3617 5125 φιλο-

2051 5142 2374 5211 νεικὴσομεν
2415 5139 2655 5210 βελτίους
2688 5136 2867 5190 αὐτῶν
2904 5136 3158 5204 γενέσθαι
3201 5139 3297 5191 καὶ
3343 5138 3485 5191 κατὰ
3524 5139 3617 5191 τὸν

2052 5223 2166 5294 βίον
2204 5223 2385 5277 αὐτόν.
2430 5220 2628 5292 Πρώην
2670 5219 2768 5289 μὲν
2806 5218 2992 5287 ἔλεγον
3014 5258 3029 5281 ,
3073 5221 3155 5273 ὅτι
3192 5221 3292 5273 οὐκ
3323 5219 3389 5273 ἂν
3414 5219 3617 5288 ἐπῆλθε

2050 5304 2285 5376 κηρῦξαι
2315 5306 2429 5365 τοῖς
2450 5300 2767 5363 ἀποστόλοις
2789 5299 2930 5373 ἅπερ
2963 5302 3257 5373 ἐκήρυξαν,
3290 5304 3340 5353 εί
3367 5301 3443 5372 μὴ
3467 5302 3617 5365 θείας

2051 5388 2363 5441 ἀπέλαυσαν
2397 5385 2616 5455 χάριτος
2653 5398 2667 5412 ·
2708 5384 2802 5435 καὶ
2832 5383 2915 5437 ὅτι
2945 5386 3006 5438 οὐ
3039 5386 3198 5455 μόνον
3224 5385 3285 5436 o0
3319 5384 3614 5455 κατώρθω-

2054 5486 2172 5538 σαν,
2202 5468 2316 5522 ἀλλ’
2341 5467 2448 5535 οὐδ’
2480 5466 2546 5518 ἂν
2585 5464 2973 5523 έϐουλεύσαντό
3001 5484 3052 5520 τι
3078 5464 3316 5519 τοιοῦτον
3339 5482 3353 5496 ·
3396 5467 3528 5537 φέρε
3552 5463 3617 5536 δὴ

2114 5618 2140 5647 ⁸
2169 5614 2313 5672 Ιίόὶιί,
2350 5617 2454 5676 περὶ
2476 5614 2657 5664 τούτων
2694 5616 2863 5666 πάντα.
2900 5616 2999 5665 Sed
3049 5614 3203 5663 πάντα
3238 5614 3381 5663 abest
3403 5630 3430 5663 ιι
3459 5614 3617 5675 Regio

2052 5679 2251 5740 ςοᾴίρρ,
2271 5683 2325 5723 ει
2360 5676 2490 5740 qu_od
2536 5690 2793 5740 ρει-μετείη
2837 5676 3111 5740 irrepseril,
3164 5682 3468 5737 expunctum
3516 5682 3613 5724 est.

2052 5739 2081 5781 ιι
2106 5738 2385 5801 Legebalur
2407 5738 2764 5791 ἀνακαλύπτειν.
