3954 6130
242 285 301 341 61
1132 268 1137 271 ’
1292 260 1356 317 lN
1398 256 1663 318 Ei’lST.l
1726 258 1820 315 AD
1852 255 2011 314 COR.
2054 252 2281 314 HOMIL.
2322 252 2440 315 VII.
3439 286 3508 342 63

238 428 364 482 tiam
385 414 707 477 incidisset?
724 414 919 466 Si‘cum
940 402 1165 462 mortale
1185 415 1380 471 corpus
1403 394 1714 468 accepisset,
1743 409 1810 449 ex

237 514 367 569 falsa
392 509 593 568 diaboli
624 503 972 576 promissione
1009 497 1177 553 nmlto
1214 495 1417 561 majora
1449 486 1811 559 exspectavit;

237 603 398 658 Eritis
421 601 588 664 enim,
617 597 801 667 inquit,
829 592 956 648 sicut
982 588 1053 642 dii
1078 586 1227 659 (Gen.
1252 580 1306 639 3.
1330 582 1385 653 5)
1410 599 1424 645 ;
1452 580 1498 635 si
1529 579 1628 633 hoc
1651 577 1810 667 etiam

236 694 304 748 ab
336 692 488 746 initio
514 663 804 756 accepisset
848 676 1175 741 immortale,
1203 688 1308 745 quo
1344 685 1450 726 non
1490 676 1633 724 esset
1664 663 1811 720 dela-

239 781 520 854 psa?Nam
546 780 704 834 etiam
734 783 851 845 post
883 769 1012 828 illud
1039 785 1098 824 se
1123 765 1409 836 ingenitam
1436 775 1556 817 esse
1578 757 1744 854 dixit,
1761 764 1815 811 ct

238 846 303 931 ex
334 872 560 928 essentia
594 867 712 933 Dei,
741 881 837 936 per
866 860 1134 933 putridum
1160 870 1223 911 os
1249 854 1679 910 Manichaeorum.
1707 846 1812 902 0c-

236 964 448 1020 essioue
467 961 628 1016 etiam
653 957 811 1026 hujus
830 953 1003 1009 morbi
1025 947 1273 1005 diabolus
1291 944 1421 1001 deos
1439 939 1580 1013 apud
1600 939 1815 996 Graecos

235 1056 454 1112 efﬁnxit.
486 1051 614 1107 Ideo
641 1049 851 1105 videtur
891 1044 1022 1101 mihi
1054 1043 1194 1097 Deus
1222 1037 1539 1094 laboriosam
1566 1034 1812 1088 virtutem

236 1149 446 1211 fecisse,
472 1146 703 1200 animam
731 1139 1008 1196 inﬂectens
1032 1143 1088 1191 et
1111 1132 1376 1190 deducens
1400 1127 1468 1183 ad
1495 1123 1815 1182 medentiu-

236 1255 378 1294 nem.
397 1237 657 1293 Utautem
672 1233 848 1289 discas
869 1230 969 1285 hoc
984 1241 1105 1283 esse
1119 1239 1323 1290 verum,
1338 1229 1394 1276 ut
1412 1219 1532 1292 quis
1546 1232 1612 1272 ex
1636 1216 1813 1287 parvis

234 1344 482 1400 maguum
512 1325 780 1395 conjiciat,
812 1318 1037 1391 idipsnm
1063 1316 1329 1371 discamus
1352 1326 1420 1367 ex
1448 1306 1723 1400 lsraelitis.
1749 1305 1813 1359 lli

233 1396 375 1473 enim
406 1433 528 1472 cum
556 1416 717 1469 vitam
743 1420 959 1483 agerent
983 1424 1088 1462 non
1118 1404 1459 1466 laboriosam,
1483 1408 1537 1454 et
1558 1398 1611 1452 in
1637 1396 1815 1467 quiete

231 1510 528 1580 degerent;
560 1505 863 1562 felicitatem
890 1502 1032 1556 illam
1064 1513 1167 1554 non
1204 1496 1453 1560 ferentes,
1481 1492 1534 1545 in
1571 1488 1817 1580 impieta-

233 1578 348 1656 tem
373 1609 501 1652 sunt
529 1596 753 1666 delapsi.
781 1592 916 1661 Quid
945 1606 1071 1660 ergo
1103 1588 1241 1643 Deus
1267 1580 1492 1656 postea?
1518 1580 1708 1636 Multas
1736 1578 1814 1632 in-

232 1692 361 1751 tulit
384 1691 552 1759 leges,
587 1688 798 1740 illorum
825 1695 1012 1737 arcens
1032 1678 1318 1733 licentiam.
1339 1674 1408 1728 Et
1431 1681 1492 1727 ut
1512 1672 1683 1726 discas
1703 1668 1817 1723 haec

231 1780 431 1851 lvgalia
459 1779 527 1831 ad
563 1777 809 1836 virtutem
840 1786 945 1826 non
974 1769 1236 1832 conferre,
1265 1763 1357 1821 sed
1387 1779 1484 1834 pro
1513 1762 1661 1817 freno
1687 1774 1818 1851 quo-

230 1849 378 1941 piam
405 1862 527 1921 data
556 1860 740 1926 l’uiSse,
768 1877 889 1933 qua:
922 1859 1016 1914 otii
1042 1857 1374 1912 occasionem
1403 1853 1667 1919 tollerent,
1693 1849 1813 1905 audi

230 1958 358 2029 quid
385 1956 454 2012 de
485 1956 591 2010 illis
614 1954 755 2008 dicat
792 1952 1051 2021 propheta
1076 1968 1089 2001 :
1118 1947 1249 2001 Dedi
1289 1947 1391 2001 illis
1430 1954 1679 2014 prwcepta
1712 1958 1814 1996 non

232 2052 364 2104 bona
389 2048 602 2121 (Ezech.
629 2046 719 2100 20.
748 2045 862 2115 25).
893 2041 1029 2108 Quid
1057 2039 1158 2095 sibi
1184 2038 1296 2093 vult
1322 2035 1468 2099 illud,
1494 2033 1614 2088 Non
1639 2031 1768 2086 bona
1789 2032 1816 2086 1’

230 2140 372 2194 Nihil
400 2151 651 2208 magnum
677 2134 744 2189 ad
773 2135 1019 2188 virtutem
1049 2128 1373 2186 conferentia
1403 2145 1417 2180 :
1446 2125 1565 2179 ideo
1588 2123 1815 2193 subjun-

229 2231 308 2301 git
335 2247 351 2284 :
376 2227 771 2297 Justi/icationes
799 2226 852 2278 in
890 2222 1071 2293 quibus
1099 2236 1199 2274 non
1234 2219 1411 2272 vivent.
1445 2216 1691 2270 Animalis
1715 2232 1811 2267 aue

231 2331 329 2374 tem
369 2321 519 2374 homo
563 2334 665 2371 non
708 2315 920 2388 percipit
964 2330 1024 2368 ea
1064 2327 1178 2382 quae
1215 2320 1330 2366 sunt
1360 2309 1605 2378 Spiritus.
1634 2306 1809 2364 Jure:

228 2408 677 2480 quemadmodum
703 2408 848 2462 enim
872 2404 956 2459 his
977 2403 1145 2459 oculis
1166 2418 1325 2457 nemo
1344 2398 1588 2454 didicerit
1606 2413 1667 2454 ea
1692 2412 1815 2469 quas

229 2501 282 2555 in
312 2501 463 2555 caelis
492 2507 615 2552 sunt
634 2486 755 2562 ,sic
786 2511 883 2551 nec
909 2495 1086 2549 anima
1114 2494 1226 2547 sola
1255 2507 1316 2547 ea
1346 2506 1465 2561 qua:
1492 2498 1618 2544 sunt
1646 2488 1816 2558 Spiri-

229 2601 336 2646 tus.
372 2591 439 2645 Et
466 2590 592 2658 quid
635 2589 756 2643 dico
790 2603 851 2642 ea
889 2601 1010 2657 qua:
1037 2585 1089 2639 in
1119 2582 1265 2639 cadis
1286 2581 1310 2636 ?
1335 2581 1518 2653 Neque
1546 2596 1608 2636 ea
1635 2581 1812 2636 omnia

225 2700 348 2752 qua:
371 2684 425 2735 in
450 2692 614 2736 terra.
645 2679 773 2735 Nam
801 2678 981 2749 procul
1010 2676 1247 2733 videntes
1270 2676 1454 2731 turrim
1479 2673 1810 2746 quadratam,

226 2772 520 2828 rotundam
562 2786 678 2826 eam
716 2785 837 2826 esse
879 2779 1127 2839 putamus
1154 2786 1167 2822 :
1196 2779 1277 2823 est
1313 2776 1493 2822 autem
1536 2766 1812 2822 oculorum

226 2865 477 2935 deceptio
499 2864 620 2919 talis
643 2863 841 2933 opinio.
873 2863 947 2917 Ita
974 2863 1134 2918 etiam
1159 2860 1373 2933 quando
1397 2876 1485 2917 res
1515 2861 1695 2930 procul
1719 2875 1812 2930 po-

227 2955 357 3009 sitas
385 2971 482 3024 per
509 2963 745 3009 mentem
780 2953 949 3008 solam
977 2952 1095 3024 quis
1123 2952 1427 3017 examinat,
1454 2952 1653 3007 nmltos
1678 2965 1812 3006 con-

227 3055 486 3114 sequetur
515 3044 677 3099 risus.
718 3041 834 3099 Non
872 3042 1044 3098 solum
1077 3043 1220 3098 enim
1249 3042 1424 3113 qualia
1449 3041 1539 3096 illa
1575 3041 1683 3097 sint
1706 3057 1811 3097 non

229 3133 449 3202 videbit,
481 3133 577 3189 sed
607 3134 769 3189 etiam
795 3133 1064 3189 contraria
1088 3133 1153 3188 iis
1179 3147 1297 3188 esse
1321 3132 1560 3203 putabit:
1588 3132 1813 3204 ideoque

229 3226 503 3294 subjunin
533 3240 548 3279 :
581 3225 815 3280 Stultitia
842 3224 977 3280 enim
1007 3234 1081 3279 est
1106 3224 1203 3279 illi.
1243 3223 1356 3279 Hoc
1393 3233 1568 3280 autem
1611 3239 1716 3285 non
1746 3240 1813 3280 ex

232 3318 306 3371 rei
335 3325 525 3371 natura
554 3318 814 3387 provenit,
842 3317 936 3372 sed
963 3332 1029 3372 ex
1051 3316 1411 3372 imbecillitate
1438 3316 1572 3387 ejus,
1594 3315 1685 3387 qui
1707 3331 1812 3370 non

231 3415 413 3475 potest
436 3421 620 3461 eorum
646 3407 1060 3477 magnitudinem
1092 3423 1186 3477 per
1219 3407 1402 3462 oculos
1431 3407 1625 3462 animas
1648 3408 1812 3462 attin—

232 3510 385 3567 gere.
414 3496 614 3551 Deinde
632 3497 746 3566 ejus
765 3498 839 3552 rei
859 3509 1072 3553 causam
1093 3512 1159 3553 ex
1182 3497 1408 3553 adverso
1430 3498 1577 3567 ponit
1594 3498 1812 3553 dicens:

237 3587 375 3654 Quia
412 3603 519 3641 non
553 3588 689 3642 novit
729 3589 860 3659 quod
901 3588 1230 3658 spiritualiter
1263 3590 1594 3642 exantinetur.
1624 3587 1678 3642 ld
1702 3597 1813 3656 est,

234 3680 375 3750 quod
404 3695 468 3736 ea
497 3696 617 3752 qua:
643 3680 911 3749 dicuntur,
936 3682 1040 3736 fide
1079 3680 1370 3751 indigeant,
1402 3695 1501 3735 nec
1526 3680 1819 3736 rationibus

234 3773 617 3844 comprehendi
642 3773 881 3844 possint:
910 3788 1092 3829 eorum
1121 3772 1316 3843 quippe
1339 3771 1647 3842 magnitudo
1672 3786 1820 3827 men-

238 3867 304 3918 tis
330 3875 532 3920 uostra:
557 3865 811 3919 vilitatem
837 3864 994 3934 longo
1021 3865 1193 3933 Spatia
1218 3872 1455 3933 superat.
1482 3863 1821 3932 Quapmpter

237 3956 346 4010 ait:
378 3958 459 4012 15.
495 3957 795 4027 Spiritualis
831 3965 997 4010 autem
1014 3957 1216 4026 judicat
1241 3957 1409 4010 omnia
1429 3962 1451 4019 ξ
1474 3954 1580 4027 ipse
1602 3963 1767 4008 autem
1787 3971 1820 4008 a

239 4048 435 4100 nemine
456 4048 744 4118 judicatur.
771 4046 905 4102 Nam
935 4046 1024 4117 qui
1053 4047 1228 4112 videt,
1257 4046 1436 4101 omnia
1466 4045 1676 4115 quidem
1705 4046 1820 4116 ipse

238 4138 403 4207 videt,
426 4139 588 4193 etiam
614 4153 678 4194 ea
701 4155 818 4209 qua:
846 4136 911 4191 ad
941 4152 1048 4192 non
1073 4137 1344 4193 videntem
1368 4137 1674 4207 pertinent;
1700 4152 1820 4207 qua:

239 4238 414 4284 autem
444 4228 615 4298 ipsius
636 4268 653 4295 ,
681 4245 837 4283 nemo
863 4245 968 4283 non
997 4229 1288 4284 videntium
1317 4228 1527 4298 aspicit.
1555 4228 1630 4283 Ita
1659 4229 1820 4283 etiam

244 4334 415 4386 nunc,
442 4328 625 4374 nostra
654 4319 870 4391 quidem
898 4329 953 4374 et
980 4333 1043 4373 ca
1071 4335 1188 4389 qua:
1229 4317 1519 4373 inﬁdelium
1555 4327 1679 4372 sunt
1704 4332 1822 4372 om-

243 4410 331 4464 nia
354 4425 449 4466 nos
478 4413 677 4466 scimus
700 4450 717 4477 ,
749 4419 933 4465 nostra
959 4419 1138 4466 autem
1169 4408 1241 4464 illi
1283 4424 1390 4464 non
1431 4408 1582 4463 item.
1612 4407 1823 4463 Etenim

243 4503 439 4557 scimus
464 4519 583 4574 quas
606 4504 675 4557 sit
704 4504 1048 4573 prmsentium
1081 4518 1257 4558 rerum
1283 4512 1493 4569 natura,
1516 4517 1634 4573 quae
1656 4502 1727 4556 sit
1745 4500 1827 4556 fu-

247 4601 484 4648 turorum
523 4593 753 4665 dignitas
772 4636 787 4659 ,
820 4592 944 4664 quid
987 4594 1217 4649 mundus
1246 4605 1364 4664 post
1392 4593 1507 4648 hinc
1534 4593 1822 4660 efﬁcietur,

244 4696 300 4740 et
327 4687 454 4757 quid
491 4690 757 4758 patientur
797 4698 1107 4758 peccatores
1130 4729 1145 4752 ,
1176 4688 1368 4757 quibus
1413 4703 1539 4743 vero
1586 4687 1827 4742 fruentur

239 4774 388 4847 justi,
412 4788 469 4833 et
493 4779 632 4849 quod
660 4780 858 4835 nullius
889 4780 1041 4850 pretii
1064 4780 1170 4835 sint
1194 4795 1280 4834 res
1307 4789 1617 4849 praesentes,
1646 4789 1699 4834 et
1723 4780 1827 4833 sci-

242 4884 394 4937 inus,
428 4881 485 4924 et
512 4870 720 4925 illorum
748 4871 1006 4926 vilitatem
1046 4871 1318 4942 arguimus
1342 4870 1653 4943 (dijudicare
1681 4869 1825 4924 enim

242 4970 319 5014 est
347 4961 653 5033 arguere);
686 4972 738 5018 et
772 4963 916 5033 quod
955 4963 1127 5018 futura
1158 4963 1266 5017 sint
1297 4962 1613 5017 immortalia
1639 4970 1693 5016 et
1720 4961 1825 5015 im-

244 5052 479 5109 mobilia.
508 5053 636 5108 llaec
664 5056 839 5108 omnia
867 5055 1012 5108 novit
1036 5050 1348 5125 Spiritualis,
1370 5061 1424 5109 et
1449 5053 1573 5124 quid
1599 5054 1830 5124 patietur

242 5143 486 5200 animalis
528 5159 653 5198 eum
694 5143 823 5199 illuc
865 5143 1138 5215 migrarit,
1171 5156 1227 5201 et
1276 5159 1506 5215 quonam
1533 5142 1739 5200 fruetur
1767 5144 1829 5201 ﬁs

242 5228 374 5288 delis
396 5251 520 5290 cum
544 5235 672 5291 hinc
691 5236 1036 5304 abscesserit,
1063 5253 1289 5309 quarum
1323 5253 1498 5293 rerum
1524 5237 1657 5292 nihil
1683 5240 1831 5294 novit

244 5329 509 5384 animalis.
552 5329 912 5397 Quamobrem
945 5329 1143 5385 claram
1182 5331 1445 5386 dictorum
1488 5330 1827 5387 demonstra-

247 5418 442 5474 tionem
479 5420 812 5491 suhjungens
856 5418 1113 5474 dicebat:
1142 5422 1229 5476 16.
1268 5421 1393 5486 Quis
1431 5422 1563 5476 enim
1601 5421 1830 5493 cognovit

248 5524 440 5562 sensum
471 5508 714 5578 Domini,
746 5511 834 5582 qui
861 5511 1073 5565 instruet
1101 5512 1253 5566 eum?
1286 5510 1392 5566 Nos
1420 5521 1589 5566 autem
1617 5520 1830 5567 mentem
1865 5518 1885 5535 ’

246 5598 430 5656 Christi
458 5602 722 5659 habemus.
757 5600 815 5657 ld
840 5611 945 5665 est,
977 5617 1038 5657 ea
1065 5617 1183 5672 quae
1210 5603 1263 5658 in
1288 5613 1465 5661 mente
1487 5605 1681 5661 Christi
1710 5613 1833 5660 sunt

252 5707 342 5758 nos
379 5696 615 5766 senatus,
644 5712 856 5757 necnon
899 5711 961 5750 ea
1000 5708 1125 5766 ψιλή
1161 5696 1275 5771 ipse
1313 5698 1421 5752 vult
1461 5710 1513 5755 et
1551 5698 1825 5756 revelavit.

1918 390 2051 458 Quia
2081 394 2224 449 enim
2254 395 2388 453 dixit
2430 400 2681 469 Spiritum
2713 406 3007 478 revelasse;
3042 428 3110 467 ne
3146 416 3266 483 quis
3304 416 3500 478 Filium

1919 484 2165 552 repellat,
2192 487 2486 557 subjunxit,
2512 492 2671 548 etiam
2695 491 2962 555 Christum
2986 486 3106 561 haec
3133 508 3290 564 nobis
3319 520 3500 566 osten-

1918 571 2063 629 disse
2093 592 2107 629 :
2134 592 2239 630 non
2283 577 2386 634 hoc
2428 580 2645 650 dicens,
2676 601 2774 641 nos
2814 592 2990 645 omnia
3032 610 3151 663 qua:
3195 597 3308 667 ipse
3353 604 3500 656 novit

1917 668 2056 720 scire
2080 683 2094 732 ;
2122 666 2215 721 sed
2245 670 2420 724 omnia
2449 688 2568 742 qua:
2607 676 2805 733 scimus
2846 696 2951 735 non
2985 666 3225 741 humana
3250 704 3369 746 esse
3393 734 3408 758 ,
3442 701 3502 747 ιιι

1916 756 2023 810 sint
2052 766 2319 826 suspecta,
2343 761 2436 816 sed
2468 766 2662 821 mentis
2690 767 2831 825 illius
2856 781 2910 826 et
2933 777 3244 842 Spiritualia.

1987 846 2040 900 6.
2070 847 2298 903 Mentem
2328 852 2469 907 cnim
2497 870 2655 926 quam
2683 860 2751 916 de
2790 859 2873 919 his
2900 863 3190 938 habemus,
3218 881 3275 927 ut
3300 872 3497 933 Christi

1914 944 2148 1031 mentem
2177 940 2467 1012 habemus;
2493 947 2542 1002 id
2564 959 2666 1017 est,
2690 955 3046 1025 cognitionem
3071 976 3227 1031 quam
3249 963 3318 1021 de
3338 967 3499 1025 rebus

1916 1029 2054 1125 fidei
2083 1030 2341 1090 habemus
2365 1077 2380 1102 ,
2419 1039 2746 1109 spiritualem
2784 1045 3042 1106 habemus
3066 1029 3191 1116 {ita
3226 1065 3283 1109 ut
3313 1057 3440 1125 jure
3465 1074 3499 1116 ι

1916 1122 2127 1179 nemine
2154 1125 2524 1195 dijudicemur.
2547 1129 2900 1203 Neque’enim
2928 1151 3105 1210 potest
3130 1122 3374 1205 animalis
3400 1150 3502 1207 ho~

1916 1227 2006 1267 mo
2033 1212 2209 1269 divina
2238 1232 2579 1289 cognoscere.
2606 1222 2730 1281 Ideo
2751 1228 2981 1298 dicebat,
3014 1234 3138 1302 Quis
3159 1239 3291 1294 enim
3310 1258 3498 1315 cogito.

2020 1316 2231 1362 mentem
2264 1308 2466 1366 Domini
2477 1313 2505 1367 .’
2531 1327 2762 1374 mentem
2790 1332 3027 1381 nostram
3055 1328 3194 1384 circa
3226 1348 3313 1389 res
3341 1306 3492 1403 istas,

1918 1393 2055 1449 illius
2080 1410 2201 1451 esse
2230 1409 2460 1455 mentem
2486 1402 2689 1461 dicens.
2724 1409 2789 1463 Et
2817 1410 2964 1481 illud,
2996 1415 3094 1481 Qui
3118 1418 3329 1476 instruet
3355 1393 3493 1494 cuiu,

2052 1486 2351 1585 sinecausa
2379 1492 2591 1564 adjecit,
2620 1498 2714 1554 sed
2740 1503 3031 1574 reSpiciens
3055 1509 3121 1563 ad
3147 1511 3200 1565 id
3220 1514 3359 1583 quod
3382 1486 3494 1585 jam

1915 1575 2067 1644 dixit,
2092 1577 2421 1649 Spiritualem
2442 1602 2585 1641 nemo
2606 1588 2870 1660 dijudicat.
2894 1595 2948 1651 Si
2970 1600 3112 1654 enim
3136 1575 3294 1660 nemo
3320 1575 3495 1676 potest

1916 1681 2075 1722 nosse
2103 1681 2332 1727 mentem
2365 1674 2594 1743 Domini,
2621 1682 2790 1737 multo
2818 1686 2996 1742 minus
3021 1702 3193 1760 potest
3220 1674 3368 1754 illum
3398 1698 3497 1755 do-

1914 1771 2039 1812 cere
2063 1766 2118 1813 et
2142 1763 2411 1833 corrigere
2442 1784 2455 1821 :
2486 1766 2587 1824 hoc
2614 1768 2755 1827 enim
2794 1775 2896 1831 sibi
2935 1781 3046 1835 vult
3075 1781 3202 1839 illud
3223 1826 3238 1851 ,
3274 1786 3372 1853 Qui
3410 1790 3494 1846 iu-

1913 1861 2070 1952 struet
2092 1868 2223 1908 enin.
2255 1854 2440 1913 Viden‘
2466 1863 2737 1931 quomodo
2764 1868 2997 1941 undique
3030 1877 3251 1946 repellat
3277 1881 3493 1952 sapien-

1916 1942 2042 1997 tiam
2073 1954 2347 2040 externam
2368 1991 2382 2014 ,
2414 1961 2468 2006 et
2497 1954 2823 2024 spiritualem
2857 1962 3006 2032 plura
3035 1942 3495 2040 etvmajora-scire
3544 1988 3557 2001 '

1915 2035 2355 2136 osteiidat?_Qttia
2386 2043 2529 2098 enim
2559 2060 2735 2104 causa
2762 2049 2868 2106 illa:
2890 2053 3128 2126 (nempe,
3158 2035 3228 2114 Ui
3256 2079 3357 2119 non
3382 2066 3495 2136 glo-

1914 2124 2069 2221 rietur
2093 2129 2254 2182 omnis
2282 2146 2441 2198 cara;
2470 2144 2523 2189 et
2548 2136 2689 2207 quod
2720 2138 2843 2197 ideo
2874 2124 3055 2202 Stulte
3076 2148 3253 2221 elegit,
3287 2165 3340 2209 ut
3366 2124 3494 2213 evan-

1915 2215 2147 2320 j‘underet
2173 2221 2460 2290 sapientes,-
2488 2237 2563 2291 et,
2596 2226 2661 2282 Ut
2687 2246 2787 2285 non
2816 2247 3079 2293 evacuetur
3104 2215 3491 2320 crax'Christi),

1916 2308 2216 2405 inﬁdelibus
2242 2331 2346 2369 non
2377 2317 2663 2376 admodum
2699 2322 2804 2380 ﬁde
2829 2326 3003 2398 digna:
3032 2348 3205 2405 neque
3235 2308 3491 2396 induced;

1917 2410 2015 2462 tes,
2050 2402 2131 2494 vel
2162 2408 2480 2465 necessariae
2505 2419 2560 2466 et
2587 2414 2741 2471 utiles
2771 2418 3085 2479 videbantur
3110 2402 3251 2494 esse,
3274 2428 3493 2489 domum

1915 2491 2132 2559 apponit
2172 2495 2464 2566 principem
2500 2516 2751 2573 causam;
2782 2507 2905 2578 quia
2944 2509 3045 2567 hoc
3073 2491 3305 2574 maxime
3331 2522 3493 2578 modo

1919 2580 2099 2636 videre
2133 2599 2416 2653 possumus
2436 2632 2450 2654 ,
2480 2606 2546 2646 ex
2576 2609 2682 2663 quo
2716 2597 2962 2654 sublimia
2992 2611 3048 2658 et
3073 2620 3268 2663 arcana
3293 2621 3344 2666 et
3374 2629 3494 2683 qua:

1913 2688 2072 2743 supra
2103 2692 2198 2730 nos
2225 2690 2348 2733 sunt
2373 2682 2513 2737 scire
2541 2686 2826 2752 possimus.
2858 2689 2989 2747 Nam
3020 2682 3492 2759 evacuabaturra-

1916 2764 2009 2830 tio,
2040 2767 2180 2836 quod
2208 2784 2293 2834 ea,
2326 2788 2443 2839 qua:
2473 2788 2633 2844 supra
2662 2792 2760 2833 nos
2787 2791 2933 2849 sunt,
2963 2798 3061 2853 per
3099 2796 3373 2844 externam
3402 2808 3493 2848 sa-

1916 2858 2168 2953 pientiam
2196 2863 2651 2933 comprehendere
2680 2885 2784 2925 non
2816 2886 3113 2943 possemus.
3150 2879 3331 2936 Viden'
3350 2885 3495 2953 quod

1912 2950 1989 3005 sic
2034 2952 2203 3022 magis
2241 2954 2554 3013 conferebat
2594 2961 2835 3020 ediscere
2874 2980 2905 3021 a
2947 2967 3192 3038 Spiritu?
3232 2982 3315 3027 est
3348 2950 3492 3032 enim

1918 3040 2034 3096 haec
2070 3042 2311 3100 doctrina
2356 3057 2409 3103 et
2447 3047 2695 3108 facillima
2733 3063 2787 3110 et
2821 3056 3137 3118 clarissima.
3179 3060 3293 3118 Nos
3327 3076 3494 3122 autent

1913 3145 2125 3190 mentem
2154 3136 2341 3193 Christi
2368 3139 2621 3199 habemus.
2666 3145 2776 3202 lloc
2815 3157 2928 3217 est,
2960 3151 3293 3221 spiritualem
3312 3198 3327 3221 ,
3356 3157 3493 3214 divi-

1919 3243 2039 3282 nam
2063 3269 2078 3294 ,
2112 3229 2399 3287 humanum
2429 3233 2560 3289 nihil
2600 3235 2909 3298 habentem.
2940 3241 3056 3299 Non
3086 3246 3229 3301 enim
3259 3242 3496 3308 Platonis

1915 3334 2013 3374 nec
2039 3320 2351 3391 Pythagone
2373 3339 2551 3393 sensa,
2578 3327 2673 3383 sed
2700 3328 2944 3393 Christus
2972 3350 3069 3391 sua
3098 3341 3264 3394 menti
3296 3352 3496 3398 nostrae

1914 3411 2121 3466 indidit.
2153 3412 2275 3466 Ideo
2295 3414 2452 3484 igitur
2478 3418 2679 3486 pudore
2698 3420 3011 3492 afﬁciantur,
3035 3426 3235 3494 dilecti,
3260 3438 3315 3483 et
3334 3431 3493 3486 vitam

1915 3502 2265 3560 exhibeamus
2293 3508 2548 3576 Optimam
2578 3528 2591 3562 :
2620 3513 2833 3581 quando
2858 3524 2911 3568 et
2943 3516 3055 3585 ipse
3089 3517 3192 3573 hoc
3220 3520 3343 3576 facit
3387 3540 3501 3579 ma-

1876 3642 1879 3643 ν
1916 3609 2032 3664 gna:
2054 3596 2302 3650 amicitia:
2326 3608 2719 3667 argumentum,
2742 3617 2866 3657 cum
2887 3605 3039 3659 nobis
3059 3622 3250 3662 arcana
3277 3614 3496 3677 revelat,

1917 3684 2103 3742 dicens
2137 3705 2150 3741 :
2185 3685 2305 3742 Non
2342 3689 2456 3761 jam
2493 3705 2580 3746 vos
2615 3692 2784 3747 dicam
2819 3711 2988 3750 servos
3013 3713 3033 3752 .'
3059 3714 3229 3755 omnes
3255 3702 3384 3756 enim
3416 3721 3500 3760 vos

1918 3780 2070 3839 amici
2108 3780 2204 3834 mei
2232 3780 2348 3834 estis
2375 3796 2393 3835 :
2427 3783 2544 3853 quia
2575 3785 2745 3839 omnia
2777 3802 2893 3856 quae
2928 3789 3101 3843 audivi
3135 3808 3167 3844 a
3204 3790 3363 3847 Patre
3391 3811 3499 3850 meo

1918 3870 2213 3925 annuntiavi
2238 3871 2373 3926 vobis
2400 3872 2594 3943 (Joan.
2640 3876 2725 3930 15.
2760 3877 2899 3949 15);
2933 3878 2984 3934 id
3015 3890 3117 3949 est,
3151 3897 3269 3936 cum
3311 3884 3498 3940 fiducia

1922 3960 2111 4016 tradidi
2138 3962 2307 4018 vobis.
2344 3963 2400 4020 Si
2425 3975 2602 4022 autem
2635 3966 2737 4023 hoc
2763 3970 2937 4025 solum
2964 3980 3046 4026 est
3071 3973 3319 4029 amicitia:
3344 3991 3502 4047 argn-

1919 4065 2156 4111 mentum
2175 4098 2191 4124 ,
2220 4055 2419 4124 ﬁdere;
2450 4075 2569 4114 cum
2611 4060 2781 4130 palam
2812 4062 2883 4118 sit
2907 4077 3029 4118 eum
3057 4080 3161 4119 non
3193 4067 3353 4122 modo
3378 4083 3501 4123 cum

1922 4146 2111 4204 ﬁducia
2135 4150 2415 4205 verborum
2441 4153 2695 4222 mysteria
2728 4154 3030 4222 tradidisse,
3058 4157 3153 4211 sed
3181 4158 3365 4212 eadem
3390 4161 3502 4227 ipsa

1919 4240 2172 4308 operibus
2202 4241 2353 4297 nobis
2380 4243 2624 4313 largitum
2654 4258 2774 4299 esse
2794 4285 2809 4308 ,
2840 4245 3011 4315 cogita
3038 4256 3251 4315 quanta:
3280 4247 3407 4301 illud
3435 4249 3504 4303 sit

1923 4331 2191 4385 amicitia}.
2242 4332 2351 4385 llac
2390 4347 2518 4400 ergo
2556 4332 2624 4387 de
2662 4349 2723 4389 re
2767 4335 2971 4403 pudore
3008 4335 3303 4390 at‘ﬁciamur
3332 4355 3344 4389 :
3377 4345 3433 4392 et
3458 4339 3505 4392 si

1926 4423 2068 4475 nulla
2096 4421 2249 4476 nobis
2281 4433 2422 4476 tanta
2452 4422 2710 4478 habeatur
2730 4426 2993 4495 gehennae
3021 4426 3158 4481 ratio
3181 4443 3197 4493 ;
3224 4436 3279 4480 at
3316 4428 3383 4481 sit
3411 4442 3508 4483 no-
3536 4486 3537 4489 η

1926 4513 2007 4567 bis
2048 4512 2289 4583 gehenna
2329 4515 2650 4582 terribilius,
2681 4516 2823 4585 quod
2866 4532 2991 4588 erga
3025 4516 3160 4573 adeo
3195 4519 3423 4573 amicum
3454 4528 3508 4575 ct

1926 4604 2222 4660 beneﬁcum
2245 4605 2435 4676 ingrati
2459 4606 2626 4662 simus
2650 4624 2663 4662 :
2687 4624 2860 4678 neque
2886 4616 2943 4662 ut
2964 4611 3276 4665 mercenarii
3303 4610 3503 4678 famuli,

1926 4698 2019 4751 sed
2046 4705 2101 4752 ut
2129 4696 2220 4753 ﬁlii
2248 4706 2302 4753 et
2328 4698 2480 4752 liberi
2503 4700 2680 4754 omnia
2704 4698 2959 4754 faciamus
2981 4710 3201 4771 prepter
3219 4702 3507 4758 amicitiam

1929 4785 2135 4853 Patris;
2165 4795 2220 4842 et
2249 4787 2461 4842 tandem
2491 4803 2764 4845 cessemus
2793 4790 2990 4845 mundo
3030 4791 3226 4847 addicti
3267 4808 3387 4849 esse
3407 4836 3423 4861 ,
3453 4803 3510 4849 ut

1927 4876 2085 4930 etiam
2112 4886 2297 4947 gentes
2326 4877 2528 4947 pudore
2551 4879 2861 4936 afﬁciamus.
2888 4880 3019 4935 Nam
3046 4896 3186 4936 nunc
3207 4898 3326 4938 cum
3351 4885 3509 4940 velim

1929 4978 2114 5023 contra
2145 4968 2266 5023 illos
2291 4967 2584 5038 disputare,
2607 4986 2795 5033 renuo,
2826 4988 2893 5026 ne
2919 4972 3044 5027 dum
3070 4973 3188 5027 illos
3214 4974 3515 5031 ratiunibus

1931 5069 1984 5114 ct
2012 5059 2317 5129 dogmatum
2349 5061 2573 5115 veritate
2615 5062 2911 5127 vincimus,
2945 5062 3214 5130 ingentem
3251 5062 3406 5116 nobis
3436 5064 3516 5116 ri-

1932 5168 2051 5207 sum
2092 5169 2154 5208 ex
2192 5153 2314 5207 vita:
2352 5154 2750 5222 comparatione
2790 5154 3077 5207 inferamus
3108 5170 3120 5206 :
3150 5154 3362 5223 quando
3407 5155 3512 5215 illi,

1936 5243 2024 5313 qui
2056 5243 2227 5298 errori
2256 5242 2454 5297 addicti
2492 5250 2617 5296 sunt
2639 5284 2653 5306 ,
2682 5250 2736 5296 et
2773 5242 2859 5312 qui
2900 5242 3030 5296 nihil
3056 5242 3358 5313 hujusmodi
3393 5261 3508 5314 per-

1934 5350 2148 5391 suasum
2177 5333 2392 5401 habent,
2417 5333 2763 5402 philosophia:
2784 5334 2911 5387 dant
2937 5349 3187 5403 Operam;
3215 5353 3310 5388 nos
3333 5345 3512 5388 autem

1936 5427 2095 5497 plane
2121 5426 2444 5480 contrariqu
2477 5425 2719 5480 facimus.
2750 5425 2996 5479 Attamen
3026 5425 3196 5480 dicam
3232 5443 3245 5478 :
3277 5426 3517 5479 fortassis

1934 5519 2078 5573 enim
2103 5557 2116 5581 ,
2150 5516 2390 5571 fortassis
2425 5516 2681 5572 adversus
2724 5517 2846 5570 illos
2887 5531 3122 5587 pugnare
3159 5516 3509 5577 meditantes,

1934 5610 2038 5662 vita
2073 5607 2234 5662 ctiam
2276 5607 2378 5661 illis
2419 5607 2666 5660 meliores
2705 5606 2844 5661 efﬁci
2889 5610 3289 5659 contendenms.
3335 5599 3515 5664 Nuper

1936 5702 2209 5769 dicebam,
2255 5699 2525 5768 apostolos
2566 5714 2628 5753 ea
2669 5713 2787 5766 qua:
2830 5695 3188 5766 [tmdicarunt
3225 5702 3512 5757 numquam
