3954 6130
444 248 518 305 63
1174 241 1232 301 8.
1262 238 1540 300 JOANNIS
1573 233 2048 297 CHRYSOSTOIII
2084 230 2400 290 ARClllEP.
2440 231 2970 290 CONSTANTINOP.
3653 237 3720 293 64

439 362 825 436 prmdicaturos
862 359 1025 415 fuisse
1047 400 1062 418 .
1101 357 1204 412 nisi
1233 356 1410 412 divina
1450 361 1700 411 movente
1732 352 1938 424 gratia;
1967 361 2022 408 et

439 472 545 510 non
590 454 751 508 modo
793 452 843 507 id
883 468 988 507 non
1017 448 1351 522 perfecturos
1373 490 1390 516 ,
1419 448 1513 504 sed
1548 461 1720 518 neque
1746 444 1847 501 hac
1871 443 1938 501 de
1965 459 2026 500 re

437 547 832 601 consultaturos
854 544 1034 598 fuisse.
1057 542 1166 612 Age
1187 557 1335 607 vero,
1359 538 1520 595 hodie
1539 553 1750 610 quoque
1769 552 1888 593 eam
1909 551 2024 592 rem

439 638 789 700 excutiamus,
815 634 1282 702 ostendamusque,
1312 647 1415 684 non
1447 631 1682 699 potuisse
1708 643 1802 684 eos
1830 627 1882 681 id
1907 641 2027 682 sus-

437 728 617 797 cipere
645 726 726 780 vel
752 726 984 794 cogitare
1004 767 1018 789 ,
1044 725 1144 778 nisi
1187 721 1456 776 Christum
1479 735 1660 776 secum
1685 718 2023 782 habuissent;

438 835 544 874 non
585 819 707 889 quia
755 816 1005 872 imbecilli
1047 815 1308 869 adversus
1347 812 1547 878 fortes;
1573 827 1680 864 non
1707 809 1829 881 quia
1876 809 2025 878 pauci

436 919 620 965 contra
662 910 898 974 multos;
947 921 1054 961 non
1092 907 1213 976 quia
1259 917 1523 975 pauperes
1563 910 1752 958 contra
1793 900 2024 962 divites;

436 1015 543 1054 non
571 999 693 1070 quia
722 997 919 1052 indocti
945 1005 1128 1052 contra
1157 997 1428 1064 sapientes
1455 993 1625 1048 aciem
1655 991 1985 1047 instruebant
2009 1010 2022 1046 :

435 1091 530 1148 sed
559 1091 680 1161 quia
709 1090 1066 1160 prmjudieatm
1088 1087 1353 1158 opinionis
1381 1102 1571 1157 magna
1599 1087 1678 1140 vis
1703 1094 1838 1141 erat.
1867 1085 2026 1141 Scitis

438 1185 581 1238 enim
627 1183 760 1237 nihil
800 1182 937 1252 apud
981 1182 1226 1236 homines
1268 1179 1490 1234 validius
1526 1194 1647 1234 esse
1670 1177 1864 1232 veteris
1891 1193 2024 1232 con-

438 1273 735 1328 suetudinis
759 1271 1056 1343 tyrannide.
1081 1270 1438 1339 Quamobrem
1460 1271 1668 1324 etiamsi
1697 1285 1800 1324 non
1826 1269 2028 1325 duode-

439 1363 544 1418 cim
567 1371 771 1417 tantum
794 1375 1018 1416 numero
1043 1361 1288 1426 fuissent,
1312 1375 1485 1431 neque
1513 1360 1584 1414 ita
1612 1360 1741 1415 viles
1768 1369 1823 1414 et
1844 1360 2028 1430 quales

441 1465 622 1520 erant;
661 1454 755 1508 sed
793 1454 931 1508 alius
957 1453 1104 1508 orbis
1133 1452 1320 1506 fuisset
1346 1451 1470 1506 huic
1499 1467 1612 1521 par,
1639 1466 1702 1506 ac
1729 1451 2027 1505 multitudi-

442 1561 563 1601 nem
605 1545 919 1600 habuisseut
957 1543 1197 1598 adversa:
1232 1543 1331 1598 sibi
1376 1542 1670 1612 aequalem,
1712 1541 1820 1595 imo
1859 1540 2028 1595 multo

443 1637 700 1707 majorem
719 1677 734 1700 ,
763 1636 840 1690 sic
867 1649 1078 1705 quoque
1104 1633 1337 1688 difficilis
1365 1649 1452 1688 res
1481 1631 1689 1687 fuisset.
1729 1631 1838 1686 lllis
1876 1645 2028 1684 nam-

443 1744 548 1799 que
586 1743 743 1798 opem
787 1727 989 1781 ferebat
1031 1723 1360 1780 consuetudo
1384 1763 1399 1788 ,
1426 1722 1509 1776 his
1536 1737 1665 1776 vero
1695 1720 1902 1774 novitas
1928 1719 2026 1774 ad-

442 1819 774 1874 versabatur.
811 1817 954 1872 Nihil
995 1817 1136 1872 enim
1179 1816 1249 1870 ita
1289 1815 1464 1869 turbat
1511 1814 1746 1868 animum
1770 1854 1784 1880 ,
1817 1812 2023 1866 etiamsi

442 1909 570 1964 utile
609 1908 880 1978 quidpiam
919 1906 1277 1978 aggrediatur,
1309 1913 1367 1959 ut
1410 1905 1664 1958 innovare
1701 1911 1756 1958 et
1794 1901 2028 1972 peregri-

441 2017 567 2057 num
615 2001 742 2071 quid
785 2001 1076 2066 inducere,
1108 2000 1339 2053 maxime
1365 2013 1485 2053 cum
1513 1997 1582 2052 de
1618 1997 1763 2052 cultu
1803 1995 2024 2066 religio-

439 2093 522 2145 nis
565 2101 621 2146 et
664 2091 732 2145 de
784 2091 878 2144 Dei
925 2090 1090 2158 gloria
1118 2090 1310 2161 agitur.
1357 2089 1422 2143 Et
1443 2097 1640 2158 quanta
1667 2087 1737 2141 sit
1765 2087 1921 2157 hujus
1947 2088 2023 2141 rei

437 2182 538 2244 vis,
564 2182 672 2250 jam
703 2181 877 2250 palam
910 2179 1120 2234 faciam.
1170 2179 1349 2233 Primo
1386 2179 1511 2232 illud
1542 2178 1716 2234 dicam
1740 2217 1756 2243 ,
1799 2178 2025 2233 alteram

439 2275 603 2329 fuisse
629 2273 991 2328 difficultatem
1020 2274 1162 2328 circa
1197 2271 1429 2328 Iudaeos.
1460 2271 1591 2326 Nam
1620 2271 1760 2352 quod
1795 2272 1860 2325 ad
1896 2286 2026 2341 gen-

439 2367 560 2420 tiles
577 2374 801 2435 spectat,
819 2375 874 2421 et
893 2365 1021 2421 deos
1038 2376 1091 2420 et
1112 2365 1357 2435 dogmata
1380 2364 1590 2419 illorum
1619 2363 2027 2420 confutabantur

437 2458 618 2510 omnia
643 2474 657 2523 ;
687 2456 826 2526 apud
853 2455 1066 2511 Judmos
1096 2465 1274 2510 autem
1299 2471 1402 2510 non
1433 2453 1501 2509 ita
1530 2455 1869 2525 disputabant
1893 2471 1907 2507 :
1932 2455 2025 2510 sed

437 2565 504 2604 ex
535 2549 870 2618 dogmatibus
902 2548 1064 2603 multa
1091 2547 1438 2618 abrogabant,
1466 2547 1632 2602 Deum
1671 2562 1797 2601 vero
1825 2547 1912 2616 qui
1945 2546 2024 2602 le-

438 2655 559 2708 gem
606 2648 860 2709 posuerat
901 2639 1128 2694 adorare
1167 2638 1426 2707 jubebant
1467 2654 1482 2690 :
1524 2645 1579 2693 et
1619 2652 1740 2692 cum
1785 2636 2027 2692 dicerent

438 2738 690 2799 oportere
718 2729 1072 2800 lcgislatorcm
1103 2730 1309 2794 colere,
1339 2728 1634 2796 addebant,
1666 2728 1743 2783 Ne
1771 2727 1822 2783 in
1850 2729 2023 2783 omni-

437 2818 538 2873 bus
579 2818 893 2889 obsequaris
936 2819 1035 2889 legi
1078 2819 1146 2874 ab
1183 2819 1276 2873 illo
1305 2819 1528 2888 positae;
1558 2818 1706 2874 verbi
1734 2819 1904 2890 gratia
1926 2859 1941 2879 ,
1970 2819 2024 2875 in

437 2911 815 2965 observatione
840 2911 1066 2975 sabbati,
1095 2919 1185 2963 aut
1213 2909 1653 2976 circumeisionis,
1683 2917 1775 2962 aut
1819 2910 2024 2964 sacrifi-

438 3001 672 3065 ciorum,
700 3009 792 3055 aut
829 3001 1056 3055 aliorum
1099 3001 1372 3056 similium.
1402 3001 1582 3072 ltaque
1609 3017 1714 3058 non
1746 3001 1906 3058 modo
1935 3017 1991 3057 sa

437 3093 697 3148 orificium
743 3092 1126 3162 impedimento
1162 3102 1314 3158 erat;
1351 3094 1445 3149 sed
1486 3095 1645 3149 etiam
1688 3096 1826 3166 quod
1849 3137 1864 3162 ,
1901 3112 2026 3151 cum

439 3185 608 3240 Deum
633 3185 885 3256 juberent
912 3187 1158 3252 adorare,
1189 3187 1383 3240 multas
1410 3187 1574 3256 ipsius
1597 3188 1740 3258 leges
1766 3189 2026 3258 abrogare

437 3277 810 3346 praeciperent.
852 3277 1005 3348 Apud
1042 3277 1270 3346 gentiles
1306 3287 1480 3332 autem
1523 3293 1711 3348 magna
1749 3288 1868 3334 erat
1892 3293 2024 3335 con-

437 3369 737 3424 suetudinis
767 3361 1024 3441 tyrari'nis.
1717 3439 1721 3442 ι

506 3463 560 3516 7.
606 3462 818 3517 Etenim
861 3462 1066 3519 etiamsi
1114 3462 1299 3519 decem
1336 3478 1598 3517 annorum
1648 3472 1878 3530 tantum,
1928 3478 2028 3519 nec

435 3551 557 3606 dico
587 3552 717 3606 tanti
762 3555 1050 3624 temporis;
1096 3555 1198 3610 etsi
1248 3569 1534 3623 paucorum
1585 3553 1883 3620 hominum,
1927 3567 2027 3608 nec

436 3643 556 3698 dico
581 3643 741 3698 totius
767 3643 912 3698 orbis
933 3643 1370 3699 consuetudinem
1396 3643 1629 3714 aggressi
1659 3643 1732 3697 illi
1761 3641 1984 3697 fuissent
2008 3659 2021 3695 :

437 3737 516 3790 sic
557 3750 768 3806 quoque
814 3736 1034 3790 mutatio
1075 3735 1305 3790 difficilis
1337 3736 1542 3792 fuisset.
1585 3735 1738 3790 Nunc
1768 3744 1943 3790 autem
1974 3741 2027 3788 et

440 3825 697 3896 sophista:
727 3835 782 3879 et
805 3834 1048 3880 oratores
1069 3834 1123 3880 et
1151 3834 1324 3894 patres
1347 3834 1400 3879 et
1417 3826 1500 3879 avi
1525 3835 1578 3879 et
1597 3826 1771 3892 abavi,
1802 3835 1856 3881 et
1877 3825 2027 3879 multi

441 3915 806 3985 antiquiores,
850 3930 1036 3970 errore
1081 3922 1235 3969 erant
1283 3914 1634 3984 pra-occupati
1686 3931 1700 3968 :
1755 3923 1810 3968 et
1849 3921 2025 3982 terra,

443 4022 614 4071 mare,
654 4013 899 4070 montes,
943 4005 1131 4068 saltus,
1180 4003 1529 4058 barbarorum
1581 4003 1760 4058 omnia
1806 4018 2024 4073 genera,

443 4097 753 4153 Graecorum
777 4095 957 4165 populi
981 4109 1187 4158 omnes,
1210 4093 1497 4162 sapientes,
1519 4092 1718 4160 idiotze,
1741 4093 2027 4162 principes,

445 4190 668 4252 subditi,
692 4187 947 4242 mulieres
965 4196 1018 4241 et
1034 4185 1156 4253 viri,
1172 4185 1403 4254 juvenes
1417 4195 1469 4239 et
1485 4199 1664 4251 senes,
1683 4183 1796 4238 heri
1809 4192 1860 4236 et
1873 4184 2032 4250 servi,

444 4281 698 4354 agricola:
720 4287 774 4336 et
795 4277 1047 4343 artifices,
1072 4277 1160 4348 qui
1185 4277 1344 4331 urbes
1365 4285 1416 4331 et
1443 4275 1534 4345 qui
1561 4275 1707 4329 vicos
1729 4271 2029 4348 incolebant

445 4390 653 4430 omnes.
688 4372 756 4429 Et
776 4387 871 4444 par
891 4380 1005 4428 erat
1028 4371 1146 4426 illos
1169 4384 1355 4425 omnes
1375 4366 1789 4423 catechumenos
1809 4364 1988 4419 dicere
2011 4378 2026 4416 :

442 4469 581 4536 Quid
611 4467 713 4521 hoc
733 4465 852 4520 est?
883 4479 1139 4520 omnesne
1167 4463 1255 4533 qui
1285 4461 1469 4516 orbem
1510 4460 1749 4514 incolunt
1778 4466 1903 4511 sunt
1929 4455 2028 4510 de-

445 4556 622 4628 cepti?
654 4555 929 4625 sopbistas,
963 4565 1227 4621 oratores,
1270 4551 1599 4622 philosophi,
1635 4551 1947 4617 scriptores,
1975 4559 2031 4605 et

451 4648 537 4717 qui
581 4642 724 4700 nunc
749 4653 874 4699 sunt
915 4652 969 4700 et
1012 4645 1100 4714 qui
1145 4651 1269 4697 ante
1309 4640 1548 4707 fuerunt,
1601 4638 1932 4710 Pythagoras
1976 4647 2032 4694 et

451 4737 621 4803 Plato,
647 4734 834 4801 duces,
878 4735 1149 4801 consules,
1183 4733 1556 4801 imperatores,
1587 4731 1798 4786 urbium
1828 4733 1895 4787 ab
1931 4731 2033 4787 ini-

447 4828 522 4882 tio
551 4827 696 4880 cives
725 4833 776 4880 et
805 4822 1134 4888 fundatores,
1167 4821 1378 4876 barbari
1405 4830 1462 4876 et
1495 4822 1712 4878 Graeci?
1746 4831 1800 4877 et
1824 4822 2034 4878 duode-

447 4920 552 4974 cim
580 4919 876 4990 piscatores
905 4931 968 4970 ac
994 4914 1344 4971 tentoriorum
1373 4914 1610 4970 artifices
1653 4923 1813 4985 atque
1852 4913 2030 4985 publi-

447 5011 590 5080 cani,
635 5010 744 5067 illis
789 5008 1039 5064 omnibus
1067 5015 1193 5062 sunt
1234 5006 1634 5077 sapientiores?
1670 5016 1724 5062 et
1761 5007 1881 5076 quis
1919 5007 2034 5062 haec

449 5101 589 5156 ferre
613 5099 887 5172 potuerit?
913 5100 1159 5154 Attamen
1184 5098 1297 5153 hate
1320 5112 1426 5154 non
1456 5096 1726 5166 dixerunt,
1755 5111 1855 5153 nec
1881 5097 2031 5168 cogi-

452 5202 651 5261 tarunt,
677 5194 770 5248 scd
796 5193 959 5264 quieti
998 5193 1332 5259 sustinuere;
1366 5199 1736 5261 noveruntque
1765 5190 1884 5245 illos
1911 5203 2034 5246 esse

453 5285 692 5341 omnium
740 5283 1206 5353 sapientissimos:
1237 5283 1463 5355 ideoque
1505 5296 1696 5338 omnes
1741 5294 2032 5351 superave-

457 5385 602 5430 runt.
633 5373 697 5428 Et
724 5382 782 5428 ut
806 5372 1003 5438 discas,
1044 5381 1244 5442 quanta
1292 5375 1363 5428 sit
1396 5374 1480 5429 vis
1522 5372 1942 5438 consuetudinis,
1969 5386 2032 5427 ea

459 5465 551 5522 Dei
582 5473 843 5536 prmeepta
871 5478 1014 5532 smpe
1038 5464 1328 5533 superavit.
1357 5465 1423 5519 Et
1443 5465 1568 5535 quid
1589 5466 1709 5522 dico
1731 5465 2035 5536 pratccpta?

455 5553 574 5623 Ipsa
606 5569 815 5625 quoque
851 5551 1130 5607 beneficia.
1157 5551 1327 5608 Judaei
1355 5553 1497 5609 enim
1528 5569 1720 5609 manna
1753 5557 2029 5622 habentes,

456 5647 764 5716 quaerebant
794 5643 951 5709 allia;
988 5649 1041 5698 et
1081 5643 1325 5703 libertate
1351 5646 1618 5714 fruentes,
1651 5647 1921 5702 servitutis
1949 5659 2031 5700 re-

2131 347 2492 404 cordabantur
2534 356 2589 403 et
2635 346 2924 419 Egyptum
2973 345 3282 416 frequenter
3334 347 3594 416 optabant
3648 353 3717 406 ob

2131 438 2609 505 consuetudinem;
2653 438 2790 494 adeo
2833 439 3110 510 tyrannica
3138 447 3220 494 est
3246 439 3604 494 consuetudo.
3652 439 3717 494 Et

2139 529 2184 583 si
2211 529 2341 584 velis
2378 531 2539 586 etiam
2569 531 2636 585 ab
2680 531 2880 586 exteris
2929 531 2981 585 id
3025 530 3256 597 discere,
3303 531 3502 586 dicitur
3541 531 3714 597 Plato,

2131 619 2338 674 etiamsi
2370 619 2533 690 probe
2559 622 2719 677 sciret
2743 637 2980 677 errorem
3003 637 3122 676 esse
3145 637 3230 688 ea,
3264 639 3382 692 qua!
3411 622 3480 678 de
3508 623 3614 678 diis
3639 624 3716 677 di-

2129 708 2410 776 cebantur,
2436 709 2502 764 ad
2533 708 2699 766 festos
2721 709 2838 766 dies
2861 711 3115 768 colendos
3141 721 3196 768 et
3221 714 3286 767 ad
3310 723 3506 768 cetera
3537 713 3715 768 omnia

2129 815 2188 855 se
2213 799 2513 868 demisisse,
2557 812 2616 857 ut
2645 805 2734 872 qui
2767 821 2872 859 non
2923 814 3104 874 posset
3140 806 3588 862 consuetudinem
3619 807 3714 860 imo

2131 906 2389 962 pugnare,
2419 908 2482 948 ac
2513 910 2571 949 re
2599 893 2711 964 ipsa
2745 910 2775 949 a
2817 897 3074 966 magistro
3117 885 3220 952 hoc
3257 898 3574 954 edidicerat.
3621 898 3713 955 Hic

2129 984 2272 1039 enim
2303 1000 2423 1040 cum
2451 987 2502 1042 in
2530 989 2892 1057 suspicionem
2924 990 3287 1047 innovationis
3318 993 3574 1059 venisset,
3608 1002 3716 1048 tan-

2131 1085 2242 1132 tum
2269 1077 2437 1133 abfuit
2464 1088 2519 1134 ut
2545 1080 2688 1150 quod
2717 1080 2936 1152 optabat
2965 1083 3267 1152 perficeret,
3293 1084 3528 1139 utetiam
3553 1085 3712 1140 vitam

2131 1172 2392 1239 amiserit,
2421 1173 2628 1229 etiamsi
2653 1175 2897 1246 apologia
2919 1190 3039 1230 sese
3061 1185 3357 1247 purgasset.
3381 1176 3517 1243 Quot
3551 1178 3713 1232 etiam

2131 1279 2272 1319 nunc
2298 1264 2539 1320 videmus
2579 1265 2824 1322 homines
2849 1282 2914 1322 ex
2956 1267 3303 1337 prmjudicata
3356 1270 3616 1339 Opinione
3662 1271 3712 1325 in

2131 1356 2401 1424 impietate
2428 1357 2694 1425 dctcnlos,
2729 1357 2820 1427 qui
2851 1357 2981 1412 nihil
3026 1369 3250 1428 possunt
3292 1359 3486 1414 rationi
3516 1375 3714 1416 conso-

2132 1462 2254 1500 num
2283 1447 2484 1513 dicere,
2527 1463 2650 1504 cum
2698 1458 3017 1504 accusantur
3056 1449 3198 1520 quod
3237 1461 3290 1505 ut
3330 1452 3559 1522 gentiles
3589 1468 3712 1508 sen-

2132 1537 2282 1600 tiant,
2314 1537 2655 1609 allegantque
2690 1550 2890 1609 patres,
2923 1556 3050 1596 avos
3089 1550 3144 1596 et
3169 1543 3436 1611 proavos?
3466 1541 3591 1597 ldeo
3619 1559 3712 1599 cx-

2131 1637 2364 1683 terorum
2407 1631 2622 1699 quidam
2662 1631 3101 1686 consuetudinem
3133 1632 3421 1686 secundam
3469 1643 3713 1689 naturam

2131 1729 2340 1773 Vocant.
2370 1720 2501 1774 Cum
2530 1730 2708 1777 autem
2738 1723 2791 1777 in
2823 1722 3162 1793 dogmatibus
3184 1724 3520 1779 consuetudo
3540 1725 3710 1791 adest,

2129 1827 2190 1865 ea
2245 1810 2450 1867 firmior
2497 1822 2580 1868 est
2637 1831 2652 1868 :
2704 1814 2883 1868 omnia
2935 1815 3077 1869 enim
3131 1816 3339 1871 facilius
3389 1819 3718 1873 mutaverint

2129 1925 2285 1977 quam
2318 1909 2538 1963 cultum.
2580 1910 2644 1963 Et
2686 1909 2858 1979 pudor
2900 1925 3006 1964 una
3051 1925 3174 1965 eum
3218 1912 3610 1966 consuetudine
3648 1911 3712 1966 ad

2130 1999 2526 2068 impediendum
2550 2001 2677 2055 satis
2699 2010 2833 2066 erat,
2859 2010 2914 2055 et
2933 2000 3074 2070 quod
3097 2001 3376 2056 videantur
3397 2003 3448 2056 in
3471 2013 3714 2058 extrema

2129 2100 2403 2146 senectute
2441 2092 2738 2157 dediscere,
2781 2093 3050 2162 etiamque
3083 2093 3151 2148 ab
3189 2093 3254 2148 iis
3295 2095 3384 2164 qui
3416 2095 3595 2150 minus
3637 2097 3715 2150 iu-

2129 2181 2449 2250 tclligerent.
2483 2182 2548 2235 Et
2569 2182 2695 2250 quid
2735 2182 2965 2244 miraris,
3006 2183 3050 2236 si
3083 2182 3134 2236 in
3177 2183 3355 2237 anima
3383 2184 3434 2238 id
3477 2185 3712 2251 eveniat,

2127 2272 2340 2342 quando
2367 2273 2524 2327 etiam
2576 2271 2630 2326 iu
2669 2287 2896 2342 corpore
2927 2288 3174 2343 magnam
3219 2273 3325 2327 vim
3374 2276 3714 2330 consuetudo

2130 2363 2309 2418 habet.
2356 2363 2731 2431 Apostolorum
2764 2377 2892 2416 vero
2927 2371 3167 2433 tempore
3191 2363 3334 2418 aliud
3377 2375 3494 2419 erat
3540 2366 3713 2436 majus

2127 2452 2588 2524 impedimentum,
2622 2453 2764 2522 quod
2795 2470 2899 2509 non
2933 2455 3092 2509 modo
3119 2456 3450 2510 consuetudo
3478 2466 3584 2511 tam
3613 2475 3710 2512 an-

2129 2547 2270 2618 tiqua
2299 2557 2612 2612 mutaretur,
2639 2548 2731 2602 scd
2761 2547 2922 2602 etiam
2952 2549 3093 2618 quod
3121 2549 3346 2603 mutatio
3367 2549 3453 2603 illa
3477 2565 3598 2604 cum
3623 2567 3711 2619 pe-

2126 2639 2296 2694 riculo
2327 2637 2498 2694 fieret.
2529 2638 2645 2692 Non
2675 2639 2832 2693 modo
2859 2639 3000 2693 enim
3023 2654 3052 2692 a
3073 2640 3466 2695 consuetudine
3493 2642 3561 2695 ad
3584 2658 3713 2696 con-

2126 2729 2459 2784 suetudinem
2481 2730 2779 2794 trahebant,
2800 2730 2891 2784 sed
2908 2744 2937 2783 a
2959 2729 3348 2785 consuetudine
3366 2733 3710 2785 securitatem

2129 2823 2360 2878 habente
2400 2823 2464 2878 ad
2493 2839 2582 2878 res
2610 2824 2847 2893 pericula
2880 2823 3210 2879 minitantes.
3243 2822 3567 2880 Credentem
3597 2835 3708 2880 sta-

2129 2913 2220 2967 tim
2260 2913 2536 2969 accidebat
2576 2915 2858 2984 publicari,
2903 2915 3049 2984 pelli,
3073 2930 3102 2968 a
3130 2914 3298 2984 patria
3338 2915 3613 2982 excidere,
3646 2917 3711 2971 ab

2126 3005 2375 3060 omnibus
2401 3005 2524 3060 odio
2552 3005 2757 3070 haberi,
2789 3021 3124 3061 communem
3149 3005 3356 3062 hostem
3379 3022 3499 3062 esse
3520 3016 3574 3062 et
3600 3009 3712 3062 suis

2126 3106 2183 3152 et
2219 3097 2430 3153 alienis.
2483 3097 2664 3168 Itaque
2713 3099 2922 3154 etiamsi
2963 3106 3248 3154 vocassent
3296 3115 3326 3153 a
3369 3099 3608 3154 novitate
3645 3100 3712 3154 ad

2127 3190 2590 3256 consuetudinem,
2619 3191 2779 3245 etiam
2807 3191 2887 3246 sic
2928 3191 3163 3246 difficilis
3197 3206 3285 3246 res
3330 3191 3515 3246 fuisset
3544 3210 3558 3245 :
3589 3207 3711 3246 cum

2127 3290 2304 3336 autem
2328 3296 2356 3334 a
2378 3280 2766 3336 consuetudine
2795 3281 2859 3334 ad
2899 3281 3188 3337 novitatem
3222 3291 3494 3348 vocarent,
3520 3291 3571 3336 ct
3600 3283 3714 3337 lucc

2127 3373 2378 3427 adessent
2407 3371 2566 3436 mala,
2593 3371 2762 3440 cogita
2785 3379 3043 3440 quantum
3070 3381 3186 3426 erat
3212 3372 3337 3426 illud
3368 3372 3716 3442 impedimen-

2131 3472 2262 3517 tum.
2300 3463 2499 3516 Prtcter
2527 3476 2590 3516 ea
2619 3470 2797 3516 autem
2833 3477 2950 3532 qua:
2978 3461 3121 3524 dicta
3151 3471 3296 3528 sunt,
3324 3461 3465 3514 aliud
3497 3476 3604 3516 non
3637 3463 3712 3516 le-

2127 3555 2245 3609 vius
2271 3561 2408 3620 erat,
2449 3553 2590 3624 quod
2621 3553 2969 3608 mutationem
3008 3553 3282 3608 difficilem
3323 3552 3592 3608 redderet.
3634 3553 3714 3608 Ad

2129 3645 2570 3701 consuetudinem
2602 3645 2744 3699 enim
2783 3655 2837 3700 et
2866 3645 2931 3699 ad
2979 3645 3212 3714 pericula
3257 3644 3311 3699 id
3351 3643 3536 3709 addas,
3569 3644 3714 3714 quod

2130 3739 2245 3794 lucc
2271 3747 2533 3809 prmcepta
2563 3738 2878 3793 onerosiora
2907 3746 3107 3803 essent,
3137 3744 3189 3790 et
3215 3751 3300 3800 ea,
3333 3750 3362 3788 a
3397 3735 3592 3804 quibus
3617 3737 3714 3790 ab-

2130 3831 2416 3898 ducebant,
2443 3829 2574 3882 levia
2604 3837 2658 3882 et
2688 3827 2877 3881 facilia.
2919 3826 3049 3880 Nam
3090 3841 3118 3878 a
3148 3824 3498 3880 fornicatione
3531 3825 3598 3881 ad
3630 3842 3718 3881 ea-

2130 3921 2361 3975 stitatcm
2399 3917 2681 3982 vocabant,
2731 3917 2800 3971 ah
2847 3930 3031 3970 amore
3071 3915 3194 3970 vitae
3241 3915 3310 3969 ad
3358 3925 3618 3984 mortem,
3650 3917 3718 3971 ab

2132 4008 2389 4064 ebrietate
2408 4007 2472 4063 ad
2485 4007 2776 4078 jejunium,
2794 4023 2826 4062 a
2844 4007 2957 4060 risu
2973 4005 3038 4059 ad
3060 4005 3323 4077 lacrymas
3361 4015 3416 4060 et
3457 4021 3720 4078 compun-

2131 4099 2387 4164 ctionem,
2415 4096 2484 4152 ab
2509 4096 2728 4151 avaritia
2755 4097 2820 4151 ad
2849 4105 3236 4166 paupertatem,
3267 4112 3296 4151 a
3331 4099 3620 4153 securitate
3649 4098 3715 4153 ad

2133 4189 2366 4260 pericula
2396 4207 2410 4243 :
2438 4197 2493 4244 et
2521 4204 2617 4259 per
2647 4190 2826 4244 omnia
2853 4198 3148 4244 extremam
3175 4190 3458 4259 exigebant
3491 4203 3715 4244 accura-

2133 4282 2332 4336 tioncm
2356 4297 2370 4348 ;
2399 4297 2520 4337 nam
2546 4282 2622 4335 ait
2651 4297 2666 4334 :
2693 4279 2980 4350 Turpitudo
3019 4293 3067 4336 et
3096 4282 3458 4350 stultiloquimu
3492 4291 3538 4335 et
3568 4299 3715 4336 scur-

2131 4371 2296 4425 rilitas
2325 4388 2386 4425 ne
2414 4379 2590 4425 exeant
2615 4370 2678 4424 ab
2712 4387 2801 4424 ore
2839 4377 3000 4424 vestro
3031 4370 3244 4440 (Ep/tes.
3289 4371 3342 4426 5.
3376 4371 3454 4441 4).
3499 4371 3565 4425 Et
3601 4372 3716 4426 lucc

2133 4461 2382 4531 dicebant
2409 4461 2494 4526 iis,
2524 4459 2614 4529 qui
2646 4459 2778 4514 nihil
2806 4459 2948 4514 aliud
2979 4460 3220 4516 sciebant
3249 4476 3407 4530 quam
3437 4460 3710 4525 inebriari,

2134 4551 2304 4605 ventri
2339 4548 2634 4619 indulgere,
2665 4549 2730 4603 iis
2751 4549 2839 4619 qui
2865 4549 2980 4605 dies
3003 4549 3166 4606 festos
3195 4551 3440 4620 agebant.
3479 4565 3584 4604 non
3607 4552 3714 4605 alie

2136 4643 2296 4699 modo
2321 4643 2696 4707 consistentes,
2729 4656 2887 4712 quam
2919 4656 2987 4696 ex
3019 4642 3361 4711 turpitudine,
3391 4642 3500 4696 risu
3524 4651 3577 4696 et
3599 4643 3716 4696 uni-

2137 4748 2288 4787 versa
2317 4732 2600 4788 comoedia.
2630 4730 2814 4802 Itaque
2841 4747 2948 4788 non
2969 4731 3130 4786 modo
3155 4730 3296 4802 quod
3324 4731 3716 4802 philosophiam

2137 4825 2430 4895 exigerent,
2452 4839 2678 4880 onerosa
2709 4825 2797 4879 illa
2820 4833 3080 4895 praecepta
3107 4834 3296 4890 erant;
3326 4825 3421 4881 sed
3446 4825 3588 4895 quod
3619 4826 3718 4880 bo-

2139 4915 2374 4971 minibus
2399 4915 2786 4986 proferrentur,
2832 4916 2923 4987 qui
2963 4917 3014 4970 in
3064 4916 3276 4971 licentia
3301 4959 3317 4983 ,
3365 4918 3720 4988 turpitudine,

2138 5007 2502 5078 stultiloquio,
2539 5008 2650 5062 risu
2692 5007 2956 5075 rebusque
2998 5006 3218 5062 comicis
3269 5007 3478 5062 educati
3515 5019 3719 5062 essent.

2136 5097 2265 5166 Quis
2289 5099 2431 5152 enim
2475 5097 2564 5167 qui
2611 5098 2664 5152 in
2697 5096 2892 5150 talibus
2918 5096 3079 5151 vitam
3123 5096 3353 5164 duxerit,
3383 5113 3506 5152 cum
3549 5099 3722 5162 audit,

2142 5188 2260 5242 Nisi
2285 5189 2396 5257 quis
2424 5187 2568 5242 tollat
2595 5203 2796 5242 crucem
2825 5203 2970 5240 suam
3013 5197 3060 5242 et
3097 5199 3334 5259 sequatur
3367 5204 3466 5254 me,
3505 5205 3606 5242 non
3651 5197 3725 5242 est

2139 5296 2218 5333 me
2243 5280 2425 5351 dignus
2457 5279 2668 5349 (Matth.
2699 5279 2790 5334 10.
2819 5279 2946 5351 58);
2977 5289 3052 5348 et,
3094 5279 3213 5334 Non
3252 5279 3363 5333 veni
3390 5296 3566 5351 pacem
3601 5280 3724 5333 mit-

2139 5378 2256 5436 tere,
2287 5371 2375 5424 sed
2408 5369 2656 5440 gladium,
2699 5381 2746 5424 et
2784 5387 3025 5440 separare
3061 5371 3312 5424 hominem
3353 5387 3386 5424 a
3425 5379 3567 5440 patre
3599 5385 3722 5434 suo,

2141 5472 2186 5514 et
2216 5462 2377 5530 filiam
2407 5479 2437 5516 α
2469 5473 2628 5517 matre
2669 5481 2761 5518 sua
2789 5465 2808 5536 (
2841 5465 2978 5520 Ibid.
3010 5481 3056 5520 v.
3104 5466 3173 5520 54
3203 5464 3244 5535 ),
3274 5480 3380 5518 non
3431 5464 3714 5532 obtorpue-

2141 5553 2243 5606 rit?
2267 5556 2385 5624 quis
2415 5565 2592 5610 autem
2619 5557 2864 5626 audiens,
2904 5558 3014 5613 Nisi
3052 5557 3169 5625 quis
3207 5555 3596 5610 renuntiaverit
3625 5553 3720 5606 do-

2146 5644 2276 5711 tnui,
2305 5646 2488 5714 patria:
2515 5656 2570 5704 ct
2597 5647 2814 5716 divitiis,
2851 5666 2954 5706 non
2985 5656 3065 5705 cst
3093 5664 3178 5705 tne
3217 5647 3407 5720 dignus
3447 5645 3601 5717 (Luc.
3638 5641 3723 5698 ll.
