3954 6130
251 253 318 311 63
1305 235 1372 292 IN
1400 232 1616 294 EPIST.
1651 233 1672 289 1
1712 231 1804 288 AD

1928 229 1992 286 Β.
2029 229 2266 290 HOIIL.
2307 234 2424 294 VII.
3445 249 3516 305 δέ

248 363 339 417 καὶ
369 361 616 434 σήμερον
659 356 792 414 αὐτὸ
824 353 980 409 τοῦτο
1012 352 1391 434 ἐπεξέλθωμεν
1415 353 1494 424 τῷ
1535 352 1698 422 λόγῳ,
1730 349 1825 434 καῖ

246 433 535 516 δείξωμεν,
591 443 669 507 ὡς
715 439 976 494 ἀδύνατον
1010 433 1079 509 ἦν
1127 437 1292 516 ’τοῦτο
1329 437 1436 490 κᾶν
1480 437 1698 489 έλέσθαι
1729 433 1826 487 καὶ

249 515 524 599 ἐννοῆσαι,
559 528 608 580 εἰ
639 525 711 596 μὴ
741 523 831 578 τὸν
865 522 1098 592 Χριστὸν
1136 515 1288 591 εἶχον
1310 519 1428 590 μεθ’
1450 520 1658 574 ἑαυτῶν
1682 535 1695 550 ’
1726 517 1828 570 οὐκ

248 611 440 680 ἐπειδὴ
469 609 713 669 ἀσθενεῖς
761 604 899 676 πρὸς
955 604 1231 675 ἰσχυροὺς,
1286 603 1386 656 οὐκ
1421 601 1609 670 ἐπειδὴ
1659 599 1828 667 ὀλίγοι

251 693 392 764 πρὸς
426 692 669 754 πολλοὺς,
705 690 806 742 οὐκ
842 686 1031 757 ἐπειδὴ
1070 685 1304 756 πένητες
1337 685 1474 756 πρὸς
1519 683 1828 746 πλουσίους,

247 777 372 830 οὐδὲ
428 776 610 846 ἐπειδὴ
671 773 904 844 ἀμαθεῖς
962 771 1096 842 πρὸς
1161 770 1359 838 σοφοὺς
1407 767 1826 846 παρετάττοντο,

249 859 367 913 ἀλλ’
401 844 722 928 ἐπειδήνκαὶ
763 855 861 924 τῆς
904 853 1224 925 προλήψεως
1254 850 1423 919 πολλὴ
1456 844 1523 920 ἦν
1565 850 1600 919 ή
1654 847 1825 917 ἰσχύς.

255 944 398 996 ἰστε
427 943 536 1012 γὰρ
560 941 636 1004 ὡς
665 939 820 993 οὐδὲν
845 936 1016 1000 οὕτως
1043 935 1264 1006 ἰσχυρὸν
1305 934 1456 1003 παρά
1497 929 1826 1012 ἀνθρώποις,

246 1024 323 1087 ὡς
367 1011 657 1096 συνηθείας
698 1021 940 1083 παλαιᾶς
977 1018 1255 1088 τυραννίς.
1306 1017 1464 1068 Ὥστε
1515 1016 1563 1066 εἰ
1602 1015 1711 1096 καὶ*
1753 1011 1828 1082 μὴ

246 1105 451 1166 δώδεκα
471 1094 610 1174 ἦσαν
634 1105 813 1176 μόνον,
842 1101 975 1174 μηδὲ
997 1099 1173 1162 οὕτως
1195 1098 1431 1160 εὐτελεῖς
1457 1097 1550 1150 καὶ
1571 1094 1824 1156 τοιοῦτοι,

246 1188 362 1242 ἀλλ’
391 1189 553 1259 ἐτέρα
584 1186 878 1257 οίκουμένη
913 1183 1174 1252 τοσαύτη.
1217 1182 1309 1235 καὶ
1351 1180 1552 1250 πλῆθος
1576 1178 1826 1259 άντίρῤοέ

244 1289 348 1324 πον
397 1258 543 1341 εἶχον
593 1270 712 1341 μεθ’
763 1268 970 1322 ἐαυτῶν
1018 1265 1366 1334 τεταγμένον,
1415 1262 1448 1332 ἢ
1504 1261 1598 1314 καὶ
1647 1258 1827 1328 πολλῷ

244 1353 485 1419 πλείους,
528 1353 624 1405 καὶ
655 1351 798 1404 οῦτω
831 1348 1085 1402 δύσκολον
1111 1343 1180 1417 ἧν
1209 1346 1270 1398 τὸ
1303 1344 1605 1413 γινόμενον.
1649 1341 1825 1394 Ἐκεί-

241 1452 358 1499 νοις
404 1437 503 1505 μὲν
532 1435 643 1507 γάρ
673 1436 710 1505 ή
745 1432 1001 1502 συνήθεια
1044 1429 1402 1498 συνέπραττε,
1451 1425 1662 1487 τούτοις
1691 1425 1748 1476 δὲ
1790 1426 1826 1494 ή

241 1518 575 1586 καινοτομία
613 1514 951 1586 ἠναντιοῦτο.
980 1513 1144 1566 Οὐδὲν
1165 1511 1275 1582 γάρ
1306 1511 1451 1563 οῦτω
1479 1508 1701 1580 θορυϐεῖ
1725 1507 1827 1576 ψυ-

239 1601 375 1672 χὴν,
404 1599 511 1653 κᾶν
542 1599 636 1652 ἐπὶ
674 1597 929 1669 χρησίμῳ
954 1595 1061 1648 τινὶ
1094 1594 1334 1663 γίνηται,
1377 1593 1450 1654 ὼς
1483 1591 1828 1659 καινοτομεῖν

238 1701 294 1736 τι
333 1684 434 1736 καὶ
463 1682 714 1748 ξενίζειν,
737 1681 832 1736 καὶ
869 1679 1099 1749 μάλιστα
1128 1677 1255 1729 ὃταν
1290 1677 1416 1745 περὶ
1451 1674 1706 1743 λατρείας
1732 1673 1828 1726 καὶ

241 1767 383 1837 περί
403 1765 506 1834 τῆς
533 1764 627 1817 τοῦ
658 1762 795 1816 Θεοῦ
821 1762 978 1827 δόξης
998 1759 1156 1813 τοῦτο
1183 1759 1420 1828 γίνηται,
1452 1758 1560 1810 Kal
1586 1757 1683 1826 ὅση
1703 1755 1825 1808 τού-

237 1866 338 1902 του
379 1848 474 1901 τοῦ
515 1847 839 1916 πράγματος
876 1850 912 1915 ή
957 1845 1130 1913 ἰσχὺς,
1189 1842 1290 1912 ήδη
1334 1841 1544 1911 ποιήσω
1573 1837 1820 1909 φανερὸν,

239 1931 511 2001 πρότερον
537 1931 712 1982 ἐκεῖνο
736 1927 926 1992 εἰπὼν,
950 1928 1032 1979 ὃτι
1057 1926 1151 1978 καὶ
1185 1924 1348 1995 ἑτέρα
1380 1921 1637 1976 δυσκολία
1657 1938 1822 1992 προσ-

238 2014 309 2083 ῆν
347 2014 482 2084 πρὸς
518 2011 826 2073 Ἰουδαίους.
872 2010 995 2062 Ἐπὶ
1032 2007 1133 2079 μὲν
1155 2007 1264 2078 γάρ
1290 2006 1397 2059 τῶν
1435 2005 1703 2076 Ἑλλήνων
1728 2005 1822 2058 καὶ

237 2099 370 2158 τοὺς
400 2095 556 2157 θεοὺς
589 2097 686 2147 καὶ
711 2094 781 2147 τὰ
806 2093 1051 2164 δόγματα
1086 2089 1268 2145 αὐτῶν
1291 2088 1554 2143 κατέλυον
1580 2089 1818 2151 ἅπαντα,

250 2179 528 2241 Ἰουδαίοις
572 2178 630 2231 δέ
673 2178 772 2248 ούχ
805 2176 947 2230 οῦτω
986 2175 1289 2244 διελέγοντο
1314 2192 1329 2206 ·
1378 2173 1515 2227 ἀλλά
1558 2173 1670 2227 τῶν
1720 2175 1821 2244 μὲν

235 2262 528 2332 δογμάτων
564 2260 735 2313 πολλά
775 2260 998 2324 ἔπαυον,
1031 2258 1121 2312 τὸν
1146 2258 1204 2310 δὲ
1228 2256 1366 2311 Θεὸν
1399 2256 1491 2310 τὸν
1523 2256 1822 2327 νομοθετή-

237 2363 414 2401 σαντα
439 2347 761 2415 προσκυνεῖν
787 2344 1038 2397 ἐκέλευον
1059 2361 1072 2372 ·
1101 2343 1194 2396 καὶ
1219 2342 1489 2410 λέγοντες,
1513 2341 1595 2394 ὅτι
1623 2341 1706 2394 δεῖ
1731 2341 1822 2394 θε-

241 2430 508 2501 ραπεύειν
538 2428 630 2481 τὸν
662 2426 960 2497 νομοθέτην
980 2468 995 2490 ,
1029 2425 1215 2493 ἔλεγον
1239 2441 1255 2456 ο
1298 2425 1390 2496 Μὴ
1424 2425 1598 2478 πάντα
1631 2424 1821 2478 πείθου

234 2510 317 2582 τῴ
343 2510 498 2581 νόμῳ
519 2510 598 2579 τῷ
632 2512 762 2581 παρ’
789 2509 997 2562 ἐκείνου
1025 2509 1257 2573 τεθέντι,
1281 2502 1394 2560 οἷον
1418 2508 1476 2560 ἐν
1513 2506 1592 2577 τῷ
1622 2506 1823 2576 φυλάτο

233 2610 356 2647 τειν
378 2595 443 2667 τὸ
473 2592 740 2647 σάϐϐατον
763 2593 797 2663 ἢ
823 2591 1122 2662 περιτομὴν
1147 2592 1336 2662 τηρεῖν
1365 2589 1398 2660 ἤ
1434 2589 1625 2653 θυσίας
1655 2605 1824 2662 προσο

237 2678 403 2745 άγειν
428 2676 464 2747 ἢ
498 2676 626 2730 ἄλλο
647 2693 698 2728 τι
728 2676 836 2728 τῶν
865 2674 1120 2728 τοιούτων
1143 2677 1338 2729 ποιεῖν.
1381 2674 1543 2726 Ὥστε
1575 2673 1635 2726 οὐ
1663 2673 1823 2743 μόνον

233 2763 270 2830 ἡ
304 2759 474 2812 θυσία
506 2759 759 2824 ἐμπόδιον
797 2754 882 2829 ἦν,
915 2757 1051 2810 ἀ).λά
1078 2755 1174 2808 καὶ
1205 2757 1266 2808 τὸ
1308 2755 1398 2808 τὸν
1425 2756 1556 2809 Θεὸν
1579 2773 1820 2826 προσκυ-

235 2845 352 2896 νεῖν
383 2841 503 2915 [60]
527 2842 845 2904 κελεύοντας
868 2881 884 2905 ,
916 2840 1143 2902 πολλοὺς
1171 2839 1280 2892 τῶν
1314 2840 1524 2892 ἐκείνου
1551 2839 1697 2892 λύειν
1732 2857 1822 2892 κε-

237 2925 420 2978 λεύειν
449 2926 665 2996 νόμους.
683 2925 806 2978 Ἐπὶ
833 2924 889 2976 δὲ
907 2923 1016 2976 τῶν
1046 2923 1315 2993 Ἐλλήνων
1339 2921 1549 2993 μεγάλη
1571 2923 1668 2992 τῆς
1692 2939 1822 2975 συν-

240 3007 435 3079 ηθείας
463 3004 532 3078 ἦν
569 3010 604 3079 ἡ
638 3007 916 3080 τυραννίς.

311 3092 378 3158 ζ’.
409 3093 520 3145 Kal
549 3093 658 3164 γὰρ
679 3094 727 3145 εἰ
747 3093 840 3144 καὶ
863 3093 996 3145 δέκα
1012 3091 1149 3144 ἐτῶν
1179 3091 1358 3161 μόνον,
1386 3089 1446 3142 οὐ
1467 3089 1610 3158 λέγω
1630 3089 1822 3160 χρόνου

237 3175 502 3228 τοσούτου
520 3215 536 3240 ,
566 3177 660 3228 καὶ
693 3177 743 3228 εἰ
775 3174 1078 3245 ἀνθρώπων
1118 3173 1332 3242 ὀλίγων,
1356 3173 1417 3224 ού
1447 3173 1591 3240 λέγω
1618 3175 1714 3242 τῆς
1745 3173 1824 3225 οἰ-

240 3263 516 3334 κουμένης
538 3264 778 3335 ἀπάσης,
807 3265 911 3317 ὑπὸ
942 3261 1230 3333 συνηθείας
1263 3258 1822 3332 προκατειλημμένων

241 3346 483 3417 ἐπῆλθον
511 3341 676 3410 οὗτοι,
711 3348 806 3400 καὶ
838 3346 982 3400 οῦτω
1007 3345 1263 3406 δύσκολος
1287 3341 1354 3414 ἦν
1385 3345 1416 3412 ἡ
1453 3342 1782 3413 μετάστασις
1804 3359 1818 3372 ·

238 3431 369 3482 νυνί⁵
409 3429 469 3481 δέ
507 3429 602 3483 καὶ
629 3429 879 3498 σοφισταὶ
917 3428 1013 3482 καὶ
1057 3428 1283 3498 ῥήτορες
1319 3427 1417 3480 καὶ
1457 3426 1695 3496 πατέρες
1729 3426 1824 3478 καὶ

240 3513 470 3567 πάπποι
497 3513 592 3566 καὶ
626 3514 949 3579 ὲπίπαπποι,
977 3516 1072 3566 καὶ
1098 3511 1282 3565 πολλοὶ
1310 3511 1419 3564 τῶν
1445 3511 1652 3564 τούτων
1681 3513 1823 3565 ἀνω-

239 3597 410 3667 τέρω,
442 3599 509 3666 τῇ
545 3596 721 3667 πλάνῃ
753 3591 890 3668 ἦσαν
915 3595 1471 3667 προκατειλημμένοι,
1501 3598 1596 3646 καὶ
1625 3597 1698 3664 γῆ
1730 3597 1826 3648 καὶ

243 3677 486 3734 θάλαττα
522 3679 614 3732 καὶ
635 3680 736 3750 δρη
769 3681 862 3732 καὶ
892 3680 1078 3741 νάπαι,
1116 3679 1210 3732 καὶ
1238 3677 1528 3749 βαρϐάρων
1557 3678 1730 3730 πάντα
1757 3677 1827 3730 τὰ

244 3763 377 3834 γένη
405 3763 502 3816 καὶ
544 3763 812 3834 Ἐλλήνων
834 3763 994 3833 δῆμοι
1017 3763 1236 3826 πάντες,
1262 3763 1356 3816 καὶ
1386 3763 1539 3830 σοφοὶ
1567 3762 1659 3816 ml
1685 3762 1826 3814 ἰδιῶ-

240 3863 356 3910 ται,
384 3848 482 3900 καὶ
513 3849 773 3918 ἄρχοντες
803 3849 896 3901 καὶ
927 3847 1218 3917 ἀρχόμενοι
1237 3886 1253 3911 ,
1297 3847 1390 3898 καὶ
1439 3848 1694 3914 γυναῖκες
1734 3848 1825 3900 καὶ

243 3930 467 4002 ἄνδρες,
513 3933 608 3984 καὶ
636 3931 750 3983 νέοι
777 3931 874 3984 καὶ
903 3930 1176 4000 γέροντες,
1208 3929 1300 3982 καὶ
1337 3929 1592 3982 δεσπόται
1625 3926 1717 3982 καὶ
1747 3931 1824 3982 οἰ-

243 4015 424 4076 κέται,
448 4013 548 4066 xal
566 4014 801 4082 ,γηπόνοι
832 4015 926 4065 καὶ
947 4012 1292 4083 δημιουργοὶ,
1319 4014 1410 4065 καὶ
1439 4013 1488 4065 οἰ
1515 4014 1611 4076 τὰς
1641 4013 1823 4075 πόλεις

245 4097 343 4149 καὶ
378 4098 429 4148 οἱ
461 4095 563 4158 τὰς
597 4095 780 4167 χώρας
813 4095 1088 4158 οἰκοῦντες
1128 4096 1384 4158 άπαντες.
1432 4096 1542 4148 Καὶ
1572 4096 1718 4158 εἰκὸς
1754 4091 1822 4165 ἦν

244 4179 371 4241 τοὺς
406 4180 846 4249 κατηχουμένους
865 4179 1066 4246 λέγειν’
1092 4179 1156 4231 Τί
1180 4195 1311 4231 ποτε
1337 4177 1495 4230 τοῦτό
1518 4180 1668 4245 ἐστι;
1693 4179 1823 4232 πάν-

245 4277 338 4323 τες
363 4263 414 4313 οἰ
441 4261 544 4332 τήν
576 4262 900 4332 οἰκουμένην
935 4259 1210 4324 οἰκοῦντες
1241 4260 1571 4330 ήπάτηνται,
1607 4263 1702 4314 καὶ
1737 4279 1824 4314 σο-

245 4347 434 4413 φισταὶ
477 4346 574 4399 κα)⁸
597 4347 828 4418 ρήτορες
847 4386 862 4410 ,
891 4347 985 4398 καὶ
1016 4346 1292 4414 φιλόσοφοι
1327 4345 1422 4397 καὶ
1455 4348 1788 4414 συγγραφεῖς
1806 4387 1821 4408 ,

245 4429 304 4480 οῖ
330 4445 388 4481 τε
419 4430 688 4500 παρόντες
717 4431 771 4484 οῖ
799 4447 861 4482 τε
899 4430 1006 4500 πρὸ
1032 4429 1225 4481 τούτου
1255 4429 1570 4498 γενόμενοι,
1612 4429 1661 4482 οἰ
1697 4431 1825 4500 περὶ

248 4511 576 4583 Πυθαγόραν
609 4512 703 4566 καὶ
731 4512 1027 4578 Πλάτωνα,
1056 4511 1152 4564 καὶ
1179 4511 1474 4580 στρατηγοὶ
1504 4511 1597 4564 καὶ
1629 4511 1825 4566 ὕπατοι

246 4595 344 4649 καὶ
388 4595 650 4666 βασιλεῖς,
683 4597 778 4649 καὶ
803 4597 850 4647 οί
883 4596 994 4647 τῶν
1034 4593 1244 4647 πόλεων
1291 4595 1349 4659 ἐξ
1391 4595 1564 4665 ἀρχῆς
1609 4595 1825 4648 πολῖται

247 4679 344 4731 καὶ
367 4680 623 4744 οίκισταί,
652 4680 746 4731 καὶ
777 4677 1044 4749 βάρϐαροι
1077 4677 1171 4730 καὶ
1203 4676 1492 4746 Ἕλληνες;
1529 4679 1622 4731 καὶ
1647 4680 1696 4732 οἰ
1721 4679 1824 4732 δώ-

241 4760 377 4814 δεκα
426 4762 596 4824 ἁλιεῖς
648 4763 742 4815 καὶ
801 4762 1116 4833 σκηνοποιοὶ
1171 4759 1262 4813 καὶ
1318 4759 1545 4813 τελῶναι
1607 4762 1825 4816 πάντων

242 4845 469 4898 ἐκείνων
496 4847 607 4898 εἰσὶ
638 4843 966 4916 σοφώτεροις
995 4844 1088 4897 καὶ
1113 4842 1195 4908 τίς
1225 4843 1290 4895 ἂν
1320 4842 1490 4896 ταῦτα
1515 4844 1821 4914 ἀνάσχοιτος

254 4926 392 4978 Ἀλλ’
438 4928 591 4997 ὅμως
633 4928 732 4979 οὒκ
770 4924 923 4979 εἷπον
959 4926 1133 4979 ταῦτα
1157 4968 1172 4989 ,
1205 4927 1304 4978 ούκ
1355 4927 1676 4997 ἐνενόησαν,
1710 4927 1823 4980 ἀλλ’

242 5011 559 5081 ἠνέσχοντο,
584 5012 679 5063 καὶ
705 5010 947 5077 ἔγνωσαν
968 5010 1048 5062 ὅτι
1089 5010 1306 5062 πάντων
1333 5004 1472 5078 ἦσαν
1503 5009 1819 5080 σοφώτερον

239 5092 320 5145 διὸ
351 5095 450 5146 καὶ
477 5095 699 5146 πάντων
729 5094 1061 5163 ἐκράτησαν.
1097 5093 1206 5145 Kal
1235 5092 1321 5145 ἵνα
1352 5091 1528 5160 μάθῃς
1552 5093 1694 5162 πόση
1726 5095 1823 5163 τῆς

242 5177 534 5246 συνηθείας
558 5177 709 5230 ἐστὶν
728 5177 762 5246 ή
787 5179 958 5246 ἰσχὺς,
980 5177 1088 5230 τῶν
1111 5175 1206 5228 τοῦ
1228 5175 1363 5228 Θεοῦ
1387 5177 1826 5245 προσταγμάτων

239 5260 506 5323 πολλάκις
549 5260 849 5330 ἐκράτησε.
897 5259 1006 5312 Kal
1038 5259 1091 5312 τί
1129 5259 1296 5326 λέγω,
1351 5261 1822 5330 προσταγμάτων;

239 5344 420 5397 αὐτῶν
457 5343 563 5412 μὲν
592 5339 685 5396 οὖν
715 5342 827 5394 τῶν
856 5341 1208 5410 εὐεργεσιῶν.
1238 5341 1345 5394 Kal
1375 5343 1482 5411 γάρ
1504 5342 1554 5394 οἱ
1588 5341 1825 5396 Ἰουδαῖοι

245 5430 421 5496 μάννα
467 5427 723 5496 ἔχοντες,
773 5425 1007 5494 σκόροδα
1060 5426 1319 5494 ἐζήτουν,
1373 5426 1466 5479 καὶ
1513 5426 1823 5497 ἐλευθερίας

243 5511 633 5574 ἀπολαύοντες,
661 5511 763 5579 τῆς
787 5508 1033 5570 δουλείας
1064 5509 1365 5577 ἐμέμνηντο
1383 5549 1398 5571 ,
1428 5511 1522 5561 καὶ
1551 5510 1825 5577 Αἴγυπτον

246 5593 484 5664 συνεχῶς
534 5592 840 5665 ἐπεζήτουν
900 5591 986 5645 διά
1039 5591 1139 5662 τήν
1195 5593 1496 5656 συνήθειαν.
1553 5594 1739 5656 Οῦτως
1793 5596 1825 5665 ἡ

243 5680 504 5749 συνήθεια
524 5679 883 5750 τυραννικόνί
921 5675 982 5729 Εἰ
1008 5677 1062 5728 δὲ
1090 5675 1268 5745 βούλει
1295 5677 1383 5727 καὶ
1404 5680 1466 5728 ὲκ
1489 5679 1595 5729 τῶν
1626 5679 1822 5741 ἔξωθεν

247 5763 414 5834 αὐτὴν
455 5765 672 5835 μαθεῖν,
709 5764 931 5830 λέγεται
974 5761 1221 5822 Πλάτων,
1259 5759 1432 5813 καίτοι
1476 5778 1537 5826 γε
1585 5763 1824 5830 ἀκριϐῶς

249 5848 400 5912 εἰδὼς
427 5851 510 5902 δτι
549 5848 728 5920 πλάνη
764 5864 841 5910 τις
875 5838 942 5913 ἦν
971 5845 1034 5899 τὰ
1066 5844 1194 5916 περὶ
1225 5843 1392 5912 θεῶν,
1438 5845 1528 5897 καί
1558 5847 1669 5907 ταῖς
1702 5846 1822 5913 εορη

1933 347 2054 411 ταῖς
2093 348 2190 403 καὶ
2229 352 2344 416 τοῖς
2382 353 2566 419 ἄλλοις
2616 355 2791 411 ἅπασι
2836 361 3280 431 συγκαταϐῆναι,
3325 364 3420 417 ἅτε
3451 367 3518 418 οὐ

1933 431 2246 518 κατισχύων
2278 438 2537 509 συνηθείᾳ
2565 439 2894 511 πολεμῆσαι,
2933 446 3028 498 καὶ
3056 445 3203 516 ἔργῳ
3238 447 3387 518 παρά
3418 448 3516 501 τοῦ

1932 511 2258 597 διδασκάλου
2284 519 2445 574 τοῦτο
2471 522 2680 591 μαθών.
2711 526 2822 579 Kal
2847 526 2958 597 γὰρ
2977 511 3517 594 οὗτοςύποπτευθεὶς

1931 595 2027 647 ἐπὶ
2071 603 2398 682 καινοτομίᾳ
2439 606 2547 658 τινὶ
2592 607 2817 680 τοιαύτη
2841 651 2854 675 ,
2896 595 3147 664 τοσοῦτον
3183 613 3388 682 ἀπέσχε
3418 613 3514 667 τοῦ

1932 681 2280 765 κατορθῶσαι
2309 686 2445 756 ὅπερ
2469 688 2743 754 ἐϐούλετο,
2765 693 2848 745 ὅτι
2875 695 2966 746 καὶ
3003 693 3098 746 τοῦ
3131 696 3230 765 ζῇν
3261 681 3514 761 ἐξέπεσε,

1933 761 2028 847 καί
2046 763 2220 847 ταῦτα
2238 767 2744 840 ἀπολογησάμενος.
2766 776 2971 839 Πόσους
2991 777 3046 830 δὲ
3067 761 3274 830 καὶ-νῦν
3295 778 3514 847 ὁρῶμεν

1930 843 2254 932 ἀνθρώπους
2275 850 2385 904 ἀπὸ
2412 853 2732 926 προλήψεως
2757 858 3156 929 κατεχομένους
3182 862 3240 913 ἐν
3265 843 3512 932 ἀσεϐείᾳ,

1930 927 2023 1011 καὶ
2053 928 2276 997 εὔλογον
2307 933 2406 1002 μὲν
2436 937 2589 990 ούδὲν
2620 938 2844 1009 ἔχοντας
2868 927 3065 1006 εἰπεῖν,
3094 942 3314 996 ἐπειδάν
3340 927 3510 1011 ἐγκα-

1928 1008 2103 1064 λοῖντο
2132 1013 2394 1082 Ἕλληνες
2429 1018 2602 1083 ὄντες,
2639 1008 2882 1092 πατέρας
2910 1023 2968 1076 δὶ
3001 1024 3094 1076 καὶ
3126 1008 3392 1088 πάππους.
3420 1025 3513 1079 καὶ

1929 1093 2285 1162 ἐπιπάππους
2315 1101 2814 1172 προϐαλλομένους;
2848 1107 2944 1159 Διά
2967 1105 3032 1176 δὴ
3062 1106 3220 1161 τοῦτο
3246 1099 3340 1160 καί
3366 1125 3513 1174 τινες

1928 1176 2039 1228 τῶν
2067 1177 2285 1245 ἐξωθεν,
2310 1181 2572 1254 δευτέραν
2601 1186 2763 1253 φύσιν
2781 1187 2880 1258 τὴν
2905 1188 3195 1258 συνήθειαν
3220 1190 3510 1244 ἐκάλεσαν.

1934 1259 2099 1346 Ὅταν
2127 1261 2182 1314 δὲ
2215 1265 2306 1316 καὶ
2340 1267 2398 1318 ἐν
2439 1267 2704 1338 δόγμασιν
2739 1273 2772 1341 ή
2805 1273 3062 1343 συνήθεια
3094 1269 3150 1346 ᾖ,
3189 1272 3510 1343 βεϐαιοτέρα

1929 1344 2159 1411 γίνεται·
2193 1347 2369 1401 πάντα
2403 1351 2512 1418 γάρ
2536 1368 2619 1415 τις
2647 1353 3015 1426 εὐκολώτερον
3043 1344 3348 1426 ἀμείψειεν,
3375 1357 3408 1426 ἢ
3442 1355 3512 1409 τὰ

1931 1427 2060 1497 περὶ
2111 1429 2427 1500 θρησκείας.
2463 1435 2572 1487 Kal
2610 1436 2670 1488 τὸ
2718 1437 3067 1508 αἰσχύνεσθαι
3111 1439 3168 1491 δὲ
3219 1439 3358 1508 μετά
3409 1439 3509 1508 τῆς

1930 1509 2220 1580 συνηθείας
2273 1515 2458 1568 ἰκανὸν
2509 1513 2574 1588 ἦν
2608 1520 2942 1589 ἐμποδίσαι,
2977 1521 3073 1575 καὶ
3116 1521 3178 1574 τὸ
3221 1521 3398 1574 δοκεῖν
3450 1523 3510 1574 ἐν

1929 1592 2141 1664 ἐσχάτῳ
2162 1597 2309 1667 γήρα
2359 1601 2717 1671 μεταμαθεῖν,
2767 1604 2862 1656 καὶ
2897 1603 3048 1673 παρὰ
3091 1605 3198 1657 τῶν
3235 1605 3508 1657 ἀσυνετω-

1926 1675 2122 1760 τέρων.
2155 1680 2262 1732 Kal
2302 1681 2355 1734 τί
2389 1683 2724 1753 θαυμάζεις,
2752 1689 2800 1740 εἰ
2834 1689 2928 1741 ἐπὶ
2955 1689 3134 1760 ψυχῆς
3161 1687 3335 1741 ταῦτα
3371 1705 3508 1758 συμ-

1929 1759 2125 1843 ϐαίνει,
2157 1762 2292 1815 ὅπου
2325 1781 2388 1833 γε
2415 1769 2510 1820 καὶ
2547 1771 2640 1822 ἐπὶ
2671 1770 2922 1839 σώματος
2957 1771 3071 1843 [61]
3092 1759 3350 1843 μεγάλην
3391 1772 3506 1840 ἔχει

1925 1841 2026 1912 τὴν
2061 1845 2216 1913 ἰσχὺν
2259 1847 2291 1916 ἡ
2334 1849 2616 1918 συνήθεια;
2660 1851 2785 1905 Ἐπὶ
2830 1854 2887 1906 δὲ
2917 1841 3024 1906 τών
3057 1841 3376 1907 ἀποστόλων
3413 1853 3508 1904 xal

1926 1925 2113 1998 ἕτερον
2133 1923 2202 1998 ἦν
2225 1929 2595 2004 δυνατώτερον
2622 1935 2824 1990 τούτων
2853 1937 3185 2006 ἐμπόδισμα,
3213 1936 3272 1988 τὸ
3302 1936 3376 2006 μὴ
3407 1935 3504 2004 μό-

1925 2025 2016 2060 νον
2054 2011 2346 2080 συνήθειαν
2384 2016 2634 2085 ἀμείϐειν
2671 2017 2812 2072 οὕτω
2849 2020 3087 2072 παλαιάν
3120 2021 3212 2072 καὶ
3246 2020 3503 2090 ἀρχαίαν,

1925 2091 2062 2145 ἀλλά
2096 2095 2187 2147 καὶ
2220 2097 2361 2163 μετά
2391 2099 2652 2153 κινδύνων
2698 2102 2799 2172 τήν
2833 2105 3166 2172 μετάστασιν
3208 2103 3502 2157 ποιεῖσθαι.

1926 2175 2002 2228 υύ
2030 2175 2140 2246 γὰρ
2177 2179 2367 2244 άπλῶς
2397 2182 2506 2234 ἀπὸ
2539 2184 2828 2253 συνηθείας
2860 2187 2939 2248 είς
2972 2185 3257 2248 συνήθειαν
3287 2179 3500 2250 εἷλκον,

1925 2257 2041 2310 ἀλλ’
2089 2260 2198 2313 ἀπὸ
2237 2263 2525 2333 συνηθείας
2565 2266 2748 2319 άδειαν
2796 2268 3027 2339 ἐχούσης
3074 2270 3154 2331 εἰς
3199 2269 3503 2338 πράγματα

1925 2341 2204 2407 κινδύνους
2230 2345 2619 2401 ἀποτελοῦντα.
2653 2349 2757 2404 Τὸν
2781 2351 2890 2421 γάρ
2921 2351 3244 2404 πιστεύοντα
3273 2351 3379 2403 ἔδει
3409 2351 3500 2403 εύ-

1928 2425 2066 2488 θέως
2098 2426 2464 2496 δημεύεσθαι,
2499 2431 2837 2496 ἐλαύνεσθαι,
2885 2435 3140 2505 πατρίδος
3179 2435 3501 2499 ἐκπίπτειν,

1923 2507 1995 2561 τὰ
2024 2508 2230 2589 ἔσχατα
2276 2513 2506 2581 πάσχειν
2533 2515 2712 2579 δεινά,
2743 2517 2894 2587 παρὰ
2929 2520 3147 2571 πάντων
3188 2516 3500 2589 μισεῖσθαι,

1925 2591 2104 2644 κοινὸν
2122 2588 2261 2646 εἶναι
2283 2594 2541 2664 πολέμιον
2568 2598 2660 2649 καὶ
2686 2598 2834 2661 ἰδίοις
2861 2600 2955 2652 καὶ
2985 2588 3310 2671 ἀλλοτρίοις.
3336 2599 3500 2650 Ὥστε

1925 2675 1974 2726 εί
2003 2675 2098 2727 καὶ
2131 2677 2224 2728 ἐπὶ
2262 2679 2548 2748 συνήθειαν
2590 2680 2819 2734 ἐκάλουν
2849 2682 2956 2735 ἀπὸ
2989 2683 3369 2752 καινοτομίας,
3408 2683 3504 2734 καὶ

1924 2755 2068 2810 οὕτω
2089 2756 2345 2812 δύσκολον
2373 2761 2434 2814 τὸ
2459 2764 2690 2833 πρᾶγμα
2711 2759 2779 2834 ἦν
2799 2779 2814 2794 ο
2835 2766 2969 2817 ὅπου
2999 2766 3055 2817 δέ
3086 2765 3192 2818 ἀπὸ
3216 2763 3504 2831 συνηθείας

1925 2842 2016 2894 ἐπὶ
2040 2844 2420 2913 καινοτομίαν,
2447 2848 2541 2899 καὶ
2565 2847 2740 2901 ταῦτα
2769 2850 2980 2919 προσῆν
3007 2850 3075 2902 τά
3104 2849 3273 2912 δεινὰ,
3315 2848 3505 2917 ἐννόη-

1927 2943 2019 2979 σον
2049 2929 2216 2981 πόσον
2244 2925 2314 3000 ἦν
2344 2929 2403 2982 τὸ
2443 2932 2777 3002 ἐμπόδισμα.
2828 2933 2937 2985 Kal
2968 2934 3077 2986 τῶν
3106 2933 3414 3004 εἰρημένων
3448 2931 3505 2983 δέ

1925 3010 2089 3064 πάλιν
2137 3012 2324 3083 ἕτερον
2369 3013 2471 3068 οὐκ
2528 3015 2749 3070 ἔλαττον
2806 3017 3133 3086 προσέκειτο
3187 3015 3395 3078 τούτοις
3444 3013 3507 3066 τὸ

1927 3094 2115 3147 ποιοῦν
2164 3095 2422 3152 δύσκολον
2479 3098 2578 3170 τὴν
2635 3100 2990 3170 μετάστασιν.
3038 3101 3194 3154 Μετὰ
3244 3101 3353 3171 γάρ
3405 3099 3505 3167 τῆς

1928 3177 2216 3249 συνηθείας
2262 3181 2356 3234 καὶ
2404 3181 2512 3236 τῶν
2558 3182 2840 3247 κινδύνων,
2903 3188 2998 3237 καὶ
3049 3183 3222 3238 ταῦτα
3270 3183 3342 3236 τά
3391 3185 3507 3236 ὲπι-

1924 3264 2181 3334 τάγματα
2207 3264 2586 3338 φορτικώτερα
2628 3263 2696 3338 ἦν
2716 3309 2731 3333 ,
2765 3270 2860 3322 καὶ
2885 3262 2960 3322 ὧν
2989 3269 3221 3338 ἀπῆγον,
3255 3268 3414 3340 ρᾴδιά
3445 3284 3505 3320 τε

1926 3347 2021 3398 καὶ
2068 3345 2286 3401 εὔκολα.
2360 3349 2492 3402 Ἀπὸ
2536 3350 2645 3420 γὰρ
2699 3352 2956 3421 πορνείας
3005 3353 3098 3405 ἐπὶ
3149 3350 3506 3422 σωφροσύνην

1927 3428 2175 3495 ἐκάλουν,
2216 3431 2325 3484 ἀπὸ
2359 3431 2527 3502 μέθης
2557 3433 2650 3484 ἐπὶ
2685 3434 2971 3502 νηστείαν,
3005 3434 3114 3487 ἀπὸ
3146 3435 3380 3502 γέλωτος
3415 3435 3507 3485 ἐπὶ

1925 3511 2138 3582 δάκρυα
2170 3513 2264 3565 καὶ
2296 3513 2606 3577 κατάνυξιν,
2646 3515 2754 3567 ἀπὸ
2790 3515 3098 3579 πλεονεξίας
3137 3517 3229 3568 ἐπὶ
3262 3518 3506 3585 ἀκτήμο-

1929 3595 2116 3664 σύνην,
2145 3595 2253 3647 ἀπὸ
2289 3597 2584 3664 φιλοζωῒας
2617 3597 2709 3648 ἐπὶ
2744 3596 3028 3661 θανάτους,
3066 3597 3174 3650 ἀπὸ
3205 3598 3390 3661 ἀδείας
3415 3597 3508 3650 ἐπὶ

1929 3677 2241 3740 κινδύνουςο
2289 3679 2384 3730 καὶ
2429 3678 2524 3748 τήν
2577 3679 2812 3748 ἐσχάτην
2849 3679 2936 3732 δια
2995 3681 3210 3733 πάντων
3263 3681 3507 3751 ἀπῄτουν

1927 3760 2211 3832 ἀκρίϐειαν
2234 3777 2248 3791 °
2302 3765 2640 3829 Λίσχρότης
2669 3763 2796 3832 γάρ.
2834 3765 2966 3832 φησί
2987 3804 3000 3826 ,
3046 3763 3142 3817 καί
3168 3764 3508 3833 μωρολογία

1928 3845 2024 3898 καί
2054 3847 2414 3912 εὐτραπελία
2425 3845 2512 3915 μὴ
2533 3846 2950 3914 ἐκπορευέσθω
2975 3849 3042 3900 ἐκ
3073 3846 3180 3900 τοῦ
3209 3850 3508 3916 στόματος

1927 3928 2112 3997 ὑμῶν.
2147 3931 2255 3982 Kal
2288 3929 2461 3982 ταῦτα
2492 3930 2677 3998 ἔλεγον
2709 3933 2822 3994 τοῖς
2861 3930 3014 3983 οὐδὲν
3059 3929 3188 3983 ἀλλο
3218 3931 3438 3993 εἰδόσιν,
3469 3930 3503 4000 ἢ

1931 4011 2149 4080 μεθύειν
2178 4013 2272 4065 καὶ
2311 4012 2724 4082 γαστρίζεσθαι,
2770 4015 2884 4076 τοῖς
2926 4013 3118 4083 ἑορτάς
3163 4013 3506 4066 ἐπιτελοῦσιν

1926 4093 2220 4164 οὐδαμόθεν
2272 4095 2495 4148 ἄλλοθεν
2539 4096 2883 4159 συνεστώσας
2927 4096 2959 4166 ἢ
2999 4095 3106 4148 ἀπὸ
3146 4096 3505 4164 αἰσχρότητος

1928 4177 2024 4230 καὶ
2057 4177 2289 4246 γέλωτος
2337 4179 2427 4232 καὶ
2467 4179 2761 4248 κωμῳδίας
2808 4180 3047 4249 ἀπάσης.
3099 4179 3260 4229 Ὥστε
3317 4179 3379 4230 οὐ
3425 4176 3506 4248 τῷ

1929 4260 2217 4330 φιλοσοφία
2260 4257 2400 4316 εἶναι
2429 4262 2498 4315 τά
2531 4264 2833 4332 πράγματα
2855 4302 2869 4325 ,
2902 4261 3132 4330 φορτικά
3160 4255 3228 4329 ἦν
3257 4260 3324 4312 τά
3353 4260 3505 4327 λεγόρ

1931 4361 2068 4414 μενα
2113 4343 2309 4413 μόνον,
2358 4345 2496 4398 ἀλλὰ
2528 4347 2621 4397 καὶ
2659 4345 2735 4413 τῷ
2793 4343 3102 4412 ἀνθρώποις
3148 4341 3402 4407 λέγεσθαι
3447 4342 3506 4393 ἐν

1927 4427 2081 4496 ἀδείᾳ
2118 4429 2372 4496 τραφεῖσι
2412 4428 2513 4495 ,καὶ
2557 4426 2876 4496 αἰσχρότητι
2929 4425 3019 4478 καὶ
3059 4424 3367 4494 μωρολογία
3411 4425 3505 4476 καὶ

1929 4509 2126 4577 γέλωτι
2157 4510 2248 4560 καὶ
2283 4509 2511 4579 κώμοις.
2541 4507 2637 4572 Τίς
2665 4511 2772 4578 γάρ
2798 4508 2904 4561 τῶν
2947 4508 3005 4559 ἐν
3044 4507 3272 4569 ἐκείνοις
3309 4506 3498 4576 βεϐιω⁹

1930 4593 2102 4645 κότων
2149 4591 2382 4658 ἀκούων,
2433 4593 2514 4646 ὅτι
2559 4592 2702 4646 Ἐὰν
2725 4591 2810 4658 μή
2852 4609 2940 4656 τις
2989 4590 3100 4658 ἄρῃ
3135 4590 3354 4643 ἑαυτοῦ
3397 4589 3505 4642 τὸν

1928 4677 2221 4742 σταιιρέν,
2273 4677 2370 4728 καὶ
2429 4676 2820 4742 ἀκολουθήσῃ
2873 4692 2994 4744 μοι,
3052 4675 3161 4726 οὐκ
3201 4673 3330 4726 ἔστι
3383 4690 3502 4741 μου

1928 4758 2116 4824 ἄξιοςο
2151 4760 2266 4822 καὶ,
2310 4760 2391 4811 ὅτι
2416 4761 2537 4812 Οὐκ
2585 4755 2775 4827 ἧ.ἰοον
2793 4757 3014 4822 βαλεῖν
3041 4756 3310 4825 εἰρήνην,
3339 4756 3503 4811 ἀλλὰ

1922 4841 2241 4910 μάχαιραν,
2265 4841 2360 4895 καὶ
2385 4841 2627 4910 διχάσαι
2653 4841 2965 4908 ἄνθρωπον
2989 4841 3141 4894 κατὰ
3161 4839 3267 4893 τοῦ
3282 4841 3503 4907 πατρὸς

1929 4930 2138 4994 αὐτοῦ,
2169 4929 2264 4981 καί
2297 4927 2587 4995 θυγατέρα
2613 4928 2763 4981 κατὰ
2794 4927 2901 4994 τῆς
2922 4927 3146 4996 μητρὸς
3171 4926 3381 4992 αὐτῆς,
3404 4927 3504 4979 οὐκ

1929 5013 1994 5066 ἂν
2027 5013 2331 5081 ὲνάρκησε;
2363 5011 2457 5073 Τίς
2485 5011 2540 5063 δὲ
2579 5011 2814 5076 ἀκούων,
2841 5012 2926 5062 ὅτι
2965 5012 3092 5062 Ἐάν
3131 5011 3206 5079 μή
3247 5027 3331 5070 τις
3370 5011 3503 5060 ἀπο-

1929 5095 2158 5164 τάξηται
2203 5095 2297 5146 καὶ
2337 5093 2483 5162 οἰκία
2526 5095 2619 5146 καὶ
2663 5093 2884 5162 πατρίδι
2925 5093 3016 5145 καὶ
3057 5094 3369 5161 χρήμασιν,
3403 5092 3502 5145 ούκ

1930 5179 2044 5230 ἔστι
2074 5195 2174 5247 μου
2207 5176 2375 5240 ἄξιος.
2411 5177 2512 5228 οὐκ
2541 5177 2606 5229 ἂν
2635 5174 2880 5244 ὤκνησεν
2901 5214 2916 5237 ,
2947 5174 3048 5226 οὐκ
3085 5173 3150 5226 ἂν
3187 5174 3500 5244 ἀπηγόρευ-

1931 5277 2056 5324 σεν;
2101 5260 2240 5313 Ἀλλ’
2269 5261 2418 5327 ὅμως
2451 5259 2510 5309 οὐ
2543 5258 2704 5327 μόνον
2733 5257 2831 5310 ούκ
2859 5256 3103 5327 ἐνάρκων
3123 5297 3137 5322 ,
3170 5257 3288 5308 οὐδὲ
3318 5257 3501 5308 ἀνεδύ-

1928 5364 2049 5400 οντο
2081 5345 2249 5398 ταῦτα
2278 5343 2587 5405 ἀκούοντες,
2622 5341 2756 5394 ἀλλὰ.
2781 5341 3141 5412 προσέτρεχον
3171 5342 3264 5393 καί
3296 5341 3502 5406 ὲπεπήυ

1928 5433 2033 5484 δων
2059 5432 2167 5492 τοῖς
2201 5429 2412 5488 δεινοῖς,
2446 5426 2539 5478 καὶ
2576 5423 2821 5496 ἥρπαζον
2865 5425 2931 5476 τὰ
2983 5423 3396 5490 ἐπιττατόμενα.
3427 5419 3499 5467 Τὸ

1929 5514 1984 5566 δὲ
2016 5510 2255 5572 ἀκούειν,
2280 5510 2359 5562 ὅτι
2384 5509 2590 5570 Παντὸς
2629 5510 2871 5577 ῥήματος
2917 5505 3088 5576 ἀργοῦ
3130 5504 3374 5569 δώσομεν
3404 5498 3494 5546 εύ-

1931 5596 2092 5657 θύνας
2113 5607 2156 5633 ιι·
2189 5595 2299 5656 καὶ,
2345 5593 2405 5644 '0
2438 5593 2738 5661 ἐμϐλέψας
2763 5589 2996 5658 γυναικὶ
3031 5587 3178 5653 πρὸς
3207 5584 3270 5636 τὸ
3301 5581 3499 5631 ἐπιθυ·

1994 5853 2006 5873 ’
2033 5853 2287 5916 ιραείταιιιι·
2315 5853 2458 5905 ἐίκας.
