3954 6130
460 337 677 411 μῆσαι,
707 338 823 409 ἤδη
850 339 1209 413 ἐμοίχευσεν
1229 343 1428 415 αὐτὴν
1466 343 1779 416 ὀφθεῖσαν*
1825 343 1945 410 καὶ,
1997 343 2056 399 '0

463 429 744 502 ὀργισθεὶς
782 430 945 504 είκῆ,
989 434 1070 497 εἰς
1111 433 1335 504 γέενναν
1368 437 1650 502 πεσεῖται,
1676 434 1801 490 τίνα
1845 435 1947 489 οὐκ
1988 433 2057 489 ἀν

463 521 575 574 τῶν
592 521 713 575 τότε
735 522 1113 595 ἀπεσόϐησενς
1147 524 1289 580 Ἀλλ’
1308 527 1460 599 ὅμως
1484 527 1701 591 πάντες
1722 527 2051 601 ἐπέδραμον,

468 612 563 665 καὶ
591 611 776 667 πολλοὶ
812 614 906 668 καὶ
949 614 1090 687 ὑπὲρ
1126 614 1196 670 τά
1237 618 1544 690 σκάμματα
1579 618 1826 689 ἥλλοντο.
1855 618 1925 673 Τί
1963 614 2057 672 οὖν

468 704 667 769 αὐτοὺς
720 707 992 777 ὲπήγετο;
1050 707 1151 762 οὐκ
1207 708 1432 782 εὔδηλον
1479 710 1562 764 ὅτι
1597 712 1631 782 ἡ
1673 710 1904 782 δύναμις
1959 707 2056 763 τοῦ

467 795 904 867 κηρυττομένου;
937 798 1001 851 El
1024 796 1152 870 ξγάρ
1186 799 1261 870 μὴ
1288 799 1446 853 τοῦτο
1479 795 1548 872 ἦν
1570 838 1587 865 ,
1639 799 1956 855 τούναντίον
2000 799 2058 855 δέ

462 877 555 953 ἦν,
599 883 799 938 ἐκεῖνοι
832 884 931 956 μὲν
960 879 1141 953 οὗτοι,
1172 880 1320 942 οὗτοι
1349 887 1407 942 δὲ
1435 884 1579 961 ἦσαν
1606 889 1829 954 ἐκεῖνοι,
1865 885 1954 962 ἆρ’
1990 890 2058 944 ἂν

466 972 688 1027 εὔκολον
728 970 797 1047 ἦν
824 974 970 1046 ἐχειν
1010 977 1105 1032 καὶ
1137 977 1367 1034 ἐλκῦσαι
1398 979 1526 1045 τοὺς
1569 981 2055 1052 ἐναντιουμένους;

466 1065 583 1119 Οὐκ
616 1063 762 1119 ἐστιν
797 1067 999 1123 είπεῖν.

531 1188 603 1251 η’.
633 1176 798 1236 Ὥστε
814 1181 902 1237 δια
919 1181 1139 1239 πάντων
1162 1183 1440 1240 δείκνυται
1459 1184 1581 1241 θεία
1610 1186 1839 1260 δύναμις
1855 1181 1991 1242 οὖσα
2017 1189 2052 1259 ἡ

467 1272 887 1343 κατορθώσασα.
936 1275 1090 1330 Ἐπεὶ
1122 1275 1288 1331 πόθεν
1327 1275 1573 1345 ἔπεισαν,
1613 1278 1738 1332 είπέ
1783 1296 1896 1351 μοι,
1926 1281 2056 1343 τοὺς

462 1360 697 1430 χαύνους
724 1361 839 1437 [62]
872 1364 967 1417 καὶ
995 1365 1123 1429 τοὺς
1152 1364 1535 1437 διαρρέοντας,
1562 1369 1656 1421 ἐπὶ
1696 1368 1788 1423 τὸν
1819 1368 2054 1440 σκληρὸν

462 1452 561 1507 καὶ
599 1454 813 1526 τραχὺν
839 1454 1097 1527 φέροντες
1125 1454 1276 1526 βίον;
1317 1455 1477 1511 Ἀλλά
1506 1459 1575 1512 τὰ
1607 1460 1706 1531 μὲν
1730 1461 2052 1533 παραγγέλ-

465 1561 611 1615 ματα
639 1545 864 1601 τοιαῦτα
882 1562 897 1578 ο
927 1547 1129 1618 ἴδωμεν
1149 1548 1209 1603 δὲ
1237 1551 1449 1621 μήποτε
1474 1549 1535 1603 τὸ
1559 1549 1739 1621 δόγμα
1760 1550 2054 1620 ἐπαγωγὸν

459 1630 550 1707 ἦν.
602 1636 713 1690 Καὶ
757 1636 865 1709 μὴν
920 1639 1015 1692 καὶ
1064 1638 1224 1694 τοῦτο
1270 1642 1455 1696 ἱκανὸν
1505 1636 1574 1714 ῆν
1606 1642 1735 1707 τούς
1788 1643 2053 1708 ἀπίστους

460 1726 826 1799 ἀποσοϐῆσαι.
855 1729 922 1782 Τί
943 1727 1053 1800 γάρ
1081 1729 1269 1802 ἔλεγον
1296 1734 1345 1786 οί
1371 1732 1777 1804 κηρύσσοντες;
1809 1732 1933 1788 Ὅτι
1958 1731 2053 1787 τὸν

456 1819 879 1892 ἐσταυρωμένον
925 1822 1010 1875 δεῖ
1041 1827 1391 1894 προσκυνεῖν,
1426 1824 1523 1878 καὶ
1558 1823 1747 1879 τοῦτον
1782 1824 1915 1880 Θεὸν
1964 1842 2052 1880 vo-

462 1911 678 1983 μίζειν,
704 1914 798 1967 τὸν
827 1916 892 1968 ἐκ
923 1916 1182 1984 γυναικὸς
1221 1917 1558 1988 γεννηθέντα
1599 1917 1884 1982 Ἰουδαίας.
1937 1918 2052 1973 Καὶ

457 2000 542 2063 τίς
568 2000 635 2055 ἀν
654 2002 868 2068 τούτοις
893 2004 1146 2077 ἐπείσθη,
1181 2007 1257 2077 μὴ
1284 2007 1439 2071 θείας
1466 2007 1755 2079 δυνάμεως
1777 2025 2050 2082 προηγου⁴

460 2092 665 2164 μένης;
702 2093 824 2148 Ὅτι
857 2095 955 2165 μὲν
986 2095 1096 2168 γάρ
1125 2097 1447 2170 ἐσταυρώθη
1479 2098 1574 2152 καὶ
1599 2098 1775 2170 ἐτάφη
1796 2142 1811 2165 ,
1848 2100 2051 2162 πάντες

458 2177 596 2237 εἶδον
614 2201 631 2217 ·
653 2184 736 2239 ὄτι
756 2184 815 2239 δὲ
840 2186 1040 2258 ἀνέστη
1065 2188 1161 2240 καὶ
1183 2188 1404 2259 ἀνῆλθε,
1432 2187 1573 2261 πλὴν
1597 2189 1708 2244 τῶν
1731 2190 2049 2245 ἀποστόλων

456 2274 634 2338 οὐῖεὶς
676 2274 961 2330 ἐθεάσατο.
1009 2277 1151 2331 Ἀλλ’
1184 2278 1544 2349 ἐπαγγελίαις
1577 2280 1779 2345 αὐτοὺς
1809 2282 2044 2353 ἐπῆραν,

457 2365 614 2435 φησι,
640 2366 736 2420 καὶ
772 2365 930 2437 ψόφῳ
964 2368 1230 2438 ῥημάτων
1256 2370 1570 2440 ἠπάτησαν.
1602 2371 1774 2426 Τοῦτο
1811 2373 1910 2445 μὲν
1952 2367 2046 2428 οὖν

454 2457 590 2512 αὐτὸ
643 2457 881 2528 μάλιστα
913 2458 1179 2526 δείκνυσι,
1227 2460 1322 2514 καὶ
1365 2462 1537 2534 χωρὶς
1586 2463 1694 2517 τῶν
1738 2463 2046 2535 εἰρημένων

454 2545 735 2614 ἁπάντων,
767 2549 848 2603 ὅτι
876 2549 976 2603 οὐκ
1017 2548 1167 2603 ἔστιν
1198 2551 1384 2624 ἀπάτη
1414 2551 1485 2606 τά
1529 2554 1796 2626 ἡμέτερα.
1829 2553 1912 2609 Τά
1944 2554 2045 2625 μὲν

454 2643 564 2714 γὰρ
587 2642 828 2715 δυσχερῆ
850 2641 1031 2696 πάντα
1055 2642 1307 2697 ἐντεῦθεν
1333 2643 1638 2699 συνέϐαινε”
1664 2644 1734 2699 τά
1754 2645 1811 2700 δὲ
1831 2645 2046 2718 χρηστά

456 2734 597 2806 μετά
625 2734 722 2807 τὴν
766 2735 1064 2790 ἀνάστασιν
1113 2736 1551 2805 ἐπαγγείλασθαι
1592 2737 1722 2794 ἔδει.
1767 2738 1910 2793 Αὐτὸ
1942 2739 2044 2811 μὲν

450 2823 547 2881 οὖν
597 2827 756 2881 τοῦτο
802 2827 989 2897 (πάλιν
1019 2827 1131 2898 γὰρ
1183 2827 1315 2899 ἐρῶ)
1368 2827 1610 2883 δείκνυσι
1666 2829 1809 2885 θεῖον
1860 2830 1921 2886 ὸν
1979 2831 2044 2886 τὸ

452 2918 721 2990 ¹ἡμέτερον
749 2919 1038 2990 κήρυγμα.
1070 2917 1171 2972 Διά
1195 2917 1249 2972 τί
1272 2917 1384 2988 γάρ
1408 2920 1599 2991 μηδεὶς
1623 2921 1734 2975 τῶν
1757 2923 2043 2977 πιστευόν-

452 3027 561 3064 των
577 3005 752 3076 εἶπεν,
774 3010 859 3063 ὅτι
877 3009 953 3063 Οὐ
981 3010 1239 3083 πρόσειμι
1254 3010 1376 3064 οὐδὲ
1404 3012 1690 3083 ἀνέχομαν
1715 3013 1786 3066 τά
1799 3012 2040 3086 δυσχερῆ

455 3116 547 3171 μοι
576 3100 811 3154 ἐνταῦθα
836 3101 1102 3167 ἀπειλεῖς,
1134 3101 1230 3156 καὶ
1253 3101 1323 3156 τά
1355 3103 1572 3175 χρηστὰ
1612 3104 1753 3176 μετά
1777 3105 1877 3176 τὴν
1907 3107 2038 3160 ἀνά-

456 3207 646 3245 στασιν
677 3191 1030 3264 ἐπαγγέλλῃ;
1064 3193 1229 3248 πόθεν
1258 3192 1366 3266 γάρ
1404 3195 1584 3267 δῆλον,
1628 3196 1711 3250 ὅτι
1743 3197 2040 3262 ἀνάστασις

453 3282 641 3352 ἐσται;
671 3283 755 3348 τίς
793 3284 901 3340 τῶν
935 3283 1281 3339 ἀπελθόντων
1309 3281 1442 3357 ἦλθε
1468 3303 1483 3354 ;
1517 3288 1600 3352 τίς
1632 3287 1742 3343 τῶν
1771 3290 2039 3361 κειμένων

452 3375 689 3447 ἀνέστης
715 3373 801 3441 τίς
828 3375 1035 3430 τούτων
1058 3370 1182 3429 εἷπε
1209 3378 1262 3430 τί
1293 3376 1446 3432 ἔσται
1496 3379 1637 3451 μετὰ
1661 3379 1758 3453 τῆν
1787 3380 2039 3438 ἐντεῦθεν

452 3466 761 3539 ἀποδημίαν
784 3482 801 3534 ;
842 3465 987 3520 Ἀλλ’
1012 3467 1164 3521 οὐδὲν
1190 3468 1397 3523 τούτων
1427 3469 1530 3525 οὐκ
1553 3472 1869 3544 ἐνενόησαν,
1902 3473 2037 3529 ἀλλά

452 3557 679 3621 καὶτὰς
716 3556 897 3629 ψυχάς
937 3557 1229 3613 ἀπέδωκαν
1278 3560 1419 3633 ὑπὲρ
1467 3560 1563 3616 τοῦ
1606 3564 2035 3636 σταυρωθέντος.

452 3649 616 3703 Ὥστε
643 3648 775 3702 αὐτὸ
801 3647 963 3703 τοῦτο
994 3648 1234 3720 μάλιστα
1270 3651 1517 3724 μεγάλης
1540 3652 1829 3726 δυνάμεως
1855 3652 1944 3727 ἦν,
1975 3657 2037 3710 τὸ

451 3739 724 3813 μηδέποτε
762 3739 929 3810 μηδὲν
956 3740 1199 3796 τοιοῦτον
1238 3742 1580 3808 ἀκούσαντας
1612 3745 1809 3817 ἀθρόον
1846 3748 2035 3800 πεῖσαι

449 3831 579 3901 περὶ
612 3829 865 3902 μεγάλων
896 3830 1039 3883 οὕτω
1075 3833 1442 3903 πραγμάτων,
1480 3835 1575 3888 καὶ
1613 3837 2033 3906 παρασκευάσαι

447 3920 522 3974 τὰ
559 3920 658 3990 μὲν
686 3919 923 3991 δυσχερῆ
960 3921 1357 3987 καταδέξασθαι
1384 3926 1479 3977 ἐπὶ
1503 3926 1604 3995 τῆς
1636 3927 1851 3999 πείρας,
1876 3930 1945 3982 τά
1976 3928 2034 3983 δὲ

449 4011 664 4082 χρηστά
698 4013 757 4066 ἐν
783 4012 995 4068 ἐλπίσιν
1024 4012 1189 4085 ἐχειν.
1237 4015 1303 4070 El
1332 4015 1390 4068 δὲ
1438 4018 1685 4087 ἡπάτων,
1723 4020 2033 4078 τούναντίον

446 4102 516 4158 ἂν
553 4103 818 4176 ἐποίησαν
845 4104 1068 4176 μᾶλλον·
1110 4106 1176 4159 τά
1210 4106 1311 4178 μὲν
1337 4107 1548 4179 χρηστά
1583 4110 1832 4165 ἐντεῦθεν
1858 4113 2033 4185 ἐπηγ-

447 4192 721 4263 γείλαντο,
750 4194 819 4248 τά
846 4194 904 4248 δὲ
928 4192 1138 4266 φοϐερά
1165 4196 1428 4267 ἐσίγησαν
1456 4196 1543 4261 ἂν,
1572 4197 1665 4252 καὶ
1693 4198 1760 4252 τά
1787 4201 2031 4272 παρόντα

448 4286 540 4339 καὶ
563 4285 633 4339 τά
664 4284 949 4357 μέλλοντα.
982 4284 1139 4340 Οὕτω
1164 4287 1272 4359 γὰρ
1305 4289 1353 4341 οί
1386 4288 1705 4354 ἀπατῶντες
1738 4290 1834 4345 καὶ
1859 4291 1908 4345 οί
1937 4307 2029 4346 κο-

445 4378 769 4444 λακεύοντες
807 4378 1075 4434 ποιοῦσιν·
1112 4379 1264 4435 οὐδὲν
1292 4382 1467 4455 τραχὺ
1496 4383 1616 4437 οὐδέ
1645 4384 1881 4458 ἐπαχθὲς
1909 4385 2031 4441 οὐδέ

445 4471 703 4541 φορτικὸν
742 4472 1138 4541 προτείνουσιν,
1166 4471 1305 4526 ἀλλά
1331 4475 1643 4530 τούναντίον
1671 4478 1839 4533 ἅπαν·
1870 4477 2030 4534 τοῦτο

446 4557 555 4628 γάρ
585 4558 734 4611 ἐστιν
768 4558 976 4631 ἀπάτη.
1023 4560 1165 4614 Ἀλλ’
1207 4563 1242 4633 ἡ
1271 4560 1449 4628 ἄνοια,
1478 4563 1634 4634 φησὶ,
1667 4565 1777 4620 τῶν
1816 4567 2029 4623 πολλῶν

445 4645 734 4718 πεισθῆναι
764 4646 990 4718 ἐποίησε
1020 4650 1135 4714 τοῖς
1166 4648 1504 4721 λεγομένοις.
1538 4652 1604 4706 Τί
1631 4653 1773 4725 φήςς
1802 4656 1892 4708 ὅτε
1922 4655 2029 4710 ὑπὸ

409 4772 421 4795 ι
446 4737 707 4810 Ἕλλησιν
751 4732 925 4811 ἦσαν,
965 4741 1066 4794 οὐκ
1115 4736 1258 4814 ἦσαν
1297 4742 1538 4815 ἀνόητοι,
1592 4744 1709 4799 ἀλλ’
1752 4746 1841 4799 ὅτε
1890 4747 2027 4820 πρὸς

442 4832 592 4903 ἡμᾶς
624 4831 988 4903 μετέστησαν,
1012 4832 1136 4886 τότε
1164 4834 1385 4907 ἀνόητοι
1416 4837 1673 4908 γεγόνασι
1701 4856 1717 4906 ;
1750 4840 1928 4894 καίτοι
1960 4858 2024 4910 γε

438 4921 544 4977 οὐκ
561 4921 755 4989 ἀλλους
793 4923 1136 4996 ἀνθρώπους,
1158 4924 1281 4978 οὐδὲ
1305 4924 1365 4992 ἐξ
1392 4927 1559 5001 ἄλλης
1581 4932 1906 5005 οίκουμένης
1926 4933 2023 4988 λα·-

442 5013 630 5083 ϐόντες
674 5015 901 5071 έπεισαν
933 5017 982 5070 οἱ
1025 5014 1332 5072 ἀπόστολοι.
1364 5020 1558 5076 Καίτοι
1594 5022 1663 5076 τά
1697 5025 1797 5096 μὲν
1830 5026 2022 5098 Ἐλλή-

440 5122 549 5162 νων
587 5106 775 5173 ἀπλῶς
803 5110 1077 5181 κατεῖχον,
1116 5106 1189 5163 τά
1221 5108 1278 5163 δὲ
1308 5109 1554 5185 ἡμέτερα
1584 5115 1725 5187 μετά
1757 5119 2020 5174 κινδύνων

439 5197 818 5266 κατεδέξαντω
864 5200 1005 5255 ὥστε
1043 5201 1093 5255 εί
1130 5200 1270 5274 μετά
1317 5202 1475 5274 λόγου
1520 5209 1828 5279 κρείττονος
1879 5211 2020 5268 αὐτά

439 5293 714 5362 κατεῖχον,
754 5292 1008 5371 τοσοῦτον
1036 5295 1221 5359 αὐτοῖς
1264 5298 1616 5368 ἐντραφέντες
1660 5301 1850 5371 χρόνον
1874 5346 1888 5368 ,
1919 5305 2020 5358 οὐκ

441 5373 511 5429 ἀν
551 5373 732 5428 αὐτῶν
764 5369 1121 5447 ἀπέστησαν,
1162 5377 1259 5431 καὶ
1302 5381 1538 5448 μάλιστα
1580 5369 1832 5438 ὅτεηούδὲ
1858 5388 2017 5441 ἀκιν-

437 5463 610 5528 δύνως
644 5462 948 5536 ἀποστῆναι
982 5463 1131 5537 ἐνῆν.
1174 5463 1326 5518 Ἐπεὶ
1372 5467 1429 5521 δὲ
1467 5468 1712 5538 ἔγνωσαν
1757 5472 1816 5538 ἐξ
1845 5474 2018 5543 αὐτῆς

438 5559 548 5614 τῶν
583 5556 925 5629 πραγμάτων
956 5556 1053 5629 τῆς
1097 5556 1350 5628 φύσεως,
1381 5560 1462 5613 ὅτι
1492 5561 1663 5629 γέλως
1701 5566 1882 5619 ἐκεῖνα
1926 5567 2019 5620 καὶ

442 5649 637 5718 πλάνη,
668 5645 757 5700 διά
786 5645 944 5699 τοῦτο
992 5645 1089 5700 καὶ
1139 5643 1388 5701 θανάτων
1426 5651 1865 5721 ἀπειλουμένων,
1908 5655 2015 5706 τῶν

439 5738 544 5801 μὲν
574 5734 818 5808 συνήθων
839 5736 1222 5809 ἀπεπήδησαν,
1249 5739 1327 5803 είς
1350 5738 1407 5794 δὲ
1428 5739 1497 5794 τά
1527 5741 1687 5794 καινά
1715 5743 2016 5814 ηὐτομόλη-

436 5842 550 5893 σαν,
580 5826 673 5881 άτε
701 5828 893 5884 τούτου
936 5829 1036 5901 μὲν
1058 5828 1150 5885 τοῦ
1176 5829 1445 5901 δόγματος
1474 5831 1611 5887 κατά
1639 5832 1803 5903 φύσιν
1831 5835 2001 5905 ὄντος,

1147 222 1207 282 S.
1247 224 1536 283 JOANNIS
1572 224 2067 284 Clllt‘SOSTOMI
2097 227 2422 288 ARCHIEP.
2462 227 3020 294 CONSTANTINOP.

3678 258 3745 317 66

2162 344 2380 401 ἐκείνου
2404 347 2463 402 δὲ
2493 347 2647 420 παρά
2685 348 2872 420 φύσιν.
2926 351 3066 411 Ἀλλ’
3105 353 3315 416 οίκέται
3339 396 3354 420 ,
3382 356 3585 427 φησιν,
3608 354 3746 434 ἦσαν

2161 434 2213 487 οί
2242 434 2579 503 πεισθέντες,
2607 438 2704 493 καὶ
2727 443 2989 508 γυναῖκες
3010 443 3107 497 καὶ
3134 442 3313 498 τίτθαι
3340 446 3437 500 καὶ
3466 450 3625 516 μαῖαι
3654 452 3743 508 καὶ

2163 521 2428 594 εὐνοῦχοι.
2455 525 2709 580 Μάλιστα
2753 528 2853 598 μὲν
2887 529 2990 583 οὐκ
3016 529 3124 584 ἀπὸ
3150 531 3359 587 τούτων
3387 536 3520 605 ἡμῖν
3548 539 3582 607 ἠ
3624 539 3741 594 ‘Ex-

2162 613 2366 684 κλησία
2393 616 2695 689 συνέστηκε
2730 620 2913 690 μόνον,
2938 624 3032 676 καὶ
3066 623 3226 678 τοῦτο
3253 625 3415 697 δῆλον
3438 626 3666 683 ἅπασιν·
3694 633 3743 686 εί

2155 702 2212 756 δέ
2260 704 2374 758 ἀπὸ
2407 707 2619 761 τούτων
2648 749 2665 775 ,
2711 709 2872 764 τοῦτο
2907 712 3147 782 μάλιστά
3184 717 3302 769 ἐστι
3347 716 3409 770 τὸ
3444 718 3640 775 ποιοῦν
3685 721 3744 776 τὸ

2155 793 2420 868 κήρυγμα
2451 796 2565 871 [63]
2598 798 2935 870 θαυμαστὸν,
2969 804 3054 858 ὅτι
3091 805 3318 860 τοιαῦτα
3352 807 3625 880 δόγματα,
3656 807 3741 867 οἷα

2155 884 2384 941 Πλάτων
2421 888 2525 942 καὶ
2571 890 2623 943 οἱ
2659 893 2783 945 κατ’
2817 893 3025 948 ἐκεῖνον
3074 895 3175 950 οὐκ
3220 898 3449 969 ίσχυσαν
3494 902 3739 975 ἐννοῆσαι

2154 972 2289 1038 ὅλως
2314 984 2354 1042 ⁸,
2391 976 2652 1052 ἐξαίφνης
2695 980 2919 1052 ἴσχυσαν
2949 986 2995 1038 οί
3028 984 3223 1052 ἁλιεῖς,
3250 987 3313 1041 τὸ
3351 990 3573 1046 πάντων
3598 972 3740 1065 ἀμα-

2154 1064 2413 1123 θέστατον
2439 1069 2619 1138 γένος,
2666 1073 2876 1128 πείθειν
2918 1076 3342 1143 καταδέξασθαι.
3373 1082 3510 1136 Οὐδὲ
3552 1064 3663 1158 γὰρ
3693 1086 3739 1141 εί

2155 1159 2453 1231 φρονίμους
2501 1162 2729 1219 ἔπεισαν
2790 1166 2982 1237 μόνον,
3018 1167 3160 1223 οὕτω
3211 1169 3523 1243 θαυμαστὸν
3562 1171 3631 1247 ἦν
3681 1176 3740 1231 τὸ

2152 1247 2396 1316 γεγονός·
2428 1249 2621 1322 ἐπειδὴ
2649 1252 2707 1307 δὲ
2734 1255 2951 1319 οίκέτας
2980 1257 3077 1310 καὶ
3105 1257 3295 1324 τίτθας
3327 1263 3422 1315 καὶ
3449 1263 3737 1336 εὐνούχους

2152 1340 2236 1428 είς
2258 1339 2514 1398 τοσοῦτον
2533 1344 2743 1415 ῆγαγον
2764 1347 3102 1419 φιλοσοφίας,
3129 1351 3206 1418 ὡς
3230 1353 3487 1422 ἀγγέλοις
3513 1356 3737 1428 ἐφαμίλ·

2151 1427 2278 1493 λους
2310 1432 2554 1502 ποιῆσαι,
2586 1438 2855 1510 μεγίστην
2874 1439 2974 1511 τῆς
3000 1440 3152 1504 θείας
3177 1443 3443 1514 ἐμπνοίας
3477 1427 3735 1518 παρείχειν

2150 1521 2443 1589 ἀπόδειξιν.
2483 1527 2594 1581 Καὶ
2633 1530 2745 1602 γάρ
2788 1532 2838 1586 εί
2870 1532 2971 1602 μὲν
3011 1533 3206 1604 εὐτελῆ
3249 1552 3372 1590 τινα
3416 1536 3734 1604 ἐπέταττον,

2151 1605 2265 1684 εἶχε
2285 1613 2444 1684 λόγον
2466 1619 2597 1684 ίσως
2614 1621 2676 1674 τὸ
2692 1621 2794 1693 τὴν
2815 1623 3021 1680 τούτων
3043 1624 3215 1679 πειθὼ
3233 1627 3316 1691 είς
3336 1626 3618 1706 ἀπόδειξιν
3638 1629 3734 1699 τῆς

2149 1702 2427 1771 εὐτελείας
2450 1707 2559 1763 τῶν
2584 1709 2896 1783 λεγομένων
2920 1715 3343 1786 προϐάλλεσθαι·
3369 1718 3419 1770 εί
3436 1702 3497 1771 δὲ
3520 1718 3734 1790 μεγάλα

2122 1795 2246 1849 καὶ
2274 1796 2457 1869 ὑψηλά
2483 1801 2577 1855 καὶ
2602 1801 2954 1877 ἀνθρωπίνην
2981 1807 3167 1877 σχεδὸν
3196 1808 3601 1881 ὑπερϐαίνοντα
3630 1810 3733 1880 φύ-

2151 1903 2256 1954 σιν,
2293 1890 2387 1943 καὶ
2425 1890 2639 1962 ὑψηλῆς
2671 1892 2901 1966 δεόμενα
2929 1896 3170 1964 διανοίας
3208 1899 3598 1971 ἐφιλοσόφουν,
3625 1900 3734 1973 ὅσῳ

2150 1977 2218 2033 ἂν
2245 1978 2428 2053 δείξῃς
2447 1982 2713 2054 ἀνοήτους
2736 1985 2866 2050 τοὺς
2897 1988 3242 2056 πεισθέντας,
3267 1992 3508 2062 τοσούτῳ
3532 1992 3733 2064 μᾶλλον

2148 2070 2524 2137 ἀποδεικνύεις
2554 2075 2753 2142 σοφοὺς
2791 2077 2885 2130 καὶ
2929 2078 3080 2143 θείας
3109 2081 3333 2153 χάριτος
3365 2083 3735 2155 πεπληρωμέ-

2150 2175 2274 2224 νους
2300 2162 2428 2225 τοὺς
2463 2164 2781 2229 πείσαντας.
2820 2168 2984 2246 Ἀλλά
3010 2172 3076 2243 τῇ
3107 2171 3382 2246 ὑπερϐολῇ
3412 2174 3524 2229 τῶν
3556 2177 3732 2246 ἐπαγ-

2144 2250 2364 2318 γελιῶν,
2388 2253 2575 2323 φησιν,
2600 2253 2847 2311 ἔπεισαν.
2879 2259 3024 2313 Αὐτὸ
3053 2261 3110 2315 δὲ
3138 2261 3298 2316 τοῦτο
3318 2264 3380 2317 οὐ
3405 2263 3730 2336 θαυμάζεις,

2146 2341 2268 2431 εἰπέ
2317 2357 2430 2412 μοι,
2482 2344 2599 2408 πῶς
2650 2345 2880 2402 ἔπεισαν
2939 2352 3083 2420 μετά
3137 2352 3367 2409 θάνατον
3420 2356 3732 2431 προσδοκᾷν

2146 2430 2357 2488 ἔπαθλα
2389 2437 2484 2489 καὶ
2513 2437 2783 2508 ἀμοιϐάς,
2829 2439 2969 2509 Ἐγὼ
2999 2443 3108 2515 γάρ
3136 2445 3269 2499 αὐτὸ
3298 2446 3459 2500 τοῦτο
3492 2448 3730 2521 ἐκπλήτ-

2144 2540 2333 2596 τομαι.
2395 2526 2556 2580 Ἀλλά
2608 2530 2704 2583 καὶ
2746 2530 2908 2585 τοῦτο
2941 2533 3047 2587 ὑπὸ
3081 2535 3300 2600 ἀνοίας,
3360 2538 3517 2608 φησί.
3560 2539 3730 2605 Ποίας

2145 2616 2352 2681 ἀνοίας,
2390 2618 2515 2671 είπέ
2548 2636 2661 2690 μοι,
2690 2621 2887 2687 ταῦτα,
2922 2624 3006 2677 ὅτι
3041 2625 3075 2696 ἡ
3116 2624 3262 2697 ψυχὴ
3293 2626 3586 2695 ἀθάνατος,
3631 2632 3729 2685 καὶ

2141 2705 2492 2780 δικαστήριον
2517 2710 2813 2766 ἀδέκαστον
2849 2714 2990 2784 μετά
3010 2715 3101 2769 τὸν
3128 2716 3365 2771 ἐνταῦθα
3388 2719 3535 2789 ἡμᾶς
3556 2720 3727 2792 λήψε-

2139 2811 2232 2849 ται
2264 2796 2399 2868 βίον,
2433 2803 2527 2855 καὶ
2557 2801 2790 2868 εὐθύνας
2824 2805 2921 2857 καὶ
2958 2805 3220 2876 ῥημάτων
3253 2808 3348 2862 καὶ
3378 2811 3727 2881 πραγμάτων

2141 2885 2236 2939 καὶ
2282 2887 2499 2942 ἐννοιῶν
2536 2889 2782 2963 δώσομεν
2822 2893 2900 2965 τῷ
2940 2894 3010 2948 τά
3043 2896 3336 2968 ἀπόρρητα
3380 2899 3544 2954 εἰδότι
3579 2901 3721 2975 Θεῷ,

2140 2979 2383 3043 καὶτοὺς
2418 2980 2519 3052 μὲν
2554 2985 2761 3047 κακοὺς
2787 2983 3037 3056 ὀψόμεθα
3067 2987 3489 3060 κολαζομένους,
3508 2992 3639 3058 τούς
3662 2994 3724 3049 δὲ

2139 3072 2378 3142 ἀγαθοὺς
2417 3077 2922 3146 στεφανουμένους;
2964 3074 3151 3133 Ταῦτα
3185 3080 3295 3153 γὰρ
3329 3081 3452 3154 οὐχὶ
3495 3084 3721 3155 ἀνοίας,

2138 3162 2276 3217 ἀλλά
2307 3166 2407 3234 τῆς
2436 3163 2706 3235 μεγίστης
2739 3164 2858 3219 ἐστὶ
2889 3164 2917 3204 b
2943 3166 3286 3239 φιλοσοφίας.

2209 3253 2276 3308 θ’.
2319 3253 2462 3308 Αὐτὸ
2476 3250 2569 3308 οὖν
2596 3255 2775 3322 τοῦτο,
2805 3257 2926 3312 εἰπέ
2964 3275 3076 3328 μοι,
3115 3259 3178 3314 τὸ
3215 3267 3589 3337 καταφρονεῖν.
3610 3268 3727 3325 τῶν

2137 3345 2444 3417 παρόντων,
2479 3346 2538 3398 τὸ
2574 3347 2719 3416 μέγα
2749 3348 2998 3420 νομίζειν
3025 3351 3250 3424 ἀρετὴν,
3282 3355 3342 3408 τὸ
3374 3357 3450 3427 μὴ
3479 3356 3548 3411 τά
3581 3354 3726 3416 ἆθλα

2135 3437 2370 3492 ἐνταῦθα
2390 3436 2599 3509 ζητεῖν,
2613 3438 2755 3493 ἀλλά
2773 3441 3090 3513 περαιτέρω
3110 3446 3361 3517 προϊέναι
3379 3450 3502 3512 ταῖς
3517 3449 3724 3519 ἐλπίσι,

2135 3530 2232 3583 καὶ
2258 3530 2436 3602 ψυχὴν
2470 3530 2644 3597 οὕτως
2679 3530 2899 3588 εὔτονον
2935 3534 3083 3606 ἔχειν
3115 3538 3211 3591 καὶ
3240 3538 3468 3610 πιστὴν,
3502 3541 3580 3605 ὡς
3612 3561 3725 3616 μη-

2134 3622 2249 3677 δενὶ
2273 3623 2384 3676 τῶν
2413 3624 2699 3695 παρόντων
2730 3624 2922 3679 δεινῶν
2948 3627 3089 3699 πρὸς
3119 3628 3220 3691 τάς
3251 3631 3552 3701 μελλούσας
3580 3652 3725 3707 παρ‹

2135 3714 2523 3785 εμποδίζεσθαι
2577 3716 2821 3779 ἐλπίδας,
2874 3717 3050 3788 πόσης
3096 3718 3162 3771 ἂν
3217 3721 3303 3790 εῐη
3362 3722 3722 3795 φιλοσοφίας;

2148 3805 2307 3860 Ἀλλά
2351 3807 2531 3877 βούλει
2574 3809 2668 3861 καὶ
2701 3807 2883 3860 αὐτῶν
2925 3807 3039 3862 τῶν
3085 3809 3430 3878 ἐπαγγελιῶν
3474 3818 3570 3870 καὶ
3612 3818 3725 3872 τῶν

2132 3899 2495 3969 προρρήσεων
2532 3899 2725 3968 μαθεῖν
2767 3899 2866 3969 τὴν
2904 3898 3134 3969 δύναμιν
3154 3939 3169 3966 ,
3200 3905 3295 3955 καὶ
3324 3904 3423 3976 τὴν
3455 3908 3724 3981 ἀλήθειαν

2130 3985 2241 4038 τῶν
2273 3985 2379 4056 πρὸ
2415 3984 2641 4051 τούτων,
2675 3984 2785 4040 τῶν
2816 3989 2955 4059 μετά
3004 3991 3210 4057 ταῦτα;
3254 3993 3363 4046 Θέα
3402 4012 3492 4065 μοι
3530 4000 3723 4070 σειράν

2131 4078 2338 4150 χρυσῆν
2386 4077 2728 4148 πλεκομένην
2762 4080 3024 4147 ποικίλως
3066 4081 3129 4149 ἐξ
3175 4084 3370 4157 ἀρχῆς,
3427 4083 3562 4144 Εἰπέ
3591 4108 3721 4149 τινα,

2130 4170 2317 4233 αὐτοῖς
2355 4168 2485 4243 περὶ
2527 4171 2723 4226 ἑαυτοῦ
2770 4172 2868 4227 καὶ
2912 4175 3043 4247 περὶ
3088 4175 3197 4231 τῶν
3242 4176 3580 4250 Ἐκκλησιῶν
3616 4187 3718 4240 καὶ

2132 4255 2263 4327 περὶ
2309 4254 2419 4311 τῶν
2456 4255 2760 4327 μελλόντων
2803 4261 3172 4331 πραγμάτων,
3207 4262 3304 4317 καὶ
3335 4262 3509 4337 λέγων
3550 4268 3717 4325 ἐθαυ-

2133 4350 2308 4420 ματού
2318 4366 2460 4422 ργει.
2795 4350 2800 4355 ’

2198 4443 2408 4496 Οὐκοῦν
2444 4440 2554 4495 ἀπὸ
2593 4441 2693 4512 τῆς
2724 4440 3005 4509 ἐκϐάσεως
3041 4443 3154 4500 τῶν
3200 4446 3508 4518 είρημένων
3551 4449 3716 4521 δῆλον

2122 4536 2210 4589 ὅτι
2243 4534 2340 4587 καὶ
2368 4534 2437 4587 τὰ
2467 4532 2721 4604 θαύματα
2752 4533 2927 4607 ἀληθῆ
2949 4575 2966 4605 ,
3001 4538 3096 4590 καὶ
3132 4536 3202 4591 τά
3242 4538 3508 4610 μέλλοντα
3537 4542 3715 4612 ἐπηγ-

2132 4627 2386 4698 γελμένα.
2424 4627 2542 4680 Ἵνα
2571 4626 2629 4680 δὲ
2655 4628 2749 4680 καὶ
2776 4627 3111 4700 σαφέστερον
3136 4629 3361 4701 γένηται
3388 4630 3449 4685 τὸ
3472 4631 3712 4706 λεγόμε-

2126 4736 2237 4787 νον,
2254 4719 2341 4771 ἐπ’
2370 4717 2551 4773 αὐτῶν
2571 4717 2706 4773 αὐτὸ
2726 4719 2940 4792 ποιήσω
2953 4719 3060 4774 τῶν
3086 4722 3427 4792 πραγμάτων
3446 4725 3707 4797 φανερόν.

2141 4811 2426 4883 ’Δνέστησε
2470 4810 2565 4865 τὸν
2603 4812 2854 4884 Λάζαρον
2912 4813 3122 4883 ρήματι
3175 4813 3325 4884 μόνῳ
3375 4814 3549 4887 ψιλῷ,
3609 4820 3712 4874 καὶ

2124 4905 2308 4972 ζῶντα
2360 4904 2560 4971 ἔδειξεν
2583 4921 2597 4935 ·
2651 4900 2772 4958 εἷπε
2826 4903 3009 4968 πάλιν,
3060 4905 3141 4959 ὃτι
3186 4907 3383 4962 Πύλαι
3428 4907 3578 4976 ᾅδου
3628 4911 3709 4967 οὐ

2124 4996 2573 5066 κατισχύσουσι
2600 4994 2712 5063 τῆς
2753 4994 3134 5061 Ἐκκλησίαςο
3160 4997 3278 5064 καὶ,
3306 4999 3389 5053 ὅτι
3430 4999 3491 5053 ’0
3518 5016 3706 5057 xam-

2123 5085 2317 5141 λιπὼν
2348 5084 2575 5152 πατέρα
2610 5085 2649 5152 ἢ
2681 5081 2912 5152 μητέρα
2956 5083 3555 5144 ἑκατονταπλασίονα
3583 5091 3702 5161 λή-

2121 5178 2296 5245 ψεται
2328 5175 2397 5229 ἐν
2426 5172 2506 5240 τῷ
2533 5172 2701 5227 αἰῶνι
2730 5172 2939 5238 τούτῳ,
2968 5175 3067 5229 καὶ
3099 5174 3253 5246 ζωὴν
3281 5177 3521 5236 αἰώνιον
3549 5187 3707 5254 κλη-

2102 5266 2465 5336 ρονομήσει.
2507 5263 2718 5318 Οὐκοῦν
2749 5263 2812 5318 τὸ
2844 5265 2941 5335 μὲν
2974 5265 3163 5340 θαῦμα
3190 5269 3269 5337 ἓν,
3303 5271 3365 5324 τὸ
3389 5272 3484 5328 τοῦ
3514 5274 3707 5341 Λαζά-

2121 5375 2219 5430 ρου
2241 5377 2254 5390 ν
2287 5359 2347 5410 αἱ
2378 5359 2437 5411 δὲ
2480 5355 2818 5427 προρρήσεις
2850 5356 2965 5422 δύο,
2999 5360 3034 5429 ή
3074 5362 3172 5432 μὲν
3214 5362 3451 5418 ἐνταῦθα
3479 5364 3701 5420 δεικνυ-

2122 5448 2281 5519 μένη,
2310 5448 2344 5517 ἡ
2368 5447 2424 5499 δὲ
2448 5446 2506 5500 ἐν
2524 5443 2602 5515 τῷ
2625 5445 2896 5517 μέλλοντι.
2917 5449 3115 5503 Σκόπει
3134 5451 3313 5506 τοίνυν
3336 5453 3456 5517 πῶς
3478 5455 3703 5511 ᾶπαντα

2118 5539 2185 5592 δι’
2203 5540 2450 5610 ἀλλήλων
2466 5540 2956 5605 κατασκευάζεται.
2984 5542 3048 5594 Et
3066 5542 3166 5611 μὲν
3183 5543 3294 5615 γάρ
3309 5560 3395 5609 τις
3412 5544 3698 5615 ἀπιστοίη,

2117 5630 2198 5684 ὅτι
2227 5628 2477 5700 Λάζαρος
2508 5631 2707 5703 ἀνέστη
2728 5672 2742 5697 ,
2777 5632 2883 5686 ἀπὸ
2912 5635 3009 5704 τῆς
3044 5636 3401 5707 προρρήσεως
3432 5636 3534 5706 τῆς
3562 5637 3702 5708 περὶ

2181 5787 2400 5853 {Deerat
2423 5788 2562 5853 ὅλως.
2606 5786 2659 5853 Διι
2680 5789 2795 5837 Post
2819 5788 2945 5853 hanc
2970 5799 3139 5853 \gocgrm
3158 5786 3291 5840 addit
3313 5787 3501 5853 Regius
3531 5789 3690 5845 codex

2123 5850 2177 5899 τὸ
2204 5850 2254 5898 δὲ
2290 5849 2511 5898 τάναντία
2537 5850 2714 5899 τούτων
2741 5850 2942 5912 νομίζειν
2976 5848 3149 5907 ἀνοίας.
