3954 6130
208 305 272 373 65
1266 299 1327 353 ΙΝ
1371 295 1631 352 ΕΡ15Τ.Ι
1699 296 1785 348 ΔΙ)

1897 295 1980 348 lll.
2027 293 2236 349 "01m.
2303 295 2411 350 VII.
3413 302 3482 354 66

203 429 312 491 ’ὃδὴ
341 440 453 481 non
475 423 814 488 dubitaverit,
838 435 940 476 non
970 415 1369 489 repudnavcrit?
1389 416 1637 469 Attamen
1667 427 1774 465 non

203 519 360 575 modo
402 533 512 571 uon
544 517 949 586 obtorpuerunt,
985 526 1090 564 non
1121 509 1280 562 modo
1323 521 1428 561 non
1459 512 1783 575 respuerant

206 608 314 662 htec
343 607 662 668 audientes;
694 603 784 657 sed
811 602 970 657 etiam
999 598 1370 663 accurrebant,
1411 606 1465 650 et
1490 593 1559 649 ad
1603 594 1784 663 gravia

203 698 530 762 insiliebant,
567 711 628 750 ac
667 710 786 764 quae
824 692 1270 762 przecipiebantur
1295 687 1640 757 arripiebant.
1673 687 1784 740 Au—

204 789 314 845 dire
341 797 519 843 autem
540 786 694 847 illud.
729 786 802 840 De
827 784 970 837 omni
996 783 1158 836 verbo
1179 783 1353 838 otioso
1379 780 1641 834 rationem
1667 777 1784 832 red-

202 880 360 936 dituri
387 894 571 932 sumus
599 875 814 946 (Matth.
851 874 934 929 12.
961 872 1053 944 56)
1084 888 1099 937 ;
1129 883 1202 936 et,
1235 871 1337 937 Qui
1361 869 1569 938 respicit
1597 866 1783 921 mulie-

201 986 304 1024 rem
332 969 402 1022 ad
433 966 887 1036 concupiscendum
923 981 1055 1028 eam,
1084 964 1201 1033 jam
1243 961 1518 1016 merebatur
1555 967 1626 1014 est
1673 973 1786 1012 eam

206 1063 429 1134 (Matth.
462 1063 517 1117 5.
562 1062 716 1130 28);
761 1068 852 1122 et,
885 1057 999 1124 .Qui
1037 1057 1283 1111 irascitur
1327 1065 1562 1119 temere,
1597 1053 1647 1105 in
1687 1065 1785 1121 ge-

203 1155 431 1211 hennam
459 1153 659 1208 incidet
683 1169 698 1216 ;
725 1165 885 1220 quem
907 1164 1013 1202 non
1043 1147 1308 1216 abegisset
1331 1158 1518 1199 eorum
1540 1141 1631 1210 qui
1661 1152 1787 1196 tunc

201 1245 391 1298 erant?
420 1248 670 1298 Attamen
711 1255 900 1296 omnes
945 1239 1316 1299 accurrebant,
1350 1243 1405 1290 et
1433 1234 1585 1288 multi
1621 1233 1783 1288 etiam

199 1347 348 1405 septa
381 1336 772 1390 trausiliebant.
803 1333 935 1400 Quid
962 1345 1092 1400 ergo
1113 1330 1234 1384 illos
1256 1325 1539 1381 inducebat
1559 1326 1584 1377 Υ
1602 1339 1784 1378 annon

198 1427 367 1482 virtus
393 1427 511 1497 ejus
532 1427 622 1496 qui
656 1425 1057 1496 praedicabatur,
1082 1430 1140 1475 ut
1164 1420 1336 1489 palam
1358 1426 1443 1472 est
1464 1419 1488 1469 γ
1509 1415 1618 1470 Nisi
1640 1415 1784 1470 enim

198 1518 302 1573 hoc
324 1530 472 1573 esset
497 1528 553 1573 et
579 1518 908 1573 contrarium
937 1521 1099 1580 esset,
1121 1524 1177 1567 et
1203 1513 1277 1566 illi
1305 1511 1394 1564 isti
1425 1509 1670 1572 fuissent,
1694 1507 1782 1562 isti

193 1623 330 1663 vero
363 1609 443 1663 illi
468 1625 484 1672 ;
513 1622 580 1661 an
610 1607 802 1661 fuisset
827 1603 977 1660 facile
1008 1612 1365 1672 repugnantes
1391 1597 1636 1654 trahere?
1672 1597 1785 1652 Dici

194 1710 348 1756 certe
371 1699 426 1754 id
456 1714 563 1754 non
593 1708 789 1768 potest.

266 1791 326 1847 8.
372 1790 560 1861 Itaque
596 1805 694 1859 per
734 1789 910 1842 omnia
951 1786 1254 1842 ostenditur
1278 1784 1511 1840 divinam
1537 1784 1785 1838 virtutem

194 1885 367 1940 fuisse
391 1899 514 1954 quae
541 1884 656 1937 lucc
685 1881 926 1951 perfecit.
959 1879 1092 1933 Nam
1121 1878 1280 1943 unde,
1319 1881 1520 1946 quaeso,
1565 1889 1785 1945 persua-

193 1984 384 2030 serunt
428 1974 683 2029 mollibus
712 1971 1176 2035 etdifllueutibus,
1218 1969 1285 2022 ad
1325 1972 1486 2022 vitam
1527 1966 1783 2021 ducentes

195 2068 386 2123 duram
411 2076 464 2121 et
491 2064 779 2134 asperam?
807 2062 911 2118 Sed
940 2071 1202 2132 praecepta
1228 2059 1442 2129 quidem
1480 2056 1780 2126 huiusmodi

194 2171 353 2214 erant
383 2177 396 2213 :
429 2159 708 2214 videamus
738 2165 916 2210 autem
951 2171 1018 2208 an
1053 2154 1243 2224 dogma
1272 2157 1378 2206 vim
1423 2151 1643 2206 haberet
1668 2148 1786 2204 alli-

191 2249 399 2305 ciendi.
433 2250 588 2318 Atqui
616 2247 718 2302 hoc
750 2248 920 2315 ipsum
966 2245 1096 2298 satis
1123 2253 1238 2298 erat
1265 2243 1330 2297 ad
1371 2241 1662 2312 abigendos
1698 2241 1786 2293 in-

195 2342 411 2396 fideles.
469 2339 604 2406 Quid
651 2338 795 2393 enim
842 2337 1091 2390 dicebant
1136 2335 1192 2399 ii,
1241 2332 1331 2403 qui
1385 2330 1785 2402 praedicabant?

191 2433 527 2489 Crucifixum
557 2445 677 2486 esse
707 2428 1038 2484 adorandum
1066 2425 1326 2494 illumque
1357 2425 1519 2478 Deum
1547 2437 1668 2477 esse
1695 2438 1786 2491 pu-

194 2525 447 2587 tandum,
481 2523 568 2590 qui
599 2537 664 2576 ex
711 2505 892 2576 Iudaea
939 2517 1166 2571 muliere
1194 2525 1348 2570 natus
1385 2524 1549 2569 esset.
1589 2515 1785 2583 Ecquis

194 2618 302 2671 illis
333 2615 680 2676 credidisset,
721 2613 820 2666 nisi
857 2619 1103 2664 movente
1132 2608 1310 2662 divina
1355 2607 1592 2662 virtute?
1631 2607 1784 2674 Quod

193 2709 342 2763 enim
379 2704 670 2761 crucifixus
706 2713 759 2757 et
788 2703 1026 2772 sepultus
1053 2700 1260 2767 fuisset,
1288 2714 1478 2754 omnes
1506 2699 1782 2763 sciebant;

193 2799 340 2870 quod
359 2806 542 2852 autem
572 2794 953 2850 resurrexisset
976 2803 1032 2848 et
1057 2791 1408 2857 ascendisset,
1442 2799 1636 2861 przeter
1658 2805 1788 2859 apo-

193 2892 368 2945 stolos
420 2903 582 2943 nemo
617 2887 842 2941 viderat.
885 2887 955 2939 At
993 2883 1272 2954 promissis
1315 2881 1438 2938 illos
1487 2881 1784 2952 erigebant,

196 2983 429 3053 inquies,
464 2990 520 3036 et
558 2979 842 3035 verborum
887 2992 1022 3033 sono
1064 2977 1414 3048 dceeperunt.
1461 2976 1572 3030 Hoc
1610 2977 1782 3045 ipsum

194 3090 327 3129 vero
358 3073 592 3127 maxime
639 3070 878 3126 ostendit
920 3078 1118 3139 prteter
1156 3083 1228 3122 ea
1262 3067 1440 3122 omnia
1488 3082 1606 3137 qua:
1645 3067 1785 3120 dicta

196 3173 344 3226 sunt,
391 3179 481 3218 res
511 3171 723 3216 nostras
763 3179 868 3214 non
900 3175 1024 3216 esse
1067 3159 1343 3212 fallaciam.
1382 3157 1511 3212 Nam
1546 3157 1784 3211 difficilia

195 3257 376 3309 omnia
411 3254 537 3309 hinc
564 3253 917 3316 eveniebant;
957 3250 1107 3304 utilia
1137 3265 1264 3305 vero
1287 3259 1408 3319 post
1429 3250 1784 3304 resurrectio-

198 3364 324 3402 nem
366 3345 605 3415 promitti
634 3343 932 3413 oportebat.
979 3341 1092 3396 Hoc
1131 3342 1304 3412 ipsum
1347 3349 1546 3403 autem,
1591 3341 1786 3393 iterum

197 3441 407 3502 dicam,
427 3438 662 3492 ostendit
682 3434 1108 3505 medicationem
1131 3442 1368 3488 nostram
1388 3433 1620 3487 divinam
1641 3447 1782 3486 esse.

196 3535 310 3588 Cur
337 3533 486 3587 enim
517 3544 674 3585 nemo
699 3528 1022 3582 credentium
1047 3525 1202 3589 dixit,
1228 3524 1342 3579 Non
1369 3525 1589 3589 accedo,
1614 3537 1788 3592 neque

200 3623 342 3679 ferre
366 3636 590 3689 possum
616 3637 631 3676 :
658 3617 890 3673 difficilia
920 3615 1047 3672 mihi
1070 3613 1156 3669 hic
1178 3611 1546 3680 comminaris,
1573 3621 1628 3666 ct
1647 3612 1789 3666 bona

203 3712 325 3773 post
356 3703 808 3760 resurrectionem
851 3702 1152 3772 promittis?
1187 3701 1455 3754 nndenam
1501 3698 1670 3766 liquet
1696 3710 1792 3750 re-

199 3793 593 3848 surrectionem
628 3791 856 3844 futuram
901 3790 1060 3845 €530?
1093 3790 1214 3859 quis
1257 3803 1446 3843 eorum
1490 3787 1577 3855 qui
1606 3786 1792 3840 deces-

197 3891 389 3938 serunt
426 3882 616 3936 venit?
639 3883 758 3953 quis
801 3893 1136 3936 mortuorum
1181 3878 1517 3935 resurrexit?
1544 3878 1664 3948 quis
1695 3877 1794 3930 Ito-

198 3989 316 4028 rum
339 3973 480 4028 dixit
500 3973 629 4043 quid
651 3974 882 4028 futurum
906 3974 974 4028 sit
1000 3981 1123 4043 post
1147 3982 1384 4026 nostrum
1410 3971 1532 4024 hinc
1557 3967 1790 4026 exitum?

201 4065 263 4118 At
302 4063 440 4120 nihil
483 4063 676 4119 horum
720 4063 1054 4135 cogitarunt;
1086 4062 1180 4118 sed
1211 4073 1264 4118 et
1290 4063 1496 4116 animas
1526 4060 1793 4116 dederunt

201 4171 294 4224 pro
344 4153 646 4212 Crucitixo.
695 4155 874 4227 Itaque
918 4157 1021 4212 hoc
1069 4157 1243 4227 ipsum
1287 4156 1535 4211 maxima:
1581 4155 1791 4211 virtutis

199 4257 333 4311 erat,
357 4247 506 4318 quod
533 4263 657 4303 cum
685 4250 813 4304 nihil
847 4249 1040 4304 horum
1071 4264 1322 4320 umquam
1353 4248 1652 4316 audissent,
1674 4256 1790 4304 sta-

203 4337 293 4390 tim
322 4339 392 4394 de
421 4340 586 4394 tantis
615 4341 777 4396 rebus
807 4341 1287 4410 persuaderentur,
1318 4348 1374 4395 et
1402 4352 1523 4395 sese
1566 4354 1793 4410 appara-

204 4439 320 4482 reut
351 4439 406 4482 ut
433 4429 672 4484 difficilia
718 4433 771 4486 iu
822 4433 1250 4501 experimentum
1296 4434 1623 4502 acciperent,
1651 4431 1794 4488 bona

204 4533 332 4572 vero
363 4520 415 4573 in
444 4533 542 4588 spe
568 4520 849 4576 baberent.
880 4521 936 4575 Si
971 4531 1144 4576 autem
1191 4522 1443 4592 decipere
1473 4521 1794 4590 voluissent,

202 4611 533 4664 contrarium
568 4611 760 4667 facturi
811 4621 992 4678 erant;
1027 4614 1111 4667 hic
1141 4613 1279 4667 bona
1322 4614 1714 4683 promisissent,
1740 4621 1796 4667 et

204 4701 465 4756 terribilia
514 4704 840 4773 tacuissent,
891 4712 998 4759 tam
1050 4705 1334 4775 pra-sentis
1382 4722 1538 4776 quam
1596 4706 1790 4760 futura.

204 4792 270 4848 Ita
313 4798 466 4851 enim
515 4796 693 4853 facere
736 4799 916 4855 solent
957 4801 1044 4870 qui
1085 4799 1363 4870 decipiunt
1388 4809 1442 4856 et
1468 4801 1790 4855 adulantur:

202 4887 325 4941 nihil
357 4902 618 4956 asperum
670 4888 864 4943 durum
897 4890 981 4943 vel
1013 4906 1299 4946 onerosum
1347 4901 1670 4960 praponunt,
1700 4895 1794 4946 sed

199 4979 530 5034 contrarium
558 4989 725 5034 totum
748 4997 762 5045 ;
794 4980 911 5035 hate
937 4982 1137 5052 quippe
1163 4980 1372 5037 fallacia
1399 4997 1499 5037 esu
1525 4982 1628 5038 Sed
1659 4983 1796 5036 mul-

201 5081 364 5125 torum
386 5072 656 5135 amentia,
673 5073 905 5140 inquies,
931 5073 1052 5128 fecit
1075 5084 1129 5129 ut
1149 5073 1306 5130 dictis
1329 5073 1486 5128 ﬁdem
1512 5075 1790 5130 haberent.

201 5162 326 5225 Quid
377 5162 562 5217 dicLs?
604 5163 820 5232 quando
873 5165 972 5220 sub
1024 5165 1230 5222 Grmcis
1278 5165 1448 5232 fuere,
1493 5181 1596 5222 non
1644 5176 1798 5222 erant

201 5254 368 5321 stulti;
401 5253 511 5310 sed
541 5256 760 5325 qua’ndo
788 5257 855 5310 ad
891 5272 988 5312 nos
1020 5260 1260 5313 trans'ati
1291 5267 1446 5321 sunt,
1480 5270 1604 5313 tunc
1647 5261 1794 5317 stulti

201 5347 527 5405 evaserunt?
558 5350 718 5420 Atqui
753 5366 862 5405 non
893 5350 1029 5404 alios
1061 5351 1326 5418 homines,
1364 5366 1537 5420 neque
1580 5367 1644 5406 ex
1692 5354 1800 5409 alio

203 5439 320 5494 orbe
334 5440 678 5508 accipientes
698 5441 934 5510 apostoli
958 5440 1022 5494 ad
1049 5441 1200 5495 fidem
1226 5443 1580 5498 deduxerunt.
1601 5444 1801 5511 Quam-

204 5546 346 5600 quam
374 5534 667 5606 gentilium
698 5539 948 5592 instituta
977 5533 1290 5604 simpliciter
1317 5538 1587 5603 tenebant,
1617 5548 1798 5593 nostra

207 5636 319 5678 tero
344 5640 474 5681 cum
505 5626 748 5695 pericqu
774 5635 1134 5695 susceperunt
1162 5641 1178 5680 :
1204 5626 1378 5696 itaque
1401 5631 1444 5684 si
1468 5647 1587 5686 cum
1610 5633 1800 5700 majori

211 5715 396 5771 ratione
428 5715 522 5770 illa
557 5717 889 5780 tenuissent,
912 5731 1032 5771 cum
1065 5725 1214 5773 tanto
1246 5727 1482 5780 tempore.
1505 5723 1555 5776 in
1581 5723 1683 5777 illis
1715 5723 1795 5775 vi-

1893 408 2120 471 xissent,
2146 425 2256 462 non
2279 411 2345 462 ab
2369 410 2472 466 illis
2489 408 2896 474 abscessissent,
2928 424 3049 465 cum
3089 411 3322 464 maxime
3369 430 3472 467 non

1890 503 2092 569 absque
2117 502 2353 570 periculo
2387 504 2680 557 abscedere
2706 513 2945 571 possent.
2979 502 3266 573 Postquam
3295 523 3474 558 ntl'tftll

1889 611 1956 650 ex
1988 595 2101 664 ipsa
2130 610 2307 648 rerum
2344 605 2534 648 natura
2561 604 2950 665 cognoverunt,
2978 596 3200 654 ridicula
3242 599 3326 650 illa
3355 613 3478 652 esse

1890 695 1944 738 et
1973 699 2158 739 errore
2189 685 2379 751 plena;
2411 683 2554 750 ideo,
2577 700 2697 739 cum
2725 685 2889 740 etiam
2920 687 3109 742 mortis
3129 688 3286 743 mina:
3315 689 3480 744 inten-

1893 781 2153 841 tarentur,
2184 789 2214 827 a
2240 775 2512 829 consuetis
2535 776 2860 841 resilierunt,
2889 785 2943 832 et
2970 777 3038 832 ad
3065 793 3200 834 nova
3225 781 3479 851 confuge-

1891 875 2035 932 runt,
2077 876 2261 934 utpote
2307 882 2429 922 cum
2483 867 2584 922 hoc
2637 867 2829 938 dogma
2885 870 3176 925 secundum
3231 882 3474 926 naturam

1889 965 2054 1021 esset,
2084 956 2216 1012 illud
2258 973 2385 1012 vero
2429 968 2625 1026 praeter
2650 968 2914 1014 naturam.
2951 961 3021 1015 At
3048 963 3138 1031 qui
3165 963 3477 1028 credebant,

1892 1046 2116 1115 inquies,
2136 1057 2292 1102 erant
2325 1047 2528 1113 famuli,
2558 1049 2831 1115 mulieres,
2861 1051 3120 1117 nutrices,
3159 1053 3477 1110 obstetrices

1891 1147 1944 1192 et
1967 1138 2218 1193 eunuchi.
2249 1142 2316 1193 At
2345 1154 2448 1193 non
2473 1156 2536 1195 ex
2576 1139 2660 1194 his
2686 1141 2860 1195 solum
2889 1141 3043 1196 nobis
3077 1143 3368 1199 constituta
3396 1154 3480 1200 cst

1890 1228 2150 1292 Ecclesia,
2197 1229 2337 1298 quod
2371 1231 2552 1300 utique
2600 1240 2681 1286 est
2719 1231 2968 1286 omnibus
3010 1233 3350 1289 manifestum
3385 1252 3398 1288 :
3430 1236 3477 1290 si

1891 1327 2070 1372 autem
2113 1318 2182 1372 ab
2225 1317 2329 1381 itis,
2364 1319 2464 1374 hoc
2524 1321 2754 1374 maxime
2813 1320 3248 1390 [medicationem
3301 1323 3475 1377 admi-

1891 1407 2116 1462 rabilem
2160 1408 2373 1474 reddit,
2415 1409 2557 1479 quod
2607 1411 2733 1465 talia
2801 1411 3049 1480 dogmata
3078 1453 3094 1478 ,
3142 1429 3261 1483 qua:
3325 1414 3477 1470 Plato

1894 1509 1950 1557 et
2000 1503 2082 1557 sui
2142 1504 2398 1572 temporis
2455 1505 2545 1558 alii
2613 1505 2921 1575 excogitare
2983 1521 3087 1560 non
3145 1517 3473 1577 potuerunt,

1891 1596 2070 1652 statim
2116 1597 2386 1664 potuerint
2426 1597 2738 1666 piscatores,
2785 1599 3020 1654 omnium
3052 1599 3476 1660 indoctissimutn

1890 1701 2079 1757 genus,
2101 1687 2168 1742 ad
2197 1689 2558 1757 recipiendum
2588 1690 2860 1746 inducere.
2892 1691 3073 1762 Neque
3092 1693 3255 1758 enim,
3278 1695 3322 1749 si
3347 1711 3476 1764 pru-

1891 1777 2140 1832 dentibus
2169 1779 2346 1833 solum
2391 1781 2806 1849 persuasissent,
2851 1781 2987 1836 adeo
3027 1782 3340 1839 admiranda
3389 1801 3478 1840 res

1893 1869 2079 1922 fuisset
2106 1886 2120 1922 :
2149 1883 2270 1923 cum
2298 1885 2428 1923 vero
2468 1869 2714 1937 famulos,
2749 1874 2985 1926 nutrices
3014 1883 3070 1927 et
3096 1875 3373 1929 eunuchos
3409 1877 3476 1931 ad

1893 1969 2094 2014 tantam
2121 1959 2441 2016 deduxerint
2468 1961 2885 2032 philosophiam,
2919 1973 2974 2018 ut
3006 1964 3124 2018 illos
3149 1966 3351 2032 angelis
3380 1981 3477 2036 pa.

1893 2066 1981 2106 res
2009 2052 2256 2117 fecerint,
2291 2069 2535 2123 magnam
2566 2055 2846 2125 prazbuere
2877 2055 3070 2126 divina:
3115 2058 3482 2126 inspirationis

1893 2143 2433 2200 demonstrationem.
2475 2145 2610 2200 Nam
2652 2149 2696 2201 si
2749 2149 2872 2201 vilia
2921 2149 3166 2218 quaedam
3205 2153 3481 2220 prtecepisy

1894 2244 2035 2301 sent,
2068 2244 2213 2290 esset
2257 2236 2395 2292 forte
2437 2239 2630 2291 rationi
2678 2249 3100 2295 consentaneum
3137 2257 3322 2297 eorum
3369 2260 3483 2313 per-

1895 2327 2198 2382 suasionem
2253 2328 2318 2382 ad
2377 2327 2846 2384 demonstrandam
2903 2329 3167 2386 dittorum
3223 2333 3479 2389 vilitatem

1896 2418 2131 2485 proferre
2162 2434 2174 2468 :
2200 2417 2244 2471 si
2271 2427 2448 2473 autem
2490 2435 2678 2488 magna
2705 2430 2759 2474 et
2799 2421 3044 2476 sublimia
3091 2422 3481 2494 humanamque

1897 2517 2138 2561 naturam
2167 2506 2276 2562 fere
2300 2511 2628 2578 superantia,
2652 2525 2772 2578 qua:
2798 2510 3010 2564 sublimi
3041 2523 3216 2566 mente
3238 2528 3372 2582 Opus
3396 2515 3484 2569 ha-

1897 2600 2042 2666 bent,
2075 2601 2623 2671 philosophahantur;
2667 2617 2772 2672 quo
2800 2605 2968 2673 magis
3004 2605 3194 2658 stultos
3231 2607 3484 2664 ostendes

1895 2707 1988 2748 eos
2015 2696 2102 2764 qui
2133 2696 2370 2764 persuasi
2407 2704 2550 2760 sunt,
2599 2710 2664 2750 eo
2707 2697 2874 2766 magis
2918 2698 3187 2766 sapientes
3218 2711 3269 2752 et
3298 2700 3478 2753 divina

1895 2789 2064 2857 gratia
2096 2790 2330 2856 repletos
2368 2788 2620 2843 ostendes
2664 2803 2760 2842 cos
2800 2789 2890 2858 qui
2935 2801 3333 2858 persuaserunt.
3375 2791 3414 2846 S
3446 2793 3480 2846 d

1898 2878 2260 2948 magnitudine
2317 2879 2739 2948 promissorum.
2792 2881 3020 2948 inquies,
3081 2895 3479 2950 persuaserunt.

1899 2969 1978 3021 An
2011 2968 2111 3023 hoc
2151 2969 2322 3038 ipsum
2369 2983 2473 3023 non
2525 2969 2757 3032 miraris,
2803 2970 3074 3038 quomodo
3117 2973 3483 3040 persuasi-rint

1899 3061 2024 3128 illis,
2055 3073 2109 3116 ut
2139 3072 2258 3131 post
2286 3072 2512 3116 mortem
2558 3063 2774 3130 prtemia
2802 3072 2855 3116 et
2890 3063 3166 3118 mercedes
3199 3075 3481 3134 exspecta-

1899 3155 2059 3208 rent?
2091 3155 2198 3222 Ego
2223 3169 2352 3209 vero
2377 3157 2476 3207 hac
2504 3154 2614 3221 ipsa
2655 3152 2722 3205 de
2768 3167 2824 3207 re
2862 3153 3204 3222 obstupesco.
3253 3156 3322 3208 At
3358 3155 3480 3221 hoc,

1900 3245 2127 3314 inquies,
2166 3260 2230 3298 ex
2270 3244 2535 3298 stultitia?
2564 3245 2828 3310 Quanam,
2869 3259 3053 3314 quasso
3097 3254 3178 3308 te,
3232 3247 3478 3311 stultitia,

1897 3336 2036 3406 quod
2068 3335 2244 3389 anima
2277 3335 2590 3388 immortalis
2615 3335 2707 3397 sit,
2738 3343 2792 3388 et
2823 3333 3076 3402 judicium
3118 3337 3480 3406 incorruptum

1899 3435 2020 3493 post
2055 3425 2191 3479 hanc
2238 3426 2394 3478 \itam
2454 3440 2551 3478 nos
2597 3433 2946 3491 excepturum
2977 3434 3082 3488 est,
3140 3434 3194 3477 et
3245 3429 3480 3480 rationes

1901 3517 2205 3577 verborum.
2246 3531 2425 3570 rerum
2471 3524 2525 3569 et
2560 3514 2943 3580 cogitationum
2969 3514 3214 3568 dabimus
3256 3517 3365 3570 Deo
3395 3519 3480 3586 qtti

1901 3604 2047 3658 novit
2070 3619 2288 3667 arcana,
2315 3613 2369 3656 et
2396 3603 2566 3656 malos
2595 3602 2810 3672 quidem
2840 3603 3072 3668 punitos,
3099 3604 3268 3658 bonos
3304 3613 3481 3658 autem

1896 3704 2182 3750 corOnatos
2223 3694 2557 3749 videbimus?
2586 3695 2712 3751 limo
2759 3699 2900 3751 enim
2945 3713 3053 3754 non
3085 3699 3346 3769 stultitiae,
3377 3699 3470 3755 sed

1893 3785 2140 3839 maxima:
2172 3786 2525 3855 philosorthite
2553 3795 2696 3841 sunt.

1963 3875 2015 3929 9.
2050 3875 2159 3929 lloc
2189 3875 2372 3947 igitur,
2405 3876 2489 3932 dic
2535 3878 2690 3948 mihi,
2721 3881 3004 3948 prmseutia
3041 3895 3319 3952 spernere,
3360 3895 3476 3936 ma-

1891 3979 2047 4035 gnam
2096 3979 2208 4018 rem
2257 3979 2379 4020 esse
2431 3966 2682 4023 virtutem
2731 3979 2936 4038 putare.
2969 3986 3076 4024 non
3125 3971 3210 4024 hic
3253 3970 3474 4042 prtemia

1891 4070 2152 4125 quaerere,
2179 4056 2272 4112 sed
2319 4056 2545 4114 ulterius
2589 4073 2686 4128 spe
2733 4061 3001 4131 progredi,
3029 4061 3369 4131 animamque
3398 4060 3478 4114 sic

1891 4157 2227 4202 constantem
2261 4156 2315 4202 et
2357 4148 2412 4202 iu
2443 4147 2546 4203 fide
2592 4149 2802 4204 ﬁrmam
2849 4159 3054 4213 tenere,
3085 4151 3155 4204 ita
3185 4157 3298 4203 uta
3330 4149 3474 4204 nullo

1893 4241 2155 4295 malorum
2186 4241 2532 4311 praesentium
2558 4242 2623 4296 ad
2649 4241 2877 4297 futuram
2917 4258 3069 4310 spem
3111 4242 3472 4312 impediatur:

1893 4331 2026 4397 hac,
2063 4335 2303 4399 inquam,
2349 4342 2562 4398 quanta:
2610 4331 2808 4388 fuerint
2848 4333 3236 4401 philosophia?
3263 4330 3368 4384 Sed
3398 4331 3479 4384 vis

1893 4422 2130 4491 ipsorum
2155 4425 2547 4491 promissorum
2569 4434 2623 4478 et
2651 4423 3056 4493 praedictionum
3083 4424 3189 4477 vim
3213 4422 3478 4489 ediscere,

1893 4527 1947 4572 et
1978 4517 2257 4570 veritatem
2288 4531 2474 4572 eorum
2521 4531 2640 4588 quae
2670 4526 3091 4588 praecesserunt,
3124 4527 3179 4573 et
3207 4532 3326 4589 qua:
3361 4527 3484 4586 post

1897 4609 2067 4663 futura
2091 4610 2254 4665 sunt?
2284 4610 2418 4667 Vide
2445 4611 2574 4666 mihi
2597 4621 2840 4667 catenam
2868 4626 3085 4667 auream
3113 4612 3259 4667 varie
3284 4611 3354 4666 ab
3381 4611 3484 4665 ini-

1896 4702 1970 4755 tio
1999 4716 2318 4758 eonnexam.
2340 4703 2482 4758 Dixit
2511 4703 2617 4760 illis
2646 4705 2888 4775 quatdam
2911 4704 2979 4761 de
2997 4706 3178 4775 seipse
3205 4714 3262 4760 et
3286 4704 3355 4760 de
3383 4703 3486 4760 Ec-

1895 4793 2072 4848 clesiis
2094 4793 2269 4866 deque
2294 4796 2485 4850 tuturis
2517 4796 2710 4863 rebus;
2743 4805 2797 4853 et
2829 4796 2943 4852 haec
2969 4797 3198 4853 dicendo
3226 4797 3480 4852 miracula

1896 4885 2106 4940 edebat.

1968 4976 2154 5031 Christi
2200 4979 2433 5033 doctrina
2474 4989 2520 5034 et
2572 4982 2832 5036 miraculis
2878 4999 2944 5038 ea:
2985 4999 3046 5038 ea:
3094 4982 3483 5052 praedictionum

1897 5078 2074 5122 eventu
2104 5071 2366 5124 asseritur.
2387 5101 2456 5111 —
2476 5073 2552 5127 Ex
2581 5084 2774 5128 eventu
2807 5089 2937 5142 ergo
2967 5090 3176 5138 eorum,
3196 5089 3314 5144 qua:
3343 5089 3484 5144 prte-

1898 5163 2038 5216 dicta
2068 5175 2211 5230 sunt,
2247 5165 2528 5233 perspicua
2563 5177 2685 5219 sunt
2716 5177 2768 5219 et
2800 5167 3050 5219 miracula
3082 5176 3134 5219 et
3162 5165 3333 5222 futura
3363 5183 3483 5238 pro-

1899 5256 2082 5308 missa.
2115 5256 2179 5311 Ut
2212 5265 2388 5310 autem
2419 5257 2619 5309 clarius
2663 5257 2732 5309 sit
2780 5256 2854 5321 id,
2886 5257 3024 5325 quod
3056 5257 3254 5312 dictum
3287 5270 3388 5321 εει,
3421 5275 3484 5313 ex

1900 5347 2032 5415 ipsis
2076 5348 2232 5401 rebus
2284 5348 2410 5401 illud
2457 5348 2840 5418 comprobabo.
2892 5349 3177 5404 Suscitavit
3225 5350 3486 5404 Lazarum

1899 5438 2014 5492 solo
2066 5438 2249 5503 verbo,
2283 5448 2333 5492 et
2382 5439 2560 5492 vivum
2603 5439 2836 5493 ostendit
2870 5439 3042 5493 :dixit
3077 5454 3283 5503 rursus,
3315 5440 3487 5491 Porta:

1898 5531 2050 5601 inferi
2074 5546 2171 5583 non
2201 5531 2544 5600 prmrulebuut
2571 5531 2812 5585 adversus
2837 5530 3117 5584 Ecclesium
3153 5529 3368 5600 (Matth.
3403 5529 3485 5578 l6.

1904 5621 2025 5690 18);
2056 5630 2130 5683 οἱ,
2159 5622 2256 5685 Ωιιὶ
2286 5623 2488 5690 reliquit
2531 5633 2726 5691 patrem
2753 5632 2799 5676 et
2823 5632 3056 5683 matrem,
3081 5616 3370 5682 centuplum
3396 5628 3490 5666 ac-

1902 5713 2048 5780 cipiet
2098 5713 2148 5764 in
2199 5710 2291 5766 hoc
2337 5714 2556 5777 srrculo,
2608 5722 2654 5766 et
2704 5713 2857 5764 vitam
2905 5717 3149 5762 wtcrnmu
3206 5703 3484 5771 possidebit
