3954 6130
463 329 527 386 6⁸1
1200 315 1254 372 S.
1292 309 1568 370 JOANNIS
1604 301 2078 363 CIIRYSOSTOMI
2121 302 2437 360 ARClllEP.
2476 301 3006 361 CONSTANTINOP.
3671 307 3740 364 63

461 437 676 505 (Matth.
709 434 797 490 l9.
821 432 936 501 29).
971 431 1114 499 Ergo
1140 425 1459 482 miraculum
1487 421 1704 493 quidem
1744 428 1825 475 est
1857 432 2044 477 tntum,

463 542 656 599 nempe
673 524 857 581 Lazari
881 540 896 588 ;
919 518 1295 589 praedictiones
1311 529 1440 568 vero
1462 513 1606 577 dum,
1631 525 1856 580 quarum
1878 508 2046 562 altera

464 621 550 675 hic
567 597 777 674 ostensa
791 624 892 678 est,
907 614 1072 668 altera
1091 611 1142 664 in
1160 608 1338 663 futuro
1354 605 1474 660 erit.
1493 601 1786 658 Considera
1799 608 1858 654 ut
1867 597 2049 653 omnia

464 711 604 766 inter
615 726 672 764 se
685 712 990 776 comparata
1009 696 1379 771 probantur.Si
1393 694 1513 766 quis
1523 693 1666 748 enim
1685 705 1791 744 non
1805 693 2051 744 crederet

462 802 772 856 suscitatum
794 797 956 850 fuisse
973 794 1256 855 Lazarum,
1273 805 1338 843 ex
1360 786 1704 858 praedictione
1721 797 1839 852 quae
1855 780 1922 836 de
1945 779 2051 833 Ec-

461 891 621 946 clesia
640 890 778 944 dicta
795 882 896 952 esi,
915 884 1099 940 credat
1113 881 1372 936 miraculo
1393 895 1406 930 :
1428 893 1546 932 nam
1566 875 1707 946 quod
1727 884 1801 928 tot
1813 882 1937 927 ante
1951 886 2048 925 an-

463 1001 558 1036 nos
575 982 886 1051 pra-dictum
904 980 1096 1042 fuerat,
1112 985 1237 1031 tunc
1251 974 1431 1029 evenit
1443 982 1496 1027 et
1511 972 1670 1024 linem
1685 969 1912 1037 accepit.
1925 967 2051 1021 Por-

461 1083 528 1127 tze
551 1074 692 1128 enim
725 1071 878 1126 inferi
897 1069 1154 1124 adversus
1177 1064 1468 1120 Ecclesiam
1501 1074 1606 1115 non
1631 1059 2046 1130 prmvaluerunt.

459 1165 561 1232 Qui
593 1179 722 1232 ergo
748 1163 800 1216 in
830 1159 1180 1232 praedictione
1206 1155 1486 1210 veritatem
1522 1152 1676 1216 dixit,
1709 1150 2047 1221 perSpicuum

462 1265 545 1310 est
570 1253 711 1324 quod
743 1257 904 1307 etiam
935 1247 1248 1304 miraculum
1278 1244 1467 1299 fecerit
1500 1259 1514 1298 :
1545 1241 1636 1312 qui
1667 1256 1792 1295 vero
1823 1239 2048 1293 miracu-

461 1346 572 1399 lum
611 1343 795 1409 edidit,
827 1353 880 1396 et
919 1341 1008 1410 qui
1036 1354 1098 1393 ea
1127 1352 1246 1407 qua:
1275 1336 1483 1390 dixerat
1510 1333 1575 1388 ad
1607 1332 1767 1386 linem
1798 1329 2041 1394 deduxit,

465 1435 634 1503 palam
666 1442 749 1488 est
775 1431 915 1501 quod
943 1429 1101 1484 etiam
1128 1428 1179 1480 in
1208 1424 1555 1496 praedictione
1585 1421 1885 1475 futurorum
1917 1433 2046 1473 vera

459 1524 626 1587 dicat,
659 1537 873 1591 nempe,
919 1518 1224 1585 Centuplum
1253 1515 1481 1584 recipiet,
1525 1522 1572 1565 et
1609 1512 1765 1564 vitam
1807 1519 2049 1562 cateruam

464 1615 734 1686 possidebit
765 1614 828 1679 is,
861 1611 951 1681 qui
994 1604 1273 1678 pnesentia
1315 1604 1560 1672 despicit.
1599 1600 1730 1669 Qua:
1767 1599 1908 1654 enim
1935 1597 2046 1666 jam

465 1705 598 1759 facta
627 1712 683 1758 et
706 1703 845 1756 dicta
871 1709 1013 1764 sunt,
1047 1699 1099 1752 in
1135 1698 1357 1767 pignora
1399 1692 1628 1748 maxima
1674 1689 1822 1744 dedit
1861 1702 2046 1742 eorum

460 1812 579 1866 qua:
607 1805 864 1851 eventura
890 1800 1034 1846 sunt.
1076 1791 1199 1844 Haec
1231 1790 1408 1856 itaque
1435 1784 1616 1839 omnia
1643 1791 1698 1838 et
1739 1780 1824 1835 his
1851 1779 2045 1833 similia

458 1906 525 1945 ex
559 1886 858 1953 Evangeliis
884 1883 1200 1952 colligentes
1231 1878 1362 1948 ipsis
1389 1876 1656 1936 dicamus,
1704 1872 1914 1940 illisque
1952 1883 2046 1923 ora

459 1982 821 2035 ohstruamus.
874 1973 931 2028 Si
983 1973 1105 2042 quis
1145 1983 1274 2025 vero
1318 1965 1516 2022 dixerit
1548 1982 1562 2018 :
1589 1959 1871 2030 Quomodo
1919 1972 2048 2028 ergo

459 2070 676 2125 tandem
717 2081 823 2120 non
867 2064 1164 2128 exstinctus
1194 2059 1290 2114 fuit
1329 2057 1518 2111 error?
1561 2054 1666 2108 hoc
1703 2051 1998 2107 dixerimus
2029 2066 2044 2103 :

463 2164 568 2218 Vos
599 2162 649 2216 in
681 2171 841 2214 causa
869 2156 1021 2220 estis,
1051 2153 1141 2222 qui
1164 2151 1423 2204 adversus
1451 2147 1677 2201 salutem
1707 2150 1938 2197 vestram
1965 2154 2052 2194 se-

458 2255 689 2309 ditiones
725 2246 934 2318 agitatis
966 2261 981 2298 :
1011 2259 1132 2298 nam
1175 2243 1319 2296 Deus
1361 2255 1450 2294 res
1489 2239 1560 2292 ita
1604 2232 1960 2304 dispensavit,
1994 2239 2051 2286 ut

459 2359 528 2398 ne
551 2339 790 2409 reliquiae
836 2335 1051 2406 quidem
1107 2330 1396 2400 impietatis
1444 2336 1715 2382 maneant.
1768 2324 1843 2379 Ea
1891 2338 2041 2392 ergo,

459 2448 578 2502 qua:
604 2431 743 2485 dicta
785 2436 930 2492 sunt,
964 2425 1143 2494 paucis
1175 2431 1503 2490 repetamus.
1543 2417 1796 2484 Quaenam
1827 2425 1910 2470 est
1955 2415 2050 2468 ha-

460 2537 579 2582 rum
625 2533 802 2574 rerum
851 2515 1076 2570 natura?
1113 2528 1236 2568 num
1268 2520 1326 2566 ut
1370 2508 1625 2564 imbecilli
1673 2515 1993 2576 superentur
2019 2520 2048 2559 a

415 2601 418 2604 ’
461 2609 790 2682 potentibus.
820 2623 889 2660 an
917 2603 1119 2660 secus?
1147 2602 1238 2671 qui
1274 2601 1445 2656 facilia
1483 2599 1688 2662 dicunt,
1720 2613 1788 2652 an
1829 2597 1918 2666 qui
1947 2595 2049 2650 dif-

465 2699 725 2755 ficiliora?
754 2698 840 2766 qui
868 2711 989 2751 cum
1017 2693 1266 2764 periculis
1289 2691 1586 2752 attrahunt,
1615 2704 1682 2742 an
1709 2688 1798 2758 qui
1825 2687 2050 2742 secure?

460 2793 548 2864 qui
576 2795 851 2856 innovant,
880 2804 946 2842 an
977 2786 1066 2856 qui
1092 2782 1538 2840 consuetudinem
1579 2780 1787 2833 firmant
1811 2779 1833 2831 ?
1858 2777 1948 2847 qui
1995 2778 2045 2831 in

461 2898 706 2955 asperam
727 2882 869 2935 viam
890 2878 1113 2942 ducunt,
1141 2890 1208 2931 an
1240 2874 1330 2944 qui
1353 2874 1405 2928 in
1437 2869 1692 2927 facilem?
1720 2870 1754 2922 ii
1781 2868 1872 2939 qui
1898 2883 1927 2920 a
1959 2883 2052 2936 pa—

463 2977 580 3031 triis
625 2971 884 3028 institutis
929 2968 1224 3030 abducunt,
1255 2981 1322 3018 an
1369 2962 1404 3018 ii
1447 2961 1538 3032 qui
1582 2975 1686 3015 non
1736 2959 2050 3029 peregrinas

461 3066 608 3136 leges
642 3060 916 3118 statuunt?
945 3059 979 3113 ii
1011 3057 1099 3127 qui
1147 3063 1428 3125 postquam
1460 3051 1586 3106 hinc
1627 3046 2049 3104 abscesserimus

458 3156 639 3214 omnia
669 3153 808 3209 bona
849 3149 1190 3222 pollicentur,
1235 3161 1302 3201 an
1342 3145 1376 3199 ii
1418 3144 1507 3214 qui
1540 3143 1592 3196 in
1639 3141 1893 3211 praesenti
1939 3141 2047 3194 vita

461 3245 781 3304 adulantur?
809 3243 961 3300 multi
991 3256 1021 3296 a
1045 3240 1252 3312 paucis,
1282 3253 1350 3292 an
1373 3236 1526 3308 pauci
1550 3253 1580 3290 a
1608 3234 1828 3289 multis?
1857 3234 1924 3287 At
1954 3247 2048 3287 vos

2152 418 2331 484 etiam,
2363 417 2590 489 inquies,
2621 417 2707 472 hic
2729 415 3065 488 promisistis.
3083 414 3220 482 Quid
3245 413 3330 470 hic
3351 414 3729 484 promisimus!

2151 510 2497 565 Peccatorum
2543 509 2918 564 remissionem
2955 516 3011 562 ct
3052 508 3324 562 lavacrum
3367 508 3736 576 regeneratio-

2152 603 2255 657 nis.
2282 601 2417 656 Vere
2443 601 2661 671 quidem
2693 599 2955 670 baptisma
2984 599 3102 669 plus
3134 599 3294 654 habet
3331 598 3458 654 boni
3496 599 3549 653 in
3589 597 3740 654 futu-

2152 692 2258 746 ris...
2281 693 2346 745 Et
2386 691 2580 745 Paulus
2612 691 2811 745 clamat
2849 690 3034 745 dicens
3066 707 3081 744 :
3113 681 3308 744 H‘ortui
3346 691 3481 744 enim
3519 692 3663 757 estis,
3686 703 3736 749 et

2149 782 2249 834 vita
2275 791 2436 836 vestra
2456 781 2749 835 abscondita
2777 790 2850 833 est
2875 796 2993 833 cum
3015 779 3217 834 Christo
3243 781 3296 834 in
3325 781 3454 834 Deo.
3489 781 3618 836 Cum
3643 799 3739 836 ast-

2151 884 2248 926 tem
2271 874 2369 926 vita
2391 881 2552 927 vestra
2581 873 2906 943 manifestata
2931 872 3103 942 fuerit,
3148 881 3265 926 tunc
3290 882 3338 926 et
3365 889 3450 927 vos
3483 891 3600 927 cunt
3627 877 3756 944 ipso-

2149 965 2458 1035 apparcbitis
2480 964 2533 1018 in
2560 964 2725 1034 glaria
2755 961 2891 1035 (Col.
2921 964 2972 1018 '5.
3000 963 3056 1017 5.
3086 963 3167 1033 4).
3193 962 3251 1018 Si
3275 974 3454 1018 autem
3485 965 3574 1019 hic
3599 980 3733 1034 quo-

2148 1071 2254 1126 que
2278 1055 2436 1110 habet
2464 1055 2625 1118 bona,
2655 1063 2712 1108 ut
2748 1062 2895 1110 certe
2929 1052 3112 1121 habet,
3152 1063 3206 1108 et
3251 1054 3354 1109 hoc
3381 1070 3597 1124 quoilue
3627 1071 3740 1110 ma.

2148 1162 2311 1216 gnum
2341 1155 2424 1200 est
2451 1144 2790 1208 miraculum,
2822 1145 2965 1214 quod
2994 1145 3266 1214 potuerint
3293 1146 3620 1214 persuadere
3649 1146 3734 1212 iis,

2148 1239 2238 1306 qui
2268 1235 2405 1288 mala
2433 1237 2670 1290 fecerant
2697 1234 2997 1301 innumera,
3030 1243 3087 1288 et
3125 1233 3267 1304 quod
3304 1250 3465 1288 nemo
3494 1236 3634 1290 alius
3663 1236 3737 1291 fe-

2149 1338 2316 1390 cerat,
2346 1326 2462 1381 fore
2491 1335 2548 1380 ut
2572 1326 2752 1380 omnia
2771 1324 3137 1389 abluerentur,
3164 1333 3219 1379 et
3246 1326 3442 1380 nullius
3467 1327 3736 1382 scelerum

2150 1436 2369 1475 suorum
2393 1419 2656 1473 rationem
2686 1427 2868 1473 essent.
2891 1419 3171 1473 reddituri.
3202 1419 3382 1488 Itaque
3401 1434 3460 1472 ea
3483 1421 3550 1474 de
3577 1436 3737 1476 causa

2151 1515 2382 1568 maxime
2409 1511 2660 1566 admirari
2701 1511 3003 1580 oportebat,
3047 1509 3191 1580 quod
3225 1509 3466 1564 barbaris
3495 1511 3732 1566 homini~

2150 1603 2249 1659 bus
2275 1603 2659 1676 persuaserint,
2689 1611 2748 1656 ut
2781 1601 2941 1656 talem
2978 1599 3138 1655 ﬁdem
3175 1600 3531 1669 susciperent,
3565 1611 3617 1654 et
3644 1601 3738 1655 bo-

2151 1712 2271 1751 nam
2308 1696 2374 1750 de
2407 1695 2595 1750 futuris
2622 1708 2772 1762 spem
2820 1693 3096 1757 haberent,
3136 1706 3199 1744 ac
3226 1691 3466 1759 deposita
3499 1691 3736 1758 priorum
3801 1727 3816 1745 .

2152 1795 2491 1858 peccatorum
2539 1785 2784 1850 sarcina,
2832 1798 2952 1838 cum
3010 1796 3200 1851 ntagna
3242 1781 3408 1835 animi
3461 1781 3736 1836 alacritate

2149 1880 2343 1936 deinde
2369 1894 2463 1947 pro
2491 1879 2684 1932 virtute
2707 1877 2920 1932 labores
2947 1875 3303 1943 susciperent,
3333 1883 3389 1928 et
3424 1873 3492 1928 ad
3519 1874 3737 1930 sensilia

2151 1973 2296 2026 nulla
2330 1970 2618 2034 inhiarent,
2667 1968 3023 2037 onmibusque
3054 1967 3328 2036 corporeis
3374 1967 3535 2021 rebus
3573 1982 3737 2037 supe~

2151 2063 2322 2117 riores
2351 2060 2544 2124 ell‘ecti,
2575 2060 2867 2130 spiritualia
2894 2060 3200 2129 acciperent
3233 2057 3373 2113 dona
3406 2076 3422 2112 :
3453 2074 3516 2114 ac
3551 2059 3738 2126 Persa,

2151 2153 2416 2218 Sarmata,
2447 2150 2663 2205 Maurus
2703 2157 2760 2205 et
2799 2149 2980 2216 ludus,
3021 2148 3222 2204 scirent
3247 2149 3438 2203 anima:
3477 2149 3742 2216 expiatio-

2152 2258 2296 2309 nem,
2343 2243 2436 2297 Dei
2485 2241 2814 2312 potentiam,
2859 2250 2914 2294 et
2958 2240 3337 2309 benignitatem
3387 2238 3735 2303 ineffabilem,

2153 2335 2272 2389 lidei
2300 2332 2716 2404 philosophiam,
2747 2330 2980 2399 Spiritus
3005 2330 3173 2384 sancti
3198 2328 3506 2392 adventmn,
3544 2345 3738 2398 corpo-

2151 2442 2271 2481 rum
2327 2422 2800 2486 resurrectionem,
2853 2429 2910 2475 et
2946 2421 3066 2473 vita:
3103 2419 3421 2474 immortaus
3465 2420 3737 2488 dogmata.

2153 2519 2276 2573 lle
2305 2515 2503 2586 quippe
2536 2512 2715 2567 omnia
2753 2521 2808 2566 et
2847 2511 2930 2565 his
2963 2511 3111 2580 plura
3155 2509 3505 2564 barbarorum
3543 2525 3741 2579 genera

2153 2610 2444 2679 piscatores
2497 2606 2548 2659 in
2597 2603 2863 2674 baptismo
2913 2602 3183 2673 mysteriis
3231 2602 3526 2668 initiantes,
3565 2603 3741 2671 philo-

2151 2697 2368 2769 sophari
2409 2703 2719 2752 suaserunt.
2750 2693 2876 2748 llzec
2905 2693 3084 2761 itaque
3123 2693 3302 2746 omnia
3337 2701 3587 2746 acetirate
3629 2707 3743 2746 ser-

2149 2803 2359 2855 vantes,
2405 2789 2492 2844 illa
2541 2788 2620 2844 eis
2666 2786 2929 2852 dicamus,
2977 2797 3032 2839 et
3075 2799 3106 2838 a
3156 2784 3260 2838 vita
3305 2799 3517 2853 quoque
3562 2793 3743 2843 nostra

2153 2881 2668 2940 demonstrationem
2725 2892 2942 2932 rursum
3007 2875 3138 2946 ipsis
3184 2873 3579 2938 exhibeamus,
3635 2889 3742 2943 quo

2153 2979 2401 3048 utrinque
2447 2985 2504 3030 et
2551 2989 2649 3027 nos
2690 2972 2920 3026 salutem
2959 2983 3354 3038 consequamur
3396 2977 3452 3022 et
3504 2968 3626 3022 illos
3674 2967 3741 3022 ad

2155 3069 2248 3125 Dei
2272 3067 2494 3139 gloriam
2522 3063 2857 3119 attrahamus
2887 3078 2900 3116 :
2931 3060 3055 3130 quia
3092 3059 3190 3130 ipsi
3221 3067 3302 3115 est
3345 3058 3518 3128 gloria
3559 3059 3615 3114 in
3642 3072 3744 3114 sa:-

2153 3161 2294 3216 cula.
2326 3159 2518 3213 Amen.

467 3347 3738 3402 ________________________________————————————-

1009 3465 1014 3470 '
1851 3434 2198 3495 HOMILIA
2247 3430 2412 3491 Vlll.

474 3596 603 3650 Car.
635 3595 688 3650 3.
719 3608 771 3646 v.
803 3592 854 3646 1.
885 3589 950 3644 Et
989 3604 1115 3660 ego,
1156 3589 1368 3658 fratres,
1411 3599 1514 3637 non
1556 3582 1695 3651 potui
1740 3578 1875 3634 vobis
1917 3575 2053 3646 loqui

536 3694 588 3738 ttt
617 3680 986 3752 spiritualibus,
1014 3677 1102 3732 sed
1129 3686 1180 3730 ut
1207 3674 1515 3738 carnalibus,
1547 3683 1802 3741 tamquam
1824 3667 2051 3739 parvulis

537 3777 589 3827 iu
617 3773 837 3826 Christo.
866 3771 921 3822 2.
957 3768 1059 3820 Lac
1086 3765 1223 3819 vobis
1257 3774 1428 3832 potum
1455 3762 1574 3816 dedi
1592 3803 1608 3828 ,
1637 3771 1681 3813 et
1713 3776 1814 3813 non
1842 3773 2007 3812 escam
2032 3771 2052 3810 :

541 3863 765 3916 nondum
787 3860 916 3912 enim
936 3857 1194 3927 poteratis.
1218 3853 1325 3909 Sed
1349 3870 1409 3907 tte
1427 3868 1557 3906 nunc
1575 3852 1772 3920 quidem
1801 3849 2003 3918 potestis
2029 3864 2046 3901 :

546 3955 714 4007 adhuc
743 3952 873 4004 enim
906 3947 1137 4001 carnales
1161 3946 1296 4000 estis.

543 4049 598 4100 1.
629 4044 761 4098 Cum
810 4049 1088 4095 externam
1138 4034 1458 4105 sapientiam
1491 4031 1817 4088 confutasset
1843 4071 1858 4097 ,
1889 4041 1944 4086 et
1974 4031 2054 4085 fa-

468 4149 610 4195 stum
639 4140 755 4205 ejus
782 4145 998 4188 omnem
1031 4126 1351 4199 dcjccisset,
1391 4125 1455 4179 ad
1488 4123 1628 4178 aliud
1675 4132 2054 4192 argumentum

469 4231 632 4285 venit.
681 4227 812 4283 Nam
862 4222 1156 4278 verisimile
1185 4228 1267 4274 est
1312 4219 1432 4272 illos
1470 4216 1708 4270 dicturos
1753 4215 1954 4269 fuisse:
1999 4214 2055 4268 Si

471 4320 730 4386 Platonis,
758 4324 850 4371 aut
878 4314 1216 4386 Pythagora),
1247 4317 1339 4363 aut
1365 4306 1641 4378 cujusdam
1671 4305 1890 4359 alterius
1921 4304 2057 4374 phi—

471 4411 680 4482 losophi
738 4410 880 4464 dicta
917 4404 1404 4484 annuntiarcmus.
1454 4401 1578 4470 jure
1624 4397 1696 4452 ita
1746 4397 1958 4469 longam
2005 4397 2056 4449 in

473 4521 571 4561 nr-s
611 4503 933 4558 instituisses
961 4499 1299 4554 orationem:
1329 4494 1374 4550 si
1421 4503 1600 4549 autem
1647 4506 1712 4546 ea
1767 4508 1886 4562 qua:
1937 4499 2060 4544 sunt

473 4598 705 4665 Spiritus
734 4593 1112 4648 annuntiamus
1131 4630 1148 4657 ,
1174 4603 1271 4643 cur
1315 4595 1593 4640 externam
1631 4584 1944 4651 sapientiam
1971 4595 2061 4635 sus

475 4689 648 4756 deque
692 4683 913 4740 versas?
957 4680 1238 4750 Quomodo
1269 4686 1446 4731 autem
1493 4674 1596 4729 hoc
1628 4673 1853 4743 repellat
1895 4673 2059 4728 audi:

481 4777 545 4832 Et
585 4793 675 4848 ego
695 4817 710 4842 ,
737 4779 920 4848 fratres
939 4815 952 4837 ,
977 4790 1077 4826 non
1108 4771 1248 4842 potui
1274 4768 1409 4821 vobis
1450 4766 1585 4836 loqui
1613 4775 1664 4818 ut
1690 4763 2058 4833 spirituulibus.

480 4873 623 4927 Sane
643 4869 857 4940 quidem
873 4865 1078 4921 etiamsi
1101 4861 1318 4934 perfecti
1341 4860 1552 4926 essetis,
1576 4859 1768 4928 inquit,
1796 4867 1849 4912 et
1878 4856 1930 4910 in
1955 4856 2063 4926 spi-

484 4965 778 5025 ritualibns,
799 4974 972 5029 neque
993 4957 1072 5012 sic
1094 4963 1366 5026 oporteret
1385 4952 1594 5017 efferri;
1619 4965 1792 5020 neque
1808 4949 1950 5003 enim
1975 4965 2065 5003 ve-

483 5069 588 5112 stra
613 5050 959 5114 annuntiatis,
980 5064 1151 5118 neque
1169 5062 1228 5102 ea
1245 5061 1363 5117 qum
1382 5044 1481 5114 ipsi
1499 5058 1561 5097 ex
1583 5042 1736 5096 vobis
1756 5039 2061 5095 invenistis:

487 5165 623 5204 nunc
651 5159 824 5216 autem
852 5159 1024 5212 neque
1047 5143 1132 5196 illa
1165 5139 1313 5194 scitis
1337 5148 1392 5191 ut
1417 5137 1558 5191 scire
1584 5141 1828 5204 Oportet,
1858 5130 1953 5186 sed
1974 5129 2064 5185 di-

483 5239 673 5308 scipuli
705 5237 836 5291 estis
861 5246 914 5291 et
941 5236 1178 5289 omnium
1210 5227 1488 5308 postremi.
1517 5227 1695 5295 Itaque
1721 5223 1765 5277 si
1791 5222 1858 5276 de
1887 5232 2062 5277 exter-

489 5301 811 5398 na'quidcm
859 5325 1120 5393 sapientia
1161 5324 1324 5376 altum
1370 5301 1588 5388 sapitis,
1631 5316 1741 5386 jam
1787 5314 2064 5382 probatum

487 5431 568 5478 est
593 5419 733 5473 illam
761 5415 895 5471 nihil
919 5429 1040 5469 esse
1061 5454 1074 5476 ,
1099 5413 1190 5467 sed
1220 5423 1270 5465 et
1294 5413 1346 5463 in
1377 5409 1743 5478 spiritualibus
1766 5404 1920 5460 nobis
1943 5418 2063 5458 esse

485 5510 808 5570 contrariam
839 5523 851 5558 :
882 5505 927 5560 si
957 5514 1135 5558 autem
1158 5501 1224 5555 de
1254 5499 1637 5569 spiritualihus,
1665 5498 1715 5550 in
1741 5496 1824 5549 his
1851 5506 2067 5564 quoque

486 5602 629 5672 quod
659 5600 835 5653 minus
870 5605 953 5652 est
985 5593 1191 5648 habetis
1213 5633 1228 5657 ,
1259 5600 1314 5646 et
1348 5590 1487 5642 inter
1515 5587 1732 5640 ultimos
1761 5586 1912 5640 estis.
1943 5583 2068 5636 Ideo

489 5694 599 5756 ait,
631 5689 749 5744 Non
778 5687 914 5758 potui
942 5685 1078 5740 vobis
1107 5681 1241 5750 loqui
1270 5690 1325 5732 ut
1361 5677 1729 5748 spiritualilms.
1761 5676 1875 5729 Non
1905 5673 2066 5734 dixit,

493 5781 609 5839 Non
638 5782 886 5852 loquutus
913 5792 1053 5843 sum,
1078 5789 1143 5829 ne
1170 5773 1441 5828 videretur
1460 5782 1525 5826 ex
1561 5766 1755 5823 invidia
1777 5781 1890 5820 rem
1911 5775 2063 5828 esse;

2171 3573 2264 3628 sed
2296 3569 2577 3642 dupliciter
2607 3569 2819 3625 illorum
2863 3582 3080 3622 sensum
3117 3565 3347 3621 evertit:
3383 3579 3488 3618 uno
3533 3563 3746 3632 quidem

2161 3665 2323 3720 modo
2349 3661 2669 3726 ostendens,
2702 3659 2845 3730 quod
2880 3658 3114 3728 perfecta
3155 3658 3396 3716 nesciant
3417 3671 3432 3718 ;
3455 3656 3631 3709 altero
3659 3670 3750 3708 au-

2167 3769 2309 3820 tem,
2340 3754 2482 3825 quod
2531 3753 2632 3822 ipsi
2665 3752 2717 3804 in
2768 3764 2929 3805 causa
2959 3749 3067 3802 sint
3096 3747 3237 3816 quod
3284 3747 3560 3811 nesciant;
3595 3745 3753 3799 tertio

2162 3847 2320 3902 etiam
2344 3885 2359 3910 ,
2391 3843 2531 3913 quod
2572 3840 2819 3894 ostendat
2856 3838 2979 3892 illos
3019 3851 3086 3890 ne
3133 3849 3271 3889 utmc
3317 3836 3536 3903 quidem
3565 3849 3747 3904 posse.

2163 3935 2294 3990 Nam
2338 3932 2479 4001 quod
2513 3931 2663 3983 initio
2703 3943 2808 3982 non
2843 3926 3148 3997 potuerint,
3184 3939 3248 3978 ex
3282 3933 3470 3977 natura
3521 3924 3754 3979 fortasse

2164 4026 2241 4080 rei
2286 4031 2438 4077 erat:
2472 4034 2792 4091 quamquam
2839 4032 2906 4071 ne
2952 4016 3091 4069 hanc
3135 4014 3350 4084 quidem
3383 4015 3488 4068 illis
3535 4017 3754 4086 reliquit

2166 4115 2552 4171 defensionem.
2593 4110 2710 4164 Non
2740 4110 2881 4164 enim
2913 4107 3040 4162 dicit
3065 4107 3186 4160 illos
3219 4105 3340 4160 ideo
3365 4105 3616 4160 sublimia
3647 4121 3753 4160 non

2172 4207 2509 4276 suscepisse,
2557 4202 2699 4275 quod
2748 4217 2852 4256 non
2900 4208 3116 4270 possent
3153 4196 3456 4266 suscipere,
3503 4197 3597 4251 sed
3630 4197 3753 4266 quia

2166 4298 2410 4355 carnales
2455 4305 2628 4351 erant.
2664 4293 2856 4348 Verum
2887 4292 2937 4344 in
2973 4289 3236 4360 principio
3274 4287 3488 4358 quidem
3521 4287 3600 4342 sic
3642 4304 3750 4342 nun

2168 4390 2359 4445 fuisset
2383 4385 2801 4455 reprehensione
2823 4382 3070 4449 dignum;
3102 4379 3198 4434 sed
3225 4393 3345 4431 cum
3375 4386 3578 4431 tantum
3606 4377 3753 4431 efllu-

2168 4481 2334 4534 xisset
2363 4485 2604 4544 tempus,
2649 4473 2882 4526 nondum
2915 4470 2982 4524 ad
3032 4468 3352 4538 perfectiora
3404 4467 3750 4535 pervenisse,

2170 4571 2220 4625 id
2244 4578 2498 4624 extremae
2525 4573 2640 4620 erat
2670 4563 2915 4635 ignavi:e.
2945 4562 3054 4617 llac
3083 4575 3295 4630 quoque
3315 4557 3382 4614 de
3413 4573 3472 4612 re
3499 4557 3755 4611 Hebraeos

2167 4669 2416 4726 accusat,
2449 4659 2543 4714 scd
2585 4676 2689 4711 non
2720 4673 2841 4712 cum
2885 4664 3032 4710 tanta
3075 4651 3432 4707 vehementia.
3473 4649 3603 4703 Nam
3635 4649 3755 4704 illus

2169 4753 2383 4825 quidem
2410 4751 2539 4805 dicit
2561 4750 2631 4803 ob
2672 4745 3044 4802 tribulationes
3077 4745 3207 4798 tales
3238 4756 3358 4796 esse
3379 4781 3394 4805 ,
3443 4740 3542 4794 hos
3570 4751 3756 4794 autem

2171 4848 2240 4902 oh
2272 4844 2522 4914 nequitia:
2551 4841 2878 4896 desiderium
2905 4857 2918 4891 :
2953 4839 3053 4890 hoc
3083 4845 3260 4889 autem
3295 4845 3345 4888 et
3370 4831 3502 4886 illud
3531 4848 3640 4884 non
3667 4831 3758 4885 in-

2172 4949 2252 4995 ter
2282 4954 2339 4993 se
2369 4937 2514 5009 paria
2546 4944 2686 4991 sunt.
2721 4935 2789 4988 Et
2816 4930 3044 4985 ostendit
3079 4944 3137 4982 se
3168 4929 3289 4982 illos
3331 4926 3544 4997 quidem
3575 4925 3760 4978 iuere-
3789 4980 3798 4984 κ

2173 5045 2317 5102 pare,
2345 5030 2445 5084 hos
2471 5039 2647 5082 autem
2674 5025 2842 5093 magis
2870 5021 3220 5085 excitantem,
3245 5019 3357 5073 iure
3382 5032 3502 5071 cum
3530 5016 3763 5069 veritate

2173 5124 2394 5178 dixisse.
2437 5121 2529 5174 llis
2557 5118 2751 5187 quippe
2795 5113 2951 5180 dicit,
2996 5111 3101 5166 Sed
3141 5127 3299 5179 neque
3329 5124 3462 5162 nunc
3505 5107 3759 5176 potestis:

2174 5215 2280 5270 illis
2332 5221 2548 5266 autem:
2606 5207 2929 5275 Quapropter
2987 5202 3365 5278 intermittentes
3412 5198 3764 5252 incltoatiouis

2177 5306 2362 5361 Christi
2390 5316 2665 5356 sermonem
2685 5339 2700 5363 ,
2731 5297 2799 5350 ad
2843 5296 3196 5365 perfectionem
3237 5294 3466 5362 feramur
3495 5290 3680 5361 (Hebr.
3703 5291 3765 5346 6.

2177 5399 2229 5453 1.
2260 5406 2304 5450 et
2333 5394 2426 5459 9);
2453 5401 2501 5446 el
2536 5404 2748 5444 rursum
2785 5406 2796 5440 :
2843 5386 3156 5452 Conﬁtlimus
3184 5384 3246 5436 de
3289 5382 3427 5436 vobis
3459 5381 3673 5434 meliora
3717 5391 3770 5433 et

2174 5487 2326 5541 saluti
2367 5483 2646 5543 Ita'rentia,
2691 5479 2783 5534 etsi
2822 5484 2893 5533 ita
2935 5479 3205 5546 loquimur.
3241 5475 3304 5528 Et
3343 5472 3611 5542 quoznodo
3643 5487 3769 5537 eos,

2174 5577 2263 5648 qui
2297 5583 2498 5628 tantum
2525 5571 2781 5641 Spiritum
2809 5577 3160 5638 acceperant,
3191 5566 3436 5619 carnales
3485 5561 3730 5630 appellat
3751 5603 3769 5627 ,

2176 5680 2312 5737 quos
2341 5664 2492 5718 initio
2523 5665 2684 5719 tantis
2721 5671 2803 5718 est
2824 5661 3067 5716 laudibus
3096 5655 3490 5728 prosequutus?
3519 5653 3656 5718 Quia
3686 5652 3770 5707 illi

2179 5772 2390 5830 quoque
2416 5756 2656 5812 carnales
2688 5761 2872 5819 erant,
2917 5750 3107 5821 quibus
3146 5749 3275 5805 dicit
3305 5745 3601 5802 Dominus:
3635 5741 3770 5797 Dis-
