3954 6130
465 271 534 329 69
801 261 803 264 ‘
1140 260 1199 317 s.
1240 258 1531 318 JOANNIS
1564 251 2054 313 cnavsosmm
2093 253 2408 309 ARCIIIEP.
2449 252 2979 311 CONSTANTINOP
3648 261 3723 316 το

463 383 601 453 πρὸς
625 381 720 446 οὓς
764 396 927 450 φησιν
953 379 982 433 6
1006 377 1228 449 Κύριος·
1270 375 1558 446 Ὑπάγετε
1583 376 1684 430 ἀπ’
1720 373 1885 443 ἐμοῦ,
1928 374 2040 427 οὐκ

463 462 595 522 οἶδα
619 463 792 534 ὑμᾶς,
821 465 875 516 οί
897 461 1263 530 ἐργαζόμενοι
1293 459 1408 527 τὴν
1425 460 1710 527 ἀνομίαν·
1741 458 1918 510 καίτοι
1949 455 2041 509 καὶ

461 548 723 619 δαίμονας
754 546 1027 611 ἐξέϐαλον,
1059 546 1155 597 καὶ
1181 545 1406 614 νεκροὺς
1435 544 1759 615 ἀνέστησαν,
1791 543 1884 594 καὶ
1907 557 2039 612 11(10-

465 631 694 701 φητείας
745 629 1108 695 ἐπεδείξαντο.
1140 628 1303 680 Ὥστε
1356 627 1470 680 ἔστι
1507 626 1600 680 καὶ
1639 629 1841 696 σημεῖα
1889 625 2046 695 ποιή-

467 731 637 768 σαντα
669 709 807 765 εἶναι
838 709 1118 782 σαρκικόν.
1146 709 1259 765 Καὶ
1296 709 1405 779 γὰρ
1438 707 1516 778 τῷ
1543 707 1769 777 Βαλαάμ
1806 708 2042 777 ἐνήργη-

463 812 554 848 σεν
579 797 608 847 δ
630 795 780 857 Θεὸς.
819 797 913 846 καὶ
936 791 1011 863 τῷ
1048 791 1250 863 Φαραὼ
1292 792 1360 844 τά
1399 790 1664 860 μέλλοντα
1701 789 2038 859 ἀπεκάλυψε,

461 877 555 931 καὶ
587 876 665 947 τῷ
686 875 1179 947 Ναϐουχοδονόσορ,
1221 875 1316 929 καὶ
1356 873 1611 941 Καϊάφας
1644 871 2041 944 προεφήτευσε,

458 963 559 1014 οὐκ
589 958 744 1024 εἰδὼς
777 961 812 1013 a
847 961 1022 1028 ἔλεγε·
1059 961 1154 1013 καὶ
1188 959 1364 1029 ἕτεροι
1399 957 1457 1010 δέ
1492 974 1637 1019 τινες
1678 955 1928 1028 δαιμόνια
1953 957 2042 1020 ἐξ-

460 1043 649 1096 έϐαλον
710 1041 787 1112 τῷ
830 1043 995 1094 αὑτοῦ
1048 1043 1292 1111 ὀνόματι,
1345 1041 1445 1093 οὐκ
1491 1039 1643 1102 ὄντες
1698 1038 1814 1107 μετ’
1851 1039 2038 1102 αὐτοῦ,

457 1126 647 1185 ἐπειδὴ
673 1127 732 1178 06
756 1126 845 1178 διὰ
876 1127 1001 1185 τοὺς
1029 1125 1316 1188 ποιοῦντας
1345 1123 1518 1178 ταῦτα
1553 1123 1782 1192 γίνεται,
1811 1123 1949 1177 ἀλλά
1972 1124 2040 1176 δι’

458 1211 697 1280 ἐτέρους.
729 1210 998 1273 Πολλάκις
1028 1209 1083 1261 δέ
1113 1210 1208 1262 καὶ
1245 1208 1312 1260 δι’
1337 1207 1575 1272 ἀναξίων
1609 1208 1780 1260 ταῦτα
1811 1209 2038 1276 ἐγίνετο.

458 1295 567 1346 Καὶ
599 1293 650 1344 τί
678 1293 1000 1362 θαυμάζεις,
1039 1294 1086 1344 εἰ
1123 1292 1216 1344 ἐπὶ
1239 1291 1450 1360 ἀνδρῶν
1477 1291 1710 1355 ἀναξίων
1731 1291 1798 1344 δι’
1821 1291 2043 1360 ἐτέρους

456 1375 630 1428 ταῦτα
660 1375 889 1441 γίνεται,
927 1375 1059 1426 ὅπου
1089 1391 1152 1442 γε
1183 1373 1276 1427 καὶ
1306 1374 1372 1427 δι’
1407 1373 1613 1442 ἀγίων;
1650 1372 1868 1444 καὶγὰρ
1896 1373 2042 1426 Παῦ-

455 1458 547 1518 λός
589 1473 741 1526 φησι’
797 1455 1002 1509 Πάντα
1044 1454 1210 1525 ὑμῶν
1260 1458 1435 1517 εἰσιν,
1481 1455 1602 1509 είτε
1640 1455 1880 1520 Παῦλος
1920 1457 2042 1509 εἴτε

468 1538 777 1604 Ἀπολλὼς
806 1540 928 1592 εἴτε
955 1538 1183 1608 Κηφᾶς,
1209 1540 1328 1593 εἴτε
1354 1538 1463 1607 ζωὴ
1487 1540 1608 1592 εἴτε
1640 1539 1913 1606 θάνατος·
1947 1541 2042 1593 καὶ

456 1622 638 1684 πάλιν,
675 1623 756 1675 ὃτι
809 1623 1003 1687 Αὐτὸς
1053 1621 1237 1676 ἔδωκε
1281 1623 1418 1688 τοὺς
1468 1622 1588 1691 μὲν
1631 1624 2038 1689 ἀποστόλους,

453 1703 596 1770 τοὺς
615 1703 684 1756 δὲ
705 1704 1036 1771 προφήτας,
1065 1704 1204 1770 τοὺς
1227 1704 1295 1762 δὲ
1320 1705 1610 1773 ποιμένας
1634 1704 1730 1756 καί
1755 1704 2040 1758 6160016-

452 1790 602 1852 λους
665 1788 817 1854 πρὸς
863 1786 1268 1855 καταρτισμὸν
1305 1786 1423 1839 τῶν
1467 1787 1672 1856 ἁγίων,
1723 1790 1809 1852 είς
1863 1787 2041 1860 ἔργον

451 1869 779 1936 διακονίας.
823 1869 974 1922 Ἐπεὶ
1020 1871 1067 1922 εί
1099 1869 1174 1940 μὴ
1205 1869 1362 1923 τοῦτο
1389 1865 1478 1940 ῆν,
1509 1869 1662 1922 οὐδὲν
1703 1868 1768 1922 ἂν
1799 1870 2040 1923 ἐκώλυσε

451 1953 662 2015 πάντας
705 1950 1092 2023 διαφθαρῆναι.
1129 1951 1424 2022 Συμϐαίνει
1467 1952 1575 2021 γὰρ
1619 1952 1885 2022 ἄρχοντας
1939 1953 2038 2022 μὲν

451 2030 592 2087 εἶναι
637 2033 876 2102 φαύλους
932 2034 1027 2086 καὶ
1081 2035 1349 2106 μιαροὺς,
1401 2035 1528 2097 τοὺς
1579 2035 1636 2087 δὲ
1697 2034 2038 2104 ἀρχομένους

451 2118 722 2179 ἐπιεικεῖς
748 2116 844 2168 καὶ
877 2117 1154 2187 μετρίους,
1183 2117 1278 2170 καὶ
1310 2116 1532 2180 λαῖκοὺς
1565 2118 1664 2186 μὲν
1699 2119 1756 2171 ἐν
1784 2117 2037 2188 εὐλαϐείᾳ

452 2199 573 2270 ζῇν,
610 2200 791 2270 ἱερέας
825 2199 880 2250 δὲ
905 2201 963 2249 ἐν
993 2200 1244 2270 πονηρίᾳ·
1274 2200 1367 2252 καὶ
1403 2201 1506 2252 οὐκ
1531 2200 1758 2269 ἔμελλεν
1795 2201 1917 2253 ούδέ
1941 2201 2037 2270 βάο

453 2299 666 2351 πτισμα
694 2279 856 2346 εἶναι,
892 2279 1014 2333 οὔτε
1047 2281 1206 2351 σῶμα
1235 2280 1636 2352 Χριστοῦ,οὒτε
1667 2283 2034 2352 προσφορὰδι⁹

453 2365 699 2426 ἐκείνων,
726 2364 773 2415 εί
805 2362 1083 2432 πανταχοῦ
1115 2363 1212 2434 τὴν
1236 2364 1393 2430 ἀξίαν
1422 2365 1455 2433 ἠ
1487 2363 1647 2434 χάρις
1673 2364 1877 2435 ἐζήτει.
1898 2365 2037 2418 Νυνὶ⁵

451 2445 507 2496 δὲ
541 2446 632 2496 καὶ
663 2445 736 2519 διξ
763 2444 992 2508 ἀναξίων
1023 2445 1212 2499 εἴωθεν
1244 2446 1486 2517 ἐνεργεῖν
1517 2449 1546 2498 6
1577 2445 1728 2508 Θεὸς,
1760 2448 1854 2500 καὶ
1884 2447 2035 2500 οὐδὲν

453 2528 548 2581 τοῦ
581 2527 959 2597 βαπτίσματος
984 2530 1016 2599 ἠ
1041 2529 1201 2599 χάρις
1237 2529 1388 2600 παρά
1415 2529 1508 2582 τοῦ
1533 2528 1648 2600 βίου
1677 2541 1700 2569 ι
1729 2528 1822 2584 τοῦ
1847 2531 2035 2600 ἱερέως

455 2611 922 2681 παραϐλάπτεται·
968 2614 1091 2666 ἐπεὶ
1132 2612 1356 2683 ἔμελλεν
1389 2615 1416 2666 6
1445 2612 1739 2682 λαμϐάνων
1781 2613 2035 2667 ἐλαττοῦ-

454 2696 598 2749 σθαι.
625 2698 786 2752 Ὥστε
825 2701 874 2752 εἰ
905 2700 997 2751 καὶ
1039 2697 1330 2760 σπανιάκις
1353 2697 1564 2766 γίνεται
1595 2697 1790 2759 ταῦτα,
1823 2697 2036 2767 γίνεται

451 2777 579 2845 γοῦν
603 2781 772 2850 ὅμως.
808 2781 993 2834 Ταῦτα
1014 2781 1069 2834 δὲ
1099 2780 1261 2848 λέγω,
1295 2780 1381 2833 ἵνα
1418 2783 1490 2850 μή
1514 2797 1595 2843 τις
1621 2779 1728 2834 τῶν
1760 2780 2036 2851 παρεστώ-

450 2879 558 2915 των
584 2863 674 2917 τὸν
702 2864 816 2934 βίον
849 2865 1346 2936 περιεργαζόμενος
1369 2864 1462 2917 τοῦ
1504 2864 1713 2935 ἱερέως,
1747 2864 2035 2919 σκανδαλί-

451 2943 612 3013 ζηται
647 2947 776 3015 περὶ
808 2945 876 3000 τὰ
915 2946 1234 3017 τελούμενα.
1279 2944 1442 2999 Οὐδὲν
1475 2945 1585 3016 γὰρ
1616 2945 1905 3017 ἄνθρωπος
1953 2949 2035 3017 εἰς

449 3026 520 3078 τὰ
565 3030 902 3099 προκείμενα
941 3030 1171 3096 είσάγει,
1211 3028 1350 3084 ἀλλὰ
1385 3029 1446 3082 16
1490 3029 1599 3082 πᾶν
1645 3030 1742 3099 τῆς
1777 3029 1872 3084 τοῦ
1898 3029 2034 3085 θεοῦ

450 3107 737 3179 δυνάμεως
781 3112 940 3183 ἔργον
996 3113 1131 3178 ἐστὶ,
1158 3112 1411 3175 κάκεῖνός
1450 3113 1598 3165 ἐστιν
1633 3112 1778 3182 ὑμᾶς
1806 3114 1834 3165 ὁ
1865 3130 2036 3183 μυστ-

451 3194 704 3261 αγωγῶν.
735 3195 924 3266 Κάγὼ,
965 3196 1236 3266 ἀδελφοί,
1265 3198 1375 3250 οὐκ
1405 3195 1721 3266 ἠδυνήθην
1750 3197 1894 3267 ὑμῖν
1928 3199 2034 3252 λα-

450 3273 640 3342 λῆσαι
699 3278 780 3343 ὡς
836 3279 1294 3347 πνευματικοῖς,
1355 3279 1494 3334 ἀλλ’
1553 3279 1634 3345 ὠς
1701 3281 2030 3349 σαρκικοῖς.

451 3357 623 3412 Γάλα
667 3359 824 3430 ὑμᾶς
869 3361 1142 3421 ἐπότισα,
1174 3363 1246 3414 οὐ
1284 3359 1497 3430 ,βρῶμα
1519 3363 1716 3416 ὀὔπω
1750 3363 1860 3431 γὰρ
1896 3362 2032 3417 ἐδύ-

450 3444 657 3495 νασθε.
684 3442 802 3495 Ἵνα
844 3442 952 3513 γὰρ
996 3443 1069 3514 μὴ
1107 3442 1233 3516 δόξῃ
1263 3444 1567 3514 φιλοτιμίας
1595 3443 1780 3497 ἐνεκεν
1816 3444 2032 3515 εἰρηκέ-

449 3543 534 3576 ναι
562 3525 734 3578 ταῦτα
773 3526 915 3598 ᾇπερ
946 3529 1186 3598 εἴρηκεν,
1214 3528 1296 3580 ὃτι
1355 3527 1415 3579 '0
1440 3527 1842 3596 πνευματικὸς
1883 3529 2032 3582 ἀνα-

448 3610 635 3674 κρίνει
693 3609 765 3663 τὰ
819 3609 1036 3672 πάντα,
1079 3611 1173 3663 καὶ
1225 3611 1306 3664 ὅτι
1349 3610 1477 3663 ⁹Υπ’
1504 3611 1750 3679 οὐδενὸς
1787 3612 2029 3680 ἀνακρίο

446 3707 634 3753 νεται,
665 3692 759 3744 καὶ
786 3693 868 3744 ὅτι
912 3692 1076 3746 Νοῦν
1101 3693 1362 3762 Χριστοῦ
1393 3693 1633 3762 ἔχομεν,
1690 3693 1786 3747 καί⁵
1814 3693 1906 3748 16v
1937 3693 2031 3747 τῦ-

449 3791 549 3841 φον
582 3775 762 3827 αὐτῶν
786 3775 1183 3838 καταστέλλων,
1211 3777 1312 3845 ὅρα
1341 3775 1393 3828 τί
1414 3792 1596 3846 φησιν·
1625 3775 1699 3830 Οὐ
1734 3775 1824 3830 διὰ
1849 3776 2029 3844 τοῦτο,

452 3857 639 3922 φησὶν,
687 3857 939 3925 ἐσίγησα,
999 3856 1074 3919 ὼς
1122 3857 1276 3910 οὐδὲν
1322 3856 1482 3910 πλέον
1537 3858 1838 3926 δυνάμενος
1901 3860 2031 3929 ὑμῖν

449 3939 645 4000 εἰπεῖν,
673 3936 789 3990 ἀλλ’
829 3939 911 3992 ὅτι
948 3938 1201 4009 σαρκικοί
1234 3939 1377 3993 ἐστε.
1420 3937 1584 3993 Ἀλλ’
1609 3938 1753 3992 οὐδὲ
1794 3941 1883 3996 ἐτι
1912 3941 2031 3995 νῦν

449 4019 736 4074 δύνασθε.

521 4167 587 4238 β’.
618 4167 716 4223 Διά
745 4168 798 4223 τί
825 4168 902 4241 μὴ
929 4164 1102 4234 εἶπεν,
1130 4170 1202 4222 O6
1228 4167 1431 4230 θέλετε,
1463 4169 1600 4235 ἀλλ’,
1623 4171 1706 4223 Οὐ
1725 4170 2025 4238 δύνασθε;

449 4253 572 4307 Ὅτι
604 4253 746 4327 [καὶ]
773 4253 931 4308 τοῦτο
955 4254 1071 4307 ἀντ’
1105 4252 1314 4308 ἐκείνου
1350 4253 1577 4307 τέθεικε.
1610 4253 1683 4308 T6
1707 4253 1815 4324 γάρ
1843 4253 1918 4325 μὴ
1940 4255 2029 4307 δύο

447 4337 663 4402 νασθαι,
697 4338 856 4391 τοῦτο
891 4337 1000 4391 ἀπὸ
1035 4335 1128 4390 τοῦ
1167 4335 1241 4408 μὴ
1281 4336 1457 4390 θέλειν
1483 4337 1650 4390 ἐστίν’
1675 4337 1810 4408 ὅπερ
1847 4337 2029 4402 αὐτοῖς

451 4422 548 4492 μὲν
584 4421 738 4490 φέρει
764 4422 1124 4492 κατηγορίαν,
1145 4421 1223 4492 τῷ
1252 4421 1307 4474 δὲ
1331 4421 1638 4493 διδασκάλῳ
1671 4419 2025 4490 συγγνώμην.

448 4505 512 4556 El
544 4504 641 4571 μὲν
676 4504 786 4574 γάρ
827 4505 936 4557 ἀπὸ
974 4503 1191 4573 φύσεως
1227 4505 1329 4558 οὐκ
1366 4503 1649 4573 ἠδύναντο.
1677 4503 1806 4566 ἴσως
1833 4503 1899 4558 ἀν
1943 4520 2028 4567 τις

451 4585 714 4652 συνέγνω·
748 4587 938 4656 ἐπειδὴ
970 4585 1025 4638 δέ
1061 4586 1171 4640 ἀπὸ
1203 4587 1597 4657 προαιρέσεως,
1627 4587 2027 4657 ἀπεστέρηνται

449 4668 548 4738 τῆς
573 4667 885 4736 ἀπολογίας.
925 4664 1059 4722 Εἶτα
1088 4670 1232 4736 λέγει
1259 4669 1353 4722 καὶ
1378 4669 1439 4720 16
1463 4664 1601 4734 εἶδος
1626 4668 1688 4721 16
1721 4669 1908 4721 ποιοῦν
1938 4671 2029 4723 αὺ-

447 4752 575 4810 τοὺς
606 4750 921 4821 σαρκικούς·
964 4750 1158 4806 Ὅπου
1180 4753 1290 4820 γὰρ
1317 4750 1388 4804 ἐν
1409 4750 1552 4820 ὑμῖν
1588 4749 1714 4818 ἔρις
1735 4750 1833 4804 καί
1852 4749 2030 4818 ζῆλος

449 4832 547 4885 καί
570 4830 626 4884 δι
631 4832 956 4900 χοστασία,
976 4833 1112 4901 οὐχί
1134 4835 1414 4900 σαρκικοί
1433 4833 1595 4897 ἐστε,
1635 4833 1733 4886 καί
1755 4834 1903 4887 κατὰ
1923 4833 2027 4888 ἄν·

449 4916 684 4981 θρωπον
722 4915 1124 4982 περιπατεῖτε;
1152 4913 1264 4987 [67]
1297 4915 1491 4970 Καίτοι
1523 4916 1620 4970 καὶ
1653 4916 1908 4984 πορνείας
1933 4917 2027 4969 καὶ

449 4996 738 5066 ἀσελγείας
769 4997 908 5067 ἔχων
933 4996 1115 5051 αὐτῶν
1153 4998 1350 5062 εἰπεῖν,
1394 4999 1570 5052 ἐκεῖνο
1606 4998 1804 5069 μᾶλλον
1850 4998 2028 5068 τίθησι

450 5079 510 5130 16
548 5080 872 5150 ἁμάρτημα,
908 5079 1047 5151 ὅπερ
1083 5078 1386 5132 ἐσπούδασε
1425 5080 1822 5152 διορθώσασθαι
1867 5081 2024 5146 τέως.

453 5162 514 5214 El
545 5162 601 5214 δὲ
655 5163 813 5232 ζῆλος
857 5164 1152 5236 σαρκικοὺς
1187 5167 1349 5232 ποιεῖ,
1392 5164 1509 5235 ὥρα
1558 5165 1742 5219 λοιπὸν
1783 5165 2031 5229 ἅπαντας

451 5243 693 5309 ὀλολῦξσι
727 5246 870 5314 μέγα
899 5249 991 5300 καὶ
1039 5248 1242 5305 σάκκον
1276 5247 1662 5318 περιϐαλέσθαι
1705 5247 1800 5301 καὶ
1835 5249 2029 5302 σποδὸν

452 5326 924 5395 ὑποστρώσασθαι.
951 5328 1045 5391 Τίς
1087 5330 1195 5398 γὰρ
1236 5330 1329 5382 τοῦ
1389 5330 1594 5394 πάθους
1633 5330 1822 5384 τούτου
1859 5331 2031 5386 καθα-

450 5411 574 5481 ρός;
606 5409 745 5478 πλὴν
779 5411 826 5461 εί
861 5411 935 5481 μὴ
963 5411 1055 5463 ἀπ’
1080 5411 1316 5480 ἐμαυτοῦ
1350 5413 1446 5465 καὶ
1477 5413 1544 5467 τὰ
1569 5413 1675 5468 τῶν
1704 5414 1879 5468 ἄλλων
1909 5430 2030 5467 στο-

450 5494 704 5564 χάζομαι.
738 5493 800 5546 EE
829 5493 988 5563 ζῆλος
1033 5497 1327 5565 σαρκικοὺς
1362 5500 1504 5548 ποιεῖ
1531 5501 1624 5550 καὶ
1654 5500 1754 5552 οὐκ
1803 5501 2028 5570 ἀφίησιν

450 5577 587 5629 εἶναι
631 5579 1056 5646 πνευματικῶς,
1111 5577 1286 5630 καίτοι
1338 5595 1403 5646 γε
1440 5583 1879 5652 πδοοφητεύοντας
1935 5585 2029 5635 καὶ

450 5659 612 5730 ἐτερα
655 5659 940 5730 θαυμαστὰ
984 5662 1476 5733 ἐπιδεικνυμένουςο
1523 5665 1652 5721 ὅταν
1693 5667 1831 5741 μηδέ
1867 5667 2027 5737 χάρις

511 5812 527 5838 ⁸
554 5815 620 5867 ιω
647 5818 789 5880 Ἆρες
814 5820 933 5868 (‘dili
970 5832 1104 5880 vero,
1130 5822 1158 5875 ἡ
1188 5819 1319 5882 χάρις
1340 5819 1423 5868 τοῦ
1462 5819 1585 5882 βίον.

2145 369 2381 441 τοσαύτη
2430 375 2601 442 παρῇ,
2645 372 2748 426 ποῦ
2799 373 3038 444 θήσομεν
3087 373 3155 425 τά
3183 372 3450 444 ἡμέτερα,
3481 374 3611 430 ὅταν
3653 378 3727 449 μὴ

2145 455 2240 506 ἐπὶ
2268 453 2442 524 τούτῳ
2469 457 2633 526 μόνῳ,
2665 457 2802 508 ἀλλὰ
2831 458 2923 510 καὶ
2953 457 3038 526 ἐφ’
3073 457 3281 526 ἑτέροις
3308 458 3552 528 μείζοσιν
3579 453 3728 531 ὦμεν

2147 537 2525 608 ἁλισκόμενοι;
2587 539 2866 592 Ἐντεῦθεν
2927 538 3293 610 μανθάνομεν,
3357 541 3439 592 ὅτι
3499 543 3726 607 εἰκότως

2145 619 2330 688 ἔλεγεν
2361 622 2389 672 ὁ
2415 621 2666 691 Χριστὸς,
2693 623 2776 674 ὅτι
2812 623 2839 674 6
2867 622 3034 673 ποιῶν
3065 621 3134 673 τὰ
3163 621 3343 690 φαῦλα
3371 623 3473 677 οὐκ
3510 625 3726 695 ἔρχεται

2145 703 2280 772 πρὸς
2319 703 2380 755 16
2427 705 2562 772 φῶς,
2600 704 2693 757 καὶ
2720 705 2800 758 ὅτι
2837 704 2948 772 βίος
2975 703 3284 774 ἀκάθαρτος
3323 706 3605 776 ἐμποδίζει
3645 708 3728 761 δό-

2143 803 2349 855 γμασιν
2399 788 2646 858 ὑψηλοῖς,
2694 789 2794 842 ούκ
2831 788 2990 857 ἀφεὶς
3038 787 3100 840 16
3139 787 3444 859 διορατικὸν
3491 791 3726 860 φανῆναι

2141 869 2240 938 τῆς
2271 870 2530 934 διανοίας.
2574 873 2784 942 ’Ὠσπερ
2827 870 2921 925 οὖν
2963 873 3062 924 οὐκ
3106 871 3253 925 ἔστιν
3285 873 3342 924 ἐν
3373 873 3548 944 πλάνῃ
3597 873 3724 928 ὄντα

2143 953 2236 1004 καὶ
2261 953 2436 1023 ὀρθῶς
2467 953 2686 1023 βιοῦντα
2739 958 2916 1024 μεῖναι
2961 955 3016 1006 ἐν
3065 953 3241 1025 πλάνῃ
3281 955 3431 1020 ποτὲ,
3457 955 3634 1018 οὕτως
3664 958 3723 1008 ού

2145 1034 2326 1106 ῥᾴδιον
2386 1039 2622 1110 πονηρίᾳ
2679 1038 3112 1108 συντρεφόμενον
3164 1038 3463 1108 ἀναϐλέψαι
3517 1040 3725 1110 ταχέως

2143 1117 2283 1184 πρὸς
2330 1119 2388 1171 16
2431 1120 2539 1172 τῶν
2571 1121 2856 1190 παρ’ήμῖν
2889 1121 3173 1190 δογμάτων
3231 1119 3386 1189 ὖψθςν
3439 1123 3576 1175 ἀλλὰ
3620 1124 3724 1195 χρὴ

2143 1199 2361 1252 πάντων
2395 1204 2720 1272 καθαρεύειν
2760 1202 2868 1254 τῶν
2893 1202 3082 1255 παθῶν
3110 1203 3202 1255 16v
3247 1203 3511 1272 μέλλοντα
3553 1205 3725 1278 θηρᾷν

2139 1283 2240 1352 τὴν
2266 1284 2539 1353 ἀλήθειαν.
2575 1286 2634 1336 ’0
2664 1286 2773 1354 γὰρ
2804 1285 3008 1339 τούτων
3044 1286 3478 1356 ἀπηλλαγμένος,
3508 1289 3603 1341 καὶ
3627 1289 3724 1359 τῆς

2142 1365 2353 1437 πλάνης
2403 1368 2872 1439 ἀπαλλαγήσεται,
2924 1368 3018 1422 καὶ
3056 1369 3398 1434 ἐπιτεύξεται
3451 1370 3551 1440 τῆς
3587 1371 3723 1440 ἀλη-

2142 1447 2311 1510 θείας.
2340 1449 2431 1519 Μὴ
2461 1451 2569 1520 γάρ
2611 1469 2699 1518 μοι
2723 1452 2782 1504 16
2811 1451 2885 1522 μὴ
2913 1451 3255 1506 πλεονεκτεῖν
3284 1453 3464 1524 μόνον,
3506 1453 3640 1522 μηδέ
3667 1453 3726 1506 16

2145 1532 2220 1602 μὴ
2247 1533 2528 1602 πορνεύειν
2554 1535 2741 1603 ἀρκεῖν
2764 1535 2842 1596 εἰς
2865 1533 3024 1586 τοῦτό
3049 1551 3129 1587 σοι
3156 1536 3341 1605 νόμιζε
3368 1545 3409 1600 ⁸,
3440 1536 3578 1590 ἀλλὰ
3619 1538 3722 1608 χρὴ

2142 1615 2318 1667 πάντα
2363 1617 2688 1685 συνδραμεῖν
2732 1617 2810 1685 τῷ
2863 1615 3115 1685 ζητοῦντι
3158 1619 3412 1694 τάληθές.
3466 1619 3557 1672 Διό
3592 1638 3724 1691 φησι

2141 1696 2347 1765 Πέτρος
2373 1712 2386 1725 ο
2437 1697 2557 1749 Ἐπ’
2585 1699 2870 1765 ἀληθείας
2900 1700 3447 1769 καταλαμϐάνομαι,
3486 1703 3575 1754 ὅτι
3613 1705 3724 1756 οὐκ

2140 1779 2270 1832 ἔστι
2299 1781 2826 1848 προσωπολήπτης
2855 1786 2888 1836 o'
2918 1783 3082 1849 Θεὸς,
3110 1784 3248 1837 ἀλλ’
3271 1784 3342 1836 ἐν
3362 1785 3543 1836 παντί
3568 1786 3724 1838 ἔθνει

2141 1865 2174 1914 ό
2221 1863 2592 1932 φοϐούμενος
2632 1864 2840 1928 αὑτὸν,
2881 1866 2979 1918 καὶ
3007 1864 3390 1934 ἐργαζόμενος
3422 1866 3725 1919 δικαιοσύ-

2139 1960 2275 2014 νην,
2299 1945 2509 2012 δεκτὸς
2541 1945 2702 2012 αὐτῷ
2721 1948 2873 2000 ἐστι·
2904 1949 3168 2011 τουτέστι,
3193 1948 3350 2002 καλεῖ
3371 1950 3465 2002 καὶ
3495 1951 3727 2004 ἐπισπᾶ-

2139 2044 2230 2080 ται
2266 2029 2426 2081 αὑτὸν
2460 2029 2595 2098 πρὸς
2623 2032 2721 2100 τὴν
2746 2031 3025 2102 ἀληθειαν.
3072 2036 3184 2103 Οὐχ
3215 2035 3347 2104 ὁρᾷς
3376 2034 3612 2096 Παῦλον,
3643 2037 3724 2088 ὅτι

2143 2111 2360 2166 πάντων
2393 2113 2743 2184 σφοδρότερος
2775 2110 2842 2186 ἦν
2868 2117 2926 2168 ἐν
2960 2114 3038 2185 τῷ
3068 2116 3326 2184 πολεμεῖν
3355 2118 3447 2170 καὶ
3467 2117 3721 2188 διώκεινς

2141 2193 2258 2246 ἀλλ’
2301 2195 2451 2263 ὅμως
2502 2195 2686 2266 ἐπειδὴ
2725 2196 2838 2266 βίον
2883 2198 3122 2268 ἄληπτον
3160 2194 3294 2268 εἶχε,
3327 2200 3418 2252 καὶ
3455 2201 3516 2252 ού
3560 2201 3723 2255 πάθει

2138 2277 2311 2332 ταῦτα
2352 2280 2619 2351 ἔπραττεν
2662 2281 3004 2353 ἀνθρωπίνῳ,
3041 2285 3133 2336 καὶ
3164 2283 3353 2355 ἐδέχθη
3397 2286 3491 2338 καὶ
3517 2287 3724 2351 πάντας

2140 2361 2591 2434 ὑπερηκόντισεν.
2620 2365 2682 2417 Εί
2703 2364 2758 2416 δὲ
2778 2364 2926 2434 λέγοι
2949 2383 3051 2429 τις,
3079 2366 3203 2430 Πῶς
3225 2369 3253 2420 6
3280 2368 3426 2420 δεῖνα
3443 2370 3472 2421 6
3500 2369 3721 2440 Ἕλλην,

2138 2445 2375 2514 χρηστὸς
2401 2443 2476 2498 ὣν
2500 2446 2593 2498 καὶ
2625 2446 2827 2513 ἀγαθὸς
2855 2448 2950 2500 καὶ
2973 2449 3372 2520 φιλάνθρωπος,
3405 2451 3557 2520 μένει
3585 2452 3722 2506 πλα-

2137 2527 2404 2598 νώμενος;
2438 2530 2616 2580 ἐκεῖνο
2651 2527 2717 2582 ἂν
2755 2529 2986 2600 εἴποιμι·
3027 2531 3107 2583 ὄτι
3153 2532 3340 2604 ἕτερον
3378 2534 3491 2602 ἔχει
3525 2535 3720 2599 πάθος,

2139 2613 2496 2684 κενοδοξίανῆ
2521 2613 2750 2665 νωθείαν
2777 2613 2975 2684 ψυχῆς,
3017 2615 3048 2685 ἢ
3080 2614 3244 2687 τὸμὴ
3281 2620 3552 2690 μεριμνᾷν
3594 2620 3722 2690 περὶ

2135 2697 2236 2767 τῆς
2259 2699 2468 2760 οἰκείας
2503 2699 2798 2769 σωτηρίας,
2826 2699 2942 2751 ἀλλ’
2969 2700 3157 2763 ἁπλῶς
3203 2703 3296 2754 καὶ
3335 2703 3459 2772 είκῆ
3497 2703 3566 2756 τά
3601 2703 3722 2756 κατ’

2137 2781 2298 2834 αὐτὸν
2325 2781 2584 2850 φέρεσθαι
2626 2782 2888 2852 νομίζειν.
2939 2785 2998 2836 Ὀ
3024 2784 3080 2840 δὲ
3112 2784 3323 2849 Παῦλος
3359 2785 3448 2838 τὸν
3490 2787 3723 2858 ἐργαζόο

2139 2880 2300 2933 μενον
2330 2865 2696 2936 δικαιοσύνην,
2724 2864 2814 2919 τὸν
2839 2868 2896 2919 ἐν
2919 2869 3084 2920 πᾶσιν
3105 2867 3346 2940 ἄληπτόν
3373 2886 3534 2940 φησι,
3571 2872 3722 2925 κατὰ

2134 2946 2536 3014 δικαιοσύνην
2567 2949 2684 3015 τὴν
2712 2951 2782 3002 ἐν
2807 2950 2968 3018 νόμῳ
3015 2951 3328 3022 γενόμενονο
3372 2953 3485 3018 καὶ,
3533 2952 3721 3022 Χάριν

2134 3030 2254 3100 ἔχω
2283 3031 2362 3096 τῷ
2401 3029 2521 3096 Θεῷ
2547 3025 2596 3098 ᾧ
2621 3034 2891 3100 λατρεύω
2916 3034 3032 3087 ἀπὸ
3055 3036 3367 3104 προγονων
3395 3037 3464 3090 ἐν
3491 3036 3721 3105 καθαρᾷ

2133 3114 2504 3180 συνειδήσει.
2536 3115 2660 3178 Πῶς
2682 3112 2796 3181 οὖν,
2831 3118 3016 3185 φησὶν,
3045 3118 3348 3189 ἀκάθαρτοι
3385 3118 3722 3189 κατηξιώθη·

2137 3214 2234 3250 σαν
2257 3196 2352 3250 τοῦ
2383 3197 2770 3267 κηρύγματος;
2810 3199 3027 3270 Ἐπειδὴ
3063 3201 3334 3272 ἠθέλησαν
3379 3202 3475 3255 καὶ
3515 3203 3719 3255 ἐπεθύ-

2137 3297 2337 3349 μησαν.
2409 3281 2546 3342 Τοὺς
2589 3280 2689 3349 μὲν
2737 3280 2845 3351 γάρ
2898 3282 2990 3334 καὶ
3045 3283 3490 3354 πεπλανημένους
3546 3286 3718 3352 ἕλκει,

2133 3361 2352 3413 ἐπειδάν
2416 3361 2602 3414 παθῶν
2656 3361 3023 3432 καθαρεύωσι·
3082 3367 3210 3428 τοὺς
3265 3367 3321 3420 δὲ
3371 3367 3465 3436 ἀφ’
3507 3369 3719 3421 ἐαυτιὶν

2135 3443 2459 3512 προσιόντας
2480 3445 2539 3496 o6
2571 3445 2861 3502 6Lw01E1az°
2893 3446 3079 3500 πολλοὶ
3099 3447 3157 3501 δὲ
3186 3449 3281 3502 καὶ
3307 3449 3415 3502 ἀπὸ
3437 3451 3720 3518 προγόνων

2133 3526 2379 3590 ἐδέξαντο
2412 3528 2510 3598 τὴν
2539 3529 2843 3584 εὐσέϐειαν.
2881 3529 3071 3585 Ὅπου
3102 3532 3213 3600 γὰρ
3263 3533 3333 3586 ἐν
3361 3532 3501 3602 ὑμῖν
3537 3533 3718 3601 ζῆλος

2133 3609 2230 3663 καί
2259 3612 2400 3677 ἔρις.
2455 3611 2653 3664 Λοιπὸν
2689 3603 2825 3684 πρὸς
2867 3613 2994 3676 τοὺς
3025 3613 3360 3684 ἀρχομένους
3395 3615 3714 3671 ἀποδύεται.

2145 3693 2234 3746 Ἐν
2267 3693 2365 3762 μὲν
2395 3694 2500 3764 γάρ
2530 3696 2642 3757 τοῖς
2678 3694 2990 3764 ἔμπροσθεν
3024 3697 3154 3758 τοὺς
3182 3697 3446 3766 ἄρχοντας
3472 3700 3714 3752 κατέϐα-

2132 3776 2242 3839 λεν,
2268 3777 2458 3839 είπὼν,
2489 3781 2570 3832 ὅτι
2602 3777 2814 3840 οὐδενὸς
2842 3778 2968 3843 ἀξία
3013 3779 3045 3847 ὴ
3082 3777 3243 3844 σοφία
3269 3779 3363 3830 τοῦ
3407 3780 3591 3849 λόγου·
3634 3786 3717 3834 ὲνο

2130 3859 2307 3913 ταῦθα
2338 3860 2394 3914 δὲ
2436 3862 2564 3924 τοὺς
2607 3859 2940 3929 ἀρχομένους
2994 3859 3238 3929 πλήττει,
3285 3860 3483 3928 λέγων·
3529 3865 3716 3918 Ὅτιίν

2131 3945 2240 4014 γὰρ
2293 3945 2441 4012 λέγῃ
2495 3961 2604 4008 τις,
2651 3942 2793 4012 Ἐγὼ
2831 3942 2948 4014 μὲν
3007 3943 3122 4016 είμί
3168 3945 3434 4008 Παύλου,
3486 3947 3618 4016 ἐγὼ.
3647 3949 3718 4001 δὲ

2143 4026 2422 4088 Ἀπολλὼ,
2467 4026 2602 4094 οὐχί
2645 4025 2922 4094 σαρκικοί
2957 4024 3138 4089 ἐστε;
3179 4025 3272 4078 ιιιοι)⁵
3304 4027 3579 4082 δείκνυσιν
3632 4032 3713 4083 ὅτι

2130 4109 2287 4162 τοῦτο
2309 4110 2370 4161 06
2405 4108 2562 4179 μόνον
2582 4108 2780 4172 αὐτοὺς
2804 4107 2958 4161 οὐδὲν
2984 4108 3215 4177 ὤνησεν,
3237 4109 3356 4162 οὐδὲ
3381 4112 3714 4181 προσλαϐεῖν

2129 4208 2184 4244 τι
2240 4193 2562 4261 πεποίηκεν,
2613 4189 2751 4245 ἀλλά
2814 4190 2908 4243 καὶ
2963 4191 3099 4262 πρὸς
3150 4191 3248 4261 τὴν
3292 4191 3400 4245 τῶν
3448 4195 3713 4262 μειζόνων

2128 4272 2397 4342 ὠφέλειαν
2451 4273 2749 4327 ἐνεπόδισε.
2805 4272 2976 4326 Τοῦτο
3023 4275 3130 4343 γάρ
3161 4274 3322 4345 ζῆλον
3349 4275 3552 4329 ἔτεκεν*
3595 4281 3624 4330 6
3654 4279 3712 4332 δὲ

2130 4354 2289 4425 ζῆλος
2321 4358 2620 4426 σαρκικοὺς
2644 4355 2888 4420 ὲποίησεσ
2917 4353 3030 4426 [68]
3064 4355 3123 4407 τὸ
3150 4357 3209 4409 δέ
3233 4357 3485 4424 γενέσθαι
3515 4376 3711 4428 σαρκι-

2130 4440 2278 4501 κοὺς,
2311 4439 2409 4490 ούκ
2437 4437 2648 4506 ἀφῆκεν
2677 4437 2906 4490 ἀκοῦσαι
2935 4438 3042 4490 τῶν
3071 4439 3436 4509 ὑψηλοτέρων.
3479 4442 3575 4506 Τίς
3595 4438 3713 4495 οὖν

2129 4520 2260 4574 ἐστι
2290 4519 2549 4583 Παῦλος,
2573 4519 2665 4584 τίς
2698 4519 2766 4571 δὲ
2798 4520 3137 4585 Ἀπολλὼς;
3161 4522 3315 4575 Μετά
3341 4523 3451 4592 γάρ
3471 4522 3572 4592 τὴν
3600 4523 3712 4576 τῶν

2129 4600 2470 4672 πραγμάτων
2508 4601 2852 4671 κατασκευὴν
2895 4603 2991 4655 καὶ
3037 4603 3333 4668 ἀπόδειξιν,
3373 4605 3712 4676 γυμνότερον

2128 4683 2314 4737 λοιπὸν
2350 4685 2619 4754 κέχρηται
2659 4687 2726 4756 τῇ
2769 4687 3092 4756 κατηγορίᾳ·
3126 4687 3221 4740 καὶ
3253 4687 3313 4740 16
3345 4687 3510 4741 αὑτοῦ
3539 4688 3714 4758 δνομα

2128 4767 2334 4838 τίθησι,
2366 4770 2546 4820 πᾶσαν
2585 4769 2883 4839 ’τι-,εριαιρῶν
2907 4769 3242 4839 τραχύτητα,
3283 4772 3378 4824 καὶ
3404 4772 3505 4824 οὐκ
3548 4773 3712 4841 ἀφεὶς

2127 4851 2446 4922 ὀργισθῆναι
2488 4851 2624 4922 πρὸς
2649 4851 2719 4904 τά
2744 4852 3033 4920 λεγόμενα.
3077 4851 3140 4904 El
3167 4854 3279 4924 γὰρ
3320 4855 3528 4917 Παῦλος
3553 4855 3712 4910 οὐδέν

2129 4935 2244 4988 ἐστι
2280 4935 2373 4988 καὶ
2399 4935 2500 4987 οὐκ
2529 4935 2846 5003 ἀγανακτεῖ,
2882 4933 3062 5002 πολλῷ
3093 4935 3290 5003 μᾶλλον
3317 4937 3556 5001 ἐκείνους
3577 4938 3710 4991 δυσ-

2130 5016 2402 5088 χεραίνειν
2444 5017 2544 5070 οὐκ
2584 5017 2772 5088 ἐχρῆν.
2801 5015 2972 5086 Διπλῇ
2999 5015 3178 5072 τοίνυν
3215 5021 3413 5084 αὐτοὺς
3449 5038 3713 5092 παραμυ-

2130 5101 2325 5164 θεῖται,
2352 5101 2430 5170 τῷ
2457 5117 2514 5152 τε
2539 5099 2729 5153 ἐαυτὸν
2753 5097 3049 5164 ὑποθεῖναι,
3081 5101 3172 5154 καὶ
3191 5103 3268 5172 τῷ
3294 5103 3368 5174 μὴ
3393 5104 3592 5167 παντὸς
3616 5105 3716 5158 αῦ-

2129 5184 2257 5246 τοὺς
2277 5183 2652 5253 ἀποστερῆσαι
2672 5181 2748 5242 ὡς
2769 5180 2920 5234 οὐδὲν
2943 5183 3344 5248 συντελοῦνταςσ
3363 5186 3501 5239 ἀλλά
3525 5185 3713 5242 δίδωσι

2133 5265 2234 5334 μὲν
2284 5267 2471 5328 αὐτοῖς
2515 5282 2568 5317 τι
2603 5263 2820 5334 μικρὸν,
2851 5263 3035 5319 δίδωσι
3061 5266 3120 5322 δὲ
3155 5269 3324 5337 ὅμως.
3354 5267 3542 5321 Εἰπὼν
3574 5269 3711 5340 γὰρ,

2135 5349 2229 5414 Τίς
2251 5344 2364 5404 οὖν
2387 5349 2518 5401 ἐστι
2548 5347 2806 5412 Παῦλος,
2828 5347 2920 5414 τίς
2941 5348 3012 5402 δὲ
3046 5351 3342 5418 Ἀπολλώς
3365 5354 3710 5422 ;ὲπήγαγενο

2129 5431 2268 5484 ἀλλ’
2316 5431 2355 5498 ἢ
2403 5431 2669 5484 διάκονοι
2710 5431 2786 5484 δι’
2822 5425 2910 5486 ὧν
2949 5433 3388 5499 ὲπιστεύσατε;
3443 5435 3618 5489 Τοῦτο
3652 5439 3712 5492 δέ

2130 5513 2262 5566 αὐτὸ
2297 5513 2396 5580 μὲν
2435 5511 2555 5564 καθ’
2575 5513 2733 5568 ἐαυτδ
2762 5515 2905 5585 μέγα
2934 5516 3028 5568 καὶ
3057 5515 3266 5570 πολλῶν
3295 5519 3442 5581 ἀξιον
3475 5518 3714 5587 μισθῶν,

2131 5595 2267 5666 πρὸς
2294 5593 2349 5646 δὲ
2375 5593 2434 5645 16
2466 5595 2774 5666 ἀρχέτυπον
2807 5599 2900 5652 καὶ
2926 5597 3025 5667 τὴν
3054 5597 3210 5668 ῥίζαν
3237 5600 3342 5653 τῶν
3371 5599 3593 5668 ἀγαθῶν
3619 5603 3715 5654 06-

2201 5764 2223 5789 “
2251 5761 2302 5808 In
2332 5775 2437 5831 ιιηο,
2467 5765 2573 5831 cod.
2610 5766 2713 5831 ha_=c
2754 5767 3153 5831 interponuntur,
3197 5770 3251 5816 06
3291 5771 3378 5831 γὰρ
3427 5772 3455 5825 ἡ
3519 5770 3711 5819 τούτων

2139 5825 2354 5884 ἀποφυγή
2384 5826 2521 5885 μόνον
2547 5828 2678 5888 ἀρκεῖ
2702 5829 2816 5887 πρὸς
2840 5829 3121 5888 κατάληψιν.
