3954 6130
283 249 352 305 89
1325 241 1392 298 ΙΝ
1433 239 1645 298 EPIST.
1678 241 1696 294 Ι
1759 238 1844 295 AD

1954 238 2044 296 )R.
2085 241 2312 299 ΙΙΟΜΠ..
2358 243 2490 300 VIII.
3479 263 3553 319 ’10

284 363 442 417 cedite
459 379 490 416 a
521 378 634 428 me,
673 376 773 415 non
801 360 913 415 novi
940 373 1026 413 vos
1046 399 1061 424 ,
1092 358 1178 427 qui
1219 357 1503 426 operamini
1545 353 1858 424 iniquitatem

285 453 521 524 (Matth.
553 454 610 507 7.
632 451 741 521 25)
769 463 1134 519 :~quamquam
1163 447 1438 502 dtemonas
1471 447 1778 514 eiecerunt,
1810 451 1864 496 et

284 557 532 599 mortuos
567 544 903 608 suscitarunt,
939 553 1100 610 atque
1125 538 1436 609 prophetias
1461 536 1782 591 extulerunt.

360 635 464 703 Qui
489 637 633 705 signa
658 635 812 704 facit,
857 641 1016 700 potest
1057 646 1160 684 esse
1187 629 1426 682 carnalis.
1452 656 1523 666 ——-
1547 627 1732 695 Itaque
1760 637 1861 693 po-

287 735 393 780 test
423 727 580 779 etiam
607 724 650 778 is
697 723 786 793 qui
832 724 982 792 signa
1014 721 1141 775 facit
1163 761 1178 785 ,
1209 734 1330 773 esse
1359 716 1616 772 carnalis.
1648 714 1778 768 Nam
1807 719 1861 768 et

287 815 343 869 in
372 815 584 869 Balaam
631 813 776 868 Deus
821 823 903 867 est
946 819 1232 880 operatus,
1278 818 1333 863 et
1379 807 1641 862 Pharaoni
1686 804 1858 859 futura

281 906 553 970 revelavit,
585 920 794 960 necnon
823 903 1370 966 Nabuchodonosori;
1400 911 1456 956 et
1481 899 1709 969 Caiphas
1736 914 1858 967 pro-

282 997 518 1065 phetavit
539 1039 556 1064 ,
599 997 848 1052 nesciens
875 995 1001 1066 quid
1029 995 1234 1048 diceret
1259 1011 1270 1045 :
1310 991 1525 1061 quidam
1553 992 1714 1045 etiam
1745 991 1858 1044 dte-

280 1088 462 1142 monia
503 1087 782 1158 ejecerunt
821 1088 939 1156 ejus
986 1085 1234 1150 nomine,
1283 1083 1384 1138 etsi
1429 1097 1549 1136 cum
1596 1082 1713 1151 ipso
1750 1097 1858 1135 non

278 1188 467 1234 erant:
514 1195 638 1234 nam
684 1194 789 1234 non
836 1188 1054 1248 propter
1082 1184 1366 1247 Operantes
1398 1175 1514 1230 htec
1541 1174 1708 1238 ﬁunt,
1755 1172 1852 1228 sed

279 1278 497 1338 propter
551 1269 708 1324 alios.
756 1267 910 1336 Saepe
955 1267 1116 1321 etiam
1161 1281 1256 1335 per
1302 1265 1570 1335 indignos.
1620 1264 1688 1318 Et
1729 1262 1857 1332 quid

278 1362 512 1428 miraris,
544 1362 589 1416 si
637 1362 691 1416 in
727 1362 854 1415 viris
884 1360 1111 1430 indignis
1151 1367 1369 1428 prepter
1397 1357 1530 1412 alios
1560 1356 1678 1410 haec
1705 1356 1853 1419 ﬁant,

275 1469 400 1508 cum
437 1453 604 1508 etiam
651 1468 747 1523 per
782 1453 1028 1506 sanctos?
1068 1452 1261 1505 Paulus
1307 1452 1449 1506 enim
1494 1449 1643 1515 dicit,
1671 1449 1859 1502 Omnia

276 1553 448 1598 vestra
502 1553 658 1604 sunt,
708 1546 810 1597 sive
855 1542 1070 1602 Paulus,
1094 1543 1194 1595 sive
1235 1541 1442 1610 Apollo,
1469 1543 1572 1595 sive
1616 1540 1813 1610 Cephas
1837 1581 1854 1606 ,

275 1636 382 1687 sive
421 1634 546 1700 vita,
591 1635 695 1688 sive
736 1648 870 1686 mors
891 1633 970 1702 (ι.
994 1631 1109 1685 Cor.
1137 1632 1191 1684 3.
1219 1631 1344 1700 ﬁ);
1371 1641 1426 1684 et
1453 1647 1665 1685 rursum
1690 1648 1704 1684 :
1739 1630 1762 1683 l
1773 1646 1858 1700 pse

273 1727 419 1780 dedit
457 1726 590 1780 alios
614 1726 820 1796 quidem
861 1727 1146 1793 apostolos,
1187 1724 1318 1776 alios
1345 1733 1512 1776 autent
1550 1724 1852 1793 prophetas,

271 1818 409 1871 alios
435 1826 670 1886 pastores
698 1826 746 1868 et
771 1817 1000 1868 doctores
1018 1814 1090 1865 ad
1111 1813 1468 1882 perfectionem
1489 1824 1772 1866 sanctorum
1802 1814 1854 1865 in

269 1923 401 1977 opus
439 1906 709 1961 ministerii
757 1905 970 1978 (Ep/tes.
1000 1906 1054 1958 4.
1093 1905 1201 1974 12).
1241 1904 1372 1957 Nam
1414 1904 1514 1957 nisi
1547 1903 1648 1958 hoc
1669 1913 1848 1969 esset,

272 2000 405 2054 nihil
431 1999 731 2054 obstitisset
765 1997 1050 2068 quominus
1093 2010 1280 2050 omnes
1322 1996 1580 2064 perirent.
1624 1996 1851 2050 Contin-

271 2093 349 2162 git
389 2091 530 2146 enim
582 2089 853 2160 principes
879 2101 998 2142 esse
1037 2087 1204 2142 malos
1233 2094 1288 2142 et
1315 2086 1606 2141 sceleratos
1630 2129 1643 2150 ,
1668 2086 1851 2142 subdi-

273 2189 466 2250 tosque
518 2180 688 2234 bonos
725 2189 777 2233 et
806 2177 1141 2240 moderatos;
1168 2185 1224 2230 et
1261 2176 1425 2232 laicus
1463 2176 1514 2229 in
1541 2176 1740 2245 pietate
1769 2176 1851 2230 vi-

271 2281 381 2326 tam
428 2279 645 2341 agere,’
671 2269 980 2325 sacerdmes
1024 2278 1199 2322 autem
1245 2268 1299 2322 in
1346 2269 1628 2337 nequitia:
1677 2283 1852 2338 neque

267 2363 508 2417 futurum
535 2369 652 2416 erat
677 2370 735 2415 ut
765 2360 1058 2429 baptismus
1085 2368 1248 2424 esset,
1278 2374 1451 2428 neque
1477 2373 1676 2428 corpus
1699 2357 1851 2414 Chri-

267 2453 373 2515 sti,
403 2467 504 2507 nec
525 2451 726 2507 oblatio
750 2466 844 2521 per
876 2451 995 2505 illos
1015 2491 1031 2518 ,
1061 2451 1108 2504 si
1130 2450 1328 2520 ubique
1354 2450 1543 2520 dignos
1562 2451 1733 2520 gratia
1763 2465 1850 2506 re-

267 2543 530 2612 quireret.
558 2541 710 2595 Nunc
748 2551 927 2596 autem
956 2540 1114 2595 etiam
1144 2555 1241 2610 per
1270 2539 1515 2609 indignos
1543 2539 1683 2594 Deus
1710 2540 1848 2594 solet

264 2633 522 2703 operari,
557 2642 618 2705 et
640 2632 768 2685 nihil
816 2631 1023 2686 laeditur
1068 2631 1238 2702 gratia
1267 2629 1516 2700 baptismi
1565 2645 1660 2700 per
1687 2630 1847 2685 vitam

264 2724 604 2780 sacerdotis:
633 2737 752 2776 nam
783 2723 904 2778 hinc
925 2724 970 2778 is
995 2724 1086 2792 qui
1113 2722 1326 2792 accipit,
1361 2723 1538 2778 minus
1565 2722 1848 2780 habiturus

265 2817 426 2872 foret.
463 2817 646 2887 Itaque
681 2817 780 2871 etsi
809 2817 924 2872 haec
966 2831 1087 2870 raro
1116 2815 1277 2881 ﬁunt,
1323 2817 1455 2871 liunt
1483 2824 1681 2872 tamen.
1715 2817 1846 2874 Hinc

263 2919 443 2962 autem
475 2906 620 2974 dico,
644 2915 702 2961 ut
729 2922 798 2962 ne
821 2908 942 2977 quis
968 2922 1032 2963 ex
1069 2907 1419 2975 przesentibus
1439 2907 1505 2963 de
1531 2907 1638 2962 vita
1666 2924 1846 2964 sacer-

263 2998 404 3052 dotis
430 2998 645 3052 curiose
691 2998 970 3067 inquirvns
988 3037 1006 3064 ,
1049 2995 1441 3052 scandalizetur
1464 2997 1604 3052 circa
1635 3013 1699 3054 ea
1726 3014 1844 3069 quae

263 3090 314 3142 in
342 3091 614 3160 mysteriis
645 3096 988 3158 peraguntur.
1020 3086 1162 3141 Nihil
1185 3089 1327 3142 enim
1356 3088 1518 3144 homo
1547 3089 1599 3143 in
1634 3105 1699 3145 ea
1725 3105 1844 3160 qua:

263 3190 635 3250 proponuntur
654 3178 876 3245 inducit,
900 3178 996 3234 sed
1023 3187 1190 3232 totum
1220 3187 1303 3234 est
1323 3179 1419 3234 Dei
1439 3181 1649 3234 virtutis
1669 3195 1806 3250 Opus
1825 3221 1840 3246 ,

261 3280 316 3326 et
337 3271 428 3325 ille
443 3280 525 3324 est
551 3270 639 3340 qui
664 3285 759 3324 vos
781 3271 833 3324 in
861 3269 1129 3340 mysteriis
1153 3269 1342 3323 iuitiat.
1374 3269 1440 3322 Et
1463 3286 1556 3340 ego
1577 3311 1592 3336 ,
1618 3275 1806 3339 fratres
1826 3311 1838 3334 ,

262 3379 368 3417 non
387 3363 527 3432 potui
551 3364 687 3416 vobis
707 3361 839 3432 loqui
859 3373 912 3415 ut
939 3361 1313 3431 spiritualibus,
1339 3361 1427 3416 sed
1450 3371 1503 3415 ut
1526 3363 1838 3416 carnalibus.

262 3453 374 3508 Lac
401 3455 538 3508 vobis
567 3464 736 3524 potum
763 3453 912 3518 dedi,
947 3471 1048 3508 non
1089 3471 1248 3508 escam
1272 3470 1290 3507 :
1320 3456 1544 3508 nondum
1586 3455 1717 3509 enim
1747 3470 1839 3523 po-

263 3546 464 3599 terati-s.
499 3545 576 3599 Ne
605 3545 873 3599 videretur
895 3545 1038 3598 enim
1081 3544 1386 3600 ambitionis
1408 3560 1566 3599 causa
1598 3546 1712 3601 haec
1752 3545 1839 3600 di-

263 3638 407 3692 xisse
430 3678 446 3704 ,
481 3652 679 3706 nempe
699 3677 715 3702 ,
747 3637 1040 3707 Spiritualis
1087 3637 1334 3704 dijudicat
1378 3639 1578 3702 omnia,
1609 3647 1654 3692 et
1680 3655 1713 3691 a
1748 3654 1838 3692 ne—

260 3731 396 3781 mine
409 3728 711 3798 judicatur;
739 3735 828 3793 et,
857 3726 1078 3781 Mentem
1115 3726 1305 3782 Christi
1329 3728 1572 3781 habemus
1605 3726 1692 3799 (1.
1719 3727 1836 3782 Cor.

259 3817 294 3870 τὶ
339 3819 429 3872 15.
455 3817 543 3889 lli)
566 3835 578 3882 ;
606 3817 820 3872 illorum
844 3817 1038 3872 fastum
1059 3817 1502 3888 repriinens,vide
1522 3817 1648 3888 quid
1674 3818 1835 3874 dicat.

259 3907 379 3962 Non
405 3908 527 3963 ideo
550 3951 564 3973 ,
590 3909 781 3977 inquit,
814 3908 989 3973 tacui,
1015 3908 1169 3978 quasi
1199 3908 1328 3962 nihil
1358 3909 1493 3963 ultra
1517 3909 1698 3964 dicere
1719 3923 1840 3978 pos-

264 4013 404 4065 sem,
427 3999 524 4052 sed
551 3999 674 4067 quia
697 3998 942 4053 carnales
968 4000 1119 4053 estis.
1149 3998 1254 4054 Sed
1279 4015 1434 4068 neque
1453 4015 1585 4053 nunc
1611 4000 1834 4070 potestis.

327 4090 385 4143 2.
419 4091 534 4142 Cur
558 4103 664 4142 non
692 4089 858 4153 dixit,
887 4090 1005 4144 Non
1049 4091 1208 4145 vultis
1229 4130 1245 4157 ,
1275 4091 1369 4145 sed
1393 4132 1408 4155 ,
1445 4090 1568 4145 Non
1596 4094 1840 4162 potestis?

260 4180 392 4247 Quia
425 4179 534 4233 hoc
563 4194 662 4249 pro
691 4180 783 4233 illo
827 4181 1023 4249 posuit.
1058 4180 1192 4234 Nam
1241 4181 1382 4250 quod
1429 4197 1533 4234 non
1578 4192 1834 4250 possent,

263 4273 384 4329 inde
410 4279 529 4327 erat
549 4272 691 4342 quod
719 4273 955 4338 nollent;
986 4274 1128 4343 quod
1158 4274 1265 4327 illis
1288 4273 1503 4343 quidem
1544 4276 1839 4343 reprehen-

262 4364 464 4418 sionem
485 4403 501 4428 ,
531 4365 790 4433 magistro
815 4373 993 4418 autem
1026 4365 1236 4419 veniam
1268 4363 1442 4419 allert.
1468 4364 1678 4418 Etenim
1705 4366 1748 4418 si
1771 4380 1838 4419 ex

264 4465 449 4509 natura
493 4470 601 4508 non
631 4457 965 4525 potuissent,
996 4455 1220 4510 fortasse
1249 4457 1366 4526 quis
1395 4456 1714 4526 ignovisset;
1746 4456 1838 4512 sed

263 4547 384 4616 quia
439 4561 504 4601 ex
559 4547 838 4616 proposito
894 4546 1216 4611 voluntatis,
1277 4547 1586 4602 defensione
1633 4556 1835 4602 carent.

264 4635 466 4690 Deinde
495 4637 711 4690 modum
739 4635 1010 4702 ostendit,
1042 4652 1148 4706 quo
1175 4637 1416 4691 carnales
1443 4646 1566 4691 sunt
1592 4655 1605 4691 ε
1634 4638 1685 4692 5.
1713 4636 1837 4690 Cum

261 4732 392 4783 enim
437 4731 503 4783 sit
532 4731 662 4784 inter
696 4745 783 4784 vos
812 4731 1062 4783 contentio
1085 4770 1100 4794 ,
1133 4729 1271 4782 zelus
1297 4739 1341 4782 et
1369 4729 1610 4784 dissensio
1629 4769 1642 4793 ,
1675 4745 1839 4783 nonne

259 4820 491 4873 carnales
518 4821 665 4881 estis,
691 4830 737 4872 et
764 4819 1040 4873 secundum
1071 4820 1319 4872 hominem
1346 4820 1650 4872 ambultttis?
1677 4820 1838 4889 Atqui

259 4925 377 4964 cum
406 4909 582 4980 possit
597 4909 777 4964 dicere
798 4911 1012 4964 illorum
1037 4910 1442 4964 fornicationem
1462 4921 1516 4963 et
1534 4909 1836 4976 libidinem,

259 5002 386 5056 illud
414 5003 599 5072 potius
625 5012 903 5071 peccatum
933 5003 1117 5072 ponit,
1149 5001 1291 5072 quod
1325 5002 1536 5055 interim
1565 5003 1838 5072 corrigere

259 5095 477 5149 studuit.
511 5093 669 5161 Quod
711 5093 758 5147 si
784 5093 931 5148 zelus
958 5097 1204 5149 carnales
1235 5093 1424 5159 faciat,
1454 5103 1620 5148 restat
1646 5107 1703 5147 ιιι
1727 5095 1836 5164 jam

258 5201 441 5243 omnes
466 5186 763 5241 admodum
786 5185 1010 5255 ejulent,
1033 5202 1246 5242 saccum
1285 5186 1506 5239 induant
1533 5195 1585 5239 et
1605 5186 1837 5241 cinerem

259 5279 624 5334 substernant.
657 5279 793 5346 Quis
840 5279 980 5332 enim
1013 5279 1170 5346 hujus
1212 5278 1324 5332 vitii
1359 5293 1551 5346 expers
1588 5279 1708 5332 est?
1736 5280 1838 5333 nisi

260 5386 319 5424 ex
358 5387 445 5427 me
496 5371 567 5426 de
598 5370 719 5424 aliis
752 5369 894 5425 facio
917 5371 1304 5438 conjecturam.
1335 5369 1390 5423 Si
1421 5369 1568 5424 zelus
1596 5371 1840 5425 carnales

260 5460 379 5517 iacit
417 5478 521 5518 nec
566 5463 699 5516 sinit
727 5475 850 5516 esse
894 5461 1234 5530 spirituales,
1265 5461 1473 5515 etiamsi
1518 5460 1840 5532 pr0phetent

262 5564 313 5609 et
337 5557 438 5611 alia
466 5555 734 5611 miracula
764 5554 963 5619 edant;
994 5568 1117 5607 cum
1149 5567 1256 5606 non
1281 5561 1426 5607 tanta
1453 5554 1625 5609 aderit
1644 5555 1835 5623 gratia,

265 5646 466 5707 ubinam
477 5661 669 5708 nostra
683 5649 1089 5714 collocabimus,
1104 5646 1316 5716 quando
1333 5662 1436 5704 non
1454 5648 1507 5704 in
1523 5647 1622 5706 hoc
1638 5646 1833 5718 solum,

596 5760 879 5819 PATnOL.
927 5758 1042 5818 Gn.
1095 5754 1253 5819 LXI.

1972 351 2068 406 sed
2093 363 2146 408 et
2173 355 2225 408 in
2252 356 2371 412 aliis
2407 357 2696 428 majoribus
2720 363 2860 430 capti
2899 362 3191 422 fuerimus?
3214 368 3350 425 llinc
3382 373 3549 430 disci-

1971 455 2091 496 mus
2117 444 2238 510 jure
2263 446 2464 502 dixisse
2495 442 2761 504 Christum
2784 468 2799 506 :
2819 454 2916 520 Qui
2937 453 3063 510 facit
3091 459 3248 525 mala,
3266 477 3370 516 non
3405 466 3552 520 venit

1969 533 2036 588 ad
2065 535 2237 591 lucem
2265 537 2445 608 (Joan.
2474 542 2528 597 5.
2550 541 2677 613 90);
2705 553 2760 598 et
2786 545 2926 615 quod
2958 549 3062 602 vita
3091 550 3295 620 impura
3326 555 3550 625 impcdi-

1970 638 2151 683 mento
2175 631 2242 684 sit
2272 632 2586 689 sublimibus
2607 635 2972 707 dogmatibus,
3003 657 3107 696 non
3133 643 3315 699 sinens
3356 649 3549 704 anima:

1969 723 2425 790 perspicacitatcm
2467 741 2744 796 apparere.
2774 730 3232 795 Quemadmodum
3277 737 3391 793 ﬁeri
3438 757 3545 796 non

1969 822 2145 881 potest
2170 822 2228 870 ut
2257 816 2300 870 is
2327 817 2418 886 qui
2463 818 2515 872 in
2545 835 2732 875 errore
2761 831 2844 876 est
2885 833 2940 881 et
2966 835 3115 880 recte
3146 828 3303 894 vivit,
3335 846 3550 888 maneat

1969 903 2021 958 in
2051 919 2274 960 errore:
2306 905 2378 960 ita
2407 922 2513 963 non
2545 908 2700 966 facile
2743 922 2919 981 potest
2950 913 2994 968 is
3015 957 3030 982 ,
3074 917 3163 986 qui
3205 918 3258 973 in
3311 923 3547 990 nequitia

1969 995 2124 1061 vivit,
2171 997 2279 1051 cito
2323 999 2591 1068 respicere
2622 1001 2689 1056 ad
2739 1003 2989 1060 sublimia
3035 1018 3217 1065 nostra
3261 1011 3544 1082 dogmata,

1966 1085 2060 1140 scd
2089 1087 2158 1140 ab
2186 1089 2434 1145 omnibus
2472 1091 2616 1147 vitiis
2642 1109 2836 1164 purum
2864 1111 2985 1153 esse
3019 1111 3231 1168 oportet
3252 1118 3377 1158 eum
3399 1145 3417 1172 ,
3454 1108 3548 1175 qui

1967 1177 2240 1232 veritatem
2263 1189 2344 1233 cst
2365 1190 2672 1238 venaturus.
2701 1184 2832 1240 Nam
2854 1187 2943 1257 qui
2971 1189 3041 1244 ab
3070 1190 3134 1244 iis
3162 1191 3416 1248 liberatus
3435 1206 3539 1264 est,

1964 1265 2124 1320 etiam
2153 1267 2220 1322 ab
2247 1282 2431 1324 errore
2460 1271 2777 1329 liberabitur
2805 1285 2860 1330 et
2889 1278 3166 1334 veritatem
3198 1297 3539 1353 assequetur.

1964 1357 2042 1414 Ne
2089 1359 2234 1415 enim
2279 1363 2557 1418 existimes
2613 1365 2680 1420 ad
2732 1367 2834 1423 hoc
2885 1371 3016 1424 satis
3060 1387 3180 1427 esse
3223 1374 3268 1428 si
3314 1391 3421 1431 non
3465 1378 3544 1434 sis

1963 1463 2190 1516 avarus,
2222 1451 2306 1506 vel
2346 1453 2388 1506 si
2436 1469 2542 1509 non
2571 1457 2882 1526 forniceris;
2930 1461 3022 1514 sed
3069 1467 3326 1532 oportet‘
3357 1470 3539 1524 omnia

1961 1556 2284 1599 concurrere
2319 1543 2374 1598 in
2401 1561 2467 1600 eo
2496 1548 2586 1617 qui
2616 1551 2810 1619 qua-rit
2850 1554 3151 1609 veritatem.
3183 1555 3310 1613 ideo
3335 1561 3409 1613 ait
3437 1560 3539 1616 Pe.

1962 1641 2073 1688 trus
2097 1651 2110 1685 :
2140 1633 2207 1688 In
2253 1638 2458 1692 veritate
2488 1642 2880 1710 comprehendo,
2921 1648 3057 1716 quod
3079 1665 3179 1702 non
3208 1652 3270 1704 sit
3297 1670 3540 1720 persona-

1958 1741 2072 1777 rum
2102 1736 2333 1796 acceptor
2360 1727 2531 1795 Deus;
2559 1732 2646 1784 sed
2669 1733 2723 1785 in
2749 1735 2887 1788 omni
2915 1747 3061 1806 gente
3098 1741 3184 1809 qui
3207 1743 3344 1796 timet
3371 1745 3538 1812 ipsum

1957 1824 2003 1868 et
2026 1827 2265 1884 operatur
2283 1819 2562 1887 justitiam,
2585 1833 2820 1892 acceptus
2839 1836 2911 1878 est
2933 1826 3009 1880 illi
3030 1829 3166 1896 (Act.
3191 1831 3277 1886 ιο.
3298 1833 3391 1894 54.
3410 1836 3530 1904 35);

1961 1905 2011 1959 id
2043 1915 2160 1972 est,
2191 1919 2352 1964 vocat
2397 1917 2452 1965 et
2500 1912 2723 1967 attrahit
2768 1915 2940 1984 ipsum
2967 1917 3032 1972 ad
3062 1921 3360 1978 veritatem.
3419 1925 3537 1982 Non

1959 1994 2106 2049 vides
2132 1995 2351 2052 Paulum
2372 2039 2389 2064 ,
2418 2000 2507 2068 qui
2534 2003 3039 2062 vehementissimus
3063 2011 3303 2066 omnium
3333 2026 3448 2070 erat
3480 2017 3534 2071 in

1958 2083 2203 2141 bellando
2244 2097 2300 2143 et
2345 2093 2754 2161 persequendo?
2778 2103 3013 2154 attamen
3053 2101 3180 2170 quia
3213 2103 3536 2176 inculpatum

1956 2175 2116 2231 vitam
2143 2177 2390 2246 ducebat,
2419 2191 2472 2236 et
2499 2199 2606 2238 non
2627 2199 2692 2238 ex
2715 2187 2843 2242 vitio
2866 2187 3101 2246 humano
3127 2191 3244 2248 base
3269 2175 3531 2265 faciebat,

1956 2276 2010 2320 et
2050 2278 2300 2338 acceptus
2345 2272 2443 2326 fuit
2481 2282 2536 2328 et
2562 2289 2750 2332 omnes
2781 2277 2937 2348 longe
2981 2284 3274 2351 superavit.
3319 2286 3375 2342 Si
3412 2291 3534 2357 quis

1955 2372 2083 2412 vero
2107 2358 2288 2427 dicat,
2318 2362 2600 2427 Quomodo
2623 2365 2713 2422 ille
2739 2368 3003 2438 quispiam
3031 2370 3251 2430 Graecus
3270 2416 3286 2442 ,
3315 2379 3406 2448 qui
3434 2379 3531 2434 bo-

1955 2463 2057 2502 nus
2100 2457 2216 2516 est,
2263 2450 2525 2523 benignus
2569 2465 2624 2510 et
2669 2455 2970 2525 humanus,
3003 2461 3055 2515 in
3083 2477 3271 2520 errore
3309 2472 3529 2524 manet?

1953 2539 2080 2594 illud
2111 2544 2508 2613 responderim,
2540 2546 2681 2602 aliud
2706 2563 2829 2602 eum
2859 2549 3061 2608 habere
3090 2555 3307 2624 vitium,
3333 2573 3525 2614 vanam

1951 2631 2174 2701 gloriam
2208 2643 2300 2688 aut
2323 2636 2488 2690 animi
2534 2637 2830 2708 ignaviam,
2858 2651 2948 2697 aut
2973 2643 3040 2699 de
3081 2647 3254 2702 salute
3294 2664 3386 2704 sua
3418 2667 3523 2707 non

1950 2734 2172 2789 curare,
2219 2724 2314 2779 sed
2359 2733 2548 2794 putare
2574 2743 2662 2784 res
2710 2745 2835 2785 suas
2879 2746 3006 2788 casu
3047 2743 3102 2790 et
3144 2745 3347 2795 temere
3372 2741 3525 2797 ferri.

1949 2813 2148 2872 Paulus
2190 2825 2367 2873 autem
2399 2834 2521 2874 cum
2541 2861 2554 2884 ,
2586 2822 2675 2892 qui
2703 2833 2958 2894 Operatur
2979 2827 3244 2895 justitiam
3265 2871 3279 2895 ,
3323 2832 3375 2887 in
3406 2848 3527 2888 om-

1949 2906 2105 2962 nibus
2133 2907 2460 2978 inculpatum
2485 2910 2646 2980 dicit,
2674 2913 2965 2970 Secundum
3001 2919 3260 2990 justitiam
3295 2940 3411 2994 quia
3449 2937 3523 2980 est

1948 3015 2011 3054 ea:
2029 3002 2138 3071 lege
2167 3000 2435 3072 (Philipp.
2470 3005 2524 3058 ὅ.
2555 3006 2650 3075 6);
2682 3017 2774 3072 ει,
2804 3007 3007 3064 Gratias
3032 3027 3130 3082 ago
3155 3011 3284 3080 Deo,
3314 3017 3397 3070 cui
3422 3034 3528 3072 ser-

1947 3090 2078 3144 vioa
2108 3092 2384 3163 majoribus
2424 3097 2476 3148 in
2522 3111 2652 3164 pura
2695 3099 3000 3153 conscientia
3051 3101 3140 3173 (2.
3181 3103 3317 3158 Tim.
3351 3107 3403 3161 l.
3432 3109 3523 3179 ὅ).

1947 3180 2228 3248 Quomodo
2274 3184 2471 3255 igitur,
2514 3188 2726 3258 inquies
2749 3231 2765 3256 ,
2795 3190 2987 3261 impuri
3016 3194 3393 3263 prrcdicatione
3436 3200 3521 3254 di-

1945 3275 2090 3340 gnati
2120 3278 2282 3329 sunt?
2303 3277 2437 3346 Quia
2465 3280 2749 3336 voluerunt
2779 3293 2833 3338 et
2854 3283 3248 3343 desiderarunt.
3276 3290 3405 3345 Nam
3434 3308 3522 3347 er-

1947 3373 2128 3420 rantes
2149 3367 2311 3421 etiam
2340 3369 2522 3436 trahit,
2550 3372 2594 3426 si
2624 3373 2809 3427 mundi
2837 3374 2946 3428 sint
2971 3393 2996 3428 ε
3034 3379 3402 3446 passionibus;
3429 3397 3525 3438 eos

1946 3465 2144 3522 autem,
2171 3459 2258 3528 qui
2282 3474 2376 3514 sua
2405 3470 2598 3530 sponte
2624 3465 2920 3531 accedunt,
2952 3482 3060 3521 non
3083 3471 3294 3538 repellit
3324 3489 3336 3523 :
3368 3474 3523 3528 multi

1946 3561 2074 3602 vero
2097 3548 2260 3602 etiam
2288 3564 2318 3602 a
2346 3551 2639 3619 majoribus
2665 3553 2806 3621 piam
2835 3555 3150 3625 religionem
3178 3573 3518 3630 acceperunt.

1946 3635 2072 3692 Cum
2096 3639 2228 3692 enim
2257 3641 2310 3692 in
2333 3641 2468 3694 vobis
2493 3644 2558 3695 sit
2597 3642 2736 3698 zelus
2760 3655 2807 3698 et
2831 3647 3104 3701 contentio.
3137 3649 3360 3706 Demum
3388 3655 3519 3708 sub-

1944 3731 2086 3786 ditos
2131 3731 2537 3803 impugnaturus
2582 3737 2807 3791 accedit.
2854 3738 2914 3792 In
2967 3741 3332 3810 superioribus
3375 3748 3520 3803 enim

1943 3826 2211 3895 principes
2254 3826 2450 3897 dejecit
2491 3828 2707 3896 dicens,
2753 3839 3028 3887 externam
3059 3833 3273 3891 dicendi
3311 3838 3524 3908 sapien-

1945 3917 2072 3970 tiam
2111 3917 2309 3971 nullius
2350 3933 2470 3973 esse
2497 3921 2692 3988 pretii:
2726 3920 2811 3977 hic
2851 3932 3028 3980 autem
3057 3925 3300 3982 subditos
3328 3929 3519 3984 redar-

1941 4010 2054 4078 guit
2071 4009 2255 4065 dicens
2281 4029 2293 4064 :
2322 4011 2375 4065 4.
2401 4009 2528 4065 Cum
2553 4013 2686 4066 enim
2706 4015 2815 4081 quis
2841 4015 2998 4082 dicat,
3038 4016 3150 4087 Ego
3178 4020 3381 4088 quidem
3408 4038 3520 4076 smn

1943 4099 2118 4165 Pauli,
2145 4119 2235 4172 ego
2264 4112 2432 4156 autem
2472 4103 2678 4173 Apollo,
2711 4122 2878 4160 nonne
2901 4108 3131 4162 carnales
3161 4111 3317 4171 estis?
3344 4121 3398 4166 et
3425 4127 3520 4167 os-

1944 4193 2112 4248 tendit
2138 4193 2239 4248 hoe
2267 4210 2374 4248 non
2402 4195 2563 4250 modo
2591 4196 2724 4250 nihil
2750 4197 2853 4250 illis
2878 4198 3161 4266 profuisse,
3192 4215 3366 4268 neque
3389 4202 3521 4256 clie-

1943 4284 2080 4338 eisse
2107 4293 2165 4338 ut
2191 4284 2388 4352 aliquid
2415 4286 2755 4353 acciperent,
2788 4287 2882 4342 sed
2911 4288 3174 4356 majorum
3204 4305 3380 4344 rerum
3410 4293 3519 4344 uti-

1944 4375 2146 4428 litatem
2172 4374 2532 4442 impcdivisse.
2563 4376 2676 4430 lloe
2700 4377 2842 4430 enim
2885 4377 3056 4431 zelum
3090 4379 3332 4449 peperit:
3375 4383 3521 4436 zelus

1943 4472 2120 4518 autem
2166 4462 2410 4518 carnales
2455 4463 2574 4519 illos
2603 4463 2817 4520 ell‘ecit:
2866 4467 3007 4537 quod
3055 4477 3234 4524 autem
3279 4473 3521 4527 carnales

1945 4555 2118 4610 elfecti
2160 4555 2298 4622 sint,
2332 4555 2385 4610 id
2412 4571 2518 4612 non
2547 4557 2670 4612 sivit
2707 4558 3020 4614 sublimiora
3063 4560 3270 4621 audire.
3305 4565 3357 4619 5.
3393 4564 3520 4628 Quis

1943 4649 2094 4718 igitur
2120 4657 2189 4704 est
2215 4648 2412 4704 Paulus
2431 4691 2447 4716 ,
2489 4651 2600 4720 quis
2629 4652 2854 4721 Apollo?
2877 4652 3010 4708 Nam
3041 4664 3158 4724 post.
3184 4672 3360 4712 rerum
3391 4675 3520 4728 pro--

1947 4738 2214 4795 bationcm
2239 4749 2296 4794 et
2320 4740 2833 4797 demonstrationem
2859 4745 3096 4813 apertius
3118 4747 3310 4803 deinde
3337 4765 3520 4818 περιεσ-

1943 4830 2202 4886 hensione
2245 4846 2374 4885 usus
2403 4841 2519 4898 est;
2549 4842 2605 4888 et
2647 4849 2800 4889 suum
2825 4835 2978 4892 all'ert
3021 4853 3215 4894 nomen
3238 4881 3253 4902 ,
3299 4856 3516 4895 omnem

1944 4922 2139 4977 tollens
2167 4923 2534 4991 asperitatem,
2563 4939 2670 4979 non
2699 4928 3014 4995 permittens
3041 4937 3101 4982 ut
3126 4929 3193 4983 de
3220 4930 3378 4983 dictis
3408 4932 3518 4985 ira-

1945 5024 2246 5070 scerentur.
2281 5015 2336 5069 Si
2367 5015 2506 5068 enim
2536 5015 2731 5071 Paulus
2767 5018 2898 5071 nihil
2925 5027 3006 5072 est
3035 5028 3090 5073 et
3129 5033 3234 5074 non
3266 5021 3515 5092 indigna-

1946 5111 2031 5156 tur
2053 5145 2067 5170 ,
2095 5105 2264 5158 multo
2290 5106 2467 5159 minus
2493 5105 2613 5160 illos
2635 5122 2776 5176 aegre
2803 5107 2945 5162 ferre
2974 5109 3272 5177 oportebat.
3306 5112 3516 5183 Duplici

1946 5209 2074 5264 ergo
2115 5196 2323 5250 ratione
2371 5196 2490 5251 illos
2535 5198 2844 5251 consolatur
2865 5239 2878 5261 ,
2903 5207 2958 5253 et
2983 5201 3122 5268 quod
3153 5204 3391 5274 seipsum
3421 5223 3518 5276 [ιον

1947 5287 2134 5350 suerit,
2158 5297 2212 5341 et
2237 5287 2377 5357 quod
2404 5303 2508 5341 non
2534 5288 2677 5342 sinat
2703 5304 2798 5344 eos
2819 5293 3065 5347 omnibus
3093 5297 3307 5364 priVari,
3333 5307 3519 5366 utpote

1947 5377 2037 5446 qui
2074 5376 2204 5431 nihil
2243 5378 2595 5445 contulerint;
2638 5381 2732 5435 sed
2774 5381 2973 5452 aliquid
2998 5383 3089 5438 dat
3114 5386 3219 5440 illis
3245 5387 3511 5440 modicum

2009 5531 2540 5596 lnunoCodJegitur...
2571 5536 2840 5588 Forniceris
2869 5552 2994 5587 :non
3016 5536 3152 5589 enim
3176 5537 3389 5588 atalibus
3408 5537 3525 5586 ubs-

1947 5597 2098 5647 tinerc
2127 5594 2298 5660 sufﬁcit
2339 5594 2403 5647 (id
2449 5598 2808 5662 intelligentiam
2833 5607 3212 5662 consequendum
3236 5613 3251 5650 :
3275 5598 3358 5646 sed
3385 5609 3529 5658 oper-

1949 5666 2076 5713 tet...
