3954 6130
441 217 506 275 τι
1167 216 1225 274 S.
1265 215 1536 273 JOANNIS
1572 215 2038 274 CHRYSOSTOMI
2079 217 2394 275 ARCIIIEP.
2432 219 2962 280 CONSTANTINOP.
3647 237 3715 294 τι

443 347 621 404 certe,
646 337 736 392 dat
763 344 961 392 tamen.
989 335 1122 392 Cum
1149 335 1371 390 dixisset
1395 336 1536 390 enim
1562 353 1576 390 :
1605 337 1732 403 Quis
1770 346 1842 391 est
1872 336 2018 391 Pau-

443 428 560 491 ius,
603 428 715 500 quis
742 427 966 498 Apollo?
998 427 1303 496 subjunxit,
1339 425 1460 480 Nisi
1501 427 1723 482 ministri
1769 445 1858 498 per
1897 444 2022 498 quos

443 518 766 572 credidistis?
809 517 919 572 [loc
947 531 1075 572 vero
1104 531 1200 587 per
1230 531 1289 572 se
1330 532 1580 588 maguum
1628 526 1712 572 est
1755 525 1811 572 et
1854 519 2020 572 multa

444 609 695 663 mercede
721 607 973 678 dignum;
1022 608 1068 662 si
1113 608 1404 677 aspiciatur
1453 617 1633 663 autem
1674 607 1740 662 ad
1768 609 2020 679 archety-

443 716 570 770 pum
607 709 668 756 et
712 700 945 756 radicem
988 700 1251 755 bonorum
1276 740 1292 766 ,
1323 699 1458 754 nihil
1488 708 1589 754 est.
1619 699 1734 754 Non
1760 701 1902 755 enim
1928 702 2017 771 qui

442 794 594 848 hortis
623 793 924 860 ministrat,
957 793 1050 849 sed
1073 793 1164 862 qui
1195 807 1258 848 ea
1290 792 1492 862 praebet
1517 801 1573 846 et
1597 792 1795 858 donat,
1826 792 1912 848 hic
1933 802 2019 850 est

439 886 530 953 qui
572 886 834 941 beneﬁcio
881 883 1066 940 afﬁcit.
1098 883 1207 939 Nec
1246 883 1418 950 dixit,
1463 883 1851 953 Evangelistm,
1883 886 2013 952 sed,

440 975 681 1042 Ministri,
703 973 846 1045 quod
871 975 1039 1044 majus
1058 970 1160 1029 est.
1193 973 1378 1044 Neque
1409 973 1552 1028 enim
1579 975 1752 1029 solum
1776 989 2012 1045 evange-

436 1068 690 1132 lizarunt,
717 1067 813 1123 sed
853 1067 1012 1123 etiam
1042 1066 1194 1122 nobis
1237 1067 1650 1122 ministravere:
1698 1065 1829 1121 illud
1869 1068 2011 1122 enim

436 1159 488 1212 in
512 1158 678 1212 verbo
697 1166 900 1212 tantum
921 1158 1081 1210 situm
1105 1163 1210 1220 est,
1236 1155 1340 1210 hoc
1367 1157 1420 1210 in
1448 1169 1630 1225 opere.
1654 1155 2009 1223 Quamobrem

433 1250 533 1304 etsi
560 1249 807 1304 Christus
847 1248 1090 1304 minister
1131 1247 1304 1302 solum
1350 1255 1433 1303 est
1475 1249 1776 1312 bonorum,
1806 1257 1864 1303 et
1901 1262 2008 1303 non

433 1341 547 1411 ipse
572 1340 720 1396 radix
745 1350 800 1396 et
825 1339 943 1396 lous
969 1350 1236 1410 tamquam
1258 1339 1462 1412 Filius,
1487 1339 1610 1396 vide
1632 1355 1862 1411 quonam
1890 1342 2009 1398 htee

430 1447 517 1489 res
542 1433 858 1488 deducatur.

499 1525 551 1580 ὅ.
593 1523 872 1591 Quomodo
902 1523 1060 1594 igitur
1079 1565 1095 1590 ,
1129 1523 1372 1593 inquies,
1398 1522 1527 1578 dicit
1554 1539 1674 1579 eum
1704 1523 2002 1580 ministrum

425 1617 591 1672 fuisse
635 1615 1097 1673 circumcisionis?
1155 1615 1232 1670 De
1271 1614 1667 1684 dispensatione
1710 1615 2001 1670 secundum

425 1723 644 1766 carnem
672 1707 744 1763 ibi
771 1707 1000 1778 loquitur
1018 1749 1035 1773 ,
1063 1715 1118 1762 et
1145 1721 1249 1760 non
1281 1721 1346 1761 eo
1373 1706 1532 1760 modo
1559 1721 1664 1776 quo
1694 1720 1835 1761 nunc
1859 1705 2000 1761 dixi-

421 1816 540 1856 mus
565 1817 579 1853 :
607 1815 729 1854 nam
758 1798 868 1855 illic
890 1798 1190 1853 ministrum
1220 1797 1350 1852 dicit
1376 1797 1521 1852 illum
1551 1798 1638 1868 qui
1665 1797 1995 1868 adimplevit,

419 1906 523 1946 non
551 1905 674 1946 eum
705 1890 795 1959 qui
823 1904 892 1944 ex
921 1903 981 1945 se
1011 1889 1148 1944 bona
1178 1887 1423 1960 praebuit.
1451 1887 1561 1942 Nec
1583 1887 1746 1955 dixit,
1776 1889 1874 1956 Qui
1903 1904 2000 1944 vos

415 1983 683 2039 adducunt
704 1980 770 2036 ad
802 1980 959 2036 ﬁdem
985 2021 1001 2047 ,
1027 1979 1122 2036 sed
1145 2020 1160 2045 ,
1195 1978 1300 2034 Per
1317 1995 1442 2049 quos
1467 1979 1786 2045 credidistis;
1812 1993 1996 2036 rursus

412 2077 519 2133 illis
557 2076 676 2146 plus
718 2073 960 2129 tribuens
983 2112 999 2139 ,
1029 2081 1084 2126 et
1124 2070 1249 2126 hinc
1291 2071 1566 2127 ministros
1601 2071 1892 2126 declarans.
1936 2072 1994 2128 Si

411 2181 540 2237 ergo
563 2164 718 2221 alteri
745 2162 1133 2227 ministrabant,
1156 2161 1426 2233 quomodo
1445 2160 1500 2215 hi
1521 2161 1784 2231 arripiunt
1804 2169 1992 2216 aucto-

409 2256 660 2312 ritatem?
686 2254 765 2309 Tu
788 2267 912 2309 vero
936 2251 1066 2307 mihi
1087 2251 1417 2318 consideres,
1441 2250 1709 2321 quomodo
1733 2264 1990 2321 nusquam

409 2364 503 2402 eos
531 2355 763 2413 accuset,
790 2345 942 2416 quasi
973 2343 1220 2413 rapiant,
1251 2341 1347 2398 sed
1377 2340 1548 2411 utqui
1573 2342 1843 2410 prmbeant
1870 2360 1883 2394 :
1914 2342 1991 2398 la-

409 2454 535 2510 psus
571 2439 712 2495 enim
751 2451 912 2493 causa
955 2436 1010 2491 in
1045 2435 1201 2506 plebe
1231 2444 1387 2491 erat:
1420 2449 1542 2489 nam
1571 2434 1616 2488 si
1645 2435 1722 2489 illi
1751 2434 1988 2492 abstitis-

406 2541 546 2594 sent.
570 2531 626 2586 hi
650 2531 995 2586 destitissent.
1025 2529 1138 2583 Duo
1163 2527 1320 2598 igitur
1344 2527 1612 2597 sapienter
1632 2526 1982 2596 conﬁrmavit,

406 2621 549 2677 unde
566 2620 844 2692 oportebat
865 2627 1139 2690 peccatum
1164 2619 1352 2674 tollere
1377 2618 1452 2674 ibi
1473 2619 1784 2688 suffodieus,
1807 2620 1988 2676 adver-

405 2728 499 2770 aus
523 2713 644 2768 illos
668 2712 793 2767 odio
815 2727 918 2766 non
943 2710 1258 2776 concitatus,
1283 2724 1454 2779 neque
1477 2709 1593 2765 illos
1616 2709 1845 2766 reddens
1863 2725 1984 2767 con-

403 2805 765 2860 tentiosiores.
804 2803 870 2858 Et
897 2801 1166 2873 unicuique
1197 2799 1327 2856 sicut
1353 2799 1582 2857 Christus
1604 2802 1762 2857 dedit.
1798 2803 1984 2874 Neque

403 2897 545 2950 enim
577 2896 678 2951 hoc
707 2896 876 2965 ipsum
908 2895 1174 2949 modicum
1209 2908 1240 2948 τι
1275 2891 1465 2962 seipsis
1494 2893 1794 2961 habebant,
1827 2895 1920 2950 sed
1949 2911 1981 2950 a

401 2989 512 3043 Deo
552 2988 644 3058 qui
686 2987 992 3042 tradiderat.
1036 2986 1114 3041 Ne
1151 2987 1292 3043 enim
1331 2987 1574 3043 dicerent
1601 3005 1614 3042 :
1641 2987 1777 3055 Quid
1814 2990 1980 3060 ergo?

398 3081 469 3137 iis
505 3080 596 3152 qui
633 3079 786 3135 nobis
827 3079 1168 3144 ministrant,
1201 3093 1306 3135 non
1346 3087 1588 3134 amanter
1617 3079 1978 3136 haerebimus?

399 3177 571 3232 Etiam
595 3217 612 3243 ,
643 3172 856 3245 inquit,
893 3173 985 3228 sed
1029 3174 1166 3229 scire
1207 3180 1420 3242 oportet
1461 3188 1776 3243 quousque:
1805 3189 1978 3244 neque

397 3270 540 3325 enim
591 3267 694 3322 hoc
737 3267 908 3336 ipsum
935 3280 1044 3320 ase
1070 3265 1286 3333 habent,
1325 3265 1417 3320 sed
1456 3279 1487 3320 a
1529 3266 1640 3321 Deo
1677 3267 1765 3337 qui
1805 3267 1971 3323 dedit.

395 3359 446 3415 6.
475 3357 588 3432 Ego
615 3358 836 3428 plantavi
862 3397 876 3423 ,
904 3357 1085 3428 Apollo
1105 3357 1319 3433 rigavit;
1348 3355 1485 3411 Deus
1508 3366 1675 3411 autem
1699 3359 1973 3414 incremen-

393 3460 499 3505 tum
545 3451 706 3506 dedit.
739 3449 795 3505 ld
836 3458 953 3516 est,
987 3450 1187 3519 primus
1217 3449 1437 3504 verbum
1478 3449 1674 3504 inserui
1707 3467 1720 3503 :
1748 3466 1817 3506 ne
1846 3466 1987 3508 vero

391 3545 593 3600 semina
616 3543 1000 3599 tentatiouibus
1023 3542 1438 3610 cxsiccarcntur,
1461 3559 1555 3598 sua
1582 3542 1786 3599 addidit
1809 3545 1971 3615 Apol-

390 3635 478 3703 lo;
503 3644 671 3691 totum
702 3645 877 3690 autem
909 3633 1002 3690 Dei
1039 3634 1155 3688 fuit.
1190 3635 1242 3688 7.
1271 3633 1452 3705 Itaque
1478 3652 1635 3707 neque
1661 3637 1745 3707 qui
1774 3637 1972 3707 plantat

389 3737 462 3781 est
501 3727 692 3796 aliquid
709 3767 724 3791 ,
761 3741 919 3795 neque
942 3727 1028 3794 qui
1056 3726 1224 3794 rigat,
1253 3725 1341 3779 sed
1365 3726 1452 3795 qui
1488 3727 1576 3780 dat
1611 3729 1968 3783 incrementum

389 3817 550 3872 Deus.
581 3816 772 3870 Viden‘
795 3814 1060 3886 quomodo
1091 3815 1212 3869 illos
1237 3817 1544 3872 consoletur
1566 3859 1580 3882 ,
1619 3827 1678 3872 ut
1705 3835 1772 3874 ne
1809 3835 1966 3890 aspe-

389 3911 565 3966 riores
594 3909 721 3963 ﬁant
748 3923 814 3963 ex
841 3922 909 3963 eo
934 3907 1076 3979 quod
1101 3907 1366 3962 audierint
1385 3951 1401 3976 ,
1432 3910 1564 3975 Quis
1590 3919 1671 3966 est
1700 3910 1820 3977 iste,
1849 3914 1967 3983 quis

389 4012 470 4059 est
494 4002 622 4057 ille?
647 4000 782 4056 Sunt
803 3999 946 4057 enim
967 4009 1190 4070 utraque
1215 4015 1463 4066 onerosa,
1485 4011 1540 4058 et
1561 4003 1702 4072 quod
1721 4003 1962 4073 dixisset,

387 4095 518 4163 Quis
543 4102 627 4149 est
663 4093 764 4149 iste
785 4133 801 4160 ,
834 4091 953 4163 quis
977 4101 1061 4148 est
1093 4091 1223 4146 ille?
1247 4100 1301 4147 et
1328 4092 1469 4163 quod
1494 4092 1717 4150 dixisset
1739 4133 1755 4159 ,
1783 4093 1965 4164 Neque

386 4187 474 4258 qui
515 4186 754 4257 plantat,
795 4199 971 4256 neque
1007 4183 1099 4255 qui
1138 4184 1272 4256 rigat
1308 4193 1395 4241 est
1431 4184 1647 4256 aliquid.
1687 4184 1966 4253 Quomodo

384 4293 512 4350 ergo
539 4279 680 4333 circa
722 4277 836 4332 haec
863 4274 1286 4333 consolationem
1317 4276 1526 4332 attulit?
1568 4275 1720 4344 Quod
1752 4277 1803 4332 iu
1841 4292 1964 4348 pro-

383 4372 550 4440 priam
582 4385 864 4440 personam
893 4369 1205 4440 despectum
1233 4368 1462 4425 adducat
1484 4385 1604 4426 cum
1633 4370 1759 4427 dicit
1791 4392 1805 4428 :
1837 4371 1964 4437 Quis

382 4460 527 4514 enim
555 4469 626 4512 est
654 4456 852 4512 Paulus
873 4499 890 4524 ,
919 4461 1032 4528 quis
1059 4459 1244 4528 Apollo
1265 4459 1295 4514 ἲ
1313 4467 1368 4514 ει
1395 4459 1539 4528 quod
1563 4459 1711 4516 danti
1741 4461 1850 4516 Deo
1877 4469 1932 4516 to

380 4561 492 4604 tum
525 4549 737 4604 referat.
765 4549 900 4604 Cum
928 4550 1069 4606 enim
1094 4550 1335 4615 dixisset,
1368 4550 1464 4605 llic
1491 4551 1764 4619 plantavit,
1787 4564 1842 4608 et
1863 4553 1960 4609 ad-

380 4641 608 4697 didisset
633 4639 764 4694 nihil
790 4655 909 4696 esse
933 4656 1055 4696 eum
1080 4641 1171 4712 qui
1199 4641 1400 4711 plantat
1420 4681 1436 4707 ,
1463 4641 1686 4710 addidit,
1719 4646 1834 4710 sed,
1863 4645 1963 4712 Qui

379 4735 741 4788 incrementum
778 4732 867 4785 dat
905 4731 1063 4787 Deus.
1087 4732 1270 4803 Neque
1314 4732 1400 4789 hic
1424 4735 1698 4802 constitit,
1733 4735 1826 4790 sed
1855 4736 1963 4791 alio

381 4836 569 4878 rursus
603 4822 961 4886 additamento
986 4823 1034 4877 ei
1065 4822 1309 4878 medetur
1332 4823 1518 4880 dicens
1544 4843 1558 4879 :
1584 4825 1638 4881 8.
1670 4825 1771 4894 Qui
1793 4833 1962 4882 autem

383 4915 581 4984 plantat
618 4923 668 4968 et
703 4913 790 4986 qui
826 4913 961 4985 rigat
998 4930 1154 4966 unttm
1192 4924 1326 4969 sunt.
1369 4915 1470 4972 Per
1509 4917 1608 4971 hoc
1645 4917 1786 4972 enim
1817 4917 1962 4974 aliud

383 5023 596 5077 quoque
636 5007 886 5075 molitur,
937 5015 1092 5062 utne
1120 5007 1256 5063 alter
1295 5008 1346 5064 in
1387 5010 1613 5066 alterum
1651 5010 1956 5068 ell'erantur.

384 5095 560 5151 Unum
603 5105 780 5152 autem
821 5098 938 5153 illos
967 5113 1087 5154 esse
1113 5097 1277 5166 dicit,
1307 5113 1372 5155 eo
1408 5100 1549 5170 quod
1585 5100 1718 5155 nihil
1759 5102 1964 5172 possint

384 5186 504 5242 sine
547 5187 656 5242 Deo
683 5186 1069 5244 incrementum
1096 5189 1277 5247 dante.
1305 5190 1419 5247 Hoc
1452 5206 1576 5246 cum
1606 5189 1827 5246 dixisset
1849 5233 1864 5255 ,
1894 5209 1962 5248 ne

386 5291 484 5334 eos
508 5275 720 5348 quidem
748 5278 838 5349 qui
868 5281 1092 5334 muitum
1122 5281 1491 5337 laboraverant
1521 5280 1760 5351 permisit
1781 5281 1963 5338 efferri

386 5369 444 5424 in
465 5381 559 5422 eos
577 5368 669 5438 qui
691 5369 896 5422 minora
920 5368 1242 5434 intulissent,
1263 5386 1438 5440 neque
1459 5371 1593 5428 alios
1613 5372 1676 5427 iis
1695 5370 1958 5427 invidere.

385 5461 612 5530 Deinde,
643 5463 766 5532 quia
796 5460 899 5516 hoc
922 5462 1194 5532 segniores
1223 5463 1345 5519 illos
1373 5463 1656 5532 reddebat,
1683 5465 1823 5536 quod
1847 5479 1962 5521 om-

386 5567 486 5608 nes
510 5569 673 5609 unum
701 5567 821 5609 esse
846 5562 1176 5623 putarentur,
1210 5564 1314 5610 tam
1339 5555 1374 5609 ii
1401 5556 1489 5626 qui
1519 5557 1773 5627 multum,
1801 5573 1961 5629 quam

387 5641 430 5698 ii
454 5645 541 5716 qui
566 5645 741 5703 minus
770 5644 1178 5717 laboraverant,
1208 5645 1327 5705 vide
1351 5647 1619 5721 quomodo
1645 5647 1747 5708 hoc
1775 5662 1960 5708 corre-

2129 339 2268 395 xerit
2294 339 2480 398 dicens
2509 364 2523 399 :
2554 343 2907 418 Unusquisque
2945 359 3111 405 autent
3140 353 3402 423 propriam
3433 355 3708 410 mercedum

2126 430 2335 498 accipiet
2381 435 2654 489 secundum
2696 454 2843 492 suum
2884 440 3123 496 laborem.
3165 445 3244 500 Ac
3277 445 3322 499 si
3352 444 3556 501 diceret
3586 464 3600 500 :
3633 447 3708 503 No

2127 521 2316 577 timeas
2351 525 2494 594 quod
2532 526 2754 584 dixerim
2793 545 2955 586 unum
2992 547 3148 600 esse;
3190 549 3312 589 nam
3353 536 3397 590 si
3437 537 3529 592 Det
3557 539 3704 608 operi

2124 611 2502 680 conferantur,
2535 632 2696 672 unum
2742 629 2899 687 sunt;
2942 624 3236 679 secundum
3275 626 3487 684 labores
3525 639 3702 684 autem

2123 717 2228 756 non
2252 713 2376 758 sunt
2396 722 2580 774 unum,
2604 709 2696 764 scd
2723 713 3086 785 unusquisque
3108 718 3375 786 propriam
3397 721 3701 778 mercedem

2120 798 2364 866 accipiet.
2417 798 2622 857 Deinde
2669 802 2771 858 hoc
2809 806 2970 861 etiam
3014 808 3183 880 magis
3222 809 3460 882 mitigat,
3493 828 3619 868 cum
3650 815 3700 869 id

2119 885 2384 944 eth-cisset
2409 892 2549 960 quod
2579 893 2790 949 volebat
2815 912 2828 951 :
2858 896 2909 950 in
2950 898 3141 966 quibus
3171 909 3346 969 potest
3371 903 3702 972 gratiﬁeatur

2117 991 2237 1032 cum
2277 979 2614 1038 liberalitate.
2645 984 2700 1039 9.
2732 984 2830 1040 Dei
2867 987 3001 1042 enim
3043 989 3300 1054 adiutores
3342 1008 3516 1047 sumus
3553 1010 3572 1046 :
3605 993 3697 1049 Dei

2116 1069 2422 1138 agricultura
2449 1075 2566 1128 estis
2588 1116 2605 1141 ,
2637 1075 2730 1130 Dei
2751 1077 3023 1146 tediﬁcatio
3047 1082 3182 1135 estis.
3213 1080 3400 1138 Vidcn‘
3427 1084 3697 1153 quomodo

2115 1158 2244 1228 ipsis
2281 1177 2416 1231 opus
2452 1163 2661 1221 dederit
2689 1183 2792 1223 non
2823 1184 3065 1238 parvum,
3092 1186 3212 1226 cum
3240 1175 3387 1243 prius
3415 1175 3698 1245 probasset

2115 1258 2280 1307 totum
2310 1269 2375 1309 ex
2408 1256 2516 1311 Deo
2543 1259 2700 1314 esse?
2726 1260 2856 1328 Quia
2884 1263 3025 1317 enim
3051 1279 3266 1335 semper
3292 1278 3472 1323 monet
3499 1285 3697 1339 paren-

2111 1341 2236 1397 dum
2280 1358 2400 1402 esse
2445 1350 2743 1418 praepositis
2768 1391 2782 1413 ,
2814 1351 2936 1406 ideo
2972 1353 3222 1411 ductores
3261 1372 3366 1412 non
3403 1359 3693 1416 admodum

2109 1436 2377 1506 deprimit.
2405 1438 2497 1493 Dei
2515 1441 2826 1511 agricultura
2847 1446 2986 1499 estis.
3013 1446 3144 1514 Quia
3170 1451 3310 1505 enim
3337 1451 3494 1519 dixit,
3522 1452 3692 1509 Plan-

2107 1526 2228 1594 tavi,
2259 1539 2459 1598 perstat
2488 1532 2542 1587 in
2570 1534 2897 1604 metaphora.
2931 1537 2986 1592 Si
3016 1547 3194 1594 autem
3223 1541 3314 1596 Dei
3342 1544 3688 1612 agricultura,

2107 1632 2213 1673 non
2244 1629 2303 1674 ut
2337 1620 2406 1676 ab
2435 1623 2498 1676 iis
2525 1623 2614 1692 qui
2645 1640 2741 1681 vos
2765 1627 2986 1695 colunt,
3019 1629 3114 1683 sed
3143 1638 3254 1685 uta
3287 1632 3396 1689 Deo
3422 1637 3691 1693 voc-emitti

2104 1724 2311 1780 aequum
2339 1723 2440 1768 est.
2466 1713 2580 1769 Non
2607 1718 2749 1773 enim
2777 1733 2904 1788 ager
2929 1729 3148 1777 vocatur
3171 1725 3442 1794 agricolze,
3470 1728 3565 1782 sed
3594 1744 3687 1798 pa-

2103 1801 2448 1859 trisfamilias.
2491 1806 2588 1861 Dei
2624 1808 2894 1878 aedificatio
2933 1813 3069 1868 estis.
3116 1814 3319 1870 Rursus
3357 1817 3684 1886 tedificatio,

2101 1905 2206 1945 non
2231 1894 2472 1963 artiﬁcis,
2492 1897 2584 1952 sed
2600 1898 2801 1955 domini
2823 1911 2925 1957 est.
2947 1903 3004 1958 Si
3024 1913 3202 1961 autem
3223 1907 3507 1966 aediﬁcatio
3528 1913 3682 1981 estis,

2100 1997 2206 2038 non
2248 1996 2461 2054 Oportet
2498 2004 2618 2045 esse
2658 1991 2857 2050 divisos
2887 2012 2900 2049 :
2925 1996 3058 2051 alias
3101 1998 3204 2053 hoc
3247 2000 3534 2057 aediﬁcatio
3572 2021 3681 2063 non

2098 2073 2274 2130 fuerit.
2305 2075 2361 2131 Si
2404 2079 2720 2148 agricultura
2749 2084 2878 2139 estis
2901 2126 2918 2151 ,
2949 2101 3058 2142 non
3095 2098 3307 2159 oportet
3343 2093 3552 2162 dividi,
3584 2097 3680 2153 sed

2098 2178 2202 2252 una
2236 2169 2536 2225 concordia:
2575 2186 2703 2242 sepe
2747 2176 2963 2230 muniri.
2993 2178 3081 2233 10.
3115 2178 3410 2237 Secundum
3456 2188 3678 2252 gratiam

2095 2251 2192 2309 Dei
2215 2297 2231 2322 ,
2263 2273 2376 2326 qua:
2400 2259 2521 2314 data
2549 2270 2618 2316 est
2653 2261 2776 2318 mihi
2799 2303 2815 2331 ,
2845 2275 2901 2318 ut
2926 2269 3128 2337 sapiens
3157 2251 3676 2346 are/titectusifunda-

2093 2355 2316 2402 mentum
2353 2350 2517 2418 posui.
2548 2351 2646 2406 Hic
2671 2367 2731 2410 se
2769 2356 3060 2426 sapientem
3089 2363 3296 2417 vocavit
3319 2403 3334 2429 ,
3361 2378 3466 2420 non
3495 2381 3556 2421 se
3580 2383 3676 2423 ex-

2093 2437 2307 2507 tollens,
2329 2440 2423 2495 sed
2445 2456 2504 2496 se
2526 2451 2706 2514 typum
2728 2445 2859 2501 dans
2884 2447 3008 2510 illis.
3031 2459 3086 2505 et
3105 2451 3393 2509 ostendens
3412 2457 3678 2527 sapientis

2091 2543 2210 2584 esse
2235 2546 2394 2586 unum
2422 2547 2622 2603 ponere
2647 2534 3064 2594 fundamentum.
3097 2540 3229 2598 Vide
3255 2559 3484 2616 namque
3509 2565 3670 2618 quam

2089 2622 2362 2678 moderate
2389 2639 2448 2680 se
2474 2637 2642 2696 gerat.
2671 2628 2802 2684 Cum
2829 2631 2972 2687 enim
2997 2647 3058 2689 se
3081 2635 3374 2706 sapientem
3405 2638 3666 2709 dixisset,

2088 2726 2195 2767 non
2217 2712 2338 2769 sivit
2362 2714 2464 2769 hoc
2485 2731 2604 2773 esse
2628 2733 2801 2782 suum,
2825 2720 2919 2775 sed
2950 2737 3070 2777 cum
3096 2739 3159 2779 se
3181 2727 3330 2795 prius
3356 2735 3524 2785 totum
3553 2731 3667 2787 Deo

2085 2802 2437 2873 attribuisset,
2468 2816 2593 2864 tunc
2620 2825 2681 2866 se
2710 2811 2782 2866 ita
2810 2815 3018 2869 vocavit
3046 2833 3060 2869 :
3089 2831 3211 2871 nam
3241 2817 3532 2876 Secundum
3553 2841 3666 2894 gru-

2087 2895 2210 2949 tiant
2251 2895 2383 2962 Dei,
2426 2915 2538 2969 qua:
2583 2900 2703 2956 data
2744 2912 2815 2957 est
2860 2903 3019 2971 mihi,
3064 2904 3259 2978 inquit.
3302 2909 3470 2967 Simul
3518 2917 3662 2971 enim

2083 2987 2313 3042 ostendit
2344 2998 2507 3045 totum
2545 3006 2666 3048 esse
2709 2995 2798 3050 Dei
2828 3005 2884 3050 et
2921 2996 3062 3066 quod
3099 2997 3204 3055 hoc
3231 3003 3462 3060 maxime
3490 3009 3660 3076 gratia

2083 3077 2180 3143 sit,
2209 3093 2315 3132 non
2340 3079 2533 3146 dividi,
2565 3083 2659 3138 sed
2687 3084 2738 3138 in
2770 3100 2874 3140 uno
2907 3086 3087 3155 jacere
3116 3088 3482 3149 fundamento.
3511 3095 3661 3151 Alius

2081 3172 2452 3240 superadiﬁcat
2479 3191 2499 3228 .'
2522 3175 2687 3230 uideat
2726 3188 2893 3231 autem
2931 3183 3266 3253 unusquisque
3289 3189 3540 3254 quomodo
3564 3207 3664 3244 su-

2080 3263 2400 3332 pet-aediﬁcet.
2432 3265 2529 3321 llic
2555 3268 2681 3323 mihi
2712 3269 2918 3326 videtur
2943 3271 3062 3328 illos
3090 3275 3358 3337 inducere.
3392 3289 3446 3333 ut
3474 3290 3656 3337 certa-

2079 3369 2200 3408 men
2231 3355 2410 3410 ineant
2435 3356 2504 3412 de
2530 3359 2632 3413 vita
2661 3359 3002 3430 instituenda,
3032 3365 3155 3434 quia
3181 3367 3302 3422 illos
3331 3371 3498 3425 semel
3525 3386 3658 3427 con-

2071 3443 2248 3514 junxit
2289 3456 2343 3502 et
2383 3463 2544 3503 unum
2586 3450 2728 3505 fecit.
2763 3453 2849 3507 11.
2883 3452 3292 3512 Fundamentum
3333 3461 3466 3514 enim
3508 3463 3656 3517 aliud

2075 3552 2217 3590 nemo
2249 3547 2406 3608 potest
2444 3556 2626 3610 ponere
2663 3551 2844 3612 praeter
2873 3545 2927 3597 id
2955 3547 3089 3614 quod
3115 3549 3334 3616 positum
3368 3560 3440 3604 est
3460 3592 3476 3616 ,
3515 3555 3654 3619 quod

2073 3637 2144 3684 est
2171 3629 2320 3684 .lesus
2350 3629 2601 3686 Christus.
2637 3632 2755 3688 Non
2797 3642 2968 3702 potest
3003 3645 3181 3691 autem
3209 3640 3459 3709 quamdiu
3486 3640 3656 3700 fuerit

2071 3719 2394 3776 architectus
2421 3739 2438 3777 :
2463 3722 2508 3777 si
2549 3731 2724 3778 autem
2763 3723 2993 3792 positum
3035 3726 3234 3793 fuerit,
3268 3729 3378 3797 jam
3419 3747 3527 3787 non
3567 3744 3652 3790 est

2070 3809 2409 3865 architectus.

2139 3901 2192 3955 4.
2234 3900 2365 3955 Vide
2386 3900 2650 3971 quomodo
2672 3916 2704 3955 a
2726 3904 3098 3960 communibus
3119 3907 3424 3965 notionibus
3453 3930 3655 3986 propo-

2068 3993 2226 4047 situm
2250 3999 2416 4046 totum
2440 3992 2644 4062 probet.
2667 3995 2817 4062 Quod
2837 4005 3017 4051 autem
3037 3996 3186 4066 dicit,
3205 3999 3512 4071 hujusmodi
3533 4019 3646 4064 est;

2068 4085 2388 4140 Annuntiavi
2427 4073 2695 4142 Christum
2721 4127 2736 4153 ,
2780 4087 2971 4143 tradidi
3007 4090 3160 4146 vobis
3193 4091 3598 4153 fundamentum
3629 4117 3646 4151 :

2066 4178 2242 4235 videte
2278 4179 2546 4250 quomodo
2583 4179 3049 4252 superaediﬁcetis,
3079 4197 3146 4238 an
3177 4184 3246 4240 ad
3281 4185 3492 4242 inanem
3531 4190 3650 4259 gle-

2067 4271 2198 4326 riam
2219 4313 2235 4340 ,
2263 4286 2332 4326 an
2357 4271 2424 4327 ad
2450 4271 2696 4328 homines
2720 4271 3010 4343 discipulos
3035 4270 3424 4331 abstrahentes.
3455 4277 3534 4334 Ne
3557 4289 3644 4334 at-

2068 4364 2344 4419 tendamus
2373 4379 2500 4435 ergo
2528 4363 2816 4420 haeresibus
2844 4383 2858 4418 :
2885 4365 3284 4423 fundamentum
3314 4367 3458 4422 enim
3496 4369 3646 4424 aliud

2066 4470 2224 4511 nemo
2249 4463 2423 4524 potest
2451 4469 2653 4525 ponere
2682 4463 2875 4525 praeter
2903 4455 2957 4511 id
2982 4457 3122 4527 quod
3151 4455 3378 4527 positum
3409 4467 3512 4514 est.
3543 4459 3648 4515 Su-

2064 4562 2160 4617 per
2181 4547 2352 4616 ipsum
2378 4562 2507 4618 ergo
2534 4546 2878 4616 tediﬁcemus,
2903 4557 2958 4605 et
2982 4558 3040 4605 ut
3063 4548 3409 4606 fundamento
3434 4550 3647 4608 increa-

2065 4653 2185 4696 mus
2208 4680 2224 4706 ,
2255 4648 2313 4694 ut
2342 4640 2547 4710 palmes
2577 4641 2711 4712 viti,
2747 4650 2800 4698 et
2837 4642 2967 4698 nihil
3002 4644 3071 4698 sit
3099 4643 3472 4699 intermedium
3503 4645 3647 4701 inter

2065 4739 2163 4780 nos
2198 4735 2253 4780 et
2294 4723 2564 4781 Christum
2596 4742 2613 4784 :
2641 4741 2763 4782 nam
2804 4727 2850 4782 si
2889 4726 3086 4797 aliquid
3125 4725 3501 4783 intermedium
3527 4729 3643 4798 sit,

2065 4820 2240 4875 statim
2285 4821 2536 4890 perimus.
2585 4820 2794 4876 Palmes
2831 4821 2972 4874 enim
3015 4834 3080 4875 ex
3118 4834 3185 4876 eo
3216 4820 3358 4891 quod
3397 4820 3596 4876 haereat
3623 4863 3644 4890 ,

2068 4913 2227 4969 trahit
2255 4928 2507 4980 succum;
2543 4921 2598 4968 et
2625 4912 2904 4968 aediﬁcium
2929 4951 2948 4978 ,
2976 4911 3117 4981 quod
3156 4914 3227 4968 sit
3262 4925 3596 4983 compacusm
3622 4954 3640 4980 ,

2066 5017 2172 5062 stat
2197 5024 2212 5062 :
2239 5007 2378 5078 quod
2408 5007 2453 5063 si
2481 5006 2802 5076 disjunetum
2833 5004 2936 5070 sit,
2964 5005 3139 5073 perit,
3165 5020 3287 5061 cum
3316 5021 3422 5062 non
3447 5003 3649 5061 habeat

2066 5112 2174 5168 quo
2216 5097 2490 5152 innitatur.
2524 5095 2604 5150 Ne
2644 5095 2819 5164 itaque
2857 5093 3028 5148 solum
3065 5093 3364 5152 haereamus
3391 5095 3645 5163 Christo,

2066 5188 2163 5243 sed
2189 5190 2346 5243 etiam
2369 5186 2472 5257 ipsi
2489 5184 2949 5255 conglutinemur;
2971 5198 3091 5240 nam
3113 5185 3159 5240 si
3181 5183 3428 5254 disjuncti
3450 5185 3643 5251 simus,

2068 5280 2322 5349 perimus.
2358 5277 2556 5331 Etenim
2579 5276 2664 5346 qui
2689 5276 2923 5347 elengant
2951 5293 3006 5333 se
3026 5292 3058 5330 a
3083 5287 3158 5342 te,
3191 5275 3464 5349 peribunt(
3491 5275 3643 5331 Psal.

2071 5371 2158 5424 72.
2181 5369 2295 5441 27),
2329 5369 2515 5439 inquit.
2545 5366 2983 5436 Conglutinemttr
3003 5381 3130 5438 ergo
3152 5366 3277 5437 ipsi,
3299 5376 3354 5422 et
3375 5365 3648 5436 congluti-

2068 5476 2257 5516 nemur
2285 5475 2378 5531 per
2403 5473 2565 5528 opera
2591 5474 2607 5514 :
2632 5458 2734 5526 Qui
2763 5461 2906 5516 enim
2932 5467 3115 5514 servat
3143 5458 3390 5513 mandata
3417 5471 3557 5524 mea,
3587 5456 3648 5512 in

2069 5567 2174 5616 me,
2203 5551 2408 5623 inquit,
2439 5559 2621 5606 manet
2646 5549 2823 5623 (Joan.
2853 5551 2938 5606 14.
2964 5547 3080 5620 Si).
3113 5547 3324 5604 Etenim
3355 5562 3449 5618 per
3473 5545 3649 5601 multa

2069 5644 2313 5717 exempla
2355 5657 2454 5701 nos
2491 5642 2684 5716 jungit.
2731 5640 3108 5700 Animadverte
3145 5649 3369 5698 autem:
3402 5638 3514 5716 ipse
3557 5647 3654 5698 est
