3954 6130
389 227 465 289 Ἰ3
1069 231 1126 288 S.
1166 225 1454 287 JOANNIS
1491 225 1992 286 CHRYSOSTOMI
2023 228 2352 289 'A‘RCHIEP.
2393 231 2942 292 CONSTAN‘I‘INOP.
3595 237 3662 292 74

389 369 560 424 μενοι·
599 352 760 416 αὐτὸς
792 353 854 406 τὸ
893 353 1027 423 φῶς,
1064 356 1228 426 ήμεῖς
1267 359 1314 409 οί
1362 356 1742 427 φωτιζόμενοι.
1786 351 1973 408 Ταῦτα

386 437 570 526 πάντα¹
600 446 795 500 ἐνωσιν
821 460 845 488 α
882 448 1153 518 ἐμφαίνει,
1191 449 1284 501 καὶ
1306 450 1460 502 οὐδὲν
1490 449 1654 520 μέσον
1695 448 1849 502 κενὸν
1874 447 1972 514 ἀφ-

390 541 534 610 ίησιν
559 537 717 604 εἶναι,
747 533 868 594 οὐδέ
897 539 956 594 τὸ
987 541 1331 612 μικρότατον.
1377 540 1436 594 'O
1469 541 1578 612 γὰρ
1611 539 1804 612 μικρὸν
1837 540 1966 592 ἀπο-

387 633 537 698 στάς,
574 633 667 687 καὶ
697 622 830 686 πολὺ
860 627 1063 704 προῖὼν
1086 632 1476 703 ἀποστήσεται.
1506 634 1618 686 Καὶ
1649 633 1758 703 γὰρ
1785 631 1845 684 τὸ
1870 631 1972 684 σῶ-

387 741 484 793 μα,
521 725 587 777 ἂν
627 725 829 796 μικρὰν
865 725 974 778 ἀπὸ
1015 724 1204 794 ξίφους
1251 716 1533 779 διάστασιν
1564 716 1806 792 δέξηται,
1856 720 1974 776 δια-

383 815 702 886 φθείρεται’
768 817 861 870 καὶ
909 818 942 887 ὴ
997 811 1271 888 οἰκοδομὴ,
1325 818 1432 871 κᾶν
1483 817 1676 889 μικρὸν
1720 816 1968 888 διαχάνῃ,

381 907 729 963 καταλύεταιο
753 908 845 962 καὶ
867 908 967 977 τῆς
995 907 1149 979 ῥίζης
1171 910 1233 962 τὸ
1252 909 1461 980 κλῆμα,
1488 907 1590 963 κᾶν
1618 908 1812 978 μικρὸν
1839 909 1974 961 ἀπο-

381 1003 546 1071 κοπῇ,
583 1002 1136 1071 γέγονεν’ἆχρηστον.
1172 1001 1335 1054 Ὥστε
1366 1001 1426 1054 τὸ
1463 1001 1659 1072 μικρὸν
1691 1000 1852 1054 τοῦτο
1873 1000 1972 1053 οὐκ

379 1094 493 1147 ἔστι
525 1092 739 1164 μικρὸν,
784 1085 923 1146 ’ἀλλά
965 1093 1060 1146 καὶ
1106 1094 1293 1163 σχεδὸν
1341 1094 1402 1146 τὸ
1447 1095 1566 1148 ὅλον
1595 1094 1762 1148 ἐστίν.
1803 1095 1971 1146 Ὅταν

379 1182 474 1239 οὖν
517 1185 712 1256 μικρόν
739 1194 796 1238 ’τι
835 1184 1317 1255 πλημμελήσωμεν
1342 1185 1376 1255 ἦ
1408 1185 1504 1238 καὶ
1535 1183 1968 1256 ρᾳθυμήσωμεν,

511 1269 827 1347 παρίδωμεν
874 1275 936 1327 τὸ
995 1275 1209 1346 μικρόν·
1270 1274 1393 1328 ἐπεὶ
1431 1275 1642 1346 ταχέως
1687 1274 1970 1346 παροφθὲν

374 1365 536 1420 τοῦτο
573 1365 714 1436 μέγα
759 1364 988 1433 γίνεται.
1031 1364 1186 1418 Οὕτω
1219 1365 1311 1419 καὶ
1353 1365 1566 1435 ἱμάτιον
1599 1365 1775 1436 ἀρχὴν
1805 1364 1970 1418 λαϐὸν

379 1455 682 1530 ῥήγνυσθαι
709 1458 802 1512 καὶ
826 1447 1120 1528 ἀμεληθὲν,
1146 1453 1321 1511 διόλου
1351 1457 1412 1511 τὸ
1435 1457 1642 1529 σχίσμα
1665 1459 1968 1529 προήγαγε’

375 1552 473 1606 καλ⁴
519 1547 726 1621 ’ὖροφος
787 1540 984 1618 ὀλίγων
1043 1550 1306 1621 κεράμων
1367 1544 1785 1604 καταπεσὼτων
1826 1568 1964 1621 παρ-

375 1643 582 1711 οφθεὶς,
619 1641 912 1711 ὁλόκληρον
964 1640 1054 1694 τὸν
1097 1637 1245 1695 οἷκον
1289 1644 1618 1713 κατήνεγκε.
1670 1637 1848 1698 ’Ταῦτ’
1876 1639 1968 1698 οὖν

372 1737 534 1804 ἡμεῖς
565 1731 926 1802 λογιζόμενοι,
967 1732 1237 1802 μηδέποτε
1285 1732 1394 1786 τῶν
1442 1735 1655 1804 μικρῶν
1685 1752 1965 1806 καταφρο-

371 1827 573 1897 νῶμεν,
615 1825 703 1879 ῖνα
747 1825 822 1896 μὴ
847 1825 927 1889 είς
957 1824 1024 1877 τά
1060 1825 1270 1895 μεγάλα
1302 1826 1653 1896 ἐμπέσωμεν·
1684 1826 1750 1880 ἂν
1783 1827 1828 1879 δ’
1857 1828 1965 1898 ἄρα

369 1918 892 1991 καταφρονήσωμεν,
925 1917 1019 1970 καὶ
1062 1919 1142 1980 είς
1169 1917 1230 1969 τὸ
1265 1917 1427 1988 βάθος
1455 1916 1706 1988 ἔλθωμεν
1731 1919 1837 1974 τῶν
1862 1936 1962 1973 κα-

368 2011 501 2074 κῶν,
542 2010 678 2081 μηδὲ
706 2010 883 2063 ἐκεῖσε
918 2008 1200 2078 γενόμενοι
1231 2009 1582 2079 ἀπογνῶμεν,
1628 2010 1716 2063 ἵνα
1761 2011 1834 2082 μὴ
1861 2012 1963 2080 ἐμ-

368 2105 622 2174 πέσωμεν
667 2104 746 2165 εἰς
789 2100 1159 2172 καρηϐαρίαν.
1192 2099 1309 2172 [71]
1337 2101 1605 2155 Δύσκολον
1635 2102 1742 2174 γάρ
1777 2103 1963 2158 λοιπὸν

367 2194 614 2250 ἀνελθεῖν
641 2193 850 2247 ἐκεῖθεν
881 2191 972 2246 τὸν
1033 2191 1106 2262 μὴ
1142 2191 1346 2263 σφόδρα
1382 2193 1645 2262 νήφοντα,
1680 2195 1740 2247 οὐ
1776 2195 1864 2248 διὰ
1901 2196 1962 2249 τὸ

371 2287 547 2358 μῆκος
581 2284 766 2355 μόνον,
816 2282 952 2337 ἀλλά
987 2283 1080 2336 καὶ
1106 2282 1195 2335 διὰ
1223 2282 1320 2352 τὴν
1360 2283 1508 2336 θέσιν
1559 2285 1751 2357 αὐτήν.
1791 2288 1962 2353 Βάθος

366 2379 476 2450 γάρ
504 2379 620 2432 ἐστι
671 2377 765 2430 καὶ
810 2377 844 2446 ή
871 2375 1138 2447 ἁμαρτία,
1180 2377 1276 2430 καὶ
1315 2376 1465 2431 κάτω
1498 2376 1740 2448 φέρουσα
1766 2379 1958 2435 θλίϐει.

366 2469 479 2523 Καὶ
499 2468 750 2538 καθάπερ
787 2468 838 2520 oi
866 2469 944 2530 είς
973 2467 1150 2537 φρέαρ
1178 2466 1512 2538 ἐμπεσόντες
1541 2467 1642 2521 οὐκ
1671 2468 1736 2521 ἂν
1763 2469 1963 2539 ῥᾳδίως

365 2559 659 2624 ἀνέλθοιεν,
692 2558 805 2612 ἀλλ’
833 2559 1039 2629 ἐτέρων
1063 2558 1351 2629 δεήσονται
1379 2558 1489 2611 τῶν
1515 2559 1830 2629 ἀναγόντων
1863 2562 1961 2616 αὐ-

363 2651 511 2716 τούς’
545 2650 688 2704 οὕτω
712 2651 806 2704 καὶ
826 2651 854 2703 6
881 2652 959 2713 είς
989 2649 1152 2720 βάθος
1177 2648 1344 2703 ἐλθὼν
1381 2649 1490 2704 τῶν
1516 2651 1956 2722 ἁμαρτημάτων.

366 2743 709 2814 Χαλάσωμεν
746 2737 840 2796 οὖν
894 2742 1102 2812 σχοινία
1154 2743 1293 2814 πρὸς
1343 2743 1473 2807 τοὺς
1523 2746 1817 2812 τοιούτους,
1865 2748 1960 2800 καὶ

364 2835 782 2908 ἀνιμησώμεθα”
827 2834 1026 2904 μᾶλλον
1055 2834 1111 2886 δὲ
1150 2835 1247 2904 οὐχ
1273 2835 1474 2905 ἐτέρων
1505 2835 1585 2888 δεῖ
1612 2837 1791 2906 μόνον,
1822 2839 1959 2894 ἀλλά

364 2930 458 2984 καὶ
505 2927 662 2999 ήμῶν
699 2927 900 2991 αὐτῶν,
949 2923 1037 2980 ἵνα
1085 2927 1178 2979 καὶ
1228 2925 1456 2990 ἑαυτοὺς
1503 2928 1799 3000 ἐπιδῶμεν,
1859 2930 1952 2986 καὶ

363 3019 766 3092 ἀναϐησώμεθα
818 3019 878 3072 οὐ
929 3016 1204 3083 τοσοῦτον,
1256 3019 1380 3073 ὅσον
1431 3021 1765 3092 κατέϐημεν,
1817 3022 1958 3078 ἀλλά

364 3110 545 3182 πολλῷ
587 3110 771 3175 πλέον,
813 3110 907 3162 ἐὰν
949 3108 1289 3180 βουλώμεθα.
1326 3111 1434 3163 Καὶ
1466 3111 1575 3183 γὰρ
1603 3114 1631 3166 6
1660 3113 1794 3177 Θεὸς
1830 3113 1955 3186 βοη-

368 3205 472 3258 θεῖο
536 3205 618 3257 Οὐ
645 3203 754 3273 γάρ
780 3203 1070 3267 ,βούλεται
1111 3201 1219 3256 τὸν
1248 3200 1510 3259 θάνατον
1545 3204 1653 3259 τοῦ
1685 3205 1952 3274 ἀμαρτω-

363 3295 499 3358 λοῦ,
529 3295 610 3360 ὡς
647 3293 711 3347 τὸ
737 3293 1096 3362 ἐπιστρέψαι
1124 3293 1328 3347 αὐτόν.
1362 3293 1568 3365 Μηδεὶς
1596 3295 1777 3349 τοίνυν
1815 3299 1952 3351 ἀπο-

361 3385 698 3452 γινωσκέτω,
737 3383 928 3456 μηδεὶς
973 3383 1033 3436 τὸ
1062 3382 1168 3436 τῶν
1206 3383 1420 3438 ἀσεϐῶν
1463 3385 1719 3455 πασχέτω
1754 3387 1947 3452 πάθος·

361 3479 586 3533 ἐκείνων
627 3478 737 3549 γάρ
776 3479 890 3531 ἐστι
937 3477 997 3530 τὸ
1033 3477 1274 3532 τοιοῦτον
1316 3479 1641 3551 ἁμάρτημα.
1698 3481 1950 3550 Ἀσεϐὴς

358 3570 502 3641 γὰρ,
538 3571 691 3640 φησὶ,
733 3569 926 3624 ἐλθὼν
959 3571 1046 3634 εἰς
1075 3567 1271 3636 ,βάθος
1309 3569 1530 3638 κακῶν,
1566 3573 1944 3641 καταφρονεῖ.

421 3659 594 3715 Ὥστε
630 3662 690 3714 οὐ
726 3661 786 3714 τὸ
828 3660 1030 3731 πλῆθος
1055 3662 1165 3712 τῶν
1207 3662 1626 3732 ἁμαρτημάτων
1674 3667 1823 3718 ποιεῖ
1847 3665 1946 3737 τὴν

357 3753 687 3820 ἀπόγνωσιν,
718 3751 833 3804 ἀλλ’
868 3753 901 3821 ἡ
936 3751 1028 3802 τοῦ
1060 3750 1290 3814 ἀσεϐοῦς
1331 3752 1546 3823 γνώμη.
1601 3754 1723 3807 Κᾶν
1761 3759 1945 3812 πᾶσαν

356 3842 536 3895 τοίνυν
565 3838 801 3910 ἐπέλθῃς
830 3839 1046 3901 κακίαν,
1079 3839 1200 3891 εἰπὲ
1225 3841 1361 3910 πρὸς
1394 3841 1605 3894 ἑαυτόν·
1639 3843 1946 3916 Φιλάνθρω.

357 3933 458 3996 πός
499 3933 647 3984 ἐστιν
698 3931 727 3983 6
777 3930 928 3995 Θεὸς,
971 3930 1065 3984 καὶ
1111 3930 1210 4000 τῆς
1244 3932 1518 4002 σωτηρίας
1557 3932 1814 4004 ἐπιθυμεῖ
1844 3938 1942 4007 τῆς

358 4022 657 4094 ἡμετέρας.
696 4017 844 4074 Ἐὰν
888 4020 996 4089 τὰρ
1030 4013 1180 4074 ὦσιν
1216 4022 1276 4074 αὶ
1318 4021 1599 4090 ἁμαρτίαι
1646 4021 1814 4092 ὑμῶν
1861 4027 1942 4093 ὠς

359 4109 696 4180 φοινικοῦν,
729 4109 809 4174 ὡς
829 4110 1006 4178 χιόνα
1032 4107 1327 4174 λωκανῶ,
1362 4111 1514 4181 φησὶ,
1547 4111 1642 4165 καὶ
1672 4113 1807 4184 πρὸς
1843 4115 1940 4187 τὴν

358 4201 606 4255 ἐναντίαν
649 4201 764 4266 ἕξιν
813 4201 1157 4271 μεταστήσω.
1187 4201 1279 4271 Μὴ
1322 4203 1502 4257 τοίνυν
1549 4205 1940 4278 ἀπαγορεύσω-

356 4309 478 4362 μεν·
505 4293 566 4347 οὐ
597 4294 703 4366 γάρ
733 4291 792 4346 τὸ
827 4294 1012 4344 πεσεῖν
1049 4291 1191 4346 οὔτω
1220 4293 1474 4365 χαλεπὸν,
1502 4296 1578 4360 ὡς
1614 4297 1675 4350 τὸ
1704 4299 1938 4354 πεσόντα

357 4385 591 4438 κεῖσθαιο
622 4383 746 4436 οὐτε
783 4383 846 4436 τὸ
894 4384 1166 4454 τρωθῆναι
1203 4386 1396 4455 δεινὸν,
1431 4389 1507 4452 ὡς
1554 4388 1614 4442 τὸ
1658 4391 1937 4462 τρωθέντα

359 4475 435 4546 μὴ
463 4474 748 4543 βούλεσθαι
778 4473 1199 4546 θεραπεύεσθαι.
1237 4477 1337 4544 Τίς
1394 4478 1507 4548 γὰρ
1559 4483 1936 4551 καυχήσεται

356 4565 552 4637 ἁγνὴν
590 4567 755 4636 ἔχειν
782 4565 897 4636 τὴν
933 4568 1222 4636 καρδίαν;
1257 4571 1294 4638 ἢ
1327 4570 1420 4635 τίς
1461 4572 1935 4639 παῤῥησιάσεται

355 4660 615 4728 καθαρὸς
665 4656 816 4713 εἶναι
863 4660 982 4714 ἀπὸ
1037 4660 1375 4730 ἁμαρτιῶν;
1415 4661 1600 4716 Ταῦτα
1637 4663 1801 4733 λέγω,
1836 4667 1933 4738 οὐχ

354 4748 442 4801 ῖνα
470 4749 869 4820 ῥᾳθυμοτέρως
899 4750 1043 4820 ὑμᾶς
1076 4752 1305 4822 ποιήσω,
1333 4750 1449 4804 ἀλλ’
1482 4753 1566 4806 ῐνα
1595 4753 1824 4808 κωλύσω
1852 4757 1930 4821 είς

351 4840 662 4910 ἀπόγνωσιν
689 4842 977 4913 ἐμπεσεῖν.

421 4939 482 4988 ε’.
499 4933 682 4988 Βούλει
701 4934 892 5006 μαθεῖν
913 4933 1028 4996 πῶς
1046 4935 1191 4987 ἐστιν
1207 4933 1361 5005 ἡμῶν
1377 4935 1578 5006 ἀγαθὸς
1591 4939 1618 4992 6
1630 4917 1924 5009 Δεσπότης;

363 5024 616 5094 Ἀνῆλθεν
656 5029 685 5079 6
723 5025 960 5097 τελώνης
995 5025 1206 5096 μυρίων
1231 5026 1416 5097 γέμων
1465 5028 1674 5095 κακῶν,
1724 5029 1817 5083 καὶ⁷
1850 5032 1928 5084 εί-

349 5114 488 5176 πὼν,
527 5114 829 5182 Ἰλάο-θητί
845 5135 968 5186 μοι,
1011 5117 1192 5188 μόνον,
1225 5117 1460 5189 κατῆλθε
1483 5119 1922 5190 δεδικαιωμένος.

347 5203 461 5259 Καὶ
489 5203 575 5258 διά
602 5204 692 5258 τοῦ
719 5209 996 5278 προφήτου
1024 5209 1080 5262 δέ
1105 5226 1267 5280 φησιν
1297 5213 1325 5264 6
1353 5211 1503 5272 Θεός·
1535 5212 1612 5264 Δι’
1633 5212 1926 5280 ἁμαρτίαν

341 5298 545 5366 ,βραχύ
575 5315 627 5350 τι
651 5297 932 5366 ἐλύπησα
963 5301 1168 5365 αὐτόν,
1196 5303 1293 5355 καί
1325 5303 1488 5356 εἶδον
1523 5302 1611 5356 ὅτι
1643 5304 1920 5374 ἐλυπήθη

344 5387 444 5442 καὶ
491 5387 781 5455 ἐπορεύθη
826 5388 1111 5456 στυγνὸς,
1156 5389 1253 5442 καί
1289 5390 1552 5460 ἰασάμην
1594 5393 1702 5459 τὰς
1745 5394 1924 5461 ὁδοὺς

345 5477 553 5533 αὐτοῦ.
583 5478 647 5530 Τί
670 5479 765 5549 τῆς
798 5477 1204 5550 φιλανθρωπίας
1235 5481 1438 5552 ταύτης
1473 5482 1616 5549 ῖσον;
1650 5486 1767 5540 Ἵνα
1797 5503 1923 5539 στυ-

344 5571 520 5645 γνάσῃ
548 5569 729 5641 μόνον,
769 5571 954 5640 φησὶν,
981 5571 1168 5641 ἀφῆκα
1197 5572 1264 5626 τὰ
1298 5571 1694 5644 ἁμαρτήματα,
1731 5578 1922 5648 Ἡμεῖς

405 5827 431 5857 ⁸
463 5825 582 5890 Reg.
594 5863 606 5887 ,
623 5825 892 5899 ne.ch

2082 349 2139 403 δὲ
2167 353 2286 406 οὐδέ
2320 355 2450 408 αὐτὸ
2489 354 2648 408 τοῦτο
2685 355 2950 426 ποιοῦμεν
2970 371 2983 385 °
3017 354 3100 408 διὸ
3140 355 3376 426 μάλιστα
3413 355 3505 412 τὸν
3533 357 3668 416 Θεὸν

2083 444 2511 516 παροργίζομεν.
2551 448 2610 500 '0
2636 446 2744 516 γάρ
2781 448 2874 500 καὶ
2911 445 3000 499 διὰ
3047 447 3261 519 μικρῶν
3301 447 3462 512 ἵλεως
3507 451 3665 518 γενό-

2085 551 2266 604 μενος,
2291 538 2418 589 ὅταν
2450 538 2524 609 μὴ
2552 538 2757 593 τούτων
2778 540 2937 612 τύχῃ,
2965 541 3191 604 εἰκότως
3219 541 3537 608 ἀγανακτεῖ,
3572 543 3665 594 καὶ

2079 624 2178 696 τὴν
2203 626 2438 697 ἐσχάτην
2469 628 2690 682 ἀπαιτεῖ
2715 630 2984 700 τιμωρίαν
3018 631 3186 701 ἡμᾶς’
3218 627 3663 700 ὑπερϐαλλούσης

2079 716 2188 787 γάρ
2221 718 2336 770 ἐστι
2373 717 2530 772 τοῦτο
2580 721 3059 790 καταφρονήσεως.
3111 720 3208 784 Τίς
3248 718 3380 788 γοῦν
3417 719 3662 792 ἐλυπήθη

2080 808 2210 862 ποτὲ
2268 802 2335 864 δι’
2369 812 2672 884 άμαρτίας;
2719 814 2801 877 τίς
2857 811 3145 878 ἐστέναξε;
3207 811 3288 876 τίς
3346 811 3406 864 τὸ
3470 813 3662 883 στῆθος

2080 894 2313 972 ἐπληξε;
2344 903 2427 966 τίς
2450 903 2852 975 ἐμερίμνησεν;
2882 903 3087 957 Οὐδένα
3111 902 3282 972 ἔγωγε
3313 895 3490 973 οἷμαν
3524 903 3661 956 ἀλλά

2081 995 2279 1066 μυρίας
2322 997 2420 1066 μὲν
2449 997 2660 1068 ἡμέρας
2688 995 2976 1067 θρηνοῦσιν
3017 996 3295 1067 ἄνθρωποι
3337 995 3479 1066 ὑπὲρ
3514 996 3659 1049 οίκε-

2077 1085 2184 1139 τῶν
2218 1086 2616 1153 ἀποθανόντων,
2652 1089 2791 1159 ὑπὲρ
2839 1088 3042 1160 ζημίας
3092 1088 3424 1159 χρημάτων
3461 1086 3561 1157 τὴν
3603 1087 3658 1139 δέ

2076 1179 2252 1250 ψυχὴν
2304 1179 2634 1244 ἀπολλύντες
2684 1181 2806 1234 καθ’
2846 1182 3082 1251 ἑκάστην
3130 1179 3363 1251 ἡμέραν,
3401 1179 3523 1232 οὐδέ
3576 1180 3656 1241 είς

2077 1271 2200 1325 νοῦν
2226 1271 2551 1342 βαλλόμεθα.
2587 1273 2712 1337 Πῶς
2740 1269 2833 1325 οὖν
2859 1273 3063 1344 δυνήσῃ
3095 1271 3182 1325 τὸν
3207 1271 3339 1350 Θεὸν
3363 1268 3656 1335 ἐξιλεώσα-

2079 1362 2222 1431 σθαι,
2263 1365 2393 1418 ὅταν
2428 1365 2561 1436 μηδὲ
2602 1367 2682 1418 ὅτι
2734 1366 3002 1435 ἥμαρτες,
3057 1363 3244 1433 εἰδῇς;
3282 1362 3414 1426 Ναὶ,
3465 1362 3652 1431 φησὶν,

2074 1458 2340 1530 ἥμαρτον.
2359 1457 2487 1523 Ναὶ,
2521 1459 2609 1528 μοὶ
2629 1459 2805 1526 λέγεις
2832 1461 2899 1527 τῇ
2924 1455 3157 1528 γλώττῃ,
3190 1455 3309 1508 εἰπέ
3337 1471 3427 1524 μοι
3451 1457 3518 1524 τῇ
3543 1454 3656 1506 δια-

2074 1550 2214 1620 νοίᾳ,
2247 1553 2339 1604 καὶ
2387 1550 2523 1621 μετά
2566 1550 2659 1604 τοῦ
2698 1552 2939 1621 ῥήματος
2967 1546 3240 1612 στέναξον,
3269 1546 3355 1600 ἵνα
3387 1545 3652 1616 διηνεκῶς

2075 1642 2336 1716 εὐθυμῇς.
2357 1645 2466 1699 Καὶ
2494 1645 2600 1714 γὰρ
2621 1646 2669 1697 εί
2693 1641 2966 1715 ήλγοῦμεν
2987 1640 3077 1695 ἐπὶ
3097 1642 3206 1705 τοῖς
3237 1640 3454 1710 ἀμαρτή
3465 1656 3647 1708 μασιν,

2073 1737 2121 1788 εί
2168 1734 2527 1804 ἐστενάζομεν
2565 1735 2656 1787 ἐπὶ
2701 1730 2813 1796 τοῖς
2859 1731 3344 1803 πλημμελήμασιν,
3389 1729 3543 1782 οὐδὲν
3584 1728 3650 1782 ἂν

2071 1827 2199 1880 ἄλλο
2228 1829 2374 1897 ήμᾶς
2399 1826 2656 1896 ἐλύπησε,
2689 1824 2790 1894 τῆς
2822 1824 3012 1894 ὀδύνης
3041 1813 3244 1892 ταύτης
3296 1823 3478 1875 πᾶσαν
3521 1820 3648 1874 ἀθυ-

2075 1919 2202 1988 μίαν
2230 1917 2677 1989 παρωθουμένης.
2701 1915 2816 1988 [72]
2853 1916 3014 1968 Ὥστε
3067 1915 3160 1969 καὶ
3190 1914 3375 1985 ἕτερον
3405 1912 3470 1966 ἂν
3493 1914 3648 1984 ἐκερ-

2069 2009 2324 2080 δαίνομεν
2361 2010 2498 2080 μετά
2529 2009 2626 2080 τῆς
2663 2007 3117 2078 ἐξομολογήσεως,
3161 2006 3220 2058 τὸ
3275 2005 3350 2076 μὴ
3394 2004 3648 2074 βαπτίζε-

2073 2101 2196 2155 σθαι
2238 2104 2350 2164 τοῖς
2393 2102 2654 2172 λυπηροῖς
2693 2100 2787 2155 τοῦ
2822 2101 3086 2171 παρόντος
3131 2098 3268 2169 βίου,
3309 2097 3444 2168 μηδὲ
3472 2099 3648 2167 φυσᾶ-

2071 2194 2194 2248 σθαι
2221 2198 2334 2258 τοῖς
2359 2195 2653 2266 λαμπροῖς·
2678 2196 2772 2248 καὶ
2797 2193 2966 2264 ταύτῃ
2991 2193 3152 2246 πάλιν
3189 2191 3448 2262 μειζόνως
3479 2190 3547 2243 ἂν
3567 2190 3647 2257 ἐξ·

2072 2287 2414 2358 ιλεωσάμεθα
2441 2288 2532 2341 τὸν
2568 2287 2722 2355 Θεὸν,
2759 2287 2946 2359 ὥσπερ
2982 2281 3094 2350 οὖν,
3130 2281 3213 2348 οἷς
3240 2284 3500 2355 ποιοῦμεν
3525 2283 3644 2347 νῦν,

2067 2381 2462 2454 παροξύνομεν.
2516 2382 2650 2434 Εἰπέ
2695 2381 2802 2451 γάρ
2838 2394 2950 2450 μοι,
2990 2379 3044 2431 εῖ
3075 2395 3196 2430 τινα
3230 2376 3372 2446 ἔχεις
3402 2375 3642 2447 οἰκέτην,

2067 2476 2162 2529 καὶ⁵
2189 2473 2358 2528 πολλὰ
2385 2473 2571 2530 παθὼν
2597 2474 2803 2536 ἐκεῖνος
2833 2470 2976 2525 κακά
3006 2470 3156 2539 παρά
3182 2469 3291 2523 τῶν
3317 2467 3640 2538 ὁμοδούλων,

2064 2567 2173 2620 τῶν
2203 2567 2300 2637 μὲν
2329 2567 2504 2621 ἄλλων
2539 2565 2764 2637 μηδενὸς
2790 2563 2946 2633 λόγον
2994 2564 3216 2626 ποιοῖτο,
3261 2561 3402 2631 ὑπὲρ
3439 2559 3496 2612 δέ
3545 2558 3638 2612 τοῦ

2068 2660 2142 2732 μὴ
2168 2657 2594 2729 παροργίζεσθαι
2621 2657 2711 2711 τὸν
2730 2657 2997 2728 δεσπότην
3020 2653 3292 2726 φροντίζοι
3325 2653 3507 2724 μόνον,
3534 2647 3643 2722 ἆρα

2063 2755 2160 2825 οὐχ
2205 2753 2385 2816 ἱκανὸς
2431 2753 2537 2806 ἀπὸ
2564 2751 2755 2804 τούτου
2787 2750 2947 2820 μόνου
2977 2747 3138 2802 λῦσαί
3185 2764 3279 2800 σου
3309 2746 3405 2817 τήν
3436 2747 3639 2817 ὀργήν;

2063 2843 2234 2914 Τίδέ,
2262 2843 2328 2897 ἂν
2356 2843 2465 2896 τῶν
2502 2842 2600 2912 μὲν
2634 2843 2712 2906 είς
2753 2841 2812 2893 σὲ
2843 2839 3332 2910 πλημμελημάτων
3369 2835 3643 2907 μηδεμίαν

2062 2935 2269 2988 ποιοῖτο
2301 2933 2576 3003 φροντίδα,
2606 2932 2747 3002 ὑπὲρ
2779 2931 2835 2984 δὲ
2857 2931 2968 2984 τῶν
2999 2929 3133 3001 πρὸς
3160 2929 3288 2992 τοὺς
3317 2926 3641 2999 ὁμοδούλους

2061 3026 2358 3098 φροντίζοι,
2392 3026 2511 3096 οὐχὶ
2536 3024 2758 3095 μείζονα
2781 3022 3001 3088 ἐπάξεις
3022 3023 3122 3094 τὴν
3148 3020 3452 3092 τιμωρίαν;
3482 3017 3643 3073 Οὕτω

2061 3120 2155 3174 καὶ
2179 3122 2207 3173 ὁ
2243 3118 2376 3182 Θεὸς
2403 3120 2563 3171 ποιεῖ·
2603 3117 2730 3170 ὅταν
2762 3115 2860 3187 μὲν
2885 3114 3178 3184 ἀμελῶμεν
3214 3113 3378 3166 αὐτοῦ
3415 3112 3515 3183 τῆς
3545 3113 3643 3183 ὀρ-

2059 3212 2181 3282 γῆς,
2220 3211 2580 3282 σφοδροτέραν
2618 3209 2814 3278 ἐπάγει
2843 3207 3035 3280 α’ὐτήνδ
3075 3209 3202 3285 ὅταν
3235 3207 3290 3260 δὲ
3338 3205 3640 3277 φροντίζω-

2062 3320 2181 3373 μεν,
2227 3301 2624 3373 ήμερωτέραν·
2681 3300 2880 3372 μᾶλλον
2930 3299 2985 3353 δὲ
3037 3300 3157 3353 οὐδέ
3188 3298 3382 3367 ἐπάγει
3427 3297 3634 3351 λοιπόν·

2059 3393 2307 3464 βούλεται
2354 3391 2464 3462 γὰρ
2505 3392 2654 3462 ἡμᾶς
2691 3391 2916 3454 ἑαυτοὺς
2945 3389 3194 3443 ἀπαιτεῖν
3239 3390 3338 3460 τὴν
3367 3389 3639 3460 τιμωρίαν

2054 3486 2164 3539 τῶν
2197 3485 2622 3557 ἡμαρτημένων,
2651 3485 2744 3538 καὶ
2767 3484 2950 3538 οὐκέτι
2976 3482 3160 3536 λοιπὸν
3192 3481 3352 3545 αὐτὸς
3391 3480 3633 3534 ἀπαιτεῖ.

2053 3577 2153 3631 Διά
2173 3577 2332 3631 τοῦτο
2359 3577 2467 3648 γάρ
2498 3578 2590 3630 καὶ
2623 3575 2839 3630 ἀπειλεῖ
2857 3576 2956 3646 τὴν
2982 3574 3272 3645 τιμωρίαν,
3310 3575 3395 3627 ἴνα
3427 3573 3507 3643 τῷ
3539 3573 3640 3640 φό-

2053 3669 2132 3741 ϐῳ
2159 3668 2256 3740 τὴν
2293 3669 2700 3740 καταφρόνησιν
2723 3667 2908 3737 ἀνέλῃο
2938 3666 3067 3720 ὅταν
3092 3665 3148 3719 δὲ
3184 3665 3244 3729 ἐξ
3277 3665 3506 3736 ἀπειλῆς
3532 3683 3639 3734 φο-

2051 3761 2306 3833 ϐηθῶμεν
2334 3761 2522 3831 μόνης,
2562 3761 2664 3812 οὐκ
2701 3760 2925 3826 ἀφίησιν
2957 3758 3243 3827 ὑπομεῖναι
3271 3757 3373 3826 τὴν
3409 3760 3632 3828 πεῖραν.

2051 3856 2194 3925 Ὅρα
2225 3852 2354 3920 γοῦν
2392 3851 2528 3921 πρὸς
2563 3850 2654 3902 τὸν
2693 3848 2962 3918 Ἰερεμίαν
3008 3847 3061 3898 τί
3099 3862 3282 3914 φησιν·
3321 3849 3444 3915 Οὐχ
3486 3847 3637 3917 ὁρᾷς

2047 3947 2105 4000 τί
2160 3943 2329 3998 αὐτοὶ
2376 3940 2694 4003 ποιοῦσινη
2735 3941 2797 3992 Οἱ
2837 3936 3086 4005 πατέρες
3128 3934 3330 3990 αὐτῶν
3383 3938 3635 3992 καίουσι

2046 4037 2185 4107 πῦρ,
2218 4035 2275 4090 οὶ
2295 4034 2411 4090 vlo!
2435 4031 2632 4088 αὐτῶν
2670 4029 3010 4100 συνάγουσι
3045 4030 3222 4095 ξύλα,
3248 4032 3307 4083 al
3344 4031 3635 4099 γυναῖκες

2045 4130 2244 4186 αὐτῶν
2269 4129 2538 4198 τρίϐουσι
2558 4125 2730 4193 σταῖς
2757 4125 2807 4180 ιι.
2839 4125 2969 4188 Δέος
3002 4124 3076 4196 μὴ
3097 4123 3335 4194 καὶπερὶ
3362 4123 3520 4194 ήμῶν
3547 4124 3629 4176 λε.

2043 4224 2146 4296 χθῇ
2175 4241 2228 4277 τι
2255 4221 2517 4278 τοιοῦτον.
2549 4221 2673 4288 Οὐχ
2703 4217 2845 4287 ὁρᾷς
2873 4217 2931 4270 τί
2969 4215 3137 4271 αὐτοὶ
3166 4213 3489 4280 ποιοῦσιν;
3515 4215 3624 4267 Οὐ-

2043 4315 2154 4379 δεὶς
2192 4314 2264 4368 τά
2291 4313 2383 4367 τοῦ
2411 4311 2648 4384 Χριστοῦ
2676 4311 2848 4380 ζητεῖ,
2889 4307 3026 4362 ἀλλά
3053 4307 3251 4370 πάντες
3288 4303 3358 4358 τά
3389 4305 3621 4360 έαυτῶν.

2044 4407 2108 4458 Οἱ
2135 4406 2241 4459 υἱοὶ
2263 4405 2439 4459 αὐτῶν
2463 4405 2542 4466 είς
2565 4402 2849 4471 ἀσελγείας
2871 4403 3171 4474 τρέχουσιν,
3202 4402 3251 4453 οἱ
3273 4398 3506 4469 πατέρες
3533 4399 3624 4452 αὐ-

2041 4497 2149 4550 τῶν
2176 4499 2257 4559 είς
2284 4494 2594 4558 πλεονεξίαν
2623 4495 2717 4548 καὶ
2751 4495 3029 4564 ἁρπαγὴν,
3064 4495 3120 4546 αἱ
3158 4495 3414 4560 γυναῖκες
3437 4488 3625 4542 αὐτῶν

2040 4589 2135 4644 ἐπὶ
2163 4588 2262 4652 τὰς
2294 4589 2592 4657 φαντασίας
2621 4587 2720 4650 τὰς
2762 4587 3040 4657 βιωτικὰς,
3070 4586 3130 4638 οὐ
3165 4585 3323 4655 μόνον
3347 4585 3446 4636 οὐκ
3469 4581 3629 4650 ἐγκόπ-

2040 4697 2272 4734 πτουσαι
2305 4680 2432 4742 τούς
2461 4679 2678 4750 ἀνδρας,
2716 4679 2851 4731 ἀλλά
2881 4679 2974 4732 καὶ
3002 4677 3422 4749 παροξύνουσαι.
3453 4673 3624 4744 Στῆθι

2037 4773 2170 4844 γοῦν
2211 4774 2305 4826 ἐπὶ
2352 4772 2450 4843 τῆς
2487 4774 2714 4845 ἀγορᾶς·
2749 4770 3025 4843 ἐρώτησον
3060 4769 3186 4833 τοὺς
3220 4768 3480 4830 ἀπιόντας
3523 4768 3626 4821 κοιλ⁵

2036 4863 2378 4928 ἐπανιόντας,
2402 4864 2497 4917 καὶ
2530 4863 2718 4916 οὐδένα
2745 4861 2866 4931 ὄψει
2895 4859 3034 4928 ὑπὲρ
3063 4857 3438 4930 πνευματικοῦ
3470 4857 3624 4926 πρά-

2033 4974 2244 5029 γματος
2275 4955 2591 5020 σπεύδοντα,
2623 4954 2759 5009 ἀλλά
2789 4952 2995 5014 πάντας
3020 4951 3158 5022 ὑπὲρ
3188 4949 3468 5022 σαρκικῶν
3490 4949 3625 5018 τρέ-

2031 5068 2245 5122 χοντας.
2274 5050 2454 5122 Μέχρι
2479 5050 2623 5111 τίνος
2647 5046 2747 5099 οὐκ
2769 5045 3145 5114 ἀνανήφομεν;
3181 5043 3339 5114 μέχρι
3366 5042 3510 5102 τίνος
3534 5043 3624 5104 εἰς

2033 5143 2200 5196 ὕπνον
2221 5138 2636 5212 καταφερόμεθα
2665 5136 2829 5208 βαθύν
2851 5153 2864 5202 ;
2899 5136 2999 5189 οὐκ
3029 5135 3293 5205 ἐλάϐομεν
3317 5133 3476 5204 κόρον
3503 5132 3620 5186 τῶν

2029 5233 2254 5300 κακῶν;
2289 5232 2466 5286 καίτοι
2500 5248 2563 5301 γε
2616 5230 2709 5283 καὶ
2766 5229 2936 5300 χωρὶς
2979 5228 3087 5282 τῶν
3139 5227 3397 5298 ῥημάτων
3451 5227 3622 5296 ἀρκεῖ

2029 5323 2124 5376 καὶ
2155 5322 2296 5392 αὐτὴ
2323 5321 2432 5374 τῶν
2457 5317 2800 5390 πραγμάτων
2826 5318 2970 5388 ὑμᾶς
2998 5319 3031 5388 ή
3066 5318 3234 5385 πεῖρα
3260 5313 3468 5378 διδάξαι
3499 5313 3618 5368 τῶν

2029 5414 2311 5482 παρόντων
2339 5412 2438 5483 τὴν
2459 5411 2730 5462 οὐδένειαν
2777 5409 2871 5462 καὶ
2894 5409 2953 5462 τὸ
2980 5407 3253 5479 μοχθηρὸν
3279 5407 3445 5461 ἅπαν.
3479 5405 3619 5459 Ἀν-

2029 5506 2236 5578 θρωποι
2273 5504 2403 5574 γοῦν
2434 5503 2532 5574 τὴν
2573 5502 2770 5567 ἔξωθεν
2808 5502 2997 5572 σοφίαν
3021 5500 3340 5566 ἀσκοῦντες,
3373 5497 3464 5551 καὶ
3498 5515 3618 5567 μη-

2026 5598 2114 5652 δὲν
2142 5596 2250 5650 τῶν
2277 5595 2577 5666 μελλόντων
2605 5596 2833 5660 εἰδότες,
2858 5592 3045 5664 ἐπειδὴ
3076 5593 3428 5662 κατέγνωσαν
3469 5590 3616 5644 πολ-

2085 5832 2117 5875 ιν
2144 5831 2345 5894 Regius,
2368 5833 2530 5893 στέαρ.
