3954 6130
327 266 397 322 75
1354 263 1423 321 IN
1459 262 1675 322 EPIST.
1715 265 1761 321 l’
1798 267 1891 322 AD
1925 264 2080 324 COR.
2123 268 2351 325 ilOMiL.
2396 268 2529 325 imi:
3523 278 3603 335 ﬂ

328 392 507 455 caput,
530 399 631 441 nos
653 392 827 440 autem
845 396 1038 453 corpus
1059 400 1075 438 :
1097 396 1163 436 an
1190 390 1362 451 potest
1382 382 1755 438 intermedium
1776 396 1897 438 esse

330 479 561 547 spatium
589 478 742 531 inane
765 477 904 531 inter
927 485 1085 546 caput
1113 484 1170 531 et
1193 475 1422 546 corpus?
1449 474 1568 546 ipse
1595 475 1908 530 fundamen-

332 579 443 623 tum
470 611 485 635 ,
510 585 609 625 nos
641 570 952 635 :cdificium;
983 570 1097 640 ipse
1123 571 1275 625 vinea
1301 612 1315 636 ,
1345 584 1444 624 nos
1481 570 1762 639 palmites;
1794 570 1907 639 ipse

332 677 576 731 sponsus,
607 677 704 716 nos
729 676 959 732 sponsa;
992 663 1105 732 ipse
1133 669 1334 731 pastor,
1367 676 1465 716 nos
1493 676 1655 726 oves;
1683 660 1772 717 ille
1797 662 1904 727 via,

332 768 429 806 nos
458 754 544 823 qui
573 753 867 808 incedimus
893 754 944 807 in
977 767 1040 808 ea
1068 772 1083 807 :
1115 768 1214 807 nos
1251 767 1437 807 rursus
1475 753 1764 823 templum,
1793 754 1907 823 ipse

331 842 619 907 inhabitat;
650 844 764 912 ipse
789 843 1194 914 primogenitus,
1219 857 1319 898 nos
1344 843 1565 909 fratres;
1595 844 1706 912 ipse
1726 842 1901 909 heres,

286 930 290 934 Α
326 949 426 989 nos
451 935 782 1000 coheredes;
816 936 930 1004 ipse
958 936 1065 988 vita
1090 976 1105 1002 ,
1137 949 1237 990 nos
1263 935 1540 1001 viventes;
1585 935 1696 1004 ipse
1726 948 1905 989 resur-

326 1029 510 1094 rectio,
549 1044 649 1083 nos
687 1037 1066 1099 resurgentes;
1099 1029 1212 1097 ipse
1243 1028 1353 1093 lux,
1382 1042 1481 1082 nos
1522 1028 1903 1082 illumiuamur.

324 1116 449 1173 lia‘c
467 1119 646 1173 omnia
667 1119 1099 1188 coniunctionem
1122 1117 1371 1185 indicant,
1389 1127 1443 1172 et
1463 1117 1661 1173 nullum
1679 1132 1905 1173 vacuum

324 1208 704 1264 intermedium
734 1225 856 1265 esse
887 1210 1067 1264 sinunt
1094 1250 1110 1276 ,
1139 1225 1207 1265 ne
1234 1209 1317 1264 vel
1360 1210 1637 1264 minimum
1668 1211 1903 1280 quidem.

321 1299 451 1355 Nam
482 1302 574 1370 qui
606 1315 791 1371 parum
818 1300 1086 1368 abscedit,
1118 1315 1432 1371 progressus
1457 1301 1614 1355 etiam
1635 1343 1651 1367 ,
1680 1301 1905 1355 multum

321 1390 598 1445 abscedet.
643 1391 852 1446 Etenim
878 1406 1071 1461 corpus
1099 1392 1142 1447 si
1173 1407 1389 1462 parvam
1429 1406 1525 1462 per
1548 1392 1783 1462 gladium
1816 1404 1906 1447 sc-

322 1482 660 1549 parationem
689 1482 961 1550 admittat,
993 1486 1161 1552 perit;
1193 1493 1244 1541 et
1275 1485 1554 1540 adificium
1573 1526 1589 1550 ,
1618 1486 1663 1539 si
1690 1484 1774 1540 vel
1806 1502 1904 1555 pa-

323 1584 447 1623 rum
475 1570 717 1625 dehiscat
739 1611 756 1636 ,
784 1571 1126 1639 dissolvitur;
1168 1582 1225 1628 et
1253 1577 1298 1628 si
1326 1574 1527 1644 palmes
1556 1589 1586 1629 a
1612 1574 1793 1629 radice
1819 1574 1904 1629 vel

322 1662 618 1717 minimum
666 1663 1048 1729 abscindatur,
1098 1664 1156 1718 ﬁt
1195 1664 1414 1720 inutilis.
1461 1665 1643 1736 Itaque
1686 1680 1903 1737 parvum

323 1753 471 1807 istud
500 1768 608 1808 non
635 1762 716 1808 est
740 1769 979 1823 parvum,
1010 1754 1106 1810 sed
1129 1756 1290 1810 etiam
1318 1755 1430 1813 fere
1455 1766 1620 1812 totum
1644 1766 1744 1813 est.
1772 1759 1902 1813 Cum

321 1858 458 1912 ergo
481 1858 704 1913 parvum
733 1843 1018 1916 quodpiam
1049 1856 1322 1915 peccatum
1360 1846 1683 1903 admittimus
1708 1849 1789 1904 vel
1815 1863 1903 1905 suo

316 1934 512 1991 cordes
554 1951 779 2004 sumus,
826 1950 894 1991 ne
940 1936 1070 1991 illud
1117 1952 1335 2007 parvum
1379 1940 1704 2010 negligamus
1730 1959 1745 1996 :
1776 1956 1900 1997 nam

318 2027 448 2082 illud
486 2028 787 2099 neglectum
819 2029 927 2084 cito
971 2044 1220 2100 magnum
1250 2031 1495 2086 efﬁcitur.
1529 2032 1619 2089 Sic
1650 2042 1703 2089 et
1729 2034 1901 2089 vcsti-

318 2128 556 2176 mentum
590 2121 634 2175 si
663 2121 893 2191 dirumpi
923 2121 1141 2193 incipiat
1166 2132 1219 2179 et
1244 2124 1570 2196 negligatur,
1611 2141 1705 2194 per
1731 2134 1899 2182 totum

317 2214 606 2268 scissuram
631 2214 900 2269 admittit:
926 2225 976 2270 et
1006 2220 1433 2286 tectum-paucis
1454 2215 1685 2288 delapsis
1709 2220 1902 2289 tegulis

316 2305 640 2375 neglectum,
665 2315 827 2361 totam
848 2304 1067 2361 domum
1094 2305 1296 2376 dejicit.
1325 2308 1449 2362 Ha‘c
1468 2323 1598 2380 ergo
1621 2309 1900 2369 nobiscum

315 2404 652 2465 reputantes,
681 2411 843 2466 parva
873 2412 1160 2469 numquam
1188 2398 1577 2470 despiciemus,
1610 2417 1678 2458 ne
1704 2402 1757 2457 in
1787 2418 1902 2457 ma-

310 2500 420 2557 gna
451 2486 743 2542 incidamus
770 2505 786 2542 :
814 2488 895 2542 sin
922 2496 1102 2544 autem
1131 2488 1484 2560 negligamus,
1517 2499 1571 2547 et
1596 2491 1652 2546 in
1681 2491 1899 2563 profun-

312 2575 445 2630 dum
486 2576 753 2632 malorum
778 2579 1120 2647 venerimus,
1161 2595 1230 2635 ne
1269 2580 1377 2635 illic
1416 2581 1630 2652 quidem
1661 2583 1897 2639 animum

309 2663 747 2736 despondeamus
768 2708 785 2735 ,
815 2679 871 2722 ut
907 2684 972 2726 ne
1011 2669 1064 2724 in
1094 2670 1283 2743 capitis
1319 2671 1661 2741 gravedinem
1700 2675 1900 2729 incida-

313 2768 462 2808 mus.
494 2754 718 2811 Difticile
742 2757 881 2811 enim
906 2757 1159 2829 deinceps
1182 2760 1284 2815 erit
1310 2760 1433 2816 inde
1454 2761 1769 2830 ascendere,
1794 2765 1896 2819 nisi

310 2846 441 2914 quis
470 2844 755 2901 admodum
782 2848 996 2918 vigilet;
1028 2865 1132 2905 non
1162 2850 1334 2906 solum
1364 2861 1579 2921 propter
1605 2853 1893 2925 longitudi-

309 2952 461 3002 nem,
492 2937 587 2992 scd
614 2939 775 2993 etiam
802 2949 1021 3012 propter
1045 2940 1216 3009 ipsum
1241 2941 1421 2996 situm.
1456 2940 1721 2999 Profunda
1752 2945 1895 3001 enim

310 3043 403 3084 res
447 3038 529 3084 est
572 3039 888 3100 peccatum,
937 3044 991 3088 et
1028 3032 1276 3089 deorsum
1323 3034 1503 3091 ferens
1547 3037 1762 3106 premit.
1819 3041 1897 3095 Ac

310 3119 453 3174 sicut
476 3121 510 3175 ii
537 3123 627 3197 qui
654 3121 707 3179 in
735 3130 954 3192 puteum
982 3121 1300 3192 inciderunt,
1330 3142 1434 3181 non
1465 3126 1617 3182 facile
1641 3128 1894 3186 ascende-

311 3211 460 3277 rint,
492 3210 586 3268 sed
631 3212 749 3267 aliis
789 3228 924 3284 opus
961 3214 1268 3282 habebunt,
1301 3218 1389 3288 qui
1432 3233 1491 3273 se
1518 3219 1745 3276 educant
1774 3239 1789 3276 :
1818 3222 1898 3277 sic

312 3303 479 3357 etiam
505 3306 597 3373 qui
639 3305 690 3359 in
734 3306 1052 3376 profundum
1080 3292 1286 3364 veherit
1311 3318 1669 3379 peccatorum.
1699 3312 1897 3368 Demit-

316 3405 495 3452 tamus
523 3410 650 3468 ergo
687 3397 839 3454 funes
875 3399 942 3455 ad
972 3400 1090 3456 illos
1118 3411 1172 3457 et
1201 3417 1413 3458 sursum
1447 3403 1718 3459 trahamus
1745 3423 1758 3459 :
1788 3405 1895 3461 imo

315 3504 453 3544 vero
477 3502 585 3543 non
608 3489 728 3543 aliis
754 3499 954 3545 tantum
980 3507 1114 3563 opus
1139 3502 1241 3560 est,
1268 3493 1362 3549 sed
1388 3495 1541 3551 nobis
1571 3496 1728 3566 ipsis:
1763 3506 1818 3552 ut
1842 3506 1897 3552 et

315 3595 419 3635 nos
465 3580 613 3650 ipsos
659 3581 932 3652 alligemus
973 3593 1026 3639 et
1068 3585 1420 3641 ascendamus
1448 3628 1461 3652 ,
1494 3602 1598 3642 non
1639 3597 1894 3659 quantum

311 3670 715 3736 descendimus,
737 3673 832 3729 sed
855 3676 1019 3730 multo
1044 3676 1232 3746 magis,
1258 3678 1302 3731 si
1323 3678 1568 3733 velimus.
1597 3681 1736 3735 Deus
1754 3682 1895 3735 enim

314 3759 419 3817 fert
448 3777 604 3833 opem
636 3781 650 3818 :
695 3762 817 3819 Non
855 3765 958 3819 vult
992 3767 1132 3821 enim
1161 3775 1367 3839 mortem
1395 3771 1666 3836 peccatoris
1686 3810 1703 3837 ,
1731 3770 1820 3825 sed
1843 3782 1897 3826 ιιι

310 3854 670 3928 convertatur(
698 3853 889 3915 Ezech.
917 3858 1007 3913 25.
1045 3858 1148 3931 5).
1192 3861 1362 3916 Nemo
1410 3862 1569 3932 igitur
1608 3863 1893 3932 desperet,

311 3963 472 4003 nemo
512 3949 795 4018 impiorum
839 3950 1030 4005 morbo
1068 3950 1316 4006 laboret:
1346 3952 1554 4007 illorum
1593 3955 1787 4024 quippe
1816 3966 1898 4011 est

312 4048 589 4111 peccatum
617 4041 942 4111 hujusmodi.
975 4041 1175 4111 Impius
1202 4044 1343 4099 enim
1371 4061 1485 4098 cum
1508 4046 1558 4098 in
1583 4046 1896 4116 profundum

310 4132 568 4186 malorum
598 4133 801 4200 venerit,
829 4134 1102 4187 contemnit
1123 4132 1305 4204 (Prov.
1339 4135 1427 4189 18.
1459 4136 1540 4205 5).

382 4220 683 4292 Numquam
718 4224 781 4277 de
814 4225 978 4279 salute
1010 4224 1401 4294 desperandum.
1448 4255 1520 4266 —
1563 4226 1743 4297 itaque
1786 4243 1891 4283 non

313 4322 651 4383 peccatorum
703 4312 989 4368 multitudo
1030 4314 1461 4384 desperationem
1510 4315 1747 4385 inducit,
1799 4318 1892 4373 sed

314 4405 455 4475 impii
489 4419 661 4460 mens.
687 4406 907 4460 Etiamsi
935 4420 1061 4477 ergo
1086 4408 1376 4478 nequitiam
1403 4422 1617 4463 omnem
1641 4423 1891 4479 pervase-

314 4497 424 4562 ris,
454 4496 540 4551 die
577 4495 715 4566 apud
766 4505 859 4551 te:
909 4486 1177 4567 Benignus
1214 4506 1299 4553 est
1346 4498 1523 4563 Deus,
1568 4507 1623 4553 et
1668 4498 1895 4553 salutem

310 4585 577 4642 desiderat
603 4596 867 4643 nostram.
897 4586 1117 4642 Etiamsi
1139 4588 1271 4641 enim
1297 4589 1485 4658 fuerint
1506 4596 1708 4658 peccata
1730 4597 1892 4643 vestra

307 4679 436 4732 sicut
459 4680 718 4733 coccinum
738 4720 754 4746 ,
782 4688 841 4733 ut
870 4679 1036 4735 nivem
1060 4722 1075 4747 ,
1119 4681 1328 4751 inquit,
1366 4680 1609 4735 dealbabo
1637 4681 1656 4751 (
1678 4681 1805 4735 lsai.
1836 4683 1888 4735 1.

306 4773 374 4826 18
393 4773 441 4844 );
472 4782 527 4828 et
550 4773 604 4827 in
633 4774 964 4828 contrarium
993 4771 1233 4829 habitum
1261 4772 1597 4828 transferam.
1642 4772 1722 4827 Ne
1763 4787 1890 4842 ergo

302 4864 540 4917 animum
585 4863 1018 4934 despondeamus
1064 4882 1078 4918 :
1125 4880 1235 4919 non
1276 4865 1418 4919 enim
1470 4865 1543 4920 ita
1587 4878 1754 4935 grave
1807 4873 1890 4919 est

301 4954 564 5009 cecidisse
583 4996 598 5021 ,
632 4963 690 5009 ut
717 4955 930 5026 lapsum
958 4956 1177 5025 jacere;
1214 4955 1293 5010 sic
1324 4969 1495 5024 neque
1524 4956 1592 5008 ita
1618 4969 1779 5024 grave
1807 4962 1890 5008 est

300 5059 418 5101 esse
446 5045 788 5101 vulneratum
811 5087 827 5112 ,
863 5055 974 5100 uta
1004 5045 1315 5101 vulneribus
1341 5044 1484 5099 nolle
1521 5045 1715 5099 curari.
1761 5044 1888 5108 Quis

297 5142 439 5196 enim
466 5142 773 5213 gloriabitur
801 5149 993 5196 castum
1021 5157 1076 5196 se
1098 5141 1280 5195 habere
1304 5138 1430 5193 cor?
1472 5147 1560 5192 aut
1588 5138 1699 5208 quis
1725 5138 1887 5193 dicere

297 5252 453 5289 ausus
473 5237 626 5307 fuerit
650 5251 706 5289 se
734 5234 982 5290 mundum
1010 5251 1115 5290 esse
1139 5251 1172 5287 a
1200 5232 1418 5302 peccatis
1441 5229 1634 5302 (Prov.
1658 5230 1746 5295 20.
1780 5230 1813 5285 9
1837 5230 1885 5298 )?

295 5325 422 5382 Haec
447 5326 572 5381 dico
606 5341 716 5381 non
766 5333 827 5381 ut
870 5340 967 5380 vos
1002 5325 1345 5380 socordiores
1386 5320 1646 5385 reddam,
1695 5321 1788 5375 sed
1829 5329 1886 5374 ut

295 5418 586 5490 impediam
614 5420 907 5491 quominus
932 5418 990 5473 in
1018 5417 1443 5486 desperationem
1474 5412 1744 5474 incidatis.

361 5515 418 5569 5.
462 5512 557 5569 Vis
586 5513 797 5570 discere
825 5526 991 5583 quam
1030 5508 1204 5563 bonus
1245 5509 1316 5563 sit
1360 5505 1615 5562 Dominus
1658 5503 1880 5558 noster?

296 5606 548 5662 Ascendit
579 5607 934 5678 publicanus,
977 5601 1125 5661 mille
1163 5600 1318 5657 malis
1357 5611 1579 5655 onustus
1604 5640 1618 5664 ,
1659 5607 1712 5653 et
1758 5612 1879 5651 cum

304 5698 521 5759 dixisset
568 5711 800 5771 tantum,
827 5697 1097 5769 l’rOpitius
1138 5703 1244 5753 esto
1277 5694 1396 5748 mihi
1425 5694 1444 5765 (
1467 5692 1592 5747 Luc.
1626 5691 1710 5747 18.
1747 5689 1874 5759 15),

2013 382 2297 438 descendit
2323 382 2662 451 justiticatus.
2704 382 2804 439 Per
2849 384 3163 455 prolihctam
3208 401 3420 459 quoque
3464 391 3597 447 dicit

2012 471 2156 528 Deus
2183 489 2198 527 :
2238 471 2459 543 Propter
2488 482 2743 544 peccatum
2782 491 2963 544 parum
3004 477 3151 531 illum
3187 480 3478 533 contristaai
3499 522 3515 546 ,
3544 491 3595 536 et

2010 563 2115 616 vidi
2139 565 2276 634 quod
2292 564 2468 618 dolare
2492 575 2621 619 esset
2647 564 2859 632 affectus
2900 577 2945 620 et
2978 569 3068 621 iret
3099 570 3255 624 tristis
3275 611 3292 638 ,
3327 580 3376 624 et
3416 575 3599 627 sanari

2010 654 2118 708 vias
2159 655 2271 722 ejus
2308 653 2329 725 (
2357 652 2483 710 Isai.
2512 657 2600 711 57.
2632 658 2719 711 17.
2752 657 2880 729 18).
2923 659 3063 726 Quid
3109 660 3233 716 huic
3278 662 3595 720 humanitati

2013 762 2109 816 par
2135 758 2218 802 est
2237 748 2263 802 ?
2287 745 2354 802 Ut
2374 748 2548 803 solum
2592 757 2738 804 esset
2774 750 2943 805 tristis
2964 791 2978 815 ,
3013 751 3224 822 inquit,
3257 756 3440 810 remisi
3467 770 3597 826 pec-

2009 844 2148 893 cata.
2178 837 2287 892 Nos
2315 849 2497 894 autem
2528 855 2595 894 ne
2626 840 2727 896 hoc
2751 842 2964 910 quidem
2994 843 3218 899 facimus
3251 862 3264 899 :
3308 845 3431 902 ideo
3477 863 3594 902 ma-

2010 929 2151 984 xime
2182 930 2345 984 Deum
2371 930 2437 985 ad
2467 930 2602 985 iram
2635 947 3007 1001 provocamus.
3026 934 3128 1001 Qui
3148 936 3290 991 enim
3316 952 3412 1008 per
3433 953 3593 1009 parva

2009 1029 2154 1091 gesta
2186 1021 2448 1090 propitius
2472 1021 2642 1078 factus
2664 1032 2748 1078 est
2771 1065 2787 1090 ,
2815 1024 3029 1095 quando
3048 1040 3111 1081 ea
3134 1041 3241 1082 non
3266 1028 3427 1085 fuerit
3451 1045 3601 1085 asse-

2007 1122 2240 1183 quutus,
2293 1115 2412 1185 jure
2467 1117 2802 1187 indignatur,
2853 1127 2910 1174 et
2962 1128 3261 1177 extremum
3313 1124 3381 1179 de
3435 1126 3590 1181 nobis

2008 1205 2170 1259 sumit
2194 1206 2511 1277 supplicium
2540 1224 2553 1261 :
2585 1218 2667 1262 est
2693 1208 2838 1262 enim
2868 1208 2968 1263 hoc
2999 1210 3197 1265 summi
3228 1220 3590 1284 contemptus.

2009 1296 2141 1363 Quis
2186 1297 2329 1352 enim
2378 1313 2627 1369 umquam
2677 1315 2910 1356 mmrore
2954 1301 3174 1357 affectus
3226 1301 3326 1359 fuit
3376 1316 3594 1376 propter

2009 1389 2326 1459 peccatum?
2375 1390 2493 1461 quis
2547 1392 2845 1462 ingemuit?
2891 1395 3011 1463 quis
3058 1402 3246 1464 pectus
3296 1397 3595 1465 percussit?

2008 1480 2128 1549 quis
2156 1481 2417 1536 sollicitus
2440 1481 2579 1537 fuit?
2602 1483 2713 1554 Ego
2738 1493 2867 1554 puto
2890 1485 3180 1541 neminem.
3203 1487 3308 1543 Sed
3336 1489 3586 1546 innume-

2010 1571 2083 1626 ris
2111 1571 2298 1628 diebus
2327 1574 2507 1644 lugent
2539 1574 2782 1632 homines
2811 1591 2911 1647 pro
2940 1578 3150 1633 famulis
3180 1582 3404 1636 mortuis
3425 1622 3444 1649 ,
3488 1597 3587 1652 pro

2006 1664 2247 1733 pecunia:
2272 1664 2519 1733 jactura:
2548 1681 2671 1721 cum
2698 1676 2876 1723 autem
2915 1670 3145 1724 animam
3182 1671 3417 1740 quotidie
3456 1687 3583 1743 per-

2007 1753 2196 1809 damus
2215 1796 2231 1821 ,
2263 1754 2315 1810 id
2337 1771 2405 1811 ne
2427 1758 2724 1827 cogitamus
2745 1758 2981 1829 quidem.
3026 1759 3303 1827 Quomodo
3330 1777 3458 1833 ergo
3485 1779 3584 1834 po-

2009 1845 2136 1900 teris
2161 1846 2325 1901 Deum
2355 1847 2449 1903 tibi
2476 1849 2763 1918 propitium
2795 1849 3052 1917 reddere,
3096 1866 3217 1905 cum
3258 1868 3326 1907 ne
3368 1854 3582 1924 quidem

2005 1936 2141 1992 scias
2171 1945 2221 1992 te
2241 1939 2593 2007 peccavisse?
2623 1938 2796 1994 Etiam
2823 1981 2840 2007 ,
2870 1940 3078 2010 inquies
3102 1982 3118 2008 ,
3148 1944 3382 2011 peccavi.
3409 1944 3581 2000 Etiam

2005 2026 2183 2098 lingua
2212 2028 2428 2100 quidem
2455 2027 2661 2099 profers
2688 2047 2705 2086 :
2738 2028 2825 2086 die
2853 2031 2983 2087 mihi
3013 2041 3067 2087 et
3110 2042 3289 2089 mente
3309 2075 3327 2102 ,
3366 2044 3423 2091 et
3459 2052 3595 2095 cum.

2004 2120 2205 2176 dixeris
2227 2161 2242 2186 ,
2270 2121 2561 2191 ingemisce
2579 2163 2596 2191 ,
2628 2132 2685 2178 ut
2714 2123 2789 2178 sis
2815 2138 3027 2193 semper
3056 2124 3197 2180 bono
3223 2128 3423 2181 animo.
3456 2128 3582 2182 Etc-

2004 2212 2112 2266 nim
2158 2213 2204 2267 si
2246 2214 2550 2270 doleremus
2593 2225 2811 2285 propter
2853 2225 3066 2286 peccata
3092 2259 3108 2285 ,
3146 2219 3192 2273 si
3244 2235 3339 2289 pro
3380 2219 3590 2277 delictis

2004 2303 2477 2373 ingemisceremus
2503 2344 2519 2371 ,
2574 2306 2709 2360 nihil
2754 2306 2896 2361 aliud
2939 2322 3038 2364 nos
3079 2308 3268 2364 dolore
3313 2309 3588 2379 afﬁceret,

2005 2396 2107 2452 hoc
2145 2398 2330 2454 dolore
2375 2414 2587 2455 omnem
2640 2400 2805 2454 animi
2855 2400 3223 2472 aegritudinem
3261 2404 3588 2475 expellente.

2003 2489 2362 2557 Quamobrem
2402 2491 2545 2547 aliud
2593 2507 2805 2571 quoque
2844 2494 3176 2549 lucrarcmur
3226 2509 3347 2551 cum
3373 2496 3587 2552 confes-

2002 2584 2192 2651 sione,
2244 2598 2439 2654 nempe
2480 2585 2623 2655 quod
2665 2600 2770 2639 non
2819 2585 3264 2657 immergeremur
3319 2588 3372 2643 in
3426 2588 3589 2660 hujus

2003 2675 2123 2729 vitae
2150 2674 2483 2729 calamitates
2505 2714 2521 2740 ,
2554 2688 2728 2744 neque
2758 2676 2811 2728 in
2840 2675 2997 2730 rebus
3027 2676 3303 2746 prosperis
3347 2691 3413 2733 ac
3453 2694 3589 2748 prae-

2001 2767 2164 2822 claris
2210 2766 2521 2822 inﬂaremur
2565 2785 2578 2821 :
2626 2775 2681 2823 et
2738 2768 2839 2822 hac
2894 2767 3104 2822 ratione
3156 2783 3368 2823 rursum
3419 2772 3599 2840 magis

2002 2860 2169 2915 Deum
2197 2860 2564 2931 placaremus;
2599 2868 2658 2915 ut
2701 2860 2810 2930 jam
2857 2876 2951 2931 per
2975 2870 3126 2931 gesta
3154 2873 3336 2919 nostra
3361 2864 3431 2918 ad
3454 2865 3584 2919 iram

2002 2967 2373 3021 provocamus.
2404 2953 2497 3008 Dic
2521 2955 2662 3009 enim
2694 2953 2825 3008 mihi
2851 2994 2867 3021 ,
2896 2956 2941 3009 si
2970 2969 3130 3024 quem
3176 2956 3376 3012 habeas
3413 2957 3586 3012 famu-

2002 3045 2110 3100 lum
2134 3085 2150 3112 ,
2178 3045 2269 3115 qui
2299 3045 2464 3101 multa
2491 3060 2679 3116 passus
2705 3061 2735 3101 a
2764 3048 3040 3103 conservis
3066 3090 3080 3113 ,
3102 3048 3171 3104 de
3214 3050 3333 3105 aliis
3369 3052 3583 3119 quidem

2001 3136 2199 3191 nullam
2227 3136 2421 3192 habeat
2449 3138 2714 3193 rationem
2742 3178 2757 3202 ,
2792 3138 2885 3194 sed
2918 3154 3076 3194 unam
3114 3155 3227 3194 rem
3256 3150 3407 3196 curet
3431 3153 3485 3197 ut
3515 3159 3582 3198 ne

1999 3227 2187 3284 herum
2215 3243 2367 3283 suum
2395 3228 2462 3283 ad
2487 3229 2617 3284 iram
2640 3232 2872 3286 concitet
2899 3249 2912 3285 :
2936 3247 3116 3287 annon
3144 3232 3267 3288 hinc
3290 3234 3459 3289 solum
3486 3251 3586 3305 po-

2000 3321 2124 3377 terit
2153 3322 2288 3375 iram
2319 3328 2460 3376 tuam
2491 3322 2725 3377 sedare?
2753 3322 2889 3390 Quid
2921 3335 3098 3378 autem
3126 3367 3142 3392 ,
3176 3325 3219 3381 si
3251 3341 3438 3382 eorum
3464 3343 3585 3397 quae

2000 3413 2053 3467 in
2088 3421 2139 3468 te
2166 3413 2392 3483 deliquit
2420 3413 2619 3469 nullam
2645 3428 2826 3469 curam
2861 3414 3053 3470 habeat
3076 3456 3093 3482 ,
3137 3425 3291 3472 curet
3317 3426 3494 3472 autem
3522 3434 3587 3473 ea

2000 3519 2119 3573 quae
2147 3505 2198 3557 in
2229 3518 2524 3558 conservos
2550 3504 2805 3573 deliquit,
2831 3518 3008 3557 nonne
3033 3505 3207 3573 majus
3231 3505 3432 3561 iuferes
3457 3522 3583 3575 supc

2002 3595 2261 3664 plicium?
2290 3593 2362 3648 Ita
2390 3595 2551 3648 etiam
2580 3593 2707 3648 facit
2737 3594 2875 3648 Deus
2904 3610 2918 3646 :
2961 3608 3083 3647 cum
3133 3594 3248 3663 ejus
3297 3596 3432 3650 iram
3478 3612 3587 3652 non

1999 3699 2248 3738 curamus
2272 3725 2287 3750 ,
2316 3684 2462 3739 illam
2504 3684 2664 3739 infert
2709 3684 3205 3750 vehementiorem;
3247 3701 3369 3740 cum
3407 3696 3585 3743 autem

1999 3789 2119 3829 eam
2147 3790 2427 3841 curamus,
2458 3775 2766 3829 mitiorem:
2810 3774 2918 3828 imo
2961 3790 3028 3828 ne
3068 3773 3322 3847 deinceps
3366 3777 3583 3846 quidem

2001 3863 2145 3917 illam
2170 3863 2331 3919 infert
2359 3881 2373 3919 :
2403 3866 2513 3918 vult
2537 3866 2679 3919 enim
2704 3903 2720 3930 ,
2752 3873 2808 3919 ut
2840 3879 2939 3918 nos
2966 3864 3065 3934 ipsi
3093 3876 3434 3934 peccatorum
3461 3882 3583 3937 pas-

1998 3970 2095 4010 nas
2121 3970 2151 4010 a
2179 3957 2331 4011 nobis
2357 3957 2671 4027 exigamus;
2711 3956 2798 4011 ille
2844 3970 2972 4011 vero
3021 3970 3127 4011 non
3174 3958 3310 4012 ultra
3351 3973 3382 4013 ιι
3429 3960 3595 4015 nobis

1996 4048 2178 4119 exigit.
2207 4048 2332 4104 Ideo
2359 4064 2587 4119 namque
2611 4049 2967 4104 comminatur
2991 4048 3319 4118 supplicium
3337 4090 3353 4117 ,
3388 4061 3446 4105 ιιι
3468 4066 3586 4107 men

1999 4146 2051 4194 tu
2081 4148 2442 4209 contemptum
2469 4140 2697 4195 auferat.
2728 4139 2860 4193 Cum
2886 4148 3067 4194 autem
3090 4154 3157 4193 ex
3195 4141 3307 4200 sola
3351 4143 3580 4195 cummi.

1997 4234 2212 4288 natione
2255 4233 2630 4299 deterremur,
2693 4248 2797 4286 non
2838 4232 2964 4285 sinit
3015 4239 3071 4284 ut
3117 4231 3233 4299 ejus
3280 4232 3575 4298 periculum

1995 4323 2270 4377 faciamus.
2320 4321 2450 4376 Vide
2493 4336 2722 4389 namque
2762 4320 2889 4389 quid
2928 4319 3176 4372 Jeremite
3220 4319 3411 4373 dicat:
3453 4320 3574 4375 Non

1995 4414 2132 4466 vides
2150 4411 2272 4482 quid
2300 4411 2377 4464 illi
2401 4410 2641 4479 faciunt?
2670 4409 2850 4462 Patres
2877 4425 3051 4463 eorum
3073 4409 3236 4479 ignem
3259 4413 3535 4465 accendunt
3557 4430 3591 4473 :7

1995 4504 2092 4573 ﬁlii
2121 4517 2294 4557 eorum
2322 4501 2566 4570 colligunt
2586 4500 2727 4570 ligna
2756 4515 2774 4552 :
2812 4500 3043 4553 mulieres
3068 4515 3243 4553 eorum
3264 4510 3432 4555 terunt
3457 4504 3578 4556 adi-

1995 4614 2108 4668 pem
2137 4595 2157 4667 (
2182 4595 2292 4651 Jer.
2323 4599 2376 4652 7.
2410 4594 2654 4663 17.18ε).
2687 4591 3003 4647 Timendum
3044 4600 3126 4646 est
3148 4632 3164 4657 ,
3214 4608 3281 4648 ne
3316 4594 3385 4649 de
3422 4596 3577 4649 nobis

1994 4686 2261 4758 quidpiam
2292 4687 2465 4741 simile
2491 4684 2700 4739 dicatur
2724 4701 2736 4735 :
2766 4682 2880 4736 Non
2908 4681 3055 4735 vides
3085 4682 3208 4751 quid
3232 4682 3307 4736 illi
3334 4683 3576 4739 faciunt?

1991 4778 2160 4834 Nemo
2188 4793 2307 4847 quae
2333 4776 2679 4832 CIH‘irli—Siﬂll
2703 4774 2894 4843 qua-rit
2916 4814 2931 4838 ,
2959 4772 3052 4827 sed
3083 4787 3271 4827 omnes
3310 4789 3430 4843 qua:
3473 4791 3570 4828 sua

1992 4879 2115 4924 sunt
2144 4870 2162 4938 (
2193 4868 2423 4937 Philipp.
2450 4867 2505 4920 2.
2532 4866 2598 4921 21
2625 4866 2665 4936 ).
2702 4865 2820 4921 Filii
2846 4879 3031 4919 eorum
3058 4863 3124 4917 ad
3156 4863 3428 4918 libidinem
3451 4880 3574 4919 cur-

1992 4968 2119 5014 runt
2147 4975 2168 5011 :-
2197 4966 2377 5027 patres
2399 4970 2582 5011 eorum
2604 4955 2671 5009 ad
2691 4956 2970 5009 avaritiam
2992 4962 3046 5007 et
3066 4952 3306 5020 rapinam
3338 4970 3352 5005 :
3378 4969 3573 5009 uxores

1990 5068 2174 5108 eorum
2202 5051 2273 5106 ad
2300 5050 2611 5104 smcularem
2656 5048 2891 5103 fastum:
2939 5062 3057 5115 qua}
3107 5047 3250 5100 viros
3294 5060 3420 5100 suos
3465 5063 3568 5101 non

1992 5145 2150 5199 modo
2181 5159 2287 5197 non
2318 5141 2544 5206 sedant,
2577 5140 2670 5194 sed
2699 5140 2861 5193 etiam
2908 5145 3221 5205 provocant.
3268 5137 3360 5192 Sta
3411 5138 3570 5207 igitur

1990 5235 2041 5289 in
2070 5236 2184 5289 foro
2209 5276 2222 5301 ,
2254 5235 2519 5302 interroga
2548 5239 2736 5285 euntes
2762 5236 2816 5283 et
2852 5227 3139 5285 redeuntes
3162 5271 3177 5295 ,
3210 5238 3265 5283 et
3295 5229 3566 5284 neminem

1989 5325 2191 5380 videbis
2218 5340 2313 5394 pro
2339 5339 2395 5377 re
2422 5321 2686 5391 spirituali
2720 5320 3055 5375 festinantem
3082 5359 3099 5386 ,
3126 5319 3221 5375 sed
3254 5334 3439 5383 omnes
3470 5334 3565 5386 pro

1987 5415 2287 5470 carnalibus
2327 5420 2624 5468 currentes.
2665 5412 2954 5481 Quousque
2998 5426 3103 5464 non
3153 5408 3559 5479 resipiscimus?

1987 5520 2262 5574 quousque
2294 5505 2344 5558 in
2386 5503 2706 5575 profundum
2755 5516 3000 5556 somnum
3043 5496 3567 5568 dejicimur'tauuon

1988 5598 2246 5651 malorum
2274 5611 2369 5649 nos
2393 5597 2535 5664 cepit
2560 5594 2815 5648 satietas?
2839 5589 3000 5661 Atqui
3028 5590 3186 5644 etiam
3214 5585 3414 5648 absque
3441 5596 3566 5636 ver-

1988 5691 2067 5747 bis
2099 5692 2208 5761 ipsa
2237 5706 2414 5746 rerum
2441 5688 2766 5760 experientia
2790 5684 2919 5741 satis
2945 5690 3025 5737 cst
3053 5680 3118 5735 ad
3144 5671 3414 5736 ducendos
3441 5687 3564 5740 nos,
