3954 6130
348 271 416 326 15
626 267 632 272 ’
986 260 1042 317 S.
1082 258 1358 316 JOANNIS
1394 253 1869 312 CIIRYSOSTOMI
1909 252 2224 310 ARCHIEP.
2267 256 2795 315 CONSTANTINOP.
3545 261 3614 318 76

349 379 480 436 nihil
510 391 630 434 esse
657 389 746 432 res
773 383 1064 446 prmeentes
1087 382 1140 428 ct
1165 386 1323 442 prava
1351 383 1471 424 esse
1499 366 1698 422 omnia.
1734 363 1925 420 llomi-

348 489 446 527 nes
483 481 632 527 certe
655 469 744 540 qui
784 476 1056 524 externam
1101 461 1417 533 sapientiam
1465 459 1787 516 exercebant
1809 498 1828 524 ,
1875 469 1930 512 et

348 564 482 620 nihil
509 563 804 617 futurorum
834 563 1088 613 noverant
1115 596 1133 623 ,
1159 568 1282 609 cum
1312 550 1787 623 dcprehendissent
1811 563 1927 603 ma-

347 671 505 728 gnam
565 653 902 725 praesentium
956 664 1134 706 rerum
1193 647 1483 712 vilitatem,
1550 643 1670 699 ideo
1725 652 1928 710 tantum

348 751 748 804 abscesserunt.
799 743 972 811 Quam
1014 755 1147 811 ergo
1189 748 1245 794 tu
1288 737 1633 808 consequeris
1675 735 1882 791 veniam
1907 776 1926 803 ,

349 840 437 910 qui
461 837 610 893 humi
638 835 782 905 repis
804 875 822 902 ,
853 849 952 888 nec
987 831 1218 901 despicis
1250 844 1411 900 parva
1443 829 1560 883 haec
1587 842 1709 896 qua:
1752 836 1926 880 trans-

347 940 516 996 eunt,
566 941 667 984 nec
711 926 917 982 deseris
961 938 1060 994 pro
1105 923 1171 978 iis
1218 937 1336 992 quae
1377 933 1566 990 magna
1607 926 1729 973 sunt
1769 926 1927 986 atque

345 1032 544 1077 :cterna
571 1059 585 1085 ,
613 1018 703 1089 qui
731 1017 904 1086 ipsum
935 1016 1099 1070 Deum
1137 1011 1291 1068 audis
1336 1011 1440 1066 hoc
1482 1009 1574 1066 tibi
1618 1015 1926 1063 monstran-

347 1123 453 1167 tem
473 1153 492 1180 ,
531 1120 586 1166 et
637 1111 706 1165 ah
749 1109 865 1180 ipso
909 1107 1044 1162 tales
1087 1103 1256 1159 habes
1307 1097 1728 1173 promissiones?
1773 1094 1926 1162 Quod

344 1204 487 1258 enim
515 1201 632 1256 hac
662 1216 768 1255 non
796 1198 930 1253 satis
959 1196 1064 1252 sint
1107 1193 1174 1250 ad
1219 1191 1562 1248 detinendam
1610 1187 1879 1244 hominem
1905 1227 1920 1252 ,

346 1292 697 1348 ostenderunt
726 1290 760 1343 ii
787 1289 876 1360 qui
913 1287 1115 1357 absque
1157 1284 1420 1355 majorum
1467 1296 1652 1337 rerum
1697 1277 1923 1350 promis-

348 1385 499 1440 sione
526 1383 593 1439 ab
615 1383 694 1438 eis
721 1381 1116 1436 abstinuerunt.
1140 1376 1281 1445 Quas
1307 1375 1447 1431 enim
1469 1371 1679 1427 divitias
1705 1381 1928 1437 exspeco

351 1484 525 1532 tantes
549 1516 570 1543 ,
597 1473 663 1530 ad
689 1481 1054 1546 paupertatem
1083 1467 1384 1526 venerunt?
1407 1465 1631 1530 Nullas;
1666 1461 1759 1517 sed
1782 1457 1922 1529 quod

2043 365 2179 421 bene
2209 366 2409 422 scirent
2438 368 2593 422 talem
2627 377 2988 438 paupertatem
3018 382 3138 426 esse
3176 369 3376 426 divitiis
3423 373 3613 430 melio-

2037 469 2173 509 rem.
2201 455 2368 523 Quam
2395 468 2672 526 sperantes
2695 459 2856 512 vitam
2897 458 3117 515 delicias
3160 461 3528 531 reliquerunt,
3559 472 3616 519 ct

2037 559 2241 615 aspera:
2262 547 2383 600 vita:
2409 563 2466 602 se
2491 546 2850 604 dediderunt?
2871 548 3088 616 Nullas;
3119 551 3214 606 sed
3243 553 3409 622 ipsam
3433 569 3613 610 rerum

2037 646 2281 691 naturam
2318 637 2491 693 edocti
2516 650 2611 707 ,et
2649 641 2882 697 scientes
2925 641 3030 697 hoc
3073 644 3246 714 aptius
3295 659 3414 702 esse
3457 658 3508 702 ct
3548 648 3616 704 ad

2036 729 2226 782 anima:
2267 729 2696 802 philos0phiam,
2745 743 2799 789 et
2838 733 2906 789 ad
2951 737 3190 805 corporis
3235 739 3613 799 valetudinem.

2038 819 2161 875 llaec
2201 822 2359 891 igitur
2404 839 2504 879 nos
2543 825 2723 881 animo
2767 836 3072 896 reputantes
3098 869 3114 894 ,
3161 838 3216 884 ct
3255 829 3430 886 futura
3479 832 3616 888 bona

2036 912 2254 968 assidue
2297 914 2350 968 in
2395 915 2550 970 nobis
2603 927 2915 985 versantes,
2971 934 3001 973 a
3054 920 3212 976 rebus
3265 925 3617 992 przesentibus

2035 1003 2385 1060 abscedamus
2409 1047 2423 1072 ,
2455 1015 2512 1061 ut
2538 1007 2628 1061 illa
2657 1008 2830 1064 futura
2869 1002 3260 1081 consequamur
3283 1055 3300 1080 ,
3351 1016 3519 1084 gratia
3564 1027 3620 1072 et

2036 1094 2362 1166 benignitate
2395 1099 2606 1155 Domini
2637 1103 2806 1158 nostri
2833 1101 2958 1158 .lesu
2985 1103 3223 1170 Christi,
3264 1107 3480 1176 quicum
3520 1109 3618 1164 Pa-

2038 1187 2104 1242 tri
2134 1203 2342 1259 unaque
2371 1188 2591 1259 Spiritui
2629 1202 2814 1247 sancto
2835 1235 2850 1260 ,
2895 1194 3063 1263 gloria
3093 1235 3106 1260 ,
3148 1195 3427 1266 imperium
3453 1238 3471 1263 ,
3519 1200 3618 1253 ho-

2037 1291 2175 1342 nor,
2223 1293 2363 1334 nunc
2417 1289 2472 1334 et
2518 1295 2772 1352 semper,
2824 1292 2878 1338 et
2930 1284 2983 1339 in
3031 1287 3225 1342 smcula
3273 1289 3616 1345 satculorum.

2038 1368 2230 1422 Amen.

355 1577 3610 1610 M

1753 1659 2098 1722 HOMILIA
2125 1661 2257 1722 οΙΧ.

349 1801 472 1859 ειν.
504 1803 559 1858 5.
589 1815 641 1855 ν.
673 1797 760 1856 12.
796 1797 856 1855 Si
881 1800 995 1869 quis
1031 1794 1401 1866 mpera'd'iﬁcat
1443 1805 1600 1860 supra
1628 1785 1926 1858 fundamen-

417 1905 523 1948 tum
576 1893 710 1954 hoc,
765 1905 984 1952 aurum,
1037 1896 1343 1959 argentum,
1395 1881 1591 1952 lapides
1634 1878 1878 1948 pretiosos
1906 1916 1922 1941 ,

417 1986 555 2056 ligna
579 2026 594 2049 ,
637 1987 825 2054 frenum
851 2023 866 2049 ,
905 1981 1145 2051 stipulam
1171 2020 1186 2045 ,
1233 1977 1321 2033 15.
1366 1973 1760 2042 uniuscujusque
1800 1982 1927 2037 opus

417 2073 740 2148 manifestum
768 2075 880 2127 erit.
908 2071 1030 2127 Dies
1053 2071 1186 2126 enim
1223 2066 1432 2122 Domini
1469 2063 1778 2126 declarabit,
1809 2061 1927 2131 quia

414 2171 466 2223 in
493 2170 608 2239 igne
634 2166 969 2228 revelabitur;
993 2173 1038 2217 et
1068 2161 1465 2230 uniuscujusque
1489 2173 1617 2228 opus
1641 2152 1794 2226 quale
1820 2153 1922 2218 sit,

416 2261 547 2329 ignis
573 2257 822 2328 probabit.
856 2257 946 2310 lt.
977 2254 1040 2310 Si
1062 2254 1206 2322 cujus
1233 2267 1359 2323 apus
1393 2250 1632 2304 manserit
1671 2247 1806 2318 quod
1835 2261 1926 2302 stt-

417 2348 833 2421 perwdiﬁcaverit
858 2388 873 2414 ,
926 2345 1204 2400 mercedem
1260 2343 1489 2413 accipiet.
1549 2341 1636 2397 15.
1674 2339 1736 2394 Si
1783 2338 1928 2407 cujus

417 2457 546 2509 opus
569 2439 750 2493 arserit
773 2479 788 2503 ,
818 2437 1170 2490 detrimentum
1196 2433 1414 2504 patietur
1438 2448 1457 2486 :
1477 2433 1587 2502 ipse
1621 2439 1789 2484 autem
1826 2429 1928 2483 sal-

417 2547 508 2586 vus
532 2531 625 2585 erit
649 2570 664 2597 ,
694 2530 766 2583 sic
793 2538 960 2582 tamen
985 2527 1130 2596 quasi
1153 2541 1244 2596 per
1269 2525 1449 2595 ignem.

419 2687 473 2739 1.
510 2683 625 2738 Non
653 2692 737 2738 est
763 2695 926 2752 parva
966 2679 1083 2734 haec
1109 2693 1230 2749 qua:
1255 2676 1410 2733 nobis
1435 2675 1755 2747 proponitur
1781 2689 1924 2744 qua»

347 2778 452 2832 stio
472 2817 487 2843 ,
516 2775 613 2831 sed
641 2773 710 2829 de
735 2773 900 2829 rebus
931 2771 1162 2825 maxime
1189 2768 1508 2826 necessariis
1532 2809 1546 2833 ,
1575 2775 1631 2822 et
1659 2781 1794 2836 quas
1815 2781 1930 2819 om-

347 2884 444 2924 nes
457 2874 704 2938 quaerunt
723 2864 967 2920 homines
982 2903 998 2930 ,
1015 2876 1086 2916 an
1103 2860 1362 2932 gehennae
1379 2859 1516 2930 ignis
1532 2859 1692 2914 linem
1711 2857 1925 2914 habeat.

355 2958 488 3014 Nam
517 2956 658 3028 quod
685 2970 789 3011 non
816 2953 1042 3019 habeat,
1061 2949 1306 3008 Christus
1325 2949 1687 3022 pronuntiavit
1705 2947 1927 3003 dicens:

349 3050 495 3121 Ignis
531 3063 702 3102 eorum:
746 3060 846 3100 non
889 3045 1232 3115 exstinguetur
1253 3083 1269 3108 ,
1313 3051 1361 3098 et
1403 3041 1582 3096 uerutis
1619 3055 1791 3093 eorum
1830 3053 1930 3091 non

350 3140 592 3194 uiorictur
628 3135 837 3211 (Marc.
882 3136 935 3194 9.
968 3136 1039 3193 45
1068 3135 1110 3206 ).
1158 3133 1226 3189 Ει
1267 3133 1380 3189 scio
1421 3132 1639 3203 quidem
1681 3144 1778 3186 vos
1815 3129 1930 3184 haec

349 3231 624 3286 audientes
649 3237 954 3298 torpescere
981 3244 996 3282 :
1027 3226 1122 3284 sed
1148 3225 1278 3297 quid
1319 3223 1553 3280 iaciam?
1599 3223 1738 3278 Deus
1785 3222 1930 3277 enim

345 3323 496 3393 jubet
519 3321 633 3378 hac
657 3320 965 3391 frequenter
992 3318 1244 3373 insonare
1267 3354 1284 3382 ,
1305 3314 1493 3372 dicens
1515 3354 1530 3378 ,
1561 3311 1794 3382 l’rtrcipe
1815 3311 1931 3365 huic

350 3413 574 3485 populo;
601 3421 656 3470 et
680 3427 780 3468 nos
821 3408 888 3468 ad
931 3408 1288 3466 ministerium
1330 3406 1480 3463 verbi
1515 3404 1793 3462 constituti
1835 3418 1932 3458 su-

350 3522 468 3563 mus
497 3523 512 3560 :
539 3520 605 3562 ac
631 3518 855 3562 necesse
889 3511 974 3560 est
1012 3509 1070 3557 ut
1107 3501 1209 3558 sim
1255 3499 1515 3554 molestus
1551 3495 1884 3552 auditoribus
1910 3537 1926 3561 ,

349 3613 456 3656 non
488 3598 675 3656 lubens
698 3638 714 3663 ,
743 3595 841 3653 sed
870 3605 1111 3652 coactus.
1143 3593 1258 3650 luto
1287 3592 1330 3648 si
1360 3591 1520 3646 vultis
1543 3631 1558 3656 ,
1591 3604 1698 3646 non
1729 3588 1930 3644 erimus

349 3693 561 3751 onerosi
593 3712 608 3749 :
639 3690 772 3746 Nam
817 3689 863 3745 si
899 3688 1099 3744 bonum
1124 3726 1140 3752 ,
1189 3684 1361 3755 inquit
1383 3725 1400 3750 ,
1441 3683 1644 3747 facias,
1694 3697 1762 3736 ne
1803 3681 1930 3736 time

349 3784 372 3853 ί
391 3782 542 3838 Rom.
572 3782 661 3836 15.
700 3778 801 3850 5).
851 3778 1038 3848 Itaque
1086 3778 1213 3832 licet
1260 3774 1417 3830 vobis
1460 3789 1566 3829 non
1609 3772 1780 3828 solum
1823 3787 1928 3826 non

348 3891 490 3945 argve
513 3912 530 3939 ,
575 3871 670 3928 sed
714 3870 876 3925 etiam
920 3883 1046 3923 eum
1088 3866 1363 3935 voluptate
1396 3879 1496 3920 nos
1535 3865 1742 3919 audire.
1774 3862 1928 3928 Quod

350 3965 509 4035 igitur
536 3963 699 4017 linem
726 3974 834 4014 non
865 3958 1061 4014 habeat
1084 3996 1100 4022 ,
1122 3954 1370 4011 Christus
1393 3955 1509 4023 ipse
1531 3953 1889 4024 pronuntiavit
1913 3972 1928 4010 :

350 4055 546 4110 Paulus
575 4063 752 4108 autem
781 4050 948 4114 dicit,
980 4047 1276 4105 ostendens
1304 4045 1605 4101 immortale
1639 4059 1759 4100 esse
1799 4059 1929 4116 sup-

349 4144 567 4216 plicium
589 4179 612 4209 ν
651 4149 965 4212 peccatores
987 4137 1213 4194 daturos
1241 4150 1360 4194 esse
1389 4148 1575 4205 pinnas
1601 4134 1851 4190 exitiosas
1878 4144 1933 4191 et

350 4245 580 4291 aeternas
611 4234 630 4304 (
656 4232 713 4287 2.
749 4231 925 4287 Thess.
959 4230 1012 4285 1.
1044 4229 1078 4287 9
1102 4227 1149 4300 );
1173 4237 1228 4284 et
1252 4242 1464 4284 rursum
1488 4267 1504 4294 ,
1529 4225 1704 4282 Nolite
1723 4243 1931 4282 errare:

350 4346 510 4394 neque
535 4327 867 4400 fornicatores
883 4366 898 4390 ,
930 4337 1088 4396 neque
1135 4323 1351 4380 adulta-3'
1373 4363 1389 4390 ,
1438 4339 1594 4394 neque
1633 4324 1808 4379 molles
1844 4339 1930 4379 re-

350 4437 512 4491 gnum
553 4416 654 4472 Dei
697 4415 1020 4489 possidebunt
1061 4414 1163 4486 (1.
1188 4413 1310 4470 Cor.
1341 4413 1396 4470 6.
1423 4413 1476 4469 9.
1508 4414 1576 4470 10
1601 4416 1642 4485 ).
1693 4414 1931 4473 Hebraeis

351 4524 564 4582 quoque
589 4507 802 4563 dicebat
829 4524 844 4562 :
891 4505 1080 4560 Pacem
1109 4505 1464 4578 pet-sequimini
1491 4521 1606 4558 cum
1633 4507 1862 4561 omnibus
1886 4514 1934 4560 et

349 4599 802 4670 sautificationem
825 4637 842 4663 ,
897 4597 1007 4651 sine
1045 4612 1146 4668 qua
1206 4611 1351 4650 nemo
1413 4594 1597 4648 videbit
1659 4594 1932 4650 Dominum

352 4695 370 4765 (
397 4693 560 4748 Hebr.
592 4691 680 4747 12.
709 4691 777 4746 ﬂ
800 4694 843 4761 ).
876 4689 942 4744 Et
965 4688 1210 4744 Christus
1241 4687 1306 4742 iis
1325 4686 1414 4756 qui
1433 4685 1684 4742 dicebant
1705 4726 1722 4753 ,
1753 4685 1821 4741 In
1843 4703 1934 4741 no-

351 4788 488 4840 mine
517 4795 604 4838 tuo
629 4783 837 4837 virtutes
857 4781 1042 4834 multas
1062 4778 1272 4849 fecimus
1295 4817 1312 4844 ,
1337 4777 1416 4832 ait
1442 4793 1456 4830 :
1483 4776 1738 4831 Discedite
1762 4794 1792 4830 a
1815 4794 1894 4832 me
1914 4817 1931 4843 ,

350 4881 440 4947 qui
479 4873 764 4947 opemnini
802 4871 1157 4942 iniquitatem;
1194 4886 1296 4924 non
1340 4869 1458 4924 novi
1503 4884 1591 4926 vos
1614 4869 1633 4941 (
1659 4870 1845 4924 Matth.
1878 4871 1932 4924 7.

349 4967 440 5021 εὶ.
467 4965 538 5022 23
561 4965 604 5038 ).
635 4966 703 5020 Et
726 4964 962 5036 virgines
1002 4960 1234 5017 exclusa:
1270 4968 1398 5016 sunt
1419 5001 1435 5026 ,
1485 4976 1661 5032 neque
1701 4962 1934 5016 intrave-

352 5066 521 5112 runt:
560 5067 616 5114 et
649 5057 718 5114 de
762 5057 870 5123 iis,
915 5053 1010 5126 qui
1056 5053 1234 5124 ipsum
1273 5068 1378 5109 non
1425 5053 1725 5108 nutrierunt
1742 5046 1764 5120 ',
1813 5053 1932 5108 ait:

354 5149 509 5205 Ibunt
532 5151 586 5204 in
612 5149 920 5220 supplicium
943 5147 1225 5216 αιαηαυι(
1251 5145 1440 5201 Matth.
1467 5145 1557 5202 S5.
1588 5146 1658 5202 ιο
1677 5143 1720 5215 ).

429 5263 762 5320 Peccatmm
806 5260 1111 5331 supplicium
1157 5259 1308 5328 ﬁnem
1357 5274 1462 5312 non
1499 5257 1670 5312 habet.
1714 5285 1786 5297 —
1826 5255 1936 5312 Nec

358 5354 488 5409 mihi
515 5353 663 5408 dicas
689 5369 704 5406 :
731 5350 958 5406 Ubinam
985 5350 1124 5419 arqui
1152 5349 1289 5404 ratio
1314 5359 1558 5405 servatur
1580 5390 1596 5416 ,
1648 5349 1695 5405 si
1730 5350 1935 5420 suppli-

357 5445 500 5498 cium
532 5455 638 5497 non
663 5440 825 5495 habet
861 5438 1066 5494 linem?
1103 5438 1328 5505 Quando
1367 5440 1509 5494 enim
1562 5439 1702 5494 Deus
1735 5439 1934 5510 aliquid

361 5535 487 5589 facit
509 5576 526 5602 ,
556 5533 674 5604 ejus
698 5530 978 5586 sententia:
1006 5528 1307 5597 obsequere
1331 5570 1347 5595 ,
1370 5538 1425 5584 ct
1462 5545 1531 5585 ne
1576 5546 1637 5584 ea
1664 5573 1680 5597 ,
1708 5547 1827 5600 qua:
1855 5531 1938 5585 di-

361 5636 552 5679 euutur
575 5665 591 5691 ,
625 5622 869 5679 humanis
899 5619 1194 5676 ratiociniis
1222 5621 1446 5689 subjice.
1476 5620 1724 5689 Alioquin
1755 5633 1933 5676 autem

363 5714 632 5784 quomodo
658 5728 765 5772 non
785 5713 985 5786 justum
1012 5711 1172 5770 fuerit
1195 5754 1212 5784 ,
1241 5729 1361 5771 cunt
1385 5713 1476 5785 qui
1504 5711 1572 5768 ab
1598 5711 1755 5769 initio
1777 5715 1932 5772 itum-

2041 1796 2193 1839 mera
2235 1789 2441 1858 accepit
2485 1790 2781 1860 beneﬁcia,
2823 1795 3121 1867 deindeque
3153 1800 3415 1869 supplicio
3464 1803 3620 1874 digna

2034 1879 2300 1946 patravit,
2351 1897 2414 1940 ac
2457 1899 2629 1954 neque
2672 1887 2832 1941 minis
2886 1903 3058 1959 neque
3111 1889 3384 1947 beneficiis
3434 1897 3624 1951 melior

2032 1965 2250 2024 ell‘ectus
2277 1980 2360 2025 est
2379 2013 2394 2039 ,
2415 1974 2675 2043 supplicio
2701 1977 2896 2045 plecti?
2920 1977 3050 2032 Nam
3073 1979 3116 2033 si
3140 1980 3191 2035 id
3216 2023 3231 2045 ,
3255 1982 3400 2051 quod
3415 1985 3620 2053 justum
3657 2045 3660 2048 ,

2033 2066 2154 2125 est,
2185 2060 2384 2129 quaeris
2407 2103 2422 2129 ,
2455 2063 2521 2116 ab
2547 2064 2698 2120 initio
2731 2080 2830 2122 nos
2861 2069 3081 2136 periisse
3111 2073 3388 2140 oportuit,
3418 2089 3622 2130 secun-

2034 2149 2162 2205 dum
2189 2154 2324 2222 :cqui
2356 2163 2408 2209 et
2432 2155 2560 2225 justi
2590 2158 2852 2214 rationem
2878 2177 2892 2223 ;
2927 2162 3035 2217 imo
3065 2179 3236 2233 neque
3266 2174 3391 2222 tunc
3420 2185 3617 2225 secun-

2031 2241 2157 2297 dum
2188 2245 2324 2315 aequi
2345 2254 2398 2300 et
2410 2245 2540 2316 justi
2569 2249 2829 2305 rationem
2855 2263 3056 2308 tantum
3091 2273 3103 2310 :
3127 2273 3250 2311 nam
3276 2257 3621 2332 benignitatis

2034 2331 2247 2400 luisset,
2308 2337 2351 2389 si
2394 2337 2496 2392 hoc
2539 2340 2678 2409 passi
2729 2356 2990 2400 essemus.
3043 2345 3267 2412 Quando
3309 2331 3452 2405 enim
3501 2354 3620 2422 quis

2033 2439 2152 2478 eum
2177 2466 2193 2491 ,
2215 2427 2303 2496 qui
2327 2442 2385 2482 se
2403 2428 2537 2482 nihil
2559 2431 2696 2485 laesit
2715 2473 2730 2498 ,
2753 2435 3074 2490 contumelia
3094 2437 3258 2493 afﬁcit
3281 2481 3297 2508 ,
3323 2445 3620 2499 secundum

2031 2515 2158 2584 justi
2186 2519 2447 2573 rationem
2470 2521 2563 2575 dat
2591 2538 2778 2592 pmuas
2802 2542 2816 2591 ;
2841 2527 3052 2595 quando
3073 2539 3251 2586 autem
3271 2533 3576 2589 beneficqu
3605 2580 3620 2605 ,

2033 2609 2121 2679 qui
2150 2609 2281 2664 nihil
2311 2621 2466 2668 antea
2497 2616 2706 2685 accepit
2747 2616 3031 2684 beneficii,
3073 2622 3166 2676 sed
3204 2623 3316 2693 ipse
3361 2626 3622 2684 beneﬁcia

2035 2700 2180 2756 mille
2205 2702 2384 2758 intulit
2409 2745 2423 2769 ,
2453 2705 2542 2774 qui
2574 2707 2685 2761 sola
2730 2720 2892 2764 causa
2920 2719 3001 2766 est
3038 2712 3181 2782 quod
3229 2714 3317 2770 ille
3355 2718 3620 2787 exsistat,

2034 2792 2121 2862 qui
2152 2793 2290 2848 Deus
2315 2804 2397 2849 est
2423 2805 2476 2850 et
2501 2798 2734 2878 animam
2766 2800 3040 2870 inspiravit
3067 2804 3452 2878 innumeraque
3483 2811 3622 2867 bona

2036 2883 2253 2950 intulit,
2300 2896 2462 2958 atque
2504 2889 2554 2943 in
2593 2891 2784 2946 cazlum
2828 2893 3080 2951 inducere
3125 2896 3339 2956 voluit:
3385 2899 3431 2955 si
3480 2901 3622 2959 hunc

2035 2985 2156 3046 post
2194 2987 2274 3033 tot
2316 2979 2580 3037 beneficia
2605 3025 2620 3050 ,
2659 2999 2764 3040 non
2815 2987 2975 3042 modo
3022 2992 3345 3046 contumelia
3385 2993 3621 3062 alliciat,

2035 3069 2128 3124 sed
2157 3078 2210 3125 et
2237 3074 2589 3129 contumelias
2617 3076 2856 3144 quotidie
2887 3094 2982 3148 per
3007 3094 3170 3149 opera
3200 3095 3446 3153 repetat,
3479 3103 3615 3157 qua-

2035 3176 2157 3215 nam
2188 3161 2380 3232 dignus
2403 3162 2565 3220 fuerit
2590 3167 2789 3220 venia?
2827 3167 2941 3224 Non
2981 3170 3133 3227 vides
3173 3176 3443 3243 quomodo
3482 3178 3624 3234 Ada-

2035 3269 2177 3308 mum
2230 3255 2462 3324 punierit
2513 3267 2732 3327 propter
2783 3276 2946 3314 unum
3019 3269 3348 3334 peccatum?
3399 3269 3573 3324 Etiam
3603 3313 3619 3338 ,

2034 3345 2280 3414 inquies,
2319 3347 2620 3415 paradisum
2667 3351 2765 3420 ipsi
2811 3351 2958 3407 dedit
3007 3361 3062 3409 et
3099 3355 3277 3412 ell‘ecit
3324 3367 3384 3412 ut
3431 3376 3622 3429 magna

2034 3432 2302 3488 frueretur
2328 3434 2726 3493 benevolentia.
2773 3441 2930 3511 Atqui
2967 3456 3072 3498 non
3107 3459 3203 3514 par
3229 3461 3315 3502 res
3345 3457 3426 3502 cst
3451 3490 3465 3514 ,
3497 3465 3622 3504 cum

2034 3525 2122 3594 qui
2154 3524 2206 3579 in
2236 3527 2524 3583 securitate
2547 3530 2676 3584 vivit
2704 3546 2927 3601 peccare
2949 3575 2964 3597 ,
3008 3545 3061 3589 et
3090 3551 3210 3591 eum
3242 3537 3332 3606 qui
3363 3539 3413 3591 in
3441 3540 3623 3596 multis

2034 3618 2287 3674 irrumuis
2314 3620 2444 3675 vivit
2467 3662 2481 3684 ,
2515 3620 2563 3676 id
2593 3621 2792 3679 facere.
2825 3623 2892 3678 Et
2935 3625 3038 3681 hoc
3081 3627 3257 3695 ipsum
3302 3646 3462 3699 grave
3495 3641 3580 3687 cst
3603 3674 3620 3701 ,

2034 3709 2174 3778 quod
2205 3726 2312 3765 non
2359 3713 2408 3766 in
2462 3715 2709 3782 paradiso
2751 3730 2979 3784 pecces,
3026 3718 3120 3772 sed
3167 3719 3219 3773 in
3267 3722 3421 3777 malis
3460 3721 3625 3794 hujus

2035 3801 2157 3856 vitae
2182 3800 2475 3857 innumeris
2499 3845 2513 3870 ,
2547 3819 2721 3872 neque
2757 3820 2824 3858 ex
2868 3805 3081 3860 miseria
3125 3811 3331 3864 cautior
3375 3815 3574 3869 evadas
3606 3834 3621 3872 :

2031 3907 2094 3947 ac
2119 3893 2165 3948 si
2195 3895 2315 3964 quis
2340 3894 2550 3948 vinctus
2580 3894 2814 3964 nequitia
2842 3903 3101 3953 uteretur.
3149 3899 3269 3954 Tibi
3300 3917 3428 3957 vero
3452 3907 3622 3963 etiam

2036 3983 2282 4054 paradiso
2309 3983 2518 4052 majora
2539 3985 2782 4054 promisit
2808 4026 2824 4052 ,
2872 4000 3044 4056 neque
3073 3989 3166 4043 tibi
3192 3989 3303 4059 jam
3332 3991 3479 4049 dedit
3504 4039 3516 4060 ,
3552 4014 3625 4055 ne

2034 4085 2087 4130 te
2111 4075 2165 4129 in
2193 4083 2432 4144 tempore
2457 4075 2806 4132 certaminum
2842 4078 3140 4134 molliorem
3179 4081 3428 4140 redderet
3460 4105 3473 4140 :
3521 4103 3624 4144 ne-

2033 4180 2138 4236 que
2168 4169 2330 4220 tacuit
2351 4208 2366 4233 ,
2395 4181 2463 4222 ne
2491 4175 2542 4222 te
2568 4167 2726 4221 nimis
2751 4168 3006 4238 dejiceret
3033 4171 3084 4225 in
3115 4173 3404 4230 laboribus.
3436 4175 3502 4231 Et
3529 4178 3625 4236 ille

2033 4257 2250 4329 quidem
2278 4273 2386 4313 uno
2415 4268 2636 4329 peccato
2664 4268 2826 4314 totam
2871 4261 2938 4315 ad
2988 4276 3048 4317 se
3089 4274 3316 4321 mortem
3362 4269 3622 4337 attraxit;

2034 4364 2135 4406 nos
2163 4360 2340 4405 autem
2365 4349 2601 4420 quotidie
2623 4351 2901 4408 innumera
2932 4365 3150 4422 peccata
3179 4357 3533 4414 admittimus.
3564 4360 3623 4416 Si

2032 4449 2212 4498 autem
2242 4443 2330 4497 ille
2355 4457 2475 4496 cum
2499 4457 2663 4496 unum
2687 4442 2992 4498 admisisset
3021 4486 3035 4512 ,
3062 4454 3266 4502 tantum
3289 4448 3389 4504 sibi
3416 4451 3617 4505 malum

2034 4531 2291 4598 attraxit,
2321 4538 2375 4586 et
2406 4540 2634 4585 mortem
2663 4531 2903 4599 invexit;
2934 4534 3022 4604 qui
3063 4550 3275 4606 semper
3305 4537 3356 4591 in
3385 4542 3624 4609 peccatis

2035 4621 2262 4675 vivimus
2283 4661 2298 4686 ,
2321 4619 2447 4690 quid
2472 4635 2574 4675 non
2600 4622 2861 4690 patiemur
2881 4665 2896 4690 ,
2926 4625 3015 4694 qui
3042 4639 3139 4694 pro
3162 4626 3408 4694 paradiso
3427 4629 3620 4684 cmlum

2036 4711 2358 4782 Speramus?
2387 4709 2604 4765 Molesta
2633 4722 2757 4768 sunt
2783 4711 2899 4768 haec
2926 4755 2941 4780 ,
2991 4723 3046 4769 et
3082 4717 3335 4770 maestitia
3381 4718 3626 4774 alliciunt

2037 4803 2334 4858 auditorem
2381 4819 2394 4855 :
2436 4801 2537 4857 hoc
2566 4803 2704 4857 bene
2733 4805 2854 4858 novi
2886 4819 2950 4860 ex
2981 4804 3046 4858 iis
3070 4846 3085 4869 ,
3117 4821 3235 4876 qua:
3269 4807 3384 4878 ipse
3411 4810 3580 4878 patior
3605 4827 3622 4874 ;

2037 4907 2132 4948 cor
2157 4893 2300 4947 enim
2329 4907 2504 4947 meum
2539 4893 2782 4948 turbatur
2820 4903 2875 4949 et
2907 4894 3124 4964 palpitat
3153 4911 3168 4951 :
3213 4907 3269 4952 et
3301 4915 3409 4969 quo
3451 4901 3626 4970 magis

2039 4983 2194 5038 video
2220 4982 2432 5052 probari
2458 4983 2508 5036 id
2529 5024 2544 5047 ,
2567 4985 2707 5054 quod
2731 4983 2797 5038 de
2819 4984 3062 5054 gehenua
3089 4985 3287 5043 dicitur
3309 5031 3326 5057 ,
3357 5005 3421 5045 eo
3455 4992 3625 5061 magis

2040 5083 2210 5129 tremo
2239 5081 2292 5128 et
2320 5088 2385 5128 ex
2414 5083 2560 5129 metu
2599 5073 2826 5143 relugio.
2859 5073 2966 5129 Sed
2994 5091 3217 5134 necesse
3254 5089 3336 5135 est
3379 5081 3492 5134 inec
3537 5081 3626 5136 di-

2037 5179 2163 5220 cere
2187 5204 2202 5228 ,
2231 5179 2298 5219 ue
2322 5165 2375 5218 in
2402 5164 2701 5234 gehennam
2731 5163 3048 5220 incidamus.
3101 5166 3219 5223 Non
3267 5171 3521 5240 accepisti
3567 5181 3628 5225 tu

2040 5256 2345 5329 paradisum
2373 5271 2549 5328 neque
2577 5257 2714 5326 ligna
2745 5270 2920 5325 neque
2948 5257 3159 5326 plautas
3183 5301 3198 5326 ,
3229 5260 3322 5315 sed
3352 5261 3540 5315 Cll'ltlm
3571 5273 3629 5317 ct

2039 5349 2277 5405 caelestia
2314 5347 2474 5403 bona.
2519 5347 2672 5414 Quod
2715 5346 2760 5400 si
2806 5347 2851 5401 is
2891 5348 2981 5416 qui
3011 5349 3218 5404 minora
3246 5352 3489 5421 accepit,
3533 5351 3629 5406 da-

2044 5453 2255 5497 mnatus
2281 5450 2365 5496 est
2383 5481 2398 5505 ,
2427 5453 2599 5507 neque
2624 5438 2729 5492 ulla
2747 5453 2866 5494 cum
2893 5441 3033 5495 eruit
3056 5441 3190 5495 ratio
3220 5460 3232 5495 :
3261 5443 3430 5498 multo
3459 5443 3631 5512 magis

2041 5549 2138 5588 nos
2161 5575 2174 5598 ,
2197 5533 2283 5602 qui
2308 5531 2459 5601 plura
2487 5531 2820 5598 peccavimus
2840 5541 2893 5587 et
2915 5532 2980 5586 ad
3003 5531 3204 5600 majora
3227 5535 3400 5587 vocati
3419 5549 3630 5602 sumus,

2041 5622 2395 5679 intolerabilia
2421 5621 2705 5689 patiemur.
2738 5623 2922 5690 Cogita
2962 5635 3092 5690 ergo
3139 5632 3342 5692 quanto
3384 5633 3632 5693 tempore

2044 5716 2095 5771 in
2123 5723 2293 5772 morte
2321 5722 2501 5769 manet
2543 5722 2763 5785 prOptcr
2796 5729 2958 5769 unum
3006 5722 3283 5784 peccatum
3320 5731 3487 5788 genus
3530 5729 3631 5772 υθ-
