3954 6130
330 262 401 321 77
1029 258 1095 314 S.
1130 254 1419 313 JOANNIS
1453 247 1948 309 CIIRYSOSTOMI
1988 246 2308 307 ARCHIEP.
2348 244 2893 305 CONSTANTINOP.
3501 242 3573 300 78

329 377 619 448 γενόμενος
664 372 880 446 χείρων,
912 373 941 425 6
966 369 1218 423 τοσούτω
1262 366 1621 433 καταξιωθεὶς
1651 364 1899 436 Πνεύμαο

328 486 440 534 τος,
466 468 560 522 καὶ
588 466 649 519 οὐ
698 465 826 536 μίαν
852 461 974 516 οὐδὲ
1013 461 1109 517 δύο
1159 463 1254 516 καὶ
1299 462 1471 532 τρεῖς,
1506 459 1643 513 άλλά
1701 458 1900 529 μυρίας

329 558 690 627 ὲςρελκόμενος
714 553 1005 626 ἁμαρτίας.
1032 554 1122 622 Μὴ
1147 551 1277 623 γάρ,
1304 552 1386 605 ὅτι
1421 554 1480 606 ὲν
1507 553 1646 624 ῥοπῇ
1674 550 1906 622 βραχείᾳ

332 646 447 720 [75]
480 646 549 700 τὰ
575 646 947 717 ἁμαρτήματα
978 642 1211 712 γίνεται,
1238 632 1395 696 τοῦτο
1425 643 1653 706 σκόπει,
1693 641 1788 695 καὶ
1817 639 1904 693 διά

328 734 488 789 τοῦτο
525 733 619 788 καὶ
661 733 760 804 τὴν
793 730 1013 785 κόλασιν
1045 730 1219 802 ῥοπῆς
1240 727 1379 784 εἶναι
1405 727 1611 800 νόμιζε.
1635 728 1747 797 Οὐχ
1774 727 1906 799 ὁρᾷς

330 828 455 890 :06;
478 822 819 897 ἀνθρώπους,
847 824 897 877 οἳ
938 824 1198 887 πολλάκις
1247 804 1386 894 ὑπὲρ
1421 823 1549 891 μιᾶς
1581 820 1785 889 κλοπῆς
1814 818 1905 871 καὶ

335 919 461 989 μιᾶς
492 915 737 987 μοιχείας
763 917 820 969 ἐν
855 918 1026 987 μικρᾷ
1056 917 1195 986 ῥοπῇ
1233 927 1256 955 ο
1290 912 1581 983 γινομένης
1614 913 1671 964 ὲν
1692 910 1905 981 δεσμω-

330 999 539 1072 τηρίοις
565 999 660 1053 καὶ
685 998 971 1070 μετάλλοις
998 997 1293 1069 ὁλόκληρον
1324 995 1504 1051 αὐτῶν
1527 995 1619 1048 τὸν
1650 991 1762 1064 βίον
1814 994 1907 1045 άνο

330 1092 569 1157 ἀλωσαν,
593 1089 740 1161 λιμῷ
773 1089 1010 1161 διηνεκεῖ
1033 1089 1128 1143 καὶ
1151 1088 1365 1161 μυρίοις
1390 1086 1709 1149 παλαίοντες
1742 1083 1903 1138 θανά-

329 1199 482 1248 τοις;
532 1181 628 1235 καὶ
674 1179 849 1243 οὐδεὶς
893 1178 1093 1242 αὐτοὺς
1130 1177 1365 1241 ἐξείλετο
1418 1175 1538 1230 οὐδὲ
1576 1170 1730 1228 εἶπεν
1756 1215 1771 1238 ,
1823 1174 1907 1227 ὅτι

332 1273 526 1345 δπειδὴ
559 1273 589 1313 δ
629 1272 688 1326 ὲν
722 1269 953 1344 βραχείᾳ
993 1268 1184 1342 καιροῦ
1218 1271 1358 1341 ῥοπῇ
1395 1269 1455 1323 :6
1482 1267 1789 1338 ἁμάρτημα
1817 1266 1909 1335 γέ-

334 1380 483 1433 γονε,
506 1362 587 1416 δεῖ
612 1362 707 1417 καὶ
726 1362 824 1433 τὴν
851 1361 1072 1415 κόλασιν
1102 1359 1429 1431 άντίρῥοπον
1457 1361 1522 1431 τῇ
1545 1359 1791 1430 ἁμαρτίᾳ
1815 1357 1909 1412 καὶ

334 1453 429 1507 τὸν
447 1453 638 1522 χρόνον
667 1449 830 1521 ἔχειν.

411 1545 477 1615 β’.
495 1542 636 1598 Ἀλλ’
651 1541 748 1597 ἄνθ
757 1558 949 1615 ρωποι,
964 1540 1148 1613 φησὶν,
1163 1541 1321 1606 είσὶν,
1333 1541 1382 1594 οἱ
1413 1540 1588 1595 ταῦτα
1605 1540 1902 1607 ποιοῦντες,

338 1637 367 1689 6
402 1636 462 1691 δὲ
486 1634 618 1699 Θεὸς
652 1633 1032 1705 φιλάνθρωπός
1064 1634 1204 1687 ἔστι.
1250 1632 1474 1704 Πρῶτον
1526 1634 1626 1705 μὲν
1659 1629 1752 1687 οὖν
1788 1633 1908 1687 οὐδὲ

337 1721 614 1794 ἄνθρωποι
647 1720 893 1793 ὠμότητι
928 1719 1103 1775 ταῦτα
1140 1721 1494 1792 πράττουσιν,
1540 1722 1675 1776 άλλά
1723 1722 1915 1793 φιλανυ-

339 1813 588 1886 θρωπίᾳ·
631 1811 728 1867 καὶ
765 1813 795 1865 6
824 1811 957 1876 Θεὸς
991 1811 1068 1879 δὲ,
1099 1808 1288 1882 ῶσπερ
1333 1812 1451 1865 ἐστὶ
1481 1811 1862 1883 φιλάνθρωπος
1890 1851 1906 1877 ,

337 1904 478 1960 οὕτω
509 1904 605 1959 καὶ
636 1901 989 1973 ὶπεξέρχεται
1009 1919 1024 1933 ο
1056 1901 1199 1957 κατὰ
1220 1901 1333 1973 γάρ
1358 1902 1421 1956 :6
1450 1901 1598 1966 ἔλεος
1619 1902 1782 1956 αὐτοῦ
1810 1920 1907 1955 πο-

336 1997 432 2061 λὺς
455 1997 549 2051 καὶ
576 1996 605 2050 6
630 1994 850 2066 ἔλεγχος
874 1992 1064 2048 αὐτοῦ.
1101 1994 1273 2048 Ὅταν
1298 1989 1391 2048 οὖν
1420 1994 1580 2066 είπῃς
1607 1993 1911 2064 φιλάνθρω-

339 2106 440 2143 πον
457 2089 549 2143 τὸν
574 2086 733 2153 Θεὸν,
751 2087 872 2140 τότε
907 2084 1131 2158 μείζονά
1164 2102 1255 2157 μοι
1286 2085 1463 2154 λέγεις
1504 2088 1604 2158 τῆς
1638 2086 1914 2152 κολάσεως

336 2181 435 2252 τὴν
463 2178 735 2252 ἀφορμὴν,
770 2178 851 2232 ὅτι
877 2179 958 2242 είς
986 2177 1221 2232 τοιοῦτον
1250 2177 1657 2251 ἁμαρτάνομεν.
1697 2178 1788 2232 Διὸ
1820 2179 1913 2233 καὶ

337 2272 367 2325 6
398 2270 612 2333 Παῦλος
643 2270 817 2338 ἔλεγε·
847 2266 1107 2336 Φοόερόν
1141 2268 1208 2321 τὸ
1244 2266 1534 2337 ἐμπεσεῖν
1588 2270 1673 2334 είς
1711 2268 1913 2338 χεῖρας

342 2362 491 2418 Θεοῦ
548 2359 781 2426 ζῶντος.
835 2358 1180 2430 ’Δνάσχεσθε,
1232 2357 1561 2431 παρακαλῶ,
1600 2360 1699 2430 τῆς
1732 2360 1915 2431 πυρᾶς

338 2455 450 2509 τῶν
482 2452 774 2527 ῥημάτων⁶
804 2451 934 2517 ἴσως
966 2451 1096 2521 γὰρ,
1122 2451 1254 2515 ίσως
1286 2449 1438 2505 ἔσται
1463 2468 1547 2515 τις
1571 2451 1699 2521 ύμῖν
1727 2449 1913 2505 ἐντεῦ-

343 2545 437 2600 θεν
470 2542 814 2617 παραμυθία.
844 2543 940 2606 Τίς
963 2541 1267 2612 ἀνθρώπων
1304 2541 1529 2597 δύναται
1568 2542 1793 2597 κολάσαι
1819 2541 1915 2596 06-

342 2654 471 2702 τως,
494 2635 570 2700 ὡς
595 2634 852 2689 ἐκόλασεν
887 2633 1084 2700 όΘεδς,
1123 2633 1507 2705 κατακλυσμὸν
1546 2634 1783 2706 ποιήσας
1820 2634 1916 2689 καὶ

343 2725 719 2799 πανωλεθρίαν
735 2724 994 2780 τοσούτου
1016 2725 1229 2795 γένους,
1253 2726 1348 2781 καὶ
1378 2725 1516 2797 μετὰ
1539 2725 1733 2798 μικρὸν
1755 2725 1916 2780 πάλιν

344 2818 456 2893 πῦρ
485 2818 692 2874 ἄνωθεν
726 2816 947 2889 βρέξας,
986 2816 1083 2872 καὶ
1126 2816 1337 2880 πάντας
1389 2816 1559 2888 άρδην
1610 2814 1913 2886 άφανίσας;

343 2912 477 2965 ποία
499 2907 802 2980 ἀνθρώπων
838 2908 1079 2981 τιμωρία
1107 2907 1333 2963 δύναται
1365 2904 1505 2963 εἶναι
1527 2908 1750 2981 τοιαύτη
1769 2928 1784 2977 ;
1806 2911 1918 2982 Ούχ

342 3003 476 3074 ὁρᾷς
504 2999 773 3055 ἀθάνατον
798 2999 983 3072 σχεδὸν
1012 3000 1105 3054 καὶ
1143 3000 1243 3072 τὴν
1276 2999 1526 3054 ἐντεῦθεν
1563 3001 1786 3053 κόλασιν
1827 2993 1919 3054 οὖ-

346 3111 480 3160 σαν;
515 3090 937 3164 Τετρακισχίλια
965 3089 1061 3161 ἔτη
1085 3089 1356 3163 παρῆλθε,
1381 3090 1477 3144 καὶ
1499 3091 1532 3161 ἡ
1557 3089 1797 3161 τιμωρία
1826 3089 1920 3161 μέ-

345 3198 428 3235 νει
455 3179 561 3236 τῶν
593 3178 899 3249 Σοδομιτῶν
930 3178 1275 3251 ἀκμάζουσα.
1302 3178 1513 3248 Ὠσπερ
1536 3178 1645 3248 γάρ
1670 3180 1704 3249 ἡ
1734 3178 1922 3248 φιλαν-

346 3270 561 3342 θρωπία
585 3269 749 3326 αὐτοῦ
779 3270 1016 3340 μεγάλη,
1041 3267 1184 3322 οὕτω
1214 3267 1311 3321 καὶ
1339 3269 1373 3338 ἡ
1402 3267 1640 3332 κόλασις.
1679 3270 1789 3324 Kal
1811 3270 1919 3341 γὰρ

347 3363 519 3434 εἰμὲν
555 3361 789 3433 φορτικά
820 3377 942 3414 τινα
971 3358 1201 3424 ἐπέταξε
1242 3358 1341 3412 καὶ
1382 3357 1642 3426 ἀδύνατα,
1679 3359 1810 3425 ἴσως
1854 3361 1919 3415 άν

345 3471 429 3517 τις
460 3450 571 3525 εἶχε
604 3454 706 3525 τὴν
738 3449 1029 3505 δυσκολίαν
1071 3448 1443 3522 προϐαλέσθαι
1478 3450 1588 3505 τῶν
1625 3452 1807 3524 νόμων
1827 3470 1841 3486 ·
1871 3455 1922 3507 εί

344 3546 404 3600 δὲ
438 3545 643 3618 σφόδρα
686 3545 881 3615 ῥᾷστα,
915 3541 969 3594 τί
990 3540 1057 3595 ἂν
1089 3540 1309 3613 ἔχοιμεν
1334 3542 1506 3596 εἰπεῖν
1543 3543 1681 3616 μηδὲ
1717 3544 1922 3599 τούτων

348 3634 666 3706 ποιούμενοι
681 3633 875 3699 λόγον;
903 3630 1215 3700 Νηστεῦσαι
1244 3633 1304 3685 οὐ
1334 3631 1585 3699 δύνασαι,
1630 3635 1753 3689 οὐδὲ
1783 3652 1922 3706 παρ-

350 3726 531 3780 θενίαν
553 3722 826 3791 άσκῆσαις
849 3720 1042 3774 Καίτοι
1067 3737 1132 3789 γε
1158 3722 1407 3787 δύνασαι,
1454 3723 1554 3778 ἐάν
1584 3724 1779 3796 θέλῃς,
1829 3726 1923 3779 καὶ⁵

350 3811 753 3884 κατηγοροῦσιν
796 3808 956 3881 ἡμῶν
987 3811 1038 3863 οί
1080 3810 1436 3882 δυνηθέντες’
1491 3813 1609 3867 ἀλλ’
1634 3814 1785 3883 ὅμως
1825 3814 1925 3867 οὐκ

349 3905 625 3975 εχρήσατο
650 3900 823 3972 ταύτῃ
845 3900 983 3972 πρὸς
1008 3901 1156 3971 ἡμᾶς
1180 3903 1209 3955 6
1239 3901 1371 3965 Θεὸς
1402 3904 1470 3974 τῇ
1507 3903 1786 3976 ἀκριϐείᾳ,
1805 3905 1925 3959 οὐδὲ

352 3993 583 4059 ἐπέταξε
600 3991 779 4046 ταῦτα
809 3990 930 4045 οὐδὲ
956 3992 1366 4064 ἐνομοθέτησεν,
1401 3993 1518 4046 ἀλλ’
1546 3994 1759 4065 ἀφῆκεν
1788 3991 1926 4049 εἶναι

351 4087 452 4160 την
480 4086 690 4156 αἵρεσιν
718 4087 777 4139 ὲν
801 4085 868 4157 τῇ
903 4083 1098 4159 γνώμῃ
1126 4084 1235 4138 τῶν
1267 4084 1601 4139 ἀκουόντωνι
1633 4089 1927 4158 σωφρονεῖν

352 4178 423 4234 δὲ’
443 4180 501 4233 ὲν
528 4178 692 4250 γάμῳ
718 4176 965 4241 δύνασαι,
1009 4177 1103 4231 καὶ
1143 4175 1218 4248 μὴ
1256 4173 1477 4248 μεθύειν
1500 4174 1747 4230 δύνασαι.
1775 4177 1819 4229 Χ
1830 4177 1928 4249 ρή-

358 4290 508 4346 ματα
534 4269 769 4328 κενῶσαι
796 4270 857 4325 ού
887 4269 1114 4326 δύνασαι
1133 4269 1343 4336 πάντα;
1372 4268 1563 4324 Καίτοι
1587 4286 1651 4339 γε
1680 4268 1927 4334 δύνασαι,

357 4366 452 4420 καὶ
484 4363 736 4438 δηλοῦσιν
767 4365 818 4418 οἱ
850 4362 1217 4435 ἐργασάμενοι
1237 4379 1252 4393 ·
1279 4361 1393 4417 ἀλλ’
1429 4361 1579 4435 ὅμως
1622 4362 1745 4417 οὐδὲ
1771 4362 1931 4416 τοῦτο

356 4456 637 4522 ἐπέταξεν,
660 4454 797 4508 άλλά
828 4453 902 4524 μὴ
932 4451 1199 4524 ἁρπάζειν
1223 4451 1497 4517 ἐκέλευσε,
1523 4451 1617 4506 καὶ
1636 4452 1701 4505 ὲκ
1717 4450 1826 4505 τῶν
1852 4450 1931 4504 6v-

356 4565 466 4602 :wv
484 4549 596 4609 τοῖς
619 4544 894 4615 δεομένοις
943 4544 1276 4614 ἑπικουρεῖν.
1311 4543 1375 4595 Εἰ
1409 4540 1468 4594 δὲ
1510 4541 1660 4608 λέγοι
1695 4558 1779 4605 τις
1799 4583 1814 4607 ,
1848 4542 1931 4595 ὅτι

358 4637 494 4692 Οὐδὲ
517 4638 585 4707 τῇ
613 4636 833 4704 γυναικὶ
860 4632 1018 4702 μόνον
1061 4631 1400 4704 άρκεσθῆναι
1433 4626 1707 4699 δύναμαι,
1748 4630 1935 4702 ἀπατᾷ

359 4725 551 4781 ἑαυτὸν
574 4725 670 4777 καὶ
701 4721 1157 4794 παραλογίζεταιο
1195 4718 1290 4772 καὶ
1310 4714 1714 4788 κατηγοροῦσιν
1751 4716 1801 4769 οἱ
1824 4734 1933 4786 χω-

363 4820 448 4890 ρὶς
475 4814 734 4885 γυναικὸς
770 4811 1196 4883 σωφρονοῦντες.
1227 4809 1293 4862 Τί
1322 4808 1400 4875 δὲ,
1428 4808 1551 4861 είπέ
1586 4824 1698 4879 μοι,
1728 4806 1803 4879 μὴ
1827 4808 1935 4862 λοι-

360 4905 632 4979 δορεῖσθαι
668 4904 727 4958 οὐ
778 4901 1047 4968 δύνασαι;
1094 4900 1169 4972 μὴ
1198 4899 1544 4972 καταρᾶσθαι
1572 4900 1634 4953 οὐ
1670 4898 1933 4966 δύνασαις

364 5000 476 5054 Kal
510 4997 617 5071 μὴν
649 4996 709 5051 :6
743 4992 920 5049 ταῦτα
949 4994 1123 5047 ποιεῖν
1156 4992 1440 5066 φορτικὸν,
1461 4991 1522 5045 ού
1545 4991 1608 5045 :6
1637 4990 1713 5063 μὴ
1739 4991 1933 5045 ποιείν.

364 5089 533 5143 Ποίαν
555 5082 648 5142 οὖν
668 5085 863 5159 ἔχομεν
887 5081 1211 5153 ἀπολογίαν,
1243 5082 1314 5137 τά
1339 5081 1481 5136 οὕτω
1510 5081 1688 5152 κοῦφα
1710 5082 1802 5135 καὶ
1845 5081 1904 5135 εὖ
1921 5108 1938 5121 -

366 5177 499 5232 κολα
546 5176 622 5247 μὴ
664 5177 1064 5246 φυλάττοντεςς
1096 5173 1212 5229 Ούκ
1251 5171 1398 5228 ἐστιν
1443 5173 1616 5226 εἰπεῖν
1664 5170 1937 5243 οὐδεμίαν.

2006 364 2063 418 ει
2110 380 2273 430 τινος
2317 363 2384 418 τὸ
2408 363 2587 431 ἔργον
2614 358 3052 427 κατακαήσεται
3075 398 3090 424 ,
3125 356 3577 427 ζημιωθήσεται.

2006 454 2312 526 ιπήγαγεν·
2345 454 2538 520 Αὐτὸς
2574 453 2643 507 δὲ
2665 451 3024 518 σωθήσεται,
3059 448 3213 502 οὕτω
3253 447 3325 502 δὲ
3360 449 3443 515 ὡς
3478 448 3578 504 διὰ

2004 548 2215 615 πυρός.
2236 547 2303 600 Τί
2336 542 2429 601 οὖν
2458 546 2525 600 άν
2551 547 2799 615 εἴποιμεν
2824 542 2961 614 7:96;
2980 541 3174 606 τοῦτο;
3207 541 3580 611 Σκοπήσωμεν

2005 638 2270 709 πρότερον
2292 635 2375 699 τίς
2399 637 2545 689 ἐστιν
2570 636 2600 686 6
2630 632 2905 705 θεμέλιος,
2937 631 3032 684 καὶ
3055 630 3136 693 τίς
3162 631 3190 683 6
3222 630 3446 700 χρυσὸς.
3481 630 3579 684 καὶ

2003 730 2148 794 τίνες
2179 729 2229 782 οί
2257 728 2392 781 λίθοι
2435 728 2484 781 οἱ
2511 727 2703 797 τίμιοι.
2731 725 2829 779 καὶ
2856 724 2941 786 τίς
2980 724 3009 776 ὁ
3038 722 3262 793 χόρτος,
3297 722 3392 774 καὶ
3425 722 3510 784 τίς
3535 723 3573 793 ἡ

2005 821 2248 892 καλάμη.
2279 820 2383 875 T6v
2417 819 2514 889 μὲν
2538 813 2630 872 οὖν
2665 817 2913 888 θεμέλιον
2951 813 3203 886 φανερῶς
3253 813 3414 876 αὐτὸς
3455 814 3579 885 ἐδή-

2005 914 2176 967 λωσεν
2196 913 2323 967 ὄντα
2342 912 2433 967 τὸν
2452 909 2685 980 Χριστιν
2712 909 2881 962 είπὼν
2899 923 2914 936 ⁸
2943 908 3229 977 Θεμέλιον
3248 907 3358 975 γὰρ
3384 905 3582 960 ἄλλον

2006 1004 2202 1071 οὐδεὶς
2230 1003 2481 1057 δύναται
2509 1000 2695 1056 θεῖναι
2729 999 2887 1069 παρὰ
2908 998 3014 1053 τὸν
3034 999 3346 1069 κείμενον,
3392 997 3578 1068 φησὶν,

2008 1094 2076 1162 ὃς
2107 1095 2237 1149 ἐστι
2267 1093 2524 1162 Χριστὸς
2563 1091 2820 1161 Ἰησοῦς.
2862 1092 2925 1144 Ἦ
2960 1090 3020 1143 δὲ
3055 1088 3312 1160 οἰκοδομὴ
3351 1086 3581 1160 πράξεις

2009 1187 2134 1256 ἐμοὶ
2155 1184 2402 1239 δοκοῦσιν
2423 1183 2582 1238 εἶναι.
2615 1184 2806 1237 Καίτοι
2847 1183 2911 1252 γέ
2941 1182 3087 1246 τινές
3132 1198 3316 1252 φασιν,
3354 1183 3435 1236 ὅτι
3485 1184 3583 1237 καὶ

2007 1278 2140 1333 αὐτὸ
2173 1277 2333 1332 τοῦτο
2360 1278 2487 1349 περὶ
2522 1276 2858 1331 διδασκάλων
2902 1276 3115 1346 εἴρηται
3166 1274 3260 1327 καὶ
3296 1273 3578 1345 μαθητῶν,

2010 1372 2105 1427 καὶ
2147 1370 2279 1441 περὶ
2324 1368 2589 1440 αἱρέσεων
2618 1366 3056 1438 διεφθαρμένων⁸
3109 1364 3224 1419 ἀλλ’
3259 1365 3290 1417 6
3334 1364 3491 1432 λόγος
3515 1365 3581 1418 ού

2010 1462 2394 1534 παραδέχεται.
2426 1461 2489 1513 El
2528 1459 2636 1530 γάρ
2675 1457 2831 1512 τοῦτό
2865 1460 3009 1524 ἐστι,
3042 1457 3159 1521 πῶς
3184 1456 3247 1512 :6
3293 1456 3393 1526 μὲν
3420 1456 3583 1527 ἔργον

2010 1551 2324 1615 ἀπόλλυται,
2342 1552 2370 1605 6
2397 1549 2454 1604 δὲ
2482 1547 2776 1619 οἰκοδομῶν
2801 1545 3105 1617 σωθήσεται
3121 1546 3225 1599 κᾶν
3251 1545 3339 1599 διά
3372 1546 3579 1616 πυρός;

2008 1644 2101 1698 τὸν
2147 1642 2258 1714 γάρ
2300 1641 2475 1695 αίτιον
2516 1640 2718 1712 μᾶλλον
2748 1638 3082 1694 ἀπόλλυσθαι
3134 1638 3338 1708 ἐχρῆν⁹
3374 1639 3493 1691 νυνὶ
3523 1638 3582 1691 δὲ

2013 1734 2368 1807 εὑρεθήσεται
2398 1733 2619 1787 πλείονα
2639 1732 2795 1804 δίκην
2826 1730 3001 1794 διδοὺς
3026 1731 3053 1783 6
3093 1728 3490 1800 οἰκοδομηθεὶς.
3517 1728 3583 1780 Et

2015 1824 2115 1894 μὲν
2165 1822 2274 1895 γάρ
2328 1827 2358 1878 6
2409 1822 2729 1885 διδάσκαλος
2765 1821 2937 1884 αίτιος
2985 1818 3177 1887 γέγονε
3216 1818 3316 1888 τῆς
3359 1817 3582 1881 κακίας,

2011 1914 2236 1969 πλείονα
2267 1915 2413 1981 ἄξιος
2444 1913 2629 1967 δοῦναι
2662 1913 2818 1983 δίκην
2837 1927 2849 1941 ·
2883 1912 3000 1974 πῶς
3034 1905 3127 1963 οὖν
3158 1908 3496 1980 σωθήσεται;
3532 1910 3584 1962 εί

2011 2003 2056 2057 δ’
2082 2004 2183 2057 οὐκ
2223 2004 2418 2066 αἴτιος,
2452 2001 2589 2057 ἀλλὰ
2619 2000 2770 2073 παρὰ
2799 2000 2899 2072 τὴν
2923 2001 3127 2054 οἰκείαν
3170 1998 3507 2069 δυστροπίαν
3532 1999 3585 2051 0!

2016 2090 2255 2164 μαθηταὶ
2283 2090 2515 2146 τοιοῦτοι
2550 2090 2835 2160 γεγόνασιν
2857 2127 2873 2153 ,
2909 2089 3019 2144 οὐδ’
3049 2088 3186 2154 ὅλως
3214 2087 3360 2153 ἄξιος
3399 2086 3586 2141 δοῦναι

2012 2182 2188 2256 δίκην,
2224 2182 2339 2237 ἀλλ’
2369 2183 2489 2236 οὐδὲ
2525 2180 2730 2252 ζημίαν
2763 2180 3063 2251 ὑποστῆναι
3104 2181 3132 2233 6
3161 2178 3342 2242 καλῶς
3379 2178 3586 2232 οἰκοδο⁸

2017 2276 2214 2347 μήσας.
2245 2275 2369 2338 Πῶς
2388 2269 2482 2327 οὖν
2505 2288 2659 2343 φησι,
2690 2270 3172 2341 Ζημιωθήσεται;
3217 2269 3380 2323 Ὀθεν
3425 2269 3585 2341 δῆλον

2013 2366 2094 2420 ὅτι
2120 2365 2249 2437 περὶ
2275 2364 2571 2437 πράξεωνό
2594 2362 2770 2432 λόγος.
2805 2362 3024 2433 Ἐπειδὴ
3050 2361 3157 2434 γάρ
3186 2360 3368 2433 μέλλει
3399 2360 3589 2415 λοιπὸν

2017 2457 2149 2528 7:96;
2193 2456 2286 2510 :6v
2335 2440 2746 2527 πεποᾷνευκότα
2790 2452 3194 2518 άποτείνεσθαι,
3249 2450 3457 2506 ἄνωθεν
3490 2450 3589 2505 καὶ

2016 2545 2123 2618 7:96
2149 2544 2346 2599 πολλοῦ
2368 2545 2763 2600 καταϐάλλεται
2779 2543 2846 2599 τά
2868 2543 3147 2615 προοίμια.
3168 2537 3290 2596 Οἵδε
3313 2544 3441 2612 γὰρ,
3456 2542 3589 2614 περὶ

2017 2637 2203 2711 ἐτέρου
2227 2638 2623 2710 διαλεγόμενος,
2657 2639 2714 2691 έν
2733 2638 2869 2709 αὐτῇ
2893 2639 2960 2709 τῇ
2982 2636 3110 2708 περὶ
3138 2634 3325 2707 ἑτέρου
3350 2635 3589 2701 διαλέξει

2018 2729 2558 2806 προκατασκευάξειν
2610 2729 2819 2801 ἕτερον,
2874 2728 2959 2797 ἐφ’
2992 2727 3021 2782 6
3053 2725 3237 2799 μέλλει
3269 2726 3425 2782 ίέναι.
3477 2726 3591 2779 Καὶ

2015 2826 2124 2897 γὰρ
2149 2824 2417 2896 ἐπιτιμῶν
2456 2823 2585 2896 περὶ
2628 2821 2723 2876 τοῦ
2766 2821 2841 2893 μὴ
2887 2819 3176 2891 ἀναμένειν
3216 2820 3441 2883 ἑαυτοὺς
3474 2820 3591 2882 τοῖς

2017 2916 2280 2989 ἀρίστοις,
2314 2915 2405 2969 τὸν
2437 2914 2565 2985 περὶ
2596 2913 2704 2969 τῶν
2742 2910 3059 2985 μυστηρίων
3101 2909 3473 2965 κατεσκεύασε
3500 2910 3594 2963 λό·

2016 3024 2133 3078 γον.
2172 3006 2295 3059 Ὀτι
2321 3005 2496 3059 δὲκαὶ
2528 3002 2622 3057 νῦν
2654 3003 2792 3076 πρὸς
2815 3002 2907 3056 τὸν
2939 3000 3351 3071 πεπορνευκότα
3379 3000 3597 3069 ἐπείγε-

2016 3115 2126 3163 ται,
2145 3095 2394 3167 περὶτοῦ
2417 3093 2670 3165 θεμελίου
2695 3091 2887 3156 είπὼν,
2919 3093 3221 3163 ἐπήγαγενυ
3249 3094 3369 3145 Οὐκ
3389 3090 3597 3145 οἴδατε

2018 3186 2106 3240 ὅτι
2126 3184 2273 3251 ναὸς
2298 3184 2445 3239 Θεοῦ
2466 3184 2624 3248 ἐστε,
2658 3181 2756 3236 καί
2776 3181 2843 3235 τὸ
2872 3180 3115 3249 Πνεῦμα
3136 3179 3243 3233 τοῦ
3267 3178 3415 3232 Θεοῦ
3444 3178 3601 3232 οἰκεῖ

2017 3278 2088 3332 ἐν
2113 3277 2287 3347 ὑμῒν;
2314 3275 2387 3330 ΕΖ
2403 3293 2492 3341 τις
2514 3274 2624 3328 τὸν
2647 3272 2799 3327 ναὸν
2825 3271 2931 3326 τοῦ
2966 3270 3116 3326 Θεοῦ
3161 3269 3411 3338 φθείρει,
3450 3272 3598 3337 φθε-

2011 3367 2113 3437 ρεῖ
2131 3367 2346 3421 τοῦτον
2367 3368 2400 3420 ό
2433 3366 2594 3431 Θεός.
2632 3361 2819 3418 Ταῦτα
2852 3362 2909 3415 δὲ
2927 3360 3112 3431 ἔλεγεν
3134 3361 3234 3431 ήδη
3260 3357 3599 3412 διασαλεύων

2019 3456 2098 3527 τῷ
2127 3455 2277 3526 φόϐῳ
2298 3456 2398 3527 τὴν
2422 3453 2599 3525 ψυχὴν
2624 3452 2717 3506 τοῦ
2746 3451 3198 3523 πεπορνευκότος.
3233 3447 3303 3502 El
3322 3465 3412 3513 τις
3431 3447 3601 3501 ἐποι-

2022 3546 2263 3619 κοδομεῖ
2290 3545 2388 3601 ἐπὶ
2413 3546 2523 3601 τὸν
2559 3542 2837 3614 θεμέλιον
2855 3543 3094 3604 τοῦτον,
3136 3539 3389 3608 χρυσὸν,
3414 3538 3600 3607 ἄργυ-

2016 3656 2150 3708 ρον,
2189 3640 2402 3705 λίθους
2453 3636 2685 3707 τιμίους
2709 3676 2725 3701 ,
2762 3634 2955 3698 ξύλα,
2994 3634 3229 3702 χόρτον,
3291 3629 3598 3698 καλάμην.

2023 3730 2180 3785 Μετὰ
2210 3730 2320 3802 γάρ
2348 3729 2448 3800 τὴν
2478 3728 2661 3781 πίστιν
2695 3724 2983 3793 οἰκοδομῆς
3012 3721 3172 3792 χρεία
3195 3736 3210 3751 ⁸
3249 3721 3331 3774 διὸ
3372 3720 3467 3773 καὶ
3497 3721 3601 3773 άλ-

2024 3822 2189 3894 λαχοῦ
2231 3837 2413 3892 φησιν·
2459 3814 2831 3883 Οἱκοδομεῒτε
2863 3812 3178 3879 ἀλλήλους
3220 3810 3291 3863 ἐν
3328 3810 3454 3876 τοῖς
3494 3813 3604 3864 λό-

2025 3932 2151 3986 γοις
2174 3913 2421 3974 τούτοις.
2460 3908 2574 3962 Kal
2603 3908 2710 3977 γάρ
2734 3904 2828 3957 καὶ
2854 3905 2883 3957 6
2903 3901 3153 3972 τεχνίτης
3175 3901 3268 3953 καὶ
3287 3902 3316 3953 6
3350 3901 3605 3973 μαθητὴς

2028 4001 2469 4072 συνεισφέρουσιν
2495 3999 2553 4052 ὲν
2573 3999 2637 4068 τῇ
2666 3995 2923 4064 οἰκοδομῇ
2947 4010 2961 4024 °
3002 3991 3083 4045 διὸ
3103 3990 3280 4061 λέγει·
3304 3992 3605 4061 Ἕκαστος·

2027 4092 2096 4147 δὲ
2110 4089 2385 4157 βλεπέτω
2409 4085 2535 4152 πῶς
2555 4081 2873 4151 ἐποικοδομ
2884 4080 2956 4136 εἷ.

2097 4189 2167 4252 γ’.
2187 4181 2251 4235 Et
2271 4179 2328 4232 δὲ
2351 4177 2480 4250 περὶ
2510 4176 2745 4239 πίστεως
2763 4172 2937 4227 ταῦτα
2962 4170 3166 4244 εἴρητο,
3189 4170 3346 4240 λόγον
3367 4171 3466 4225 οὐκ
3486 4170 3607 4242 ἔχει

2030 4272 2092 4327 :6
2112 4270 2426 4342 λεγόμενον.
2464 4268 2553 4321 Ἐν
2579 4267 2685 4337 γὰρ
2718 4265 2789 4334 τῇ
2828 4262 3009 4315 πίστει
3043 4262 3189 4325 ἴσους
3222 4261 3430 4324 πάντας
3459 4256 3606 4316 εἶναι

2030 4361 2159 4434 χρὴ,
2190 4359 2375 4430 ἐπειδὴ
2409 4357 2507 4428 μία
2555 4356 2773 4416 πίστις’
2814 4355 2873 4405 ὲν
2899 4352 2954 4406 δὲ
3007 4353 3176 4423 ἀρετῇ
3218 4352 3335 4423 βίου
3390 4351 3489 4404 οὐκ
3520 4352 3604 4405 ενι

2034 4452 2241 4515 πάντας
2274 4447 2413 4503 εῖναι
2440 4448 2566 4511 :06;
2596 4444 2814 4509 αὐτούς.
2843 4446 3035 4508 Πίστις
3068 4445 3164 4516 μὲν
3194 4442 3303 4514 γὰρ
3331 4444 3431 4497 οὐκ
3453 4442 3605 4497 ἐστιν

2034 4548 2069 4617 ἡ
2100 4546 2201 4616 μὲν
2235 4543 2497 4607 ἐλάττων,
2537 4541 2653 4612 ἠδὲ
2688 4539 2936 4611 βελτίων,
2967 4539 3082 4593 ἀλλ’
3109 4541 3141 4609 ἡ
3194 4539 3333 4610 αὑτὴ
3384 4539 3608 4593 πάντων

2034 4636 2143 4691 τῶν
2172 4632 2390 4704 άληθῶς
2412 4631 2777 4685 πιστευόντων
2800 4648 2811 4660 ⁸
2837 4630 2932 4683 ἐπὶ
2951 4629 3006 4683 δὲ
3038 4628 3153 4699 βίου
3194 4628 3308 4681 ἔστι
3336 4628 3464 4690 :06;
3504 4628 3608 4699 μὲν

2038 4723 2486 4794 σπουδαιοτέρους
2505 4718 2667 4785 εἶναι,
2686 4720 2811 4784 :06;
2826 4720 2879 4773 δὲ
2906 4719 3310 4791 ῥᾳθυμοτέρους
3333 4734 3346 4747 ’
3370 4719 3611 4785 καὶτοὺς

2040 4818 2139 4890 μὲν
2160 4813 2603 4887 ἀκριϐεστέρους,
2620 4812 2747 4875 τοὺς
2763 4810 2819 4865 δὲ
2847 4810 3306 4879 καταδεεστέρους
3326 4827 3340 4842 ·
3363 4810 3610 4875 καὶτοὺς

2040 4912 2138 4983 μὲν
2164 4910 2234 4965 τά
2275 4906 2465 4980 μείζω,
2492 4907 2618 4970 τοὺς
2641 4905 2697 4959 δὲ
2719 4905 2787 4958 τά
2805 4903 3010 4957 ἐλάττω
3036 4901 3457 4973 κατωρθωκέναι
3473 4919 3487 4934 ο
3511 4904 3615 4956 καὶ

2036 5001 2164 5063 :06;
2191 4998 2289 5070 μὲν
2312 4994 2695 5069 χαλεπώτερα,
2719 4994 2845 5055 τοὺς
2864 4992 2921 5046 δὲ
2944 4990 3347 5064 καταδεέστερα
3362 4991 3617 5063 πεπλημ-

2044 5088 2359 5162 μεληκέναι.
2396 5088 2496 5139 Διά
2520 5084 2677 5138 τοῦτο
2701 5078 2823 5135 εἷπε
2853 5080 3072 5153 χρυσὸν,
3104 5080 3381 5153 ἄργυρον,
3427 5081 3616 5147 λίθους

2038 5180 2274 5251 τιμίους,
2306 5177 2421 5250 [77]
2447 5176 2600 5242 ξύλα,
2624 5174 2836 5245 χόρτον,
2867 5174 3143 5244 καλάμην.
3203 5172 3496 5228 Ἔκάστου
3542 5175 3611 5229 τὸ

371 5270 494 5323 Ὀτι
531 5268 629 5341 μιν
649 5262 744 5322 οὖν
764 5266 1031 5329 ἀθάνατος
1053 5267 1088 5337 η
1123 5264 1364 5332 κόλασις,
1391 5265 1457 5318 ὲκ
1491 5263 1601 5317 τῶν
1637 5264 1941 5336 εἰρημένων
2041 5273 2217 5340 ἔργον
2242 5268 2505 5340 φανερὸν
2521 5264 2860 5336 γενήσεται.
2882 5267 2995 5337 Τὴν
3020 5265 3217 5338 πρᾶξιν
3239 5265 3475 5319 ἐνταῦθά
3503 5282 3613 5337 φη-

371 5362 629 5418 άπάντων
653 5360 842 5430 δῆλον*
879 5358 1068 5429 ἐπειδὴ
1103 5358 1159 5412 δὲ
1194 5358 1344 5412 δοκεί
1373 5373 1486 5411 τισι
1508 5356 1571 5410 :6
1606 5355 1701 5410 τοῦ
1727 5356 1941 5410 Παύλου
2045 5379 2149 5415 σιν.
2184 5363 2258 5416 El
2284 5377 2445 5425 τινος
2467 5358 2534 5411 τὸ
2562 5358 2740 5427 ἔργον
2758 5355 2948 5426 μενεῖ,
2982 5357 3013 5411 6
3042 5355 3491 5426 ἐπῳκοδόμησε,
3516 5374 3618 5426 μι-

375 5454 527 5525 ῥῆμα
559 5449 925 5512 ἀντιπίπτειν,
949 5449 1083 5518 φέρε
1109 5448 1206 5502 καὶ
1236 5448 1366 5501 αὐτὸ
1390 5448 1796 5519 καταμάθωμεν
1815 5449 1944 5517 ἀγα-

2043 5452 2199 5507 σθὲν
2230 5452 2492 5519 λήιίιεται
2511 5462 2525 5476 ·
2569 5447 2625 5501 ει
2649 5464 2812 5514 τινος
2835 5447 2903 5502 τὸ
2935 5448 3113 5517 ἔργον
3142 5446 3615 5515 κατακαήσεται,

372 5547 559 5614 γόντες
594 5542 674 5605 είς
722 5537 907 5611 μέσον.
958 5537 1143 5593 Εἰπὼν
1173 5537 1304 5607 γάρ,
1334 5538 1409 5592 ΕΖ
1442 5554 1607 5603 τινος
1652 5539 1720 5594 τὸ
1766 5539 1946 5609 ἔργον
2046 5542 2491 5613 ζημιωθήσεται.
2519 5538 2711 5592 Καίτοι
2742 5557 2804 5608 γε
2836 5541 2885 5592 εί
2917 5539 3044 5609 περὶ
3073 5536 3332 5608 μαθητῶν
3354 5538 3449 5590 καὶ
3472 5537 3619 5591 διδα-

297 5677 307 5688 .
371 5636 558 5707 μένει,
590 5627 1090 5698 δὲπῳκοδόμησε,
1129 5626 1244 5702 [76]
1264 5627 1488 5698 μισθὸν
1522 5628 1781 5696 λήψεται
1804 5647 1817 5661 ⁸
1846 5630 1942 5684 καὶ
2049 5634 2263 5687 σκάλων
2289 5631 2350 5683 :6
2371 5629 2662 5701 λεγόμενον
2694 5625 2782 5701 ἦν,
2815 5628 2936 5682 οὔτε
2967 5626 3302 5698 ζημιοῦσθαι
3340 5628 3527 5699 ἐχρῆν,
3566 5629 3617 5682 εί

437 5735 454 5757 ⁸
478 5732 739 5799 Legebalur
776 5733 824 5783 ιν
847 5738 932 5799 μιᾷ
954 5734 1092 5800 ῥοπῇ.
1157 5730 1205 5801 ,δ
1229 5732 1403 5786 Deerat
1426 5731 1618 5810 ἐπειδή.

2053 5725 2127 5794 μὴ
2155 5724 2391 5793 ἤκουσαν
2413 5722 2460 5775 οἱ
2497 5719 2751 5793 μαθηταί,
2778 5720 2875 5776 Διὰ
2900 5718 3003 5791 γάρ
3028 5717 3188 5773 τοῦτό
3222 5734 3405 5790 φησιν·
3444 5718 3618 5773 ’Ἑκα-

3899 316 3929 401 Ρ
