3954 6130
297 262 363 318 π
1033 320 1035 322 η
1389 253 1460 310 ιΝ
1494 253 1704 311 EPIST.
1736 252 1759 308 Ι
1807 255 1858 308 Αἱ

1962 251 2086 309 :on.
2133 257 2359 316 ttontL.
2404 263 2495 319 tx.
3479 281 3548 336 τε

296 388 487 434 stt-um.
509 375 758 447 Quinque
776 374 918 429 mille
939 372 1064 428 anni
1091 380 1144 426 et
1172 370 1352 442 plures
1378 371 1746 441 praeterierunt
1770 411 1786 436 ,
1811 378 1865 425 et

295 487 443 526 mors
473 470 706 525 nondum
735 469 904 522 soluta
946 468 1081 532 luit,
1130 475 1345 535 prepter
1383 481 1547 520 unum
1590 473 1867 534 peccatum

297 564 533 618 inducta.
578 561 683 616 Nec
711 574 990 629 possumus
1012 559 1189 612 dicere
1223 556 1484 611 Adamum
1515 557 1740 625 aliquem
1770 571 1869 610 au-

298 657 443 710 disse
475 653 822 724 prophetam,
852 651 938 705 vel
987 651 1158 720 ipsum
1207 649 1343 702 alios
1389 657 1606 717 propter
1653 656 1868 717 peccata

301 747 510 816 punitos
540 745 730 799 vidisse
754 785 768 808 ,
802 751 857 797 et
884 757 979 811 par
1005 741 1168 796 fuisse
1195 749 1253 795 ut
1282 739 1403 794 inde
1432 741 1676 803 timeret,
1709 750 1869 808 atque

297 835 766 904 exemplocautior
794 836 943 888 fieret
972 850 986 885 :
1021 833 1222 902 primus
1251 832 1397 886 enim
1425 840 1543 887 erat
1586 839 1639 884 ct
1675 831 1822 886 solus
1849 872 1864 896 ,

297 939 570 998 tamenquae
592 925 935 997 puniebatur.
955 924 998 978 Τ
1003 941 1036 978 ιι
1064 938 1196 979 vero
1216 923 1348 977 nihil
1367 924 1556 976 horum
1578 922 1869 978 obtendere

291 1031 472 1090 potes,
500 1021 587 1090 qui
616 1028 739 1090 post
769 1027 844 1072 tot
871 1018 1117 1085 exempla
1155 1015 1390 1071 deterior
1428 1013 1602 1069 factus
1644 1029 1704 1068 es
1732 1055 1746 1080 ,
1778 1013 1866 1083 qui

291 1119 436 1165 tanto
461 1111 707 1180 dignatus
733 1124 792 1163 es
819 1108 1021 1177 Spiritu
1046 1149 1065 1174 ,
1104 1121 1166 1161 ac
1205 1121 1310 1161 non
1339 1121 1501 1159 unum
1527 1105 1611 1159 vel
1641 1105 1752 1158 duo
1781 1105 1867 1160 vel

290 1202 425 1267 tria,
473 1201 569 1255 sed
619 1201 898 1254 innumera
947 1207 1161 1268 peccata
1205 1197 1572 1252 accumulasti.
1610 1195 1688 1250 Ne
1724 1197 1866 1251 enim

287 1290 616 1355 consideres,
648 1289 790 1359 quod
818 1289 964 1344 brevi
992 1288 1245 1358 temporis
1281 1297 1557 1342 momento
1592 1296 1867 1356 peccatum

285 1381 636 1446 admittatur;
684 1396 859 1450 neque
901 1381 1020 1436 ideo
1046 1391 1196 1450 putes
1219 1380 1539 1450 supplicium
1571 1389 1869 1434 momenta-

286 1487 451 1526 neum
483 1471 713 1526 futurum
740 1487 882 1526 esse.
915 1473 1102 1526 Annon
1128 1472 1276 1526 vides
1302 1471 1549 1526 homines
1587 1472 1674 1540 qui
1723 1485 1867 1540 saepe

285 1580 390 1634 pro
417 1580 525 1618 uno
555 1563 696 1618 furto
721 1604 734 1627 ,
766 1565 1026 1618 adulterio
1064 1578 1172 1618 uno
1195 1605 1211 1630 ,
1240 1565 1293 1618 in
1319 1580 1536 1619 carcere
1555 1573 1610 1618 et
1636 1564 1867 1618 metallis

289 1666 468 1711 totam
491 1656 656 1711 vitam
684 1658 1036 1726 insumpsere,
1060 1670 1180 1710 cum
1207 1655 1344 1710 fame
1370 1669 1626 1726 perpetua
1650 1665 1703 1710 et
1726 1656 1868 1710 mille

284 1749 561 1803 mortibus
591 1749 1001 1803 concertantes?
1029 1763 1092 1803 ac
1131 1763 1291 1802 nemo
1335 1748 1480 1817 ipsos
1517 1749 1744 1818 eripuit,
1777 1764 1867 1804 ne-

283 1855 396 1907 que
437 1839 608 1902 dixit,
655 1838 802 1893 brevi
847 1839 1098 1906 temporis
1139 1850 1412 1892 momento
1440 1847 1713 1908 peccatum
1745 1853 1863 1908 per-

278 1939 461 1984 actum
490 1929 677 1994 fuisse,
711 1938 766 1984 et
796 1938 1046 1998 oportere
1072 1937 1125 1984 et
1149 1939 1426 2000 peccatum
1469 1937 1523 1986 et
1547 1930 1863 2000 supplicium

280 2023 426 2092 paris
453 2039 572 2078 esse
601 2024 882 2091 temporis.

352 2118 407 2170 2.
448 2117 537 2182 At,
567 2116 797 2186 inquies,
823 2115 1070 2170 homines
1095 2124 1238 2179 sunt,
1267 2116 1354 2186 qui
1384 2115 1499 2170 haec
1529 2115 1860 2181 admittunt;

277 2208 424 2262 Deus
468 2217 646 2262 autem
695 2207 960 2278 benignus
1005 2223 1128 2278 erga
1177 2208 1423 2264 homines
1471 2217 1573 2264 est.
1625 2209 1862 2264 Primum

277 2301 476 2370 quippe
504 2316 570 2354 ne
597 2300 842 2355 homines
870 2300 1085 2370 quidem
1115 2299 1230 2356 haec
1257 2300 1458 2356 faciunt
1486 2317 1550 2357 ex
1575 2302 1865 2358 crudelita-

277 2401 355 2453 te,
381 2391 473 2444 sed
500 2406 566 2444 ex
598 2390 959 2460 benignitate;
987 2400 1040 2446 et
1086 2391 1231 2446 Deus
1273 2391 1459 2458 etiam,
1489 2402 1548 2447 ut
1589 2403 1672 2448 est
1698 2393 1864 2447 homi-

274 2498 410 2537 num
435 2499 640 2551 amans,
663 2483 736 2536 ita
757 2483 920 2538 etiam
947 2493 1165 2553 peccata
1189 2484 1496 2540 ulciscitur:
1525 2499 1648 2539 nam
1671 2500 1864 2541 secun-

272 2577 410 2630 dum
441 2576 865 2631 misericordiam
915 2577 1080 2648 ipsius
1108 2579 1277 2632 multa
1309 2587 1392 2633 est
1417 2579 1534 2648 ejus
1560 2578 1862 2649 redargutio

269 2677 331 2723 et
363 2667 514 2721 ultio.
543 2667 673 2722 Cum
700 2668 830 2724 dicis
859 2684 986 2738 ergo
1011 2670 1179 2724 Deum
1220 2684 1342 2725 esse
1370 2669 1646 2724 hominum
1673 2685 1862 2725 aman-

271 2771 416 2826 tem,
447 2759 703 2828 majorem
731 2759 861 2814 mihi
893 2761 1026 2816 dicis
1049 2762 1294 2831 supplicii
1325 2762 1683 2826 occasionem,
1718 2760 1859 2831 quod

269 2853 325 2908 in
362 2869 488 2908 eum
517 2853 605 2920 qui
629 2853 748 2908 talis
777 2854 847 2908 sit
893 2869 1197 2923 peccemus.
1230 2855 1353 2910 Ideo
1380 2855 1593 2912 dicebat
1621 2855 1815 2910 Paulus
1843 2873 1859 2910 :

271 2944 608 2999 Horrendum
634 2955 709 3000 est
738 2946 961 3000 incidere
987 2947 1041 2999 in
1069 2963 1247 3001 manus
1290 2947 1386 3001 Dei
1424 2948 1631 3002 virentis
1669 2947 1856 3020 (Hebr.

272 3035 365 3092 10.
389 3034 500 3107 51).
535 3036 712 3101 Ferte,
764 3052 970 3107 quaeso,
1002 3036 1211 3106 igneam
1243 3039 1348 3091 vim
1379 3039 1700 3104 verborum;
1734 3039 1858 3094 hinc

269 3130 500 3184 fortasse
527 3129 677 3184 vobis
699 3129 944 3199 qumdam
967 3130 1264 3184 consolatio
1289 3131 1510 3185 orietur.
1544 3131 1674 3198 Quis
1698 3131 1857 3186 homo

268 3229 452 3290 potest
481 3221 548 3274 ita
584 3221 798 3290 punire,
833 3230 886 3274 ut
915 3221 1122 3290 punivit
1148 3222 1310 3288 Deus,
1343 3222 1432 3291 qui
1464 3221 1719 3277 diluvium
1753 3222 1854 3276 im-

269 3311 444 3373 misit,
475 3321 529 3365 et
557 3319 705 3365 tanto
732 3312 920 3381 generi
949 3312 1171 3366 exitium
1219 3313 1424 3377 intulit;
1459 3322 1511 3367 et
1542 3315 1702 3382 paulo
1739 3325 1856 3382 post

267 3414 491 3454 rursum
521 3400 656 3470 ignis
679 3401 909 3468 pluviam
939 3401 1180 3467 immisit,
1214 3413 1268 3458 et
1294 3419 1482 3458 omnes
1501 3404 1740 3458 funditus
1756 3405 1853 3460 de-

269 3491 448 3545 levit?
478 3507 596 3559 qua:
626 3490 899 3546 hominum
949 3492 1086 3547 ultio
1133 3502 1309 3563 potest
1355 3509 1476 3550 esse
1507 3497 1686 3550 tanta?
1737 3495 1853 3549 Non

267 3583 428 3637 vides
471 3584 577 3636 hoc
620 3582 932 3651 supplicium
975 3585 1280 3641 immortale
1319 3586 1430 3640 fere
1471 3588 1629 3641 esse?
1657 3587 1856 3652 Quater

268 3675 423 3730 mille
467 3674 594 3728 anni
637 3674 914 3741 effluxere,
961 3685 1014 3731 et
1059 3675 1460 3732 Sodomitarum
1507 3677 1638 3731 ultio
1682 3677 1856 3733 adhuc

268 3770 413 3836 viget
439 3774 495 3821 et
523 3776 722 3822 manet.
757 3767 1216 3834 Quemadmodum
1241 3769 1384 3823 enim
1413 3768 1711 3839 benignitas
1741 3770 1856 3838 ejus

266 3873 463 3927 magna
492 3868 599 3922 est,
638 3860 706 3913 ita
733 3869 788 3915 et
814 3860 1154 3930 supplicium.
1194 3860 1326 3915 Nam
1353 3861 1396 3914 si
1425 3876 1650 3916 onerosa
1678 3870 1731 3916 et
1756 3862 1854 3916 im-

267 3949 542 4019 possibilia
567 3951 840 4020 jussisset,
872 3961 1053 4021 posset
1081 3951 1306 4006 fortasse
1341 3953 1463 4022 quis
1504 3953 1680 4022 legum
1712 3952 1854 4007 difli-

267 4042 525 4095 cultatetn
557 4043 881 4099 obtendere:
909 4043 1051 4112 quod
1094 4044 1139 4100 si
1167 4044 1456 4100 admodum
1500 4045 1693 4111 facilia,
1724 4046 1853 4114 quid

270 4132 547 4200 possimus
571 4132 746 4187 dicere
771 4135 870 4188 etsi
898 4135 1096 4190 nullam
1145 4135 1334 4189 horum
1381 4137 1640 4190 rationem
1688 4136 1856 4192 habe-

269 4225 428 4279 mus?
457 4223 713 4292 Jejunare
741 4242 847 4281 non
875 4235 1051 4296 potes,
1083 4243 1260 4298 neque
1290 4227 1649 4297 virginitatem
1676 4242 1854 4282 serva-

270 4319 364 4372 re?
391 4317 553 4388 Atqui
586 4329 756 4387 potes,
788 4320 833 4373 si
861 4321 1027 4384 velis;
1056 4331 1110 4376 ct
1136 4334 1234 4375 nos
1263 4329 1520 4374 accusant
1546 4320 1580 4374 ii
1607 4321 1697 4388 qui
1730 4336 1852 4389 pos-

271 4420 414 4464 sunt.
461 4413 712 4467 Attamen
744 4414 886 4468 Deus
931 4422 1073 4468 tanta
1118 4430 1242 4486 erga
1285 4430 1384 4469 nos
1410 4416 1698 4470 severitate
1729 4431 1854 4472 usus

271 4517 378 4555 non
411 4513 511 4568 est,
549 4520 722 4572 neque
748 4506 1058 4574 haecjussit,
1093 4522 1265 4577 neque
1294 4507 1454 4562 hasce
1473 4508 1617 4578 leges
1651 4508 1852 4577 posuit,

271 4591 367 4646 sed
408 4592 524 4647 hate
568 4595 874 4648 auditorum
924 4596 1184 4650 voluntati
1231 4606 1285 4652 et
1331 4597 1554 4653 arbitrio
1598 4599 1850 4667 reliquit:

269 4695 448 4740 castus
478 4686 530 4740 in
558 4686 824 4741 connubio
847 4702 967 4742 esse
995 4698 1166 4757 potes,
1185 4703 1248 4742 ac
1277 4704 1436 4758 penes
1459 4699 1508 4744 te
1529 4699 1612 4744 est
1642 4704 1746 4744 non
1773 4691 1853 4743 in-

265 4777 485 4832 ebriari.
502 4777 764 4832 Pecunias
783 4793 970 4834 omnes
988 4779 1314 4848 profundere
1331 4795 1434 4835 non
1459 4783 1649 4851 potes?
1666 4779 1852 4846 Quam-

265 4884 426 4936 quam
461 4877 633 4938 potes,
669 4880 723 4924 et
748 4870 1039 4926 ostendunt
1068 4872 1100 4925 ii
1119 4872 1208 4940 qui
1228 4872 1327 4925 hoc
1354 4871 1575 4926 faciunt.
1603 4872 1850 4927 Attamen

264 4961 352 5017 ille
383 4978 492 5017 non
523 4963 625 5019 hoc
653 4965 932 5034 prtecepit,
978 4964 1074 5020 sed
1109 4965 1270 5035 jussit
1309 4980 1428 5035 non,
1459 4981 1670 5035 rapere,
1705 4974 1758 5020 et
1785 4981 1848 5020 ex

263 5051 611 5107 facultatibus
640 5055 828 5123 egenis
852 5070 1095 5125 erogare.
1126 5055 1182 5110 Si
1214 5056 1334 5125 quis
1363 5064 1540 5109 autem
1570 5055 1762 5109 dixerit
1793 5069 1853 5110 se

264 5160 368 5200 non
393 5161 568 5200 uxore
598 5155 916 5200 contentum
945 5163 1066 5202 esse
1091 5162 1268 5216 posse,
1299 5145 1536 5214 seipsum
1573 5145 1770 5214 decipit
1799 5154 1854 5200 et

261 5237 417 5302 fallit,
458 5247 514 5290 ut
537 5247 772 5308 arguunt
795 5238 830 5292 ii
866 5239 955 5309 qui
980 5240 1098 5294 sine
1129 5254 1296 5294 uxore
1337 5239 1680 5294 continentes
1705 5245 1846 5292 sunt.

264 5327 399 5394 Quid
438 5343 590 5394 vero,
632 5329 719 5384 dic
763 5345 970 5400 quaeso,
1005 5346 1108 5384 non
1151 5340 1303 5400 potes
1346 5344 1450 5384 non
1500 5327 1756 5383 conviciis
1801 5337 1854 5382 ct

263 5420 570 5475 maledictis
596 5421 893 5491 impetere?
920 5421 1081 5490 Atqui
1113 5421 1211 5476 hoc
1241 5421 1416 5476 facere
1443 5435 1729 5475 ouerosmn
1749 5430 1850 5485 est,

267 5528 370 5567 non
400 5523 581 5569 autem
616 5531 722 5570 non
757 5515 957 5569 facere.
991 5513 1160 5578 Quam
1189 5528 1314 5582 ergo
1345 5513 1604 5568 habemus
1630 5528 1852 5566 excusa-

268 5607 490 5672 tionem,
519 5609 607 5679 qui
637 5618 746 5662 tam
783 5608 923 5661 levia
956 5614 1009 5662 ct
1034 5603 1205 5659 facilia
1255 5619 1360 5658 non
1409 5606 1717 5660 servemus?
1745 5604 1852 5658 Nos

267 5696 497 5766 aliquam
542 5699 751 5757 habere
779 5697 886 5754 dici
918 5697 1120 5769 nequit.
1155 5695 1308 5763 Quod
1355 5712 1483 5767 ergo
1534 5697 1851 5752 immortalis

1973 372 2039 424 sit
2076 374 2226 444 ultio,
2256 393 2320 432 ex
2355 379 2513 436 dictis
2533 383 2703 451 palam
2735 394 2849 440 est:
2875 389 2995 458 quia
3024 405 3152 446 vero
3174 390 3320 447 Pauli
3343 394 3544 451 dictum

1971 466 2186 523 videtur
2203 473 2467 527 nonnullis
2492 475 2782 543 adversari,
2809 495 2904 549 age
2927 481 3026 537 hoc
3048 485 3218 552 ipsutn
3243 486 3294 540 in
3312 489 3548 543 medium

1971 558 2257 615 adductum
2304 565 2654 622 excutiamus.
2705 569 2838 624 Cum
2885 572 3126 638 dixisset,
3177 575 3237 631 Si
3281 579 3549 649 cujusdam

1971 665 2098 718 opus
2125 654 2382 716 manserit,
2409 658 2543 725 quod
2562 661 3057 728 supersediﬁcaverit,
3095 669 3369 722 mercedem
3406 674 3543 724 acci-

1971 739 2072 808 piet
2088 757 2105 804 ;
2129 749 2174 793 et
2194 742 2239 794 si
2261 745 2530 812 cujusdam
2557 764 2683 817 opus
2702 753 2900 817 arserit,
2929 753 3280 810 detrimentum
3304 761 3545 826 patietur,-

1970 830 2246 900 subjunxit
2273 852 2285 887 :
2318 833 2346 886 Ι
2355 853 2440 903 pse
2467 847 2638 891 autem
2667 839 2836 895 salvus
2863 846 2978 909 erit,
3009 847 3081 898 sic
3098 857 3264 902 tamen
3287 853 3430 917 quasi
3461 869 3548 920 per

1969 922 2154 990 ignem.
2207 923 2342 989 Quid
2386 943 2516 996 ergo
2558 931 2624 983 ad
2675 931 2778 987 hoc
2823 934 3098 990 dicemus?
3136 941 3546 998 Consideremns

1969 1014 2143 1106 primo
2165 1016 2291 1085 quid
2324 1018 2393 1071 sit
2418 1019 2844 1091 fundamentum,
2872 1030 3012 1096 quod
3039 1031 3108 1084 sit
3129 1047 3337 1099 aurum,
3378 1045 3433 1089 et
3457 1039 3546 1106 qui

1971 1105 2172 1174 lapides
2205 1111 2442 1178 pretiosi,
2476 1115 2617 1183 quod
2661 1117 2885 1185 faenum,
2919 1137 3037 1190 quzr.
3085 1127 3302 1193 stipula.
3336 1105 3548 1183 Funda-

1971 1208 2206 1253 mentum
2226 1202 2439 1270 quidem
2459 1205 2574 1274 ipse
2593 1206 2788 1264 Paulus
2805 1211 3096 1269 declaravit
3113 1217 3381 1274 Christum
3401 1238 3542 1290 esse,

1969 1289 2186 1346 dicens:
2218 1293 2626 1352 Fundamentum
2655 1303 2787 1354 enim
2817 1306 2960 1359 aliud
2987 1324 3131 1362 nemo
3153 1328 3335 1379 ponere
3362 1325 3542 1382 potest,

1969 1391 2148 1448 prwler
2175 1385 2359 1453 ipsum,
2391 1389 2527 1456 quod
2551 1402 2622 1446 est
2649 1395 2884 1462 positum,
2923 1399 3109 1469 inquit,
3144 1405 3278 1472 quod
3306 1417 3377 1458 est
3400 1407 3548 1461 Cliti-

1966 1482 2073 1526 stus
2091 1474 2260 1529 Iesus.
2285 1476 2588 1536 .‘Ediﬁcium
2609 1495 2785 1541 autem
2816 1490 2943 1542 mihi
2975 1491 3220 1548 videntur
3234 1511 3354 1552 esse
3378 1502 3545 1555 actio-

1969 1578 2081 1617 nes.
2118 1568 2275 1634 Atqui
2321 1569 2506 1625 dicunt
2556 1575 2796 1644 quidam,
2840 1579 2941 1635 hoc
2991 1583 3163 1651 ipsum
3193 1587 3392 1642 dictum
3422 1606 3542 1647 esse

1964 1655 2032 1709 de
2051 1657 2362 1715 doctoribus
2387 1672 2439 1716 et
2465 1664 2531 1720 de
2556 1665 2833 1738 discipulis
2863 1687 2924 1726 ac
2952 1673 3019 1729 de
3039 1681 3304 1747 corruptis
3328 1681 3543 1738 lucrosi-

1965 1746 2084 1800 bus.
2120 1748 2224 1804 Sed
2257 1751 2356 1806 hoc
2385 1757 2554 1811 series
2595 1774 2702 1814 non
2746 1762 3000 1818 admittit.
3030 1767 3164 1822 Nam
3207 1746 3262 1825 si
3308 1772 3407 1827 hoc
3436 1785 3544 1843 est,

1965 1840 2234 1932 quomodo
2264 1857 2400 1911 opus
2445 1847 2658 1915 quidem
2711 1853 2876 1919 perit;
2921 1856 3010 1924 qui
3057 1865 3233 1914 autem
3281 1840 3544 1932 aedificat,

1964 1929 2142 1984 salvus
2159 1933 2264 1986 erit
2289 1935 2370 1989 vel
2396 1952 2490 2006 per
2509 1938 2683 2008 ignem
2701 1942 2724 1994 ’ἔ
2745 1953 3022 2000 auctorem
3051 1950 3194 2002 enim
3226 1955 3392 2023 magis
3419 1929 3542 2024 per;

1966 2036 2046 2076 ire
2089 2035 2562 2092 oporteretznunc
2605 2042 2783 2088 autem
2829 2037 3059 2106 majores
3101 2055 3288 2109 poenas
3329 2045 3544 2104 dedisse

1964 2115 2265 2173 invenietur
2292 2121 2356 2184 is,
2402 2125 2490 2192 qui
2517 2125 2814 2183 :edillcatus
2841 2141 2943 2185 est.
2977 2131 3106 2188 Nam
3151 2137 3194 2189 si
3239 2136 3425 2196 doctor
3451 2157 3543 2196 au-

1965 2217 2079 2263 ctor
2105 2209 2201 2265 fttit
2243 2213 2388 2278 mali,
2421 2215 2615 2286 dignus
2656 2229 2739 2273 est
2769 2221 2857 2290 qui
2890 2224 3121 2293 majores
3163 2228 3271 2284 luat
3319 2247 3538 2301 petras:

1963 2303 2234 2370 quomodo
2263 2320 2391 2376 ergo
2419 2309 2598 2363 salvus
2629 2311 2728 2365 erit
2750 2312 2772 2364 ?
2793 2312 2850 2368 Si
2877 2326 3062 2370 auctor
3084 2333 3190 2372 non
3213 2330 3317 2386 est,
3349 2324 3443 2377 sed
3463 2324 3536 2377 di-

1962 2392 2154 2460 scipuli
2187 2408 2282 2463 per
2311 2410 2459 2451 suam
2507 2403 2912 2467 perversitatem
2944 2405 3075 2461 tales
3106 2407 3228 2463 facti
3255 2421 3400 2477 sunt,
3434 2430 3540 2470 non

1963 2482 2154 2551 dignus
2179 2494 2262 2540 est
2288 2485 2333 2539 is
2357 2488 2445 2556 qui
2471 2498 2616 2545 recte
2645 2492 2948 2558 aediﬁcavit,
2978 2499 3064 2566 qui
3098 2499 3206 2553 luat
3245 2516 3428 2570 paruas
3458 2506 3541 2560 vel

1961 2573 2216 2628 damnum
2246 2579 2452 2632 subeat.
2499 2581 2781 2648 Quomodo
2822 2600 2950 2656 ergo
2989 2587 3138 2652 dicit,
3174 2589 3542 2650 Detrimentum

1963 2669 2220 2736 patietur?
2246 2670 2397 2725 Unde
2427 2674 2599 2741 palam
2627 2685 2730 2740 est,
2780 2677 2866 2730 hic
2909 2679 2974 2733 de
3019 2682 3228 2737 actibus
3257 2687 3360 2754 agi.
3408 2687 3540 2754 Quia

1961 2761 2106 2814 enim
2156 2761 2534 2818 fornicatorem
2567 2766 2820 2836 deinceps
2863 2784 3212 2839 aggressurus
3250 2785 3352 2842 est,
3387 2778 3543 2848 longe

1961 2862 2116 2906 antea
2144 2853 2462 2924 principium
2493 2860 2660 2926 ponit.
2696 2858 2844 2914 Solet
2869 2861 3014 2916 enim
3055 2864 3122 2919 de
3148 2866 3251 2920 alia
3280 2883 3338 2922 re
3362 2868 3540 2924 dictu-

1961 2949 2075 3009 rus,
2105 2945 2156 2998 in
2187 2945 2299 3014 ipsa
2334 2946 2400 3001 de
2429 2947 2536 3002 alio
2563 2948 2925 3019 disputatione
2947 2953 3091 3009 aliud
3133 2959 3460 3026 praemittere
3487 2970 3542 3018 et

1961 3036 2206 3105 probare,
2226 3054 2332 3108 quo
2355 3050 2537 3108 postea
2564 3050 2815 3097 venturus
2833 3054 2934 3098 est.
2961 3045 3091 3100 Nam
3113 3049 3533 3120 reprehendens,

1957 3127 2100 3198 quod
2130 3130 2181 3182 in
2209 3131 2446 3198 prandiis
2473 3132 2559 3184 alii
2587 3132 2721 3187 alios
2750 3150 2855 3188 non
2895 3149 3290 3207 exspectarent,
3321 3141 3389 3197 de
3420 3159 3538 3214 my-

1957 3219 2134 3273 steriis
2162 3233 2464 3275 sermonem
2493 3223 2786 3290 apparavit.
2813 3226 2944 3292 Quia
2971 3238 3146 3282 autem
3176 3245 3316 3284 nunc
3337 3231 3402 3286 ad
3425 3232 3537 3287 for-

1958 3312 2247 3366 nicatorem
2269 3312 2500 3378 festinat,
2521 3315 2588 3368 de
2607 3316 2948 3374 fundamento
2971 3321 3218 3390 loquutus
3243 3325 3537 3392 subjunait:

1959 3401 2045 3455 16.
2074 3402 2292 3457 Nescitis
2314 3406 2450 3473 quod
2474 3407 2718 3474 templum
2742 3407 2836 3461 Dei
2855 3411 2992 3474 estis,
3018 3422 3062 3463 et
3085 3412 3312 3480 Spiritus
3333 3414 3430 3468 Dei
3447 3417 3541 3469 Ita-

1957 3491 2081 3545 bitat
2108 3494 2162 3545 in
2185 3495 2355 3548 vobis?
2382 3496 2442 3550 Si
2468 3497 2580 3564 quis
2607 3498 2847 3565 templum
2865 3498 2954 3550 Dei
2978 3501 3256 3568 violaverit,
3281 3504 3537 3572 disperde!

1956 3583 2102 3636 illum
2133 3583 2287 3638 Deus.
2324 3585 2447 3638 ll;rc
2477 3595 2653 3638 autem
2681 3586 2912 3654 dicebat,
2941 3589 3051 3657 jam
3085 3601 3225 3645 metu
3263 3594 3540 3662 exagitans

1957 3682 2190 3728 mentem
2219 3675 2333 3744 ejus
2355 3675 2446 3744 qui
2476 3675 2765 3731 fornicatus
2818 3677 3012 3733 fuerat.
3044 3681 3106 3734 Si
3125 3683 3235 3750 quis
3261 3685 3540 3753 superwdiv

1957 3769 2075 3836 ficat
2091 3784 2243 3836 super
2267 3770 2652 3839 fundamentum
2669 3771 2782 3835 hoc,
2807 3787 3011 3839 aurum,
3031 3783 3316 3844 argentum,
3341 3776 3538 3846 lapides

1956 3863 2220 3931 pretiosos,
2264 3861 2424 3932 ligna,
2473 3860 2684 3931 fanum,
2732 3865 2993 3934 stipulam.
3038 3865 3163 3920 Post
3191 3867 3347 3923 fidem
3391 3870 3536 3925 enim

1956 3955 2306 4011 aedificatione
2360 3965 2442 4009 est
2491 3971 2672 4025 opus:
2719 3967 2771 4012 et
2823 3959 2945 4012 ideo
3000 3960 3124 4014 alibi
3170 3962 3298 4016 dicit
3334 3980 3346 4016 :
3381 3962 3538 4016 ΑΞάέ-

1956 4048 2105 4113 ﬁcate
2130 4063 2213 4102 vos
2242 4049 2454 4100 invicem
2478 4048 2532 4101 in
2561 4048 2638 4101 Itis
2668 4050 2981 4104 sermonibus
3007 4050 3082 4119 (Ι.
3125 4050 3301 4106 Thess.
3331 4053 3384 4107 5.
3419 4053 3532 4124 Η).

1955 4137 2164 4192 Etenim
2196 4137 2408 4204 artifex,
2433 4147 2486 4192 et
2515 4139 2812 4208 discipulus
2835 4141 2994 4195 simul
3021 4143 3300 4196 conferunt
3325 4144 3374 4196 in
3399 4145 3533 4198 aedi-

1955 4229 2286 4283 ﬁcationem:
2314 4229 2537 4298 ideoque
2568 4231 2727 4284 dicit:
2762 4231 3114 4302 Unusquisque
3161 4245 3328 4287 autem
3371 4236 3535 4290 videat

1954 4321 2201 4390 quomodo
2221 4321 2610 4389 supertediﬁcet.

2027 4414 2078 4466 3.
2120 4412 2174 4466 Si
2205 4411 2316 4464 haec
2345 4424 2520 4464 autem
2547 4412 2688 4466 dicta
2714 4413 2822 4467 sint
2845 4414 2912 4468 de
2946 4414 3069 4481 fide,
3103 4431 3208 4470 non
3241 4425 3322 4471 est
3342 4417 3536 4472 rationi

1956 4511 2372 4556 consentaneum
2400 4501 2540 4572 quod
2561 4502 2776 4557 dicitur.
2810 4504 2866 4558 In
2909 4504 3012 4560 fide
3057 4521 3288 4576 namque
3325 4520 3533 4577 oportet

1956 4608 2142 4649 omnes
2165 4609 2282 4650 esse
2315 4610 2495 4665 pares,
2537 4596 2790 4664 quoniam
2821 4612 2923 4650 una
2953 4605 3034 4652 est
3062 4598 3223 4652 fides:
3255 4599 3307 4654 in
3337 4600 3533 4655 virtute

1956 4697 2132 4742 autem
2178 4687 2302 4742 vita:
2348 4703 2452 4742 non
2501 4697 2725 4757 possunt
2768 4704 2956 4746 omnes
2998 4705 3116 4746 esse
3160 4691 3337 4747 iidem.
3376 4692 3534 4748 Fides

1955 4781 2094 4835 enim
2120 4795 2225 4834 non
2256 4790 2337 4834 est
2366 4781 2466 4833 alia
2495 4781 2692 4846 minor,
2726 4782 2825 4836 alia
2847 4785 3200 4852 praestantior,
3225 4785 3318 4841 sed
3343 4785 3529 4841 eadem

1955 4883 2036 4926 est
2058 4873 2293 4926 omnium
2340 4887 2467 4926 vere
2496 4873 2847 4928 credentium.
2878 4877 2945 4928 At
2971 4875 3020 4928 in
3055 4877 3159 4930 vita
3193 4888 3415 4945 possunt
3443 4877 3531 4931 alii

1955 4965 2166 5033 quidem
2196 4980 2315 5018 esse
2343 4964 2712 5031 studiosiores,
2737 4967 2824 5020 alii
2856 4968 3225 5031 socordiores;
3253 4969 3342 5022 alii
3367 4983 3528 5022 accu-

1955 5057 2201 5123 ratiores,
2226 5056 2276 5109 al
2302 5056 2314 5108 i
2339 5055 2652 5123 inferiores;
2675 5059 2762 5112 alii
2787 5057 3010 5125 majora,
3042 5058 3129 5109 alii
3157 5059 3360 5112 minora
3386 5070 3531 5117 recte

1956 5161 2146 5217 agere;
2196 5156 2248 5203 et
2287 5147 2373 5200 alii
2421 5148 2653 5215 gravius,
2695 5148 2784 5200 alii
2815 5147 2991 5200 minus
3032 5147 3360 5219 delinquere.
3396 5151 3530 5207 Pro-

1956 5249 2136 5310 ptcrea
2166 5239 2301 5293 dixit
2327 5253 2536 5299 aurum,
2576 5246 2874 5306 argentum,
2918 5238 3119 5308 lapides
3146 5243 3428 5309 pretiosos,
3463 5244 3528 5296 li—

1956 5346 2077 5400 gna,
2099 5329 2319 5394 fumum,
2344 5329 2615 5396 Stipttlam.
2641 5326 3046 5398 Uniuscujusque
3062 5346 3188 5400 opus
3207 5331 3532 5400 manifestum

1956 5425 2066 5475 erit.
2094 5421 2190 5474 ilic
2219 5420 2285 5474 de
2312 5420 2521 5472 actione
2563 5420 2815 5489 loquitur.
2862 5421 2922 5475 Si
2945 5423 3088 5492 cujus
3118 5439 3245 5490 opus
3269 5421 3529 5484 manserit,

1956 5513 2088 5580 quod
2109 5511 2599 5580 supera'di/icaverit,
2624 5510 2897 5564 mercedem
2918 5513 3158 5578 accipiet;
3179 5511 3221 5564 si
3243 5511 3387 5576 cujus
3404 5523 3530 5574 opus

1957 5607 2154 5666 urserit,
2191 5603 2538 5656 detrimentum
2563 5605 2794 5672 accipiet.
2827 5603 2981 5670 Atqui
3005 5603 3047 5654 si
3077 5602 3144 5655 de
3174 5596 3446 5662 discipulis
3475 5606 3530 5653 et

1956 5695 2263 5752 doctoribus
2291 5694 2339 5750 id
2368 5694 2651 5759 diceretur,
2689 5709 2792 5747 non
2825 5691 3145 5760 oportuisset
3165 5688 3410 5742 doctores
3431 5684 3528 5742 de-
