3954 6130
390 251 463 307 79
1129 235 1186 292 S.
1224 230 1501 289 JOANNIS
1535 222 2004 284 CHRYSOSTOMI
2043 221 2356 279 ARCHIEP.
2397 221 2920 280 CONSTANTINOP.
3602 220 3669 278 80

393 366 708 421 trimentum
741 356 1002 425 recipere,
1035 350 1080 406 si
1108 364 1212 404 non
1248 346 1523 402 audissent
1549 341 1818 412 discipuli.
1850 339 1978 394 ldeo

393 459 470 512 ait
490 474 502 508 :
524 451 878 521 Unusquisque
897 444 1155 516 prapriam
1175 438 1453 493 mercedem
1469 434 1681 504 accipiet
1703 431 1981 487 secundum

394 547 663 619 proprium
702 541 960 603 laborem;
992 549 1098 589 non
1125 529 1421 588 secundum
1451 529 1635 593 ﬁnem,
1663 525 1755 580 sed
1785 538 1979 579 secun-

391 614 526 694 dum
559 637 817 692 laborem.
850 628 985 699 Quid
1008 626 1173 690 enim,
1203 623 1248 677 si
1280 636 1385 677 non
1416 617 1743 674 attenderint
1768 614 1979 669 audito-

394 731 522 787 res?
563 728 896 796 Quapropter
925 721 1047 774 hinc
1094 716 1356 788 liquidum
1394 723 1480 769 est
1519 711 1605 766 hic
1631 711 1699 766 de
1728 709 1982 779 Operibus

396 823 500 892 agi.
533 822 588 874 Id
611 827 788 874 autem
820 815 935 870 vult
963 809 1263 882 signiﬁcare
1289 825 1302 861 :
1333 806 1379 861 si
1407 807 1526 874 quis
1553 817 1674 858 eum
1708 811 1850 856 recta
1877 797 1982 852 ﬁde

398 914 592 968 malam
636 913 802 965 vitam
834 915 976 977 agat,
1021 903 1147 958 huic
1177 917 1283 955 non
1331 897 1570 969 proderit
1615 894 1748 949 ﬁdes
1779 901 1836 947 ut
1872 907 1979 946 non

398 1002 666 1073 puniatur,
701 999 925 1054 ardente
954 1009 1139 1066 opere.
1165 990 1298 1047 Illud
1323 998 1525 1054 autem,
1555 987 1768 1049 Arserit,
1795 983 1844 1038 id
1875 991 1977 1048 est,

400 1113 506 1151 non
531 1093 712 1148 tulerit
737 1093 844 1145 vim
877 1089 1034 1160 ignis.
1065 1085 1173 1142 Sed
1202 1093 1260 1139 ut
1285 1083 1330 1137 si
1359 1082 1478 1153 quis
1503 1094 1650 1134 arma
1691 1092 1853 1132 aurea
1886 1074 1983 1129 lia-

400 1188 534 1242 bens
585 1183 805 1239 ﬂuvium
879 1181 1090 1250 igneum
1156 1175 1419 1245 trajiciat,
1477 1172 1655 1226 alacer
1701 1167 1978 1232 transibit;

399 1278 444 1331 si
473 1285 650 1331 autem
671 1265 870 1328 foenum
894 1270 1098 1325 habens
1126 1273 1381 1332 transeat,
1406 1279 1511 1318 non
1535 1261 1693 1316 modo
1711 1259 1842 1314 nihil
1862 1273 1982 1328 pro-

403 1367 532 1430 licit.
557 1363 648 1419 sed
671 1363 830 1418 etiam
851 1361 1085 1430 seipsum
1113 1356 1320 1428 perdit:
1345 1355 1415 1409 ita
1445 1361 1528 1408 est
1555 1361 1609 1406 et
1633 1351 1684 1405 in
1707 1349 1978 1420 operibus.

402 1458 518 1513 Non
541 1457 681 1511 enim
710 1455 795 1510 hic
820 1453 1052 1523 loquitur
1073 1450 1223 1520 quasi
1247 1448 1314 1502 de
1340 1443 1585 1516 personis
1608 1457 1731 1498 vere
1756 1439 1978 1503 adustis,

401 1551 494 1606 sed
526 1549 700 1620 potius
733 1554 789 1600 ut
834 1552 1036 1598 metum
1069 1539 1314 1601 incutiat,
1346 1534 1700 1602 ostendatque
1739 1545 1860 1586 eum
1891 1529 1982 1598 qui

402 1644 458 1697 in
491 1639 720 1710 nequitia
751 1635 880 1690 vivit
911 1631 1108 1687 nudum
1139 1626 1388 1700 prazsidio
1428 1633 1483 1680 et
1511 1623 1798 1678 securitate
1824 1633 1980 1675 esse:

398 1737 731 1803 quaprOpter
751 1726 844 1790 ait,
868 1723 1231 1778 Detrimentum
1255 1718 1490 1786 patietur.
1519 1716 1655 1769 Ecce
1674 1726 1837 1767 unum
1859 1725 1984 1780 sup—

401 1825 639 1898 plicium.
690 1818 812 1891 Ipse
857 1827 1024 1870 autem
1063 1813 1234 1867 salvus
1279 1809 1394 1876 erit,
1425 1809 1498 1862 sic
1537 1815 1701 1860 (anteit
1726 1803 1869 1873 quasi
1895 1818 1983 1872 per

398 1892 588 1987 ignem.
631 1911 770 1966 Ecce
799 1905 1115 1964 secundum.
1145 1902 1260 1956 Hoc
1285 1908 1464 1954 autem
1491 1896 1606 1952 vult
1643 1892 1978 1966 signiﬁcare:

399 1984 506 2062 non
536 2005 613 2060 sic
638 2002 729 2057 ille
758 1998 955 2071 peribit
994 2004 1053 2052 ut
1095 2007 1279 2063 opera,
1312 1989 1380 2046 ad
1425 1987 1648 2044 nihilum
1698 1984 1980 2048 redactus;

399 2097 495 2154 sed
524 2093 762 2150 manebit
789 2090 840 2144 in
869 2090 1009 2160 igne.
1051 2084 1290 2141 Salutem
1329 2081 1508 2150 itaque
1553 2078 1689 2132 hanc
1722 2091 1834 2131 rem
1883 2089 1981 2128 vo-

400 2199 508 2253 cat,
539 2186 633 2242 sed
664 2200 771 2239 non
819 2179 1169 2250 simpliciter;
1225 2174 1423 2244 adjecit
1469 2173 1634 2238 enim,
1683 2169 1842 2236 Quasi
1897 2184 1985 2236 per

400 2283 586 2354 ignem.
614 2277 745 2333 Nam
779 2290 879 2330 nos
908 2285 1122 2342 quoque
1151 2267 1393 2322 solemus
1419 2263 1621 2330 dicere,
1651 2260 1706 2316 in
1728 2260 1847 2330 igne
1873 2257 1981 2313 sal-

400 2352 498 2427 vus
529 2381 630 2438 est,
663 2369 730 2424 de
771 2367 835 2422 iis
875 2379 993 2434 qua}
1023 2376 1130 2415 non
1168 2358 1560 2414 comburuntur
1586 2368 1684 2408 nec
1709 2352 1889 2406 statim
1930 2352 1983 2405 in

400 2465 638 2518 cinerem
667 2461 885 2514 abeunt.
928 2453 1006 2508 Ne
1051 2465 1179 2522 ergo
1211 2449 1331 2519 quia
1373 2449 1547 2518 ignem
1579 2443 1795 2508 audiSti,
1833 2451 1984 2512 putes

399 2569 515 2618 eos,
544 2552 633 2622 qui
655 2549 1065 2610 comburuntur,
1096 2543 1148 2596 in
1181 2539 1404 2595 nihilum
1436 2536 1625 2606 redigi.
1649 2535 1706 2590 Si
1731 2549 1856 2589 vero
1879 2533 1983 2590 tale

401 2645 722 2716 supplicium
776 2640 1003 2694 salutem
1051 2643 1230 2701 vocet,
1262 2647 1330 2687 ne
1360 2631 1568 2685 mireris
1605 2648 1618 2684 :
1660 2628 1798 2683 solet
1840 2627 1982 2682 enim

401 2740 559 2794 etiam
593 2736 644 2790 in
676 2735 742 2787 iis
772 2747 890 2802 qua:
909 2729 1046 2783 male
1071 2733 1265 2780 sonant
1291 2722 1529 2794 pulchris
1557 2719 1629 2774 uti
1655 2718 1981 2784 nominibus,

401 2839 456 2884 et
487 2829 539 2882 in
575 2824 752 2887 bonis,
775 2819 1084 2877 contrariis.
1111 2815 1276 2871 Verbi
1303 2813 1495 2884 gratia,
1527 2809 1852 2880 captivitatis
1881 2822 1982 2863 no-

401 2939 526 2979 men
568 2919 726 2974 mala:
755 2915 834 2972 rei
877 2928 1074 2968 nomen
1115 2925 1237 2966 esse
1266 2907 1508 2971 videtur;
1539 2905 1634 2961 sed
1661 2906 1712 2960 in
1744 2919 1804 2959 re
1844 2903 1982 2957 bona

403 3021 494 3074 illo
516 3032 643 3074 usus
666 3025 748 3071 est
778 3013 996 3074 Paulus,
1042 3009 1264 3065 dicens:
1303 3005 1369 3061 In
1407 3003 1744 3074 captivitatem
1783 3009 1984 3071 agentes

401 3125 600 3163 omnem
627 3104 1012 3176 intelligentiam
1040 3100 1108 3154 ad
1139 3097 1469 3153 obedientiam
1511 3094 1693 3150 Christi
1727 3091 1807 3162 (2.
1863 3090 1982 3146 Cor.

405 3200 492 3256 10.
527 3199 604 3270 5).
635 3199 699 3253 Et
728 3198 780 3250 in
809 3211 868 3250 re
895 3193 1032 3248 mala
1064 3191 1200 3245 bene
1227 3197 1453 3244 sonante
1488 3185 1706 3241 nomine
1730 3196 1856 3238 usus
1880 3189 1982 3249 est,

399 3291 610 3355 dicens,
643 3287 888 3359 Regnavit
911 3295 1172 3356 peccatum
1203 3280 1378 3350 (Rom.
1411 3278 1464 3334 5.
1506 3275 1635 3347 21):
1666 3289 1986 3344 quamquam

404 3396 602 3437 nomen
635 3381 785 3450 regni
817 3377 994 3447 potius
1019 3374 1156 3428 bene
1182 3379 1357 3428 sonet.
1389 3369 1478 3426 Sic
1506 3377 1562 3424 et
1591 3367 1694 3422 hoc
1723 3369 1843 3423 loco
1863 3379 1986 3420 cum

405 3473 555 3539 dicit,
585 3471 771 3528 Salvus
800 3469 915 3536 erit,
945 3466 1076 3521 nihil
1106 3462 1252 3518 aliud
1282 3476 1442 3533 quam
1468 3468 1810 3536 augmentum
1855 3472 1986 3527 sup-

404 3566 550 3636 plicii
581 3561 969 3626 subindicavit;
999 3573 1062 3614 ac
1082 3556 1129 3612 si
1158 3555 1405 3619 dixisset,
1434 3553 1550 3622 Ipse
1589 3561 1767 3606 autem
1800 3563 1987 3604 mane-

401 3657 481 3712 bit
506 3657 556 3710 in
586 3664 845 3710 aeternum
868 3651 1155 3706 cruciatus.
1189 3645 1391 3702 Deinde
1411 3646 1571 3700 etiam
1595 3644 1753 3699 infert
1773 3642 1984 3696 dicens:

406 3747 628 3803 Nescitis
653 3745 787 3815 quod
816 3741 1057 3812 templum
1085 3738 1182 3793 Dei
1207 3739 1360 3792 estis?
1386 3736 1518 3803 Quia
1541 3735 1683 3790 enim
1704 3734 1770 3789 de
1792 3733 1877 3799 iis,
1898 3732 1989 3802 qui

405 3838 658 3894 scindunt
683 3834 1000 3896 Ecclesium,
1029 3833 1278 3900 superius
1317 3829 1566 3896 loquutus
1592 3834 1698 3890 est,
1739 3825 1990 3893 deinceps

405 3931 556 3988 illum
585 3925 914 3999 perstringit,
930 3923 1020 3993 qui
1044 3922 1336 3977 fornicatus
1355 3927 1490 3984 erat,
1518 3917 1755 3972 nondum
1775 3917 1990 3986 quidem

405 4029 617 4092 aperte,
647 4019 744 4075 sed
795 4014 1092 4078 indeﬁnite,
1132 4012 1249 4081 ejus
1275 4018 1584 4080 corruptam
1616 4010 1776 4063 vitam
1808 4009 1993 4064 subin-

404 4105 619 4178 dicatis,
643 4120 698 4166 et
722 4117 998 4180 peceatum
1025 4101 1362 4174 ampliﬁcatis
1387 4115 1418 4155 a
1448 4099 1592 4154 dono
1615 4099 1723 4168 jam
1751 4099 1851 4167 ipsi
1877 4099 1992 4153 col-

404 4205 540 4261 lato.
575 4203 779 4260 Deinde
807 4201 942 4255 alios
965 4211 1178 4268 quoque
1205 4192 1518 4264 perstringit
1543 4191 1612 4246 ab
1640 4191 1726 4258 iis,
1752 4206 1871 4261 qua:
1882 4189 1993 4259 jam

406 4296 510 4365 ipsi
545 4295 864 4350 habuerant.
911 4291 1035 4346 Sive
1072 4287 1214 4343 enim
1257 4301 1288 4340 a
1315 4283 1525 4350 futuris,
1552 4283 1666 4338 sive
1691 4281 1758 4338 ab
1787 4283 1852 4338 iis
1877 4297 1996 4352 qua:

409 4386 519 4456 jam
544 4387 778 4450 fuerant,
812 4392 866 4438 et
895 4380 1133 4436 molestis
1163 4386 1218 4433 et
1243 4375 1420 4442 bonis,
1452 4389 1667 4444 semper
1695 4372 1744 4428 id
1776 4371 1934 4427 facit:
1965 4386 1995 4425 a

406 4478 606 4530 futuris
631 4473 872 4543 quidem,
907 4470 1026 4524 Dies
1045 4468 1179 4522 enim
1199 4465 1492 4530 declarabit,
1521 4463 1655 4533 quod
1691 4464 1744 4515 in
1770 4463 1886 4532 igne
1913 4477 1996 4515 re-

411 4568 611 4622 oclatur
628 4581 646 4630 ;
676 4565 744 4618 ab
766 4563 832 4616 iis
863 4569 1043 4615 autem
1069 4573 1188 4629 quae
1209 4557 1322 4626 jam
1351 4555 1584 4617 fuerant,
1615 4551 1837 4606 Nescitis
1864 4552 1998 4620 quod

408 4656 662 4727 templum
687 4652 786 4707 Dei
812 4652 950 4714 estis,
975 4661 1022 4704 et
1044 4647 1271 4719 Spiritus
1295 4644 1390 4699 Dei
1410 4643 1600 4697 habitat
1628 4642 1680 4695 in
1715 4641 1872 4696 vobis.
1906 4642 1995 4695 i7.

413 4749 482 4802 Si
507 4747 616 4817 quis
646 4743 888 4814 templum
911 4741 1008 4796 Dei
1075 4738 1355 4802 uiolauerit,
1376 4736 1632 4806 disperdat
1663 4733 1809 4788 illum
1839 4733 1997 4788 Deus.

423 4839 610 4894 Viden‘
638 4835 896 4892 orationis
918 4829 1342 4888 vehementiam?
1367 4828 1473 4884 Sed
1499 4826 1749 4898 quamdiu
1775 4839 2001 4896 persona

416 4939 504 4986 cst
531 4931 731 5002 ignota,
771 4941 876 4982 non
921 4933 1007 4981 est
1042 4923 1180 4979 adeo
1220 4937 1383 4993 grave
1426 4920 1568 4992 quod
1617 4919 1832 4985 dicitur,
1878 4933 2001 4973 cum

422 5039 615 5078 omnes
641 5023 886 5078 timorem
909 5017 1266 5089 correptionis
1303 5015 1589 5086 participes
1610 5013 1857 5069 subeant.
1881 5010 2004 5066 Dis-

422 5115 597 5186 perdct
625 5115 773 5167 illum
797 5113 963 5177 Deus;
984 5111 1038 5167 id
1073 5118 1157 5167 est
1173 5149 1189 5178 ,
1212 5109 1400 5165 aﬂ'eret
1426 5107 1670 5163 exitium.
1687 5106 1796 5160 Hoc
1821 5113 2002 5160 autem

425 5221 535 5262 non
581 5214 666 5260 est
709 5204 846 5260 male
873 5204 1120 5271 dicentis,
1166 5203 1261 5259 sed
1311 5199 1702 5272 prophetautis.
1733 5196 2006 5267 Temptant

424 5299 558 5354 enim
598 5297 695 5352 Dei
719 5306 950 5351 sanctum
976 5306 1070 5350 est.
1113 5295 1428 5350 Fornicator
1453 5308 1582 5364 ergo
1606 5300 1688 5348 est
1729 5290 2004 5360 profanus.

426 5389 633 5446 Deinde
663 5403 730 5444 ne
759 5386 1030 5442 videretur
1047 5385 1114 5441 ad
1136 5385 1283 5440 illum
1314 5385 1582 5453 respicere
1608 5398 1729 5438 cum
1759 5381 2004 5449 dixisset,

427 5482 698 5552 Templum
725 5481 856 5535 enim
881 5477 978 5533 Dei
1001 5485 1234 5532 sanctum
1252 5484 1346 5543 est,
1377 5475 1674 5544 subiunxit,
1707 5473 1858 5539 Quod
1891 5473 2008 5527 estis

425 5589 533 5628 uos.
560 5573 643 5628 l8.
668 5570 834 5626 Nemo
862 5571 1082 5640 seipsum
1122 5566 1347 5621 reducat.
1381 5565 1495 5620 Hoc
1521 5579 1732 5635 quoque
1757 5564 1823 5618 ad
1855 5563 2007 5618 illum

428 5675 652 5734 spectat,
684 5674 740 5722 ut
764 5663 855 5736 qui
879 5677 940 5721 se
963 5661 1294 5720 existimaret
1321 5657 1518 5731 aliquid
1558 5670 1696 5725 csse,
1727 5663 1780 5712 et
1815 5654 1882 5710 de
1910 5669 1998 5710 sa-

2092 339 2289 411 pientia
2316 338 2654 410 gloriaretur.
2679 337 2755 393 Ne
2775 336 3048 391 videretur
3067 345 3247 391 autem
3268 337 3535 392 curiosius
3551 338 3670 392 diu-

2091 433 2300 502 tiusque
2332 431 2484 484 illum
2513 431 2792 499 impetere,
2823 443 2945 483 cum
2977 428 3030 482 in
3073 441 3330 498 angorem
3376 437 3434 482 et
3472 438 3669 482 metum

2090 522 2239 577 illum
2260 520 2598 590 coniecisset,
2623 533 2808 574 rursus
2822 517 2889 572 ad
2909 533 3250 573 communem
3272 520 3667 575 accusationem

2088 612 2387 667 orationem
2435 601 2650 667 deducit
2697 611 2915 666 dicens:
2941 610 3004 665 Si
3030 609 3144 680 quis
3187 611 3385 664 videtur
3422 611 3556 665 inter
3585 627 3668 665 eos

2087 722 2288 775 sapiens
2317 722 2423 760 esse
2450 707 2502 760 in
2542 705 2636 759 hoc
2661 703 2868 770 steculo,
2898 703 3080 758 stultus
3106 705 3217 772 ﬁat,
3264 712 3321 757 ut
3357 705 3423 758 sit
3447 705 3666 774 sapiens.

2091 797 2204 852 Hoc
2247 807 2424 851 autem
2464 795 2658 852 deinde
2688 796 2812 850 facit
2853 810 2973 850 cum
3005 809 3195 863 magna
3226 794 3478 864 loquendi
3512 795 3669 850 liber-

2090 899 2217 956 tate,
2251 899 2434 959 utpote
2461 890 2550 960 qui
2579 890 2698 944 illos
2735 889 2866 944 satis
2901 889 3268 958 expugnarit‘.
3298 888 3430 943 Nam
3459 887 3669 944 etiamsi

2087 983 2205 1052 quis
2227 983 2298 1037 sit
2322 983 2492 1047 dives,
2522 983 2730 1037 etiamsi
2762 981 2976 1049 nobilis,
3011 981 3195 1036 vilium
3223 982 3462 1036 omnium
3491 993 3576 1037 est
3593 983 3672 1038 vi-

2088 1073 2343 1141 lissimus,
2366 1075 2578 1145 quando
2597 1087 2784 1146 captus
2809 1075 2967 1131 fuerit
2990 1089 3019 1129 a
3041 1085 3281 1146 peccato.
3307 1076 3666 1143 Quemadmo-

2088 1165 2212 1220 dum
2243 1167 2384 1221 enim
2409 1167 2455 1221 si
2479 1167 2599 1237 quis
2624 1183 2716 1222 rex
2743 1167 2832 1231 sit,
2857 1177 2911 1222 et
2934 1167 3281 1222 barbarorum
3304 1177 3487 1236 postea
3509 1168 3671 1238 capti-

2089 1274 2187 1314 vus
2216 1260 2324 1328 ﬁat,
2353 1260 2590 1314 omnium
2615 1267 2698 1314 est
2724 1260 3088 1326 miserrimus;
3121 1261 3190 1315 ita
3212 1261 3372 1315 etiam
3400 1261 3456 1315 in
3484 1275 3669 1331 pecca-

2090 1361 2166 1410 to.
2188 1352 2454 1408 Barbarus
2474 1353 2616 1409 enim
2647 1353 2864 1424 quidam
2885 1363 2967 1410 est
2988 1363 3286 1425 peccatum,
3314 1352 3454 1424 quod
3478 1355 3669 1409 animae

2088 1447 2255 1499 semel
2284 1455 2456 1515 capue
2483 1460 2705 1516 parcere
2730 1446 2954 1511 neseiat,
2983 1445 3080 1500 sed
3103 1445 3155 1500 in
3174 1446 3462 1516 perniciem
3483 1460 3670 1502 eorum

2088 1537 2176 1606 qui
2205 1536 2344 1606 capti
2369 1547 2496 1592 sunt
2524 1536 2862 1607 tyrannidem
2897 1551 3047 1592 suam
3077 1545 3348 1593 exerceat.

2159 1633 2211 1687 4.
2233 1631 2436 1686 Peccati
2450 1632 2740 1701 descriptio.
2761 1632 2913 1685 Avari
2929 1631 3333 1702 imago.——Nihil
3353 1631 3494 1687 enim
3510 1633 3581 1686 ita
3596 1634 3669 1688 in-

2088 1722 2484 1777 consideratum
2499 1731 2582 1777 est
2601 1732 2656 1776 ut
2677 1732 2972 1792 peccatum,
2991 1723 3122 1776 nihil
3143 1723 3212 1776 ita
3235 1721 3514 1792 insipiens,
3530 1720 3666 1777 stul-

2090 1825 2200 1871 tum
2223 1830 2286 1871 ac
2301 1817 2624 1872 violentum:
2644 1817 2824 1870 omnia
2843 1817 3035 1872 evertit
3061 1825 3114 1870 et
3134 1817 3430 1882 confundit,
3457 1827 3510 1872 et
3543 1833 3663 1888 per-

2089 1909 2187 1975 dit,
2210 1923 2548 1978 quocumque
2576 1908 2716 1962 insili
2735 1908 2838 1963 erit
2857 1910 2995 1962 :visu
3016 1907 3279 1974 deforme,
3300 1924 3460 1980 grave
3480 1919 3535 1965 et
3551 1926 3668 1966 mo-

2090 2000 2301 2054 lestum.
2334 1999 2400 2053 Et
2425 2000 2469 2054 si
2495 1999 2614 2068 quis
2638 1999 2814 2067 ipsum
2843 1999 3016 2069 pictor
3037 1998 3339 2071 effingeret,
3371 2015 3479 2055 non
3511 2001 3667 2058 aber-

2091 2101 2326 2146 raturnm
2352 2091 2514 2146 fuisse
2534 2090 2662 2145 mihi
2694 2091 2925 2158 videtur,
2953 2092 2998 2147 si
3024 2093 3103 2146 sic
3126 2093 3298 2162 ipsum
3321 2092 3667 2150 efformaret:

2090 2182 2367 2238 mulierem
2414 2197 2606 2252 nempe
2632 2183 2915 2253 quamdam
2959 2182 3130 2238 forma
3178 2183 3446 2252 belluina,
3481 2186 3671 2240 barba-

2091 2292 2226 2344 ram,
2257 2277 2434 2346 ignem
2466 2276 2760 2346 spirantem
2783 2317 2798 2343 ,
2832 2276 3200 2346 injucundam,
3230 2278 3458 2348 nigram,
3489 2279 3672 2349 quales

2087 2369 2294 2424 externi
2340 2378 2512 2439 poeta:
2558 2369 2766 2439 Scyllas
2809 2369 3124 2438 depingunt.
3175 2369 3479 2425 lnnumeris
3528 2370 3674 2426 enim

2091 2461 2337 2516 manibus
2365 2461 2714 2531 cogitationes
2743 2469 2954 2516 nostras
2997 2460 3390 2530 apprehendit,
3415 2471 3580 2533 atque
3603 2479 3669 2519 ex

2090 2555 2381 2624 improviso
2413 2553 2712 2624 ingreditur
2735 2595 2750 2620 ,
2783 2554 3072 2622 omniaque
3099 2553 3359 2625 discerpit
3385 2563 3440 2611 et
3465 2555 3671 2612 dilace-

2089 2654 2194 2710 rat,
2219 2647 2359 2701 sicut
2377 2661 2543 2701 canes
2561 2646 2866 2700 clanculum
2892 2645 3221 2701 mordentes.
3248 2646 3360 2701 lmo
3383 2647 3511 2716 quid
3538 2664 3670 2718 opus

2089 2737 2243 2794 nobis
2262 2746 2346 2792 est
2366 2738 2594 2808 pictura,
2619 2752 2741 2792 cum
2759 2737 2918 2792 liceat
2939 2751 3054 2801 eos,
3073 2737 3161 2806 qui
3186 2737 3314 2792 illud
3337 2748 3672 2808 perpetrant,

2089 2828 2144 2882 in
2170 2827 2401 2883 medium
2424 2827 2724 2883 adducere?
2742 2827 2910 2896 Quem
2935 2827 3116 2897 itaque
3141 2827 3302 2884 vultis
3321 2829 3550 2898 primum
3577 2830 3678 2886 de-

2088 2922 2419 2978 scribamus?
2440 2937 2657 2976 avarum
2677 2931 2730 2976 et
2744 2919 3049 2990 raptorem?
3070 2921 3272 2990 Ecquid
3287 2929 3368 2975 est
3383 2905 3555 2977 oculis
3569 2921 3673 2977 illis

2090 3013 2500 3083 impudentius?
2527 3012 2653 3082 quid
2677 3012 2844 3082 magis
2866 3011 3284 3067 inverecundum
3307 3054 3321 3079 ,
3351 3012 3477 3083 quid
3507 3013 3676 3083 magis

2090 3105 2388 3160 caninum?
2415 3119 2519 3159 non
2548 3105 2688 3159 enim
2711 3104 2861 3159 canis
2899 3103 2970 3157 ita
3013 3103 3297 3171 impudens
3323 3112 3430 3157 stat
3467 3114 3526 3158 ut
3552 3104 3673 3170 hic,

2091 3196 2306 3268 quando
2331 3195 2569 3250 omnium
2598 3194 2736 3248 bona
2768 3194 2927 3264 rapit.
2961 3193 3102 3260 Quid
3130 3195 3378 3249 manibus
3407 3193 3554 3248 illius
3576 3194 3676 3250 de-

2095 3287 2432 3344 testabilius?
2477 3284 2604 3356 quid
2635 3301 2734 3341 ore
2780 3283 3110 3355 petulantius
3155 3285 3309 3355 ejus,
3359 3285 3450 3354 qui
3496 3285 3675 3340 omnia

2094 3381 2345 3445 devorat,
2377 3387 2435 3434 et
2479 3393 2768 3447 numquam
2815 3379 3082 3434 satiatur?
3127 3377 3205 3434 Ne
3245 3379 3364 3449 ejus
3392 3379 3596 3433 vultum
3623 3387 3675 3434 et

2094 3476 2282 3531 oculos
2313 3473 2606 3539 intuearis,
2638 3471 2782 3543 quod
2829 3473 2937 3527 sint
2967 3472 3199 3529 hominis
3230 3489 3243 3526 :
3271 3488 3377 3528 non
3409 3473 3552 3528 enim
3601 3473 3677 3527 sic

2095 3567 2361 3638 aspiciunt
2403 3565 2621 3620 humani
2667 3565 2829 3619 oeuli.
2882 3564 2998 3618 Non
3044 3565 3235 3634 aspicit
3289 3565 3383 3620 ille
3433 3565 3676 3621 homines

2099 3669 2368 3730 tamquam
2398 3659 2648 3714 homines
2673 3677 2686 3712 :
2718 3673 2823 3712 non
2846 3656 3035 3725 aspicit
3059 3656 3248 3710 ca'lum
3275 3666 3543 3727 tamquam
3566 3672 3674 3711 ca:-

2099 3752 2206 3805 lum
2233 3768 2246 3804 :
2273 3750 2341 3805 ad
2388 3751 2672 3805 Dominum
2714 3763 2819 3802 non
2850 3758 2978 3800 nutu
3007 3761 3106 3800 suo
3135 3747 3324 3811 tendit,
3372 3746 3466 3802 sed
3497 3748 3678 3802 omnia

2098 3843 2353 3914 pecunias
2376 3856 2496 3896 esse
2523 3841 2808 3894 existimat.
2839 3837 3064 3891 Humani
3090 3837 3231 3890 oculi
3257 3839 3434 3891 solent
3455 3839 3678 3894 alﬁictos

2100 3937 2346 3991 homines
2373 3933 2570 3990 intueri
2599 3941 2655 3986 et
2691 3929 2892 3999 frangi;
2918 3929 3189 3998 rapacium
3237 3929 3382 3983 oculi
3415 3944 3682 4000 pauperes

2099 4031 2315 4096 vident,
2348 4035 2402 4083 et
2427 4026 2717 4082 efferantur
2745 4041 2758 4077 :
2790 4021 3008 4076 humani
3050 4020 3190 4076 oculi
3239 4035 3344 4074 non
3375 4029 3434 4074 ut
3477 4036 3572 4076 sua
3601 4023 3684 4076 in-

2101 4133 2317 4178 tuentur
2344 4121 2518 4175 aliena
2541 4160 2557 4185 ,
2587 4117 2680 4174 sed
2709 4115 2924 4187 propria
2960 4113 3062 4169 sibi
3093 4119 3153 4168 ut
3179 4113 3354 4168 aliena
3378 4113 3560 4169 vident
3587 4131 3601 4168 :
3627 4124 3683 4168 et

2101 4229 2163 4268 ea
2191 4229 2311 4284 quae
2335 4212 2454 4266 aliis
2483 4209 2604 4265 data
2636 4218 2762 4263 sunt
2811 4223 2916 4261 non
2947 4206 3367 4274 concupiscunt,
3397 4204 3490 4259 sed
3518 4205 3680 4260 etiam

2103 4305 2156 4357 in
2185 4303 2320 4358 alios
2345 4317 2561 4372 quoque
2585 4315 2679 4354 sua
2705 4297 3005 4354 ell'uudunt.
3057 4297 3120 4350 Hi
3148 4311 3276 4350 vero
3306 4309 3412 4349 non
3445 4294 3684 4349 contenti

2103 4401 2247 4459 sunt,
2275 4392 2377 4446 nisi
2403 4389 2643 4444 omnium
2674 4388 2811 4442 bona
2841 4386 3111 4454 abripiant
3144 4403 3157 4438 :
3183 4402 3292 4439 non
3325 4385 3467 4440 enim
3495 4384 3686 4438 huma-

2104 4500 2230 4540 num
2255 4523 2270 4550 ,
2296 4481 2394 4554 sed
2438 4480 2666 4534 ferinum
2700 4477 2901 4533 [tabent
2924 4477 3121 4531 visum.
3154 4475 3382 4530 Humani
3414 4474 3556 4529 oculi
3584 4489 3684 4528 nu-

2105 4575 2230 4629 dum
2259 4571 2440 4626 videre
2463 4585 2663 4640 corpus
2687 4583 2842 4624 suum
2869 4583 2976 4645 non
3002 4566 3210 4631 ferunt;
3240 4581 3392 4622 suum
3417 4565 3559 4619 enim
3581 4575 3684 4631 est,

2107 4665 2315 4724 etiamsi
2336 4664 2562 4719 aliorum
2586 4671 2839 4733 quantum
2871 4661 2938 4716 ad
2970 4674 3254 4730 personam
3286 4675 3302 4712 :
3334 4657 3388 4712 hi
3415 4673 3565 4722 vero,
3585 4658 3688 4712 nisi

2107 4758 2286 4813 omnia
2303 4755 2621 4812 denudarint
2638 4763 2692 4810 et
2717 4752 2893 4809 omnia
2910 4752 3054 4807 domi
3071 4751 3384 4813 recondant,
3400 4764 3688 4820 numquam

2108 4854 2388 4918 satiantur,
2409 4851 2515 4905 imo
2543 4863 2673 4905 vero
2701 4861 2988 4916 numquam
3021 4843 3324 4913 implentur.
3348 4843 3472 4898 Ideo
3499 4856 3690 4897 eorum

2111 4961 2298 5001 manus
2329 4959 2433 4998 non
2463 4943 2694 5008 terarum
2718 4951 2907 4994 manus
2930 4944 3133 4991 tantum
3163 4934 3384 5001 dixeris,
3408 4933 3501 4988 sed
3532 4932 3691 5002 longe

2110 5037 2399 5091 ferociores
2428 5043 2482 5090 et
2513 5031 2876 5088 immaniores.
2921 5027 3040 5084 Ursi
3093 5041 3323 5096 namque
3346 5033 3400 5078 et
3430 5024 3537 5094 lupi
3567 5037 3691 5078 cum

2110 5125 2287 5180 satiati
2317 5123 2530 5190 fuerint,
2551 5139 2582 5178 a
2601 5122 2690 5176 tali
2711 5121 2966 5175 alimento
2989 5117 3276 5174 recedunt:
3299 5115 3352 5169 hi
3377 5129 3507 5170 vero
3534 5130 3695 5168 num-

2112 5231 2272 5286 quam
2302 5216 2583 5269 satiantur.
2625 5213 2785 5282 Atqui
2832 5220 3114 5280 pr0pterea
3147 5209 3289 5263 Deus
3319 5221 3509 5260 manus
3537 5203 3697 5259 nobis

2114 5308 2260 5364 dedit
2286 5317 2344 5362 ut
2368 5308 2487 5362 aliis
2531 5321 2690 5375 epem
2721 5305 2955 5358 feramus
2980 5345 2996 5369 ,
3024 5318 3132 5358 non
3171 5311 3229 5355 ut
3258 5300 3322 5354 iis
3349 5298 3693 5354 insidiemur.

2114 5399 2247 5456 Nam
2271 5402 2314 5455 si
2343 5401 2474 5471 ipsis
2499 5398 2567 5453 ad
2598 5397 2701 5452 hoc
2724 5397 2869 5452 usuri
2894 5410 3157 5460 essemus,
3185 5393 3377 5450 melius
3403 5400 3549 5450 esset
3576 5391 3698 5447 illas

2182 5537 2196 5568 ¹
2223 5535 2420 5583 sawlius
2442 5538 2550 5593 post
2571 5529 2878 5596 expugnarit,
2891 5527 3040 5596 ponit
3071 5528 3118 5576 in
3162 5525 3400 5587 margine,
3433 5529 3480 5574 ct
3510 5530 3700 5596 terrore

2117 5596 2420 5646 commoverit
2441 5584 2534 5643 non
2553 5584 3180 5652 modo'itujus'fornicatorss
3202 5584 3423 5649 utentem,
3440 5587 3525 5638 sed
3548 5584 3700 5639 etiam

2119 5656 2432 5721 audientium,
2458 5653 2776 5707 dicendorum
2798 5653 2893 5706 t't'm
2915 5661 3229 5715 pra'meusus.
