3954 6130
461 229 521 283 3|
1141 219 1196 272 S.
1237 217 1520 273 JOANNIS
1555 214 2047 273 CHRYSOSTOMI
2086 213 2404 274 ARCIIIEP.
2445 218 2991 278 CONSTANTINOP.
3632 223 3703 283 82

457 350 551 387 νον
575 332 804 401 πρᾶγμα
826 327 1116 398 καλοῦμεν,
1147 329 1207 381 τὸ
1240 329 1389 382 ἐλέου
1417 329 1584 399 γέμον
1616 329 1712 382 καὶ
1735 326 2030 396 φιλανθρω-

464 419 594 478 πίας
619 431 634 478 ;
665 416 792 466 ὅταν
821 413 876 465 δέ
905 413 1052 482 ώμόν
1084 429 1134 464 τι
1159 410 1250 465 καὶ
1274 411 1482 481 ἀπηνὲς
1509 413 1828 480 ἐργάσηται,
1865 408 2032 462 ἀπάν-

465 499 680 568 θρωπον
703 497 792 549 τὸν
813 495 1047 548 τοιοῦτον
1096 494 1452 563 ὀνομάζομεν.
1502 493 1709 547 Οὐκοῦν
1752 494 1841 546 τὸν
1863 509 2031 576 χαρα-

464 581 643 651 κτῆρα
661 578 753 631 τοῦ
783 577 1068 648 ἀνθρώπου
1124 578 1232 630 ἀπὸ
1275 577 1367 630 τοῦ
1394 578 1583 642 ἐλεεῖν,
1612 577 1705 630 τοῦ
1757 577 1813 629 δέ
1841 575 2030 645 θηρίου

463 664 572 717 ἀπὸ
607 662 701 714 τοῦ
747 661 985 714 ἐναντίου
1030 661 1444 730 ὑπογράφομεν,
1498 661 1746 728 λέγοντες
1783 659 1889 711 ἀεί·
1941 659 2031 725 Μὴ

463 745 570 814 γὰρ
599 744 914 813 ἄνθρωπος;
939 743 1172 813 θηρίονῆ
1205 743 1370 796 κύων.
1413 744 1475 796 OE
1505 742 1614 812 γάρ
1642 741 1915 808 ἄνθρωποι
1934 757 2032 792 πε-

463 828 583 878 νίαν
606 825 928 895 διορθοῦσιν,
959 828 1059 879 οὑκ
1088 825 1328 889 αὔξουσι.
1358 825 1574 878 Τούτων
1596 823 1773 877 καὶτὰ
1793 823 2034 892 στόματα

464 908 665 978 Θηρίων
691 907 805 960 ἐστὶ
845 908 1107 978 στόματα,
1161 907 1358 978 μᾶλλον
1395 907 1452 960 δὲ
1482 906 1575 960 καὶ
1605 904 1775 959 ταῦτα
1809 905 2032 958 ἐκείνων

463 990 795 1060 ἀγριώτερα·
849 991 946 1042 καὶ
1005 990 1112 1059 γάρ
1178 991 1398 1060 ῥήματα
1451 989 1778 1057 φθέγγονται
1834 987 2033 1058 μᾶλλον

463 1073 686 1126 ἐκείνων
715 1073 823 1125 τῶν
852 1073 1076 1125 ὀδόντων
1109 1071 1185 1124 ίὸν
1217 1071 1466 1140 ἀφιέντα,
1491 1072 1646 1137 φόνον
1671 1070 2031 1142 ἐργαζόμενα.

465 1157 576 1209 Καὶ
603 1157 652 1206 εί
699 1155 874 1208 πάντα
905 1172 990 1217 τις
1019 1153 1255 1217 ἐπέλθοι,
1282 1155 1404 1206 τότε
1456 1153 1646 1222 ὄψεται
1690 1153 1890 1217 καλῶς,
1917 1153 2034 1215 πῶς

466 1237 630 1307 θηρία
656 1237 762 1290 ἀπὸ
795 1236 1096 1307 ἀνθρώπων
1123 1238 1250 1299 τοὺς
1271 1237 1586 1306 χρωμένους
1614 1237 1646 1304 ἡ
1671 1237 2034 1306 ἀπανθρωπία

467 1322 632 1374 ποιεῖ.
654 1321 716 1371 El
741 1319 797 1372 δέ
828 1321 919 1372 καὶ
948 1319 1046 1390 τὴν
1066 1319 1305 1372 διάνοιάν
1325 1337 1408 1382 τις
1441 1320 1710 1385 ἐξετάσειε
1728 1319 1837 1371 τῶν
1858 1317 2034 1370 τοιού-

467 1420 594 1469 των,
625 1403 806 1456 οὑκέτι
840 1401 1002 1473 θηρία
1036 1403 1214 1472 μόνον,
1251 1402 1384 1456 ἀλλά
1411 1404 1504 1455 καὶ
1543 1403 1802 1472 δαίμονας
1842 1403 2036 1466 αὐτοὺς

469 1489 742 1557 προσερεῖ.
765 1487 874 1538 Καὶ
897 1487 1005 1554 γὰρ
1032 1486 1232 1556 πολλῆς
1258 1487 1485 1556 γέμουσι
1510 1485 1608 1556 τῆς
1652 1486 1917 1555 ἀπηνείας
1943 1487 2034 1540 καὶ

469 1571 567 1638 τῆς
595 1571 728 1640 πρὸς
757 1571 848 1622 τὸν
887 1570 1173 1640 ὁμόδουλον
1218 1569 1435 1640 ἔχθρας·
1471 1570 1564 1622 καὶ
1603 1567 1726 1621 οὑτε
1758 1569 2034 1638 βασιλείας

468 1651 609 1721 ἔρως
635 1655 766 1717 ἐκεῖ,
790 1652 913 1706 οὔτε
941 1653 1164 1723 γεέννης
1185 1654 1368 1721 φόϐος,
1399 1653 1499 1706 οὑκ
1522 1651 1684 1714 αἰδὼς
1711 1651 2034 1722 ἀνθρώπων,

467 1735 568 1786 οὑκ
606 1733 776 1798 ἐλεος,
838 1735 898 1788 οὑ
939 1735 1290 1805 συμπάθεια,
1363 1733 1476 1786 ἀλλ’
1541 1734 1894 1803 ἀναισχυντία
1943 1736 2038 1788 καὶ

469 1816 752 1886 ίταμότης,
777 1818 870 1870 καὶ
896 1817 1164 1888 ὑπεροψία
1178 1817 1286 1870 τῶν
1315 1816 1618 1885 μελλόντων
1645 1817 1919 1871 ἀπάντων·
1945 1818 2039 1871 καὶ

470 1896 637 1966 μῦθος
669 1899 852 1962 αὑτοῖς
884 1893 1024 1952 εἶναι
1045 1899 1194 1952 δοκεῖ
1217 1899 1288 1952 τά
1306 1899 1400 1953 τοῦ
1417 1899 1552 1952 Θεοῦ
1583 1900 1803 1970 ῥήματα
1819 1901 1888 1952 τά
1911 1899 2038 1970 περὶ

467 1981 761 2044 κολάσεως,
796 1982 890 2036 καὶ
931 1983 1104 2051 γέλως
1133 1985 1166 2053 ἡ
1196 1983 1413 2050 ἀπειλή.
1451 1983 1684 2055 Τοιαύτη
1719 1983 1826 2053 γάρ
1863 1987 1894 2053 ἡ
1940 1983 2035 2035 τοῦ

467 2065 786 2118 πλεονέκτου
817 2066 1040 2119 διάνοια.
1073 2067 1242 2119 Ὅταν
1275 2063 1370 2120 οὖν
1423 2065 1630 2119 ἔνδοθεν
1665 2065 1762 2136 μέν
1787 2067 2038 2135 δαίμονες

463 2141 619 2211 ὦσιν,
651 2147 848 2213 έξωθεν
875 2149 931 2201 δέ
967 2149 1149 2220 θηρία,
1182 2151 1276 2201 καὶ
1304 2150 1508 2219 θηρίων
1538 2149 1771 2220 χείρους,
1809 2150 1912 2202 ποῦ
1943 2151 2038 2221 θή-

465 2247 632 2300 σομεν
660 2232 784 2293 τοὺς
807 2232 1100 2295 τοιούτους,
1132 2232 1252 2285 είπέ
1287 2248 1410 2301 μοις
1443 2234 1566 2285 ’Ὁτι
1587 2233 1696 2302 γὰρ
1714 2235 1805 2286 καὶ
1837 2234 2038 2304 θηρίων

467 2312 705 2380 χείρους,
737 2313 896 2383 δῆλον
943 2313 1178 2367 ἐκεῖθεν·
1211 2315 1290 2366 Τά
1321 2314 1483 2384 θηρία
1530 2318 1596 2386 τῇ
1627 2315 1783 2382 φύσει
1813 2317 2040 2370 τοιαῦτά

467 2394 635 2446 ἐστιν·
666 2389 809 2449 οὑτοι
835 2396 893 2448 δέ
922 2395 1063 2449 κατά
1099 2397 1259 2464 φύσιν
1287 2396 1346 2447 τὸ
1375 2397 1578 2467 ἥμερον
1599 2397 1832 2467 ἔχοντες,
1886 2402 2038 2472 παρὰ

468 2475 631 2544 φύσιν
669 2479 749 2541 είς
794 2478 854 2531 τὸ
891 2478 1154 2550 θηριῶδες
1188 2479 1414 2542 ἑαυτοὺς
1469 2478 1685 2548 ἐξάγειν
1740 2480 2036 2550 βιάζονται.

2130 325 2241 380 Καὶ
2269 331 2317 381 οί
2349 329 2599 398 δαίμονες
2625 332 2682 384 δὲ
2711 333 2837 395 τοὺς
2883 332 3332 398 ἐπιϐουλεύοντας
3375 334 3714 403 ἀνθρώπους

2132 411 2583 480 συμπράττοντας
2621 415 2832 477 ἑαυτοῖς
2871 415 3104 484 ἔχουσιν·
3124 417 3199 478 ώς
3222 418 3269 469 εί
3299 417 3372 487 μὴ
3395 418 3703 485 συνέπρατ-

2129 508 2244 548 τον.
2261 493 2322 545 τὸ
2351 493 2509 546 πλέον
2531 495 2640 546 τῶν
2657 497 2958 550 ἐπιϐουλῶν
2977 510 3002 538 α
3021 498 3128 551 τῶν
3155 499 3274 552 καθ’
3291 498 3449 569 ἡμῶν
3476 500 3704 563 ἐκείνοις

2131 572 2386 643 ἀνῄρητο·
2425 571 2568 629 οὗτοι
2617 576 2674 629 δὲ
2724 579 2817 630 καὶ
2864 579 3311 648 φιλονεικούντων
3365 582 3551 644 αὑτοῖς
3595 582 3708 635 τῶν

2131 657 2584 727 ἐπηρεαζομένων
2610 663 2827 730 κρατεῖν
2859 662 3213 734 ἐπιχειροῦσι.
3242 663 3411 716 Πάλιν
3437 666 3466 716 ό
3497 665 3706 734 δαίμων

2131 737 2404 809 ἀνθρώπῳ
2445 740 2689 811 πολεμεῖ,
2738 742 2797 794 οὑ
2831 743 3048 813 δαίμοσι
3083 743 3200 816 ί80]
3230 747 3342 808 τοῖς
3384 747 3702 816 ὁμοφύλοις·

2130 817 2282 886 οὗτος
2311 823 2366 876 δέ
2400 824 2458 877 τὸ
2487 825 2744 892 συγγενὲς
2758 827 2850 878 καὶ
2869 828 3066 880 οίκεῖον
3093 830 3256 880 παντὶ
3284 830 3471 899 τρόπῳ
3499 827 3704 882 κακοῦν

2132 905 2430 973 ἐπείγεται,
2461 907 2555 960 καὶ
2595 908 2716 960 οὑδέ
2737 908 2841 978 τὴν
2859 908 3018 976 φύσιν
3035 909 3288 964 αἰδεῖται.
3317 910 3446 965 Οἶδα
3465 913 3546 964 ὅτι
3576 910 3703 963 πολ-

2131 987 2214 1039 λο“ι
2234 987 2368 1059 πρὸς
2395 990 2540 1058 ἡμᾶς
2565 989 2705 1059 ὑπὲρ
2729 990 2934 1042 τούτων
2966 991 3356 1062 ἀπεχθάνονται
3382 993 3488 1044 τῶν
3522 996 3589 1062 ρη
3600 993 3704 1061 μά-

2131 1086 2261 1124 των·
2321 1073 2430 1139 ἐγὼ
2468 1072 2526 1124 δέ
2557 1073 2659 1126 οὑκ
2696 1074 3071 1143 ἀπεχθάνομαι
3127 1075 3262 1146 πρὸς
3317 1077 3535 1138 αὑτοὺς,
3586 1075 3700 1128 ἀλλ’

2133 1152 2267 1205 ἐλεῶ
2305 1154 2398 1207 καὶ
2430 1154 2650 1225 δακρύω
2688 1158 2812 1220 τοὺς
2848 1157 2990 1210 οὑτω
3015 1157 3410 1228 διακειμένους
3444 1156 3546 1210 κᾶν
3569 1157 3705 1225 πλῆ-

2135 1234 2222 1298 ξαι
2246 1235 2490 1297 θέλωσιν,
2521 1237 2688 1307 ἡδέως
2707 1237 2772 1292 ἂν
2802 1240 3160 1310 ἀνασχοίμην,
3197 1242 3244 1292 εί
3278 1241 3568 1309 ἀπέχοιντο
3604 1239 3708 1309 τῆς

2136 1315 2426 1388 θηριωδίας
2464 1319 2685 1390 ταύτης.
2723 1322 2856 1375 Οὑδέ
2884 1325 2991 1393 γὰρ
3029 1321 3138 1390 ἐγὼ
3184 1322 3365 1392 μόνος,
3404 1322 3541 1374 ἀλλά
3569 1323 3709 1374 κα¹ιό

2137 1403 2426 1470 προφήτης
2463 1401 2580 1472 μεθ’
2615 1403 2775 1472 ἡμῶν
2831 1406 2954 1467 τοὺς
3005 1403 3279 1467 τοιούτους
3315 1403 3568 1456 ἐκϐάλλει
3610 1406 3709 1473 τῆς

2133 1484 2242 1536 τῶν
2270 1483 2569 1554 ἀνθρώπων
2604 1486 2945 1553 συγγενείας,
2995 1486 3190 1554 λέγων,
3251 1487 3332 1539 ὅτι
3365 1487 3710 1554 Ἀνθρωπος

2133 1567 2202 1620 ἐν
2231 1565 2370 1635 τιμῇ
2407 1563 2493 1620 ὢν
2529 1569 2602 1621 οὐ
2647 1568 2942 1637 συνῆκεν,
2993 1570 3152 1624 ἀλλὰ
3201 1568 3707 1638 παρασυνεϐλήθη

2132 1649 2256 1715 τοῖς
2290 1649 2551 1715 κτήνεσιι
2573 1651 2699 1718 τοῖς
2746 1653 3047 1720 ἀνοήτοις.
3083 1653 3377 1723 Γενώμεθα
3406 1652 3588 1706 τοίνυν
3616 1652 3710 1706 ἀν-

2135 1731 2342 1802 θρωποί
2365 1749 2516 1796 ποτε,
2547 1733 2642 1786 καὶ
2679 1737 2760 1795 είς
2794 1735 2884 1788 τὸν
2917 1737 3145 1807 οὐρανὸν
3164 1735 3577 1804 ἀναϐλέψωμεν,
3616 1735 3710 1786 καὶ

2133 1815 2194 1868 τὸ
2223 1815 2343 1867 κατ’
2377 1818 2561 1868 είκόνα
2611 1817 2996 1889 ἀπολάϐωμεν,
3028 1821 3122 1874 καὶ
3160 1820 3383 1881 ἐαυτοὺς
3409 1819 3434 1856 b
3468 1817 3710 1884 ἀνακτη-

2137 1897 2379 1966 σώμεθα,
2404 1899 2491 1952 ἵνα
2513 1899 2607 1952 καὶ
2635 1900 2744 1952 τῶν
2769 1902 3071 1971 μελλόντων
3101 1902 3320 1970 ἀγαθῶν
3342 1900 3710 1971 ἐπιτύχωμεν,

2135 1979 2318 2048 χάριτι
2364 1982 2456 2034 καὶ
2495 1982 2876 2056 φιλανθρωπίᾳ
2925 1985 3020 2038 τοῦ
3073 1986 3285 2056 Κυρίου
3339 1984 3495 2054 ἡμῶν
3538 1982 3712 2053 Ἰησοῦ

2135 2064 2396 2133 Χριστοῦ,
2429 2065 2550 2135 μεθ’
2576 2062 2638 2121 οῦ
2669 2067 2746 2138 τῷ
2778 2070 2953 2139 Πατρὶ
2985 2070 3099 2141 ἀμα
3128 2069 3206 2140 τῷ
3239 2069 3378 2139 ἁγίῳ
3407 2067 3710 2136 Πνεύματι.

2135 2145 2282 2212 δόξα,
2314 2148 2535 2218 κράτος,
2576 2150 2730 2221 τιμὴ,
2762 2152 2856 2206 νῦν
2883 2153 2976 2207 καὶ
2997 2154 3105 2219 ἀεὶ,
3127 2153 3218 2206 κοιλ⁸
3252 2155 3332 2215 είς
3353 2153 3479 2215 τοὺς
3508 2150 3720 2214 αἰῶνας

2136 2228 2242 2282 τῶν
2275 2229 2506 2285 αἰώνων.
2556 2233 2751 2305 Ἀμήν.

2144 2438 2255 2554 ταῖς
2270 2437 2350 2487 Sic
2372 2439 2556 2502 Regius
2593 2445 2795 2504 optime.
2845 2444 2976 2494 Edili
3010 2445 3292 2500 ἐπιϐούλων,
3356 2442 3382 2480 b
3411 2444 3588 2495 Deerat
3613 2445 3720 2492 ἐω-

1992 2754 2232 2807 ΟΜῐΛῐΛ
2275 2753 2330 2810 l'.

469 2867 697 2937 Μηδεὶς
726 2868 943 2920 ἑαυτὸν
997 2868 1364 2932 ἐξαπατάτω.
1424 2869 1496 2922 El
1529 2885 1620 2934 τις
1663 2869 1832 2922 δοκεῖ
1851 2869 2044 2937 σοφὸς

541 2935 692 2990 εἶναι
717 2938 786 2990 ἑν
809 2937 888 3003 τῷ
915 2937 1084 2991 αἰῶνι
1116 2939 1322 3002 τούτῳ,
1377 2939 1573 3007 μωρὸς
1606 2939 1888 3006 γενέσθω,
1932 2935 2044 2991 ήῖνα

543 3007 783 3076 γένηται
817 3009 1032 3078 σοφός.
1071 3008 1144 3078 ’ῌ
1173 3007 1290 3078 γὰρ
1318 3009 1505 3078 σοφία
1520 3007 1625 3061 τοῦ
1653 3009 1885 3078 κόσμου
1912 3008 2045 3062 τούο

546 3096 649 3132 του
666 3079 858 3146 μωρία
890 3076 1048 3144 παρὰ
1073 3076 1153 3142 τῷ
1177 3077 1299 3142 Θεῷ
1322 3077 1514 3131 ἐστιν.

545 3209 616 3255 α’.
654 3203 832 3272 Ὅπερ
864 3201 1035 3272 ἔφθην
1065 3200 1254 3268 εἰπὼν,
1287 3202 1380 3255 καὶ
1413 3202 1518 3270 πρὸ
1550 3201 1644 3254 τοῦ
1683 3202 2050 3272 προσήκοντος

476 3294 670 3364 καιροῦ
711 3295 789 3356 είς
820 3292 917 3364 τὴν
947 3293 1088 3346 κατά
1125 3292 1218 3346 τοῦ
1251 3295 1678 3365 πεπορνευκότος
1719 3294 2050 3364 κατηγορίαν

476 3388 796 3458 ἐξενεχθεὶς,
837 3387 930 3440 καὶ
964 3384 1374 3456 αἰνιγματωδῶς
1405 3385 1572 3455 αὑτὴν
1611 3382 1939 3454 παρανοίξας
1963 3381 2051 3436 διά

477 3481 742 3552 βραχέων,
785 3479 877 3533 καὶ
913 3478 1242 3540 κατασείσας
1280 3476 1444 3530 αὑτοῦ
1468 3477 1528 3529 τὸ
1555 3475 1808 3538 συνειδὸς,
1839 3474 2050 3541 ἐπείγε-

474 3593 563 3629 ται
588 3573 748 3626 πάλιν
772 3573 864 3624 ἐπὶ
887 3570 985 3643 τὴν
1016 3571 1194 3640 μάχην
1227 3569 1324 3638 τῆς
1353 3567 1544 3637 σοφίας
1583 3569 1681 3639 τῆς
1712 3565 1932 3629 ἔξωθεν,
1955 3564 2052 3618 καὶ

474 3663 542 3715 τὰ
572 3662 893 3731 ἐγκλήματα
913 3659 1020 3711 τῶν
1047 3657 1295 3713 ἐντεῦθεν
1347 3657 1777 3728 πεφυσιωμένων
1804 3655 1895 3708 καὶ
1932 3655 2050 3708 δια-

476 3752 782 3820 τεμνόντων
819 3749 918 3820 τὴν
957 3749 1306 3818 Ἐκκλησίαν·
1345 3749 1432 3801 ἵνα
1467 3748 1530 3800 τὸ
1554 3749 1738 3800 λεῖπον
1770 3746 2049 3817 προσθεὶς,

477 3843 572 3896 καὶ
599 3842 660 3893 τὸ
721 3837 1016 3908 κεφάλαιον
1049 3839 1195 3892 ἀπαν
1225 3840 1536 3908 ἀπαρτίσας
1577 3839 1714 3907 μετά
1740 3837 2050 3908 ἀκριϐείας,

478 3925 620 3980 οὑτω
644 3925 830 3978 λοιπὸν
870 3925 1076 3995 σφοδρᾷ
1106 3927 1170 3995 τῇ
1204 3924 1350 3995 ῥύμῃ
1384 3925 1523 3978 κατὰ
1569 3925 1665 3977 τοῦ
1687 3924 2055 3992 πεπορνευκό·

374 4022 380 4029 “
478 4034 570 4078 τος
599 4013 861 4087 φέρεσθαι
885 4015 985 4084 τὴν
1014 4014 1262 4081 γλῶτταν
1293 4015 1426 4083 ἀφῇ,
1464 4014 1726 4084 πρότερον
1772 4013 2056 4082 ἀκροϐολι-

479 4109 713 4178 σάμενος
731 4106 866 4178 πρὸς
885 4106 1048 4160 αὑτὸν
1069 4105 1134 4158 δι’
1151 4097 1224 4158 ὧν
1243 4103 1549 4175 ἔμπροσθεν
1579 4105 1788 4174 εἴρηκε.
1819 4105 1927 4156 Καὶ
1949 4104 2056 4173 γάρ

477 4203 557 4265 τὸ,
582 4199 1033 4269 Μηδεὶςέαυτὸν
1051 4195 1421 4263 ἐξαπατάτω,
1438 4195 1570 4266 πρὸς
1589 4197 1793 4249 ἐκεῖνον
1823 4195 2057 4265 μάλιστά

479 4295 628 4345 ἐστιν
665 4288 1112 4361 ἀποτεινομένου,
1159 4289 1256 4341 καὶ
1303 4287 1856 4359 προκαταλεαίνοντος
1892 4287 2056 4340 αὑτὸν

477 4383 556 4454 τῷ
596 4383 765 4453 φόϐῳ·
797 4383 890 4436 καὶ
922 4383 950 4435 ό
979 4382 1107 4452 περὶ
1135 4380 1232 4448 τῆς
1257 4378 1509 4448 καλάμης
1539 4377 1693 4445 λόγος
1721 4375 1882 4429 αὑτὸν
1907 4374 2058 4444 μάλι-

482 4474 585 4526 στά
615 4475 761 4524 ἐστιν
801 4470 1194 4540 αἰνιττομένου,
1235 4455 1343 4522 λκαὶ
1381 4469 1440 4521 τὸ
1464 4468 1664 4535 λέγειν,
1708 4467 1787 4520 ὅτι
1814 4468 1935 4520 Οὐκ
1972 4467 2058 4519 οἵ·

481 4563 642 4625 δατε,
711 4561 800 4612 ὅτι
831 4560 978 4624 ναὸς
1013 4559 1160 4613 Θεοῦ
1205 4559 1368 4620 ἐστε,
1405 4557 1503 4609 καὶ
1562 4555 1626 4607 τὸ
1663 4556 1902 4625 Πνεῦμα
1950 4556 2056 4609 τοῦ

486 4651 634 4705 Θεοῦ
662 4651 928 4704 κατοικεῖ
965 4651 1035 4703 ἐν
1061 4649 1204 4719 ὑμῖν
1219 4667 1238 4715 ;
1297 4648 1399 4700 Δύο
1448 4647 1554 4718 γὰρ
1609 4645 1780 4698 ταῦτα
1825 4647 2058 4717 μάλιστα

484 4741 721 4808 ἀπάγειν
747 4741 893 4810 ἡμᾶς
932 4741 1209 4808 ἁμαρτίας
1241 4736 1451 4802 εἴωθεν,
1471 4738 1596 4790 ὅταν
1623 4736 1721 4804 τὴν
1750 4737 2005 4807 κειμένην
2029 4749 2056 4777 ι

485 4835 551 4902 τῇ
589 4831 833 4902 ἁμαρτίᾳ
864 4830 1086 4883 κόλασιν
1115 4830 1480 4898 ἐννοήσωμεν,
1516 4828 1609 4880 καὶ
1644 4827 1772 4880 ὅταν
1799 4828 1896 4897 τὴν
1922 4830 2059 4899 ἡμε-

485 4923 649 4992 τέραν
687 4921 844 4986 ἀξίαν
863 4918 1336 4989 ἀναλογισώμεθα.
1377 4918 1469 4988 Τῷ
1504 4920 1600 4989 μὲν
1626 4915 1718 4972 οὖν
1746 4919 1836 4971 τὸν
1869 4920 2060 4990 χόρτον

487 5016 566 5078 είς
593 5014 755 5083 μέσον
793 5013 1068 5084 παράγειν
1116 5012 1212 5063 καὶ
1234 5010 1333 5081 τὴν
1363 5010 1640 5080 καλάμην,
1696 5009 1952 5080 ἐφόϐησε·
1982 5009 2061 5079 τῷ

485 5103 542 5155 δὲ
564 5103 625 5154 τὸ
652 5103 866 5173 ἀξίωμα
885 5104 981 5172 τῆς
1001 5102 1207 5166 οἰκείας
1232 5100 1508 5170 εὐγενείας
1533 5103 1724 5164 εἰπεῖν,
1754 5101 2059 5170 ἐνέτρεψεν,

490 5191 682 5262 ἐκείνῳ
719 5193 816 5262 μὲν
848 5194 972 5257 τοὺς
1001 5193 1513 5265 άναισθητοτέρους,
1545 5192 1718 5261 τούτῳ
1738 5190 1793 5242 δέ
1817 5192 1910 5243 καὶ
1935 5192 2056 5254 τοὺς

488 5283 924 5354 ἐπιεικεστέρους
967 5285 1204 5354 βελτίους
1227 5284 1415 5336 ποιῶν·
1443 5283 1667 5350 Μηδεὶς
1695 5281 1910 5336 ἑαυτὸν
1963 5282 2062 5346 ἐξ·

489 5374 866 5428 απατάτω.Εϊ
892 5391 978 5440 τις
1004 5373 1171 5428 δοκεῖ
1185 5374 1374 5442 σοφὸς
1399 5370 1548 5426 εἶναι
1565 5374 1634 5426 ἐν
1655 5371 1733 5437 τῷ
1747 5372 1910 5425 αἰῶνι
1930 5372 2063 5424 τού-

489 5484 592 5531 τῳ,
613 5465 806 5535 μωρὸς
831 5463 1107 5534 γενέσθω.
1144 5465 1352 5534 ’Ὠσπερ
1401 5461 1592 5530 νεκρὸν
1628 5460 1705 5531 τῷ
1739 5459 1928 5531 κόσμῳ
1967 5478 2062 5514 κε-

490 5558 634 5612 λεύει
669 5556 942 5624 γενέσθαι,
976 5555 1070 5610 καὶ
1091 5556 1124 5625 ἠ
1146 5553 1408 5624 νεκρότης
1430 5549 1566 5619 αῦτη
1599 5550 1749 5602 οὐδὲν
1778 5551 2063 5622 παραϐλά-

555 5669 682 5716 'Sic
708 5670 853 5740 ’Reg.
901 5676 953 5720 et
1000 5668 1148 5720 Savil.
1197 5667 1250 5722 lu
1293 5653 1463 5715 Morel.
1508 5669 1672 5714 autem
1713 5664 1894 5726 legitur
1957 5663 2067 5712 ὅταν

493 5745 816 5792 προκειμενην.

2147 2887 2288 2935 πτει,
2322 2873 2454 2927 ἀλλὰ
2477 2873 2800 2944 καὶώφελεῖ,
2827 2874 2972 2946 ζωῆς
2992 2874 3136 2928 αίτία
3160 2874 3445 2945 γενομένη·
3473 2873 3616 2927 οῦτω
3633 2872 3726 2927 καὶΙ

2147 2963 2330 3034 μωρὸν
2377 2965 2588 3017 κελεύει
2622 2965 2700 3036 τῷ
2759 2966 2950 3036 κόσμῳ
2995 2965 3170 3038 τούτῳ
3209 2965 3484 3034 γενέσθαι,
3529 2966 3724 3033 σοφίαν

2145 3053 2393 3107 ἐντεῦθεν
2446 3057 2576 3126 ἡμῖν
2628 3057 2726 3126 τὴν
2769 3056 2941 3127 ἀληθῆ
2998 3056 3292 3128 προξενῶν.
3335 3057 3533 3127 Μωρὸς
3564 3056 3623 3109 δέ
3649 3056 3726 3126 τῷ

2145 3144 2338 3214 κόσμῳ
2361 3144 2569 3212 γίνεται
2606 3148 2633 3197 ό
2670 3145 2768 3216 τὴν
2791 3145 2990 3210 ἔξωθεν
3033 3147 3315 3217 ἀτιμάζων
3363 3147 3582 3216 σοφίαν,
3634 3149 3729 3200 καὶ

2148 3235 2512 3304 πεπεισμένος
2565 3236 2732 3304 μηδὲν
2786 3236 2936 3306 αὑτῷ
2979 3238 3254 3290 συντελεῖν
3310 3238 3448 3308 πρὸς
3490 3237 3590 3307 τὴν
3628 3241 3729 3308 τῆς

2149 3325 2381 3387 πίστεως
2413 3325 2732 3394 κατάληψιν.
2769 3326 2981 3398 Ὥσπερ
3010 3323 3101 3381 οὖν
3129 3332 3162 3400 ἡ
3191 3329 3348 3382 πενία
3379 3331 3412 3400 ἡ
3441 3328 3557 3401 [Si]
3591 3329 3730 3383 κατά

2149 3417 2280 3469 Θεὸν
2305 3417 2536 3470 πλούτου
2557 3419 2724 3481 αἰτία,
2761 3421 2907 3491 καὶὴ
2935 3422 3283 3486 ταπείνωσις,
3323 3421 3513 3491 ὕψους,
3546 3423 3642 3475 καὶ
3669 3419 3730 3473 τὸ

2149 3505 2307 3576 δόξης
2345 3508 2620 3580 ὑπερορᾷν
2643 3510 2802 3581 δόξης
2837 3511 3010 3565 αἴτιον
3057 3513 3286 3580 γίνεται·
3329 3511 3494 3579 οὕτω,
3547 3512 3640 3566 καὶ
3671 3511 3731 3564 τὸ

2155 3601 2334 3672 μωρὸν
2367 3602 2622 3670 γενέσθαι
2674 3604 2981 3675 σοφώτερον
3009 3605 3223 3658 πάντων
3255 3606 3418 3657 ποιεῖ.
3461 3604 3599 3656 Ἀπὸ
3623 3603 3730 3674 γὰρ

2151 3695 2260 3748 τῶν
2292 3696 2550 3750 ἐναντίων
2575 3697 2643 3751 τά
2669 3699 2799 3768 παρ’
2835 3699 2966 3768 ἡμῖν
2997 3696 3045 3750 1),
3073 3697 3179 3749 Καὶ
3232 3696 3320 3749 διὰ
3356 3696 3410 3748 τί
3436 3696 3512 3766 μὴ
3550 3691 3728 3758 εἶπεν,

2165 3785 2476 3840 Ἀποθέσθω
2494 3786 2592 3858 τὴν
2617 3787 2825 3855 σοφίαν,
2868 3787 3022 3848 ἀλλά,
3051 3785 3326 3838 Γενέσθω
3347 3787 3546 3853 μῶρός
3566 3802 3586 3850 ;
3617 3788 3732 3838 Ἵνα

2157 3878 2273 3948 μεθ’
2302 3877 2609 3948 ὑπερϐολῆς
2638 3877 2882 3948 ἀτιμάσῃ
2911 3876 3009 3946 τὴν
3033 3874 3230 3940 ἔξωθεν
3269 3875 3579 3933 παίδευσιν.
3600 3876 3732 3929 Οὑδέ

2155 3967 2264 4039 γὰρ
2300 3963 2368 4038 ἦν
2392 3967 2503 4020 ἴσον
2539 3968 2732 4031 εἰπεῖν,
2769 3965 2993 4018 Ἀπόθου
3024 3982 3117 4017 σου
3139 3965 3240 4034 τὴν
3260 3963 3604 4032 σοφίαν,καὶ,
3637 3965 3735 4017 Γε-

2155 4059 2246 4112 νοῦ
2289 4060 2492 4131 μωρός·
2531 4057 2704 4120 ἄλλως
2727 4056 2896 4110 δὲκαὶ
2918 4055 3159 4111 παιδεύει
3191 4055 3265 4127 μὴ
3303 4056 3732 4126 ἐπαισχύνεσθαι

2153 4153 2220 4221 τῇ
2263 4153 2391 4219 παρ’
2415 4151 2544 4218 ἡμῖν
2572 4149 2828 4219 ἰδιωτείᾳ·
2867 4147 3006 4201 πάνυ
3023 4145 3128 4220 γάρ
3159 4146 3433 4217 καταγελᾷ
3470 4145 3580 4198 τῶν
3599 4146 3733 4210 ἐξω·

2157 4241 2268 4296 θεν.
2299 4243 2498 4312 Διόπερ
2535 4242 2658 4295 οὑδὲ
2697 4241 2763 4293 τά
2785 4241 3024 4310 ὀνόματα
3045 4241 3301 4303 δέδοικεν,
3325 4239 3510 4309 ἐπειδὴ
3538 4238 3735 4310 θαρρεῖ

2155 4336 2220 4404 τῇ
2252 4333 2360 4385 τῶν
2390 4333 2733 4402 πραγμάτων
2755 4332 3005 4401 δυνάμει.
3040 4332 3252 4403 Ὥσπερ
3290 4325 3381 4384 οῦν
3407 4332 3434 4382 ό
3471 4329 3728 4400 σταυρὸς,

2156 4425 2326 4479 δοκῶν
2360 4425 2719 4486 ἐπονείδιστος
2741 4419 2901 4486 εῖναι,
2929 4424 3139 4495 μυρίων
3170 4425 3389 4494 γέγονεν
3411 4423 3583 4485 αἴτιος
3603 4423 3734 4491 ἀγα-

2159 4518 2289 4581 θῶν,
2308 4518 2402 4570 καὶ
2419 4516 2576 4586 δόξης
2602 4517 2858 4581 ὑπόθεσις
2887 4518 3094 4586 ἀφάτου
3117 4518 3211 4571 καὶ
3243 4517 3384 4588 ῥίζα·
3408 4515 3551 4568 οὑτω
3583 4517 3677 4568 καὶ
3700 4515 3734 4584 ἡ

2156 4610 2389 4666 δοκοῦσα
2423 4610 2604 4680 μωρία
2633 4605 2803 4677 εἶναι,
2835 4611 3027 4679 σοφίας
3087 4612 3219 4680 ἡμῖν
3280 4608 3428 4661 αἰτία
3467 4607 3730 4676 κατέστη.

2158 4701 2426 4772 Καθάπερ
2454 4701 2561 4771 γὰρ
2600 4703 2628 4754 ό
2652 4701 2838 4764 κακῶς
2873 4718 2927 4756 τι
2959 4699 3317 4772 μεμαθηκὼς,
3351 4697 3417 4752 ἂν
3441 4699 3516 4770 μὴ
3541 4699 3604 4751 τὸ
3626 4701 3735 4752 πᾶν

2159 4794 2430 4866 ἀπόθηται
2447 4795 2540 4848 καὶ
2562 4795 2726 4866 λεάνῃ
2757 4795 2856 4866 τὴν
2879 4795 3054 4865 ψυχὴν
3072 4794 3166 4847 καὶ
3198 4793 3442 4864 καθαρὰν
3473 4791 3738 4862 παράσχῃ

2159 4886 2236 4958 τῷ
2260 4885 2504 4956 μέλλοντι
2529 4886 2782 4957 γράφειν,
2805 4886 2958 4939 οὐδὲν
2983 4886 3188 4938 εἵσεται
3220 4885 3390 4954 σαφὲς
3418 4883 3524 4937 τῶν
3541 4881 3732 4950 ὑγιῶν·

2159 4979 2302 5032 οὕτω
2331 4979 2426 5033 καὶ
2453 4979 2545 5031 ἐπὶ
2571 4979 2670 5049 τῆς
2697 4977 2892 5043 ἔξωθεν
2924 4976 3135 5044 σοφίας,
3165 4975 3230 5029 ἂν
3269 4976 3342 5046 μὴ
3380 4975 3440 5028 τὸ
3487 4974 3599 5027 πᾶν
3652 4973 3741 5039 ἐξ-

2161 5072 2309 5141 έλῃς,
2343 5072 2438 5124 καὶ
2464 5070 2717 5142 σαρώσῃς
2749 5085 2842 5120 σου
2873 5068 2972 5137 τὴν
3021 5067 3276 5130 διάνοιαν,
3299 5067 3392 5118 καὶ
3432 5065 3612 5134 ἐξίοης
3658 5063 3738 5134 τῷ

2167 5163 2347 5233 ἰδιώτῃ
2389 5162 2675 5232 παράσχῃς
2706 5159 2899 5215 σαυτὸν
2937 5160 3002 5228 τῇ
3043 5159 3245 5220 πίστει,
3283 5157 3434 5209 οὐδὲν
3473 5158 3594 5227 ετσῃ
3621 5173 3742 5224 γεν-

2165 5256 2311 5305 ναῖον
2344 5250 2603 5322 ἀκριϐῶς.
2637 5249 2748 5302 Καὶ
2794 5249 2901 5318 γάρ
2954 5249 3004 5302 οί
3045 5248 3507 5320 παραϐλέποντες,
3557 5247 3624 5299 ἂν
3663 5246 3740 5316 μὴ

2171 5345 2440 5412 μύσαντες
2508 5341 2733 5402 ἑαυτοὺς
2790 5340 2998 5411 ἐτέροις
3058 5337 3410 5410 παραδῶσιν,
3477 5336 3612 5389 άλλά
3669 5339 3739 5407 τῇ

2164 5434 2534 5504 διεφθαρμένῃ
2586 5432 2695 5484 τῶν
2741 5433 3034 5504 ὀφθαλμῶν
3073 5432 3193 5502 ὄψει
3226 5431 3295 5484 τὰ
3351 5429 3473 5483 καθ’
3512 5430 3741 5491 ἑαυτοὺς

2166 5525 2520 5595 ἐπιτρέψωσι,
2548 5522 2656 5576 τῶν
2687 5524 2784 5594 οὐχ
2804 5523 3052 5595 ὁρώντων
3084 5522 3262 5594 πολλῷ
3300 5521 3520 5576 πλείονα
3559 5520 3742 5590 ἀμαρο

2167 5612 2447 5681 τήσονται.

2231 5722 2262 5769 ι»
2289 5718 2359 5768 lla
2388 5718 2508 5778 “0g.
2540 5717 2652 5767 llas:
2676 5719 2884 5767 deerant
2911 5719 2958 5768 in
2985 5717 3155 5767 Morel.
