3954 6130
273 265 328 322 8!
1388 269 1453 325 IN
1494 270 1708 329 EPIST.
1760 274 1780 329 Ι

1919 281 1934 330 ι
1969 278 2127 335 COR.
2167 282 2402 343 HOMIL.
2443 286 2513 345 Χ.

263 377 502 433 exscindi
526 417 546 447 ,
577 390 632 434 et
680 393 777 434 nos
807 378 908 434 illis
936 379 1150 449 privari.
1186 379 1265 435 Tn
1295 395 1425 436 vero
1461 385 1504 437 si
1533 399 1686 440 ovem
1717 384 1830 440 fera

262 469 550 539 discerpat,
571 470 755 534 doles;
784 485 904 526 cum
931 481 1110 527 autem
1135 472 1188 526 id
1216 473 1266 527 in
1293 488 1652 545 congenerem
1683 477 1833 544 facis,

262 573 366 612 non
399 571 556 629 putas
596 569 646 614 te
683 561 880 631 aliquid
927 562 1167 618 immane
1211 562 1432 620 facere?
1471 575 1526 620 et
1572 568 1838 637 quomodo

262 650 426 707 fueris
449 651 643 707 homo?
671 652 785 707 Non
817 653 968 708 vides
1011 669 1109 708 nos
1137 653 1425 711 humanam
1454 672 1572 712 eam
1616 675 1728 713 rem
1757 661 1837 714 di-

260 757 422 808 cere.
467 759 583 811 qua:
629 743 992 800 misericordia
1041 746 1204 814 plena
1250 747 1321 803 sit
1365 755 1420 803 et
1470 748 1837 819 benignitate?

261 835 470 904 quando
497 842 674 890 autem
703 835 903 906 aliquid
930 851 1131 892 saevum
1163 849 1219 892 et
1253 840 1472 894 crudele
1496 842 1704 910 perlicit
1739 842 1836 897 ho-

256 939 362 992 mo,
393 925 739 979 inhumanum
771 927 916 981 illum
940 943 1212 983 vocamus.
1247 929 1430 1000 Itaque
1463 931 1832 988 characterem

254 1015 476 1070 hominis
501 1017 843 1087 depingimus
868 1032 898 1071 a
926 1019 1394 1074 commiseratione
1415 1063 1430 1087 ,
1479 1021 1607 1076 fera:
1651 1033 1830 1078 autem

250 1124 278 1162 a
309 1111 607 1176 contrario,
633 1125 848 1180 semper
873 1110 1114 1166 dicentes
1133 1151 1148 1177 ,
1175 1111 1308 1166 Num
1345 1112 1506 1167 homo
1535 1125 1616 1168 est
1641 1155 1657 1180 ,
1693 1115 1828 1182 fera,

248 1209 339 1253 aut
359 1200 540 1255 canis?
562 1199 818 1255 Homines
838 1202 980 1254 enim
1004 1210 1366 1269 paupertatem
1389 1202 1690 1270 sublevant,
1720 1220 1829 1261 non

245 1301 456 1362 augent.
482 1291 686 1346 liorum
710 1300 890 1346 autem
913 1307 1005 1346 ora
1029 1293 1261 1346 ferarum
1287 1302 1410 1347 sunt
1431 1309 1549 1360 ora;
1581 1295 1687 1350 imo
1713 1295 1831 1350 haec

245 1393 374 1437 sunt
404 1384 511 1438 illis
538 1383 800 1440 ferociora
831 1403 845 1436 :
870 1385 1029 1440 verba
1060 1385 1200 1439 enim
1231 1386 1529 1455 proferunt,
1565 1402 1686 1457 qua:
1711 1403 1825 1442 ma-

239 1475 326 1546 gis
357 1491 516 1545 quam
562 1475 793 1530 ferarum
835 1475 1024 1532 dentes
1053 1477 1202 1531 virus
1230 1477 1540 1532 cmittentes
1564 1519 1579 1544 ,
1625 1478 1826 1533 cmdem

239 1575 480 1635 patrant.
508 1567 574 1620 Et
619 1566 665 1620 si
711 1567 828 1635 quis
855 1567 1031 1620 omnia
1061 1579 1411 1637 persequatur
1439 1609 1456 1634 ,
1508 1579 1636 1624 tunc
1680 1579 1826 1623 recte

238 1655 486 1721 videbit,
529 1654 801 1724 quomodo
831 1655 1188 1711 inhumanitas
1216 1672 1350 1722 eos,
1392 1659 1483 1728 qui
1528 1659 1607 1714 sic
1649 1658 1825 1718 affecti

234 1756 369 1802 sunt
389 1789 404 1813 ,
431 1747 572 1802 feras
597 1763 661 1802 ex
703 1746 1009 1802 hominibus
1047 1749 1254 1804 reddat.
1301 1750 1452 1816 Quod
1481 1753 1525 1806 si
1554 1752 1672 1821 quis
1702 1752 1823 1808 illo-

231 1854 358 1893 rum
391 1847 626 1892 mentem
653 1838 1039 1893 examinaverit
1058 1881 1072 1905 ,
1103 1855 1207 1895 non
1235 1840 1370 1896 ultra
1401 1842 1540 1897 feras
1567 1851 1766 1897 tantum
1788 1883 1805 1910 ,

232 1929 330 1985 sed
357 1929 521 1983 etiam
561 1927 839 1983 daemonas
887 1929 1005 1983 illos
1031 1929 1260 1986 vocabit.
1319 1932 1456 1986 Sunt
1482 1935 1624 1987 enim
1655 1935 1818 1989 multa

235 2019 568 2073 immanitate
592 2018 769 2088 pleni,
794 2027 849 2074 et
872 2019 997 2074 odio
1018 2020 1068 2074 in
1090 2035 1379 2077 conservos
1404 2038 1419 2077 :
1444 2023 1516 2078 ibi
1538 2039 1643 2078 non
1665 2039 1820 2080 amor

232 2112 384 2180 regni
409 2120 492 2166 est
534 2126 708 2181 neque
737 2121 910 2167 metus
939 2101 1198 2182 gehennae
1217 2155 1232 2179 ,
1285 2131 1391 2170 non
1421 2116 1697 2172 hominum
1725 2133 1817 2174 re-

230 2202 473 2256 verentia
492 2243 508 2263 ,
537 2217 642 2257 non
681 2203 1051 2259 misericordia
1077 2246 1092 2270 ,
1121 2221 1224 2260 non
1252 2209 1650 2265 commiseratio
1669 2252 1685 2276 ,
1721 2212 1815 2267 sed

229 2291 563 2362 impudentia
591 2334 604 2356 ,
634 2295 920 2364 petulantia
941 2335 956 2361 ,
985 2304 1038 2351 et
1083 2296 1385 2354 futurorum
1413 2303 1650 2357 omnium
1681 2319 1816 2358 con-

229 2392 470 2453 temptus
500 2403 515 2439 :
542 2394 594 2440 et
623 2384 809 2441 fabula:
835 2388 966 2458 ipsis
992 2389 1240 2445 videntur
1269 2407 1390 2446 esse
1430 2395 1521 2448 Dei
1551 2396 1714 2450 verba
1747 2397 1814 2452 de

225 2474 499 2543 supplicio
529 2474 706 2529 futuro
729 2515 743 2540 ,
771 2485 825 2531 et
849 2477 964 2546 ejus
1007 2479 1166 2533 mina:
1195 2480 1354 2536 risus.
1386 2480 1533 2538 Talis
1561 2485 1702 2539 enim
1732 2496 1814 2542 est

222 2569 376 2622 avari
409 2583 586 2622 mens.
614 2569 744 2624 Cum
769 2585 896 2640 ergo
921 2572 1240 2629 intrinsecus
1263 2575 1538 2632 daemones
1566 2579 1692 2644 sint,
1720 2595 1814 2635 ex-

223 2662 503 2714 trinsecus
537 2675 666 2714 vero
713 2661 875 2728 ferae,
926 2673 980 2718 et
1028 2664 1153 2719 feris
1181 2665 1512 2723 deteriores:
1553 2671 1808 2736 ubinam,

217 2763 416 2819 qttzeso
440 2790 456 2816 ,
487 2749 607 2804 illos
633 2750 1043 2808 collocabimus?
1068 2755 1218 2822 Quod
1246 2758 1386 2812 enim
1431 2758 1559 2814 feris
1582 2761 1689 2815 sint
1717 2761 1810 2817 de-

3462 311 3530 364 89

1942 392 2188 461 tet-iores,
2215 395 2339 452 hinc
2367 398 2539 467 palam
2567 409 2671 469 est,
2701 407 2840 474 quod
2863 408 2988 466 ferte
3011 421 3196 469 natura
3225 416 3331 472 sint
3359 420 3525 486 tales;

1950 483 2002 536 lii
2035 501 2163 540 vero
2188 490 2274 557 qui
2319 493 2609 548 secundum
2647 507 2888 556 naturam
2930 508 3392 565 mansuetudinem
3421 483 3521 566 ha;

1942 573 2092 641 bent,
2126 589 2322 648 prmter
2364 592 2609 641 naturam
2651 589 2702 642 in
2735 590 2933 647 ferinos
2973 612 3151 652 mores
3183 604 3410 657 transire
3440 605 3523 659 ni-

1946 673 2151 721 tuntur.
2202 670 2280 725 Ac
2324 672 2597 736 daemones
2647 681 2861 748 quidem
2921 684 3164 743 homines
3210 691 3524 750 insidiantes

1943 756 2044 810 sibi
2073 771 2229 828 opem
2261 760 2493 819 ferentes
2535 765 2768 836 habent;
2799 775 2995 845 quippe
3023 779 3069 831 si
3096 794 3249 849 opem
3277 797 3380 837 non
3412 785 3522 838 fer-

1942 857 2093 914 rent,
2124 867 2314 922 magna
2347 870 2472 924 pars
2498 859 2626 928 ipsis
2658 861 2972 922 insidiarum
3019 882 3204 926 contra
3253 890 3352 930 nos
3381 888 3524 931 stru-

1939 947 2146 996 ctarum
2169 944 2376 999 sublata
2402 959 2546 1004 esset
2578 967 2591 1001 :
2620 950 2675 1006 hi
2706 969 2844 1010 vero
2879 972 2993 1022 eos,
3023 962 3112 1029 qui
3143 963 3212 1016 ab
3241 979 3300 1019 se
3328 983 3526 1021 vexan-

1940 1037 2057 1095 tur,
2087 1035 2246 1086 etiam
2273 1039 2663 1096 contendentes
2689 1056 2870 1098 secum
2895 1088 2910 1109 ,
2955 1063 3210 1117 superare
3255 1055 3519 1113 nituntur.

1937 1119 2144 1176 Rursus
2173 1123 2380 1179 daemon
2430 1126 2701 1186 hominem
2750 1135 2887 1189 bello
2923 1136 3156 1206 impetit,
3189 1157 3294 1198 non
3337 1158 3517 1202 autem

1936 1209 2208 1268 daemonas
2234 1218 2315 1271 sui
2336 1221 2583 1288 generis:
2612 1222 2699 1278 hic
2729 1241 2857 1280 vero
2885 1243 3214 1300 congencres
3241 1245 3295 1289 et
3325 1253 3513 1294 neces-

1937 1303 2110 1358 sarios
2137 1306 2443 1363 omnimoda
2474 1314 2754 1369 vexatione
2796 1316 3002 1388 afﬂigit,
3032 1335 3211 1390 neque
3239 1337 3520 1382 reveretur

1937 1401 2202 1448 naturam.
2237 1397 2362 1452 Scio
2398 1401 2594 1457 multos
2635 1420 2785 1471 esse,
2815 1411 2902 1478 qui
2951 1413 3020 1466 ob
3065 1412 3179 1469 ιιωο
3208 1417 3369 1472 verba
3417 1436 3516 1476 nos

1934 1483 2056 1537 odio
2083 1484 2280 1540 habent
2310 1505 2322 1540 :
2353 1505 2453 1559 ego
2483 1507 2611 1548 vero
2637 1495 2755 1551 illos
2798 1514 2902 1553 non
2933 1501 3043 1567 odi,
3072 1505 3166 1559 sed
3194 1522 3381 1564 eorum
3413 1511 3513 1564 mi-

1932 1590 2138 1644 sereor,
2162 1588 2217 1633 et
2235 1595 2328 1634 eos
2351 1583 2439 1651 qui
2463 1585 2540 1638 sic
2558 1586 2733 1642 allecti
2760 1602 2883 1645 sunt
2905 1593 3156 1665 lacrymis
3179 1614 3508 1670 prosequor:

1931 1666 2140 1721 etiamsi
2175 1681 2460 1738 percutere
2490 1677 2688 1742 velint,
2721 1679 2950 1736 libenter
2996 1685 3047 1738 id
3083 1666 3292 1743 tulerim
3317 1733 3333 1753 ,
3358 1666 3411 1746 si
3441 1694 3510 1747 ab

1931 1753 2030 1811 hac
2061 1757 2272 1814 feritate
2299 1762 2570 1820 abstinere
2604 1769 2787 1824 velint.
2830 1772 3014 1843 Neque
3039 1777 3180 1831 enim
3203 1794 3304 1848 ego
3328 1783 3506 1850 solus,

1928 1847 2024 1901 sed
2049 1849 2210 1904 etiam
2239 1856 2497 1922 prepheta
2527 1859 2800 1913 nobiscum
2832 1862 3138 1931 huiusmodi
3168 1847 3412 1925 homines
3436 1847 3506 1927 ab

1929 1938 2156 1994 humana
2183 1948 2502 2012 cognatione
2539 1949 2797 2016 expellit,
2831 1951 3054 2007 dicens:
3089 1955 3258 2012 Homo
3299 1976 3413 2012 cum
3453 1963 3506 2016 in

1925 2034 2116 2087 honore
2143 2043 2288 2099 esset,
2319 2052 2418 2089 non
2444 2038 2714 2106 intellexit,
2744 2044 2833 2095 sed
2861 2057 3183 2114 comparatus
3211 2061 3283 2104 est
3301 2052 3508 2120 jumen-

1925 2126 1987 2178 tis
2016 2126 2364 2196 insipientibus
2393 2128 2411 2199 (
2437 2127 2583 2184 Psal.
2611 2132 2698 2186 58.
2727 2132 2787 2186 21
2889 2134 3068 2190 Simus
3105 2152 3233 2209 ergo
3262 2140 3505 2198 homines

1925 2218 2134 2272 tandem
2163 2219 2481 2288 aliquando,
2526 2232 2580 2275 et
2626 2223 2680 2276 in
2707 2224 2896 2279 caelum
2929 2214 3311 2296 respiciamus:
3343 2241 3504 2303 atque

1922 2309 2049 2363 illud
2077 2313 2369 2367 secundum
2401 2313 2685 2384 imaginem
2727 2318 3057 2388 accipiamus
3085 2321 3232 2390 (Col.
3267 2325 3319 2378 5.
3361 2326 3500 2395 l0),

1920 2407 1973 2452 et
2001 2413 2099 2454 nos
2128 2401 2270 2469 ipsos
2315 2417 2698 2472 recuperemus
2722 2447 2734 2469 ,
2766 2415 2825 2460 ut
2849 2416 2902 2462 ct
2944 2407 3116 2465 futura
3146 2412 3284 2466 bona
3309 2429 3500 2470 conse-

1919 2506 2179 2560 quamur,
2211 2495 2380 2562 gratia
2427 2504 2479 2550 et
2524 2497 2851 2568 benignitate
2903 2501 3112 2557 Domini
3155 2507 3324 2560 nostri
3371 2507 3499 2562 Jcsn

1917 2582 2145 2648 Christi,
2173 2585 2388 2654 quicum
2419 2586 2558 2641 Patri
2587 2605 2796 2660 unaque
2823 2590 3041 2660 Spiritui
3069 2607 3276 2662 sancto,
3301 2598 3492 2667 gloria,

1920 2674 2226 2744 imperium,
2259 2677 2450 2741 honor,
2484 2693 2623 2735 nunc
2648 2688 2703 2735 et
2729 2696 2944 2751 semper
2965 2723 2982 2749 ,
3012 2694 3065 2739 et
3094 2685 3144 2738 in
3175 2688 3369 2742 saecula
3399 2705 3499 2745 sa:-

1915 2765 2178 2820 culorum.
2207 2767 2402 2822 Amen.

227 2951 3469 2983 —-——————————_________..___.__________________

1634 3055 1977 3118 HOMILIA
2021 3058 2106 3117 Χ.

217 3198 351 3253 Cn.
385 3201 440 3255 5.
468 3215 520 3253 v.
551 3199 640 3254 18.
673 3199 835 3254 Nemo
862 3199 1083 3270 seipsum
1110 3199 1336 3255 seducat.
1381 3201 1440 3257 Si
1472 3203 1584 3272 quis
1611 3203 1811 3256 videtur

289 3291 502 3358 sapiens
525 3291 697 3344 essein
724 3291 817 3344 hoc
835 3290 1045 3355 uacula,
1072 3291 1256 3344 stultus
1276 3291 1387 3358 ﬁat,
1409 3301 1464 3344 ut
1491 3293 1554 3345 sit
1579 3294 1802 3363 sapiens.

290 3383 388 3438 i9.
421 3382 690 3454 Sapientia
732 3385 862 3438 enim
907 3384 1060 3454 hujus
1107 3384 1282 3437 mundi
1325 3385 1539 3439 stultitia
1578 3395 1648 3439 est
1670 3386 1810 3456 apud

292 3475 491 3528 Deum.

291 3569 349 3622 1.
402 3565 671 3631 Quomodo
699 3564 896 3620 Paulus
940 3566 994 3620 in
1033 3567 1293 3637 arguendo
1323 3566 1598 3638 fornicario
1629 3583 1806 3636 proce-

217 3659 326 3712 dat.
354 3656 502 3711 Mori
529 3657 648 3710 huic
676 3658 864 3711 mundo
891 3658 1010 3728 quid
1034 3659 1119 3711 sit.
1145 3685 1219 3697 —
1237 3657 1310 3713 Ut
1329 3671 1486 3726 supra
1515 3656 1655 3721 dixi,
1688 3673 1806 3711 cum

217 3760 345 3806 ante
377 3758 745 3820 opportunum
778 3759 985 3820 tempus
1006 3750 1072 3803 ad
1114 3747 1468 3805 incusandutn
1509 3749 1692 3812 illum,
1719 3752 1807 3818 qui

218 3841 517 3895 fornicatus
561 3840 766 3906 fuerat,
810 3840 1072 3896 deductus
1139 3849 1316 3905 esset,
1365 3850 1418 3896 et
1472 3841 1806 3911 :enigmatice

217 3930 366 3984 illum
423 3930 610 3996 paucis
661 3931 1108 4000 perstrinxisset,
1138 3931 1359 4000 ejusque
1419 3931 1804 3986 conscientiam

217 4023 597 4093 exagitasset;
641 4026 812 4094 pergit
855 4039 1043 4078 rursus
1101 4023 1167 4077 ad
1215 4039 1443 4093 pugnam
1485 4033 1667 4080 contra
1721 4039 1810 4078 sa-

216 4112 484 4178 pientiam
514 4121 791 4168 externam
818 4154 833 4175 ,
867 4123 922 4168 et
951 4113 1072 4168 illos
1115 4114 1385 4180 adoritur,
1429 4117 1516 4184 qui
1545 4117 1670 4171 inde
1723 4119 1805 4170 in-

217 4201 328 4256 ﬂati
363 4200 690 4258 scindebant
717 4203 1016 4260 Ecclesiam
1041 4221 1058 4269 ;
1082 4212 1139 4258 ut
1169 4205 1232 4259 iis
1255 4221 1374 4274 quae
1418 4206 1627 4260 residua
1654 4216 1805 4262 erant

217 4291 439 4361 additis,
471 4303 750 4364 postquam
779 4295 881 4350 hoc
908 4304 1066 4366 caput
1091 4305 1342 4352 accurate
1381 4297 1703 4366 perfecerit,
1727 4300 1805 4353 sic

218 4398 410 4441 rursus
437 4394 626 4440 contra
654 4385 998 4442 fornicarium
1021 4403 1141 4442 cum
1171 4388 1370 4457 impetu
1394 4387 1612 4454 feratur,
1645 4404 1802 4458 quem

213 4474 323 4542 jam
351 4491 518 4546 supra
549 4477 671 4532 telis
719 4478 935 4532 emissis
981 4493 1266 4548 aggressus
1310 4488 1413 4533 est.
1462 4477 1592 4533 Nam
1640 4478 1800 4545 illud,

215 4566 388 4622 Nemo
413 4570 635 4638 seipsum
673 4570 916 4636 sedarat,
950 4571 1014 4625 ad
1051 4572 1202 4627 illum
1227 4573 1458 4627 maxime
1482 4573 1718 4643 respicit,
1748 4582 1801 4628 et

213 4659 365 4715 illum
394 4671 544 4717 metu
587 4661 756 4717 allicit
797 4663 1113 4734 mitigatque
1141 4683 1155 4731 ;
1188 4665 1437 4735 quodque
1488 4666 1556 4721 de
1603 4666 1800 4736 stipula

212 4751 451 4818 dicitur,
499 4752 646 4807 illum
689 4755 958 4825 praecipue
1003 4756 1343 4821 subindicat;
1389 4765 1592 4812 etcum
1637 4759 1797 4824 dicit,

216 4842 445 4898 Nescitis
469 4845 589 4912 quia
616 4847 860 4917 templum
885 4847 984 4901 Dei
1003 4850 1140 4913 estis,
1167 4858 1211 4902 et
1240 4848 1466 4918 Spiritus
1491 4849 1584 4904 Dei
1610 4851 1800 4904 habitat

211 4934 261 4987 in
298 4936 443 4989 vobis
463 4935 489 4987 ?
514 4933 642 4990 Haec
672 4937 870 5008 quippe
895 4938 1001 4993 duo
1029 4940 1262 4995 maxime
1287 4941 1464 4994 solent
1492 4957 1586 4995 nos
1615 4957 1644 4995 a
1676 4956 1800 5010 pec-

211 5034 325 5080 cato
368 5025 647 5082 abducere
680 5044 693 5079 :
723 5027 935 5097 quando
977 5032 1264 5099 repositam
1315 5038 1530 5099 peccato
1577 5046 1795 5100 poenam

212 5117 543 5186 cogitamus,
576 5127 630 5172 et
659 5119 876 5188 quando
898 5119 1213 5191 dignitatem
1246 5131 1486 5176 nostram
1513 5120 1796 5176 nobiscum

208 5221 545 5278 reputamus.
577 5211 712 5267 Cum
742 5227 872 5283 ergo
903 5213 1098 5269 fumum
1126 5231 1189 5270 ac
1216 5215 1463 5285 stipulam
1488 5218 1539 5269 in
1564 5214 1795 5269 medium

210 5299 466 5366 adduxit,
519 5303 816 5370 exterruit;
851 5319 971 5359 cum
1002 5315 1181 5361 autem
1225 5307 1454 5377 propriae
1499 5305 1794 5360 nobilitatis

209 5389 519 5461 dignitatem
548 5393 757 5462 intulit,
790 5395 994 5466 pudore
1021 5397 1225 5463 affecit;
1258 5397 1350 5453 illo
1379 5397 1598 5468 quidem
1631 5396 1791 5451 modo

209 5483 528 5552 stupidiores
552 5525 568 5550 ,
599 5487 701 5541 hoc
725 5494 908 5542 autem
936 5487 1319 5546 moderatiores
1344 5489 1575 5545 reddens
1600 5488 1792 5542 melio-

212 5585 306 5626 res.
338 5571 509 5629 Nemo
551 5577 778 5644 seipsunt
825 5578 1056 5633 seducat.
1102 5579 1163 5634 Si
1200 5581 1309 5651 quis
1347 5581 1540 5635 videtur
1588 5580 1790 5650 sapiens

215 5675 309 5719 me
345 5667 399 5723 in
441 5670 537 5726 hoc
567 5673 760 5729 saeculo
780 5715 794 5742 ,
827 5674 1010 5730 stultus
1036 5673 1146 5743 ﬁat.
1182 5672 1340 5742 Quasi
1369 5682 1633 5729 mortuum
1661 5671 1784 5727 huic

1917 3203 2116 3258 mundo
2147 3205 2258 3260 ﬁeri
2285 3205 2439 3275 jubet
2469 3223 2482 3259 :
2509 3221 2654 3263 mors
2704 3218 2881 3264 autem
2907 3210 3209 3279 huiusmodi
3239 3212 3368 3267 nihil
3398 3213 3493 3266 ιω.

1915 3296 2010 3361 dit,
2039 3299 2145 3351 imo
2168 3299 2337 3366 juvat,
2368 3313 2488 3354 cum
2517 3301 2588 3355 sit
2613 3301 2734 3355 vita:
2762 3317 2945 3357 causa.
2973 3303 3061 3358 Sic
3085 3304 3245 3359 etiam
3274 3304 3494 3359 stultum

1915 3389 2037 3444 huic
2066 3391 2262 3445 mundo
2292 3391 2404 3446 fieri
2428 3393 2612 3461 jubet,
2644 3393 2767 3448 hinc
2795 3396 2947 3450 nobis
2975 3411 3156 3450 veram
3179 3398 3495 3466 sapientiam

1912 3481 2221 3534 concilians.
2266 3481 2474 3536 Stultus
2516 3492 2693 3536 autem
2736 3484 2936 3538 mundo
2981 3485 3248 3549 efﬁcitur,
3278 3487 3366 3556 qui
3397 3502 3494 3540 cx-

1916 3581 2118 3626 ternam
2143 3574 2461 3640 sapientiam
2485 3573 2730 3642 despicit,
2757 3589 3069 3643 persuasum
3097 3574 3318 3637 habens,
3349 3577 3494 3630 illam

1912 3663 2010 3716 sibi
2040 3661 2170 3714 nihil
2199 3662 2264 3715 ad
2296 3662 2454 3716 iidem
2482 3661 2879 3732 adipiscendam
2902 3663 3195 3733 adjumcnti
3224 3665 3489 3721 conferre.

1911 3751 2370 3819 Quemadmodum
2417 3768 2546 3824 ergo
2576 3767 2861 3824 paupertas
2887 3756 3181 3811 secundum
3215 3757 3378 3812 Dcum
3407 3758 3492 3812 di-

1912 3843 2166 3897 vitiarum
2201 3858 2358 3898 causa
2386 3853 2506 3910 est,
2537 3855 2592 3900 et
2633 3846 2903 3901 humilitas
2931 3847 3252 3913 altitudinis,
3299 3859 3350 3904 et
3377 3851 3491 3920 glo-

1911 3937 2002 3992 riae
2031 3937 2312 4007 despectus
2335 3947 2418 3993 est
2457 3938 2640 4008 gloria:
2671 3954 2830 3994 causa
2855 3956 2871 4005 ;
2899 3940 2969 3994 ita
2995 3949 3047 3996 et
3078 3941 3295 3996 stultum
3328 3941 3440 3996 fieri
3468 3983 3484 4005 ,

1910 4029 2158 4083 omnibus
2187 4029 2569 4099 sapientiorem
2595 4029 2778 4084 eflicit.
2815 4031 2893 4085 Ex
2923 4033 3207 4087 contrariis
3235 4034 3375 4088 enim
3407 4049 3492 4087 res

1911 4130 2107 4175 nostra:
2133 4128 2400 4177 constant.
2437 4121 2505 4176 Et
2532 4137 2628 4177 cur
2658 4138 2767 4176 non
2796 4123 2962 4189 dixit,
2999 4124 3240 4194 Deponat
3271 4125 3486 4193 sapien-

1909 4210 2055 4274 tiam,
2085 4210 2203 4275 sed,
2237 4210 2438 4264 Stultus
2466 4212 2596 4280 ﬁat?
2629 4211 2696 4266 Ut
2736 4222 3011 4267 externam
3042 4213 3377 4281 disciplinam
3403 4228 3490 4264 sn-

1909 4314 2001 4367 pra
2023 4299 2238 4353 modum
2269 4300 2583 4354 dedecoret.
2624 4301 2808 4369 Neque
2835 4302 2976 4354 enim
3027 4302 3254 4368 idipsum
3305 4302 3491 4355 fuisset

1906 4390 2112 4455 dicere,
2146 4391 2360 4458 Depone
2385 4391 2727 4458 sapientiam,
2775 4399 2828 4444 ct
2854 4391 3062 4445 Stultus
3090 4389 3204 4444 fias.
3238 4391 3486 4460 Alioquin

1907 4497 2034 4535 vero
2063 4481 2221 4535 docet
2253 4482 2414 4536 etiam
2443 4497 2548 4536 non
2578 4481 3001 4536 erubescendum
3029 4497 3149 4538 esse
3179 4483 3247 4538 de
3273 4499 3332 4538 ea
3371 4499 3489 4553 quas

1907 4572 2045 4641 apud
2096 4589 2192 4628 nos
2224 4581 2306 4628 cst
2349 4573 2975 4644 simplicitatezextcrna
3024 4575 3168 4633 enim
3200 4575 3486 4630 admodum

1906 4662 2110 4717 irridet.
2157 4664 2494 4735 Quapropter
2526 4666 2739 4720 nomina
2785 4681 2891 4720 non
2936 4665 3120 4731 timet,
3151 4669 3401 4738 quoniam
3432 4669 3486 4722 in

1905 4771 2082 4810 rerum
2113 4757 2308 4812 virtute
2343 4757 2582 4812 conlidit.
2611 4757 2680 4813 Ut
2712 4758 2869 4826 igitur
2895 4772 3044 4823 crux,
3074 4774 3192 4827 qua:
3223 4760 3480 4830 probrosa

1903 4862 1990 4903 res
2016 4850 2224 4904 videtur
2250 4841 2392 4915 esse,
2428 4851 2690 4904 bonorum
2718 4852 3180 4906 innumerabilium
3207 4868 3363 4908 causa
3385 4893 3401 4918 ,
3431 4862 3487 4907 et

1902 4941 2081 5010 gloria:
2108 4942 2389 4997 ineffabilis
2422 4944 2637 4998 occasio
2664 4953 2717 4998 et
2744 4944 2895 4997 radix
2941 4944 3092 4998 nobis
3139 4943 3235 4997 fuit
3265 4961 3278 4996 :
3311 4945 3388 4998 sic
3415 4959 3478 4997 ea

1901 5049 2019 5102 qua:
2044 5034 2251 5088 videtur
2273 5048 2392 5087 esse
2419 5033 2664 5099 stultitia,
2688 5035 2966 5102 sapientiae
2994 5035 3149 5087 nobis
3177 5049 3336 5087 causa
3361 5033 3479 5088 fuit.

1901 5123 2047 5178 Sicut
2077 5125 2218 5179 enim
2244 5125 2288 5179 is
2318 5124 2404 5192 qui
2435 5125 2573 5179 male
2598 5125 2868 5193 quidpiam
2919 5124 3127 5189 didicit,
3164 5125 3262 5179 nisi
3310 5135 3478 5180 totum

1901 5215 2157 5285 deponat,
2185 5217 2525 5286 animamque
2552 5217 2599 5269 ei
2630 5215 2720 5284 qui
2749 5216 3040 5284 scripturus
3075 5226 3158 5271 est
3188 5217 3394 5286 planam
3426 5230 3480 5272 et

1900 5324 2085 5377 puram
2114 5310 2335 5371 reddat,
2369 5324 2432 5364 ex
2461 5307 2606 5362 sanis
2653 5308 2812 5362 rebus
2853 5308 2984 5362 nihil
3024 5309 3167 5365 clare
3208 5312 3376 5365 sciet:
3403 5313 3474 5364 ita

1899 5398 2057 5452 etiam
2105 5399 2156 5452 in
2208 5409 2424 5454 externa
2476 5400 2768 5470 sapientia.
2817 5399 2917 5454 nisi
2970 5411 3136 5455 totum
3186 5402 3375 5457 eradas
3418 5410 3471 5452 et

1898 5500 2129 5546 mentem
2157 5507 2369 5546 everras
2389 5535 2404 5561 ,
2435 5501 2488 5548 et
2516 5495 2666 5564 quasi
2713 5493 2876 5548 idiota
2909 5493 3029 5548 ﬁdei
3073 5505 3127 5548 te
3165 5493 3424 5548 obtuleris
3450 5530 3467 5552 ,

1899 5583 2027 5637 nihil
2060 5584 2368 5653 praeclarum
2407 5586 2490 5640 vel
2537 5586 2807 5641 sincerum
2854 5594 3102 5640 accurate
3146 5585 3301 5637 scies.
3337 5581 3466 5633 Nam

1895 5675 1984 5744 qui
2013 5675 2224 5748 oblique
2251 5676 2464 5749 vident,
2493 5677 2594 5734 nisi
2625 5677 2818 5733 clausis
2845 5674 3015 5731 oculis
3056 5689 3114 5729 se
3150 5673 3266 5726 aliis
3299 5667 3462 5724 tradi-
