3954 6130
449 303 519 359 33
1000 341 1002 343 ,
1191 294 1248 350 S.
1288 292 1564 350 JOANNIS
1588 289 2060 351 CHRYSOSTOMI
2112 290 2426 349 ARCIIIEP.
2461 289 2991 349 CONSTANTINOP.
3655 288 3722 351 ει

450 415 651 478 derint,
675 411 770 468 sed
791 411 932 466 male
957 409 1146 466 allecto
1175 410 1306 464 visui
1337 425 1430 466 sua
1469 410 1829 482 permiserint,
1859 411 2030 482 magis

454 508 732 568 errabunt.
761 519 918 575 quam
949 503 1037 572 qui
1067 517 1174 556 non
1202 501 1403 557 vident.

548 599 775 652 Externa
831 595 1081 667 sapientia
1143 595 1462 663 reprobatur.
1491 623 1562 634 -—
1591 592 1661 647 Et
1723 590 1992 662 quomodo
2016 634 2032 658 ,

458 692 698 762 inquies,
739 689 910 760 possit
956 687 1074 742 hare
1117 698 1342 741 externa
1390 686 1650 754 sapientia
1705 683 1938 754 deponi?
1977 683 2034 738 Si

455 796 639 838 eorum
681 779 958 848 disciplina
1008 793 1115 833 non
1171 778 1354 832 utaris.
1400 776 1603 830 Deinde
1645 784 1925 846 postquam
1969 774 2037 830 ab

455 872 543 926 illa
574 871 837 926 desistere
881 877 989 924 tam
1017 882 1206 937 aspere
1232 867 1425 936 jussit,
1455 879 1670 920 causam
1698 866 1856 920 etiam
1886 863 2039 918 aﬁ'ert

453 963 536 1018 his
575 962 752 1017 verbis
784 979 798 1015 :
830 960 918 1016 19.
962 958 1231 1029 Sapientia
1259 958 1392 1012 enim
1435 957 1589 1026 hujus
1619 956 1796 1009 mundi
1821 955 2038 1009 stultitia

451 1063 527 1109 est
569 1053 709 1123 apud
753 1051 937 1105 Deum.
965 1050 1081 1104 Non
1117 1049 1276 1104 modo
1303 1048 1447 1103 enim
1479 1047 1611 1102 nihil
1656 1045 1896 1112 confert,
1941 1043 2034 1100 sed

452 1145 615 1201 etiam
643 1142 888 1213 impedit.
919 1141 1142 1212 Oportet
1173 1141 1332 1210 igitur
1372 1140 1440 1195 ab
1478 1139 1568 1195 illa
1612 1140 1905 1204 absistere,
1950 1145 2037 1192 ut-

456 1244 585 1304 pote
609 1249 727 1304 qua:
755 1241 968 1288 noceat.
995 1231 1185 1286 Viden‘
1209 1231 1476 1302 quomodo
1502 1231 1730 1286 ubertim
1765 1230 2037 1284 victoriam

457 1325 675 1390 tulerit,
702 1324 996 1379 ostendens
1020 1323 1165 1378 illam
1195 1337 1302 1377 non
1333 1321 1492 1377 modo
1520 1323 1651 1376 nihil
1690 1336 1788 1377 nos
1812 1320 1997 1391 juvare
2019 1359 2037 1386 ,

457 1415 554 1471 sed
598 1415 759 1470 etiam
805 1415 960 1470 nobis
986 1414 1311 1470 contrariam
1339 1414 1507 1469 esse?
1553 1412 1735 1482 Neque
1773 1412 1884 1466 suis
1910 1424 2040 1466 con-

458 1514 640 1561 tentus
664 1505 1014 1576 argumentis,
1044 1505 1406 1560 testimonium
1434 1519 1619 1560 rursus
1644 1503 1795 1559 all'ert
1815 1504 2037 1558 dicens:

458 1597 724 1666 Scriptum
766 1605 844 1650 est
891 1596 1024 1649 “enim
1070 1611 1084 1648 :
1121 1595 1222 1662 Qui
1260 1595 1638 1665 comprehendit
1684 1595 1934 1664 sapientes
1985 1593 2040 1648 in

457 1690 644 1741 astutia
667 1704 864 1742 eorum.
895 1687 1124 1753 Astutia,
1164 1687 1215 1742 id
1241 1695 1358 1752 est,
1402 1687 1512 1742 suis
1539 1687 1658 1741 illos
1685 1686 1847 1740 armis
1875 1685 2034 1755 capit.

458 1779 590 1846 Quia
630 1779 773 1833 enim
829 1779 1021 1833 astutia
1067 1777 1150 1832 usi
1199 1785 1352 1842 sunt,
1405 1786 1463 1831 ut
1516 1791 1583 1831 ne
1633 1777 1742 1832 Deo
1781 1776 2040 1832 haberent

457 1882 627 1938 opus,
665 1882 762 1938 per
789 1867 927 1923 hanc
976 1868 1144 1937 ipsam
1175 1868 1422 1921 astutiam
1455 1866 1560 1921 illis
1608 1867 1853 1936 probavit
1896 1867 2038 1938 quod

458 1959 689 2013 maxime
743 1959 852 2014 Deo
907 1966 1121 2027 egeant.
1170 1959 1286 2026 Quo
1334 1956 1532 2012 modo?
1582 1956 1736 2025 Quod
1780 1973 1876 2027 per
1919 1973 2037 2013 eam

457 2049 605 2103 stulti
637 2048 846 2115 effecti,
897 2051 1092 2103 merito
1128 2064 1225 2118 per
1267 2049 1512 2104 eamdem
1563 2050 1706 2119 capti
1750 2050 1874 2104 sint.
1907 2049 2040 2104 Nam

456 2140 548 2210 qui
594 2140 850 2210 putabant
886 2154 946 2195 se
985 2139 1095 2194 Deo
1133 2155 1240 2194 non
1277 2156 1410 2211 opus
1447 2141 1682 2208 habere,
1727 2141 1793 2196 ad
1841 2150 2039 2198 tantam

458 2230 666 2284 redacti
704 2238 832 2285 sunt
867 2237 1192 2300 egestatem,
1234 2238 1292 2283 ut
1315 2230 1669 2298 piscatoribus
1696 2239 1750 2286 et
1780 2231 2041 2288 illiteratis

459 2325 696 2378 minores
721 2330 1036 2392 apparerent
1060 2362 1075 2387 ,
1104 2321 1340 2392 ipsisque
1360 2321 1574 2377 domum
1596 2337 1732 2392 opus
1756 2322 2037 2378 haberent.

463 2412 589 2471 Ideo
632 2413 738 2478 ait,
772 2413 830 2467 ln
874 2413 1068 2469 astutia
1099 2412 1338 2482 ipsorum
1369 2415 1512 2482 cepit
1555 2413 1696 2469 illos.
1741 2412 1872 2469 Nam
1918 2429 2039 2470 cum

461 2505 627 2571 dicit,
674 2503 894 2559 Perdam
932 2505 1232 2576 sapientiam
1281 2503 1302 2577 (
1326 2506 1378 2559 Ι.
1421 2502 1542 2560 Cor.
1582 2506 1634 2560 Ι.
1679 2506 1825 2576 19),
1873 2507 2041 2578 ipsam

462 2595 529 2650 ad
561 2595 695 2652 nihil
753 2597 884 2652 utile
915 2596 1166 2652 inducere
1205 2595 1470 2666 signiﬁcat
1498 2613 1511 2650 :
1545 2596 1672 2652 illud
1701 2608 1908 2664 autem,
1943 2598 2044 2665 Qui

462 2689 837 2758 comprehendit
856 2689 1107 2760 sapientes
1128 2689 1180 2743 in
1200 2690 1386 2743 astutia
1407 2705 1576 2743 eorum
1602 2730 1617 2758 ,
1657 2690 1722 2746 ad
1746 2691 2040 2747 ostenden—

463 2780 586 2836 dam
619 2781 714 2836 Dei
742 2783 1028 2850 potentiam
1055 2781 1268 2837 dicitur.

533 2874 589 2926 2.
631 2873 833 2928 Deinde
861 2872 1078 2928 modum
1107 2873 1238 2928 dicit
1273 2888 1380 2945 quo
1424 2873 1864 2944 comprehendit,
1896 2877 2043 2932 aliud

464 2961 724 3031 adjiciens
750 2961 1110 3016 testimonium
1136 2978 1150 3028 ;
1183 2961 1257 3016 ait
1283 2963 1423 3017 enim
1453 2981 1467 3015 :
1497 2962 1588 3018 20.
1630 2961 1881 3019 Dominus
1910 2967 2043 3019 novit

464 3054 788 3124 cogitationes
839 3054 1137 3125 sapientium
1192 3056 1431 3125 quoniam
1501 3073 1642 3112 vente
1709 3069 1845 3113 sunt.
1907 3057 2044 3115 Cum

465 3154 646 3198 autem
687 3143 948 3213 sapientia
979 3144 1069 3199 illa
1106 3161 1224 3215 quae
1251 3155 1332 3201 est
1359 3145 1618 3202 immensa
1639 3187 1656 3214 ,
1689 3149 1805 3204 haec
1831 3149 1898 3206 de
1939 3150 2044 3206 illis

469 3235 928 3305 pronuntiaverit,
958 3245 1012 3291 et
1040 3237 1171 3292 tales
1197 3236 1344 3308 ipsos
1373 3253 1492 3293 esse
1518 3238 1856 3308 probaverit,
1885 3257 2043 3311 quam

463 3325 622 3379 aliam
665 3334 919 3382 extrema:
945 3326 1161 3381 illorum
1189 3327 1436 3382 amentia:
1465 3344 1671 3398 quaeres
1707 3329 2042 3386 demonstra-

465 3417 709 3472 tionem?
735 3416 869 3471 Nam
910 3416 1185 3472 hominum
1215 3418 1428 3489 quidem
1451 3421 1648 3490 judicia
1679 3436 1822 3492 saepe
1853 3422 2041 3477 labun-

462 3517 588 3574 tur;
617 3509 709 3565 Dei
743 3523 870 3566 vero
897 3512 1157 3566 sententia
1189 3526 1288 3567 nec
1317 3512 1639 3582 reprehendi
1670 3529 1768 3569 nec
1794 3528 2044 3569 corrum-

461 3601 516 3671 pi
559 3616 808 3672 umquam
840 3610 1035 3672 potest.
1070 3602 1356 3673 Postquam
1398 3604 1557 3674 igitur
1601 3605 1819 3677 superni
1857 3605 2042 3676 judicii

464 3700 724 3762 tropaeum
772 3692 844 3747 ita
883 3693 1221 3762 splendidum
1271 3705 1551 3763 erexerat,
1598 3697 1943 3752 vehementer
1988 3697 2043 3752 in

463 3783 706 3838 subditos
724 3797 1028 3837 sermonem
1050 3786 1344 3852 convertit,
1368 3785 1483 3840 haec
1509 3787 1692 3842 dicens
1722 3805 1735 3841 :
1764 3786 1854 3841 2i.
1880 3786 2044 3841 Nemo

463 3876 634 3945 itaque
672 3875 914 3943 glorietur
941 3875 992 3927 in
1019 3874 1301 3928 hominibus
1330 3891 1348 3928 :
1375 3875 1466 3928 22.
1497 3878 1667 3930 omnia
1704 3879 1841 3931 enim
1880 3889 2045 3932 vestra

467 3973 606 4020 sunt.
657 3964 864 4019 Rursus
910 3964 1089 4034 priora
1134 3965 1363 4034 repetit,
1393 3965 1680 4021 ostendens
1723 3967 1841 4022 illos
1871 3983 2044 4038 neque

467 4057 525 4112 in
549 4055 912 4126 spiritualibus
937 4057 1102 4111 altum
1133 4071 1321 4126 sapere
1347 4057 1576 4124 debere,
1612 4068 1668 4113 ut
1695 4061 1784 4130 qui
1814 4060 1944 4115 nihil
1975 4077 2043 4118 ex

465 4163 527 4205 se
570 4148 820 4204 habeant.
849 4147 982 4204 Cum
1012 4163 1141 4220 ergo
1179 4156 1404 4204 externa
1453 4149 1710 4220 sapientia
1749 4151 1908 4206 noxia
1937 4153 2042 4220 sit,

465 4252 520 4297 et
562 4241 857 4313 spiritualia
899 4256 930 4296 a
961 4239 1116 4295 vobis
1165 4255 1270 4294 non
1318 4239 1426 4295 sint
1471 4240 1633 4308 data,
1688 4241 1828 4298 unde
1881 4242 2047 4301 habes

463 4332 605 4403 quod
629 4329 913 4404 glorieris?
941 4331 1005 4386 Et
1032 4329 1086 4384 in
1116 4338 1337 4386 externa
1362 4329 1578 4401 quidem
1605 4331 1862 4401 sapientia
1887 4347 2045 4388 nemo

465 4426 701 4496 seipsum
738 4423 1004 4493 decipiat,
1031 4422 1238 4493 inquit,
1269 4423 1391 4493 quia
1430 4422 1535 4492 ipsi
1571 4423 1626 4478 in
1668 4439 1727 4479 re
1756 4423 1912 4479 noxia
1943 4423 2045 4480 sibi

467 4515 751 4584 placebant
791 4530 805 4566 :
847 4513 934 4567 hic
984 4527 1147 4576 vero,
1202 4513 1323 4582 quia
1375 4527 1462 4567 res
1515 4512 1676 4568 habet
1724 4514 2042 4582 utilitatem,

470 4618 631 4658 nemo
685 4603 962 4674 glorietur.
1025 4603 1093 4658 Et
1137 4603 1498 4658 mansuctiore
1543 4605 1708 4658 utitur
1759 4608 2041 4663 oratione:

471 4695 659 4750 Omnia
691 4695 824 4750 enim
866 4704 1029 4748 vestra
1053 4705 1202 4761 sunt,
1246 4696 1348 4750 sive
1391 4693 1589 4750 Paulus
1614 4697 1715 4750 sive
1743 4698 1925 4767 Apollo
1945 4699 2048 4752 sive

469 4787 669 4859 Cephas
696 4787 800 4842 sive
827 4785 1078 4852 mundus,
1107 4788 1210 4840 sive
1233 4786 1333 4839 vita
1359 4787 1459 4841 sive
1496 4802 1630 4846 mors
1649 4830 1664 4856 ,
1694 4789 1795 4844 sive
1819 4806 2046 4859 prtesen-

467 4863 540 4932 tia
567 4879 669 4932 sive
691 4881 862 4950 futura
891 4893 912 4930 :
938 4875 1108 4929 omnia
1143 4885 1304 4930 vestra
1343 4887 1491 4944 sunt,
1520 4893 1604 4932 vos
1631 4889 1797 4933 autem
1824 4879 2042 4947 Christi,

468 4968 698 5027 Christus
723 4981 890 5024 autem
921 4967 1032 5022 Dei.
1063 4967 1200 5035 Quia
1225 4968 1367 5023 enim
1395 4970 1512 5025 illos
1539 4972 1889 5028 vehementer
1919 4989 2042 5042 per-

469 5063 790 5131 strinxerat,
815 5076 1000 5118 rursus
1029 5059 1174 5132 ipsos
1205 5071 1430 5117 recreat.
1465 5061 1530 5117 Et
1559 5062 1802 5133 superius
1830 5063 2044 5134 quidem

471 5154 718 5223 dicebat,
776 5157 1049 5227 Adjutores
1104 5171 1276 5210 sumus
1339 5154 1467 5222 Dei,
1524 5165 1581 5212 et
1631 5157 1750 5212 aliis
1808 5157 2046 5228 pluribus

467 5245 650 5303 verbis
686 5245 831 5316 ipsos
869 5245 1244 5304 consolabatur
1275 5266 1289 5302 :
1320 5248 1408 5304 hic
1445 5257 1622 5304 autem
1651 5248 1816 5315 dicit,
1859 5248 2047 5304 Omnia

469 5348 636 5393 vestra
662 5348 814 5404 sunt,
844 5339 1123 5397 doctorum
1155 5343 1345 5396 fastum
1376 5357 1634 5397 amovens
1658 5382 1674 5408 ,
1715 5341 2041 5396 ostendens-

469 5445 575 5500 que
602 5429 746 5500 ipsos
775 5445 879 5485 non
905 5432 1063 5486 modo
1096 5432 1228 5488 nihil
1254 5432 1359 5486 illis
1385 5432 1564 5501 largiri
1583 5473 1596 5494 ,
1638 5431 1732 5488 scd
1761 5432 1890 5501 ipsis
1919 5448 2043 5501 gra-

469 5523 572 5576 tias
599 5519 802 5576 rcl‘erre
844 5522 1040 5578 debere
1072 5539 1086 5577 :
1117 5533 1334 5594 propter
1360 5523 1480 5576 illos
1521 5524 1660 5577 enim
1706 5523 1839 5579 tales
1868 5523 2043 5579 effecti

471 5621 629 5679 sunt,
674 5612 942 5684 etiamque
983 5614 1206 5686 gratiam
1256 5621 1596 5683 acceperunt.
1645 5613 1749 5669 Sed
1792 5615 2043 5685 quoniam

471 5703 704 5761 futurum
727 5714 863 5775 erat,
900 5715 958 5764 ut
997 5705 1075 5764 illi
1117 5705 1276 5765 etiam
1308 5705 1692 5780 gloriarentur,
1741 5705 1862 5762 ideo
1901 5706 2041 5762 hunc

2141 424 2352 480 quoque
2404 409 2646 464 morbum
2703 407 2942 479 praedicit
2979 406 3164 461 dicens
3201 423 3214 460 :
3273 404 3557 475 Unicuique
3593 407 3724 461 sicut

2144 498 2277 556 Deus
2307 501 2482 568 dedit;
2528 509 2616 568 et,
2650 500 2786 555 Deus
2833 501 3194 552 incrementum
3221 497 3408 563 dedit;
3455 507 3511 552 ut
3550 514 3726 568 neque

2141 590 2260 659 illi,
2300 593 2422 662 quia
2476 592 2855 662 praebuerunt,
2906 589 3070 643 altum
3123 588 3377 658 sapiant;
3434 605 3608 659 neque
3667 589 3718 644 hi

2141 683 2330 751 etiam,
2381 683 2506 753 quia
2551 683 2852 746 audierunt,
2886 680 3070 736 Omnia
3096 691 3259 736 vestra
3305 691 3422 736 sunt
3443 725 3456 746 ,
3487 697 3609 739 sese
3637 699 3728 738 ex-

2142 773 2346 828 tollant.
2378 773 2587 829 Etenim
2615 774 2825 829 etiamsi
2864 782 3080 842 prOpter
3105 787 3228 838 vos,
3257 781 3314 828 at
3355 782 3524 828 totum
3551 790 3583 830 a
3613 775 3725 832 Deo

2141 864 2335 919 factum
2364 874 2464 920 est.
2524 866 2602 921 Tn
2658 881 2786 921 vero
2825 866 2953 920 mihi
3009 866 3309 936 perpendas
3347 868 3508 922 velim
3533 910 3548 932 ,
3588 884 3723 939 quo-

2141 956 2299 1010 modo
2338 972 2504 1027 usque
2546 957 2612 1012 ad
2657 958 2817 1013 ﬁnem
2872 971 3178 1028 perseveret
3229 975 3423 1016 nomen
3464 977 3621 1016 suum
3660 972 3712 1018 et

2142 1063 2333 1103 nomen
2382 1049 2523 1104 Petri
2550 1065 2768 1120 ponere.
2800 1049 2937 1118 Quid
2965 1065 3093 1107 vero
3119 1052 3381 1121 signiﬁcat
3408 1053 3535 1108 illud
3560 1097 3575 1120 ,
3606 1055 3728 1111 Sive

2140 1139 2321 1192 mors?
2373 1139 2590 1194 Etiamsi
2647 1141 2981 1208 moriantur,
3037 1158 3131 1211 pro
3184 1142 3336 1197 vobis
3387 1145 3720 1213 moriuntur,

2143 1228 2506 1298 periclitantes
2533 1245 2628 1300 pro
2655 1239 2831 1286 vestra
2859 1231 3047 1286 salute.
3090 1232 3277 1288 Viden’
3305 1235 3576 1303 quomodo
3601 1253 3724 1292 rur-

2142 1333 2259 1374 sum
2287 1319 2665 1390 discipulorum
2703 1321 2897 1377 fastum
2935 1322 3237 1392 deprimat,
3266 1324 3516 1381 doctores
3545 1337 3722 1384 autem

2143 1410 2399 1465 extollat?
2433 1410 2564 1466 Nam
2594 1413 2671 1467 sic
2699 1412 2820 1466 illos
2846 1413 3134 1482 alloquitur
3159 1421 3215 1467 ut
3243 1429 3435 1484 pueros
3477 1417 3718 1485 nobiles,

2145 1499 2459 1570 paedagogos
2481 1501 2758 1567 habentes,
2782 1503 2870 1572 qui
2895 1503 3259 1558 luereditatem
3281 1507 3555 1575 accepturi
3576 1517 3720 1563 sunt.

2142 1591 2287 1646 Licet
2330 1593 2489 1648 etiam
2535 1593 2643 1648 alio
2684 1594 2844 1649 modo
2871 1593 3075 1661 dicere,
3108 1605 3334 1651 mortem
3378 1597 3570 1652 Adami
3600 1615 3724 1668 pro-

2144 1691 2252 1752 pter
2295 1697 2395 1739 nos
2432 1683 2631 1752 fuisse,
2688 1693 2744 1740 ut
2794 1686 3274 1756 resipisceremus;
3330 1699 3558 1744 mortem
3598 1705 3726 1746 vero

2142 1772 2374 1840 Christi,
2405 1785 2465 1830 ut
2490 1791 2851 1832 servaremur.
2901 1777 3004 1832 Vos
3028 1789 3196 1833 autem
3229 1779 3446 1846 Christi,
3496 1782 3726 1836 Christus

2142 1878 2258 1918 vero
2308 1864 2418 1920 Dei.
2460 1867 2630 1922 Aliter
2678 1867 2875 1923 Christi
2915 1883 3134 1934 sumus,
3182 1879 3237 1926 et
3273 1871 3429 1926 aliter
3484 1872 3727 1929 Christus

2145 1953 2241 2009 Dei
2279 1965 2390 2023 est,
2431 1966 2486 2014 et
2531 1959 2685 2014 aliter
2735 1961 2963 2016 mundus
3000 1971 3081 2018 est
3121 1972 3323 2018 noster.
3380 1963 3490 2018 Nos
3527 1965 3727 2035 quippe

2143 2043 2343 2100 Christi
2369 2062 2582 2114 sumus,
2634 2041 2691 2104 ut
2731 2065 2866 2120 Opus
2911 2051 3090 2116 illius;
3139 2051 3384 2108 Christus
3421 2069 3552 2108 vero
3597 2056 3725 2122 Dei,

2145 2144 2200 2188 ut
2234 2150 2486 2205 germana
2535 2139 2712 2208 proles
2732 2179 2746 2205 ,
2778 2156 2882 2194 non
2911 2150 2968 2195 ut
2995 2155 3129 2211 opus
3159 2159 3172 2195 :
3201 2157 3302 2212 qua
3330 2143 3539 2198 ratione
3565 2144 3726 2198 etiam

2146 2242 2244 2281 nec
2267 2228 2497 2283 mundus
2523 2239 2606 2285 est
2631 2239 2814 2287 noster
2838 2234 2878 2285 ί.
2911 2235 3092 2303 Itaque
3117 2234 3218 2288 etsi
3245 2250 3347 2289 una
3375 2237 3444 2290 sit
3469 2236 3656 2303 dictio,
3677 2248 3729 2292 at

2145 2318 2360 2374 diversa
2406 2322 2690 2377 sententia.
2731 2323 2961 2379 Mundus
3005 2325 3147 2380 enim
3176 2336 3361 2381 noster
3385 2335 3502 2395 est,
3545 2339 3729 2398 utpote

2147 2425 2243 2478 pro
2291 2411 2448 2467 nobis
2498 2412 2711 2479 factus;
2765 2414 3013 2472 Christus
3069 2431 3197 2472 vero
3239 2417 3332 2472 Dei
3370 2428 3489 2486 est,
3542 2421 3728 2491 utqui

2146 2502 2317 2571 ipsum
2363 2514 2637 2561 auctorem
2667 2507 2899 2576 habeat,
2948 2519 3208 2580 quatenus
3252 2512 3410 2567 Pater
3435 2514 3554 2583 ejus
3599 2527 3724 2571 est:

2146 2607 2244 2648 nos
2272 2603 2447 2650 autem
2469 2611 2652 2652 sumus
2671 2597 2892 2666 Christi,
2920 2601 3041 2670 quia
3068 2601 3135 2657 ab
3155 2601 3272 2673 ipso
3298 2604 3500 2660 conditi
3519 2620 3724 2663 sumus.

2146 2685 2204 2742 Si
2249 2687 2324 2741 illi
2372 2698 2496 2743 sunt
2540 2691 2737 2756 vestri,
2781 2691 2986 2762 inquit,
3015 2709 3112 2749 cur
3157 2694 3331 2751 facitis
3356 2701 3724 2768 contrarium,

2145 2776 2272 2831 dum
2299 2777 2366 2832 ab
2393 2778 2521 2849 ipsis
2547 2781 2997 2851 cognominamini
3023 2825 3037 2848 ,
3069 2799 3173 2839 non
3199 2801 3229 2840 a
3256 2783 3472 2842 Christo
3498 2799 3553 2845 ct
3579 2791 3730 2846 Deo?

2149 2866 2323 2938 (Cap.
2374 2870 2452 2941 4.)
2500 2871 2550 2925 1.
2600 2872 2689 2928 Sic
2739 2891 2831 2928 nos
2870 2875 3116 2930 existimet
3166 2879 3314 2931 homo
3365 2887 3420 2932 ut
3471 2882 3728 2939 ministros

2148 2957 2364 3028 Christi,
2406 2969 2454 3016 et
2490 2963 2859 3032 dispensatores
2897 2968 3246 3036 mysteriorum
3283 2967 3398 3024 Dei.
3439 2969 3728 3043 Postquam

2148 3050 2358 3106 illorum
2408 3054 2766 3123 arrogantiam
2811 3056 3107 3126 depressit,
3148 3059 3269 3114 vide
3308 3060 3418 3130 jam
3458 3065 3730 3132 quomodo

2147 3140 2266 3195 illos
2293 3152 2500 3198 recreet
2537 3144 2720 3201 dicens
2750 3164 2764 3200 :
2800 3146 2867 3201 Ut
2894 3148 3147 3204 ministros
3175 3152 3380 3206 Christi.
3422 3153 3498 3210 Ne
3526 3155 3726 3226 itaque,

2149 3232 2312 3287 misso
2336 3232 2557 3288 Domino
2579 3276 2592 3299 ,
2617 3249 2648 3288 a
2670 3235 2929 3291 ministris
2947 3247 3003 3293 et
3024 3238 3235 3294 famulis
3257 3257 3450 3298 nomen
3471 3247 3725 3315 accipias.

2149 3323 2556 3394 Dispensatores
2592 3333 2771 3380 autem
2817 3327 2986 3396 dixit,
3018 3333 3306 3389 ostendens
3345 3350 3451 3390 non
3480 3339 3730 3394 oninibus

2148 3413 2264 3470 hzec
2294 3415 2469 3470 danda
2515 3430 2670 3485 esse,
2715 3418 2806 3473 sed
2837 3420 3031 3489 quibus
3077 3433 3320 3493 Oportet,
3348 3435 3402 3481 et
3444 3429 3640 3497 quibus
3662 3446 3729 3486 ea

2147 3514 2272 3561 sunt
2294 3506 2671 3578 dispensanda.
2699 3509 2754 3564 2.
2791 3509 2898 3586 Hic.
2907 3513 3020 3582 jam
3043 3517 3286 3583 quteritur
3308 3518 3438 3570 inter
3460 3519 3729 3588 dispensa-

2149 3608 2278 3652 tores
2318 3607 2370 3652 ut
2415 3599 2580 3668 ﬁdelis
2623 3601 2734 3672 quis
2783 3602 3085 3658 inveniatur.
3119 3605 3171 3660 ld
3195 3617 3311 3671 est,
3360 3623 3426 3662 ne
3452 3625 3573 3677 qua:
3605 3622 3731 3667 sunt

2151 3689 2360 3745 Domini
2403 3691 2505 3746 sibi
2546 3703 2803 3763 usurpet,
2836 3710 2936 3750 nec
2983 3696 3082 3749 sibi
3127 3707 3393 3767 tamquam
3417 3699 3729 3758 d0n.inoea

2148 3780 2419 3848 vindicet,
2448 3782 2540 3837 sed
2570 3792 2626 3837 ut
2651 3783 2989 3852 dispensator
3019 3785 3106 3838 illa
3137 3797 3306 3842 curet.
3341 3790 3732 3859 Dispensatoris

2148 3873 2289 3927 enim
2337 3883 2453 3939 est,
2501 3887 2562 3927 ea
2613 3888 2731 3942 qua:
2775 3873 2879 3926 sibi
2905 3873 3105 3927 credita
3149 3884 3273 3930 sunt
3301 3879 3469 3946 probe
3496 3882 3729 3938 admini-

2149 3973 2321 4021 strare
2341 4005 2355 4029 ,
2398 3977 2498 4018 nec
2524 3978 2644 4033 qua:
2668 3963 2867 4018 domini
2894 3973 3016 4017 sunt
3052 3979 3145 4019 sua
3175 3966 3390 4034 dicere;
3422 3971 3516 4026 sed
3545 3985 3732 4029 contra

2148 4072 2268 4127 quae
2323 4064 2448 4112 sunt
2483 4069 2611 4120 sua,
2665 4053 2871 4109 domini
2922 4055 3124 4112 dicere.
3180 4056 3558 4130 Unusquisque
3615 4063 3732 4119 haec

2149 4146 2388 4215 cogitans
2407 4188 2424 4214 ,
2454 4147 2566 4201 sive
2591 4144 2801 4201 dicendi
2831 4145 3135 4202 facultatem
3165 4148 3358 4204 habeat
3379 4192 3393 4216 ,
3433 4153 3546 4207 sive
3573 4168 3733 4223 pecu-

2151 4238 2266 4294 nias
2285 4279 2301 4304 ,
2329 4239 2471 4310 quod
2501 4254 2694 4308 nempe
2725 4254 2812 4295 res
2837 4239 3046 4296 Domini
3072 4242 3174 4297 sibi
3203 4243 3420 4299 credita:
3448 4246 3590 4314 sint,
3621 4263 3726 4304 non

2149 4339 2330 4384 autem
2379 4344 2526 4396 sum,
2574 4346 2642 4384 ne
2688 4329 2805 4385 illas
2847 4346 3013 4400 penes
3057 4347 3116 4388 se
3152 4334 3378 4390 retineat
3415 4351 3589 4406 neque
3625 4340 3728 4394 sibi

2148 4419 2452 4483 adscribat,
2499 4419 2592 4474 sed
2643 4419 2753 4474 Deo
2797 4421 2975 4476 omnia
3017 4423 3261 4494 largienti
3313 4426 3430 4481 illas
3479 4440 3731 4500 acceptas

2149 4510 2367 4564 referat.
2399 4507 2493 4564 Vis
2521 4508 2703 4564 videre
2745 4509 2932 4566 ﬁdeles
2974 4512 3370 4583 dispensatores
3390 4517 3414 4570 ?
3437 4518 3573 4572 Audi
3600 4520 3731 4589 quid

2151 4600 2292 4655 dicat
2319 4600 2507 4656 Petrus
2537 4614 2551 4654 :
2587 4600 2725 4665 Quid
2751 4617 2841 4656 nos
2870 4605 3118 4671 respicitis
3143 4607 3288 4675 quasi
3316 4609 3525 4678 prppria
3551 4609 3734 4666 virtute

2151 4700 2242 4745 aut
2278 4691 2475 4760 pietate
2525 4692 2786 4762 fecerimus
2824 4693 2958 4746 hunc
3008 4695 3269 4750 ambulare
3305 4697 3456 4767 (Act.
3485 4699 3539 4754 3.
3575 4699 3640 4755 12
3665 4702 3732 4764 )i

2152 4794 2208 4840 et
2233 4783 2480 4839 Cornelio
2505 4783 2718 4839 dicebat
2759 4785 2861 4856 (a)
2893 4804 2904 4834 :
2935 4784 3004 4838 Et
3051 4803 3140 4840 nos
3187 4787 3364 4842 iisdem
3412 4792 3732 4859 passionibus

2153 4875 2356 4930 obnoxii
2398 4876 2622 4930 homines
2657 4891 2830 4930 sumus
2871 4875 3017 4946 (Act.
3052 4877 3318 4949 14.15);
3357 4887 3410 4935 et
3451 4879 3515 4934 ad
3567 4880 3734 4938 Chri-

2153 4977 2294 5022 stum
2325 4985 2339 5022 :
2370 4965 2503 5022 Ecce
2555 4967 2850 5036 reliquimus
2905 4968 3075 5021 omnia
3126 4976 3173 5022 et
3226 4971 3421 5041 sequuti
3471 4987 3649 5028 sumus
3687 4983 3736 5027 te

2153 5061 2381 5133 (Matth.
2426 5061 2512 5116 t9.
2551 5061 2684 5131 27).
2744 5060 2809 5114 Et
2862 5059 3056 5114 Paulus
3110 5075 3231 5116 cum
3286 5061 3551 5132 dixisset,
3600 5064 3734 5121 Plus

2151 5169 2304 5224 quam
2349 5169 2519 5208 omnes
2566 5152 2821 5219 laboravi,
2874 5151 3147 5222 subjunxit
3178 5170 3193 5207 :
3220 5152 3341 5208 Non
3381 5172 3472 5226 ego
3523 5168 3728 5228 autem,

2215 5348 2233 5380 ι
2261 5355 2377 5410 neg.
2402 5350 2471 5419 sic
2492 5347 2636 5419 elfert
2657 5349 2783 5399 hunc
2805 5349 3264 5419 locum...germana
3285 5355 3445 5419 proles
3460 5371 3478 5414 ;
3493 5364 3732 5413 mundus-

2151 5421 2244 5471 que
2265 5423 2360 5481 non
2381 5417 2451 5481 est
2473 5417 2651 5481 noster,
2674 5419 2725 5462 ut
2743 5419 2957 5463 nostrum
2987 5428 3124 5478 opus,
3143 5417 3229 5466 sed
3253 5417 3303 5466 in
3331 5425 3560 5481 quartum
3582 5426 3734 5476 nostri

2152 5485 2300 5521 causa
2321 5477 2477 5581 ﬂictus
2498 5477 2584 5521 est.
3017 5477 3023 5478 ⁷
3342 5477 3354 5481 ⁷

2200 5533 2290 5606 '(_a)
2307 5592 2319 5606 _
2371 5535 2413 5606 i_c
2424 5533 2570 5606 citata
2583 5534 2732 5606 verba
2747 5549 2844 5606 non
2857 5536 3082 5606 Cornelio
3097 5538 3221 5606 dicta
3236 5539 3376 5606 fuere
3389 5553 3415 5588 a
3429 5541 3616 5606 Petro;
3642 5548 3732 5596 sed

2151 5606 2178 5641 a
2200 5592 2354 5660 Paulo
2377 5595 2568 5656 Lystris,
2592 5597 2654 5660 iis
2675 5600 2758 5660 qui
2783 5599 3009 5660 Barnabas
3034 5606 3087 5648 et
3108 5602 3204 5650 sibi
3228 5611 3282 5652 ut
3303 5602 3398 5651 dus
3433 5592 3620 5656 hostias
3643 5592 3730 5658 im:

2151 5654 2387 5766 In]
2582 5659 2666 5709 llic
2685 5654 2915 5711 (nemoris
2937 5658 3116 5711 labitur
3133 5662 3517 5728 Chrysostomus,
3546 5654 3730 5722 nisi’sit
