3954 6130
428 271 490 324 87
1122 266 1160 320 S
1216 265 1491 322 JOANNIS
1527 261 1996 322 CHRYSOSTOMI
2039 261 2351 321 ARCHIEP.
2391 263 2924 320 CONSTANTINO'P.
3631 260 3698 315 38

419 399 524 452 que
545 381 815 438 hominem
839 388 1102 436 recreant.
1121 380 1292 435 Pedes
1313 380 1440 435 item
1461 381 1560 435 soli
1585 379 1870 442 incedunt;
1902 379 1999 433 sed

429 489 535 528 non
570 487 630 528 se
651 473 794 528 solos
820 474 1170 540 transferunt,
1195 472 1290 528 sed
1319 481 1372 527 et
1401 482 1572 527 totum
1595 487 1791 542 corpus
1827 485 2005 525 trans-

427 563 767 621 moventJta
797 577 850 622 et
878 575 933 621 tu
957 565 1099 637 quod
1126 565 1220 620 tibi
1247 563 1619 620 concreditum
1649 564 1750 618 fuit
1773 580 1839 620 ne
1863 565 2008 618 solus

422 659 680 722 retineas,
701 658 823 728 quia
846 658 1096 712 omnibus
1121 658 1326 728 tibique
1349 657 1577 727 primum
1595 657 1898 725 perniciem
1928 657 2009 710 in-

425 751 585 806 feres.
624 749 742 805 Non
791 751 843 804 in
873 751 1130 805 membris
1155 759 1377 806 tantum
1420 750 1472 804 id
1514 751 1791 805 observes.
1835 748 2010 804 Faber

421 843 567 896 enim
585 842 870 908 ferrarius,
895 845 945 898 si
974 845 1244 898 neminem
1274 843 1401 898 velit
1425 851 1543 898 arte
1565 857 1660 897 sua
1689 842 1816 906 frui,
1842 853 1896 898 et
1918 858 2009 898 se-

426 935 604 1003 ipsum
623 944 678 990 et
697 935 833 989 alias
860 944 1008 990 artes
1031 935 1359 1004 pessumdat.
1390 935 1553 991 Sutor
1576 935 1844 1000 similiter,
1870 936 2008 1004 agri-

424 1029 563 1093 cola,
585 1027 772 1097 pistor,
791 1037 850 1082 et
875 1029 1072 1098 singuli
1092 1029 1189 1098 qui
1212 1029 1543 1083 necessarias
1570 1035 1713 1083 artes
1731 1038 2006 1093 exercent,

424 1121 471 1174 si
505 1121 777 1176 neminem
803 1121 966 1175 alium
995 1136 1111 1176 arte
1134 1137 1228 1176 sua
1258 1119 1361 1176 frui
1391 1122 1576 1186 velint,
1606 1136 1710 1176 non
1738 1121 1872 1176 alios
1895 1130 2010 1175 tan-

430 1222 566 1275 tum,
596 1212 690 1267 sed
730 1227 789 1267 se
813 1227 936 1266 cum
964 1213 1084 1267 aliis
1123 1213 1379 1283 perdunt.
1410 1213 1609 1283 Ecquid
1652 1214 1720 1267 de
1757 1212 2010 1268 divitibus

429 1302 662 1373 loquor?
701 1303 834 1357 Nam
865 1319 1131 1372 pauperes
1159 1319 1374 1374 quoque
1398 1305 1444 1358 si
1471 1313 1702 1359 vestram
1728 1318 2009 1358 avarorum

426 1403 482 1448 et
524 1395 750 1449 divitum
803 1396 1096 1465 nequitiam
1147 1405 1508 1463 sectarentur,
1551 1411 1648 1452 vos
1689 1409 2010 1468 magnopere

427 1484 690 1540 hederent
713 1499 777 1539 ac
799 1486 908 1540 cito
947 1502 1046 1541 vos
1076 1501 1339 1557 pauperes
1366 1488 1673 1555 redderent,
1704 1490 1813 1544 imo
1847 1491 2009 1544 etiam

426 1575 736 1646 perderent,
767 1577 812 1632 si
844 1578 906 1630 iis
934 1577 1024 1646 qui
1065 1593 1202 1647 opus
1231 1578 1431 1634 habent
1470 1594 1565 1633 sua
1608 1581 1846 1650 przebere
1887 1581 2010 1635 nol-

425 1669 537 1722 lent
565 1684 577 1721 :
607 1667 840 1738 exempli
866 1681 1044 1733 causa,
1073 1671 1304 1739 agricola
1336 1685 1589 1725 manuum
1617 1685 1834 1727 suarum
1856 1672 2010 1728 labo-

424 1773 558 1824 rem,
590 1769 751 1814 nauta
779 1761 1161 1815 commercium
1203 1777 1300 1831 per
1338 1762 1734 1833 navigationem
1772 1773 2000 1834 partum,

422 1851 578 1906 miles
605 1860 756 1905 suam
787 1851 837 1905 iu
870 1852 1010 1906 bello
1035 1851 1424 1909 fortitudinem.
1453 1853 1604 1924 Ideo,
1634 1856 1679 1910 si
1708 1870 1815 1911 non
1832 1857 2004 1922 aliud,

425 1943 631 2014 pudore
651 1943 828 1998 affecti
853 1943 1172 2000 benevolum
1197 1946 1410 2000 illorum
1440 1947 1678 2002 animum
1704 1947 2004 2003 imitemini.

419 2033 631 2089 Nemini
661 2035 877 2090 divitias
905 2037 1188 2106 impertis?
1231 2037 1376 2108 Ergo
1403 2053 1470 2092 ne
1497 2039 1785 2110 quidquam
1812 2041 1881 2095 ab
1901 2041 2008 2095 alio

420 2129 654 2198 accipias
679 2147 694 2183 :
722 2129 766 2184 si
795 2139 974 2185 autem
1006 2132 1077 2185 ita
1107 2131 1220 2196 ﬁat,
1243 2142 1556 2188 evertentur
1576 2136 1777 2190 omnia.
1799 2134 2008 2204 Ubique

419 2221 562 2274 enim
585 2220 715 2275 dare
736 2231 790 2274 ct
816 2223 1060 2292 accipere
1081 2224 1340 2278 bonorum
1366 2213 1652 2280 multorum
1672 2227 1876 2281 initium
1898 2237 2002 2297 est,

421 2313 474 2366 in
520 2313 838 2379 seminibus,
873 2314 924 2368 in
955 2315 1254 2384 discipulis,
1288 2316 1342 2370 in
1383 2318 1610 2373 artibus.
1654 2318 1786 2373 Nam
1814 2319 1858 2372 si
1887 2320 2007 2389 quis

421 2403 654 2456 voluerit
695 2413 863 2458 artem
903 2420 1072 2476 penes
1114 2422 1175 2462 se
1219 2408 1472 2474 retinere,
1501 2418 1554 2463 et
1574 2423 1702 2464 sese
1743 2419 1799 2465 et
1839 2419 2004 2466 totum

420 2496 678 2550 mumlmn
722 2499 939 2552 evertit.
971 2499 1220 2570 Agricola
1262 2500 1308 2556 si
1339 2503 1546 2556 semina
1590 2503 1733 2558 domi
1780 2505 2004 2561 suffossa

421 2589 671 2655 retineat,
696 2604 912 2660 gravem
958 2591 1177 2648 inducet
1221 2594 1438 2649 famem.
1482 2595 1572 2652 Sic
1601 2605 1656 2652 et
1693 2597 1842 2652 dives
1878 2599 1922 2651 si
1951 2599 2003 2653 in

417 2683 661 2750 pecuniis
706 2683 811 2739 hoc
851 2683 1036 2750 faciat,
1066 2687 1304 2756 seipsum
1350 2689 1499 2758 prius
1543 2705 1702 2760 quam
1742 2705 2005 2760 pauperes

415 2774 627 2842 perdet,
657 2774 918 2844 gehennze
962 2776 1234 2831 flammam
1255 2779 1563 2849 graviorem
1592 2780 1752 2850 capiti
1780 2797 1879 2836 suo
1905 2798 2002 2852 ap-

419 2881 634 2934 parans.
666 2866 740 2921 Ut
781 2883 912 2938 ergo
954 2867 1222 2934 doctores,
1266 2871 1476 2926 etiamsi
1526 2872 1722 2926 multos
1767 2871 2004 2929 habeant

415 2955 731 3024 discipulos,
760 2958 984 3025 singulis
1009 2969 1177 3013 artem
1205 2974 1356 3014 suam
1386 2961 1698 3031 impertiunt
1729 2980 1742 3016 :
1773 2962 1842 3017 ita
1872 2975 1924 3018 et
1947 2975 2002 3019 tu

413 3047 616 3100 multos
643 3049 890 3116 acquiras
919 3049 1183 3105 beneﬁcio
1208 3050 1430 3133 affectos
1459 3070 1472 3106 :
1504 3063 1558 3107 et
1585 3053 1767 3109 dicant
1792 3070 2000 3121 omnes,

2115 379 2268 432 llunc
2315 378 2556 434 liberavit
2598 394 2627 431 a
2671 387 3008 448 paupertate,
3039 377 3187 432 illum
3219 391 3247 430 a
3276 375 3575 446 periculis;
3610 385 3699 442 et,

2114 470 2207 524 Ille
2235 471 2506 539 periisset,
2535 471 2638 524 nisi
2665 485 2785 524 eum
2808 469 2978 539 gratia
3007 469 3100 523 Dei
3129 467 3430 538 patrocinio
3457 478 3550 522 tuo
3574 483 3697 523 ere-

2113 570 2234 630 ptus
2261 564 2444 619 fuisset
2473 582 2486 616 :
2515 572 2570 617 et
2611 563 2755 633 quod
2785 566 2925 617 hunc
2953 577 2984 616 a
3014 561 3224 628 morbo,
3255 560 3418 615 alium
3462 575 3494 614 a
3539 575 3696 631 syco-

2113 655 2328 725 phantia
2355 656 2639 723 exemeris,
2679 657 2843 710 alium
2893 655 3156 724 hoSpitem
3205 655 3506 723 cxceperis,
3533 653 3698 707 alium

2114 747 2314 802 nudum
2343 748 2607 804 vestieris.
2642 747 2940 802 Innumeris
2982 745 3181 802 divitiis
3207 756 3261 800 et
3284 745 3556 800 thesauris
3581 760 3698 799 me-

2114 838 2246 894 liora
2291 850 2416 894 sunt
2457 838 2574 894 haec
2599 839 2801 904 verba;
2847 853 3144 908 omnesque
3181 837 3249 892 ad
3292 852 3354 892 se
3379 845 3698 891 convertunt

2090 934 2283 1003 magis
2326 947 2484 1002 quam
2533 933 2854 987 vestimenta
2911 945 3105 995 aurea,
3135 929 3259 999 equi
3310 939 3365 983 et
3408 929 3694 997 mancipia.

2114 1026 2240 1081 llaec
2267 1027 2410 1081 enim
2453 1023 2506 1080 id
2532 1024 2791 1089 efficiunt,
2821 1031 2881 1078 ut
2915 1022 3094 1093 gravis
3119 1029 3174 1077 et
3214 1021 3472 1075 molestus
3511 1020 3698 1075 videa-

2115 1128 2236 1184 tur;
2280 1128 2442 1188 atque
2483 1127 2542 1172 ut
2567 1117 2873 1172 communis
2924 1115 3096 1171 hosﬁs
3121 1115 3246 1170 odio
3274 1114 3537 1170 habeatur
3566 1115 3698 1169 :i'lla

2113 1225 2244 1265 vero
2293 1218 2354 1264 ut
2397 1218 2602 1279 patrem
2630 1223 2975 1264 communem
3000 1222 3062 1262 ac
3093 1206 3392 1262 beneficum
3429 1207 3698 1276 deprardi-

2112 1313 2267 1370 cant;
2291 1313 2346 1358 et
2375 1301 2518 1373 quod
2544 1301 2782 1358 omnium
2816 1303 3106 1355 maximum
3129 1308 3232 1366 est,
3253 1300 3345 1354 Dei
3372 1299 3700 1353 benevolen-

2116 1395 2184 1449 tia
2208 1405 2294 1449 tua
2318 1407 2532 1464 semper
2569 1401 2718 1464 gesta
2735 1402 3009 1462 sequetur.
3047 1392 3196 1445 Dicat
3217 1404 3346 1460 ergo
3363 1389 3476 1450 hic,
3499 1390 3697 1444 Filiam

2114 1500 2285 1539 meam
2299 1499 2418 1539 cum
2433 1485 2562 1539 dote
2572 1483 2776 1538 iocavit
2787 1497 2805 1548 ;
2816 1483 2977 1546 alius,
2995 1481 3188 1536 Filium
3203 1495 3377 1536 meum
3398 1481 3450 1535 in
3463 1481 3698 1535 virorum

2114 1591 2394 1631 numerum
2431 1574 2613 1630 efferri
2647 1574 2887 1638 curavit;
2917 1573 3076 1637 alius,
3115 1571 3482 1627 Calamitatem
3525 1587 3698 1626 meam

2110 1669 2301 1733 solvit;
2324 1668 2482 1734 alius,
2498 1666 2580 1722 Me
2597 1681 2626 1721 a
2648 1666 2900 1737 periculis
2919 1666 3132 1734 eripuit.
3151 1664 3276 1718 lla-.c
3291 1665 3508 1720 coronis
3523 1664 3699 1718 aureis

2113 1761 2334 1816 meliora
2351 1760 2511 1815 verba
2529 1769 2674 1825 sunt,
2697 1759 2846 1814 mille
2873 1757 3126 1812 nimirum
3151 1769 3426 1826 prmcones
3450 1755 3698 1824 benigni--

2113 1851 2236 1907 tatis
2261 1851 2492 1921 propria:
2526 1850 2580 1905 in
2620 1850 2839 1905 civitate
2863 1849 3069 1904 habere
3098 1865 3112 1900 :
3147 1848 3228 1902 hae
3267 1860 3463 1912 voces,
3505 1861 3701 1914 prace-

2109 1962 2237 2001 num
2255 1945 2342 2016 qui
2362 1953 2487 1999 ante
2503 1943 2868 2014 magistratum
2888 1942 3146 1997 incedunt
3165 1955 3297 1996 voce
3317 1941 3476 2010 longe
3492 1939 3703 1994 dulcio-

2105 2051 2199 2092 res
2227 2036 2607 2106 suavioresque
2622 2034 2962 2100 suut,vocari
2985 2047 3180 2102 nempe
3211 2042 3573 2098 servatorem,
3609 2031 3702 2086 be-

2111 2131 2362 2196 neficum,
2381 2138 2816 2200 patronum-,quze
2835 2137 2967 2184 sunt
2998 2129 3090 2182 Dei
3122 2129 3337 2182 nomina
3356 2144 3370 2181 :
3389 2140 3496 2182 non
3517 2137 3698 2182 artem

2109 2229 2719 2289 avarum,arrogantem,
2739 2219 3111 2284 insatiabilem,
3131 2234 3372 2289 parcum.
3389 2217 3699 2288 Ne,qua:so,

2111 2332 2178 2371 ne
2210 2315 2374 2370 ullam
2406 2313 2568 2367 talem
2593 2325 2782 2366 vocem
2814 2320 3150 2380 appetamus,
3179 2310 3272 2364 sed
3314 2310 3539 2364 omnino
3568 2325 3701 2365 con-

2113 2405 2324 2461 trarias.
2354 2403 2486 2458 Nam
2516 2403 2558 2457 si
2590 2402 2705 2456 hmc
2738 2402 2788 2454 in
2820 2403 2978 2456 terris
3002 2401 3230 2469 prolata.
3262 2402 3333 2454 ita
3357 2401 3701 2470 splendidum

2110 2507 2165 2554 et
2186 2498 2451 2552 illustrem
2475 2495 2744 2560 reddunt;
2771 2510 2894 2549 eum
2915 2510 2978 2548 ea
3001 2492 3420 2563 scriptafuerlut
3451 2495 3503 2548 in
3530 2496 3699 2559 caelis,

2108 2601 2166 2647 et
2211 2593 2263 2647 in
2306 2591 2396 2645 die
2439 2588 2620 2644 futuro
2663 2589 2802 2642 Deus
2847 2588 2932 2641 illa
2963 2587 3268 2656 protulerit,
3293 2587 3469 2657 cogita
3499 2599 3702 2657 quanta

2111 2683 2307 2738 frueris
2327 2682 2590 2747 claritate,
2623 2689 2824 2750 quanto
2844 2679 3164 2748 splendore:
3191 2695 3348 2750 quem
3382 2695 3481 2736 nos
3508 2695 3701 2736 omnes

2109 2775 2318 2845 assequi
2341 2771 2634 2843 contingat,
2662 2771 2832 2842 gratia
2855 2779 2909 2824 et
2933 2770 3262 2840 benignitate
3291 2771 3503 2826 Domini
3530 2773 3700 2827 nostri

2108 2869 2239 2925 Jesn
2266 2867 2486 2932 Christi,
2535 2868 2752 2939 quicum
2804 2864 2949 2919 Patri
2989 2879 3201 2934 unaque
3245 2865 3468 2934 Spiritui
3512 2876 3702 2920 saneto

2109 2960 2300 3030 gloria,
2327 2958 2634 3028 imperium,
2665 2956 2858 3021 honor,
2891 2970 3036 3010 nunc
3065 2964 3122 3011 et
3146 2971 3376 3026 semper,
3405 2967 3461 3012 et
3503 2959 3558 3012 in
3597 2975 3700 3014 sa:-

2108 3055 2229 3111 cnla
2259 3053 2604 3108 saeculorum.
2627 3051 2824 3104 Amen.

415 3164 2416 3191 ___.__.____________________~______

1829 3259 2178 3323 HOMILIA
2221 3260 2338 3320 Χι.

415 3389 544 3444 Car.
575 3389 628 3444 4.
659 3405 708 3442 v.
743 3391 795 3445 5.
827 3390 960 3446 ΗξΙιί
999 3402 1170 3448 autem
1215 3410 1309 3463 pro
1346 3395 1554 3449 miniata
1595 3405 1670 3450 est
1717 3407 1773 3451 ut
1801 3414 1834 3451 a
1865 3398 2003 3454 vobis

480 3481 705 3551 judicer,
734 3491 824 3536 aut
849 3483 911 3536 ab
937 3483 1158 3539 humano
1181 3485 1304 3549 die;
1332 3486 1421 3539 sed
1458 3503 1617 3558 neque
1647 3489 1889 3559 mei-psum
1905 3491 2003 3560 ju-

483 3573 680 3639 dico;h.
713 3572 867 3647 (nihil
909 3575 1042 3629 enim
1087 3577 1208 3630 mihi
1247 3579 1480 3632 conscius
1524 3594 1669 3644 sum;
1709 3581 1798 3634 sed
1823 3583 2005 3636 nonin

479 3665 573 3717 hoc
601 3664 914 3734 justi/lautus
937 3668 1100 3737 sum);
1137 3670 1220 3737 qui
1245 3677 1412 3722 autem
1443 3670 1647 3738 judico!
1672 3687 1772 3738 me,
1825 3670 2006 3725 Domi-

489 3772 586 3810 mss
611 3766 705 3810 est.

481 3851 535 3902 l.
567 3848 701 3901 Cum
737 3847 858 3902 aliis
897 3848 1056 3903 malis
1102 3850 1286 3905 nescio
1333 3851 1605 3921 quomodo
1632 3852 1881 3908 inductus
1921 3863 2005 3910 est

411 3943 464 3996 in
483 3939 759 3994 hominum
781 3953 1024 3995 naturam
1042 3943 1370 3997 curiositatis
1385 3954 1439 3998 et
1457 3945 1775 4014 importuna:
1792 3947 2004 4016 perqui-

410 4034 474 4086 sit
485 4034 568 4086 iou
579 4033 620 4086 is
635 4032 854 4086 morbus
871 4048 1056 4102 :quem
1070 4033 1231 4087 etiam
1249 4033 1491 4090 Christus
1502 4037 1784 4106 castigavit
1795 4037 2000 4092 dicens:

420 4125 597 4181 Nolite
604 4125 843 4196 judicare
861 4166 876 4191 ,
911 4135 966 4179 ut
992 4141 1092 4179 non
1102 4125 1406 4196 judicemini
1431 4125 1646 4198 (Matth.
1670 4129 1724 4182 7.
1753 4127 2001 4199 l).Quod

415 4231 561 4277 certe
584 4221 780 4275 nullam
809 4220 1137 4287 voluptatem
1161 4218 1344 4286 habet,
1372 4233 1422 4274 ut
1442 4220 1849 4277 habentcaatera
1877 4237 2004 4292 pec-

409 4324 548 4378 cata,
574 4313 666 4368 sed
685 4313 857 4368 solum
883 4327 1094 4382 penam
1115 4327 1180 4368 ac
1201 4313 1539 4382 supplicium.
1557 4313 1688 4368 Nam
1701 4329 1824 4369 cum
1849 4314 2004 4368 innu-

415 4405 580 4460 meris
599 4406 787 4473 repleti
819 4405 987 4459 simus
1007 4404 1184 4469 malis,
1205 4414 1260 4459 et
1279 4405 1458 4460 trabes
1479 4405 1712 4460 feramus
1735 4407 1784 4459 in
1808 4405 2000 4471 oculis,

407 4495 637 4564 proximi
678 4505 916 4564 peccata,
943 4497 1108 4550 etiam
1131 4510 1195 4550 ea
1222 4512 1343 4566 quae
1370 4511 1400 4550 a
1444 4496 1667 4552 festucis
1717 4497 1848 4552 nihil
1891 4496 1999 4551 dif-

411 4587 609 4648 ferunt,
638 4595 888 4640 accurate
915 4586 1287 4641 examinamus
1323 4601 1336 4638 :
1372 4586 1513 4640 sicut
1550 4588 1711 4640 etiam
1756 4587 2003 4642 Corinthi

416 4680 632 4734 accidit.
685 4680 841 4734 Viros
887 4694 1118 4749 namque
1173 4683 1290 4750 pios
1313 4689 1369 4734 et
1423 4679 1531 4735 Deo
1578 4694 1733 4736 caros
1779 4689 2000 4752 propter

423 4772 688 4826 inscitiam
729 4771 1081 4825 traducebant
1107 4781 1164 4825 et
1198 4771 1512 4839 ejiciebant,
1559 4772 1695 4827 alios
1734 4787 1882 4839 vero,
1913 4773 2002 4843 qui

420 4865 720 4919 innumeris
761 4872 920 4918 erant
951 4863 1096 4917 vitiis
1125 4864 1323 4931 onuSti,
1355 4867 1531 4935 magni
1562 4864 1832 4920 faciebant
1876 4880 2002 4934 pro-

414 4967 534 5025 pter
561 4957 946 5026 eloquentiam.
965 4955 1194 5021 Deinde,
1213 4964 1478 5026 tamquam
1495 4957 1700 5027 judices
1730 4957 2002 5024 sedentes,

415 5048 530 5102 haec
555 5050 863 5118 petulanter
907 5049 1356 5120 pronuntiabant:
1401 5049 1500 5106 Hic
1527 5051 1719 5122 dignus
1757 5061 1860 5119 est,
1903 5053 2003 5106 iste

414 5141 609 5196 melior
635 5141 727 5196 illo
765 5151 881 5208 est;
910 5151 963 5198 et
1006 5142 1092 5198 hic
1120 5143 1196 5198 illi
1247 5142 1491 5209 inferior,
1539 5153 1595 5198 et
1621 5144 1710 5198 ille
1752 5144 1856 5198 isto
1891 5158 2004 5198 me-

414 5235 540 5298 lior;
572 5243 626 5290 et
650 5249 744 5288 sua
773 5235 958 5305 lugere
993 5237 1133 5291 mala
1160 5251 1266 5291 non
1289 5247 1563 5300 curantes,
1594 5235 1823 5290 aliorum
1850 5235 1993 5305 judi-

414 5344 508 5384 ces
531 5338 713 5394 erant;
745 5328 974 5398 hincque
1015 5330 1196 5399 gravia
1223 5330 1361 5385 bella
1390 5330 1754 5384 concitabant.
1805 5329 2002 5383 Paulus

417 5435 548 5492 ergo
599 5419 742 5475 hunc
788 5421 1034 5475 morbum
1084 5420 1300 5485 tollens,
1350 5421 1470 5475 vide
1507 5435 1664 5490 quam
1710 5421 2001 5490 prudenter

417 5513 542 5568 illos
579 5513 835 5582 corrigat.
879 5511 1166 5581 Postquam
1206 5511 1351 5567 enim
1383 5511 1538 5575 dixit,
1582 5511 1682 5565 Hic
1713 5513 1827 5582 jam
1860 5527 2005 5582 qua:-

417 5614 548 5657 ritur
585 5603 720 5657 inter
749 5603 1121 5672 dispensatores
1161 5612 1214 5655 ut
1257 5601 1423 5670 ﬁdelis
1459 5602 1571 5671 quis
1615 5601 1918 5666 inueniatur,
1947 5609 2002 5654 et

421 5694 698 5750 videbatur
739 5693 846 5751 illis
884 5693 1086 5750 aditum
1125 5693 1255 5749 dare
1285 5694 1352 5748 ad
1394 5691 1739 5763 judicaudam
1782 5703 1836 5748 et
1862 5707 1998 5748 exa-

2111 3399 2416 3456 minandam
2466 3399 2726 3470 cujusque
2775 3400 2973 3465 vitam;
3035 3401 3136 3456 hoc
3190 3418 3320 3457 vero
3374 3404 3697 3459 seditionem

2104 3491 2438 3546 concitabat:
2466 3505 2532 3546 ne
2553 3489 2654 3545 hoc
2680 3490 2784 3546 illis
2812 3493 3101 3559 accideret,
3130 3494 3198 3548 ab
3222 3494 3322 3550 bac
3346 3495 3699 3552 altercatione

2109 3583 2230 3637 illos
2257 3583 2499 3647 abduxit,
2538 3583 2756 3640 dicens:
2795 3583 2929 3638 Mihi
2957 3596 3126 3640 autem
3168 3604 3263 3656 pro
3301 3588 3508 3641 minimo
3539 3600 3614 3642 est
3647 3599 3701 3642 ut

2107 3689 2140 3726 a
2157 3674 2291 3728 vobis
2304 3675 2539 3745 judicer;
2559 3691 2741 3731 rursus
2762 3691 3063 3732 sermonem
3088 3693 3370 3746 personam
3392 3692 3546 3734 suam
3569 3695 3700 3750 Spe-

2105 3776 2338 3822 ctantcm
2369 3767 2664 3837 proferens.
2708 3768 2845 3834 Quid
2885 3768 2984 3821 sibi
3011 3768 3121 3820 vult
3147 3779 3326 3824 autem
3358 3771 3510 3836 illud,
3564 3773 3701 3826 Mihi

2106 3868 2275 3911 autem
2300 3873 2392 3928 pro
2422 3859 2631 3912 minimo
2652 3867 2724 3911 est
2753 3869 2810 3911 ut
2836 3875 2868 3910 a
2896 3858 3032 3911 vobis
3050 3859 3274 3927 judicer,
3305 3872 3396 3915 aut
3425 3864 3488 3916 ab
3514 3863 3700 3916 huma-

2107 3964 2172 4001 no
2203 3949 2322 4002 die?
2368 3948 2645 4018 Indignum
2677 3963 2761 4002 me
2783 3947 2988 4017 judico,
3021 3949 3211 4018 inquit,
3239 3951 3331 4020 qui
3359 3967 3388 4004 a
3418 3954 3577 4008 vobis
3600 3956 3696 4024 ju-

2106 4037 2254 4092 dicer
2276 4055 2292 4104 ς
2319 4048 2374 4094 et
2399 4039 2525 4110 quid
2553 4039 2674 4095 dico
2701 4055 2729 4094 a
2756 4038 2944 4094 vobis?
2972 4039 3066 4094 sed
3094 4041 3254 4095 etiam
3282 4059 3310 4095 a
3349 4059 3699 4116 quocmnque

2105 4130 2302 4199 aliquo.
2355 4131 2461 4186 Sed
2515 4146 2674 4187 nemo
2712 4131 2935 4187 Paulum
2989 4134 3318 4202 arrogantiae
3365 4146 3600 4202 accttsct,
3650 4139 3696 4192 si

2106 4225 2308 4279 nullum
2354 4225 2627 4281 hominem
2671 4227 2890 4296 dignum
2934 4243 3055 4283 esse
3094 4228 3258 4294 dicat,
3288 4229 3377 4298 qui
3419 4239 3606 4284 contra
3636 4247 3696 4287 se

2105 4318 2366 4372 calculum
2390 4317 2544 4372 ferat.
2573 4318 2753 4372 Primo
2774 4319 2916 4372 enim
2947 4335 3052 4373 non
3081 4329 3302 4388 propter
3322 4335 3382 4375 se
3410 4320 3512 4376 hoc
3538 4322 3693 4386 dicit,

2105 4408 2198 4462 sed
2229 4417 2284 4461 ut
2309 4406 2442 4461 alios
2467 4407 2534 4460 ab
2563 4407 2772 4462 illorum
2801 4409 3046 4464 molestia
3084 4411 3305 4479 eripiat:
3345 4411 3540 4466 deinde
3584 4430 3694 4468 non

2105 4501 2171 4554 ad
2199 4499 2503 4555 Corinthios
2527 4508 2730 4553 tantum
2759 4515 2848 4555 res
2874 4512 3113 4571 spectat;
3142 4503 3234 4558 sed
3257 4504 3421 4558 etiam
3451 4504 3694 4574 seipsum

2103 4605 2136 4644 a
2163 4589 2254 4644 tali
2278 4587 2482 4656 judicio
2510 4589 2758 4656 removit,
2790 4591 2964 4661 majus
2990 4607 3085 4648 sua
3114 4602 3291 4648 mente
3309 4593 3498 4648 dicens
3524 4595 3594 4649 de
3619 4605 3701 4649 ta-

2107 4681 2244 4736 libus
2269 4680 2532 4736 calculum
2563 4680 2731 4736 ferre:
2758 4681 3201 4754 subjunxitergo,
3234 4682 3412 4755 Neque
3442 4686 3698 4753 meipsstm

2096 4773 2297 4844 judico.
2347 4771 2426 4827 Ad
2455 4773 2572 4828 haec
2597 4788 2726 4826 vero
2764 4787 2925 4829 causa
2953 4789 3166 4843 quoque
3193 4776 3558 4830 examinanda
3588 4787 3697 4842 est,

2105 4881 2209 4936 qua
2236 4875 2410 4920 motus
2435 4865 2549 4920 haec
2593 4866 2837 4921 diccbat:
2880 4867 3016 4921 solet
3050 4868 3192 4921 enim
3238 4881 3382 4936 saepe
3411 4869 3704 4936 magnifice

2106 4958 2270 5028 loqui,
2320 4973 2425 5013 non
2472 4973 2539 5015 ex
2575 4957 2713 5013 fastu
2758 4959 2841 5013 vel
2885 4958 3212 5026 arrogantia,
3260 4957 3354 5012 scd
3398 4975 3462 5011 ex
3489 4959 3703 5028 optima

2106 5049 2537 5118 dispensatione:
2582 5049 3013 5119 quandoquidem
3066 5065 3207 5105 nunc
3261 5066 3368 5104 non
3415 5051 3530 5118 ipse
3571 5066 3704 5108 sese

2105 5140 2368 5196 extollens
2394 5183 2409 5207 ,
2452 5140 2546 5196 sed
2588 5141 2724 5196 alios
2771 5140 3112 5210 deprimens,
3161 5141 3276 5196 hate
3321 5141 3592 5212 loquitur,
3640 5155 3706 5199 ut.

2105 5232 2415 5302 dignitatem
2461 5232 2660 5287 sanctis
2686 5231 2866 5286 addat.
2915 5232 3067 5300 Quod
3096 5234 3238 5288 enim
3266 5232 3555 5288 admodum
3591 5234 3704 5289 hu-

2105 5324 2246 5380 milis
2287 5333 2450 5387 esset,
2489 5321 2613 5376 audi
2658 5322 2784 5392 quid
2827 5324 2989 5388 dicat,
3033 5323 3370 5379 inimicorum
3418 5322 3518 5378 hac
3544 5325 3615 5380 de
3640 5342 3711 5382 re

2106 5416 2469 5469 testimonium
2493 5415 2546 5467 in
2567 5413 2797 5468 medium
2825 5416 3132 5470 adducens:
3162 5413 3443 5474 I’rwsemia
3465 5417 3710 5485 corporis

2103 5507 2309 5574 inﬁrma
2328 5516 2420 5574 est,
2451 5514 2499 5558 et
2537 5521 2700 5562 sermo
2741 5519 3056 5579 contemptus
3088 5508 3166 5580 (οὶ.
3199 5509 3314 5564 Cor.
3345 5509 3434 5564 10.
3469 5510 3598 5578 10);
3643 5522 3712 5565 et

2105 5614 2341 5663 rursum,
2399 5597 2687 5654 Novissime
2715 5613 2882 5654 autem
2912 5609 3156 5670 tanquam
3192 5601 3418 5656 abortivo
3449 5602 3588 5657 visus
3618 5613 3707 5656 est

2105 5702 2148 5745 ct
2179 5689 2300 5742 mihi
2335 5689 2410 5760 (ι.
2443 5687 2561 5744 Cor.
2593 5692 2678 5747 l5.
2713 5691 2786 5761 8).
2823 5694 3070 5746 Attamen
3101 5691 3319 5747 humilis
3341 5691 3459 5760 ille,
3484 5700 3709 5762 tempo-
