3954 6130
400 393 479 450 89‘
1496 381 1564 438 tu
1601 379 1816 437 EPIST.
1854 379 1871 433 I
1937 379 2029 434 so
2068 376 2225 436 con.
2267 377 2500 436 unum.
2543 377 2634 435 xl.
3601 381 3672 437 go

404 528 464 569 re
485 519 732 576 vocante,
758 508 877 565 vide
899 520 1008 578 quo
1043 503 1428 576 discipulorum
1473 499 1794 557 sententiam
1821 505 1975 552 extu-

407 607 550 669 lerit,
580 619 683 659 non
709 601 898 656 festum
938 599 1164 664 docens,
1205 596 1300 652 sed
1328 608 1490 649 sanos
1517 591 1708 648 indens
1732 588 1977 660 spiritus.

409 696 556 765 Ipsos
576 693 716 749 enim
741 691 1018 761 alloquens
1041 687 1283 743 dicebat:
1315 685 1381 740 Et
1404 689 1450 740 si
1473 685 1528 738 in
1552 682 1691 738 vobis
1710 681 1980 751 judicatur

407 785 642 848 mundus,
686 782 884 854 indigni
925 781 1044 837 estis
1072 779 1295 834 minimis
1322 777 1526 844 iudiciis
1557 777 1636 844 (l.
1667 773 1789 830 Cor.
1814 772 1868 828 6.
1896 771 1974 841 2).

407 878 474 936 Ut
509 877 649 934 enim
697 875 1056 932 Christianum
1103 881 1320 944 oportet
1364 871 1522 939 longe
1571 868 1639 923 a-b
1676 865 1979 936 arrogantia

402 983 536 1033 esse,
568 970 638 1022 ita
664 967 807 1022 etab
832 965 1137 1020 adulatione
1164 972 1220 1018 et
1262 962 1329 1017 ab
1359 958 1606 1016 illiberali
1638 971 1822 1013 sensu.
1869 954 1978 1011 Ne-

399 1075 502 1126 que
542 1059 688 1114 enim
732 1059 776 1112 si
827 1057 1090 1126 quispiam
1134 1055 1349 1118 dixerit,
1402 1052 1662 1108 Pecunias
1704 1048 1834 1104 nihil
1860 1061 1981 1103 esse

394 1160 548 1222 puto,
574 1149 669 1205 sed
694 1147 979 1219 praesentia
1006 1146 1184 1200 omnia
1229 1144 1357 1200 mihi
1386 1142 1574 1197 umbra
1603 1150 1660 1198 et
1705 1141 1978 1196 somnium

397 1251 523 1298 sunt
546 1257 612 1298 ac
652 1255 939 1313 puerorum
967 1239 1225 1304 ludibria;
1273 1235 1592 1307 arrogantiae
1619 1233 1794 1305 ipsum
1821 1246 1981 1287 accu-

398 1338 636 1394 sabimus
666 1335 831 1390 :Nam
859 1335 938 1388 sic
976 1333 1318 1388 Salomonem
1345 1330 1507 1385 etiam
1535 1325 1860 1398 arrogantiae
1887 1338 1983 1380 aco

400 1429 707 1486 cusabimus
744 1441 866 1481 cum
894 1425 1067 1481 dehis
1091 1423 1254 1478 rebus
1286 1419 1773 1492 philosophatur'et
1814 1416 1982 1472 dicit:

416 1521 623 1575 Vanitas
666 1519 966 1583 sanitatum,
1010 1525 1067 1570 et
1102 1516 1272 1572 omnia
1297 1514 1495 1569 uanitas
1542 1510 1766 1586 (Eccles.
1798 1510 1852 1566 ι.
1889 1509 1974 1579 2).

404 1614 510 1670 Sed
537 1613 672 1668 absit
698 1620 758 1666 ut
782 1609 1094 1680 arrogantiae
1117 1605 1336 1662 nomine
1363 1603 1762 1676 philosophiam
1792 1600 1982 1672 appel-

404 1705 602 1761 lemus.
651 1701 769 1758 Non
795 1710 878 1756 est
905 1712 1034 1770 ergo
1067 1698 1370 1769 arrogantia
1413 1696 1532 1751 hate
1555 1695 1856 1765 despicere,
1884 1690 1981 1748 sed

403 1796 570 1850 animi
599 1791 934 1864 magnitude,
981 1791 1105 1846 licet
1135 1789 1412 1845 videamus
1439 1802 1594 1858 reges
1623 1796 1678 1843 et
1717 1784 1982 1857 principes

399 1888 491 1943 illa
521 1886 629 1941 sibi
655 1885 944 1939 vindicare.
975 1882 1168 1940 Verum
1191 1896 1393 1951 pauper
1427 1881 1517 1952 qui
1556 1879 1977 1951 philosophatur,

397 1979 489 2035 ille
514 1992 661 2048 saepe
701 1975 962 2046 despicit:
1018 1989 1196 2045 neque
1242 1973 1366 2028 ideo
1417 1973 1567 2027 illum
1616 1983 1979 2044 arrogantem,

394 2071 490 2128 sed
518 2071 914 2142 magnanimum
943 2067 1184 2123 dicemus
1227 2083 1242 2123 :
1290 2066 1427 2121 sicut
1457 2081 1557 2122 nec
1577 2080 1724 2130 eum,
1745 2065 1835 2136 qui
1866 2063 1983 2121 haec

394 2175 722 2232 magnopere
757 2159 858 2214 sibi
885 2158 1136 2224 vindicat,
1171 2157 1423 2212 humilem
1451 2166 1506 2212 et
1532 2156 1854 2222 modestum,
1884 2156 1980 2211 sed

395 2252 689 2317 inﬁrmum,
719 2249 895 2322 pusilli
923 2249 1088 2305 animi
1137 2258 1194 2304 et
1235 2247 1553 2304 illiberalem
1589 2247 1854 2303 dicemus.
1888 2247 1982 2302 Et-

393 2344 542 2404 enim
570 2343 616 2398 si
646 2344 766 2413 quis
794 2341 936 2398 lllius
977 2356 1041 2398 ea
1066 2356 1187 2412 qua:
1233 2339 1300 2396 ad
1329 2349 1535 2410 patrem
1584 2339 1854 2408 pertinent
1888 2337 1983 2394 de-

391 2437 646 2507 spiceret,
663 2435 874 2491 servilia
904 2444 1084 2490 autem
1131 2433 1504 2497 admiraretur,
1555 2445 1662 2485 non
1689 2430 1840 2500 quasi
1879 2430 1979 2485 lm-

391 2529 579 2584 milem
645 2527 796 2582 illum
857 2525 1219 2591 laudaremus,
1281 2523 1377 2580 sed
1429 2532 1498 2578 ut
1555 2521 1870 2579 illiberalem
1925 2530 1982 2579 et

391 2623 657 2680 servilem
698 2623 1156 2692 vituperaremus;
1199 2619 1477 2689 ipsumque
1501 2631 1628 2672 vero
1665 2617 1981 2672 miraremur

391 2716 440 2770 si
492 2714 582 2768 illa
621 2712 936 2782 despiceret,
977 2720 1033 2767 et
1070 2719 1302 2782 paterna
1321 2711 1510 2781 magni
1556 2710 1776 2766 laceret.
1815 2711 1980 2764 Arro-

389 2807 594 2879 gantize
622 2807 764 2861 enim
793 2814 895 2870 est,
927 2819 986 2861 se
1012 2804 1292 2860 conservis
1336 2803 1614 2858 meliorem
1639 2817 1762 2858 esse
1791 2801 1979 2857 existi-

389 2914 582 2962 mare;
614 2896 708 2953 sed
733 2912 851 2954 eam
882 2912 1001 2967 qua:
1028 2911 1163 2952 vere
1183 2904 1265 2952 est
1303 2894 1372 2950 de
1400 2894 1561 2949 rebus
1590 2894 1731 2950 ferre
1757 2901 1978 2949 senten-

389 2995 544 3060 tiam,
583 3006 692 3047 non
731 2991 1056 3060 arrogantiae
1099 2999 1204 3055 est,
1235 2989 1330 3046 sed
1368 2988 1742 3060 philosophiae.

458 3085 518 3140 2.
551 3085 678 3142 ldeo
708 3084 909 3140 Paulus
953 3098 1064 3138 non
1116 3098 1177 3139 se
1203 3081 1600 3148 extollens,sed
1639 3082 1776 3137 alios
1804 3081 1982 3138 humi-

389 3177 549 3243 lians,
577 3185 636 3232 et
657 3190 779 3232 sese
804 3174 1094 3231 eilerentes
1131 3174 1438 3244 deprimens
1467 3182 1521 3230 et
1559 3173 1834 3230 modestos
1858 3187 1979 3229 esse

389 3266 647 3330 suadens,
677 3265 924 3321 dicebat:
975 3264 1110 3319 Mihi
1160 3274 1327 3320 autem
1379 3280 1472 3335 pro
1516 3264 1724 3318 minimo
1760 3276 1833 3318 est
1873 3273 1980 3320 uta

389 3357 775 3426 eobisjudicer,
819 3367 909 3412 aut
940 3357 1003 3411 ab
1043 3356 1269 3412 humano
1316 3356 1418 3412 die.
1478 3356 1665 3412 Viden‘
1711 3354 1980 3428 quomodo

394 3451 524 3506 illos
561 3452 869 3506 curaverit?
907 3451 1038 3507 Nam
1069 3452 1159 3522 qui
1193 3451 1420 3507 audierit
1446 3451 1588 3522 quod
1617 3466 1804 3506 omnes
1831 3450 1980 3506 simi-

393 3543 527 3598 liter
553 3541 840 3610 despiciat,
869 3551 922 3597 et
946 3558 977 3598 a
1006 3543 1156 3598 nullo
1174 3542 1403 3613 judicari
1431 3541 1698 3612 dignetur,
1739 3557 1844 3597 non
1871 3541 1975 3597 uti-

390 3650 504 3705 que
532 3634 735 3690 dolebit
762 3635 910 3705 quasi
938 3635 1049 3705 ipse
1071 3636 1218 3691 solus
1247 3635 1471 3706 ejectus.
1503 3633 1636 3688 Nam
1662 3636 1706 3689 si
1733 3635 1978 3700 dixisset,

388 3727 435 3780 A
457 3726 612 3782 vobis
631 3736 857 3790 tantum,
877 3736 932 3782 et
953 3728 1209 3794 siluisset,
1223 3727 1326 3783 hoc
1342 3725 1464 3782 illos
1481 3725 1730 3782 mordere
1751 3735 1978 3796 poterat,

389 3818 549 3889 quasi
577 3817 815 3888 despecti
847 3818 1070 3875 fuissent
1095 3837 1109 3875 :
1138 3835 1280 3876 nunc
1304 3829 1481 3874 autem
1513 3833 1634 3873 cum
1661 3817 1840 3885 addit,
1872 3816 1982 3872 Nec

390 3911 455 3964 ab
487 3912 710 3964 humano
737 3911 840 3978 die,
890 3911 1061 3982 plagae
1088 3910 1535 3968 medicamentum
1577 3911 1836 3978 adhibuit,
1858 3925 1980 3966 cum

391 4002 530 4072 ipsis
559 4002 679 4057 talis
713 4011 1055 4073 contemptus
1093 4004 1270 4059 socios
1302 4003 1614 4076 assignavit.
1646 4003 1751 4060 Sed
1778 4010 1835 4059 et
1868 4002 1984 4072 ipse

392 4111 614 4166 quoque
635 4096 760 4150 huic
777 4096 854 4151 rei
873 4111 1062 4151 rursus
1087 4096 1351 4163 medetur,
1376 4097 1632 4167 adjiciens
1654 4114 1675 4150 τ
1693 4095 1798 4151 Sed
1826 4111 1984 4167 neque

393 4187 653 4255 meipsum
669 4188 868 4258 judico.
894 4187 1028 4242 Vide
1047 4187 1316 4258 quomodo
1336 4188 1534 4242 dictum
1558 4187 1683 4242 illud
1714 4202 1817 4240 non
1840 4201 1984 4242 arro-

394 4277 637 4348 gantiam
658 4278 859 4348 sapiat:
882 4280 1214 4350 nequeenim
1241 4295 1302 4334 se
1335 4279 1466 4334 satis
1482 4292 1601 4333 esse
1629 4278 1757 4332 dicit
1787 4278 1851 4332 ad
1880 4276 1986 4334 hoc

396 4383 650 4428 accurate
681 4374 1068 4443 prmstandum.
1100 4373 1303 4430 Deinde
1332 4373 1454 4444 quia
1500 4373 1606 4426 hoc
1640 4371 1838 4426 dictum
1866 4384 1987 4428 sese

396 4465 690 4522 admodum
701 4467 1012 4522 extollentis
1024 4466 1304 4522 videbatur
1313 4481 1455 4532 esse,
1470 4463 1764 4520 id'correxit
1779 4463 1984 4519 dicens:

399 4558 517 4613 Sed
549 4575 650 4613 non
680 4559 733 4612 in
761 4560 856 4613 hoc
875 4559 1193 4629 justi/Status
1237 4575 1369 4613 sum.
1400 4556 1537 4623 Quid
1579 4555 1778 4626 igitur?
1806 4569 1983 4609 annon

395 4657 676 4719 oporteret
690 4663 750 4705 se
765 4659 818 4706 et
832 4658 1048 4720 peccata
1061 4649 1304 4720 judicare
1320 4649 1343 4702 ?
1359 4648 1586 4704 Maxime
1598 4647 1811 4719 quidem
1828 4661 1990 4716 opor-

398 4750 475 4794 tet
493 4742 594 4796 hoc
611 4742 785 4797 facere
804 4758 926 4797 cum
940 4757 1244 4813 peccamus;
1265 4741 1358 4797 sed
1372 4741 1564 4796 Paulus
1581 4741 1682 4796 hoc
1698 4756 1802 4794 non
1819 4738 1985 4794 dixit:

395 4833 555 4886 Nihil
571 4835 702 4887 enim
723 4835 847 4888 mihi
866 4835 1099 4888 conscius
1141 4850 1274 4899 sum,
1319 4834 1509 4904 inquit.
1539 4833 1816 4902 Quodnam
1858 4846 1990 4902 ergo

394 4935 680 4996 peccatum
711 4927 1048 4995 judicaturus
1075 4936 1211 4996 erat,
1243 4942 1362 4984 cum
1415 4927 1546 4982 nihil
1596 4928 1696 4982 sibi
1743 4925 1988 4982 conscius

394 5017 582 5073 esset?
605 5017 699 5072 Ille
720 5034 848 5073 vero
865 5034 973 5075 non
991 5019 1122 5075 dicit
1140 5035 1198 5075 se
1219 5033 1341 5075 esse
1354 5018 1720 5088 jusulieatum.
1739 5018 1838 5086 Qui
1861 5033 1989 5088 ergo

392 5109 787 5164 conscientiam
811 5108 1076 5165 habemus
1099 5110 1244 5166 mille
1286 5109 1598 5164 vulneribus
1635 5110 1865 5163 sauciam
1887 5151 1903 5175 ,
1934 5118 1990 5164 et

393 5198 599 5253 nullius
616 5198 747 5253 boni
776 5199 932 5254 nobis
963 5201 1163 5256 conscii
1187 5215 1374 5256 sumus
1394 5241 1408 5265 ,
1441 5199 1535 5254 sed
1572 5207 1740 5253 totum
1769 5209 1986 5253 contra-

399 5292 542 5346 rium
573 5329 590 5357 ,
617 5291 743 5360 quid
771 5290 1104 5346 dixerimus?
1143 5302 1199 5348 et
1228 5289 1497 5364 quomodo
1540 5289 1632 5344 ille
1658 5290 1852 5344 nullius
1884 5289 1986 5346 sibi

391 5382 650 5438 conscius
676 5382 819 5450 mali,
844 5398 952 5437 non
969 5382 1293 5454 justilicatus
1317 5383 1470 5439 erat?
1491 5381 1624 5450 Quia
1650 5382 1990 5452 contingebat

393 5473 550 5529 illum
563 5474 742 5544 aliqua
758 5475 1046 5530 admittere
1071 5483 1309 5545 peccata,
1335 5491 1453 5545 qua:
1474 5475 1588 5545 ipse
1608 5475 1839 5530 nesciret
1867 5489 1988 5529 esse

393 5574 639 5634 peccata.
667 5564 803 5620 Hinc
840 5565 1018 5636 cogita
1048 5578 1212 5634 quam
1256 5564 1367 5619 erit
1398 5573 1705 5619 accuratum
1753 5563 1987 5618 futurum

389 5658 674 5728 judicium.
696 5657 813 5714 Non
831 5672 986 5728 ergo,
1006 5655 1150 5727 quod
1172 5657 1315 5710 omni
1329 5655 1742 5726 reprehensione
1764 5670 1987 5710 vacuum

398 5765 458 5806 sc
475 5759 705 5819 putaret,
722 5765 781 5808 se
798 5750 1079 5821 indignum
1097 5763 1217 5803 esse
1234 5747 1380 5814 dicit,
1394 5747 1560 5818 qui'ab
1583 5747 1984 5817 illisjudicetur,

403 5842 502 5898 sed
525 5844 764 5914 reprimit
789 5858 888 5902 eos
915 5842 1010 5915 qui
1038 5839 1429 5898 inconsiderato
1454 5839 1556 5896 hoc
1585 5839 1840 5895 lacerent.
1870 5839 1981 5896 Ali-

2094 496 2145 552 bi
2163 495 2328 562 enim,
2344 497 2550 552 etiamsi
2572 503 2786 568 peccata
2806 510 2910 553 non
2929 496 3206 553 manifesta
3227 506 3434 564 essent,
3450 498 3566 556 aliis
3585 499 3671 567 ju-

2085 588 2283 644 dicium
2296 589 2440 645 ferrc
2456 591 2719 659 permisit,
2738 593 2987 662 quoniam
3001 592 3102 647 hoc
3119 591 3419 662 postulabat
3436 601 3668 661 tempus.

2158 681 2237 736 De
2263 683 2382 736 aliis
2411 699 2513 737 non
2546 684 2890 754 judicnudum
2917 695 3011 740 est.
3045 715 3117 727 -
3163 685 3298 752 Quid
3339 686 3482 740 enim
3505 727 3522 752 ,
3554 686 3624 739 ait
3650 726 3664 747 ,

2078 773 2287 845 judicas
2315 774 2526 841 fratrem
2562 784 2706 829 tuum
2728 778 2754 831 2
2795 785 2843 830 et
2879 786 2934 830 tu
2979 794 3072 831 cur
3101 777 3312 846 fratrem
3355 787 3492 831 tuum
3523 777 3672 831 nihili

2087 866 2215 934 facis
2245 864 2419 936 (Rom.
2445 867 2534 922 M.
2578 868 2712 937 10)?
2760 867 2876 923 Non
2921 869 3064 924 enim
3096 868 3200 924 hoc
3238 869 3332 925 tibi
3361 867 3666 923 mandatum

2085 967 2200 1024 est,
2229 973 2262 1014 ο
2289 957 2452 1013 homo
2470 1000 2494 1026 ,.
2514 969 2572 1015 ut
2613 961 2748 1015 alios
2766 961 2976 1031 judices
3002 1004 3017 1027 ,
3046 961 3140 1017 sed
3168 969 3226 1017 ut
3255 971 3340 1016 tua
3371 965 3665 1016 examines.

2086 1049 2194 1105 Cur
2219 1065 2318 1121 ego
2347 1051 2555 1108 Domini
2597 1064 2776 1123 partes
2804 1055 3038 1124 arripis?
3082 1055 3225 1110 illius
3268 1065 3350 1110 est
3384 1053 3626 1124 judicare
3650 1095 3665 1116 ,

2088 1157 2193 1196 non
2238 1151 2407 1197 tuum.
2452 1144 2628 1211 Quare
2675 1145 2949 1216 subjungit
2991 1163 3005 1200 :
3047 1146 3100 1202 5.
3138 1145 3320 1215 Itaque
3355 1147 3511 1201 nolite
3551 1159 3668 1201 ante

2087 1243 2288 1305 tempus
2325 1235 2567 1306 judicare
2593 1276 2610 1304 ,
2641 1239 2972 1309 quoadusque
3001 1242 3164 1292 veniat
3194 1237 3444 1293 Dominus
3464 1281 3478 1304 ,
3509 1240 3596 1308 qui
3621 1250 3668 1292 et

2086 1325 2395 1381 iuuminabit
2413 1326 2710 1383 abscondita
2736 1330 3088 1395 tenebrarum,
3117 1339 3164 1383 et
3192 1329 3533 1400 manifestabit
3555 1346 3667 1382 con-

2087 1419 2205 1474 silia
2231 1421 2458 1475 sordium
2481 1437 2501 1475 :
2531 1430 2578 1475 et
2608 1431 2726 1476 tunc
2757 1423 2870 1477 laus
2896 1423 2989 1477 erit
3017 1424 3285 1494 unicuique
3313 1440 3344 1476 a
3371 1421 3498 1478 Deo.
3529 1422 3666 1491 Quid

2087 1526 2235 1582 ergo,
2267 1527 2374 1568 non
2404 1521 2617 1583 oportet
2644 1515 2893 1572 doctores
2921 1515 3024 1572 hoc
3053 1516 3270 1572 facere?
3298 1516 3520 1586 Oportet
3545 1519 3666 1588 qui.

2086 1603 2208 1660 dem
2246 1605 2298 1659 in
2330 1606 2564 1676 peccatis
2594 1607 2928 1675 manifestis,
2959 1623 3084 1679 qua:
3127 1608 3181 1664 in
3210 1608 3462 1666 confesso
3499 1621 3624 1664 sunt
3651 1650 3666 1675 ,

2088 1696 2249 1767 idque
2297 1701 2611 1769 congruenti
2670 1711 2942 1771 tempore;
2995 1717 3116 1757 cum
3169 1711 3296 1758 tunc
3349 1703 3562 1759 doleant
3614 1713 3676 1758 et

2088 1789 2455 1847 mordeantur.
2505 1792 2624 1848 Non
2668 1802 2724 1848 ut
2764 1803 2890 1850 tunc
2936 1794 3012 1850 illi
3065 1795 3361 1864 faciebant,
3405 1813 3472 1853 ex
3524 1800 3670 1853 inani

2086 1881 2254 1952 gloria
2281 1890 2337 1938 et
2377 1885 2700 1954 arrogantia.
2735 1884 2830 1940 llic
2857 1886 3002 1940 enim
3042 1902 3150 1942 non
3195 1888 3262 1943 de
3290 1890 3524 1958 peccatis
3563 1891 3668 1947 illis

2087 1973 2324 2045 loquitur
2346 2015 2362 2040 ,
2392 1991 2511 2045 quae
2538 1974 2591 2029 in
2617 1975 2868 2032 confesso
2895 1987 3083 2045 erant,
3115 1978 3210 2034 sed
3252 1979 3394 2050 quod
3419 1981 3566 2035 illum
3593 1983 3668 2034 al-

2089 2066 2188 2122 teri
2231 2065 2652 2136 prtel'errent,et
2695 2067 2867 2122 vitam
2891 2067 3103 2123 illorum
3153 2082 3544 2139 compararent.
3595 2072 3670 2128 Do

2087 2159 2172 2214 his
2200 2161 2342 2216 enim
2374 2159 2463 2215 ille
2491 2159 2645 2215 solus
2687 2170 2937 2217 accurate
2978 2161 3222 2232 judicare
3250 2165 3426 2229 norit,
3457 2164 3546 2234 qui
3574 2181 3669 2220 oc-

2085 2251 2228 2306 culta
2254 2260 2437 2306 nostra
2456 2250 2791 2322 judicaturus
2811 2260 2930 2318 est;
2953 2267 3196 2322 quaenam
3225 2254 3429 2309 scilicet
3455 2255 3666 2326 majori,

2084 2359 2330 2417 qtmnsm
2358 2345 2552 2400 minori
2581 2345 2670 2401 vel
2695 2347 2960 2416 supplicio
2990 2347 3073 2401 vel
3101 2346 3305 2402 honore
3333 2347 3494 2418 digna
3517 2351 3626 2403 sint
3650 2368 3664 2404 :

2086 2455 2184 2494 nos
2205 2455 2335 2495 vero
2356 2439 2651 2495 secundum
2679 2440 2734 2495 id
2765 2440 2906 2508 quod
2937 2449 3160 2510 apparet
3189 2439 3304 2495 haec
3336 2439 3577 2497 iacimus.
3610 2443 3664 2498 Si

2083 2532 2225 2586 enim
2248 2572 2264 2599 ,
2296 2533 2500 2603 inquit,
2524 2534 2577 2588 in
2598 2534 2793 2604 quibus
2817 2534 2936 2604 ipse
2965 2535 3214 2604 peccavi,
3243 2533 3372 2588 nihil
3402 2534 3547 2589 clare
3573 2551 3668 2588 no-

2085 2625 2156 2693 vi,
2181 2626 2453 2696 quomodo
2475 2625 2667 2696 dignus
2695 2626 2885 2681 luerim
2909 2626 2997 2698 qui
3019 2626 3088 2682 de
3108 2627 3227 2682 aliis
3254 2627 3421 2682 ieram
3447 2637 3667 2682 senten-

2085 2717 2262 2772 tiam?
2301 2717 2572 2787 quomodo
2597 2717 2687 2786 qui
2724 2732 2842 2771 mea
2873 2732 2978 2772 non
3017 2725 3266 2772 accurate
3310 2718 3462 2783 novi,
3493 2717 3666 2771 aliena

2084 2817 2275 2881 potero
2289 2807 2569 2879 judicare?
2593 2809 2650 2866 Si
2671 2823 2800 2864 vero
2826 2807 3023 2863 Paulus
3053 2807 3156 2863 hoc
3180 2807 3325 2873 fecit,
3359 2809 3525 2862 multo
3551 2825 3667 2860 nia-

2081 2900 2163 2972 gis
2194 2915 2312 2956 nos.
2349 2899 2475 2956 Haec
2513 2901 2656 2957 enim
2698 2900 2942 2966 dicebat,
2975 2915 3080 2954 non
3112 2908 3171 2954 ut
3215 2914 3274 2954 se
3304 2899 3435 2953 nulli
3481 2914 3664 2967 reprc-

2083 2995 2331 3052 hcnsioni
2373 2995 2661 3052 obnoxium
2703 2993 3051 3059 ostenderet,
3099 2991 3194 3049 sed
3227 3000 3283 3047 ut
3321 2992 3664 3055 declararet,

2081 3088 2291 3144 etiamsi
2315 3089 2436 3159 quis
2456 3087 2597 3158 apud
2625 3087 2745 3143 illos
2769 3094 2914 3144 esset
2942 3085 3031 3157 qui
3061 3100 3164 3140 non
3186 3084 3535 3156 peccavisset,
3560 3099 3665 3137 ηιιιι

2081 3182 2302 3253 dignum
2349 3192 2528 3237 tamen
2572 3195 2692 3238 esse
2735 3180 2826 3251 qui
2887 3179 2954 3236 de
3000 3179 3227 3234 alierum
3274 3178 3379 3234 vita
3416 3176 3666 3247 judieet;

2083 3284 2136 3330 ct
2164 3274 2308 3345 quod
2347 3275 2392 3330 si
2434 3275 2478 3328 is
2499 3316 2514 3340 ,
2545 3273 2637 3343 qui
2668 3273 2866 3327 nullius
2891 3271 3014 3325 mali
3045 3272 3146 3326 sibi
3186 3272 3433 3325 conscius
3461 3279 3576 3333 est,
3609 3285 3668 3322 se

2082 3365 2379 3421 obnoxium
2407 3379 2528 3420 esse
2555 3363 2706 3426 dicit,
2736 3363 2907 3417 multo
2926 3362 3096 3432 magis
3119 3362 3192 3416 illi
3219 3371 3414 3426 erunt,
3443 3361 3532 3429 qui
3557 3361 3668 3413 mil-

2083 3458 2132 3512 le
2181 3465 2527 3529 peccatorum
2573 3456 2674 3510 sibi
2719 3455 2919 3509 conscii
2963 3463 3106 3509 sunt.
3152 3451 3284 3508 Cum
3313 3453 3394 3508 sic
3433 3466 3560 3521 ergo
3606 3465 3667 3506 os

2084 3548 2447 3604 obstruxisset
2488 3562 2674 3602 eorum
2701 3585 2717 3611 ,
2761 3547 2851 3615 qui
2896 3545 3022 3600 talia
3061 3543 3259 3613 judicia
3304 3544 3532 3608 ferrent,
3574 3543 3668 3597 de-

2085 3653 2232 3692 mum
2275 3639 2626 3709 parturientis
2655 3651 2804 3692 more
2826 3636 2984 3706 gestit
3023 3635 3324 3703 irrumpere
3353 3636 3406 3689 in
3432 3633 3668 3689 fornica-

2089 3740 2261 3785 torem
2294 3748 2307 3785 :
2341 3737 2397 3784 et
2443 3728 2582 3784 sicut
2624 3729 2903 3799 ingruente
2949 3734 3300 3798 tempestate,
3330 3735 3672 3798 praicurrunt

2087 3820 2519 3891 nubesqnmdam
2540 3828 2705 3885 atrae;
2733 3818 2928 3875 deinde
2955 3827 3076 3890 post
3094 3818 3382 3874 tonitruum
3406 3817 3669 3889 fragorem

2086 3923 2141 3970 et
2174 3923 2456 3985 postquam
2492 3913 2679 3968 caelum
2709 3927 2814 3967 una
2846 3914 3015 3967 nubes
3043 3911 3239 3966 factum
3281 3920 3401 3977 est,
3450 3920 3576 3965 tunc
3615 3910 3668 3964 in

2088 4015 2290 4062 terram
2336 4004 2616 4061 confertim
2661 4004 2895 4074 erumpit
2943 4002 3157 4073 pluvia;
3189 4002 3380 4057 eodem
3417 4001 3578 4056 modo
3615 4010 3671 4057 et

2088 4109 2216 4158 tunc
2241 4099 2453 4155 accidit.
2486 4097 2618 4153 Nam
2647 4112 2766 4153 cum
2792 4103 2977 4165 posset
2999 4111 3120 4150 cum
3151 4094 3512 4164 indignatione
3535 4092 3671 4146 mul—

2090 4203 2142 4249 ta
2171 4208 2332 4264 agere
2357 4192 2409 4247 in
2443 4191 2816 4246 loroieatorem
2841 4231 2856 4257 ,
2883 4203 2990 4243 non
3019 4188 3089 4242 ita
3119 4189 3229 4257 agit
3252 4203 3276 4250 ;
3300 4187 3393 4242 sed
3425 4187 3667 4252 nummis-

2090 4287 2164 4340 sis
2193 4283 2519 4339 terribilibus
2538 4281 2716 4336 verbis
2731 4281 2849 4350 ejus
2867 4288 3130 4333 tumorem
3148 4277 3404 4344 reprimit.
3424 4274 3674 4341 Quando-

2090 4374 2308 4444 quidem
2338 4372 2534 4440 duplex
2575 4369 2760 4425 aderat
2791 4377 3066 4438 peccatum
3085 4405 3102 4429 ,
3132 4365 3418 4418 fornicatio
3441 4382 3628 4434 nempe
3651 4409 3668 4432 ,

2091 4477 2146 4522 et
2169 4465 2522 4520 fornicatione
2552 4462 2703 4533 pejus
2731 4460 2898 4526 aliud,
2921 4458 3062 4530 quod
3084 4456 3287 4512 scilicet
3315 4457 3447 4510 tanti
3471 4460 3671 4526 peccati

2093 4573 2201 4613 non
2233 4557 2518 4628 pmniteret
2556 4555 2751 4625 ipsum.
2797 4552 2912 4608 Non
2940 4551 3083 4606 enim
3130 4550 3201 4604 ita
3230 4558 3562 4619 peccatorem
3591 4547 3674 4601 lu-

2090 4660 2217 4722 get,
2249 4659 2307 4705 ut
2332 4658 2668 4720 peccatorem
2698 4661 2806 4701 non
2851 4644 3196 4714 poenitentem
3227 4659 3240 4695 :
3271 4641 3486 4712 Lugebo
3529 4641 3672 4696 enim

2094 4743 2292 4798 multos
2315 4782 2336 4813 ,_
2362 4740 2570 4810 inquit,
2600 4753 2706 4793 non
2737 4751 2926 4793 eorum
2955 4744 3157 4790 tantum
3185 4734 3275 4804 qui
3306 4735 3452 4804 prius
3480 4747 3674 4802 pecca-

2093 4845 2219 4889 runt
2244 4875 2261 4901 ,
2292 4831 2386 4888 sed
2416 4845 2602 4887 eorum
2638 4830 2726 4900 qui
2754 4827 3120 4899 paenitentiam
3164 4841 3271 4880 non
3315 4833 3540 4896 egerunt
3561 4865 3576 4888 ,
3606 4823 3674 4878 de

2093 4923 2422 4996 impudicitia
2449 4932 2503 4978 et
2543 4921 2612 4977 de
2651 4920 2986 4976 immunditia
3025 4933 3182 4989 quam
3212 4916 3541 4971 admiserunt
3568 4916 3586 4984 (
3614 4913 3668 4967 2.

2091 5016 2212 5073 Cor.
2247 5014 2500 5086 12.21).
2549 5013 2680 5068 Nam
2731 5013 2821 5082 qui
2868 5020 2991 5082 post
3036 5017 3312 5079 peccatum
3361 5008 3673 5077 paenitentia

2096 5109 2262 5162 utitur
2283 5147 2298 5173 ,
2333 5121 2439 5160 non
2481 5103 2670 5173 dignus
2697 5114 2778 5157 est
2821 5103 2912 5171 qui
2942 5102 3223 5169 lugeatur,
3250 5099 3342 5154 sed
3371 5101 3462 5169 qui
3490 5100 3675 5154 beatus

2092 5199 2418 5270 priedicetnr
2437 5237 2452 5259 ,
2486 5205 2669 5263 utpote
2698 5195 2786 5261 qui
2814 5194 2866 5244 in
2891 5193 3157 5260 justorum
3182 5190 3402 5246 chorum
3445 5193 3676 5247 transla-

2094 5299 2180 5345 tus
2206 5291 2293 5344 sit.
2328 5287 2424 5341 Dic
2455 5288 2589 5339 enim
2616 5295 2672 5337 tu
2697 5285 2868 5353 prius,
2904 5283 3072 5353 inquit
3098 5325 3112 5349 ,
3142 5283 3428 5354 iniquitates
3461 5294 3592 5346 tuas,
3623 5288 3676 5333 ut

2088 5380 2387 5454 jnstiﬁceris
2418 5376 2570 5448 (Isai.
2604 5378 2692 5432 45.
2724 5376 2841 5448 26).
2873 5375 2928 5431 Si
2968 5385 3145 5431 autem
3177 5385 3455 5445 postquam
3491 5388 3676 5442 pecca-

2099 5475 2208 5540 vit,
2241 5473 2578 5542 impudenter
2602 5477 2761 5539 agat,
2812 5484 2920 5523 non
2966 5470 3036 5522 ita
3076 5468 3545 5525 commiseratione
3586 5462 3674 5516 (li--

2095 5579 2234 5634 guns
2260 5571 2342 5617 est
2370 5560 2508 5632 quod
2536 5560 2826 5625 ceciderit,
2852 5576 3010 5630 quam
3037 5560 3178 5630 quod
3208 5561 3386 5626 lapsus
3405 5557 3604 5624 jaceat.

2172 5657 2225 5711 5.
2258 5654 2411 5722 Quod
2441 5655 2485 5708 si
2517 5664 2635 5724 post
2659 5662 2934 5722 peceatum
2963 5669 3068 5706 non
3100 5651 3362 5719 pmnitcre
3389 5661 3549 5713 grave
3571 5656 3675 5705 est.

2102 5747 2168 5802 de
2212 5747 2458 5800 admissis
2486 5745 2720 5814 peccatis
2763 5745 3119 5797 intumescere
3163 5746 3412 5808 quantum
3443 5748 3679 5789 meretur

2103 5839 2466 5909 supplicium?
2489 5837 2619 5891 Nam
2653 5837 2698 5890 si
2726 5836 2770 5891 is
2792 5876 2806 5902 ,
2836 5835 2923 5904 qui
2951 5833 3016 5888 de
3039 5840 3183 5888 recte
3210 5825 3359 5883 lactis
3387 5828 3668 5888 extollitur,
