3954 6130
301 353 358 408 9t
1015 352 1072 408 s.
1110 313 1384 407 JOANNiS
1431 305 1908 401 cnavsosrou't
1957 335 2272 393 ARClllEP.
2312 335 2843 393 consummes.
3499 343 3572 398 92

303 469 608 523 immundus
634 476 750 533 est;
795 468 884 538 qui
915 467 982 522 de
1020 463 1251 535 peccatis
1280 462 1494 517 inﬂatur
1513 503 1527 525 ,
1560 472 1717 530 quam
1740 468 1875 511 con-

303 571 559 630 sequetur
588 559 837 616 veniam?
864 558 996 628 Quia
1018 571 1146 628 ergo
1183 555 1304 610 talis
1331 563 1447 610 erat
1471 553 1764 606 fornicator
1782 589 1798 611 ,
1829 554 1887 602 et

303 654 534 706 animam
566 667 660 722 per
701 661 974 721 peccatum
1009 651 1078 704 ita
1118 647 1446 719 petulantem
1470 654 1524 700 et
1550 645 1884 714 pervicacem

307 743 637 810 reddiderat,
661 741 964 798 necessario
990 741 1106 812 ejus
1131 739 1323 795 fastum
1353 737 1524 808 primo
1549 735 1751 806 dejicit.
1780 734 1884 789 Ne-

303 852 408 906 que
447 837 547 890 hoc
575 836 778 891 crimen
811 835 984 904 primo
1011 834 1159 904 ponit
1180 875 1193 896 ,
1222 841 1280 885 ut
1305 848 1372 885 ne
1408 831 1496 885 ille
1521 838 1680 885 exuat
1710 827 1884 898 pudo-

305 942 440 990 rem,
462 943 526 982 eo
546 925 688 997 quod
712 937 836 980 ante
859 925 993 980 alios
1018 934 1296 978 accusetur
1319 939 1334 988 ;
1359 936 1532 990 neque
1553 928 1882 990 postremum

307 1018 460 1072 illum
509 1019 656 1086 ponit
681 1059 696 1084 ,
725 1027 782 1072 nt
815 1032 882 1071 ne
914 1023 1064 1086 putet
1107 1014 1196 1068 ille
1235 1029 1350 1068 rem
1392 1026 1542 1068 suam
1568 1019 1628 1064 ut
1666 1009 1885 1065 levioris

304 1110 563 1163 momenti
593 1109 744 1178 quasi
774 1107 920 1162 aliud
951 1105 1159 1175 agendo
1188 1103 1401 1159 tractari
1429 1121 1442 1156 :
1473 1101 1566 1158 sed
1592 1115 1713 1156 cum
1739 1099 1884 1169 prius

305 1199 404 1263 ipsi
433 1199 658 1252 multum
684 1197 994 1251 incnssisset
1019 1197 1264 1249 timorem
1291 1209 1356 1248 ex
1375 1191 1587 1246 dicendi
1614 1191 1881 1255 libertate,

305 1306 406 1359 qua
435 1297 621 1344 contra
661 1289 795 1342 alios
840 1301 966 1341 usus
1007 1294 1124 1351 est,
1175 1293 1299 1340 tunc
1344 1283 1493 1338 illum
1540 1280 1880 1352 aggreditur,

309 1390 588 1450 postquam
611 1379 732 1448 ejus
754 1378 1110 1448 arrogantiam
1135 1391 1229 1446 per
1248 1377 1472 1430 aliorum
1492 1373 1884 1429 correctionem

307 1474 456 1542 prius
482 1473 870 1542 exagitaverat.
901 1471 1024 1525 Haec
1051 1471 1194 1525 enim
1221 1470 1334 1538 ipsa
1369 1467 1532 1521 verba
1557 1507 1571 1530 ,
1606 1464 1754 1519 Nihil
1783 1465 1884 1518 mi-

307 1564 362 1617 hi
389 1564 617 1618 conscius
643 1579 790 1627 sum;
827 1561 918 1617 sed
942 1577 1043 1615 non
1069 1561 1121 1614 in
1153 1561 1246 1613 hoc
1273 1559 1590 1628 justiﬁcatus
1613 1572 1767 1621 sum;
1791 1563 1882 1620 et,

309 1655 409 1720 Qui
427 1657 629 1727 judieat
669 1670 781 1723 me,
817 1653 1064 1707 Dominus
1085 1659 1196 1714 est,
1224 1651 1312 1720 qui
1348 1659 1396 1703 et
1444 1646 1750 1703 illuminabit
1793 1646 1886 1700 ab-

305 1747 534 1800 scondita
561 1745 875 1800 tenebrarum
897 1785 912 1809 ,
944 1752 990 1798 et
1016 1741 1356 1813 ntanifestabit
1375 1741 1590 1795 consilia
1609 1739 1839 1794 cordium
1865 1781 1882 1807 ,

309 1852 414 1890 non
441 1836 630 1890 leviter
655 1844 709 1890 et
731 1850 850 1890 eum
875 1844 930 1890 et
951 1848 1042 1889 eos
1059 1875 1072 1898 ,
1104 1833 1194 1904 qui
1219 1832 1318 1902 ipsi
1348 1831 1742 1901 applandebant
1761 1845 1886 1886 san-

308 1936 530 1996 ctosqne
558 1924 945 1994 despiciebant,
971 1924 1303 1993 perstringit.
1328 1922 1464 1990 Quid
1493 1921 1660 1986 enim,
1688 1921 1880 1992 inquit,

306 2017 352 2070 si
382 2016 596 2086 quidam
638 2016 973 2070 extrinsecus
1021 2014 1451 2083 virtute-praediti
1489 2021 1546 2069 et
1587 2011 1885 2068 admirandi

305 2119 570 2178 apparent
588 2110 613 2162 ’ἓ
640 2109 757 2163 Non
784 2108 852 2162 de
881 2107 1238 2162 exterioribus
1266 2115 1472 2160 tamnm
1501 2105 1601 2160 fert
1625 2105 1886 2175 judicium

305 2201 396 2256 ille
417 2201 602 2269 judex,
625 2200 719 2254 sed
740 2199 901 2252 etiam
924 2212 1116 2252 arcana
1145 2197 1197 2251 in
1222 2196 1456 2251 medium
1484 2195 1719 2252 adducit.
1747 2195 1888 2250 Dua-

305 2293 407 2347 bus
437 2307 566 2361 ergu
585 2332 601 2355 ,
631 2291 715 2345 vel
749 2290 924 2359 potius
955 2289 1124 2343 tribus
1181 2288 1253 2342 de
1295 2286 1473 2341 causis
1498 2286 1755 2356 judicium
1786 2301 1884 2340 no-

307 2391 477 2437 strum
496 2390 801 2436 accuratum
825 2394 934 2434 non
954 2388 1071 2444 est;
1094 2379 1266 2448 primo
1293 2377 1436 2448 quia,
1459 2377 1669 2432 etiamsi
1693 2377 1888 2432 nullius

310 2471 515 2540 peccati
557 2470 712 2525 nobis
753 2470 955 2526 conscii
986 2469 1191 2534 simus,
1232 2483 1368 2538 cpns
1413 2477 1590 2522 tamen
1632 2466 1889 2523 habemus

307 2577 410 2628 eo,
439 2561 526 2632 qui
567 2569 781 2632 peccata
826 2569 1006 2616 nostra
1059 2567 1305 2616 accurate
1352 2568 1571 2630 arguat:
1611 2558 1884 2626 secundo,

308 2654 433 2723 quia
464 2668 531 2708 ex
560 2653 624 2707 iis
652 2667 770 2723 quae
800 2652 934 2707 fiunt
970 2652 1223 2722 pleraque
1250 2666 1348 2706 nos
1374 2651 1572 2716 latent;
1609 2652 1768 2707 tertio
1794 2652 1890 2708 de-

313 2759 454 2797 nmm
475 2784 490 2810 ,
539 2744 662 2814 quia
690 2743 852 2798 multa
881 2743 1105 2798 aliorum
1134 2751 1285 2812 gesta
1314 2741 1468 2797 nobis
1502 2741 1716 2811 quidem
1747 2741 1888 2797 bona

311 2833 587 2896 videntur,
632 2832 728 2889 sed
790 2847 896 2886 non
942 2847 1008 2888 ex
1061 2840 1205 2888 recta
1252 2831 1517 2886 sententia
1569 2831 1886 2901 procedunt.

313 2925 450 2990 Quid
479 2940 608 2994 ergo
635 2925 845 2990 dicitis,
876 2925 970 2980 ille
1007 2933 1099 2979 aut
1123 2925 1214 2980 ille
1241 2925 1371 2980 nihil
1412 2926 1690 2996 peccavit,
1717 2935 1774 2981 et
1801 2926 1888 2983 hic

313 3020 407 3073 illo
437 3019 626 3074 melior
649 3019 768 3074 est?
795 3017 909 3072 Hoc
931 3017 1074 3072 enim
1101 3033 1208 3071 non
1239 3016 1360 3072 licet
1391 3019 1757 3087 pronuntiare,
1789 3034 1889 3074 nec

311 3109 419 3181 quc
445 3111 512 3166 de
551 3110 679 3176 illo,
724 3111 813 3180 qni
841 3109 1040 3164 nullius
1081 3109 1182 3164 sibi
1211 3108 1454 3165 conscius
1500 3118 1620 3165 est:
1649 3124 1771 3164 nam
1799 3113 1889 3182 qui

314 3218 505 3257 arcana
548 3203 788 3274 judicat,
817 3203 909 3258 ille
957 3211 1040 3257 est
1082 3202 1172 3273 qui
1202 3212 1451 3259 accurate
1474 3201 1701 3273 judicat.
1749 3204 1891 3260 Ecce

313 3296 473 3364 igitur
493 3335 510 3361 ,
541 3309 643 3365 ego
685 3295 816 3349 nihil
845 3293 976 3349 mihi
1017 3293 1266 3349 conscius
1301 3308 1419 3348 sum
1450 3311 1465 3359 ;
1495 3293 1589 3349 sed
1615 3309 1788 3365 neque
1817 3295 1889 3350 ita

309 3386 629 3454 institit-atus
657 3401 776 3441 sum
802 3405 815 3439 :
853 3385 956 3440 hoc
981 3392 1104 3452 est,
1137 3384 1253 3440 Non
1295 3399 1412 3439 sum
1443 3399 1474 3440 a
1514 3385 1781 3442 reddenda
1804 3403 1892 3443 ra-

309 3480 455 3534 tione
478 3487 534 3534 et
560 3493 592 3533 a
622 3479 844 3534 crimine
870 3478 1146 3534 liberatus.
1169 3477 1284 3533 Non
1305 3478 1448 3533 enim
1475 3477 1579 3534 hoc
1606 3478 1756 3547 dicit,
1768 3479 1887 3537 Non

312 3571 366 3625 in
397 3585 621 3627 onmem
661 3579 717 3626 et
743 3570 932 3626 ordine
953 3570 1223 3637 iustorum
1261 3583 1414 3637 sum;
1460 3570 1554 3626 sed
1577 3612 1595 3638 ,
1627 3569 1742 3627 Non
1769 3586 1887 3626 sum

308 3663 540 3719 mundus
569 3679 598 3717 a
621 3672 860 3732 peccato.
891 3661 1022 3716 Nam
1046 3662 1171 3717 alibi
1201 3662 1312 3718 ait:
1343 3663 1442 3728 Qui
1466 3671 1635 3718 autem
1661 3673 1890 3719 mortuus

309 3764 382 3808 est
402 3795 418 3820 ,
438 3753 752 3824 justi/iratus
776 3762 848 3806 est
874 3768 905 3804 α
926 3761 1133 3821 peccato
1173 3751 1346 3820 (Rom.
1384 3752 1438 3807 6.
1468 3753 1522 3822 7)
1551 3771 1566 3806 :
1595 3753 1646 3808 id
1670 3762 1790 3819 est,
1819 3754 1888 3809 li-

311 3846 524 3900 beratus
555 3851 654 3898 est.
685 3843 844 3898 Multa
879 3857 1009 3897 vero
1035 3842 1298 3910 facimus,
1341 3858 1463 3912 qua:
1503 3845 1643 3899 bona
1672 3846 1887 3914 quidem

309 3945 464 4002 sunt,
492 3934 588 3990 sed
628 3949 734 3989 non
783 3950 851 3990 ex
893 3943 1035 3989 recta
1083 3935 1349 3990 sententia
1391 3933 1708 4002 procedunt.
1754 3935 1888 3991 Nam

310 4028 506 4084 multos
536 4026 845 4094 laudamus,
877 4040 984 4080 non
1013 4035 1070 4080 nt
1097 4025 1218 4080 illos
1239 4025 1554 4094 splendidos
1583 4026 1884 4095 reddamus,

309 4117 403 4173 sed
447 4126 506 4172 nt
535 4133 629 4188 per
674 4115 800 4171 illos
825 4116 960 4171 alios
989 4115 1268 4186 quospiam
1299 4115 1659 4172 mordeamns.
1692 4118 1760 4173 Et
1801 4134 1892 4175 res

308 4211 522 4280 quidem
551 4211 662 4282 ipsa
705 4223 800 4280 per
846 4222 906 4264 se
939 4207 1077 4262 bona
1106 4216 1221 4274 est;
1255 4208 1502 4263 laudatur
1538 4210 1680 4265 enim
1712 4210 1757 4266 is
1798 4211 1890 4282 qui

308 4314 453 4359 recte
479 4303 635 4364 fecit;
663 4301 757 4357 scd
785 4316 937 4356 meus
976 4299 1239 4355 laudantis
1270 4308 1521 4370 corrupta
1552 4309 1673 4356 est:
1705 4318 1773 4358 ex
1797 4317 1888 4358 sa-

314 4398 485 4451 tanica
514 4396 655 4451 enim
687 4394 950 4450 sententia
974 4393 1233 4464 procedit.
1257 4394 1373 4449 Non
1403 4395 1544 4449 enim
1583 4394 1733 4450 fratri
1761 4410 1887 4466 gra-

308 4491 484 4543 tulans
501 4527 516 4550 ,
545 4487 641 4542 sed
667 4487 829 4540 alium
855 4485 1027 4541 ferire
1047 4487 1270 4556 cupiens
1296 4486 1400 4542 hoc
1425 4502 1569 4557 saepe
1593 4489 1709 4558 quis
1737 4487 1884 4545 fecit.

306 4583 512 4636 Rursus
534 4577 795 4648 quispiam
814 4578 1021 4649 grande
1040 4577 1254 4633 admisit
1275 4585 1577 4646 peccatum;
1601 4578 1738 4632 alius
1761 4593 1888 4635 vero

313 4674 487 4742 ipsum
515 4669 854 4739 supplantare
881 4669 1097 4735 volens,
1127 4668 1259 4723 nihil
1285 4667 1475 4722 iecisse
1499 4665 1660 4734 dicit,
1688 4676 1743 4722 et
1767 4683 1888 4724 con-

309 4763 514 4819 solatur
540 4775 662 4816 eum
689 4768 997 4830 peccantem
1017 4800 1032 4825 ,
1055 4759 1120 4814 ad
1146 4773 1485 4815 communem
1507 4765 1712 4814 natnrze
1732 4773 1886 4815 usum

303 4853 652 4924 confugiens:
689 4868 872 4910 verum
899 4865 1046 4921 stepe
1093 4864 1201 4905 non
1241 4849 1384 4920 quod
1414 4849 1693 4919 ignoscere
1719 4849 1885 4916 velit,

305 4947 398 5002 sed
426 4957 482 5002 ut
507 4947 807 5019 segniorem
835 4945 982 4999 illum
1007 4941 1202 4998 reddat
1227 4941 1328 4996 hoc
1351 4940 1490 4995 facit.
1522 4940 1753 4997 Rursum
1782 4954 1885 4997 ste-

303 5052 370 5108 pe
406 5041 653 5110 corripit,
698 5055 804 5094 non
832 5045 890 5093 nt
913 5046 1098 5107 arguat
1134 5042 1191 5089 et
1216 5040 1463 5098 moneat,
1503 5031 1598 5088 sed
1624 5041 1680 5087 nt
1705 5033 1885 5100 proxi-

303 5131 374 5186 mi
416 5141 689 5200 peccatum
735 5132 948 5202 publice
1010 5129 1198 5188 ell'erat
1240 5136 1295 5182 et
1350 5125 1610 5181 traducat.
1656 5123 1884 5181 Consilia

301 5231 479 5278 autem
511 5221 754 5277 homines
791 5237 897 5277 non
933 5231 1165 5286 norunt;
1194 5219 1284 5289 qui
1319 5217 1480 5274 corda
1505 5232 1635 5273 vero
1677 5229 1887 5274 scruta-

301 5327 421 5384 tur,
449 5323 696 5370 accurate
717 5315 846 5378 scit,
876 5324 931 5368 et
957 5315 1046 5368 illa
1087 5313 1267 5366 omnia
1295 5322 1420 5367 tunc
1447 5311 1500 5366 in
1527 5309 1761 5367 medium
1789 5311 1882 5367 ad-

296 5409 476 5463 ducet.
509 5405 738 5475 ldeoquc
762 5405 974 5460 dicebat
999 5421 1011 5456 ε
1050 5403 1151 5470 Qui
1177 5413 1222 5456 et
1253 5403 1562 5457 illuminabit
1587 5403 1883 5460 abscondita

299 5501 618 5556 tenebrarum
642 5541 656 5565 ,
690 5508 736 5552 et
780 5497 1122 5565 manifestabit
1151 5495 1364 5549 consilia
1393 5497 1641 5550 cordium.
1831 5561 1836 5566 ‘

374 5591 617 5647 Homines
672 5606 824 5660 quam
858 5587 1108 5659 falluntur
1147 5587 1201 5639 in
1218 5587 1450 5658 judiciis.
1480 5616 1551 5627 —
1573 5587 1703 5642 Cum
1727 5601 1877 5657 ergo,

303 5684 520 5750 quando
540 5685 702 5739 etiam
734 5681 865 5736 nihil
897 5679 1050 5735 nobis
1073 5678 1276 5733 conscii
1303 5677 1746 5744 sumus,crimine
1764 5678 1880 5747 puri

303 5788 418 5828 esse
449 5792 555 5834 non
595 5775 878 5844 possimus,
903 5780 1095 5831 etcum
1126 5769 1323 5841 aliquid
1366 5769 1493 5827 boni
1521 5767 1748 5840 agimus,
1779 5782 1880 5824 nec

2000 466 2130 508 vero
2155 465 2222 508 ex
2241 461 2386 508 recta
2416 452 2582 506 animi
2608 453 2872 506 sententia
2905 453 3110 522 agimus
3128 493 3144 518 ,
3175 455 3442 524 supplicio
3466 458 3568 513 ob-

1991 544 2138 598 noxii
2163 545 2364 599 simns:
2393 545 2567 614 cogita
2581 560 2742 614 quam
2773 544 3022 600 fallantur
3048 546 3294 604 homines
3337 549 3392 605 in
3427 550 3571 620 judi-

1990 635 2109 691 ciis.
2141 635 2267 691 Haec
2317 636 2514 706 quippe
2540 637 2718 691 omnia
2746 652 2852 692 non
2884 646 3108 706 possunt
3136 637 3383 696 homines
3415 657 3569 698 asse—

1991 726 2104 794 qui,
2129 725 2223 780 sed
2247 726 2340 781 ille
2368 736 2571 781 tantum
2594 743 2883 796 numquam
2909 727 3185 784 dormiens
3205 731 3398 786 oculus
3422 773 3438 788 .
3467 733 3570 788 etsi

1993 814 2237 871 homines
2257 816 2535 881 fallamus,
2565 818 2712 872 illum
2761 834 3046 887 numquam
3085 819 3441 891 decipiemus.
3493 824 3572 882 Ne

1991 907 2172 977 itaque
2209 907 2360 962 dicas
2382 949 2398 974 ,
2428 908 2689 964 Tenebrae
2711 918 2765 964 et
2788 910 3026 980 parietes
3052 911 3106 966 in
3132 913 3360 968 circuitu
3391 925 3516 971 sunt
3549 956 3566 983 ,

1990 998 2112 1070 quis
2142 1013 2230 1054 me
2259 999 2454 1054 videt?
2485 1015 2606 1054 nam
2646 1001 2734 1070 qui
2766 1001 2916 1055 finxit
2959 1001 3228 1072 sigillatim
3276 1003 3438 1059 corda
3477 1021 3572 1060 no-

1991 1099 2125 1154 stra,
2152 1089 2267 1155 ipse
2298 1089 2475 1144 omnia
2507 1092 2655 1146 novit
2686 1108 2699 1143 :
2733 1093 2970 1148 tenebrae
2989 1094 3132 1148 enim
3153 1095 3294 1165 apud
3315 1111 3437 1151 eum
3461 1112 3569 1152 nun

1990 1179 2437 1234 obscurabuntur.
2468 1180 2634 1236 Recte
2660 1191 2839 1237 autem
2867 1183 2997 1238 dicit
3023 1184 3068 1239 is
3097 1185 3188 1255 qui
3216 1196 3437 1255 peccat,
3469 1188 3572 1244 Te-

1990 1270 2172 1325 nebrae
2196 1281 2252 1325 et
2277 1271 2508 1340 parietes
2533 1272 2587 1326 in
2619 1273 2844 1328 circuitu
2868 1290 2989 1330 meo
3010 1285 3157 1331 sunt.
3184 1277 3299 1332 Nisi
3330 1278 3472 1332 enim
3517 1281 3570 1336 in

1991 1371 2169 1417 mente
2193 1361 2308 1431 ejus
2335 1363 2568 1418 tenebrze
2589 1373 2794 1432 essent,
2821 1381 2926 1422 non
2949 1367 3050 1434 sic,
3079 1368 3256 1438 ejecto
3294 1371 3386 1426 Dei
3411 1372 3569 1427 timo-

1991 1469 2070 1520 re,
2096 1469 2218 1509 cum
2239 1455 2487 1510 libertate
2512 1456 2565 1510 id
2584 1454 2820 1512 fecisset.
2851 1457 2985 1512 Nam
3016 1459 3118 1514 nisi
3141 1460 3288 1530 prius
3312 1463 3418 1517 dus
3444 1465 3565 1519 ani-

1991 1559 2110 1598 mus
2130 1545 2510 1601 obtenebratns
2531 1548 2713 1612 fuerit,
2775 1559 3049 1619 peccatum
3074 1566 3194 1607 cum
3241 1554 3432 1610 ﬁducia
3487 1557 3572 1612 in-

1989 1638 2138 1708 gredi
2165 1654 2270 1692 non
2304 1648 2498 1709 potest.
2524 1639 2600 1696 Ne
2618 1656 2752 1711 ergo
2780 1643 2963 1698 dicas:
2991 1645 3124 1711 Quis
3151 1661 3238 1701 me
3260 1647 3407 1702 videt
3431 1650 3456 1703 '!
3485 1659 3571 1706 est

1989 1730 2132 1784 enim
2187 1730 2276 1800 qni
2328 1741 2571 1800 penetrat
2617 1749 2782 1804 usque
2826 1735 2891 1790 ad
2933 1736 3165 1792 animam
3195 1747 3252 1793 et
3279 1741 3568 1811 spiritum,

1990 1835 2381 1892 compagesquc
2401 1835 2457 1880 et
2484 1826 2746 1882 medullas
2769 1847 2781 1882 :
2811 1829 2904 1884 sed
2921 1837 2976 1884 tu
3006 1838 3056 1887 te
3077 1831 3252 1901 ipsum
3275 1849 3380 1888 non
3398 1837 3568 1906 vides,

1991 1930 2091 1971 nec
2136 1923 2285 1985 potes
2341 1918 2534 1972 nubem
2577 1918 2887 1988 dissecare;
2944 1938 3128 1978 verum
3174 1940 3238 1980 ac
3275 1926 3319 1980 si
3360 1944 3569 1984 murum

1993 2007 2227 2077 undique
2253 2007 2687 2079 circumpositum
2713 2012 2959 2080 haberes,
2989 2029 3094 2070 non
3122 2026 3273 2087 potes
3298 2019 3364 2073 ad
3382 2021 3571 2078 cadum

1993 2112 2282 2167 respicere.

2061 2193 2118 2247 4.
2177 2191 2554 2251 Fornicationis
2591 2197 2799 2266 spiritus
2838 2208 3073 2254 excusent.
3117 2229 3191 2243 -—
3229 2202 3379 2269 Quod
3427 2205 3570 2260 enim

1993 2289 2273 2351 peccatum
2299 2284 2381 2337 vis
2419 2283 2567 2352 prius
2610 2287 3029 2344 examinemus?
3069 2299 3128 2346 et
3149 2292 3229 2347 sic
3252 2292 3450 2348 factum
3481 2295 3573 2350 ad-

1993 2373 2326 2444 missumque
2351 2373 2518 2432 fuisse
2554 2376 2779 2434 videbis.
2821 2379 3282 2448 Quemadmodum
3324 2385 3468 2440 enim
3491 2387 3571 2442 la-

1994 2471 2177 2521 trones
2195 2474 2249 2520 et
2274 2481 2552 2522 murorum
2603 2467 2910 2536 effossores,
2957 2487 3078 2527 cum
3105 2473 3235 2544 quid
3269 2477 3566 2546 pretiosum

1993 2555 2205 2613 auferre
2235 2558 2423 2612 volunt
2447 2599 2463 2626 ,
2494 2560 2760 2616 exstincta
2810 2561 3029 2617 lucerna
3073 2563 3176 2620 hoc
3217 2577 3525 2635 perpetrant
3554 2585 3569 2623 :

1991 2649 2072 2702 sic
2101 2647 2152 2702 in
2175 2649 2408 2718 peccatis
2461 2648 2591 2705 facit
2617 2660 2868 2721 corrupta
2901 2653 3060 2709 ratio.
3106 2654 3316 2711 Etenim
3342 2657 3395 2711 in
3418 2657 3573 2714 nobis

1992 2753 2204 2810 quoque
2237 2740 2329 2795 lux
2355 2749 2437 2796 est
2463 2742 2795 2798 rationabilis
2821 2757 3037 2814 semper
3058 2745 3274 2802 ardens.
3305 2747 3361 2804 Si
3392 2759 3570 2804 autem

1991 2832 2214 2901 spiritus
2274 2832 2645 2890 fornicationis
2693 2850 2816 2891 cum
2864 2837 3068 2907 impetu
3123 2855 3318 2910 magno
3363 2841 3572 2898 irruens

1995 2921 2262 2978 ﬂammam
2293 2924 2439 2980 illam
2490 2927 2829 2995 exstinxerit,
2855 2930 3038 2984 statim
3083 2931 3314 2988 animam
3355 2934 3574 2991 obtcne-

1993 3014 2136 3080 brat,
2165 3027 2438 3088 expugnat
2466 3029 2518 3074 et
2544 3021 2725 3075 omnia
2747 3038 2866 3091 quae
2919 3023 3115 3080 adsunt
3141 3026 3320 3082 statim
3367 3027 3570 3100 diripit.

1993 3106 2130 3163 Cum
2157 3109 2298 3164 enim
2326 3111 2504 3164 anima
2534 3128 2562 3165 a
2597 3113 2796 3168 lasciva
2837 3119 3270 3186 concupiscentia
3321 3123 3531 3191 capitur
3551 3163 3570 3188 ,

1995 3205 2054 3251 ut
2079 3199 2257 3255 nubes
2279 3209 2338 3254 et
2373 3202 2547 3272 caligo
2569 3205 2814 3274 corporis
2852 3208 3059 3275 oculos,
3105 3210 3176 3264 ita
3217 3213 3411 3267 mentis
3452 3229 3572 3285 pro-

1993 3291 2254 3358 spieiendi
2278 3291 2578 3349 facultatem
2601 3311 2891 3366 occupans,
2916 3300 3046 3356 nihil
3075 3303 3203 3359 sinit
3227 3303 3411 3362 videre
3437 3306 3574 3361 ulte-

1995 3381 2124 3448 rius,
2160 3398 2264 3437 non
2293 3384 2664 3454 prtecipitinm,
2689 3401 2794 3441 non
2819 3390 3141 3458 gehennam,
3175 3408 3281 3448 non
3301 3395 3568 3464 timorem,

1991 3473 2090 3528 sed
2119 3474 2186 3528 ab
2213 3473 2317 3528 illis
2342 3474 2550 3531 insidiis
2581 3479 2857 3548 tyrannice
2883 3491 3139 3551 occupata
3167 3484 3408 3552 demum,
3451 3502 3571 3558 pec-

1995 3573 2118 3620 cato
2156 3563 2329 3620 facilis
2381 3577 2688 3638 expugnata
2738 3571 2919 3627 evadit
2952 3589 2967 3627 :
2997 3581 3054 3628 et
3088 3574 3226 3629 sicut
3256 3576 3431 3645 paries
3457 3579 3577 3633 siue

1995 3657 2248 3715 fenestris
2275 3667 2402 3714 ante
2426 3651 2610 3716 oculos
2652 3663 2914 3719 excitatus
2940 3681 3044 3720 non
3072 3666 3200 3722 sinit
3243 3667 3448 3722 radium
3489 3669 3575 3739 jn-

1993 3751 2154 3807 stitize
2192 3752 2354 3806 menti
2385 3751 2588 3819 lucere,
2619 3753 2868 3809 absurdis
2895 3755 3129 3810 libidinis
3164 3758 3577 3827 cogitationibus

1995 3844 2166 3912 ipsam
2188 3842 2421 3912 undique
2448 3843 2787 3914 cingentibus
2813 3861 2829 3910 ;
2857 3855 2910 3899 et
2936 3854 3062 3900 tunc
3087 3849 3324 3902 occurrit
3353 3850 3430 3904 illi
3457 3866 3573 3906 me-

1995 3934 2162 3990 retrix
2189 3943 2312 3990 ante
2342 3935 2545 4000 oculos,
2575 3943 2701 3990 ante
2723 3944 2956 3990 mentem
2979 3977 2995 4002 ,
3049 3945 3173 3991 ante
3217 3938 3575 4008 cogitationes

1993 4031 2143 4079 stans
2166 4033 2546 4094 etapparens;
2591 4038 2654 4080 ac
2692 4024 3141 4095 quemadmodum
3191 4027 3320 4082 caeci
3353 4030 3406 4084 in
3455 4032 3572 4101 ipso

1992 4115 2215 4172 meridie
2243 4116 2342 4172 sub
2369 4116 2486 4172 cteli
2515 4116 2693 4173 medio
2714 4125 2916 4173 stantes
2947 4118 3120 4173 lucem
3141 4135 3247 4174 non
3272 4121 3567 4192 excipiunt,

1991 4207 2192 4262 clausis
2213 4207 2315 4264 sibi
2341 4209 2548 4266 oculis:
2578 4211 2656 4266 sic
2685 4209 2857 4275 etilli,
2888 4209 2988 4265 etsi
3015 4210 3292 4267 innumera
3335 4214 3575 4284 undique

1993 4297 2123 4368 ipsis
2169 4298 2423 4354 insonent
2464 4300 2718 4355 salutaria
2758 4300 3030 4372 dogmata,
3053 4302 3230 4357 anima
3252 4301 3356 4358 hoc
3382 4305 3572 4360 morbo

1994 4397 2260 4459 correpta,
2295 4390 2399 4445 illis
2420 4391 2668 4446 omnibus
2695 4392 2872 4448 verbis
2898 4407 3057 4447 aures
3084 4394 3385 4450 obstruunt.
3409 4391 3572 4466 idque

1991 4480 2160 4548 probe
2187 4479 2366 4534 sciunt
2389 4479 2448 4545 ii,
2481 4480 2571 4549 qui
2603 4496 2716 4535 rem
2743 4483 2954 4552 experti
2981 4492 3127 4538 sunt.
3166 4483 3360 4540 Verum
3389 4485 3567 4551 absit,

1991 4578 2053 4625 ut
2081 4584 2176 4624 vos
2199 4568 2250 4623 id
2279 4569 2606 4639 experientia
2655 4570 2973 4629 didiceritis.
3028 4573 3210 4644 Neque
3249 4574 3352 4630 hoc
3393 4576 3571 4631 solum

1993 4671 2271 4734 peccatum
2299 4663 2352 4718 id
2377 4661 2540 4731 facit,
2572 4663 2666 4720 sed
2699 4664 2861 4721 etiam
2899 4667 3073 4738 quivis
3092 4666 3230 4722 alius
3265 4681 3420 4722 amor
3442 4683 3568 4739 pra-

1992 4771 2110 4813 VUS.

2065 4849 2412 4904 Pecuniarum
2454 4867 2599 4906 amor
2626 4860 2814 4921 quanta
2842 4853 2979 4907 mala
3008 4853 3195 4923 pariat.
3223 4885 3296 4896 ——
3318 4854 3570 4911 Transfe-

1991 4955 2172 4997 ramus
2195 4941 2363 5007 enim,
2386 4941 2431 4996 si
2463 4943 2658 5011 placet,
2682 4956 2985 4998 sermonem
3016 4958 3044 4996 a
3076 4944 3361 5001 meretrice
3383 4945 3450 5000 ad
3473 4962 3568 5016 pe-

1990 5034 2198 5103 cunias,
2239 5043 2294 5090 et
2329 5034 2415 5088 hic
2457 5050 2671 5105 quoque
2720 5034 3018 5090 videbimus
3063 5035 3258 5091 densas
3297 5038 3566 5094 tenebras.

1992 5128 2104 5183 Illic
2125 5129 2266 5184 enim
2295 5127 2434 5199 quod
2467 5143 2566 5182 una
2589 5136 2792 5183 tantum
2815 5128 2884 5182 sit
2907 5128 3130 5192 amasia,
3155 5131 3208 5185 in
3235 5145 3342 5185 uno
3364 5131 3566 5187 inclusa

1992 5217 2132 5282 loco,
2163 5234 2266 5275 non
2294 5220 2364 5273 ita
2411 5217 2702 5273 vehemens
2737 5228 2820 5273 est
2845 5219 3102 5274 morbus:
3127 5220 3179 5273 in
3203 5222 3445 5290 pecuniis
3469 5237 3561 5278 au-

1991 5319 2120 5377 tem,
2155 5326 2275 5380 qua:
2321 5309 2516 5379 ubique
2557 5311 2910 5377 apparent,in
2953 5313 3270 5382 argentariis
3315 5313 3564 5379 ofﬁcinis,

1989 5401 2043 5456 in
2075 5401 2408 5463 diversoriis,
2433 5401 2486 5454 in
2513 5400 2828 5468 auriﬁcinis,
2861 5403 2913 5458 in
2936 5402 3160 5458 divitum
3193 5404 3402 5460 aedibus
3427 5446 3442 5468 ,
3472 5419 3565 5461 ve-

1991 5493 2213 5548 hemens
2251 5491 2420 5560 spirat
2447 5505 2620 5551 amor.
2667 5494 2892 5561 Quando
2921 5495 3064 5550 enim
3097 5511 3292 5564 pueros
3335 5496 3566 5565 superbe

1986 5594 2207 5654 agentes
2233 5584 2287 5637 in
2309 5581 2447 5650 foro,
2471 5600 2638 5656 equos
2659 5601 2794 5641 auro
2817 5596 3060 5651 onustos,
3090 5585 3338 5642 homines
3360 5586 3568 5657 magni-

1987 5673 2101 5730 ficis
2121 5682 2172 5731 et
2194 5676 2521 5745 sumptuosis
2557 5677 2794 5732 vestibus
2841 5684 3062 5731 ornatos
3082 5718 3098 5744 ,
3127 5676 3565 5746 concupiscentia

1987 5777 2162 5827 motus
2201 5767 2344 5825 videt
2368 5769 2413 5824 is
2435 5769 2524 5840 qui
2549 5768 2652 5826 hoc
2671 5768 2858 5826 morbo
2893 5767 3182 5840 detinetur,
3216 5770 3397 5827 multis
3418 5779 3565 5827 tene-
