3954 6130
312 337 368 391 91
1405 339 1474 392 ΙΝ
1515 339 1738 394 EPIS'I.
1776 340 1793 392 Ι
1828 340 1860 392 Α

1962 341 2113 394 UOH.
2158 342 2393 396 HOMII..
2436 341 2523 400 XI.
3475 347 3542 401 9‘1

307 449 360 504 :6
387 445 484 502 καλ⁸
514 443 890 516 πεφυσιῶσθαι
913 443 1006 498 ἐπὶ
1031 445 1144 508 τοῖς
1165 446 1548 518 ἁμαρτήμασι,
1594 448 1752 510 ποίας
1781 463 1866 499 κο-

307 532 511 596 λάσεώς
534 530 876 594 ἐστιν-ἀξιονί
912 531 974 583 Εἰ
1007 530 1115 601 γάρ
1146 531 1174 581 ὀ
1200 532 1293 583 ἐπὶ
1317 533 1430 594 τοῖς
1449 528 1864 602 κατορθώμασιν

309 615 698 686 ἐπαιρόμενος..
732 612 1037 681 ἀκάθαρτός
1084 615 1252 680 ἐστιν,
1301 616 1332 667 ὀ
1381 613 1472 667 ἐπὶ
1503 615 1864 685 ἁμαρτήμασι

308 701 462 754 τοῦτο
512 699 754 767 πάσχων,
786 696 944 759 ποίας
991 696 1240 764 τεύξεται
1300 697 1661 768 συγγνώμης;
1717 693 1877 748 Ἐπεὶ

309 779 397 839 οὖν
428 781 662 844 τοιοῦτος
699 775 768 849 ἦν
798 780 828 831 ὀ
862 780 1271 851 πεπορνευκὼς,
1318 782 1412 836 καὶ
1441 781 1540 852 τὴν
1567 779 1744 850 ψυχὴν
1776 776 1869 832 οὖ-

307 883 411 929 τως
447 863 640 934 ἰταμὴν
665 862 761 916 καὶ
783 861 1096 916 δυσένδοτον
1125 863 1420 934 εἰργάσατο
1447 863 1536 918 διὰ
1563 867 1660 934 τῆς
1688 864 1868 933 ἀμαρο

313 949 442 1011 τίας,
489 945 804 1015 ἀναγκαίως
845 945 1011 1000 αὑτοῦ
1061 946 1495 1017 προκαταϐἀλλει
1537 946 1631 1000 τὸν
1673 945 1866 1014 τῦφον.

310 1033 410 1086 Καὶ
435 1029 556 1084 οὔτε
605 1030 822 1103 πρῶτον
847 1029 1033 1101 τίθησι
1058 1031 1120 1083 τὺ
1151 1029 1425 1101 ἐγκλημα,
1453 1030 1597 1083 ῶστε
1646 1028 1722 1100 μὴ
1767 1029 1871 1082 ἀπ-

308 1113 723 1183 αναισχυντῆσαι
754 1112 939 1178 αὐτὸν,
963 1112 1039 1175 ὡς
1069 1112 1174 1183 πρὸ
1196 1113 1307 1166 τῶν
1339 1113 1512 1167 ἀλλων
1540 1109 1871 1181 ἐγκαλούμε-

308 1213 407 1250 νον·
440 1195 567 1250 οὔτε
591 1197 648 1249 δὲ
679 1195 928 1266 ὕστερον,
952 1194 1092 1248 ὥστε
1117 1195 1278 1248 αὐτὸν
1306 1195 1380 1266 μὴ
1410 1194 1631 1265 νομίσαι
1656 1193 1867 1264 7:69:9-

306 1297 395 1349 γον
423 1276 562 1334 εἷναι
589 1280 651 1332 :6
674 1281 793 1333 κατ’
820 1277 1011 1332 αὐτόν·
1061 1278 1195 1332 ἀλλά
1225 1279 1489 1348 πρότερον
1521 1277 1688 1330 πολὺν
1716 1274 1867 1344 αύτῷ

305 1364 461 1432 φόϐον
492 1363 664 1427 ἐνθεὶς
716 1365 781 1417 ἐκ
804 1363 905 1432 τῆς
949 1363 1083 1434 πρὸς
1128 1363 1346 1434 ἐτέρους
1385 1359 1867 1432 παρῤησίας,τότε

304 1447 388 1500 ἐπ’
416 1447 578 1500 αὐτὸν
603 1448 787 1516 χωρεῖ,
813 1447 870 1500 ἐν
893 1449 958 1517 τῇ
987 1445 1124 1516 πρὸς
1148 1446 1366 1516 ἐτέρους
1390 1446 1708 1515 ἐπιτιμήσει
1740 1459 1884 1514 προι

305 1528 605 1582 κατασείων
630 1527 793 1581 αὑτοῦ
820 1528 916 1597 τὴν
957 1528 1232 1582 ἀπόνοιαν.
1267 1529 1417 1582 Αύτά
1444 1526 1554 1596 γάρ
1585 1525 1759 1580 ταῦτα
1796 1524 1868 1577 τά

305 1613 526 1682 ῥήματα
549 1610 632 1673 :6,
680 1609 871 1663 Οὐδὲν
901 1609 1133 1679 ἐμαυτῷ
1170 1611 1446 1674 σύνοιδα,
1480 1608 1619 1665 ἀλλ’
1651 1610 1771 1663 οὐκί
1795 1607 1866 1659 ἐν

302 1695 496 1758 τούτῳ
522 1691 924 1762 δεδικαίωμαι·
954 1693 1046 1745 καὶ
1073 1693 1155 1758 :6,
1192 1693 1500 1763 Ὀ-κρίνων
1521 1709 1618 1760 με,
1653 1691 1866 1758 Κύριός

300 1777 494 1839 ἐστιν,
523 1774 592 1841 6c
620 1776 721 1829 καί
774 1776 1020 1844 φωτίσει
1052 1775 1125 1830 τὰ
1170 1775 1404 1843 κρυπτὰ
1435 1775 1542 1828 τοῦ
1583 1775 1864 1838 σκότους,

300 1858 400 1912 καὶ
445 1857 778 1929 φανερώσει
811 1857 918 1922 τὰς
939 1857 1178 1924 βουλὰς
1208 1857 1326 1912 τῶν
1354 1857 1630 1925 καρδιῶν,
1660 1857 1756 1925 οὐχ
1787 1855 1864 1918 ὠς

300 1942 451 2012 ἔτυχε
477 1941 734 1995 κάκείνου
768 1941 992 1994 καὶτῶν
1019 1941 1212 2012 ἐκείνῳ
1226 1941 1371 2011 ⁸ημὲν
1401 1939 1864 2010 συγκροτούντων,

300 2025 421 2088 τοὺς
447 2024 505 2077 δέ
532 2023 721 2091 ἁγίους
754 2023 1196 2089 ἐξουθενούντων,
1235 2023 1597 2078 καθάπτεται.
1632 2023 1697 2075 Τί
1727 2021 1861 2092 γάρ,

301 2107 477 2176 φησὶν,
506 2107 557 2158 εἰ
586 2105 788 2170 ἔξωθεν
809 2105 1055 2177 ἐνάρετοι
1099 2105 1382 2176 φαίνονταί
1414 2122 1563 2169 τινες
1595 2107 1688 2158 καὶ
1725 2105 1862 2158 θαυ-

303 2189 533 2257 μαστοί;·
557 2190 632 2243 Οὐ
660 2188 770 2242 τῶν
791 2187 992 2256 ἔξωθεν
1014 2191 1208 2262 κριτής
1245 2191 1363 2243 ἐστι
1408 2189 1567 2260 μόνον
1596 2189 1805 2252 ἐκεῖνος
1833 2189 1864 2242 6

299 2273 570 2344 δικαστής,
615 2273 751 2327 ἀλλά
801 2273 897 2326 καὶ
951 2273 1022 2327 τά
1071 2274 1362 2346 ἀπόρρητα
1405 2275 1484 2338 εἰς
1517 2272 1682 2344 μέσον
1712 2272 1874 2339 ἄγει..

299 2357 396 2409 Δύο
424 2358 606 2410 τοίνυν
647 2357 853 2422 ἐνεκεν,
893 2357 1094 2427 μᾶλλον
1123 2357 1182 2410 δὲ
1223 2357 1318 2410 καὶ
1348 2355 1536 2427 τριῶν,
1577 2356 1679 2409 οὒκ
1710 2355 1860 2409 ἐστιν

298 2440 446 2508 ἡμῶν
492 2443 526 2509 ή
565 2439 743 2510 κρίσις
782 2439 1048 2511 ἀκριϐής·
1091 2440 1210 2503 ἐνὸς
1263 2441 1384 2509 μὲν,
1436 2441 1519 2494 ὅτι
1553 2438 1657 2494 κᾶν
1691 2439 1862 2510 μηδὲν

295 2517 438 2592 ὦμεν
468 2524 681 2585 ἑαυτοῖς
706 2522 1027 2586 συνειδότες,
1053 2524 1201 2594 ὅμως
1224 2523 1465 2594 δεόμεθα
1484 2522 1580 2576 τοῦ
1601 2523 1670 2576 τά
1691 2524 1864 2593 ἀμαρ-

294 2606 517 2676 τήματα
551 2606 708 2675 ἡμῶν
743 2605 1054 2676 ἐλέγχοντος
1111 2607 1248 2677 μετά
1295 2607 1611 2678 ἀκριϐείας·
1669 2607 1860 2676 ἐτέρου

293 2687 369 2753 δὲ,
390 2689 476 2740 ὅτι
502 2688 574 2741 τά
608 2689 824 2742 πλείονα
852 2689 955 2742 τῶν
977 2690 1275 2760 γινομένων
1302 2692 1448 2760 ἡμᾶς
1483 2690 1735 2746 λανθάνει
1768 2691 1862 2744 καὶ

295 2771 619 2840 κρύπτεται·
671 2772 763 2824 καὶ
804 2771 987 2841 τρίτου
1019 2772 1152 2843 7:96;
1181 2772 1413 2836 τούτοις,
1439 2774 1522 2827 ὅτι
1550 2773 1720 2827 πολλά
1752 2773 1860 2826 τῶν

295 2856 602 2924 γενομένων
651 2854 779 2924 παρ’
833 2855 1032 2926 ἐτέρων
1082 2856 1228 2908 δοκεῖ
1265 2857 1361 2926 μὲν
1393 2859 1524 2927 ἡμῖν
1563 2857 1726 2916 καλά,
1759 2857 1862 2912 οὐκ

295 2937 398 2989 ἀπὸ
423 2938 598 3007 ὀρθῆς
625 2937 684 2991 δέ
717 2938 932 3005 γίνεται
976 2937 1222 3008 γνώμης.
1271 2939 1336 2991 Τί
1380 2939 1560 2993 τοίνυν
1588 2941 1748 3010 φατὲ,
1778 2941 1860 2994 ὅτι

294 3020 439 3073 οὐδὲν
470 3021 788 3091 ἡμάρτηται
839 3020 919 3092 τῷ
961 3021 1095 3075 δεῖνι
1119 3021 1215 3075 καὶ
1246 3021 1325 3092 τῷ
1351 3023 1502 3086 δεῖνι,
1538 3025 1632 3078 καὶ
1655 3027 1685 3078 6
1714 3024 1862 3080 δεῖνα

290 3102 381 3155 τοῦ
408 3102 578 3166 δεῖνος
607 3102 836 3173 βελτίων
855 3121 880 3169 ;.
927 3103 1098 3158 Τοῦτο
1125 3103 1233 3175 γὰρ
1258 3105 1360 3158 οὐκ
1396 3105 1544 3159 ἐστιν
1572 3107 1860 3177 ἀποφήναι-

295 3183 435 3247 σθαι,
465 3185 588 3238 οὐδὲ
612 3185 746 3255 περὶ
775 3185 867 3238 τοῦ
918 3187 1084 3256 μηδὲν
1118 3187 1295 3258 ἐαυτῷ
1331 3188 1652 3255 συνειδότος·
1687 3187 1716 3240 ὀ
1749 3188 1859 3258 γὰρ

292 3267 356 3320 τά
385 3268 674 3339 ἀπόρρητα
704 3269 926 3338 κρίνων,
949 3270 1155 3334 ἐκεῖνός
1183 3272 1329 3324 ἐστιν
1358 3272 1546 3343 δ’μετά
1575 3272 1859 3342 ἀκριϐείας

290 3348 540 3412 δικάζων.
574 3351 708 3404 Ἰδοὺ
759 3351 910 3420 γοῦν,
942 3353 1064 3406 ούδέ
1093 3353 1206 3423 ἐγώ
1252 3372 1308 3408 τι
1343 3356 1565 3427 ἐμαυτῷ
1599 3357 1819 3413 σύνοιδα
1839 3376 1854 3391 ·

292 3432 405 3484 ἀλλ’
436 3433 559 3486 οὐδὲ
605 3433 751 3487 οῦτω
795 3435 1174 3506 δεδικαίωμαι·
1211 3439 1510 3502 τουτέστιν,
1536 3441 1638 3495 οὐκ
1679 3442 1859 3512 ἀπήλ-

289 3514 501 3590 λαγμαι
531 3515 640 3567 τῶν
671 3515 904 3569 εὐθυνῶν
931 3518 1057 3572 ούδέ
1079 3519 1192 3571 τῶν.
1223 3519 1603 3591 ἐγκλημάτων.
1644 3523 1717 3575 O6
1749 3523 1858 3593 γάρ

288 3596 446 3649 τοῦτό
472 3615 662 3665 φησιν,
695 3598 778 3651 ὅτι
826 3599 939 3652 Ούκ
978 3601 1036 3654 ἐν
1063 3603 1176 3665 τοῖς
1212 3601 1240 3641 δ
1289 3603 1520 3669 δικαίοις
1564 3605 1856 3675 τέταγμαι,

288 3680 401 3733 ἀλλ’
428 3682 512 3734 ὅτι
541 3683 660 3735 Οὐκ
708 3681 831 3751 εἰμί
859 3681 1095 3754 καθαρὸς
1137 3684 1246 3738 ἀπὸ
1275 3685 1571 3756 ἁμαρτίας.
1607 3688 1718 3740 Καὶ
1751 3687 1858 3758 γάρ

288 3762 740 3834 ἀλλαχοῦφησιν·
783 3766 836 3817 '0
886 3764 954 3818 δὲ
999 3767 1319 3822 ἀποθανὼν
1347 3768 1461 3840 [9|]
1491 3769 1860 3824 δεδικαίωται

287 3844 408 3897 ἀπὸ
431 3845 545 3910 τῆς
571 3847 892 3916 ἁμαρτιας·
951 3849 1248 3916 τουτέστιν,
1282 3850 1649 3921 ἀπήλλακται.
1680 3851 1858 3906 Πολλά

287 3927 340 3979 δὲ
369 3929 460 3982 καὶ
489 3931 807 4001 πράττομεν
831 3931 1011 3999 ἀγαθά
1039 3933 1158 4002 μέν,
1183 3934 1284 3987 οὐκ
1309 3934 1417 3988 ἀπὸ
1440 3934 1606 4006 ὀρθῆς
1629 3935 1686 3988 δὲ
1713 3933 1858 4004 γνώ-

290 4026 413 4080 μης.
465 4013 577 4065 Καὶ
628 4015 742 4080 γὰρ
795 4015 1128 4084 ἐπαινοῦμεν
1162 4015 1412 4080 πολλοὺς,
1466 4017 1568 4070 οὐκ
1613 4019 1859 4082 ἐκείνους

285 4096 506 4166 ποιῆσαι
533 4096 826 4167 λαμπροὺς
860 4097 1193 4170 βουλόμενοι,
1225 4100 1341 4154 ἀλλ’
1369 4100 1589 4172 ἐτέρους
1613 4101 1682 4155 δι’
1706 4103 1855 4156 ἐκεί-

285 4193 388 4228 νων
411 4178 649 4233 δάκνειν.
688 4181 794 4233 Kal
823 4180 883 4234 :6
919 4181 1019 4250 μὲν
1047 4182 1350 4253 γινόμενον,
1392 4184 1554 4238 καλὸν
1589 4186 1855 4254 (ἐπαινεῖ-

284 4277 370 4314 ται
414 4262 524 4333 γάρ
570 4264 601 4316 6
650 4263 980 4335 κατορθῶν).
1027 4268 1073 4335 ὴ,
1103 4266 1161 4322 δέ
1197 4267 1419 4321 διάνοια
1444 4268 1854 4341 διεφθαρμένη·

286 4344 390 4397 ἀπὸ
426 4348 727 4417 σατανικῆς
776 4348 888 4419 γὰρ
940 4350 1151 4415 γίνεται
1202 4350 1448 4420 γνώμης.
1515 4352 1591 4404 Ού
1625 4352 1734 4423 γὰρ
1778 4354 1855 4425 τῷ

285 4426 492 4499 ἀδελφῷ
541 4431 887 4501 συγχαίρων,
923 4431 1060 4485 ἀλλά
1111 4431 1204 4486 τὸν
1232 4433 1419 4504 ἓτερον
1450 4433 1635 4503 βαλεῖν
1663 4435 1856 4489 ἐπιθυ-

290 4510 421 4578 μῶν,
446 4511 601 4567 τοῦτο
647 4513 922 4577 πολλάκις
973 4514 1242 4586 πεποίηκέ
1270 4534 1372 4580 τις.
1405 4518 1596 4579 Πάλιν,
1635 4519 1861 4590 ἥμαρτέ-

284 4607 363 4656 τις
385 4593 654 4666 ἁμαρτίαν
684 4596 954 4667 μεγάλην·
984 4597 1169 4666 ἕτερός
1200 4615 1282 4661 τις
1313 4599 1474 4654 αὑτὸν
1496 4601 1852 4656 ὑποσκελίσαι

287 4673 612 4746 βουλόμενος,
662 4679 825 4733 οὐδέν
855 4695 1018 4750 φησιν
1049 4680 1359 4751 εἰργάσθαι,
1387 4684 1481 4738 καὶ
1511 4685 1854 4756 παραμυθεῖ-

284 4773 366 4810 ται
387 4759 541 4830 δῆθεν
569 4763 738 4817 αὐτὸν
773 4763 1293 4832 άμαρτάνοντα,ἐπὶ
1323 4766 1383 4819 :6
1412 4768 1590 4822 κοινὸν
1623 4769 1722 4836 τῆς
1748 4770 1862 4838 φύιι

284 4857 411 4907 σεως
466 4847 872 4916 καταφεύγων·
919 4845 1035 4901 ἀλλ’
1085 4847 1145 4901 06
1197 4849 1506 4917 συγγνῶναι
1567 4851 1850 4918 πολλάκις,

286 4923 406 4978 ἀλλά
473 4928 872 5000 ῥᾳθυμότερον
907 4929 1244 5000 ἐργάσασθαι
1292 4931 1637 5003 βουλόμενος,
1695 4935 1853 4989 τοῦτο

285 5011 431 5062 ποιεῖ.
460 5011 632 5066 Πάλιν
660 5011 991 5082 ἐπιπλήττει
1013 5013 1294 5079 πολλάκις,
1321 5015 1418 5084 οὐχ
1447 5015 1589 5069 ὥστε
1635 5017 1853 5087 ἐλέγξαι

285 5091 367 5141 καί
389 5094 735 5168 νουθετῆσαι,
768 5095 888 5150 ἀλλ’
915 5095 1056 5150 ὥστε
1085 5097 1468 5167 ἐκπομπεῦσαι
1499 5101 1594 5153 καὶ
1611 5101 1852 5172 ἐκτραγ-

283 5172 468 5246 ῳδῆσαι
519 5179 601 5249 τῷ
653 5178 894 5251 πλησίον
928 5179 1025 5251 τὴν
1059 5181 1355 5253 ἁμαρτίαν.
1403 5181 1514 5246 Τάς
1556 5183 1614 5237 δὲ
1656 5184 1851 5254 βουλάς

283 5255 434 5340 αύτάς
473 5260 762 5332 ἄνθρωποι
812 5261 914 5332 μὲν
963 5264 1062 5317 οὐκ
1115 5265 1316 5329 ἴσασιν,
1359 5266 1389 5318 ὀ
1416 5265 1474 5319 δὲ
1497 5265 1596 5331 τὰς
1625 5268 1851 5340 καρδίας

286 5339 502 5410 ἐρευνῶν
550 5347 808 5415 ἀκριϐῶς
873 5347 1184 5415 ἐπίσταται,
1242 5351 1334 5404 καὶ
1383 5352 1464 5414 είς
1521 5339 1850 5420 μέσοννάξει

287 5425 444 5479 πάντα
469 5430 591 5481 τότε
630 5433 844 5485 ἐκεῖνα.
872 5431 963 5483 Διὸ
995 5433 1092 5485 καὶ
1119 5433 1300 5501 ἔλεγεν
1320 5450 1334 5465 ·
1375 5435 1470 5500 Ὃς
1502 5435 1746 5503 φωτίσει
1778 5437 1851 5490 τὰ

288 5510 497 5571 κρυπτὰ
526 5511 636 5566 τοῦ
665 5514 960 5580 σκότους,
997 5514 1096 5566 καὶ
1121 5517 1450 5584 φανερώσει
1479 5518 1583 5584 τὰς
1611 5519 1850 5584 ,βουλὰς

289 5588 388 5641 τῶν
411 5594 692 5662 καρδιῶν.

351 5693 504 5749 Ὅταν
523 5693 616 5752 οῦν
651 5698 752 5752 καὶ
786 5699 848 5751 ἐν
875 5697 954 5768 τῷ
979 5697 1148 5768 μηδὲν
1183 5700 1397 5766 ἑαυτοῖς
1437 5704 1730 5757 συνειδέναι
1773 5704 1848 5775 μὴ

347 5882 365 5908 ³
387 5887 530 5954 mni,
563 5894 757 5957 ἐκείνῳ.
796 5890 943 5955 1103.,
967 5894 1158 5944 ἐκεῖνον.
1227 5901 1252 5942 b
1279 5897 1384 5960 Reg
1411 5935 1424 5960 ,
1451 5901 1519 5946 ὅτι
1548 5898 1722 5955 ἐντοῖς.

1970 447 2254 520 δυνώμεθα
2280 443 2636 523 ἐγκλημάτων
2667 449 2806 508 εἶναι
2835 455 3084 524 καθαροὶ,
3109 457 3198 510 καὶ
3222 458 3278 509 ἐν
3299 454 3378 523 οἷς
3408 461 3540 527 ἀγα-

1972 531 2065 584 θόν
2087 550 2142 586 τι
2171 534 2504 614 πράττομεν,
2533 539 2634 591 οὐκ
2652 538 2760 591 ἀπὺ
2788 539 2951 609 ὀρθῆς
2980 540 3036 591 δὲ
3061 542 3282 610 γνώμης
3304 543 3539 614 πράττο-

1975 631 2096 684 μεν,
2124 618 2401 688 τιμωρίας
2420 612 2570 689 ὦμεν
2599 620 2910 685 ὑπεύθυνοι,
2943 622 3190 690 ἐννόησον
3225 612 3363 695 πόση
3392 627 3541 694 παρά

1966 697 2275 779 ἀνθρώποις
2305 701 2490 770 ἀπάτη
2515 704 2642 772 περὶ
2661 703 2760 766 τὰς
2783 704 3012 774 κρίσεις.
3035 705 3218 758 Πάντα
3245 707 3350 779 γάρ
3370 707 3540 761 ταῦτα

1967 778 2274 851 ἀνθρώποις
2325 784 2425 852 μὲν
2470 785 2572 838 οὐκ
2613 785 2762 839 ἐστιν
2797 786 3020 856 ἐφικτὰ,
3057 787 3133 857 τῷ
3163 788 3220 842 δὲ
3255 778 3540 860 ἀκοιμήτῳ

1971 861 2117 934 μόνῳ
2140 864 2434 936 ὀφθαλμῷ·
2465 867 2566 920 κᾶν
2595 868 2919 941 ἀνθρώπους
2952 871 3328 942 ἀπατήσωμεν
3348 913 3362 938 ,
3398 872 3538 925 ἐκεῖ-

1965 961 2057 999 νον
2089 946 2338 1000 οὐδέποτε
2364 949 2862 1020 παραλογισάμεθα.
2898 951 2989 1022 Μὴ
3013 953 3189 1005 τοίνυν
3217 954 3366 1024 λέγε·
3405 955 3536 1007 Σκό-

1967 1043 2056 1091 τος
2082 1027 2263 1098 κύκλῳ
2297 1047 2402 1099 μου
2431 1031 2526 1084 καὶ
2563 1035 2738 1102 τοῖχοι
2761 1050 2776 1064 ·
2808 1034 2892 1096 τίς
2930 1051 2996 1104 με
3029 1034 3165 1105 ὀρᾷ;
3197 1038 3225 1088 6
3264 1036 3373 1104 γάρ
3404 1036 3540 1090 πλά-

1970 1127 2067 1174 σας
2094 1112 2405 1182 καταμόνας
2429 1113 2532 1177 τάς
2564 1116 2790 1185 καρδίας
2812 1116 2986 1186 ἡμῶν,
3020 1117 3180 1181 αὐτὸς
3210 1120 3388 1174 πάντα
3416 1122 3538 1174 ἐπί-

1970 1209 2180 1256 σταται,
2209 1195 2290 1248 ὃτι
2317 1195 2507 1258 σκότος
2543 1197 2603 1250 ού
2632 1198 3049 1268 σκοτισθήσεται
3079 1202 3208 1269 παρ’
3236 1202 3398 1272 αὐτῷ.
3428 1205 3540 1256 Κα-

1967 1274 2074 1338 λῶς
2101 1276 2159 1328 δέ
2196 1294 2360 1346 φησιν
2395 1280 2424 1332 6
2452 1279 2813 1350 ἁμαρτάνων,
2845 1281 2927 1334 ὅτι
2978 1281 3175 1346 Σκότος
3205 1284 3388 1356 κύκλῳ
3435 1304 3538 1355 μου

1968 1360 2061 1412 καὶ
2084 1361 2271 1429 τοῖχοι.
2295 1360 2356 1412 Ei
2384 1360 2462 1431 μὴ
2485 1361 2594 1432 γάρ
2616 1363 2805 1426 σκότος
2824 1359 2892 1434 ἧν
2915 1363 2973 1416 ἐν
3003 1369 3066 1436 τῇ
3088 1366 3317 1438 διανοίᾳ,
3351 1368 3452 1421 οὐκ
3472 1369 3538 1422 ἂν

1965 1442 2062 1496 τὸν
2092 1442 2256 1511 φόϐον
2281 1443 2373 1497 τοῦ
2404 1443 2535 1498 Θεοῦ
2561 1445 2831 1510 ἐκϐαλὼν,
2866 1447 3005 1518 μετά
3034 1449 3216 1513 ἀδείας
3245 1449 3534 1522 ἔπραττεν.

1969 1525 2069 1577 Ἂν
2096 1523 2204 1594 γάρ
2232 1524 2310 1596 μὴ
2323 1527 2587 1599 πρότερον
2615 1528 2871 1599 σκοτισθῇ
2899 1529 2960 1583 :6
2977 1533 3322 1602 ἡγεμονικὸν,
3347 1534 3535 1585 ἐπεισ-

1965 1605 2138 1660 ελθεῖν
2158 1609 2191 1676 ὴ
2221 1608 2466 1679 ἁμαρτία
2506 1610 2642 1682 μετά
2676 1611 2859 1675 ἀδείας
2879 1613 2940 1664 06
2974 1612 3217 1667 δύναται.
3247 1614 3340 1686 Μὴ
3361 1615 3536 1669 τοίνυν

1965 1688 2108 1757 λέγε·
2142 1689 2239 1751 Τίς
2292 1709 2358 1760 με
2392 1693 2531 1763 ὀρᾷ;
2584 1693 2700 1746 ἐστι
2749 1693 2856 1766 γάρ
2892 1697 2920 1748 6
2957 1695 3326 1766 διικνούμενος
3374 1697 3536 1768 μέχρι

1963 1770 2142 1840 ψυχῆς
2169 1773 2262 1825 καί
2289 1772 2619 1844 πνεύματος,
2645 1774 2839 1846 ἁρμῶν
2877 1794 2935 1829 τε
2979 1779 3072 1830 καὶ
3113 1778 3323 1848 μυελῶν
3345 1797 3358 1809 ·
3401 1780 3536 1833 ἀλλά

1967 1856 2030 1908 σὺ
2056 1855 2249 1909 σαυτόν
2267 1857 2366 1926 οὐχ
2402 1858 2556 1928 ὁρᾷς,
2581 1858 2703 1914 ούδέ
2733 1859 3040 1930 διατέμνειν
3088 1860 3312 1914 δύνασαι
3349 1861 3410 1914 :6
3447 1863 3535 1915 νέ-

1965 1954 2084 2005 φος,
2111 1939 2224 1993 ἀλλ’
2247 1939 2436 2012 ὥσπερ
2458 1941 2658 2012 τειχίον
2688 1943 2950 1996 πάντοθεν
2973 1943 3111 2014 έχων
3132 1944 3535 2014 περικείμενον,

1963 2020 2134 2085 οὓτως
2165 2023 2464 2091 ἀναϐλέψαι
2501 2025 2636 2095 πρὸς
2659 2025 2752 2078 τὸν
2780 2025 3008 2096 ούρανὸν
3026 2027 3124 2079 οὐκ
3148 2025 3308 2098 ἔχεις.

2031 2105 2074 2158 δ’
2082 2105 2268 2160 ,Ποίαν
2283 2106 2390 2178 γάρ
2411 2106 2587 2177 βούλει
2604 2109 2870 2181 πρότερον
2883 2110 3155 2182 ἁμαρτίαν
3170 2108 3534 2180 ἐξετάσωμεν;

1963 2187 2057 2240 καὶ
2085 2188 2363 2258 ὀψειοῦτω
2380 2191 2669 2262 γινομένην
2691 2193 2882 2264 αὑτήν.
2916 2193 3182 2264 Καθάπερ
3207 2193 3324 2264 γὰρ.
3337 2193 3534 2265 λῃσταὶ

1964 2272 2057 2325 καὶ
2090 2273 2480 2345 τοιχωρύκται,
2517 2276 2740 2330 ἐπειδάν
2778 2294 2833 2330 τι
2861 2276 2967 2330 τῶν
2994 2277 3191 2346 τιμίων
3229 2277 3412 2331 λαϐεῖν
3442 2276 3534 2329 θε-

1963 2353 2188 2424 λήσωσι,
2205 2357 2296 2411 τὸν
2325 2356 2517 2428 λύχνον
2538 2359 2984 2422 κατασϐέσαντες
3004 2359 3162 2413 τοῦτο
3187 2360 3532 2430 πράττουσιν·

1963 2437 2106 2492 οὕτω
2125 2439 2218 2492 καί
2235 2441 2326 2493 ἐπὶ
2354 2440 2462 2493 τῶν
2481 2442 2905 2512 ἁμαρτανόντων
2929 2445 2957 2496 6
2975 2443 3369 2514 διεφθαρμένος
3392 2445 3537 2496 ποιεῖ

1963 2519 2239 2592 λογισμός.
2272 2522 2382 2576 K01
2407 2523 2512 2595 γάρ
2548 2525 2639 2576 καὶ
2677 2526 2734 2577 ἐν
2764 2526 2898 2594 ἡμῖν
2931 2526 3048 2577 ἐστι
3079 2524 3193 2595 φῶς
3229 2525 3289 2577 :6
3317 2525 3534 2594 λογικὸν

1960 2601 2132 2656 διόλου
2169 2603 2479 2674 καιόμενον.
2516 2607 2612 2658 Ἂν
2652 2605 2710 2659 δέ
2766 2607 2826 2658 :6
2873 2606 3092 2677 πνεῦμα
3140 2607 3237 2676 τῆς
3278 2607 3535 2676 πορνείας

1963 2685 2205 2756 σφοδρῶς
2233 2686 2627 2758 ἐπελθὸν-μετὰ
2657 2687 2860 2759 πολλῆς
2891 2690 2990 2759 τῆς
3021 2689 3198 2760 ῥύμης
3221 2689 3534 2761 κατασϐέσῃ

1959 2767 2056 2838 τὴν
2085 2767 2261 2836 φλόγα
2284 2769 2519 2840 ἐκείνην,
2552 2770 2830 2822 ἐσκότισεν
2876 2770 3078 2833 εὐθέως
3108 2771 3206 2840 τὴν
3239 2770 3414 2842 ψυχὴν
3441 2773 3536 2823 καὶ

1961 2851 2396 2921 κατηγωνίσατο,
2431 2853 2522 2906 καὶ
2562 2853 2738 2906 πάντα
2772 2852 3037 2924 ἐσύλησεν
3078 2852 3284 2915 εὐθέως
3335 2853 3407 2905 τὰ
3445 2856 3534 2906 ὲν-

1960 2933 2489 3004 αποκε-ίμενα.”οταν
2513 2935 2620 3006 γάρ
2648 2935 2751 2988 67:6
2766 2935 3028 3004 ἀσελγοῦς
3052 2935 3342 3005 ἐπιθυμίας
3363 2934 3475 3006 άλῷ
3499 2938 3536 3005 ἡ

1958 3015 2125 3087 ψυχὴ,
2150 3017 2404 3089 καθάπερ
2438 3019 2598 3088 νέφος
2651 3020 2744 3072 καὶ
2779 3021 2948 3090 ἀχλὺς
2979 3020 3107 3083 :06;
3153 3019 3246 3072 :06
3283 3019 3534 3090 σώματος

1959 3098 2290 3171 ὀφθαλμοὺς,
2321 3102 2464 3156 οὕτω
2500 3102 2601 3172 τῆς
2625 3103 2867 3166 διανοίας
2898 3103 2958 3155 :6
3004 3103 3361 3173 προορατικὺν
3402 3121 3534 3174 προ-

1959 3183 2339 3237 καταλαϐοῦσα
2362 3185 2568 3257 ἐκείνη,
2588 3185 2774 3240 οὐδένα
2796 3186 3018 3256 ἀφίησιν
3047 3186 3174 3238 ἰδεῖν
3200 3185 3318 3257 [92]
3342 3202 3408 3238 πε
3419 3203 3532 3256 ραι-

1958 3266 2120 3336 τέρω,
2152 3267 2212 3319 ού
2239 3269 2504 3338 κρημνὸν,
2539 3270 2598 3322 06
2639 3269 2863 3336 γέενναν
2883 3309 2896 3332 ,
2933 3271 2993 3321 06
3037 3269 3202 3336 φόϐον
3223 3307 3237 3332 ,
3281 3267 3394 3320 ἀλλ’
3427 3269 3533 3321 67:6

1957 3349 2055 3421 τῆς
2078 3349 2369 3421 ἐπιϐουλῆς
2392 3352 2607 3421 ἐκείνης
2631 3370 2694 3405 τυ
2704 3352 3030 3424 ραννηθεῖσα
3059 3352 3264 3414 λοιπὸν,
3296 3353 3530 3406 εὐκατα-

1958 3434 2215 3501 γώνιστος
2244 3431 2348 3488 67:6
2379 3433 2478 3506 τῆς
2520 3435 2795 3507 ἁμαρτίας
2847 3435 3094 3503 γίνεται·
3144 3437 3238 3488 καὶ
3279 3436 3532 3505 καθάπερ

1958 3519 2132 3586 τοῖχος
2170 3517 2499 3586 ἀθυρίδωτος
2522 3517 2628 3588 7:96
2650 3517 2757 3569 τῶν
2786 3516 3077 3585 ὀφθαλμῶν
3124 3516 3391 3586 ἐγερθεὶς,
3430 3517 3532 3570 οὐκ

1959 3599 2152 3669 ἀφίησι
2181 3600 2277 3669 τὴν
2302 3601 2496 3652 ἀκτῖνα
2530 3600 2629 3668 τῆς
2655 3597 2999 3667 δικαιοσύνης
3031 3598 3300 3666 ἐλλάμψαι
3327 3602 3392 3670 τῇ
3423 3600 3533 3652 δια-

1959 3682 2096 3752 νοίᾳ,
2125 3681 2232 3734 τῶν
2249 3681 2530 3751 λογισμῶν
2556 3681 2663 3733 τῶν
2685 3681 2909 3734 ἀτόπων
2941 3682 3040 3750 τῆς
3062 3681 3359 3750 ἐπιθυμίας
3396 3683 3534 3735 πάν-

1957 3764 2112 3817 τοθεν
2134 3764 2303 3834 αὐτὴν
2329 3764 2774 3834 ἐπιτειχισάντων
2799 3774 2820 3802 ο
2844 3779 2858 3793 ·
2883 3763 2979 3816 καὶ
2997 3765 3212 3834 ἀπαντᾷ
3241 3764 3387 3835 αύτῷ
3408 3764 3530 3818 τότε

1957 3845 2144 3900 λοιπὸν
2174 3848 2208 3917 ἡ
2236 3848 2606 3918 πορνευομένη
2639 3847 2796 3919 γυνὴ.
2829 3848 2935 3917 πρὸ
2951 3847 3061 3900 τῶν
3085 3848 3397 3919 ὀφθαλμῶν,
3423 3850 3529 3920 πρὸ

1955 3930 2058 4000 τῆς
2094 3930 2352 3994 διανοίας,
2384 3930 2491 4001 πρὸ
2521 3931 2630 3983 τῶν
2659 3930 2940 4001 λογισμῶν
2987 3931 3202 3987 ἐστῶσα
3227 3933 3322 3987 καὶ
3346 3949 3530 4002 φαινο-

1959 4013 2093 4083 μένη
2114 4029 2129 4044 ·
2163 4014 2258 4066 καὶ
2282 4013 2472 4082 ὥσπερ
2497 4014 2550 4066 0t-
2594 4013 3008 4085 πεπηρωμένοι,
3043 4017 3147 4070 κάν
3196 4016 3530 4087 ἐνσταθερᾷ

1959 4094 2276 4165 μεσημϐρία
2314 4096 2408 4148 ὑπ’
2437 4095 2604 4149 αὐτοῦ
2635 4095 2732 4149 :06
2763 4097 2797 4136 ἀ
2820 4096 3054 4166 ούρανοῦ
3083 4097 3144 4150 τὸ
3181 4098 3344 4168 μέσον
3367 4099 3528 4167 ἐστη-

1954 4177 2109 4240 κότες
2138 4172 2366 4240 ὦσιν,ού
2390 4179 2787 4248 παραδέχονται
2812 4179 2871 4232 :6
2905 4179 3043 4248 φῶς,
3062 4179 3527 4250 ἐγκεκλεισμένων

1954 4260 2138 4323 αὐτοῖς
2166 4261 2274 4314 τῶν
2298 4263 2560 4331 ὀμμάτων
2579 4278 2592 4292 ·
2621 4261 2764 4315 οὕτω
2797 4261 2862 4331 δὴ
2887 4262 2983 4315 καὶ
3028 4254 3198 4323 οὗτοι,
3226 4262 3329 4314 κάν
3361 4263 3543 4330 μυρία.

1955 4343 2229 4397 πάντοθεν.
2260 4344 2441 4405 αὐτοῖς
2471 4346 2637 4414 ἐνηχῇ
2689 4347 2928 4415 σωτήρια
2963 4344 3229 4412 δόγματα,
3253 4343 3328 4412 τῷ
3367 4344 3529 4397 πάθει

1954 4426 2128 4496 τούτῳ
2159 4427 2692 4496 προκατειλημμένοι
2715 4430 2814 4497 τὴν
2832 4427 3032 4496 ψυχὴν,
3060 4428 3193 4479 πᾶσι
3215 4429 3325 4488 τοῖς
3351 4426 3528 4479 τοιού-

1954 4526 2070 4572 τοις
2100 4508 2282 4576 λόγοις
2313 4507 2729 4577 ἀποφράττουσι
2756 4510 2854 4580 τὴν
2887 4510 3082 4578 ἀκοήν.
3129 4509 3238 4569 Καὶ
3271 4508 3450 4562 ἴσασιν
3479 4511 3528 4563 οί

1953 4591 2056 4659 τὴν
2084 4593 2278 4662 πεῖραν
2302 4590 2584 4662 εἰληφότες
2611 4590 2812 4654 καλῶς.
2850 4591 2989 4644 Ἀλλ’
3018 4593 3164 4662 ὑμᾶς
3203 4591 3277 4661 μὴ
3318 4592 3530 4660 γένοιτο

1954 4674 2062 4727 ἀπὸ
2083 4673 2184 4744 τῆς
2212 4674 2410 4745 πείρας
2437 4674 2610 4744 αὐτῆς
2639 4675 2856 4729 εἰδέναι.
2888 4676 2998 4744 Οὑχ
3030 4674 3169 4744 αῦτη
3200 4675 3256 4727 δὲ
3297 4676 3457 4744 μόνον
3491 4677 3525 4746 ἡ

1953 4758 2196 4830 ἀμαρτία
2218 4758 2394 4813 ταῦτα
2414 4761 2576 4821 ποιεῖ,
2601 4758 2736 4812 ἀλλά
2761 4759 2856 4812 καὶ
2889 4760 2996 4822 πᾶς
3027 4758 3166 4830 ἔρως
3197 4758 3418 4822 ἄτοπος.

2022 4861 2359 4932 Μεταθῶμεν
2395 4861 2526 4933 γάρ,
2548 4864 2596 4915 εἰ
2617 4862 2786 4928 δοκεῖ,
2817 4863 2910 4916 τὸν
2929 4863 3086 4930 λόγον
3122 4863 3233 4916 ἀπὸ
3263 4863 3363 4932 τῆς
3393 4879 3528 4932 πορ-

1954 4945 2248 5015 νευομένης
2269 4945 2526 5013 γυναικὸς
2548 4946 2641 4998 ἐπὶ
2665 4946 2734 4998 τὰ
2763 4948 3042 5017 χρήματα,
3091 4947 3184 5000 καὶ
3216 4945 3527 5014 θεασόμεθα

1954 5027 2048 5080 καὶ
2070 5026 2304 5080 ἐνταῦθα
2337 5026 2543 5079 πυκνὸν
2585 5028 2774 5092 σκότος
2807 5031 2900 5082 καὶ
2941 5029 3186 5099 συνεχές.
3245 5029 3392 5080 Ἐκεῖ
3427 5029 3526 5096 μὲν

1953 5109 2084 5178 γὰρ,
2118 5110 2213 5164 ἀτε
2238 5110 2368 5179 μιᾶς
2391 5107 2557 5179 οῦσης
2577 5111 2676 5178 τῆς
2705 5111 2988 5179 ἐρωμένης
3010 5111 3105 5162 καὶ
3133 5112 3212 5172 εἰς
3242 5109 3339 5163 ἐνα
3362 5110 3525 5164 τόπον

1954 5191 2475 5262 ἀποκεκλεισμένης,
2499 5193 2597 5260 οὐχ
2621 5192 2764 5244 οὕτω
2791 5192 3016 5260 σφοδρὸν
3037 5192 3098 5244 :6
3128 5191 3322 5256 πάθος·
3343 5193 3434 5246 ἐπὶ
3461 5194 3519 5247 δέ

1951 5274 2061 5326 τῶν
2089 5276 2385 5345 χρημάτων
2415 5274 2727 5343 ἁπανταχοῦ
2762 5275 3118 5345 φαινομένων,
3145 5278 3202 5329 ἐν
3219 5277 3524 5348 ἀργυροκοο

1953 5357 2144 5421 πείοις,
2172 5359 2229 5411 ἐν
2264 5357 2618 5426 πανδοχείοις,
2652 5359 2710 5410 ἐν
2742 5359 3128 5428 χρυσοχοείοις,
3175 5362 3232 5412 ἐν
3261 5364 3382 5424 ταῖς
3414 5362 3521 5412 τῶν

1952 5439 2319 5493 πλουτούντων
2335 5441 2550 5502 οἰκίαις,
2581 5440 2823 5510 σφοδρῶς
2850 5442 2878 5492 ὀ
2904 5441 3041 5511 ἔρως
3065 5447 3204 5496 πνεῖ.
3229 5444 3394 5496 Ὅταν
3415 5444 3530 5509 γὰρ

1951 5524 2146 5584 παῖδας
2178 5523 2464 5586 σοϐοῦντας
2494 5524 2588 5577 ἐπὶ
2618 5527 2713 5593 τῆς
2754 5525 2978 5594 ἀγοράς,
3025 5526 3226 5588 ἵππους
3254 5540 3519 5595 χρυσοφο-

1953 5606 2198 5674 ροῦντας,
2253 5605 2572 5676 ἀνθρώπους
2615 5605 3119 5675 καλλωπιζομένους
3170 5605 3516 5658 πολυτελέσιν

1951 5691 2251 5762 ἐσθήμασιν
2286 5691 2367 5761 ἴδῃ
2404 5693 2522 5760 μετ’
2551 5689 2842 5758 ἐπιθυμίας
2876 5691 2904 5740 6
2932 5690 3124 5752 νοσῶν,
3151 5689 3314 5746 πολὺς
3342 5687 3368 5737 ὀ
3403 5685 3518 5736 σκό-

2018 5902 2038 5931 θ
2066 5899 2209 5960 Βυε,
2237 5898 2625 5960 ἐιιιιιιχιζύντων.
2691 5894 2717 5933 d
2743 5895 2886 5956 Reg,
2909 5895 2987 5940 ὑπ’
3012 5892 3126 5942 αὐτὸ
3146 5890 3247 5939 τοῦ.
