3954 6130
418 284 488 345 93
1163 285 1222 340 S.
1260 282 1550 340 JOANNIS
1585 282 2081 342 CIIRYSOSTOMI
2121 287 2443 346 ARCHIEP.
2483 288 3034 347 CONSTANTINOP.
3608 294 3682 351 οι

413 420 507 470 τος
527 401 863 474 καταχεῖται.
903 400 1012 454 Kal
1043 399 1094 451 τί
1132 399 1212 452 δεῖ
1249 399 1430 468 λέγειν
1462 397 1640 463 οίκίας
1684 374 1779 453 καὶ
1817 402 1992 472 ἀργυ-

217 451 220 454 ’
307 527 310 530 .
418 451 882 560 ῥῖᾶᾇξειζιῖῖεῖιέ»
907 451 1023 556 ἒξάῥ
1052 478 1204 554 οἶμαι
1234 451 1361 548 τᾱεὶς
1406 451 1993 548 έοιούτοῦςζκεῖἓπι

414 573 517 642 τῆς
547 570 768 642 γραφῆς
789 567 940 622 ἴδωσι
966 567 1181 637 καὶτῆς
1211 567 1421 632 εἰκόνος
1447 567 1538 621 τὸν
1569 566 1818 633 πλοῦτον,
1851 583 1992 620 σπα-

419 654 709 727 ράττεσθαι
736 653 829 705 καὶ
848 650 1149 722 ἀγριαίνειν
1176 651 1270 704 καὶ
1299 651 1495 722 λυττᾷν
1513 665 1526 680 ·
1555 649 1698 703 ὥστε
1727 649 1995 704 πάντοθεν

416 739 606 801 αὐτοῖς
625 736 689 789 τὸ
716 737 908 798 σκότος
937 734 1252 802 συνάγεται.
1278 733 1399 788 Κάν
1427 735 1538 803 γὰρ
1560 734 1641 795 εἰς
1661 732 1845 786 εἰκόνα
1871 730 1994 802 βλέ-

413 824 558 893 ψωσι
592 819 900 891 βασιλικὴν,
936 819 995 872 οὐ
1021 817 1361 888 θαυμάζουσι
1386 817 1495 872 τῶν
1523 817 1687 872 λίθων
1710 816 1771 870 τὸ
1797 816 1992 879 κάλλος

414 906 536 960 οὐδὲ
564 905 656 958 τὸν
689 902 889 974 χρυσὸν
920 901 1042 955 οὐδὲ
1073 901 1134 954 τὸ
1155 901 1420 972 ἀλουργές
1449 900 1700 970 ἱμάτιον,
1731 898 1868 953 ἀλλά
1893 900 1991 968 τή-

414 1008 620 1045 κονται.
659 989 772 1042 Kal
793 985 1044 1056 καθάπερ
1070 987 1098 1040 6
1135 984 1376 1056 δύσερως
1409 985 1636 1051 ἐκεῖνος,
1680 984 1782 1038 κᾶν
1808 983 1994 1037 εἰκόνα

414 1073 678 1144 θεάσηται
719 1073 820 1141 τῆς
857 1068 1142 1144 ἐρωμένης
1196 1068 1473 1138 γυναικὸς,
1517 1066 1865 1139 προσήλωται
1915 1065 1993 1134 τῷ

412 1142 631 1226 ἀψύχῳ·
658 1152 801 1206 οὕτω
828 1153 923 1206 καὶ
943 1142 1100 1214 οὗτος
1125 1150 1330 1220 ἄψυχον
1344 1149 1486 1222 ὁρῶν
1505 1150 1689 1202 εἰκόνα
1705 1147 1798 1202 τοῦ
1829 1147 1997 1200 πλού-

412 1237 616 1299 του,τὸ
649 1235 783 1290 αὐτὸ
832 1234 1034 1306 πάσχει
1074 1233 1359 1306 μειζόνως,
1405 1233 1501 1286 άτε
1541 1229 1994 1303 τυραννικωτέρῳ

414 1320 782 1393 κατεχόμενος
807 1320 1000 1374 πάθει·
1034 1321 1128 1373 καί
1161 1318 1265 1390 χρὴ
1299 1318 1485 1371 λοιπὸν
1514 1316 1547 1388 ἢ
1575 1316 1756 1387 μένειν
1779 1314 1872 1366 ἐπί
1895 1313 1996 1382 τῆς

414 1403 614 1471 οίκίας,
645 1403 679 1475 ἥ
709 1403 1019 1473 ἐμϐαλόντα
1039 1401 1131 1455 ἐπὶ
1159 1401 1257 1470 τῆς
1282 1402 1508 1473 ἀγορᾶς,
1542 1399 1744 1471 μυρίας
1761 1396 1994 1450 λαϐόντα

415 1487 633 1558 πληγάς
663 1489 966 1559 ἀναχωρεῖν
1015 1487 1229 1540 οἴκαδε·
1273 1485 1446 1538 πολλά
1470 1484 1578 1554 γὰρ
1621 1484 1690 1538 τά
1723 1481 1993 1534 λυποῦντα

415 1569 582 1624 αὐτοῦ
611 1572 740 1634 τοὺς
769 1568 1104 1641 ὀφθαλμούς.
1157 1569 1268 1623 Kal
1301 1567 1555 1639 καθάπερ
1606 1567 1814 1628 ἐκεῖνος
1842 1563 1996 1616 οὐδὲν

414 1652 604 1725 ἓτερον
631 1653 667 1724 ἢ
698 1653 798 1725 τὴν
827 1654 1064 1722 γυναῖκα
1085 1653 1208 1724 ὁρᾷ,
1239 1650 1383 1705 οὓτω
1419 1652 1515 1704 καὶ
1552 1642 1708 1712 οὗτος
1753 1649 1994 1716 πένητας

417 1737 518 1807 μέν
544 1736 637 1790 καὶ
657 1738 725 1788 τὰ
749 1736 886 1791 ἄλλα
918 1737 1095 1790 πάντα
1121 1736 1480 1807 παρατρέχει,
1503 1733 1589 1786 ἴνα
1633 1732 1768 1803 μηδέ
1815 1746 1996 1800 παρα-

418 1817 614 1889 μυθίαν
643 1818 789 1892 λάϐῃ
810 1836 823 1849 ο
854 1818 990 1890 πρὸς
1014 1819 1072 1872 δέ
1093 1819 1221 1882 τοὺς
1251 1819 1518 1888 εὐπόρους
1543 1814 1838 1880 ἐνατενίζει
1865 1814 1994 1876 τοὺς

412 1901 749 1974 ὀφθαλμοὺς,
769 1903 936 1956 πολὺν
957 1903 1052 1956 καὶ
1071 1903 1298 1975 σφοδρὸν
1323 1902 1430 1955 ἀπὸ
1445 1902 1542 1972 τῆς
1571 1899 1795 1953 ἐκείνων
1821 1896 1997 1966 ὅψεως

411 1987 494 2050 είς
525 1987 625 2057 τὴν
654 1986 846 2042 ἐαυτοῦ
871 1986 1051 2058 ψυχὴν
1090 1987 1327 2056 εἰσάγων
1352 1986 1412 2041 τὸ
1440 1985 1572 2056 πῦρ.
1595 1982 1716 2054 Πῦρ
1740 1986 1849 2054 γάρ
1876 1982 1993 2035 ἐστι

413 2068 670 2139 χαλεπῶς
709 2071 998 2124 κατεσθίον
1032 2069 1122 2123 τὸν
1145 2070 1478 2141 ἐμπεσόντα,
1506 2067 1601 2122 καὶ
1627 2068 1675 2120 εἰ
1704 2067 1778 2137 μὴ
1800 2065 1994 2132 γέεννα

413 2153 684 2225 ἠπείλητο
725 2153 864 2224 μηδέ
924 2153 1168 2216 κόλασις,
1220 2152 1362 2206 αὐτά
1390 2152 1458 2206 τά
1491 2151 1736 2220 παρόντα
1772 2148 1994 2212 κόλασις

410 2231 502 2307 ἦν,
539 2236 601 2290 τὸ
641 2236 904 2306 διηνεκῶς
949 2235 1333 2306 βασανίζεσθαι
1378 2236 1472 2288 καὶ
1504 2233 1774 2304 μηδέποτε
1819 2231 1995 2303 πέρας

411 2320 690 2391 εὑρίσκειν
715 2318 809 2374 τοῦ
834 2321 1160 2391 νοσήματος.
1192 2320 1304 2372 Kal
1332 2320 1490 2390 ἤρκει
1521 2317 1617 2370 καὶ
1655 2315 1827 2369 ταῦτα
1858 2315 1996 2388 μόνα

412 2406 605 2458 πεῖσαι
628 2405 820 2474 φυγεῖν
841 2401 938 2475 τὴν
958 2401 1277 2474 ἀρρωστίαν
1295 2417 1310 2434 ·
1337 2401 1454 2456 ἀλλ’
1478 2400 1631 2454 οὐδὲν
1665 2399 1848 2462 ἀνοίας
1882 2400 1995 2468 χεῖ-

417 2502 531 2557 ρον,
559 2487 598 2556 ἡ
623 2488 720 2541 καὶ
757 2489 872 2550 τοῖς
900 2486 1140 2557 ἀθυμίαν
1161 2486 1390 2557 φέρουσι
1427 2486 1720 2556 πράγμασι
1749 2485 1844 2537 καὶ
1868 2483 1994 2554 κέρ-

411 2569 500 2634 δος
523 2571 675 2624 οὐδὲν
705 2569 829 2643 [95]
865 2568 1252 2642 προσηλῶσθαι
1296 2569 1726 2641 παρασκευάζει.
1767 2567 1858 2620 Διὸ
1885 2583 1994 2618 πα-

415 2653 640 2725 ρακαλῶ
664 2656 968 2727 ἀρχόμενον
986 2655 1279 2709 ἐκκόπτειν
1299 2653 1360 2708 τὸ
1383 2653 1573 2718 πάθος.
1600 2652 1870 2723 Καθάπερ
1885 2651 1990 2721 γὰρ

413 2740 651 2812 πυρετὸς
684 2738 836 2810 παρὰ
870 2739 968 2810 μὲν
991 2739 1091 2810 τὴν
1111 2737 1286 2810 ἀρχὴν
1315 2737 1662 2811 προσϐαλὼν,
1692 2737 1757 2790 οὐ
1787 2735 1991 2805 σφόδρα

413 2822 600 2892 φλέγει
627 2825 698 2894 τῇ
725 2822 859 2896 δίψῃ
898 2823 1024 2886 τοὺς
1070 2822 1403 2892 κάμνοντας,
1437 2821 1654 2884 ἐπιδοὺς
1683 2820 1740 2873 δέ
1770 2821 1865 2872 καὶ
1893 2817 1992 2889 τὴν

413 2905 586 2975 φλόγα
619 2905 853 2976 ἐπάρας,
881 2905 1077 2959 ἀνίατα
1120 2904 1282 2976 διψᾷν
1318 2904 1729 2976 παρασκευάζει
1772 2903 1989 2957 λοιπόν·

413 2989 516 3043 κᾶν
545 2989 808 3060 παράσχῃ
839 3005 925 3052 τις
959 2988 1142 3050 αὐτοῖς
1175 2988 1553 3060 ἐμφορηθῆναι
1594 2986 1688 3040 τοῦ
1721 2987 1986 3057 πόματος,

411 3072 472 3126 οὐ
501 3071 802 3134 σϐέννυσιν,
826 3073 942 3126 ἀλλ’
970 3073 1182 3126 ἐκκαίει
1205 3071 1303 3144 τὴν
1325 3073 1554 3143 κάμινον
1576 3087 1590 3102 ·
1613 3070 1755 3124 οὕτω
1781 3069 1877 3123 καὶ
1896 3069 1988 3122 ἐπὶ

410 3155 602 3210 τούτου
637 3155 920 3227 συμϐαίνει
965 3157 1061 3210 τοῦ
1090 3156 1331 3220 πάθους·
1361 3157 1428 3212 ἂν
1480 3155 1632 3228 παρὰ
1680 3155 1780 3228 τὴν
1817 3155 1989 3227 ἀρχὴν

411 3240 719 3294 είσελαῦνον
745 3242 826 3305 εἰς
859 3240 958 3313 τὴν
993 3240 1171 3312 ψυχὴν
1195 3241 1303 3313 τὴν
1324 3240 1602 3313 ἡμετέραν
1621 3239 1696 3313 μὴ
1736 3239 1990 3294 κωλύσω-

412 3341 514 3394 μεν
547 3324 683 3396 μηδὲ
717 3323 1132 3395 ἀποκλείσωμεν
1159 3322 1258 3389 τὰς
1289 3323 1492 3396 θύρας,
1525 3324 1767 3378 εἰσελθὸν
1804 3323 1990 3378 λοιπὸν

409 3408 629 3463 ἀνίατον
669 3408 964 3480 ἐργάζεται
995 3411 1108 3473 τοῖς
1137 3408 1452 3479 δεξαμένοις
1478 3408 1540 3462 τὸ
1588 3407 1822 3479 νόσημα.
1878 3408 1990 3460 Kal

409 3491 519 3565 γὰρ
548 3493 643 3548 καὶ
672 3493 742 3548 τά
765 3493 908 3548 καλά
953 3494 1052 3548 καὶ
1071 3493 1140 3548 τά
1167 3493 1314 3548 κακά
1359 3493 1488 3548 ὅταν
1523 3491 1805 3547 ἐπιπλεῖον
1856 3493 1988 3564 ἡμῖν

407 3576 745 3651 ἐνδιατρίψῃ,
776 3577 1122 3651 δυνατώτερα
1154 3577 1383 3646 γίνεται.

478 3684 541 3737 ε’.
565 3684 678 3738 Kal
711 3683 804 3737 ἐπὶ
834 3676 1052 3739 πάντων
1079 3683 1137 3737 δέ
1167 3685 1276 3739 τῶν
1304 3683 1480 3739 ἄλλων
1508 3684 1666 3740 τοῦτο
1689 3684 1987 3756 συμϐαῖνον

409 3769 508 3822 ῖδοι
527 3786 614 3832 τις
639 3769 725 3824 ἄν.
759 3768 871 3822 Kal
898 3768 1008 3840 γὰρ
1035 3768 1202 3837 φυτὸν
1241 3770 1367 3839 ἀρτι
1398 3770 1495 3840 μὲν
1524 3769 1737 3824 ἐντεθέν
1767 3771 1858 3822 ἐπὶ
1889 3770 1988 3840 τῆς

407 3852 533 3920 γῆς,
569 3850 812 3914 εὐκόλως
837 3851 1179 3906 ἀνασπᾶται·
1211 3851 1388 3921 χρόνῳ
1421 3851 1480 3903 δέ
1523 3851 1705 3921 πολλῷ
1733 3851 1985 3921 ῥιζωθὲν,

405 3935 614 3998 οὐκέτι,
644 3933 782 3988 ἀλλά
806 3933 1008 4005 πολλῆς
1033 3933 1205 3986 δεῖται
1248 3933 1347 4004 τῆς
1382 3932 1638 4004 μοχλείας
1657 3951 1671 3965 ο
1715 3935 1808 3987 καὶ
1841 3937 1980 3988 οἱκο-

405 4019 548 4089 δομὴ
569 4017 846 4088 νεοπαγὴς
877 4018 976 4090 μὲν
1001 4013 1160 4080 οὖσα,
1189 4017 1581 4089 περιτρέπεται
1607 4016 1846 4081 εὐκόλως
1881 4018 1986 4072 ὐπὸ

405 4102 516 4156 τῶν
549 4101 908 4174 ἐνοχλούντων
928 4118 944 4134 ·
967 4103 1208 4170 παγεῖσα
1238 4101 1294 4155 δὲ
1323 4101 1522 4165 καλῶς,
1560 4100 1730 4154 πολλά
1750 4103 1984 4174 παρέχει

404 4188 518 4251 τοῖς
543 4185 828 4256 καθαιρεῖν
856 4184 1195 4255 ἐπιχειροῦσι
1224 4183 1294 4237 τά
1319 4185 1620 4254 πράγματα
1643 4199 1658 4215 ·
1679 4182 1773 4238 καὶ
1796 4183 1985 4256 θηρίον

404 4271 589 4336 τόποις
621 4268 1080 4342 ἐμφιλοχωρῆσαν
1114 4267 1291 4340 πολλῷ
1319 4267 1497 4340 χρόνῳ
1532 4267 1806 4332 δυσκόλως
1828 4268 1984 4323 ἐλαύ-

403 4373 575 4410 νεται.
619 4355 746 4418 Τοῖς
780 4354 879 4424 μὲν
903 4348 998 4408 οὖν
1027 4352 1235 4406 οὐδέπω
1271 4352 1684 4424 κατασχεθεῖσιν
1729 4353 1834 4407 ὑπὸ
1886 4353 1981 4407 τοῦ

403 4441 612 4503 πάθους
641 4438 943 4510 παρακαλῶ
979 4436 1052 4510 μὴ
1081 4437 1284 4491 ἀλῶναι
1302 4453 1317 4468 ·
1351 4437 1718 4510 εὐκολώτερον
1739 4438 1847 4510 γάρ
1880 4457 1982 4508 φυ-

402 4522 669 4588 λάξασθαι
723 4521 799 4593 μὴ
833 4523 1096 4592 ἐμπεσεῖν
1122 4560 1137 4585 ,
1169 4521 1203 4591 ἢ
1255 4520 1598 4591 ἐμπεσόντας
1653 4523 1978 4592 ἀποστῆναι.

404 4610 530 4674 Τοῖς
552 4608 609 4662 δὲ
637 4606 1019 4678 κατασχεθεῖσι
1046 4607 1143 4661 καὶ
1169 4605 1660 4677 κατερῥαγμένοις,
1695 4606 1792 4660 ἐὰν
1822 4607 1982 4677 θελή-

402 4709 571 4747 σωσιν
615 4691 893 4746 ἐπιδοῦναι
929 4691 1156 4754 ἐαυτούς
1212 4687 1386 4759 ἰατρῷ
1430 4687 1510 4758 τῷ
1561 4687 1726 4759 λόγῳ,
1779 4691 1981 4762 πολλὴν

400 4774 812 4845 ἐπαγγέλλομαι
844 4774 1120 4845 σωτηρίας
1147 4771 1336 4826 ἐλπίδα
1375 4773 1443 4843 τῇ
1473 4771 1570 4825 τοῦ
1609 4770 1742 4825 Θεοῦ
1772 4773 1978 4843 χάριτι.

404 4858 501 4911 “Av
536 4857 646 4929 γάρ
681 4859 808 4922 τοὺς
843 4856 1114 4920 παθόντας
1140 4855 1234 4909 καὶ
1262 4855 1664 4926 περιπεσόντας
1708 4854 1788 4924 τῷ
1816 4857 1978 4927 νοσή-

403 4960 556 5012 ματι,
594 4943 690 4997 καί
715 4941 1110 5010 ἀνενεγκόντας
1140 4941 1456 5012 ἐννοήσωσι,
1483 4942 1728 5012 χρηστὰς
1768 4939 1980 5004 ἕξουσιν

399 5026 620 5091 ἐλπίδας
645 5026 789 5099 ὑπὲρ
817 5026 918 5098 τῆς
941 5023 1035 5078 τοῦ
1069 5025 1379 5095 νοσήματος
1394 5023 1734 5094 ἀπαλλαγῆς.
1762 5024 1859 5088 Τίς
1884 5019 1979 5078 οὖν

400 5113 694 5181 περιέπεσε
723 5111 800 5182 τῷ
836 5111 1105 5182 νοσήματι
1149 5107 1360 5179 τούτῳ,
1407 5108 1500 5162 καὶ
1545 5107 1834 5180 ἀπηλλάγη
1880 5111 1978 5180 ρᾳ-

397 5192 560 5258 δίως;
603 5193 664 5247 ’0
697 5195 962 5264 Ζακχαῖος
997 5195 1221 5257 ἐκεῖνος.
1257 5191 1321 5244 Τί
1363 5191 1472 5264 γάρ
1513 5190 1746 5245 τελώνου
1775 5192 1979 5263 μᾶλλον

400 5276 811 5349 φιλοχρήματον
831 5277 1026 5346 γένοιτ’
1049 5277 1150 5340 άν;
1193 5275 1332 5328 Ἀλλ’
1357 5275 1553 5347 ἀθρόον
1586 5274 1802 5342 ἐγένετο
1832 5273 1980 5344 φιλό-

399 5377 586 5430 σοφος,
634 5361 730 5413 καὶ
763 5361 944 5412 πᾶσαν
989 5359 1181 5412 ἐσϐεσε
1232 5362 1331 5429 τὴν
1359 5360 1556 5431 πυράν.
1604 5358 1666 5414 Ὀ
1699 5359 1977 5423 Ματθαῖος

392 5445 632 5516 ὁμοίως·
665 5443 761 5498 καὶ
797 5443 906 5515 γάρ
927 5443 1020 5496 καὶ
1062 5437 1216 5503 οὗτος
1240 5441 1478 5513 τελώνης
1505 5438 1596 5514 ἦν,
1654 5443 1712 5496 ἐν
1751 5443 1976 5514 ἁρπαγῇ

394 5531 638 5602 διηνεκεῖ
670 5527 798 5592 ζῶν.
835 5526 1002 5580 Ἀλλά
1032 5528 1126 5580 καὶ
1151 5518 1305 5589 οὗτος
1327 5525 1520 5596 ἀθρόον
1553 5527 1861 5582 ἀπεδύσατο
1881 5527 1978 5598 τὴν

398 5613 625 5684 βλάϐην,
639 5611 736 5666 καὶ
757 5609 819 5663 τὸ
838 5608 989 5679 δίψος
1003 5608 1211 5672 ἔσϐεσε,
1230 5609 1324 5662 καὶ⁵
1345 5611 1723 5681 πραγματείαν
1744 5609 1978 5681 μετῆλθε

403 5695 804 5765 πνευματικήν.
847 5693 1081 5755 Τούτους
1111 5691 1288 5745 τοίνυν
1329 5693 1425 5746 καὶ
1459 5693 1584 5755 τοὺς
1611 5693 1733 5746 κατ’
1779 5692 1978 5756 αὐτοὺς

407 5778 624 5844 ἐννοῶν,
660 5779 795 5848 μηδὲ
836 5779 900 5832 σὺ
954 5775 1229 5847 ἀπογνῷς.
1271 5776 1368 5830 Ἂν
1397 5774 1507 5846 γάρ
1558 5775 1738 5846 θέλῃς,
1771 5776 1975 5846 δυνήσῃ

411 5861 620 5932 ταχέως
642 5862 969 5933 ἀνενεγκεῖν.
1007 5859 1116 5916 Kal
1142 5859 1190 5912 εἰ
1221 5859 1437 5932 βούλει,
1475 5858 1615 5914 κατά
1643 5860 1733 5915 τὸν
1758 5858 1863 5916 τῶν
1895 5860 1974 5914 ία-

2107 399 2250 469 τρῶν
2278 401 2440 472 νόμον
2465 404 2560 458 καὶ
2579 403 2649 457 τά
2679 403 2930 474 πρακτέα
2959 420 3042 456 σοι
3080 402 3220 473 μετὰ
3253 392 3542 474 ἀκριϐείας
3583 403 3685 458 ὐπ-

2101 485 2496 556 αγορεύσομεν.
2529 491 2623 540 Δεῖ
2666 489 2849 541 τοίνυν
2896 487 3002 556 πρὸ
3040 487 3152 540 τῶν
3199 486 3375 540 ἀλλων
3421 486 3681 543 ἁπάντων

2097 567 2272 621 ἐκεῖνο
2295 569 2618 641 κατορθοῦν,
2648 571 2707 623 τὸ
2737 571 2811 641 μὴ
2836 570 3240 638 ἀπογινώσκειν
3277 569 3412 640 μηδὲ
3445 568 3682 624 ἀπελπί-

2097 648 2212 713 ζειν
2237 651 2448 706 ἐαυτῶν
2485 653 2584 724 τὴν
2626 654 2934 724 σωτηρίαν·
2972 652 3112 723 μετὰ
3153 651 3311 704 τοῦτο
3344 651 3419 721 μὴ
3453 650 3522 705 τά
3569 651 3681 706 τῶν

2095 735 2538 806 κατωρθωκότων
2559 737 2978 809 παραδείγματα
3003 737 3185 806 μόνον,
3213 735 3349 788 ἀλλά
3369 736 3465 789 καὶ
3479 734 3551 788 τά
3567 734 3680 790 τῶν

2099 818 2572 890 ἐναπομεινάντων
2601 821 2905 891 παθήματα
2938 821 3150 891 ἐνορᾷν.
3180 820 3392 887 Ὠσπερ
3434 819 3546 890 γάρ
3590 819 3676 872 ἐν-

2095 904 2398 974 ενοήσαμεν
2422 904 2517 958 τὸν
2540 906 2808 975 Ζακχαῖον
2837 905 2932 958 καὶ
2964 903 3055 956 τὸν
3099 901 3380 957 Ματθαῖον
3399 941 3414 965 ,
3445 901 3592 958 οὕτω
3611 902 3678 974 δὴ

2095 986 2189 1039 καὶ
2219 987 2310 1040 τὸν
2347 987 2548 1042 Ἰούδαν
2597 987 2916 1056 λογίσασθαι
2946 988 3071 1058 χρὴ,
3104 987 3201 1042 καὶ
3227 988 3324 1041 τὸν
3351 987 3537 1056 Γιεζῆ,
3579 987 3678 1040 καὶ

2093 1068 2186 1121 τὸν
2214 1067 2408 1140 Ἀχαρ,
2434 1071 2636 1123 καὶτὸν
2660 1070 2887 1140 Ἀχαά6,
2919 1069 3014 1122 καὶ
3036 1069 3127 1122 τὸν
3169 1068 3438 1133 Ἀνανίαν,
3463 1069 3560 1122 καὶ
3573 1069 3677 1139 τὴν

2096 1150 2410 1222 Σάπφειραν
2427 1167 2440 1181 ·
2472 1152 2560 1206 ἵνα
2579 1153 2646 1206 δι’
2663 1153 2887 1206 ἐκείνων
2918 1152 3018 1222 μὲν
3047 1152 3148 1223 τὴν
3174 1151 3488 1220 ἀπόγνωσιν
3503 1152 3676 1207 ἐκϐά-

2095 1233 2295 1304 λωμεν,
2311 1235 2398 1288 διά
2426 1235 2632 1290 τούτων
2657 1235 2714 1289 δὲ
2737 1236 2835 1308 τὴν
2871 1235 3148 1307 ρᾳθυμίαν
3167 1234 3514 1305 ἐκκόψωμεν,
3541 1235 3676 1306 μηδὲ

2095 1317 2262 1371 ὑπτία
2280 1318 2506 1389 γένηται
2529 1321 2563 1391 ἡ
2590 1319 2737 1390 ψυχὴ
2757 1320 2893 1388 πρὸς
2924 1319 3026 1390 τὴν
3039 1318 3152 1373 τῶν
3176 1319 3677 1389 ὑπαγορευομένων

2095 1400 2444 1471 παραίνεσιν·
2469 1402 2562 1456 καὶ
2591 1402 2970 1472 παιδεύσωμεν
2997 1402 3224 1464 ἑαυτοὺς
3245 1401 3446 1470 λέγειν,
3489 1401 3526 1455 ἀ
3553 1402 3678 1454 τότε

2099 1482 2178 1553 τῷ
2206 1484 2398 1556 Πέτρῳ
2427 1486 2817 1557 προσελθόντες
2847 1487 3031 1556 ἔλεγον
3089 1487 3139 1540 οἱ
3184 1487 3428 1540 Ἰουδαῖοι
3447 1504 3463 1518 ·
3503 1488 3567 1541 Τι’
3587 1486 3680 1540 δεῖ

2095 1566 2290 1621 ποιεῖν
2311 1569 2412 1622 ἵνα
2437 1569 2723 1639 σωθῶμεν
2746 1585 2765 1631 ;
2792 1570 2886 1623 καὶ
2909 1568 3255 1624 ἀκουέτωσαν
3280 1568 3316 1622 ἃ
3341 1569 3448 1641 χρὴ
3475 1572 3672 1624 ποιεῖν.

2096 1649 2161 1703 Τί
2189 1645 2281 1704 οὖν
2307 1651 2413 1722 χρὴ
2446 1655 2648 1720 ποιεῖν;
2691 1651 2905 1707 Εἰδέναι
2959 1653 3060 1724 τὴν
3087 1653 3364 1706 εὐτέλειαν
3389 1652 3501 1705 τῶν
3530 1670 3673 1724 πραο

2094 1733 2344 1804 γμάτων,
2399 1735 2493 1788 καὶ
2544 1735 2664 1800 πῶς
2716 1736 2991 1810 δραπέτης
3019 1737 3239 1808 οἰκέτης
3275 1738 3369 1791 καὶ
3403 1737 3675 1808 ἀγνώμων

2095 1815 2243 1868 ἐστὶν
2270 1818 2298 1869 6
2330 1816 2580 1882 πλοῦτος,
2609 1820 2703 1872 καὶ
2740 1819 2955 1890 μυρίοις
2982 1819 3296 1890 περιϐάλλει
3323 1821 3517 1882 κακοῖς
3549 1820 3674 1883 τοὺς

2096 1897 2322 1968 ἔχοντας
2341 1915 2356 1927 ⁶
2383 1901 2479 1954 καὶ
2508 1901 2574 1954 τά
2591 1900 2818 1956 τοιαῦτα
2840 1903 3025 1966 αὐτοῖς
3057 1902 3298 1974 συνεχῶς
3330 1900 3446 1975 [94]
3464 1902 3677 1972 ἐπᾴδω-

2097 1997 2200 2050 μεν
2229 1982 2472 2053 ρἡατα.
2517 1985 2631 2038 Καὶ
2675 1984 2929 2053 καθάπερ
2965 1986 3142 2056 ἰατροί
3183 1985 3311 2048 τοὺς
3365 1985 3678 2055 κάμνοντας

2093 2061 2300 2135 ψυχρὸν
2333 2065 2620 2130 αἰτοῦντας
2652 2067 3138 2138 παραμυθοῦνται,
3196 2067 3460 2138 παρέχειν
3490 2067 3677 2136 λέγονο

2093 2163 2206 2210 τες,
2232 2146 2327 2200 καὶ.
2351 2147 2534 2219 πηγὴν
2551 2150 3016 2220 προφασιζόμενοι
3042 2151 3138 2204 καὶ
3158 2151 3327 2218 ἀγγος
3359 2151 3455 2203 καὶ
3484 2149 3678 2220 καιρὸν

2094 2230 2188 2282 καὶ
2219 2229 2391 2283 πολλὰ
2427 2231 2655 2284 τοιαῦτα
2681 2231 2768 2296 (ἂν
2795 2233 2905 2304 γάρ
2932 2233 3128 2304 ἀθρόον
3150 2232 3546 2298 ἀνανεύσωσιν,
3573 2233 3678 2286 ὑπὸ

2093 2314 2192 2382 τῆς
2245 2314 2442 2384 μανίας
2495 2315 2691 2380 αὐτοὺς
2742 2316 3068 2388 ἀγριοῦσθαι
3125 2315 3674 2386 παρασκευάζουσι)·

2095 2395 2236 2449 οὓτω
2263 2397 2328 2469 δὴ
2357 2396 2453 2452 καὶ
2487 2393 2649 2469 ἡμεῖς
2687 2398 2822 2470 πρὸς
2863 2399 2990 2461 τοὺς
3019 2397 3465 2469 φιλοχρημάτους
3506 2398 3677 2452 ποιῶ-

2099 2494 2197 2547 μεν
2217 2496 2230 2510 ο
2258 2480 2354 2532 καὶ
2380 2481 2510 2535 ὅταν
2542 2481 2777 2550 λέγωσιν
2800 2519 2815 2544 ,
2852 2481 2934 2534 ὅτι
2983 2481 3293 2550 Πλουτῆσαι
3326 2480 3635 2552 βουλόμεθα
3657 2521 3675 2546 ,

2097 2562 2172 2630 μὴ
2202 2561 2450 2633 λέγωμεν
2479 2563 2702 2628 εὐθέως,
2730 2563 2816 2616 ὅτι
2845 2564 3015 2617 κακὸν
3051 2565 3081 2616 ὁ
3100 2562 3350 2628 πλοῦτος,
3378 2563 3516 2616 ἀλλά
3550 2581 3676 2619 συν-

2094 2643 2335 2716 θώμεθα,
2379 2646 2476 2700 καί
2505 2648 2768 2717 εἴπωμεν,
2801 2649 2883 2702 ότι
2905 2648 2999 2701 καλ⁸
3032 2649 3195 2719 ἡμεῖς
3223 2647 3388 2701 τοῦτο
3423 2647 3677 2718 βουλόμε-

2093 2726 2182 2793 θα,
2201 2727 2313 2781 ἀλλ’
2333 2730 2392 2782 ἐν
2411 2728 2591 2801 καιρῷ
2605 2728 2681 2800 τῷ
2697 2731 3050 2800 προσήκοντι,
3073 2729 3208 2783 άλλά
3227 2728 3457 2783 πλοῦτον
3473 2730 3672 2801 ἀληθῆ,

2091 2808 2228 2864 ἀλλά
2240 2810 2331 2864 τὸν
2349 2811 2542 2884 ἡδονὴν
2567 2811 2759 2882 έχοντα
2789 2811 3080 2877 ἀθάνατον,
3107 2812 3242 2865 ἀλλά
3264 2812 3356 2865 τὸν
3387 2814 3472 2865 col
3493 2812 3677 2866 συλλε-

2090 2892 2344 2963 γόμενον,
2376 2895 2472 2948 καὶ
2500 2893 2576 2966 μὴ
2600 2895 2828 2967 ἑτέροις,
2867 2895 3128 2958 πολλάκις
3172 2897 3228 2949 δέ
3261 2896 3357 2949 καὶ
3407 2896 3630 2966 ἐχθροῖς
3654 2911 3670 2927 ·

2092 2977 2189 3030 καὶ
2208 2979 2336 3041 τοὺς
2363 2980 2492 3050 περὶ
2514 2979 2835 3049 φιλοσοφίας
2866 2980 3058 3050 λόγους
3095 2981 3176 3043 εἰς
3219 2978 3381 3050 μέσον
3423 2980 3672 3050 ἀγωμεν,

2091 3061 2187 3114 καί
2215 3060 2488 3132 λέγωμεν,
2518 3063 2599 3117 ὅτι
2629 3063 2706 3115 Οὐ
2755 3062 3050 3134 κελεύομεν
3105 3062 3182 3134 μὴ
3235 3063 3510 3129 πλουτεῖν,
3538 3065 3675 3118 ἀλλά

2091 3144 2277 3209 κακῶς
2306 3145 2381 3216 μὴ
2409 3144 2662 3199 πλουτεῖν
2681 3163 2697 3179 ·
2719 3147 2895 3213 ἔξεστι
2915 3147 3029 3218 γάρ
3049 3147 3323 3213 πλουτεῖν,
3346 3147 3485 3201 ἀλλά
3503 3150 3673 3218 χωρὶς

2091 3229 2424 3297 πλεονεξίας,
2467 3232 2636 3301 χωρὶς
2664 3231 2923 3302 ἁρπαγῆς
2965 3232 3059 3285 καὶ
3100 3231 3221 3302 βίας
3254 3233 3346 3286 καὶ
3385 3231 3483 3285 τοῦ
3520 3233 3670 3303 παρά

2090 3313 2311 3368 πάντων
2333 3313 2555 3367 ἀκούειν
2585 3315 2793 3378 κακῶς.
2829 3316 2941 3368 Καὶ
2961 3315 3174 3379 τούτοις
3194 3316 3392 3378 αὐτοὺς
3413 3315 3670 3386 προλεαί-

2089 3413 2274 3461 νοντες
2304 3399 2419 3460 τοῖς
2455 3397 2660 3466 λόγοις,
2709 3399 2939 3470 μηδέπω
2972 3401 3099 3470 περὶ
3133 3398 3358 3470 γεέννης
3399 3397 3664 3467 διαλεγώο

2093 3479 2230 3550 μεθα
2250 3496 2263 3509 ·
2292 3480 2352 3533 οὐ
2379 3479 2488 3551 γάρ
2510 3480 2758 3551 ἀνέχεται
2784 3483 2812 3534 6
2841 3482 3066 3554 κάμνων
3093 3482 3295 3544 εὐθέως
3318 3493 3345 3522 ι
3365 3481 3474 3535 τῶν
3495 3481 3669 3536 τοιού-

2087 3581 2196 3618 των
2227 3564 2507 3636 ῥημάτων.
2549 3565 2753 3635 Διόπερ
2797 3565 2906 3618 ἀπὸ
2937 3565 3046 3618 τῶν
3089 3565 3376 3636 παρόντων
3418 3564 3668 3629 ἃπαντας

2087 3649 2216 3712 τοὺς
2244 3651 2376 3719 περὶ
2405 3645 2613 3700 τούτων
2653 3649 2940 3720 ποιώμεθα
2985 3649 3198 3717 λόγους,
3244 3648 3340 3702 καὶ
3379 3646 3668 3719 λέγωμεν-

2088 3731 2154 3783 Τί
2194 3729 2374 3800 βούλει
2399 3730 2506 3784 ἀπὸ
2539 3731 2853 3800 πλεονεξίας
2876 3733 3128 3786 πλουτεῖν
3155 3749 3170 3796 ;
3213 3731 3299 3784 ἵνα
3327 3730 3540 3802 ἑτέροις
3573 3733 3669 3802 μὲν

2087 3814 2150 3866 τὸ
2176 3814 2402 3885 χρυσίον
2424 3815 2730 3886 ἁποκέηται
2769 3815 2865 3869 καὶ
2902 3815 2964 3868 τὸ
2990 3814 3256 3886 ἀργύριον
3275 3854 3290 3878 ,
3337 3815 3422 3867 σοὶ
3449 3815 3507 3869 δὲ
3538 3817 3669 3885 ἀραὶ

2089 3897 2183 3952 καὶ
2213 3899 2543 3971 κατηγορίαι
2575 3899 2794 3971 μυρίαι;
2818 3899 2915 3952 καὶ
2949 3901 2979 3952 6
3003 3897 3402 3966 ἀποστερηθεὶς
3432 3899 3540 3953 ὐπὸ
3569 3901 3669 3971 τῆς

2086 3981 2197 4034 τῶν
2233 3981 2545 4050 ἀναγκαίων
2585 3981 2844 4052 δάκνηται
2876 3981 3069 4051 χρείας
3091 3981 3140 4043 ι),
3177 3981 3272 4033 καὶ
3304 3981 3665 4053 ὀλοφύρηται,

2087 4064 2184 4119 καὶ
2216 4065 2443 4138 μυρίους
2471 4063 2766 4137 ἐφέλκηται
2787 4081 2870 4118 σοι
2887 4063 3248 4135 κατηγόρους,
3267 4065 3480 4137 καὶτῆς
3507 4067 3666 4120 ἐσπέ-

2090 4166 2188 4220 ρας
2217 4148 2634 4221 καταλαϐούσης
2673 4149 2860 4222 περιίῃ
2882 4148 2980 4221 τὴν
3009 4149 3236 4218 ἀγορὰν,
3268 4150 3327 4202 ἐν
3354 4151 3468 4214 τοῖς
3507 4167 3660 4203 στεν-

2085 4234 2256 4296 ωποῖς
2286 4231 2631 4304 ἐντυγχάνων
2665 4234 2823 4298 πᾶσι,
2850 4233 2942 4286 καὶ
2975 4231 3404 4303 διαπορούμενος
3421 4235 3517 4286 καὶ
3543 4232 3662 4286 οὐδέ

2087 4314 2228 4387 ὑπὲρ
2252 4315 2354 4386 τῆς
2386 4315 2580 4378 νυκτὸς
2614 4315 2842 4387 θαρρεῖν
2874 4315 3048 4386 έχων;
3079 4315 3204 4379 Πῶς
3233 4315 3342 4386 γὰρ
3372 4315 3440 4370 ἂν
3466 4316 3662 4371 καθευο

2084 4399 2268 4470 δήσειε
2289 4399 2498 4463 λοιπὸν,
2543 4399 2648 4452 ὐπὸ
2669 4399 2770 4469 τῆς
2807 4399 3044 4472 γαστρὸς
3089 4399 3418 4470 δακνόμενος
3438 4438 3455 4463 ,
3488 4400 3663 4472 ἀγρυ-

2086 4482 2258 4547 πνῶν,
2289 4480 2436 4552 λιμῷ
2473 4479 2960 4552 πολιορκούμενος,
2997 4483 3175 4552 πάγου
3213 4482 3475 4547 πολλάκις
3511 4485 3661 4548 ὄντος

2084 4567 2180 4620 καὶ
2208 4566 2367 4619 ὑετοῦ
2392 4564 2843 4635 καταφερομένου
2869 4566 3012 4632 ;Kal
3037 4566 3102 4620 σὺ
3132 4567 3238 4642 μὲν¹
3267 4567 3334 4620 ἐκ
3375 4567 3660 4638 βαλανείου

2083 4649 2402 4720 λελουμένος
2429 4649 2728 4720 ἐπανέρχῃ,
2754 4648 3019 4719 μαλακοῖς
3040 4649 3378 4720 θαλπόμενος
3404 4653 3660 4722 ἱματίοις,

2082 4730 2334 4802 γεγηθὼς
2359 4731 2456 4786 καὶ
2475 4731 2705 4803 χαίρων,
2737 4732 2832 4785 καὶ
2860 4731 2956 4784 ἐπὶ
2971 4733 3187 4786 δεῖπνον
3207 4733 3423 4803 ἐτοιμον
3451 4736 3663 4806 τρέχων

2082 4814 2408 4880 πολυτελές·
2464 4817 2675 4879 ἐκεῖνος
2721 4815 2779 4868 δὲ
2809 4816 3087 4886 πανταχοῦ
3141 4817 3287 4869 κατὰ
3316 4815 3418 4888 τὴν
3456 4818 3662 4889 ἀγορὰν

2082 4898 2188 4952 ὐπὸ
2212 4899 2307 4954 τοῦ
2331 4898 2545 4972 κρυμοῦ
2571 4899 2666 4953 καὶ
2701 4899 2798 4952 τοῦ
2819 4898 2981 4969 λιμοῦ
3017 4899 3256 4970 συνεχῶς
3283 4899 3658 4972 ἐλαυνόμενος,

2084 4981 2432 5054 περιέρχεται
2464 4979 2826 5050 συγκεκυφὼς
2849 4980 2943 5034 καὶ
2979 4982 3168 5051 χεῖρας
3207 4981 3507 5052 προτείνων
3526 4997 3541 5014 ·
3571 4983 3664 5036 καὶ

2082 5067 2203 5120 οὐδὲ
2221 5066 2442 5139 θαρρῶν
2463 5065 2636 5127 ἀδεῶς
2650 5063 2730 5134 τῷ
2753 5063 3201 5135 ἐμπεπλησμένῳ
3227 5065 3323 5118 καὶ
3344 5065 3663 5120 ἀναπεπαυ-

2084 5153 2231 5221 μένῳ
2256 5153 2476 5222 ῥήματα
2502 5148 2892 5220 προσενεγκεῖν
2917 5146 3058 5218 ὑπὲρ
3085 5148 3185 5218 τῆς
3211 5147 3521 5215 ἀναγκαίας
3544 5167 3664 5221 τρο-

2081 5234 2211 5304 φῆς,
2245 5234 2508 5296 πολλάκις
2545 5233 2603 5286 δέ
2630 5233 2725 5285 καὶ
2771 5230 3052 5303 ὑϐρισθεὶς
3089 5231 3460 5303 ἀνεχώρησεν.
3495 5235 3662 5288 Ὅταν

2080 5314 2174 5374 οὖν
2203 5317 2435 5391 ἀνέλθῃς
2463 5315 2668 5378 οἶκαδε,
2704 5315 2830 5369 ὅταν
2854 5316 2948 5369 ἐπὶ
2975 5317 3074 5387 τῆς
3100 5316 3262 5386 εὐνῆς
3295 5316 3594 5389 ἀνακλιθῇς
3613 5328 3659 5381 ε,

2079 5402 2210 5456 ὅταν
2242 5401 2358 5470 φῶς
2461 5400 2591 5469 περί
2611 5398 2703 5452 τὸν
2731 5393 2880 5453 οῐκον
2897 5399 3173 5470 λαμπρὸν,
3198 5401 3328 5452 ὃταν
3349 5399 3545 5471 ἐτοίμη
3570 5401 3662 5453 καὶ

2080 5485 2308 5555 δαψιλὴς
2337 5483 2661 5555 ήτράπεζα,
2691 5486 2814 5539 τότε
2841 5482 3222 5554 ἀναμνήσθητι
3258 5481 3353 5536 τοῦ
3381 5482 3660 5538 ταλαιπώ-

2083 5587 2177 5642 ρου
2205 5569 2298 5622 καὶ
2322 5568 2509 5621 ἀθλίου
2534 5567 2765 5632 ἐκείνου,
2787 5568 2882 5622 τοῦ
2918 5567 3226 5638 περιιόντος
3255 5567 3396 5620 κατὰ
3417 5569 3547 5631 τοὺς
3567 5567 3659 5620 κύ·

2080 5669 2177 5715 νας
2213 5653 2270 5705 ἐν
2302 5653 2415 5716 τοῖς
2447 5654 2744 5718 στενωποῖς
2777 5651 2870 5705 καὶ
2916 5648 2996 5719 τῷ
3037 5651 3214 5722 σκότῳ
3240 5650 3336 5704 καὶ
3367 5647 3448 5720 τῷ
3480 5650 3658 5722 πηλῷ,

2145 5871 2168 5899 ⁸
2191 5868 2336 5936 Reg,
2362 5869 2564 5920 οὐδέπω.
2653 5867 2681 5910 ιι
2706 5867 3061 5932 Βεεηπροφῆς.
3130 5869 3150 5899 τ
3182 5867 3330 5929 Reg.,
3354 5867 3657 5928 κατακλιθῇς.
