3954 6130
269 311 338 367 9‘5
1321 294 1392 352 IN
1430 287 1700 348 EPISTJ
1745 285 1836 340 AD
1871 281 2028 340 C08.
2068 278 2298 337 HOMIL.
2341 278 2437 334 XI.
3469 286 3540 345 9‘

271 427 381 483 bris
426 411 892 482 circumfunditur.
946 412 1153 486 Ecquid
1181 425 1320 482 opus
1343 417 1428 464 est
1445 406 1628 463 dicere
1653 403 1846 457 domos

271 530 324 576 et
343 517 676 586 argentarias
700 511 977 570 officinas?
997 509 1135 565 Puto
1157 507 1300 562 enim
1327 501 1447 558 illos
1471 499 1517 556 si
1555 495 1641 551 vel
1667 495 1721 549 in
1739 493 1847 562 pic-

274 622 391 667 tura
412 612 498 668 vel
524 612 576 666 in
607 609 834 680 imagine
873 605 1085 662 divitias
1129 601 1251 656 illas
1291 596 1544 658 viderint,
1569 586 1844 680 discerpi,

271 703 485 758 efferari
516 711 570 758 et
588 702 638 756 in
668 675 870 755 rabiem
898 696 1031 752 verti
1059 712 1074 750 :
1105 693 1240 747 adeo
1269 700 1326 744 ut
1350 687 1585 755 undique
1614 675 1850 736 ten‘ebris

274 791 636 846 effundantur.
676 789 809 844 Nam
840 787 885 844 si
915 785 1115 856 regiam
1146 781 1430 851 imaginem
1478 769 1848 844 conspiciant,

275 899 380 937 non
408 883 670 937 mirantur
697 879 1000 951 lapillorum
1022 871 1493 946 pulchritudinem,
1509 880 1615 922 non
1638 875 1852 951 aurum,

273 989 376 1028 non
401 983 606 1028 vestem
635 948 978 1040 purpuream,
1012 966 1106 1021 sed
1137 962 1452 1034 liqueﬁunt;
1480 967 1535 1012 et
1562 955 1704 1011 sicut
1729 948 1854 1006 infe-

273 1067 342 1120 lix
361 1067 450 1122 ille
474 1075 705 1129 amator,
733 1064 780 1119 si
808 1061 1026 1117 amasia:
1046 1058 1329 1128 imaginem
1352 1053 1562 1114 viderit,
1591 1047 1858 1104 inanima-

273 1168 338 1212 ta:
381 1158 457 1212 rei
491 1157 660 1211 haeret
702 1153 933 1208 affixus:
961 1151 1034 1205 ita
1059 1158 1115 1204 et
1145 1148 1233 1202 hic
1269 1143 1613 1201 inanimatam
1660 1137 1854 1192 videns

272 1246 580 1301 divitiarum
608 1245 918 1314 imaginem,
950 1241 1051 1294 hoc
1080 1240 1254 1308 ipsum
1299 1233 1470 1304 magis
1502 1232 1737 1302 patitur,
1769 1235 1858 1282 ut-

274 1348 400 1408 pote
442 1339 615 1409 magis
668 1335 944 1406 tyrannico
983 1333 1234 1388 detentus
1283 1327 1514 1382 morbo:
1555 1334 1614 1380 et
1641 1329 1858 1393 oportet

272 1431 494 1484 demum
525 1429 610 1483 vel
635 1427 781 1484 domi
822 1439 1059 1491 manere,
1088 1423 1176 1477 vel
1215 1421 1268 1476 in
1295 1419 1471 1475 forum
1501 1416 1805 1472 venientem
1836 1455 1853 1480 ,

275 1522 432 1577 mille
474 1521 644 1591 plagis
673 1520 906 1589 acceptis
933 1517 1148 1572 domum
1179 1523 1426 1584 repetere
1454 1527 1468 1565 :
1500 1511 1664 1566 multa
1707 1510 1854 1563 enim

276 1614 424 1668 illius
450 1613 643 1669 oculos
667 1611 854 1666 dolore
891 1608 1147 1663 afficiunt.
1175 1610 1252 1661 Ac
1274 1603 1726 1672 quemadmodum
1768 1601 1858 1656 ille

274 1707 416 1763 nihil
441 1707 590 1762 aliud
616 1705 763 1761 videt
783 1717 942 1776 quam
971 1702 1267 1763 mulierem,
1292 1700 1365 1754 ita
1392 1709 1446 1754 et
1472 1699 1573 1752 iste
1597 1709 1861 1767 pauperes

271 1799 498 1870 quidem
524 1808 580 1855 et
604 1798 708 1852 alia
730 1796 908 1851 omnia
951 1797 1206 1865 praeterit,
1236 1801 1294 1847 ut
1324 1806 1392 1847 ne
1428 1791 1849 1846 consolationem

272 1892 495 1964 quidem
547 1890 776 1959 accipiat
803 1905 817 1941 :
851 1887 904 1942 in
928 1886 1210 1956 Opulentos
1229 1894 1406 1939 autem
1433 1882 1616 1937 oculos
1640 1881 1856 1951 dirigit,

274 1999 337 2036 ex
367 1989 593 2051 aspectu
648 1978 742 2033 illo
795 1977 1023 2032 multum
1051 1976 1102 2029 in
1123 1977 1354 2029 animam
1399 1987 1553 2028 suam
1597 1971 1860 2027 inducens

277 2077 478 2145 ignem.
499 2071 641 2142 ignis
666 2071 863 2142 quippe
883 2077 982 2134 est,
1017 2067 1108 2139 qui
1133 2066 1481 2121 vehementer
1501 2064 1770 2120 consumit
1788 2063 1859 2118 il-

277 2169 411 2232 lum,
438 2166 527 2237 qui
555 2165 606 2218 in
635 2163 807 2233 ipsum
839 2159 1061 2216 incidit:
1093 2169 1254 2229 atque
1280 2156 1488 2213 etiamsi
1528 2170 1630 2212 nec
1651 2155 1860 2225 gehen-

277 2274 384 2324 nm,
431 2271 530 2312 nec
576 2253 824 2325 supplicii
851 2252 1014 2307 mina:
1067 2250 1340 2306 intentaue
1384 2246 1630 2312 fuissent,
1664 2246 1863 2301 haeres

276 2357 572 2419 pnnseutes
590 2353 771 2402 essent
807 2344 1149 2415 supplicium,
1180 2341 1395 2398 assidue
1420 2356 1615 2410 nempe
1640 2349 1862 2406 torque-

277 2441 344 2503 ri,
375 2452 552 2507 neque
579 2436 750 2490 morbi
780 2434 941 2489 linem
969 2433 1231 2488 invenire.
1261 2433 1328 2486 Et
1355 2432 1472 2485 hate
1497 2432 1629 2486 satis
1653 2439 1858 2497 essent,

278 2541 338 2584 ut
363 2530 437 2584 ab
463 2526 765 2597 huiusmodi
795 2523 1111 2595 :egritudine
1132 2530 1464 2578 avocarent:
1493 2521 1589 2576 sed
1619 2521 1750 2575 nihil
1773 2535 1866 2590 pe-

276 2620 367 2690 jus
394 2617 653 2682 amentia,
675 2631 793 2686 qua:
813 2616 863 2670 id
884 2614 1048 2670 efficit
1068 2623 1126 2668 ut
1150 2612 1310 2667 rebus
1324 2625 1613 2668 maerorem
1643 2621 1700 2666 et
1726 2611 1864 2666 nihil

278 2711 422 2765 lucri
449 2707 792 2763 all‘erentibus
815 2707 888 2760 illi
915 2705 1174 2759 intereant.
1205 2702 1584 2770 Quamobrem,
1616 2703 1866 2768 obsecro,

280 2802 636 2870 incipientem
665 2799 827 2854 animi
854 2799 1100 2853 morbum
1131 2796 1514 2865 exstinguatis.
1542 2796 1692 2851 Sient
1714 2797 1862 2852 cnim

280 2894 456 2948 febris
493 2891 644 2947 initio
673 2906 778 2946 non
827 2890 983 2944 valde
1025 2889 1114 2944 siti
1137 2889 1317 2944 adurit
1356 2896 1711 2958 aegrotantes;
1744 2903 1866 2944 cum

281 2996 468 3042 autem
506 2984 734 3040 creverit
759 2992 813 3039 et
836 2982 1105 3037 flammam
1155 2981 1500 3044 excitaverit,
1547 2988 1678 3034 tunc
1723 2980 1868 3034 sitim

283 3077 434 3146 parit
448 3073 940 3144 inexstinguibilem
964 3089 979 3137 ;
1011 3071 1221 3126 etiamsi
1249 3084 1378 3125 vero
1398 3071 1517 3141 quis
1535 3078 1720 3138 potum
1741 3070 1872 3139 ipsis

289 3169 515 3238 largiter
547 3165 802 3237 pra-beat,
841 3179 948 3219 non
972 3163 1280 3232 exstinguit,
1308 3161 1402 3216 sed
1428 3161 1672 3216 accendit
1698 3161 1874 3215 forna-

279 3275 404 3316 cem
468 3280 481 3315 :
546 3259 624 3315 sic
638 3259 797 3313 etiam
824 3257 876 3311 in
909 3256 1012 3311 hoc
1033 3255 1221 3310 morbo
1241 3254 1456 3309 accidit.
1490 3254 1548 3308 Si
1579 3254 1730 3308 initio
1749 3267 1871 3308 cum

286 3353 529 3405 animam
574 3358 812 3405 nostram
865 3347 1106 3412 invadit,
1139 3361 1244 3399 non
1277 3345 1650 3414 impcdiamus,
1700 3358 1875 3414 neque

293 3442 450 3498 fores
472 3441 573 3510 ipsi
596 3440 923 3502 claudamus,
967 3440 1242 3507 ingressus
1268 3436 1485 3490 demum
1525 3436 1871 3491 incurabilem

289 3530 692 3602 cxcipientibus
743 3529 884 3599 parit
932 3526 1319 3597 aegritudinem.
1376 3525 1585 3580 Etenim
1631 3535 1685 3579 et
1736 3524 1877 3578 bona

288 3632 346 3679 et
377 3621 545 3684 maia,
564 3635 685 3676 cum
729 3618 926 3674 diutius
945 3618 998 3672 in
1029 3616 1181 3672 nobis
1228 3615 1544 3681 manserint,
1574 3613 1874 3684 potentiora

293 3717 458 3770 ﬁunt.

365 3809 422 3863 5.
474 3808 530 3861 in
571 3804 923 3875 omnibusque
963 3801 1084 3856 aliis
1110 3800 1339 3870 idipsum
1368 3796 1550 3853 videre
1599 3804 1702 3853 est.
1742 3795 1879 3851 Nam

294 3899 478 3968 planta
507 3913 696 3952 recens
739 3897 930 3961 insita,
969 3894 1125 3948 facile
1150 3891 1438 3956 evellitur;
1471 3891 1514 3943 si
1545 3890 1706 3961 longo
1745 3899 1881 3944 tem-

295 4007 433 4061 pore
463 3991 633 4061 egerit
663 3988 896 4054 radices,
929 4002 1036 4042 non
1087 3987 1213 4040 item
1238 4025 1253 4051 ,
1283 3983 1377 4039 sed
1424 3983 1603 4038 valido
1630 3997 1768 4053 opus
1798 3991 1883 4037 est

294 4092 462 4138 veete
487 4101 501 4136 :
531 4091 585 4136 et
609 4081 892 4136 mdifieium
917 4093 1110 4134 recens
1136 4077 1291 4132 facile
1313 4077 1590 4141 evertitur;
1607 4091 1728 4130 cum
1755 4090 1883 4130 vero

300 4173 617 4228 firmitatem
638 4171 920 4241 acceperit,
949 4169 1169 4224 difficile
1197 4183 1225 4221 a
1250 4168 1567 4223 conantibus
1594 4167 1881 4221 decutitur:

299 4276 357 4318 et
380 4265 492 4320 fera
513 4279 633 4334 qua:
650 4264 806 4334 longo
828 4271 1071 4331 tempore
1087 4259 1282 4315 alicubi
1305 4259 1520 4323 mansit,
1535 4273 1673 4328 aegre
1686 4258 1886 4326 dispel-

303 4359 454 4415 litur.
483 4356 609 4412 Illos
630 4356 912 4426 igitttr,qtti
937 4353 1171 4409 nondum
1189 4368 1219 4406 a
1249 4351 1438 4406 morbo
1455 4351 1546 4404 illo
1562 4351 1886 4415 detinentur,

303 4463 441 4519 rogo
461 4463 530 4502 ne
540 4448 837 4518 capiantur:
854 4447 1060 4500 facilius
1078 4445 1271 4515 quippe
1289 4450 1375 4497 est
1388 4456 1578 4496 cavere
1593 4455 1660 4495 ne
1675 4439 1888 4502 cadant,

304 4555 470 4609 quam
501 4540 684 4609 lapsos
712 4538 951 4592 exsilire.
1001 4537 1110 4592 Illis
1137 4552 1285 4598 vero,
1337 4535 1426 4604 qui
1451 4534 1560 4604 jam
1591 4532 1894 4587 inciderunt

307 4641 415 4686 cta
440 4632 632 4685 morbo
681 4631 772 4685 illo
812 4629 1048 4698 correpti
1093 4637 1238 4693 sunt,
1268 4632 1311 4682 si
1345 4627 1537 4681 rationi
1576 4625 1787 4680 medico
1835 4638 1896 4678 se

307 4722 513 4777 dedere
534 4721 739 4787 velint,
770 4721 992 4774 multam
1044 4718 1233 4774 salutis
1259 4732 1406 4786 spem
1433 4731 1529 4785 per
1550 4715 1643 4770 Dei
1670 4715 1893 4784 gratiam

309 4813 600 4885 polliceor.
649 4813 780 4866 Nam
805 4813 849 4866 si
891 4825 986 4866 eos
1021 4810 1189 4880 quiin
1229 4809 1474 4864 morbum
1517 4806 1818 4861 inciderunt
1843 4812 1899 4858 et

308 4915 503 4976 postea
531 4904 920 4960 convaluerunt
941 4901 1312 4972 cogitaverint,
1333 4899 1526 4953 bonam
1554 4913 1704 4967 spem
1735 4896 1898 4950 habe-

307 4993 446 5048 bunt
472 4993 590 5048 fore
613 4999 672 5047 ut
697 5005 726 5042 a
755 4989 946 5044 morbo
970 4989 1285 5044 liberentur.
1315 4985 1444 5051 Quis
1472 4999 1600 5053 ergo
1630 4983 1818 5038 incidit
1841 4983 1894 5035 in

311 5085 458 5141 hunc
486 5084 762 5148 morbum,
787 5089 842 5136 et
863 5081 1017 5136 facile
1034 5080 1291 5136 liberatus
1318 5077 1444 5132 est?
1470 5076 1759 5129 Zaecbaeus
1786 5075 1894 5129 ille.

309 5177 446 5244 Quis
490 5176 635 5231 enim
670 5172 956 5242 publicano
1005 5172 1244 5241 pecunia:
1274 5167 1518 5238 cupidior
1561 5166 1722 5221 fuerit
1747 5166 1768 5220 ?
1793 5164 1898 5219 Sed

310 5269 500 5322 statim
545 5263 900 5336 philosophus
945 5263 1166 5318 effectus
1214 5270 1317 5326 est,
1344 5270 1398 5314 et
1426 5267 1594 5312 totum
1649 5256 1903 5311 exstinxit

312 5356 651 5413 incendium.
685 5354 946 5412 Similiter
976 5354 1252 5408 Matthmus
1280 5371 1293 5407 :
1325 5365 1446 5404 nam
1467 5358 1523 5403 et
1551 5349 1640 5402 ille
1666 5348 1905 5416 publica-

311 5465 417 5504 nus
443 5457 587 5515 erat,
615 5448 668 5501 in
714 5455 972 5517 perpetua
1019 5445 1199 5513 rapina
1246 5444 1454 5497 vivens.
1484 5440 1590 5496 Sed
1622 5440 1666 5494 is
1691 5453 1905 5508 quoque

313 5549 546 5611 repente
573 5554 770 5593 noxam
798 5537 982 5600 exuit,
1007 5535 1148 5588 sitim
1195 5533 1478 5597 exstinxit,
1507 5540 1561 5585 et
1589 5529 1906 5599 negotiatio-

318 5646 451 5687 nem
478 5630 617 5686 adiit
643 5625 1003 5698 spiritualem.
1025 5625 1135 5679 llos
1163 5639 1291 5692 ergo
1317 5633 1368 5677 et
1397 5623 1479 5677 his
1505 5622 1707 5676 similes
1730 5630 1905 5674 tecum

316 5733 604 5798 reputans,
635 5735 738 5779 nec
755 5729 810 5777 tu
839 5719 1114 5791 desperes.
1133 5717 1188 5774 Si
1225 5715 1353 5772 velis
1380 5716 1542 5786 enim,
1570 5715 1676 5771 cito
1705 5713 1908 5784 poteris

1957 408 2257 464 emergere.
2277 392 2364 460 Et,
2387 391 2433 446 si
2461 389 2629 455 velis,
2666 386 2960 447 secundum
2990 393 3318 452 medicorum
3363 398 3538 470 legem

1954 501 2018 542 ea
2075 501 2196 556 qua:
2245 483 2452 555 agenda
2493 492 2620 539 sunt
2663 483 2756 538 tibi
2795 495 3042 542 accurate
3103 489 3534 557 praescribemus.

1953 577 2182 646 Oportet
2225 588 2355 644 ergo
2391 584 2518 629 ante
2543 574 2648 628 alia
2677 577 2858 630 omnia
2896 575 2998 632 hoc
3024 588 3169 634 recte
3193 596 3400 650 gerere,
3429 601 3536 642 non

1955 670 2191 721 animum
2223 665 2562 735 despondere
2598 680 2773 736 neque
2803 665 3090 738 desperare
3109 669 3176 725 de
3204 672 3375 727 salute
3398 691 3493 732 sua
3521 698 3537 732 ε

1955 757 2151 813 deinde
2177 771 2282 812 non
2313 755 2474 811 modo
2494 771 2680 810 eorum
2709 758 2800 827 qui
2831 767 2978 813 recte
3007 757 3244 816 fecerunt
3269 768 3537 837 exempla,

1956 849 2051 907 sed
2077 850 2236 905 etiam
2264 863 2450 904 eorum
2475 849 2563 918 qui
2604 861 3012 918 perseverarunt
3053 868 3323 910 azrumnas
3370 859 3538 928 inspi-

1957 955 2100 996 cere.
2131 938 2284 996 Sicut
2316 940 2459 994 enim
2505 937 2819 993 Zacchaaum
2849 949 2904 995 et
2925 939 3234 998 Matthaeum
3285 949 3540 1016 cogitavi-

1956 1050 2079 1094 mus
2101 1075 2117 1100 ,
2181 1032 2252 1086 ita
2279 1041 2334 1087 et
2357 1031 2551 1088 Judam
2577 1032 2766 1086 animo
2791 1041 3043 1103 reputare
3064 1047 3297 1104 oportet,
3330 1021 3538 1096 necnon

1958 1125 2125 1190 Giezi,
2155 1123 2352 1187 Achar,
2379 1112 2869 1189 Achabﬁinaniam
2887 1134 2943 1180 et
2966 1125 3322 1197 Sapphiram;
3365 1140 3424 1186 ut
3440 1147 3540 1202 per

1961 1216 2080 1270 illos
2107 1213 2538 1283 desperationem
2583 1213 2880 1283 ejiciamus,
2937 1230 3030 1285 per
3056 1215 3156 1271 hos
3182 1233 3309 1274 vero
3351 1236 3540 1277 socor-

1961 1305 2102 1361 diam
2131 1303 2527 1369 exscindamus,
2557 1319 2730 1376 neque
2757 1307 2980 1376 supinus
3008 1308 3077 1361 sit
3097 1309 3310 1364 animus
3323 1311 3390 1366 ad
3418 1328 3537 1369 mo-

1962 1400 2068 1454 nita
2093 1384 2213 1470 quae
2239 1399 2656 1470 praescribuntnr
2681 1416 2694 1452 :
2728 1414 2792 1455 ac
2822 1414 2920 1454 nos
2941 1400 3086 1470 ipsos
3113 1402 3452 1461 instituamus
3471 1407 3539 1462 ad

1962 1491 2050 1546 illa
2074 1490 2318 1557 dicenda,
2366 1507 2486 1564 quae
2517 1500 2642 1546 tunc
2662 1490 2730 1546 ad
2760 1490 2979 1546 Petrum
3003 1493 3328 1550 accedentes
3357 1495 3534 1553 Judaei

1961 1580 2252 1637 dicebant:
2309 1581 2445 1647 Quid
2488 1599 2607 1653 ergo
2657 1591 2852 1652 oportet
2913 1584 3081 1653 facere
3120 1593 3174 1638 ut
3209 1587 3338 1640 δαιτί
3385 1589 3541 1645 simtu

1963 1670 1982 1741 (
2018 1673 2130 1726 Act.
2149 1672 2204 1726 2.
2237 1673 2304 1728 37
2339 1673 2482 1741 )‘let
2510 1673 2788 1728 audiamus
2839 1688 2902 1728 ea
2953 1690 3073 1744 quae
3100 1675 3338 1732 facienda
3391 1689 3572 1736 sunt.‘

1963 1765 2099 1832 Quid
2117 1779 2245 1834 ergo
2274 1774 2489 1835 oportet
2513 1765 2692 1820 facere
2721 1766 2744 1820 ἵ
2771 1765 2942 1821 Nosse
2972 1783 3151 1822 rerum
3182 1770 3462 1836 vilitatem,
3488 1783 3545 1828 ct

1964 1855 2106 1926 quod
2130 1855 2330 1910 divitia:
2347 1857 2454 1910 sint
2470 1871 2660 1912 servus
2686 1857 2934 1928 fugitivus
2961 1866 3016 1912 et
3041 1857 3302 1929 ingratus,
3326 1872 3382 1917 et
3398 1864 3543 1933 quod

1967 1959 2304 2016 possessores
2330 1961 2457 2002 suos
2488 1947 2540 2000 in
2567 1946 2704 2000 mala
2753 1947 2993 2017 injiciant
3020 1948 3458 2007 innumerabilia:
3488 1962 3546 2010 et

1965 2037 2229 2108 ejusmodi
2259 2038 2419 2093 verba
2448 2039 2665 2094 assidue
2693 2039 3061 2096 decantemus.
3094 2042 3172 2096 Ac
3192 2044 3544 2113 quemadmo-

1966 2127 2093 2183 dum
2117 2127 2310 2183 medici
2331 2143 2502 2199 aegros
2525 2128 2770 2200 frigidam
2797 2131 3130 2200 postulantes
3157 2135 3502 2192 consolantur
3523 2178 3540 2204 ,

1967 2234 2026 2274 se
2057 2220 2378 2291 prazhituros
2395 2220 2659 2286 dicentes,
2692 2219 2896 2277 fontem
2951 2237 3460 2292 commemorantes,
3490 2236 3546 2283 et

1968 2327 2062 2367 vas
2105 2322 2160 2367 et
2213 2320 2422 2382 tempus
2476 2325 2860 2384 opportunum,
2911 2315 3170 2386 pluraque
3243 2315 3550 2386 huiusmodi

1969 2405 1989 2476 (
2019 2421 2140 2460 nam
2165 2406 2208 2459 si
2238 2405 2415 2460 statim
2449 2413 2728 2476 negarent,
2759 2405 2812 2460 in
2832 2405 3064 2462 furorem
3092 2416 3146 2462 et
3175 2408 3376 2464 rabiem
3404 2410 3551 2480 ipsos

1969 2497 2298 2566 conjicerent
2324 2496 2345 2566 )
2375 2513 2388 2550 :
2419 2497 2493 2551 ita
2537 2505 2592 2551 et
2637 2511 2736 2551 nos
2784 2511 2904 2551 cum
2947 2499 3199 2566 pecunias
3249 2501 3551 2557 amantibus

1969 2603 2228 2659 agamus:
2275 2597 2474 2643 etcum
2512 2587 2766 2672 dixerint,
2820 2587 3018 2643 Divites
3039 2604 3159 2644 esse
3188 2591 3450 2658 volumus,
3484 2608 3552 2647 ne

1971 2682 2151 2738 statim
2180 2679 2420 2735 dicamus
2450 2675 2620 2734 malas
2636 2692 2757 2733 esse
2779 2677 2996 2732 divitias
3020 2696 3035 2745 ;
3064 2680 3157 2734 sed
3187 2684 3549 2737 assentiamur

1973 2784 2029 2830 et
2057 2774 2299 2828 dicamus
2341 2788 2440 2826 nos
2466 2772 2628 2827 etiam
2677 2771 2781 2826 hoc
2811 2773 2946 2827 velle
2970 2813 2985 2837 ,
3014 2773 3108 2828 sed
3137 2774 3190 2827 in
3238 2775 3556 2844 congruenti

1977 2877 2234 2938 tempore,
2267 2865 2362 2922 sed
2389 2865 2604 2920 divitias
2632 2879 2812 2932 veras,
2837 2864 2932 2920 sed
2962 2880 3056 2920 eas
3080 2881 3198 2936 quas
3229 2867 3555 2937 voluptatem

1975 2958 2208 3014 habeant
2235 2956 2616 3019 immortalem,
2639 2955 2736 3011 sed
2762 2971 2855 3011 eas
2879 2972 2998 3026 quae
3023 2957 3352 3027 colliguntur
3375 2957 3551 3024 nobis,

1978 3064 2086 3104 non
2143 3049 2279 3114 aliis,
2327 3062 2473 3118 saepe
2516 3056 2693 3102 autem
2726 3056 2779 3102 et
2813 3047 3042 3103 inimicis
3071 3064 3088 3115 ;
3115 3063 3178 3103 ac
3204 3048 3559 3120 philosophia:

1976 3139 2139 3195 verba
2167 3138 2220 3193 in
2247 3137 2483 3193 medium
2498 3136 2782 3194 aderamus
2808 3153 2871 3193 ac
2893 3139 3151 3194 dicamus:
3176 3139 3290 3194 Non
3311 3141 3560 3210 jubcmus

1979 3247 2086 3287 non
2114 3231 2306 3286 divites
2332 3246 2472 3300 esse,
2501 3231 2596 3287 sed
2622 3231 2760 3287 male
2786 3231 2977 3287 divites
2998 3247 3118 3289 esse
3140 3244 3381 3290 vctamus
3399 3253 3413 3291 :
3433 3237 3559 3291 licet

1979 3325 2121 3381 enim
2138 3322 2354 3378 divitem
2379 3337 2520 3387 esse,
2543 3322 2637 3377 sed
2666 3324 2781 3378 sine
2806 3324 3046 3385 avaritia,
3062 3326 3180 3381 sine
3198 3331 3379 3396 rapina
3401 3336 3457 3381 et
3479 3329 3550 3393 vi,

1981 3414 2052 3469 ita
2068 3413 2274 3482 utapud
2287 3428 2474 3470 omnes
2487 3414 2624 3468 male
2635 3415 2815 3468 audiat
2828 3416 2980 3469 dives
2993 3415 3316 3484 hujusmodi.
3335 3417 3428 3472 llis
3442 3419 3563 3475 illos

1982 3504 2161 3560 verbis
2183 3505 2331 3573 prius
2353 3504 2638 3569 leniamus,
2655 3506 2884 3559 necdum
2903 3506 2970 3559 de
2984 3505 3227 3574 gehenna
3245 3508 3529 3577 loquamur
3548 3529 3561 3564 :

1985 3612 2108 3651 nam
2126 3597 2218 3666 qui
2237 3604 2481 3667 tegrotat,
2503 3598 2627 3650 talia
2644 3598 2804 3652 verba
2827 3597 3006 3651 statim
3027 3613 3132 3652 non
3161 3598 3345 3654 ferret.
3376 3600 3568 3668 Quam-

1983 3689 2173 3744 obrem
2190 3703 2257 3742 ex
2280 3687 2636 3758 presentibus
2665 3688 2748 3743 his
2769 3688 2836 3743 de
2855 3689 3016 3744 rebus
3037 3690 3196 3744 verba
3231 3691 3488 3746 faciamus
3513 3702 3567 3748 et

1986 3781 2226 3838 dicamus
2246 3799 2259 3835 :
2277 3780 2385 3836 Cur
2407 3795 2471 3836 ex
2502 3782 2720 3836 avaritia
2745 3783 2822 3835 vis
2834 3781 3014 3847 ditari,
3045 3792 3100 3836 ut
3125 3783 3245 3837 aliis
3267 3799 3455 3838 aurum
3475 3801 3564 3840 rc-

1987 3873 2270 3941 condatur,
2291 3875 2386 3930 tibi
2407 3889 2539 3930 vero
2554 3876 2847 3931 innumerae
2877 3875 3287 3944 imprecationes
3309 3887 3364 3932 et
3378 3879 3564 3933 crimio

1989 3968 2268 4024 nationes?
2289 3977 2344 4024 et
2369 3969 2458 4038 qui
2488 3968 2593 4022 illis
2619 3970 2858 4039 privatus
2886 3978 2988 4032 est,
3019 3984 3081 4023 ex
3109 3985 3290 4024 rerum
3321 3986 3568 4026 necessa-

1990 4061 2187 4115 riarum
2226 4061 2448 4130 penuria
2477 4059 2815 4125 mordeatur,
2845 4060 3027 4128 ejulet,
3061 4072 3448 4131 sescentosque
3477 4062 3568 4116 tibi

1991 4154 2224 4208 attrahat
2274 4161 2620 4208 accusatores
2649 4192 2665 4217 ,
2693 4162 2748 4207 et
2776 4150 3094 4204 adveniente
3133 4165 3353 4219 veSpera
3398 4154 3569 4206 forum

1991 4246 2309 4312 circumeat,
2340 4253 2394 4300 et
2419 4246 2472 4299 in
2501 4244 2802 4313 angiportis
2824 4257 3014 4296 omnes
3043 4244 3350 4307 conveniat,
3381 4243 3573 4298 dubius

1996 4343 2050 4390 et
2074 4335 2284 4397 anxius,
2314 4348 2383 4388 ne
2407 4333 2475 4387 de
2503 4331 2843 4400 transigenda
2870 4330 3086 4399 quidem
3111 4341 3269 4383 nocte
3289 4331 3454 4385 fidere
3480 4347 3573 4385 au-

1997 4428 2158 4483 dens.
2187 4424 2466 4493 Quomodo
2482 4423 2622 4478 enim
2642 4423 2751 4491 jam
2779 4421 3030 4488 dormiet,
3055 4420 3180 4475 dum
3209 4421 3417 4476 mordet
3448 4438 3576 4477 ven-

2001 4527 2101 4582 ter,
2134 4517 2350 4587 ipseque
2375 4514 2589 4585 vigilat,
2620 4512 2785 4567 fames
2815 4512 3043 4578 obsidet,
3067 4512 3263 4583 ingruit
3285 4529 3426 4584 strpe
3454 4515 3574 4584 gelu

2002 4620 2056 4666 et
2083 4610 2272 4678 pluvia:
2294 4607 2591 4663 decidunt?
2618 4606 2686 4660 Et
2709 4613 2761 4659 tu
2789 4605 3002 4674 quidem
3029 4620 3094 4659 ex
3127 4604 3319 4660 balneo
3367 4605 3578 4660 ablutus

2002 4701 2169 4766 redis,
2199 4700 2453 4755 mollibus
2496 4700 2724 4753 amictus
2765 4696 3024 4763 vestibus,
3079 4696 3233 4751 laetus
3257 4705 3312 4752 et
3338 4697 3574 4766 gaudens

2003 4795 2071 4851 ad
2098 4795 2296 4849 lautam
2348 4806 2558 4846 caenam
2609 4793 2878 4846 accnrris:
2911 4789 3000 4844 ille
3023 4799 3200 4844 autem
3231 4805 3326 4858 per
3351 4789 3522 4844 forum
3550 4807 3581 4845 a

2004 4885 2201 4956 frigore
2223 4892 2277 4938 et
2305 4882 2444 4936 fame
2480 4897 2624 4949 saepe
2651 4881 2836 4950 pulsus
2865 4881 3132 4945 circumit,
3165 4895 3335 4949 prono
3364 4881 3535 4950 capite
3564 4923 3579 4947 ,

2006 4992 2196 5034 manus
2221 4975 2550 5040 extendens;
2576 4990 2672 5029 nec
2696 4991 2806 5044 prae
2844 4983 2990 5028 metu
3019 4973 3181 5027 audet
3208 4974 3403 5026 satiato
3428 4981 3482 5028 et
3506 4990 3584 5028 rc-

2007 5069 2274 5125 cumbenti
2327 5066 2484 5121 verba
2524 5062 2762 5136 proferre
2814 5080 2912 5133 pro
2940 5065 3194 5118 alimento
3244 5067 3580 5131 necessario;

2010 5176 2154 5230 sche
2181 5174 2308 5214 vero
2351 5156 2671 5211 contumelia
2701 5154 2925 5209 affectus
2967 5153 3212 5208 receSsit.
3263 5155 3398 5209 Cum
3455 5173 3583 5227 ergo

2011 5251 2228 5306 domum
2261 5262 2509 5303 reversus
2535 5261 2615 5310 es,
2640 5260 2760 5299 cum
2784 5245 2837 5298 in
2866 5244 3004 5299 lecto
3029 5246 3296 5301 recumbis
3346 5263 3466 5302 eum
3496 5247 3582 5300 lux

2012 5341 2290 5410 splendida
2319 5337 2516 5406 ubique
2543 5337 2707 5406 fulget
2745 5336 2794 5390 in
2832 5335 3058 5402 aedibus,
3083 5352 3204 5391 cum
3229 5338 3368 5392 lauta
3399 5352 3582 5391 mensa

2012 5443 2194 5503 parata
2222 5439 2325 5496 est,
2367 5437 2479 5484 tum
2506 5428 2792 5484 recordare
2841 5428 3021 5482 miseri
3046 5437 3099 5482 et
3128 5427 3357 5481 infelicis
3401 5426 3544 5478 illius
3571 5467 3586 5488 ,

2013 5525 2125 5592 qui,
2156 5531 2212 5576 ut
2237 5537 2395 5576 canes
2423 5521 2619 5584 solent,
2649 5519 2700 5573 in
2724 5517 3040 5588 angiportis,
3066 5518 3118 5570 in
3145 5517 3380 5571 tenebris
3401 5521 3453 5564 et
3475 5512 3586 5566 luto

2015 5614 2303 5669 circumit:
2346 5612 2555 5667 etiamsi
2581 5625 2725 5678 smpc
2755 5609 2880 5663 hinc
2931 5608 3106 5672 abeat,
3161 5620 3266 5658 non
3318 5601 3534 5653 domum
3567 5641 3584 5665 ,

2017 5723 2122 5764 non
2150 5705 2214 5762 ad
2243 5719 2465 5762 uxorem
2485 5745 2502 5774 ,
2533 5702 2628 5760 sed
2652 5703 2705 5757 in
2733 5700 2858 5757 fumi
2886 5708 3132 5764 stratum,
3165 5702 3222 5747 ut
3244 5701 3299 5747 et
3317 5705 3476 5746 canes
3505 5691 3582 5745 vi-
