3986 6202
383 293 454 350 95
561 241 572 250 ’
1109 287 1165 338 s.
1203 275 1477 335 tomus
1505 267 1987 331 cnnsosroau
2025 266 2346 324 Μιειιηςρι
2382 267 2919 326 consumma.
3387 339 3390 342 ή
3592 285 3669 339 96-

387 407 604 471 demus,
658 403 747 474 qui
777 417 872 474 per
900 407 1064 455 totam
1097 405 1305 450 noctem
1332 391 1503 448 rabidi
1534 391 1750 444 latrant.
1805 386 1873 440 Et
1914 393 1972 440 tu

385 497 604 568 quidem
632 496 676 549 si
709 508 925 564 parvam
951 489 1148 545 stillam
1178 485 1378 540 videris
1407 499 1438 537 e
1463 491 1604 536 tecto
1648 479 1924 550 delapsam
1951 519 1966 542 ,

387 597 552 643 totam
583 585 781 642 evertis
809 582 1057 647 domum,
1099 577 1324 633 famulos
1371 589 1599 636 vocans,
1630 572 1808 626 onmia
1849 585 1967 624 mo-

385 695 519 736 vens
548 697 562 733 :
596 679 687 733 ille
725 691 863 731 vero
897 675 1089 742 jacens
1117 674 1169 726 in
1200 670 1418 742 pannis,
1464 667 1608 724 foeno
1629 675 1685 722 et
1705 666 1818 720 luto
1840 705 1855 730 ,
1884 663 1969 718 in-

389 786 520 842 gens
541 770 734 825 tolerat
755 768 943 838 frigus.

456 863 511 917 6.
552 862 682 930 Qua:
725 860 833 915 fera
878 859 966 913 his
1009 872 1121 912 non
1153 856 1426 927 frangatur
1449 852 1609 907 rebus
1627 851 1661 905 ?i
1689 850 1807 920 quis
1833 847 1970 903 adeo

383 967 556 1008 srevus
596 959 652 1006 et
697 949 1038 1012 inhumanus,
1091 947 1240 1001 hi3ce
1284 945 1444 1000 rebus
1486 958 1606 997 non-
1640 941 1970 995 mansuetior

383 1043 674 1098 reddatur?
709 1041 819 1097 Sed
845 1039 1069 1111 quidam
1103 1039 1168 1092 ad
1207 1046 1405 1091 tantam
1449 1035 1836 1090 "Humanitatem
1875 1033 1969 1086 de-

383 1144 664 1200 venerunt,
697 1145 757 1190 ut
783 1134 966 1189 dicant
996 1134 1139 1203 ipsos
1167 1131 1324 1201 digna
1353 1129 1478 1199 palis
1519 1128 1658 1182 Cum.
1692 1131 1979 1195 oporteret

381 1229 527 1284 enim
554 1226 833 1291 misereri,
867 1222 1145 1295 laerymari
1167 1264 1188 1289 ,
1212 1232 1266 1277 et
1291 1220 1647 1275 calamitatem
1678 1216 1833 1272 simul
1861 1215 1970 1269 sol-

383 1335 510 1376 vere
542 1337 556 1373 :
587 1319 660 1373 illi
693 1332 820 1373 vero
852 1317 997 1386 ipsos
1027 1315 1388 1370 inhumaniter
1415 1322 1688 1368 accusant.
1721 1311 1865 1378 Quos
1898 1309 1968 1364 ll-

382 1402 572 1466 bentér
600 1410 986 1476 interrogarem
1010 1449 1024 1474 ,
1052 1408 1161 1462 Cur
1181 1449 1196 1471 ,
1228 1420 1432 1476 quaeso,
1465 1404 1622 1474 digna
1653 1400 1976 1474 patiuntur?

382 1520 450 1558 an
481 1501 624 1574 quod
655 1502 726 1556 ali
757 1501 921 1556 velint
944 1509 998 1556 et
1023 1515 1127 1554 non
1160 1499 1300 1552 fame
1326 1496 1512 1552 confici
1533 1493 1977 1561 ?'Non,inquiet,.

383 1595 479 1652 sed
509 1595 633 1665 quia
663 1595 822 1648 otiosi
852 1600 996 1647 sunt.
1030 1592 1110 1647 Tu
1139 1607 1268 1646 vero
1293 1604 1472 1644 annon
1503 1589 1706 1642 otiosus
1741 1585 1966 1640 delicia-

385 1687 493 1741 ris?
517 1686 654 1754 Quid
685 1699 813 1739 vero
833 1725 847 1748 ,
879 1699 1057 1738 annon
1088 1697 1224 1752 opus
1267 1697 1410 1750 saepe
1436 1694 1655 1735 exerces
1683 1678 1794 1732 otio
1819 1677 1978 1732 omni.

382 1777 616 1846 gravius,
659 1777 786 1830 dum
827 1774 990 1840 rapis,
1037 1775 1142 1826 vim
1183 1771 1350 1827 infers
1385 1781 1440 1826 et
1468 1771 1704 1826 avaritia:
1741 1770 1968 1825 studes?

383 1869 572 1923 Melius
596 1876 740 1922 esset
765 1867 809 1922 si
845 1874 898 1920 tu
929 1880 1141 1936 quoque
1169 1864 1296 1920 huic
1325 1872 1378 1920 te
1406 1863 1632 1920 dederes
1661 1865 1770 1918 otio
1798 1880 1810 1917 :
1844 1878 1974 1917 nam

383 1961 453 2014 ita
494 1958 650 2014 otiari
695 1958 888 2012 melius
925 1967 1027 2023 εει,
1076 1972 1234 2026 quam
1272 1957 1507 2011 avaritize
1549 1955 1784 2010 studere.
1813 1954 1966 2010 Nunc

382 2061 560 2106 autem
589 2050 780 2105 alienis
805 2049 968 2104 etiam
995 2047 1227 2103 insultas
1243 2046 1656 2113 calamitatibus,
1680 2063 1784 2101 non
1806 2045 1980 2102 modo-

382 2143 434 2196 in
465 2142 574 2197 otio
599 2141 819 2211 degens,
850 2155 951 2194 nec
980 2139 1139 2193 modo
1166 2153 1300 2208 opus
1339 2138 1657 2209 aggrediens
1700 2139 1809 2192 otio
1847 2152 1966 2207 gra-

381 2236 520 2302 vius,
569 2233 665 2289 sed
709 2233 868 2288 etiam
901 2232 954 2285 in
995 2232 1214 2286 miseria.
1238 2230 1504 2300 degentes
1522 2244 1797 2284 accusans.
1833 2228 1966 2299 Ipsis

380 2339 594 2396 quoque
643 2338 922 2378 narremus
979 2322 1187 2376 alienas
1236 2320 1606 2386 calamitates,
1655 2309 1978 2374 immaturas.

381 2418 656 2481 orbitates,
687 2430 781 2470 eos
809 2414 898 2484 qui
943 2413 995 2468 in
1025 2427 1240 2468 carcere
1267 2411 1486 2481 degunt,
1518 2425 1613 2466 eos
1647 2411 1736 2481 qui
1759 2410 1964 2466 discer-

383 2515 581 2577 puntur
606 2507 658 2560 in
680 2506 896 2576 judiciis
915 2548 928 2570 ,
962 2518 1056 2560 eos
1081 2504 1176 2575 qui.
1198 2503 1266 2559 de
1290 2505 1394 2558 vita
1425 2504 1631 2568 timent»,
1665 2503 1964 2572 inopinatas

383 2599 666 2652 mulierum
695 2597 997 2659 viduitates,
1025 2597 1334 2664 repentinas
1361 2595 1586 2650 divitum
1617 2595 1960 2663 mutationes,

380 2701 433 2746 et
460 2689 561 2745 hoc
587 2697 729 2744 metu
759 2704 944 2744 eorum
975 2688 1184 2741 animos
1213 2687 1536 2741 molliamus.
1567 2683 1698 2742 Nam
1729 2702 1824 2757 per
1845 2687 1974 2743 illas

379 2785 581 2838 alienas
623 2782 955 2836 narrationes
995 2779 1335 2835 suadebimus
1366 2779 1504 2845 illis,
1537 2788 1595 2834 ut
1622 2779 1807 2834 eadem
1850 2781 1962 2849 ipsa

379 2876 480 2932 sibi
510 2876 748 2930 timeant.
775 2872 906 2928 Cum
936 2871 1077 2926 enim
1106 2869 1391 2936 audierint,
1420 2870 1716 2941 cujuspiam
1741 2872 1968 2926 avariet

381 2965 610 3037 raptoris
639 2965 802 3018 lilium
826 3005 840 3029 ,
869 2961 1165 3033 cujuspiam
1195 2963 1282 3032 qui
1314 2963 1479 3016 multa
1511 2963 1787 3033 tyrannice
1817 2963 1962 3019 fece-

380 3067 464 3114 rat
492 3072 734 3122 uxorem,
754 3065 874 3126 post
899 3063 1126 3110 mortem
1159 3053 1400 3124 conjugis
1428 3054 1706 3109 innumera
1749 3069 1972 3124 passam.

382 3166 501 3207 esse
529 3151 686 3216 mala,
709 3163 829 3203 cum
859 3148 892 3202 ii
924 3147 1012 3218 qui
1039 3147 1233 3218 injuste
1260 3147 1370 3201 liesi
1393 3145 1623 3213 fuerant,
1662 3148 1713 3202 in
1739 3162 1969 3202 tutorem-

380 3251 433 3295 et
453 3239 592 3294 filios
617 3239 919 3302 irruisscnt,
945 3246 999 3292 et
1017 3253 1299 3293 commune
1319 3238 1516 3294 bellum
1538 3247 1723 3292 contra
1745 3237 1962 3294 domum

385 3330 528 3386 illius
555 3328 788 3400 undique
816 3330 1102 3384 excitatura
1135 3339 1277 3385 esset
1308 3347 1323 3384 :
1350 3329 1560 3385 etiamsi
1588 3330 1820 3385 maxime
1841 3345 1962 3384 om-

383 3420 528 3474 nium
569 3434 732 3474 sensu
762 3418 1048 3474 destitutus
1074 3420 1179 3485 sit,
1211 3431 1528 3489 exspectans
1555 3429 1730 3476 tamen
1756 3435 1822 3476 se
1843 3421 1960 3475 talia

381 3528 659 3582 passurum
679 3553 694 3578 ,
724 3521 779 3568 et
818 3512 928 3566 suis
957 3511 1151 3568 timens
1179 3528 1244 3568 ne
1273 3513 1466 3567 similia
1492 3515 1792 3584 patiantur,
1825 3523 1963 3568 tem-

381 3605 655 3672 perantior
708 3605 829 3659 erit.
881 3604 1014 3659 Tota
1059 3606 1165 3658 vita
1214 3615 1395 3660 nostra
1458 3605 1650 3659 talibus
1704 3605 1963 3674 exemplis

382 3698 564 3750 multis
606 3697 761 3764 plena
792 3704 913 3760 est,
945 3710 1046 3749 nec
1074 3695 1287 3750 deficiet
1329 3695 1486 3750 nobis
1529 3696 1615 3751 hic
1661 3695 1962 3766 corrigendi

383 3787 591 3842 modus.
617 3786 750 3840 Cum
783 3793 960 3839 autem
993 3785 1107 3840 huic
1133 3787 1356 3839 dicimus
1379 3827 1396 3852 ,
1421 3802 1527 3840 non
1557 3789 1706 3857 quasi
1733 3789 1964 3841 suaden-

384 3891 466 3933 tes
494 3875 578 3929 vel
605 3875 756 3944 quasi
785 3874 1128 3928 consulentes
1159 3873 1274 3928 haec
1299 3876 1538 3930 dicamus
1558 3915 1572 3940 ,
1601 3891 1668 3929 ne
1690 3878 1964 3932 molestior

2081 383 2150 438 sit
2175 384 2368 449 oratio,
2399 385 2496 440 sed
2519 386 2570 440 id
2601 396 2869 458 tamquam
2897 392 3256 447 narrationem
3287 393 3670 466 proferamus;-

2071 485 2125 532 et
2156 492 2218 532 ex
2245 476 2347 532 alia
2383 482 2768 550 consequentia
2797 483 2861 536 ad
2890 483 3372 555 similemsempc-r
3389 489 3653 543 narratio-

2072 583 2194 622 nem
2223 569 2497 624 veniamus
2521 611 2535 635 ,
2565 585 2630 626 ac
2656 571 2963 641 frequenter
2987 575 3080 631 eis
3102 576 3225 630 talia
3263 578 3507 648 exempla
3538 596 3662 648 pro-

2072 674 2353 730 ponamus,
2407 678 2512 718 non
2562 665 2922 723 concedentes
2969 677 3028 723 ut
3073 667 3178 723 alia
3225 685 3385 740 quam
3433 671 3547 727 haec
3575 673 3661 726 lo-

2072 765 2304 823 quantur
2327 773 2340 807 :
2363 756 2642 824 Quomodo
2668 757 2830 827 hujus
2847 759 3039 816 domus
3062 762 3340 833 splendida
3362 773 3414 818 et
3438 765 3656 824 illustris

2071 846 2370 912 corruerit;
2410 849 2680 917 quomodo
2721 849 2790 904 ita
2820 849 3035 907 deserta
3065 853 3170 920 sit,
3214 863 3273 908 ut
3315 855 3480 924 ipsius
3518 856 3657 912 bona

2070 935 2248 988 omnia
2306 936 2373 990 in;
2404 937 2642 993 aliorum'
2677 954 2864 994 manus
2907 941 3190 998 inciderint
3222 961 3254 1008 ;.
3282 957 3412 1014 quot
3455 946 3656 1015 judicia

2071 1026 2306 1096 quotidie
2330 1027 2399 1082 de
2426 1028 2514 1084 his
2544 1030 2879 1088 facultatibus
2903 1043 3026 1089 sunt
3050 1039 3336 1092 constituta
3356 1079 3372 1104 ,
3399 1050 3528 1110 quot
3557 1057 3657 1097 ne.-

2069 1119 2209 1187 gotia
2235 1134 2250 1184 ;
2280 1132 2410 1188 quat
2445 1137 2512 1175 ex
2547 1120 2762 1178 famulis
2790 1124 2933 1180 illius
2953 1126 3043 1180 alii
3071 1131 3416 1185 emendieant
3438 1174 3453 1197 ,
3482 1133 3573 1188 alii
3604 1135 3655 1190 in

2070 1222 2286 1265 carcere
2306 1212 2540 1266 conclusi
2565 1215 2757 1268 mortui
2787 1225 2946 1269 sunt..
2967 1216 3034 1272 Et
3064 1217 3178 1273 limo
3207 1223 3385 1276 omnia
3415 1223 3658 1279 dicamus

2070 1301 2222 1370 quasi
2268 1303 2521 1372 lugentes
2553 1320 2700 1372 eum,
2749 1308 2837 1375 qui
2882 1323 2946 1363 ex
2998 1309 3098 1366 hae
3141 1312 3249 1366 vita
3289 1315 3555 1384 migravit,
3599 1327 3657 1373 et

2071 1394 2219 1464 quasi
2265 1397 2560 1464 praesentia.
2589 1396 2950 1467 deSpicientes
2969 1418 2996 1467 ;.
3019 1411 3075 1456 ut
3103 1411 3156 1458 et
3187 1403 3378 1461 timore
3407 1417 3462 1462 et
3489 1410 3650 1464 mise-

2071 1486 2298 1542 ricordia
2328 1489 2665 1544 emolliamus
2695 1490 2954 1546 immitem
2985 1493 3136 1547 illum
3161 1495 3418 1552 animum.
3447 1498 3653 1555 Etcum

2071 1578 2190 1633 illos
2237 1580 2530 1635 viderimus
2588 1581 2672 1636 bis
2719 1585 3112 1641 narrationibus
3156 1586 3480 1657 depressos,
3528 1602 3656 1648 tunc

2070 1669 2285 1724 demum
2329 1671 2446 1726 illis.
2473 1671 2540 1726 de
2576 1672 2817 1742 gelienna
2853 1689 3158 1732 sermonem
3188 1678 3476 1734 inferamus
3498 1723 3512 1744 .
3547 1699 3652 1738 non

2070 1768 2337 1831 tamquam
2359 1763 2480 1817 ill'os
2502 1772 2786 1825 terrentes.
2811 1765 2906 1820 sed
2934 1774 2992 1820 ut
3017 1767 3153 1824 alios
3181 1771 3663 1835 contmiserantes;

2069 1860 2121 1914 et
2141 1851 2380 1907 dicamus
2404 1869 2418 1903 :
2445 1852 2514 1906 Et
2535 1853 2659 1922 quid
2689 1864 2898 1924 oportet
2925 1856 3108 1912 dicere
3132 1861 3450 1928 praiseiitia?
3478 1879 3654 1934 neque

2069 1943 2210 1998 enim
2257 1954 2436 1999 nostra
2479 1943 2562 2000 his
2601 1958 2724 2000 sunt
2767 1948 3025 2004 limitibus
3069 1950 3511 2021 circumscripta;
3557 1956 3666 2010 sed.

2067 2034 2281 2103 gravius
2306 2036 2624 2105 supplicium
2654 2037 2797 2092 tales
2816 2037 3058 2094 homines
3085 2042 3345 2111 excipiet,
3375 2055 3430 2099 et
3458 2044 3653 2100 ﬂuvius

2070 2124 2255 2195 igneus
2279 2138 2334 2183 et
2359 2128 2553 2182 vermis
2573 2140 2947 2185 venenosus-et
2974 2132 3205 2187 tenebrae
3227 2133 3653 2194 interminabiles

2068 2225 2128 2272 et
2148 2219 2417 2288 supplicia.
2443 2220 2866 2275 iiiimortalia..Si
2895 2221 2978 2276 his
3009 2223 3130 2278 illos
3158 2223 3496 2281 incantemus
3523 2243 3652 2281 nar-

2068 2311 2398 2377 rationibus,
2427 2319 2484 2366 et
2521 2326 2620 2365 nos
2661 2312 2806 2381 ipsos
2832 2321 2886 2367 et
2929 2313 3049 2368 illos
3086 2315 3452 2385 corrigemus,
3492 2330 3655 2389 atque

2067 2402 2137 2463 ab
2163 2403 2477 2472 mgritudine
2505 2403 2613 2459 cito
2639 2404 3006 2470 liberabimus,
3039 2406 3091 2460 in
3123 2407 3318 2478 dieque
3348 2410 3438 2464 illo
3468 2411 3654 2467 lauda-

2067 2505 2240 2552 torem
2268 2497 2432 2551 Deum
2459 2496 2798 2562 habebimus,
2830 2508 2964 2555 utet
2988 2499 3181 2555 Paulus
3202 2501 3220 2532 ⁸
3250 2501 3418 2557 dicit:
3444 2503 3510 2557 Et
3535 2513 3655 2559 tunc

2067 2590 2182 2645 laus
2207 2591 2301 2644 erit
2327 2589 2594 2659 unicuique
2611 2606 2642 2642 a
2663 2588 2791 2644 Deo.
2824 2590 2966 2646 Laus
3000 2593 3142 2647 enim
3170 2609 3289 2662 quae
3317 2596 3387 2651 ab
3415 2595 3650 2652 hominis

2069 2683 2449 2753 busprocedit,
2480 2691 2540 2736 et
2555 2681 2752 2738 diffluit
2779 2691 2834 2738 et
2861 2683 3146 2753 aliquando
3171 2701 3278 2740 non
3308 2702 3338 2740 a
3370 2687 3511 2742 bono
3537 2691 3653 2744 ani-

2069 2790 2160 2829 mo
2201 2773 2554 2844 proficiscitur
2585 2789 2598 2825 :
2631 2788 2750 2842 qua:
2789 2781 2967 2828 autem
3010 2789 3041 2827 a
3089 2775 3212 2831 Deo
3241 2785 3358 2842 est,
3377 2787 3432 2832 et
3474 2791 3664 2835 manet;

2068 2872 2325 2935 perpetuo
2367 2874 2424 2919 et
2464 2865 2608 2918 clare
2651 2865 2916 2933 splendet.
2963 2866 3206 2934 Quando
3232 2871 3376 2923 enim
3425 2871 3510 2935 is,
3559 2874 3650 2941 qui

2067 2956 2418 3011 omnianevit
2444 2964 2732 3025 antequam
2765 2956 2893 3009 liant
2917 2967 2971 3011 et
2999 2957 3068 3011 ab
3093 2959 3237 3011 omni
3271 2961 3520 3028 passione
3563 2979 3643 3017 va-

2067 3062 2198 3102 cuus
2223 3057 2325 3114 est,
2359 3047 2584 3113 laudat-;.
2602 3056 2726 3102 tunc
2755 3047 3156 3103 indubitataest
3187 3051 3653 3108 virtutisdemnn.

2068 3139 2276 3192 Stratie.
2304 3137 2429 3192 Haec
2454 3154 2582 3207 ergo
2609 3153 2732 3192 cum
2759 3141 2993 3193 sciamus
3018 3180 3034 3203 ,
3069 3139 3192 3195 talia
3221 3156 3510 3211 operemur
3537 3155 3593 3199 ut
3621 3161 3663 3200 a.

2069 3230 2180 3286 [leo
2207 3229 2504 3292 laudemur,
2533 3237 2590 3284 et
2615 3230 2842 3284 maxima
2870 3244 3264 3300 consequamur
3291 3233 3431 3288 bona
3467 3253 3488 3292 _:
3534 3252 3653 3305 quae

2068 3324 2271 3377 utinam
2299 3335 2611 3376 nosomnes
2642 3320 3020 3390 adipiscamur,
3047 3325 3215 3393 gratia
3245 3315 3303 3379 et
3327 3323 3654 3397 benignitate

2070 3414 2279 3470 Domini
2318 3414 2485 3468 nosu'i
2529 3413 2652 3468 Jesu
2695 3413 2923 3480 Christi,
2968 3415 3183 3483 quicum
3245 3416 3386 3470 Patri
3443 3433 3653 3489 unaque

2067 3508 2284 3578 Spiritui
2308 3516 2494 3561 sancto
2513 3505 2703 3576 gloria,
2728 3507 3028 3575 imperium,
3054 3506 3246 3575 honor,
3266 3525 3406 3566 nunc
3427 3520 3483 3566 et
3509 3527 3653 3568 scut.

2070 3617 2164 3672 per
2185 3641 2202 3668 ,
2247 3609 2302 3656 et
2328 3600 2381 3655 in
2411 3598 2974 3654 saeculasteculorum.
3006 3601 3200 3656 Amen.

2133 3824 2148 3855 ί
2185 3822 2349 3872 Morel.
2377 3821 2628 3870 habet.....
2647 3818 2740 3870 cito
2763 3816 3090 3880 liberabimus,
3114 3825 3163 3868 ut
3184 3826 3230 3871 et
3253 3821 3662 3882 I’aulus,omissis

2070 3885 2386 3948 interpositis.

1771 4100 2115 4162 HOMILIA
2156 4101 2278 4163 XII
2288 4145 2310 4158 .

369 4245 510 4322 .Car.
543 4245 596 4298 4.
619 4259 672 4298 v.
702 4244 756 4298 ϐ.
791 4242 916 4297 Haec
941 4251 1138 4308 autem,
1169 4246 1383 4314 fratres,
1413 4243 1770 4314 transﬁgurari
1795 4245 1848 4298 in
1886 4260 1965 4298 me

459 4350 506 4392 et
536 4337 720 4408 Apollo
751 4347 956 4408 propter
985 4353 1090 4400 vos,
1123 4345 1176 4390 ut
1205 4337 1260 4390 in
1289 4334 1430 4391 nobis
1459 4335 1665 4391 discetis
1691 4353 1793 4390 non
1825 4335 1962 4406 plus,

455 4444 606 4497 quam
632 4427 877 4493 scriptum
901 4437 996 4494 est,
1025 4442 1220 4496 rapere.

457 4519 509 4571 l.
540 4517 808 4586 Quamdiu
835 4517 1076 4573 molestis
1111 4518 1422 4588 asperisque
1453 4517 1637 4573 verbis
1663 4533 1797 4588 opus
1825 4519 1925 4574 fuit
1945 4561 1962 4586 ,

385 4625 602 4667 scenam
656 4624 761 4663 non
811 4609 1052 4679 aperuit;
1099 4609 1193 4664 sed
1230 4624 1293 4664 ac
1317 4610 1363 4663 si
1415 4609 1529 4680 ipse
1554 4617 1696 4664 esset
1720 4609 1810 4679 qui
1851 4609 1967 4666 haec

385 4702 613 4766 audiret,
641 4701 720 4756 sic
748 4701 1094 4770 loquebatur,
1128 4709 1186 4754 ut
1209 4699 1440 4770 dignitas
1469 4713 1816 4770 personarum
1845 4716 1966 4770 qua

384 4794 773 4850 accusabantur
793 4794 1063 4849 obsistens
1083 4794 1475 4860 accusantibus,
1508 4809 1612 4848 non
1635 4793 1968 4865 permitteret

387 4886 454 4942 ad
485 4887 616 4942 iram
644 4885 971 4942 commoveri
1007 4903 1020 4940 :
1052 4901 1172 4940 cum
1203 4895 1381 4940 autem
1411 4895 1683 4956 oporteret
1711 4887 1967 4956 deinceps

387 4979 584 5049 aliquid
615 4979 890 5034 remittere
914 5019 929 5045 ,
960 4985 1087 5032 tunc
1115 4978 1283 5046 posita
1309 4977 1452 5030 larva
1473 5019 1488 5043 ,
1519 4977 1811 5032 occultatas
1843 4992 1966 5046 pcr-

387 5085 546 5125 sonas
572 5071 805 5125 ostendit
833 5071 1039 5140 prolato
1079 5068 1230 5124 Pauli
1258 5077 1311 5124 ct
1347 5068 1539 5138 Apollo
1570 5068 1803 5123 n0mine.
1843 5067 1967 5123 Ideo

387 5161 598 5215 dicebat
625 5177 640 5214 :
675 5159 798 5214 Ha-c
823 5172 1024 5229 autem,
1057 5160 1274 5225 fratres,
1306 5159 1664 5230 transﬁgurari
1700 5159 1755 5210 in
1799 5173 1879 5211 me
1919 5165 1967 5211 et

387 5252 592 5319 Apollo.
645 5252 708 5306 Et
735 5252 871 5306 sicut
907 5253 962 5306 in
1001 5253 1418 5322 aegrotantibus,
1466 5250 1679 5321 quando
1710 5249 1967 5318 puerulus

387 5359 529 5414 a-ger
555 5344 791 5398 calcibus
819 5342 960 5407 ferit,
989 5353 1044 5397 et
1070 5354 1347 5397 aversatur
1373 5343 1524 5397 cibos
1549 5343 1640 5412 qui
1669 5340 1967 5396 offeruntur

387 5453 417 5492 a
447 5437 689 5501 medicis,
716 5436 1031 5490 advocatum
1060 5446 1266 5504 patrem
1298 5435 1380 5488 vel
1408 5435 1753 5506 paedagogum
1774 5474 1790 5500 ,
1821 5435 1855 5488 ii
1878 5433 1967 5503 qui

390 5530 649 5596 assident,
674 5528 864 5598 jubent
894 5542 958 5581 ex
992 5526 1186 5582 medici
1227 5540 1388 5580 manu
1427 5526 1673 5594 accipere
1696 5567 1710 5591 ,
1738 5533 1793 5582 et
1819 5525 1970 5579 cibos

391 5621 619 5690 afferre,
661 5632 717 5677 ut
755 5636 822 5677 ex
872 5621 1064 5674 timore
1110 5619 1347 5688 ipsorum
1402 5618 1550 5688 pueri
1605 5618 1866 5687 accipiant
1916 5625 1972 5670 et

395 5712 670 5780 quiescant
699 5732 711 5768 :
743 5714 820 5774 sic
845 5722 898 5770 et
944 5711 1138 5768 Paulus
1175 5726 1296 5767 cum
1325 5726 1422 5782 pro
1447 5708 1564 5764 aliis
1591 5717 1732 5765 esset
1757 5722 1974 5764 accusa-

2072 4254 2240 4310 turus,
2284 4245 2391 4301 illis
2433 4244 2649 4316 quidem
2693 4253 2754 4300 nt
2779 4245 2868 4314 qui
2899 4244 3109 4315 injuria
3144 4245 3523 4313 afficerentur,
3572 4249 3652 4304 his

2071 4354 2200 4393 vero
2226 4346 2284 4393 ut
2325 4339 2414 4408 qui
2461 4352 2626 4406 supra
2671 4337 2889 4391 modum
2937 4337 3362 4404 bonorarentur,
3395 4354 3649 4409 personas

2065 4428 2284 4498 quidem
2306 4443 2492 4482 eorum
2515 4443 2620 4482 non
2647 4429 2887 4498 protulit,
2906 4428 3001 4483 sed
3023 4443 3122 4483 suo
3143 4438 3202 4484 et
3223 4429 3413 4498 Apollo
3434 4432 3652 4487 nomine

2070 4532 2375 4573 sermonem
2398 4516 2662 4584 adhibuit,
2686 4527 2743 4572 ut
2766 4533 2864 4573 eos
2891 4519 3128 4583 reveriti,
3157 4519 3477 4574 medicinam
3507 4523 3651 4576 acci-

2069 4618 2264 4680 perent
2292 4627 2304 4662 :
2337 4618 2618 4679 postquam
2663 4619 2841 4665 autem
2891 4619 3250 4681 acceperunt,
3281 4619 3407 4666 tunc
3433 4614 3653 4668 demum

2071 4701 2282 4771 aperuit
2313 4700 2382 4756 de
2425 4701 2742 4772 quibusnam
2792 4701 2909 4757 lucc
2949 4703 3278 4772 loqueretur.
3322 4703 3448 4758 Hice
3473 4715 3653 4760 autem

2071 4809 2181 4848 non
2211 4792 2484 4848 simulatio
2511 4801 2664 4847 erant
2685 4833 2700 4858 ,
2729 4792 2824 4847 sed
2852 4793 3308 4863 attemperatio-ct
3328 4797 3654 4854 teconomia.

2071 4882 2202 4939 Nam
2233 4884 2278 4938 si
2304 4892 2490 4952 aperte
2519 4881 2751 4938 dixisset
2775 4924 2789 4947 ,
2817 4883 2978 4938 Viros
2995 4891 3212 4938 sanctos
3237 4895 3291 4940 et
3315 4883 3656 4942 admirabiles

2070 4973 2335 5040 indicatis,
2362 4972 2414 5027 id
2435 4981 2582 5028 certe
2605 4988 2747 5044 :egre
2771 4972 3017 5026 tulissent
3037 4981 3091 5028 et
3112 4975 3437 5030 resiliisscnt
3470 4995 3484 5031 :
3514 4991 3658 5031 minc

2071 5079 2201 5118 vero
2243 5079 2364 5118 cum
2393 5063 2651 5126 dixisset,
2691 5063 2824 5116 Mihi
2853 5074 3020 5115 autem
3047 5080 3140 5132 pro
3168 5066 3375 5119 miniata
3419 5077 3491 5120 ρει
3535 5078 3588 5119 ut
3628 5088 3665 5125 α

2070 5157 2206 5212 nobis
2224 5157 2460 5227 judicer;
2475 5165 2529 5212 et
2549 5171 2784 5218 rursum,
2811 5154 2936 5221 Qui:
2953 5164 3023 5208 est
3047 5155 3244 5211 Paulus
3259 5158 3409 5222 ?quis
3432 5159 3616 5226 Apollo
3644 5177 3665 5214 .-

2072 5247 2457 5317 acccptabilem
2517 5249 2816 5299 orationem
2877 5244 3073 5300 effecit.
3124 5246 3412 5314 Propterea
3473 5248 3657 5301 dixit:

2076 5339 2201 5394 "(BC
2225 5351 2392 5392 autem
2423 5340 2476 5391 in
2505 5354 2584 5392 me
2610 5338 2970 5408 transfigurari
2994 5346 3198 5408 propter
3227 5353 3332 5402 vos,
3362 5346 3416 5390 ut
3441 5338 3492 5390 in
3515 5337 3662 5390 nobis

2073 5433 2280 5486 discatis
2307 5447 2406 5484 non
2434 5429 2550 5495 plus
2579 5446 2730 5497 quam
2755 5433 2999 5498 scriptum
3028 5439 3101 5482 est
3125 5444 3340 5498 sapere;
3367 5427 3660 5483 ostendens

2073 5523 2212 5594 quod
2243 5523 2286 5576 si
2313 5521 2380 5575 de
2407 5521 2512 5574 illis
2541 5520 2702 5574 verba
2731 5519 2960 5585 fecisset,
2993 5534 3096 5574 non
3121 5518 3432 5574 didicissent
3453 5533 3514 5571 ea
3536 5533 3660 5587 qua:

2076 5615 2286 5668 discere
2312 5611 2631 5680 oportebat,
2666 5625 2842 5680 neque
2869 5609 3256 5664 correctionem
3283 5607 3617 5677 accepissent
3639 5646 3658 5673 ,

2079 5723 2142 5763 ca
2187 5720 2305 5777 qua:
2349 5703 2667 5758 dicebantur
2712 5702 2938 5758 moleste
2981 5701 3228 5758 ferentes.
3278 5700 3428 5756 Nunc
3473 5707 3658 5757 autem
