3986 6202
208 375 260 432 97
1178 363 1253 419 ω
1292 361 1510 419 ειηδτ.
1543 359 1572 415 ι
1639 357 1734 414 ΑΙ)

1869 355 1941 412 R.
1980 356 2214 414 HOIIL.
2254 357 2372 415 XII.
3367 368 3436 427 οε

211 489 396 548 Paulum
423 495 478 542 et
501 486 713 543 socium
749 490 1083 546 reverentes,
1108 479 1272 535 facile
1301 479 1632 532 admiserunt
1661 474 1746 528 in—

210 581 559 650 srvpationem.
601 576 738 646 Quid
776 584 954 631 autem
1004 573 1105 628 sibi
1133 572 1248 626 vult
1288 569 1442 637 illud,
1487 567 1608 622 Non
1635 567 1750 636 plus

205 688 334 745 quam
357 671 600 740 scripturn
637 678 710 723 est
740 666 962 736 sapore?
988 665 1266 734 Scriptum
1296 672 1380 718 est
1405 681 1419 715 :
1451 661 1591 725 Quid
1613 659 1752 713 vides

204 766 419 834 festucam
447 761 501 814 in
540 757 686 814 oculo
719 758 896 828 fratris
934 757 1010 810 tui
1029 771 1054 820 ;
1092 755 1282 809 trabem
1311 764 1498 816 autem,
1539 767 1657 820 quae
1699 750 1753 804 in

203 855 329 909 oculo
365 862 447 906 tuo
488 861 584 916 est,
626 867 726 904 non
767 847 1058 903 consideras
1096 845 1309 916 (Matth.
1355 847 1408 899 7.
1451 845 1504 898 3.
1536 842 1634 911 1)?
1663 851 1750 907 et,

206 943 359 999 Nolite
373 943 632 1012 judicare,
663 949 720 993 ut
758 955 861 994 non
881 939 1201 1008 judiccmini.
1234 936 1367 991 Nam
1395 935 1437 989 si
1467 950 1630 989 unum
1657 932 1754 986 su-

203 1054 303 1092 mus
325 1045 376 1090 et
403 1049 501 1089 una
530 1033 787 1104 colligati,
819 1047 926 1086 non
952 1039 1167 1100 oportet
1189 1037 1377 1084 contra
1405 1041 1504 1081 nos
1527 1026 1753 1080 invicem

187 1128 466 1196 insurgere.
499 1124 598 1191 Qui
629 1126 766 1178 enim
804 1139 858 1178 se
887 1122 1158 1188 humilia,
1203 1120 1406 1190 inquit,
1445 1117 1756 1172 excitabitur

201 1217 389 1286 (Μανῆ.
415 1215 506 1271 25.
537 1214 663 1285 12);
693 1223 768 1277 et,
804 1212 904 1277 Qui
921 1214 1036 1266 ωλι
1062 1212 1255 1282 primus
1279 1226 1384 1264 esse
1407 1207 1655 1270 omnium,
1687 1206 1756 1259 sit

202 1309 402 1362 antnintn
442 1307 672 1360 minister
697 1304 896 1375 (Marc.
938 1304 1024 1359 1-0.
1075 1303 1186 1373 45).
1219 1301 1343 1356 limo
1382 1308 1508 1356 sum
1547 1313 1609 1354 ea
1637 1313 1756 1368 qum

199 1401 380 1470 scripta
407 1407 554 1454 sunt.
587 1396 672 1451 Ne
707 1413 840 1451 unus
879 1413 976 1468 pro
1005 1413 1105 1451 uno
1129 1397 1334 1466 inﬂetur
1363 1393 1603 1448 adversus
1631 1393 1756 1445 atte-

200 1509 314 1545 ram.
345 1491 573 1546 Rursum
601 1489 779 1544 missis
803 1489 1136 1553 doctoribus,
1161 1486 1452 1558 discipulos
1479 1485 1755 1554 increpat:

198 1583 263 1637 illi
300 1584 446 1638 enim
475 1590 631 1636 erant
667 1581 756 1650 qui
803 1580 902 1635 hos
930 1577 1280 1634 extollebant.
1323 1575 1572 1646 Alioquin
1597 1574 1757 1629 etiam

199 1674 458 1743 principes
483 1687 589 1726 non
621 1672 774 1726 facile
800 1671 958 1726 talem
985 1669 1323 1724 admisissent
1349 1667 1668 1729 orationem,
1695 1678 1762 1720 eo

197 1766 321 1836 quod
345 1774 631 1820 externam
651 1765 877 1834 gloriam
904 1771 1162 1833 cuperent
1187 1779 1200 1814 :
1229 1761 1331 1816 hoc
1352 1760 1552 1830 quippe
1577 1758 1766 1812 morbo

197 1856 442 1910 excmcati
491 1864 651 1910 erant
681 1872 696 1908 :
727 1854 828 1924 ipsi
865 1869 996 1909 vero
1030 1853 1199 1923 gloria
1229 1867 1335 1906 non
1365 1851 1639 1916 fruentes,
1670 1847 1766 1902 sed

198 1947 325 2002 illam
350 1947 473 2001 aliis
506 1945 856 2016 prmbentes,
889 1954 943 1998 et
971 1944 1181 1998 facilius
1222 1941 1639 1997 admonitionem
1680 1948 1764 1992 tn-

198 2035 406 2104 lissent,
451 2045 508 2091 et
554 2036 792 2107 aptiores
835 2035 902 2090 ad
948 2035 1196 2089 morbum
1246 2032 1567 2088 solvendum
1610 2037 1764 2084 erant

201 2143 342 2201 quam
368 2129 659 2198 principes.
692 2127 837 2196 Ergo
862 2125 1024 2180 etiam
1055 2125 1157 2178 hoc
1193 2133 1276 2179 est
1302 2123 1497 2186 inﬂari,
1535 2135 1632 2192 pro
1657 2120 1763 2175 alio

201 2219 404 2288 extolli,
433 2218 645 2274 etiamsi
675 2217 728 2271 in
756 2217 917 2272 rebus
945 2217 1057 2271 suis
1084 2215 1185 2270 hoc
1207 2215 1365 2269 alicui
1394 2228 1500 2268 non
1531 2211 1758 2267 accidat.

200 2308 334 2364 Sicut
358 2311 497 2365 enim
531 2309 599 2377 is,
627 2310 718 2380 qui
745 2309 813 2364 de
840 2307 1035 2363 alienis
1073 2305 1292 2361 eﬂ‘ertur
1316 2306 1485 2370 vitiis,
1513 2319 1579 2358 ex
1605 2318 1763 2356 arro-

196 2402 355 2471 gantia
399 2402 501 2456 hoc
546 2400 674 2456 facit
703 2417 717 2453 :
748 2401 819 2456 ita
858 2399 1024 2455 etiam
1071 2399 1159 2468 qui
1198 2396 1266 2453 de
1310 2395 1482 2468 gloria
1522 2395 1762 2450 alterius.

199 2494 348 2549 Recte
366 2505 553 2550 autem
585 2491 913 2548 inﬂationem
939 2491 1172 2557 vocavit.

257 2587 583 2656 Arrogantia:
623 2583 834 2638 malum.
880 2612 952 2623 —
989 2579 1126 2636 Cum
1159 2579 1301 2635 enim
1329 2577 1628 2633 membrum
1668 2576 1768 2632 ali-

199 2675 324 2744 quod
350 2675 621 2745 insurgit,
660 2673 770 2728 hoc
790 2672 922 2727 nihil
952 2669 1094 2725 aliud
1121 2679 1204 2724 est
1236 2683 1394 2739 quam
1423 2667 1768 2722 inﬂammatio

199 2776 243 2820 et
269 2766 537 2821 morbus:
570 2780 675 2819 non
718 2764 861 2820 enim
903 2763 1060 2819 aliter
1097 2763 1323 2817 alterum
1370 2760 1666 2816 membrum
1709 2759 1770 2814 fit

200 2856 353 2912 altero
378 2856 567 2920 altius,
596 2870 756 2926 quam
789 2869 912 2909 cum
936 2863 1112 2909 tumor
1131 2853 1301 2907 adest.
1337 2852 1428 2908 Sic
1451 2853 1608 2922 igitur
1635 2859 1690 2905 et
1715 2852 1768 2906 in

197 2962 404 3018 corpore
437 2948 722 3013 Ecclesize,
751 2946 840 3016 qui
873 2945 1235 2999 inﬂammatur
1255 2951 1314 2998 et
1336 2943 1588 3007 inﬂatur,
1619 2942 1664 2996 is
1685 2952 1769 2997 est

199 3041 276 3107 qui
302 3039 486 3094 morbo
519 3039 732 3092 laborat
765 3055 778 3090 :
811 3046 977 3092 tumet
1015 3036 1158 3090 enim
1202 3043 1396 3105 prmter
1430 3049 1769 3089 communem

200 3143 512 3184 mensuram.
561 3129 676 3184 lloc
702 3127 848 3182 enim
874 3137 956 3182 est
994 3125 1217 3180 inﬂatio.
1247 3126 1335 3181 Sic
1374 3125 1534 3180 etiam
1571 3125 1622 3179 in
1646 3140 1770 3179 cor-

203 3233 318 3286 pore
342 3220 559 3285 accidit,
587 3218 804 3290 quando
829 3219 1045 3288 spurius
1067 3217 1280 3288 quidam
1301 3225 1359 3272 et
1383 3217 1554 3272 malus
1579 3216 1772 3272 humor

203 3307 473 3376 inﬂuxerit,
508 3325 620 3364 non
651 3318 836 3364 autem
869 3309 1085 3363 solitum
1113 3308 1447 3363 alimentum.
1483 3308 1556 3363 Ita
1599 3308 1774 3363 nasci-

203 3407 278 3452 tur
316 3401 623 3470 arrogantia
669 3399 860 3454 alienis
900 3413 999 3454 nos
1038 3395 1446 3469 cogitationibus
1472 3399 1771 3468 invadenti-

203 3487 309 3544 hus.
335 3491 403 3546 Et
433 3492 559 3546 vide
589 3505 750 3562 quam
774 3491 1015 3560 apposite
1036 3490 1236 3546 dixerit
1258 3531 1273 3555 ,
1307 3489 1390 3544 Ne
1424 3491 1597 3560 inﬂati
1638 3491 1771 3545 sitis.

203 3581 335 3647 Quod
365 3584 517 3638 enim
545 3583 785 3638 inﬂatum
807 3594 912 3649 est,
943 3593 1203 3639 tumorem
1231 3583 1387 3638 habet
1408 3584 1626 3652 spiritus
1648 3624 1664 3650 ,
1689 3598 1774 3638 re-

205 3675 386 3742 pletum
421 3677 658 3730 humore
684 3684 953 3745 corrupto.
985 3675 1110 3730 Haec
1140 3689 1300 3744 porro
1337 3675 1490 3738 dicit,
1535 3688 1640 3727 non
1677 3688 1774 3726 cu-

207 3767 452 3822 rationem
484 3765 835 3832 exscindens,
879 3767 974 3822 sed
1012 3766 1344 3822 curationem
1374 3766 1519 3819 illam
1557 3780 1675 3834 qua:
1721 3765 1775 3818 in

206 3859 386 3913 malum
416 3862 668 3915 vertitur.
701 3859 790 3914 Vis
819 3861 978 3914 istum
1000 3860 1230 3914 curare?
1256 3857 1373 3912 Non
1404 3856 1656 3926 impedio,
1680 3855 1776 3910 sed

205 3965 296 4005 non
322 3953 374 4006 in
402 3954 706 4023 perniciem
745 3953 990 4008 alterius.
1035 3951 1150 4006 Non
1179 3953 1321 4006 enim
1353 3961 1410 4005 ut
1445 3959 1634 4005 contra
1679 3963 1776 4003 nos

207 4042 410 4100 invicem
435 4046 612 4100 aciem
641 4047 968 4100 instruamus
985 4086 1002 4111 ,
1031 4044 1185 4099 nobis
1214 4043 1322 4098 dati
1351 4053 1473 4098 sunt
1494 4043 1738 4097 doctores
1756 4081 1773 4108 ,

205 4138 284 4190 Sed
323 4147 377 4192 ut
418 4153 524 4192 nos
559 4153 752 4192 onmes
778 4148 964 4191 mutuo
985 4137 1288 4207 jungamus.
1321 4135 1436 4188 Dux
1471 4133 1617 4190 enim
1656 4133 1777 4189 ideo

208 4229 448 4282 exercitui
485 4227 781 4298 praeficitur
803 4268 819 4292 ,
851 4235 910 4282 nt
935 4238 1212 4296 separatos
1240 4241 1404 4280 unum
1430 4238 1626 4294 corpus
1655 4223 1775 4277 effi—

207 4321 298 4373 ciat
323 4341 334 4374 :
357 4323 401 4374 si
427 4337 560 4374 vero
590 4319 887 4376 exercitum
909 4320 1219 4374 divulsurus
1258 4318 1358 4380 sit,
1385 4315 1584 4369 inimici
1612 4314 1779 4381 magis

208 4427 348 4480 quam
377 4415 529 4469 ducis
559 4416 744 4469 locum
774 4415 981 4481 implet.
1011 4414 1065 4467 7.
1095 4413 1220 4478 Quis
1246 4412 1377 4465 enim
1417 4419 1464 4462 te
1497 4406 1781 4461 discernit?

209 4506 314 4572 quid
353 4509 492 4580 enim;
529 4507 687 4561 habes
723 4507 860 4577 quod
899 4522 999 4559 non
1041 4505 1324 4576 accepisti?
1351 4501 1522 4556 Missis
1565 4501 1779 4554 demum

211 4581 552 4669 subtlitis,'ad
595 4601 870 4671 principes
895 4598 1242 4654 convertitur.
1289 4596 1402 4651 Hoc
1446 4605 1623 4648 autem
1666 4591 1780 4646 vult

210 4687 531 4760 significare:
567 4693 854 4749 Undenam
898 4691 1066 4760 liquet
1100 4688 1240 4759 quod
1283 4697 1338 4741 tu
1382 4687 1576 4756 dignus
1621 4683 1780 4737 laude

211 4781 309 4834 sis?
343 4783 616 4839 factumne
662 4792 754 4838 est
798 4781 1102 4852 judicium?
1142 4779 1486 4851 prmcessitne
1513 4774 1782 4832 examen?

213 4887 266 4926 an
291 4876 530 4943 probatio
553 4916 571 4944 ,
601 4891 675 4930 an
707 4884 958 4929 accurata
989 4870 1344 4943 perquisitio?
1384 4869 1487 4925 Sed
1527 4869 1629 4923 hoc
1672 4882 1781 4921 non

214 4966 363 5028 possis
401 4967 607 5021 dicere.
651 4965 811 5034 Quod
855 4966 898 5018 si
928 4963 1172 5018 homines
1196 4961 1458 5017 calculum
1488 4960 1698 5026 ferunt;
1729 4969 1784 5015 at

216 5068 301 5108 non
330 5067 529 5112 rectum
560 5067 650 5112 est
675 5057 896 5111 illorum
921 5054 1203 5124 judicium.
1235 5053 1504 5108 Ponamus
1531 5059 1708 5106 autem
1733 5061 1784 5106 te

215 5143 404 5215 dignum
429 5151 590 5206 laude
611 5164 768 5214 esse,
796 5157 850 5203 et
874 5164 1000 5204 vere
1017 5147 1241 5218 gratiam
1261 5157 1314 5201 et
1335 5145 1536 5200 donum
1563 5142 1780 5210 habere,

218 5253 298 5294 nec
323 5254 630 5314 corruptum
676 5257 808 5298 esse
846 5241 1122 5296 hominum
1159 5239 1420 5310 judicium
1451 5255 1466 5292 :
1493 5251 1666 5307 neque
1707 5236 1785 5291 sic

220 5336 467 5399 oportebat
494 5337 669 5390 altum
703 5349 920 5404 sapere.
945 5333 1085 5388 Nihil
1113 5334 1256 5389 enim
1285 5347 1352 5387 ex
1379 5339 1432 5387 te
1463 5329 1658 5394 habes,
1691 5327 1785 5383 sed

221 5435 244 5475 I
271 5425 363 5482 Deo
384 5428 666 5499 accepisti.
699 5427 816 5482 Cur
841 5441 970 5496 ergo
994 5433 1047 5479 te
1073 5423 1272 5479 habere
1299 5421 1518 5477 simulas
1543 5421 1616 5485 id,
1643 5420 1786 5491 quod

227 5529 308 5571 non
334 5520 536 5576 habes?
585 5522 662 5575 At
703 5528 766 5573 tu
808 5517 913 5572 hoc
945 5516 1110 5571 habes
1134 5557 1150 5582 ,
1179 5526 1233 5570 et
1274 5515 1364 5569 alii
1405 5525 1600 5570 tecum.
1644 5513 1786 5584 Ergo

226 5619 320 5662 cum
358 5611 631 5683 acceperis
675 5609 868 5676 habes,
899 5623 1008 5664 non
1057 5606 1160 5662 hoc
1187 5605 1270 5660 vel
1297 5606 1454 5675 illud,
1485 5607 1578 5663 sed
1603 5607 1784 5662 omnia

228 5709 319 5762 qua:
345 5701 523 5760 habes.

281 5787 326 5845 9.
351 5791 460 5853 Non
488 5799 641 5855 enim
675 5794 803 5852 haec
826 5801 914 5851 tua
945 5799 1092 5850 recte
1119 5789 1258 5848 facta
1298 5797 1441 5862 sunt,
1468 5790 1560 5849 sed
1592 5805 1660 5849 ex
1689 5788 1785 5847 Dei

1853 472 2025 542 gratia
2054 475 2389 543 proveniunt.
2419 474 2476 530 Si
2506 473 2668 531 fidem
2697 476 2918 544 dixeris,
2945 493 3012 534 ex
3038 481 3317 539 vocatione
3346 485 3435 540 illa

1849 569 2036 634 venit;
2071 570 2119 625 si
2140 571 2518 626 remissionem
2542 580 2902 641 peccatorum,
2935 575 2979 629 si
3014 576 3359 641 charismata.
3389 581 3434 635 si

1849 658 2106 714 doctrinm
2130 659 2380 725 verbum,
2408 660 2454 715 si
2475 661 2732 718 virtutes‘
2764 679 2777 716 :
2805 667 2981 719 omnia
3009 665 3132 722 inde
3159 669 3436 739 accepisti.

1850 749 1987 816 Quid
2016 765 2145 820 ergo
2174 750 2361 814 habes,
2389 766 2575 821 quaeso
2603 763 2675 818 te,
2711 754 2851 824 quod
2881 771 2987 812 non
3011 758 3304 827 acceperis,
3340 759 3436 814 sed

1851 855 1918 895 ex
1948 849 1999 894 te
2026 841 2140 910 ipso
2161 852 2307 896 recte
2335 842 2652 912 acquisieris
2673 845 2697 896 ν
2718 845 2851 899 nihil
2890 846 3071 902 dicere
3109 851 3304 919 possis.
3331 849 3435 906 Sed

1852 931 2125 1000 accepisti,
2151 939 2207 986 et
2233 930 2354 986 ideo
2381 933 2546 987 altum
2586 933 2732 1003 sapis
2759 934 2782 987 τ
2813 934 2939 990 Ideo
2976 947 3125 993 certe
3157 939 3440 1008 oportebat

1854 1024 2082 1094 teipsum
2119 1024 2424 1094 deprimere
2451 1043 2466 1090 ;
2499 1042 2605 1082 non
2627 1029 2771 1083 enim
2799 1038 2946 1084 tuum
2977 1039 3062 1086 est
3091 1031 3144 1086 id
3171 1034 3313 1101 quod
3345 1035 3440 1089 tibi

1853 1113 2035 1169 datum
2060 1124 2162 1180 est,
2190 1115 2284 1170 sed
2305 1116 2500 1172 dantis.
2524 1118 2578 1173 Si
2608 1120 2751 1174 enim
2776 1121 3048 1190 accepisti,
3075 1123 3143 1176 ab
3171 1123 3264 1178 illo
3288 1139 3443 1180 acce-

1857 1207 1978 1278 pisti
2014 1225 2027 1260 :
2058 1208 2103 1263 si
2129 1209 2198 1263 ab
2227 1209 2318 1263 illo
2358 1209 2644 1279 accepisti,
2675 1226 2782 1266 non
2814 1227 2927 1266 rem
2957 1222 3100 1267 tuam
3137 1216 3388 1284 accepisti
3423 1235 3438 1271 :

1857 1299 1998 1371 quod
2037 1301 2085 1355 si
2132 1316 2239 1356 non
2279 1317 2392 1356 rem
2434 1311 2577 1357 tuam
2607 1304 2895 1373 accepisti,
2935 1320 3031 1361 cur
3062 1308 3226 1362 altum
3257 1309 3436 1378 sapis,

1857 1393 2008 1463 quasi
2037 1407 2148 1448 rem
2183 1405 2324 1448 tuam
2357 1392 2560 1450 habens
2589 1394 2613 1448 ?
2652 1395 3011 1462 Quamobrem
3037 1398 3347 1471 subjungit:
3379 1400 3442 1456 Si

1858 1493 2024 1540 autem
2066 1486 2326 1555 accepisti,
2365 1487 2489 1557 quid
2525 1487 2762 1557 gloriaris
2805 1491 2950 1558 quasi
2992 1506 3094 1544 non
3136 1493 3390 1561 acceperis
3416 1493 3444 1547 i‘

1857 1575 1992 1631 Cum
2018 1591 2148 1646 ergo
2173 1592 2237 1632 ex
2267 1592 2532 1632 concursu
2554 1578 2753 1635 dictum
2770 1595 2924 1635 suum
2943 1581 3242 1650 probasset,
3262 1592 3444 1638 osten-

1861 1665 1940 1721 dit
1958 1667 2041 1722 vel
2063 1667 2226 1722 multa
2257 1668 2362 1723 illis
2386 1667 2599 1735 deesse,
2629 1679 2683 1725 et
2705 1671 2816 1725 ait:
2846 1671 3005 1728 Certe
3031 1673 3240 1729 etiamsi
3263 1675 3441 1730 omnia

1862 1759 2224 1828 acccpissctis,
2255 1773 2360 1813 non
2389 1769 2663 1829 oporteret
2698 1761 2956 1830 gloriari;
3001 1763 3131 1818 nihil
3174 1765 3318 1819 enim
3347 1781 3444 1818 ve-

1863 1859 2032 1903 strum
2058 1858 2178 1904 est:
2209 1864 2351 1904 nunc
2381 1859 2557 1905 autem
2587 1851 2753 1906 multa
2782 1853 2930 1907 vobis
2954 1853 3166 1909 desunt.
3201 1855 3268 1910 Et
3293 1857 3444 1911 initio

1861 1938 2077 2008 quidem
2113 1937 2217 1994 hoc
2243 1941 2602 1997 subindicavit
2624 1943 2849 1999 dicens:
2884 1943 3003 1999 Non
3035 1948 3174 2015 potui
3199 1948 3336 2003 vobis
3369 1951 3447 2002 lo-

1860 2029 1947 2099 qui
1974 2038 2027 2083 ut
2053 2030 2398 2099 spiritalibus
2424 2046 2445 2096 ;
2470 2041 2545 2098 et,
2587 2031 2738 2087 Nihil
2764 2033 2994 2104 judicavi
3033 2052 3113 2090 me
3148 2039 3279 2091 scire
3316 2040 3448 2093 inter

1862 2135 1971 2188 vos,
1992 2121 2092 2175 nisi
2110 2120 2289 2175 Iesum
2312 2122 2590 2188 Christum,
2608 2135 2656 2180 et
2676 2127 2842 2195 ipsum
2861 2128 3157 2196 cruciﬁxum
3179 2145 3198 2182 :
3215 2130 3300 2184 hic
3320 2146 3450 2186 vero

1863 2211 1988 2268 illos
2027 2211 2231 2282 pudore
2257 2213 2542 2270 alliciendo
2582 2216 2632 2271 id
2662 2216 2790 2273 facit
2816 2219 3002 2275 dicens
3029 2238 3044 2274 :
3077 2220 3130 2276 8.
3158 2220 3280 2276 1am
3309 2234 3450 2277 satu-

1863 2303 1965 2356 rati
1989 2306 2126 2370 estis,
2148 2305 2265 2375 jam
2281 2306 2462 2361 divites
2491 2309 2613 2379 facti
2640 2310 2784 2374 estis;
2811 2309 2993 2376 ld’est,
3021 2312 3174 2368 Nulla
3214 2329 3273 2369 re
3298 2314 3443 2369 indi-

1865 2395 2002 2465 getis
2030 2395 2302 2467 deinceps,
2323 2399 2545 2468 perfecti
2565 2401 2831 2468 evasistis,
2861 2403 3034 2472 ipsum
3056 2405 3271 2462 culmen
3289 2407 3449 2462 attin-

1864 2486 2009 2556 gitis,
2038 2487 2234 2543 nullius
2255 2504 2357 2559 ope
2378 2504 2473 2544 vos
2496 2507 2652 2560 egere
2683 2494 2905 2562 putatis,
2925 2510 3030 2549 non
3060 2498 3446 2565 apostolorum,

1867 2591 1975 2633 non
2001 2578 2303 2636 doctorum.
2333 2580 2454 2634 1am
2471 2585 2686 2637 saturati
2711 2586 2849 2638 estis.
2870 2586 2938 2640 Et
2953 2596 3099 2643 recte
3123 2589 3272 2657 illud,
3302 2589 3448 2652 lam,

1867 2670 2142 2738 usurpavit
2177 2685 2208 2726 a
2243 2680 2482 2740 tempore
2520 2673 2812 2729 ostendens
2853 2676 3202 2746 improbabile
3237 2695 3358 2736 esse
3397 2681 3450 2735 id

1867 2757 2010 2828 quod
2028 2759 2231 2826 dicunt,
2256 2770 2354 2815 eta
2377 2763 2586 2817 ratione
2611 2763 2840 2818 alienam
2869 2781 2990 2821 esse
3007 2767 3217 2822 illorum
3245 2771 3453 2840 opinio-

1868 2863 2019 2904 nem.
2053 2849 2285 2921 ldeoque
2325 2852 2608 2908 traducens
2654 2854 2772 2908 illos
2801 2854 3010 2911 dicebat
3039 2873 3052 2910 :
3086 2857 3216 2913 Tam
3251 2860 3360 2913 cito
3385 2873 3452 2914 au

1869 2939 2032 2994 finem
2084 2941 2402 3010 pervenistis
2425 2983 2440 3005 ,
2490 2943 2634 3012 quod
2684 2944 2796 2999 ﬁeri
2838 2961 2945 3001 non
2990 2957 3197 3018 poterat
3237 2963 3452 3020 preptcr

1873 3041 2106 3103 tetnpus.
2140 3033 2466 3090 Perfectiora
2504 3037 2646 3091 enim
2687 3037 2739 3092 in
2773 3038 2949 3094 futuro
2979 3051 3197 3096 manent
3229 3060 3243 3096 :
3275 3044 3457 3112 paucis

1870 3122 2014 3178 enim
2046 3125 2275 3178 saturari
2319 3124 2510 3195 infirmi
2554 3138 2637 3182 est
2683 3129 2889 3196 animi;
2920 3132 3100 3200 paucis
3143 3133 3453 3190 existimare

1871 3229 1930 3272 se
1959 3215 2176 3271 divitem
2204 3215 2342 3285 ﬁeri,
2371 3219 2677 3275 nauseantis
2697 3229 2780 3275 est
2809 3231 2863 3276 et
2890 3223 3073 3278 miseri
3099 3241 3113 3278 :
3139 3225 3454 3281 insatiabilis

1871 3307 2014 3362 enim
2037 3315 2120 3362 est
2146 3307 2314 3377 pietas
2341 3325 2354 3362 :
2381 3319 2436 3364 et
2464 3312 2681 3379 puerilis
2706 3323 2789 3367 est
2820 3315 3016 3368 mentis
3037 3329 3064 3367 a
3092 3316 3267 3385 primo
3295 3333 3452 3374 acce-

1874 3398 1977 3469 ptis
2019 3409 2208 3468 putare
2236 3414 2296 3455 se
2337 3409 2506 3455 totum
2533 3405 2828 3472 accepisse,
2855 3415 2909 3459 et
2939 3421 3060 3461 cum
3093 3409 3175 3463 vix
3203 3409 3376 3464 adlmc
3403 3411 3454 3464 in

1874 3492 2148 3560 prooemiis
2199 3493 2328 3558 sint,
2358 3507 2422 3546 ac
2463 3493 2508 3547 si
2549 3493 2710 3548 linem
2757 3497 3260 3564 apprehendissent,
3292 3500 3456 3553 altum

1875 3598 2088 3651 sapere.
2121 3583 2324 3638 Deinde
2355 3583 2406 3636 in
2434 3585 2783 3653 sequentibus
2812 3587 2982 3654 magis
3011 3586 3131 3641 illos
3154 3587 3358 3656 pudore
3383 3589 3461 3642 af-

1875 3673 2004 3728 ficit.
2029 3673 2161 3728 Cum
2183 3674 2406 3728 dixisset
2427 3676 2591 3738 enim,
2615 3675 2735 3727 lam
2752 3677 2969 3729 saturati
2985 3678 3124 3744 estis,
3143 3679 3415 3746 subjunxit
3443 3697 3458 3731 :

1875 3762 1996 3817 Jam
2019 3765 2200 3818 divites
2229 3766 2352 3834 facti
2380 3766 2500 3819 estis
2523 3781 2542 3818 :
2568 3766 2676 3819 sine
2703 3766 2844 3820 nobis
2872 3771 3118 3837 regnastis
3150 3783 3170 3822 :
3189 3778 3236 3823 et
3264 3770 3460 3824 utinam

1876 3861 2171 3927 regnaretis,
2188 3859 2409 3911 utetiam
2431 3875 2522 3912 nos
2543 3859 2794 3914 vobiscum
2819 3877 3162 3932 regnarenms.
3184 3863 3458 3921 Gravitate

1877 3947 2041 4001 multa
2073 3948 2259 4017 plenus
2281 3957 2363 4002 est
2386 3962 2584 4004 sermo.
2611 3949 2738 4005 Ideo
2778 3950 3022 4006 ultimum
3065 3951 3213 4008 illum
3247 3954 3456 4010 induxit

1877 4047 1996 4109 post
2023 4039 2240 4093 multam
2287 4040 2728 4110 increpationem.
2758 4041 2832 4096 lta
2874 4044 3016 4098 extim
3047 4047 3225 4114 gravis
3261 4056 3343 4100 est
3367 4047 3462 4101 ad-

1877 4129 2102 4184 monitio
2137 4139 2192 4185 et
2216 4133 2582 4200 acceptabilis,
2611 4149 2733 4188 cum
2764 4144 2886 4204 post
2913 4137 3284 4192 accusationes
3322 4136 3460 4192 infe-

1877 4232 2070 4278 runtur
2093 4223 2257 4279 verba
2288 4239 2407 4292 qua:
2449 4224 2706 4293 pudorem
2754 4226 3032 4280 incutiant.
3066 4227 3179 4282 lloc
3204 4228 3348 4280 enim
3377 4229 3460 4282 vel

1880 4313 2244 4382 impudentem
2277 4322 2455 4381 potest
2487 4315 2722 4368 animum
2752 4316 3006 4368 cohibere
3026 4357 3041 4379 ,
3069 4326 3122 4370 et
3151 4319 3319 4385 magis
3344 4331 3465 4384 per-

1880 4404 2166 4473 stringere,
2209 4418 2368 4472 quam
2410 4402 2689 4456 manifesta
2719 4404 3021 4466 accusatio,
3057 4412 3463 4472 temperareque

1883 4494 2123 4549 dolorem
2170 4501 2227 4548 et
2275 4491 2654 4560 impudentiam
2708 4508 2775 4546 ex
2821 4494 3160 4548 accusatione
3206 4493 3464 4548 inducen-

1883 4586 2026 4641 dam.
2061 4584 2192 4638 Illud
2237 4593 2414 4638 autem
2467 4584 2519 4637 in
2561 4583 2740 4638 verbis
2778 4584 3034 4652 pudorem
3089 4585 3464 4640 incutientibus

1882 4679 2052 4748 magis
2077 4677 2317 4732 mirabile
2346 4687 2456 4741 est,
2490 4676 2631 4747 quod
2662 4675 2770 4730 duo
2803 4676 3035 4730 habeant
3063 4677 3331 4732 contraria
3360 4694 3376 4743 ;
3411 4684 3467 4733 et

1883 4772 2183 4843 graviorem
2228 4771 2468 4841 inﬂigant
2514 4771 2721 4840 plagam
2755 4785 2916 4839 quam
2961 4771 3240 4826 manifesta
3279 4773 3462 4826 crimi-

1885 4867 2048 4928 natio,
2078 4874 2132 4920 et
2153 4880 2272 4919 eum
2301 4864 2389 4933 qui
2418 4864 2656 4932 arguitur
2682 4862 2979 4933 graviorem
3015 4863 3308 4918 sectionem
3339 4879 3460 4933 pass

1885 4971 2024 5017 sum.
2056 4955 2122 5009 ad
2167 4955 2424 5024 majorem
2459 4955 2788 5008 tolerantiam
2833 4963 3110 5024 apparent.
3157 4954 3283 5009 Sine
3325 4957 3465 5009 nobis

1885 5047 2147 5117 regnastis.
2183 5046 2279 5100 Hic
2305 5059 2492 5113 magna
2519 5053 2602 5099 est
2627 5044 2898 5114 emphasis
2923 5053 2978 5099 et
3006 5054 3191 5098 contra
3219 5044 3466 5097 doctores

1887 5150 1942 5196 et
1971 5149 2156 5195 contra
2181 5138 2493 5207 discipulos.
2516 5137 2828 5192 Ostenditur
2853 5137 2978 5190 hinc
3002 5137 3119 5190 illos
3144 5135 3342 5188 nullam
3373 5135 3472 5189 ha-

1888 5230 2018 5285 bere
2054 5229 2438 5283 conscientiam
2467 5236 2629 5297 atque
2657 5225 2944 5279 admodum
2972 5226 3162 5279 stultos
3190 5239 3326 5281 esse.
3357 5227 3464 5284 Hoc

1890 5321 2031 5376 enim
2059 5319 2172 5373 vult
2212 5319 2394 5373 dicere
2434 5334 2447 5370 :
2478 5317 2534 5370 ln
2564 5316 2832 5370 laboribus
2858 5316 3033 5369 omnia
3063 5327 3187 5371 sunt
3224 5332 3465 5373 commu-

1889 5414 1976 5467 nia
2004 5422 2059 5467 et
2093 5410 2250 5465 nobis
2293 5419 2345 5465 et
2376 5408 2527 5464 vobis
2553 5424 2568 5474 ;
2615 5407 2667 5462 in
2697 5409 2930 5477 prmmiis
2967 5416 3145 5463 autem
3174 5417 3229 5463 et
3253 5410 3465 5463 coronis

1889 5517 1986 5558 vos
2029 5502 2183 5573 primi
2228 5502 2378 5556 estis.
2421 5499 2524 5555 Sed
2569 5499 2684 5554 hazc
2711 5500 2894 5555 dicens
2935 5515 3041 5555 non
3079 5500 3236 5555 doleo
3268 5518 3282 5552 :
3311 5500 3465 5556 ideo-

1891 5611 1996 5666 que
2043 5594 2317 5664 subjunxit
2363 5611 2377 5648 :
2427 5593 2493 5648 Et
2545 5595 2741 5649 utinam
2794 5596 3091 5664 regnaretis.
3147 5591 3348 5649 Deinde
3396 5606 3462 5644 ne
3509 5624 3518 5671 ξ

1966 5794 1980 5824 ¹
2009 5801 2140 5859 Haec,
2163 5794 2204 5848 si
2224 5793 2435 5856 virtutes,
2460 5791 2640 5842 desunt
2659 5791 2708 5840 in
2731 5786 2893 5838 editis.
