3986 6202
551 293 621 351 99
1319 279 1377 332 S.
1413 270 1686 330 JUANNIS
1721 258 2185 323 CllRYSOSTOMl
2227 256 2535 314 ARCHIEP.
2574 256 3096 314 CONSTANTINOP.
3129 310 3138 320 ,

3707 252 3818 312 ιοο

556 405 827 462 videretur
863 396 1032 454 ironia
1065 394 1182 449 haec
1207 405 1328 444 esse
1349 429 1364 454 ,
1394 385 1611 452 adjecit,
1644 380 1711 436 Ut
1753 389 1799 434 et
1842 394 1937 432 stos
1967 375 2129 429 aobis-
2223 385 2372 449 gant,
2403 390 2505 430 nec
2527 390 2683 444 posse
2712 389 2794 438 ea,
2827 390 2947 444 qua:
2978 384 3183 428 tantum
3209 389 3241 428 a
3268 390 3330 432 se
3359 385 3548 432 mutuo
3588 376 3824 445 distant,

556 512 673 552 cum
703 501 1046 564 regnaremus.
1079 479 1291 538 Etenim
1329 485 1382 531 et
1421 488 1551 539 nos,
1596 470 1800 564 inquit,
1833 467 1947 564 haec
1989 465 2128 520 bona

555 557 866 653 canaequuti
896 587 1161 632 essemus.
1192 567 1378 623 Videu’
1404 561 1672 657 quomodo
1712 557 1870 657 simul
1911 564 1966 611 et
2017 568 2134 657 gra-

556 680 770 730 vitatem
823 680 877 726 et
925 681 1108 723 curam
1167 659 1417 717 ostendat
1480 653 1958 725 philosOphumque
2015 653 2131 700 ani-

557 764 754 821 mum?
807 758 994 816 Viden’
1061 751 1329 825 quomodo
1388 747 1549 804 etiam
1622 743 1814 798 fastum
1879 738 2126 793 auferat:

556 859 608 913 9.
642 857 774 910 Puto
794 854 925 908 enim
944 848 1077 922 quod
1098 845 1236 900 Deus
1257 859 1348 897 nos
1371 840 1625 910 apostolos
1643 834 1936 890 novissimos
1957 841 2125 884 osten-

556 949 665 1014 dit,
715 957 972 1014 tamquam
1024 939 1172 994 morti
1214 937 1509 990 destinatos.
1578 930 1796 984 Multam
1833 925 2128 995 emphasim

555 1051 611 1099 et
632 1039 947 1111 gravitatem
971 1046 1155 1088 rursus
1177 1029 1391 1086 exhibet
1409 1067 1424 1092 ,
1453 1040 1573 1080 cum
1597 1023 1727 1078 dicit
1745 1062 1759 1086 ,
1789 1020 1920 1073 Nos.
1950 1018 2131 1111 Neque

559 1110 662 1189 hoc
683 1129 757 1186 illi
779 1130 907 1184 satis
938 1127 1055 1191 fuit,
1085 1123 1178 1178 sed
1201 1131 1256 1176 et
1277 1121 1588 1189 dignitatem
1619 1113 1912 1182 subiunxit,
1946 1110 2130 1165 admo-

558 1227 685 1280 dum
705 1236 800 1278 eos
818 1219 1208 1291 perstringens:
1230 1211 1362 1276 Nos,
1375 1211 1564 1280 inquit,
1579 1205 1861 1277 apostolos;
1881 1203 1970 1274 qui
1993 1202 2130 1256 mala

561 1315 790 1385 patimur
829 1312 1099 1364 innumera
1120 1344 1136 1371 ,
1165 1303 1253 1374 qui
1283 1299 1555 1370 religionis
1587 1295 2011 1368 praedicationem
2039 1307 2130 1347 se-

562 1405 848 1462 ntinamus,
878 1399 965 1470 qui
995 1411 1088 1452 vos
1114 1396 1179 1450 ad
1206 1403 1402 1448 tantam
1433 1388 1820 1460 philosOphiam
1845 1387 2127 1441 ducimus:

564 1494 664 1549 hos
698 1491 1016 1547 novissimos
1041 1484 1276 1540 ostendit
1306 1495 1572 1552 tamquam
1601 1479 1756 1534 morti
1797 1477 2088 1532 destinatas
2110 1516 2128 1541 ,

565 1585 667 1639 hoc
697 1592 812 1648 est,
856 1590 913 1636 ut
952 1581 1247 1635 damnatos.
1279 1575 1566 1643 Postquam
1605 1571 1748 1626 enim
1778 1569 1941 1633 dixit,
1989 1567 2057 1622 Ut
2084 1576 2132 1621 et

561 1692 653 1728 atas
685 1674 936 1727 vobiscum
965 1683 1318 1739 regnaremus,
1366 1673 1418 1719 et
1457 1662 1718 1716 sermonis
1745 1659 2130 1714 vehementiam

564 1764 864 1833 mitigavit;
895 1770 1044 1815 utne
1076 1758 1193 1812 illos
1224 1755 1494 1824 frangeret
1515 1793 1530 1815 ,
1563 1751 1788 1820 idipsum
1830 1763 2015 1802 rursus
2041 1762 2130 1801 as-

560 1855 722 1911 sumit
760 1869 880 1907 cum
931 1849 1117 1918 majori
1156 1846 1440 1916 gravitate,
1481 1852 1535 1898 et
1558 1842 1670 1896 ait:
1703 1839 1837 1893 Puto
1871 1856 1962 1911 ego
1999 1839 2132 1908 quod

562 1948 698 2002 Deus
719 1962 808 2000 nos
834 1942 1091 2013 apostolos
1119 1939 1414 1994 novissimos
1444 1935 1676 1999 ostendit,
1709 1941 1961 2003 tamquam
1987 1932 2132 1985 morti

559 2042 854 2094 destinatos.
879 2036 1011 2090 Nam
1038 2043 1094 2087 ttt
1119 2048 1219 2102 ego
1249 2032 1429 2094 video,
1459 2029 1645 2098 inquit,
1678 2027 1948 2096 etiamque
1975 2041 2042 2080 ex
2068 2024 2134 2080 iis

561 2147 679 2199 quae
711 2144 804 2183 vos
831 2125 1028 2190 dicitis,
1062 2123 1302 2178 omnium
1327 2119 1670 2189 abjectissitui
1700 2133 1796 2172 nos
1823 2127 1877 2172 et
1897 2116 2132 2170 damnati

560 2237 765 2285 sumus,
796 2219 886 2288 qui
926 2219 991 2271 ad
1033 2215 1339 2285 patiendum
1389 2226 1600 2279 semper
1627 2211 1859 2280 expositi
1901 2223 2129 2274 sumus;

559 2328 658 2367 vos
685 2320 861 2364 autem
893 2309 1004 2378 jam
1030 2321 1251 2376 regnum
1278 2314 1331 2359 ct
1360 2304 1590 2358 honores
1619 2312 1671 2357 et
1695 2301 1909 2372 prmmia
1943 2301 2132 2370 imagi-

560 2405 780 2459 namini.
813 2401 1010 2456 Volens
1037 2408 1213 2453 autem
1245 2397 1309 2452 ad
1330 2397 1585 2465 majorem
1616 2395 1994 2450 absurditatem
2015 2407 2137 2448 ora—

561 2497 758 2549 tionem
799 2491 1102 2553 deducere,
1145 2497 1199 2543 et
1238 2487 1524 2543 ostendere
1565 2501 1685 2542 esse
1731 2487 1876 2541 illam
1916 2489 2134 2544 omnino

559 2584 966 2657 improbabilem
1001 2599 1015 2648 ;
1047 2597 1153 2636 non
1181 2581 1343 2647 dixit,
1365 2580 1475 2635 Nos
1513 2589 1658 2635 certe
1687 2594 1871 2634 sumus
1900 2581 2132 2634 novissi-

560 2679 632 2733 mi
661 2677 815 2742 ;sed,
845 2676 952 2731 Nos
976 2676 1114 2729 Deus
1145 2673 1464 2728 novissimos
1488 2671 1630 2727 fecit.
1661 2671 1768 2727 Nec
1793 2673 1922 2726 satis
1955 2673 2136 2727 habuit

555 2767 784 2833 dixisse,
828 2766 1146 2820 Nouissimas
1175 2781 1192 2827 ;
1223 2764 1314 2818 sed
1345 2763 1618 2832 subiunxit
1643 2772 1696 2817 et
1726 2762 1882 2817 Morti
1914 2762 2134 2818 destina~

559 2870 656 2924 tos,
685 2869 742 2912 ut
767 2858 849 2912 vel
887 2855 1170 2910 admodum
1201 2855 1417 2908 insanus
1442 2854 1616 2922 quivis
1645 2853 1907 2907 dictorum
1938 2855 2134 2921 impro-

559 2947 888 3002 habilitatem
917 2945 1157 3009 videret,
1201 2942 1469 3013 verbaque
1507 2943 1735 2999 dolentis
1762 2953 1816 2999 et
1850 2944 2133 3000 admodum

561 3038 678 3092 illos
706 3036 908 3106 pudore
931 3032 1212 3089 aflicienlis
1235 3047 1374 3087 esse.
1564 3089 1566 3091 ,

629 3129 683 3184 5.
728 3119 882 3181 Pauli
921 3126 1206 3196 prudentia.
1233 3154 1303 3165 —
1330 3121 1398 3178 Et
1435 3123 1555 3178 vide
1588 3123 1736 3178 Pauli
1778 3123 2132 3194 prudentiam.

561 3221 602 3275 Α
637 3219 829 3289 quibus
870 3217 1048 3286 seipse
1086 3225 1386 3286 opportuno
1426 3223 1669 3283 tempore
1707 3215 1942 3281 extollit,
1973 3231 2137 3283 seque

563 3309 930 3366 honoraltilem
971 3317 1026 3362 et
1075 3321 1324 3376 magnum
1354 3305 1633 3371 ostendit;
1677 3307 1746 3361 ab
1784 3307 1972 3361 iisdem
2014 3307 2136 3362 illos

563 3417 704 3456 nunc
729 3401 931 3472 pudore
959 3400 1122 3454 aflicit
1141 3439 1156 3464 ,
1185 3398 1490 3453 damnatum
1520 3411 1579 3454 se
1607 3413 1822 3453 vocans.
1857 3399 2023 3453 Tanta
2051 3415 2137 3454 res

559 3500 645 3548 est
671 3491 984 3561 congruenti
1016 3501 1255 3559 tempore
1291 3490 1468 3543 omnia
1497 3488 1694 3544 facere.
1725 3489 1878 3542 Morti
1907 3488 2138 3544 destina-

562 3583 772 3648 tos,hos
787 3582 1070 3637 damnatos
1088 3590 1264 3647 vocat,
1282 3581 1370 3650 qui
1389 3580 1536 3634 mille
1553 3579 1812 3634 mortibus
1828 3579 1970 3648 digni
1993 3588 2134 3633 sunt.

565 3677 701 3743 Quia
725 3675 1066 3744 spectaculum
1092 3673 1215 3741 facti
1241 3688 1414 3726 sumus
1441 3671 1651 3734 mundo,
1684 3679 1731 3724 et
1754 3671 1946 3740 angelis
1976 3681 2022 3723 et
2047 3670 2138 3722 ho-

563 3766 804 3818 minibus.
820 3763 954 3830 Quid
973 3773 1054 3816 est
1071 3763 1197 3816 illud
1208 3805 1220 3824 ,
1239 3762 1592 3829 Spectaculum
1606 3762 1727 3830 facti
1741 3778 1912 3815 sumus
1925 3762 2140 3815 munda?

563 3854 680 3909 Non
717 3855 772 3907 in
813 3854 1004 3922 angulo
1031 3867 1139 3906 uno
1167 3866 1339 3920 neque
1377 3853 1428 3905 in
1469 3865 1630 3920 parva
1666 3851 1811 3904 orbis
1839 3862 1994 3920 parte
2027 3852 2140 3906 ha'c

565 3944 834 4013 patimur,
875 3942 1086 4010 inquit;
1119 3939 1216 3996 sed
1259 3939 1452 4009 ubique
1485 3949 1539 3994 et
1575 3939 1715 4009 apud
1756 3955 1962 3994 omnes.
2003 3941 2138 4006 Quid

567 4033 668 4088 sibi
699 4031 810 4086 vult
840 4041 1040 4096 autem,
1075 4030 1138 4084 Et
1168 4029 1403 4098 angelis?
1441 4029 1670 4083 Possunt
1694 4028 1998 4084 hominibus
2022 4045 2141 4085 esse

565 4122 954 4193 spectaculum,
983 4121 1077 4175 sed
1108 4135 1213 4174 non
1255 4120 1477 4188 angelis,
1507 4119 1719 4189 quando
1746 4118 1867 4172 vilia
1895 4129 2022 4173 sunt
2047 4135 2142 4188 ge.

565 4225 683 4280 sta;
709 4224 764 4269 at
791 4213 1084 4269 certamina
1116 4219 1296 4266 nostra
1321 4209 1439 4263 talia
1471 4218 1614 4274 sunt,
1641 4218 1696 4262 ut
1721 4208 1876 4278 digna
1899 4211 2006 4263 sint
2025 4224 2143 4278 qum

564 4317 874 4382 spectentur
890 4304 957 4360 ab
977 4303 1201 4374 angelis.
1231 4302 1362 4356 Vide
1379 4300 1648 4370 quomodo
1663 4317 1726 4354 ex
1758 4301 1967 4367 iisdem,
1994 4303 2144 4370 queis

565 4415 624 4454 se
655 4399 811 4453 vilem
840 4396 1002 4462 dicit,
1032 4411 1092 4449 se
1132 4408 1316 4448 rursus
1346 4409 1594 4464 maguum
1619 4393 1907 4447 ostendat:
1935 4407 1998 4447 ex
2026 4394 2143 4462 qui-

567 4490 666 4544 bus
691 4496 868 4542 autem
897 4486 972 4540 illi
1001 4487 1165 4540 altum
1195 4485 1494 4555 sapiebant,
1527 4485 1647 4538 illos
1672 4499 1791 4539 esse
1820 4485 1952 4539 viles
1973 4493 2025 4538 et
2051 4485 2146 4538 ab-

565 4578 738 4646 iectos
765 4575 1091 4645 pronuntiet.
1110 4573 1244 4639 Quia
1263 4573 1407 4626 enim
1434 4572 1625 4624 stultos
1651 4587 1772 4627 esse
1795 4588 1951 4642 quam
1979 4573 2145 4628 videri

569 4666 880 4736 prudentes,
907 4674 963 4719 et
992 4663 1230 4718 infirmos
1248 4677 1370 4718 esse
1399 4677 1556 4730 quam
1578 4660 1742 4716 fortes
1768 4703 1784 4727 ,
1817 4672 1871 4717 et
1894 4664 2147 4733 inglorios

568 4773 691 4814 esse
714 4773 872 4828 quam
902 4757 1167 4826 gloriosos
1201 4766 1258 4810 et
1283 4755 1539 4816 illustres.
1571 4755 1830 4824 abiectius
1857 4772 1978 4812 esse
2004 4759 2148 4813 vide-

571 4851 760 4915 batur;
783 4859 837 4904 et
859 4849 972 4902 hate
987 4847 1201 4917 quidem
1221 4848 1272 4902 in
1296 4848 1413 4901 illos
1433 4855 1516 4902 est
1535 4847 1898 4918 conjecturus,
1917 4849 2001 4903 illa
2019 4866 2146 4904 vero

571 4943 687 5014 ipse
721 4941 820 4996 sibi
846 4938 1137 4995 vindicavit
1169 4956 1182 4990 :
1215 4938 1449 4994 ostendit
1483 4939 1598 4994 haec
1624 4940 1728 4994 illis
1757 4953 1878 4994 esse
1904 4940 2142 5003 meliora,

571 5037 615 5090 si
646 5034 859 5104 quidem
889 5047 986 5103 per
1012 5033 1126 5086 haec
1153 5045 1259 5085 non
1301 5031 1574 5085 hominum
1619 5031 1812 5098 modo,
1855 5032 1949 5088 sed
1989 5034 2146 5088 etiam

573 5126 880 5193 angelorum
929 5123 1178 5194 populum
1229 5122 1294 5179 ad
1343 5122 1424 5177 sui
1466 5123 1828 5190 spectaculum
1863 5125 2146 5180 convertit.

574 5213 689 5268 Non
734 5213 875 5267 enim
921 5215 1076 5268 nobis
1123 5223 1206 5269 est
1247 5213 1557 5268 colluctatio
1605 5212 1860 5269 adversus
1907 5214 2150 5269 homines

575 5309 815 5368 tantum,
847 5302 940 5357 sed
983 5304 1145 5357 etiam
1187 5304 1447 5359 adversus
1486 5303 1829 5373 incorporeas
1859 5315 2149 5374 potestates

576 5391 807 5463 (Ephes.
833 5392 888 5446 6.
923 5390 1049 5463 η).
1104 5391 1333 5460 Ideoque
1370 5408 1617 5462 magnum
1661 5393 1809 5449 sedet
1859 5394 2143 5450 theatrum.

578 5483 666 5538 10.
693 5481 801 5536 Nos
825 5482 965 5536 stulti
994 5491 1198 5550 prapter
1220 5480 1496 5549 Christum,
1519 5498 1604 5537 eos
1624 5495 1787 5540 autem
1813 5487 2081 5558 prudentes
2098 5490 2151 5542 in

577 5572 796 5630 Christo.
840 5573 1043 5627 Rursus
1085 5572 1187 5625 hoc
1227 5571 1292 5626 ad
1320 5572 1576 5641 pudorem
1605 5575 1963 5631 incutiendum
1996 5579 2147 5643 dixit,

579 5665 866 5721 ostendens
898 5663 1010 5719 fieri
1053 5679 1158 5719 non
1201 5678 1363 5734 posse
1406 5673 1461 5719 ut
1503 5665 1620 5721 huic
1643 5669 1908 5723 contraria
1935 5669 2149 5724 contin-

2227 471 2279 524 in
2310 484 2473 523 unum
2505 467 2812 524 convenire.
2865 466 3148 534 Quomodo
3173 469 3319 524 enim
3350 469 3473 525 fieri
3500 479 3701 540 potest,
3735 472 3822 527 in.

2232 550 2366 621 quit,
2399 567 2499 608 vos
2525 553 2816 623 prudentes
2838 559 2893 609 et
2922 567 3021 609 nos
3040 552 3234 611 stultos
3258 567 3378 609 esse
3399 553 3452 609 in
3478 553 3659 621 rebus,
3687 571 3815 625 qua:

2233 652 2357 697 sunt
2385 643 2582 700 Christi
2611 646 2634 698 ?
2662 645 2796 713 Quia
2823 644 2966 700 enim
2995 644 3070 700 illi
3111 643 3326 714 quidem
3363 646 3810 710 verberabantur,

2233 731 2691 802 despiciebantur,
2727 736 2990 791 dedecore
3017 735 3401 803 afficiebantur,
3432 745 3487 792 et
3527 738 3658 792 nihil
3686 754 3816 795 esse

2233 823 2714 891 existimabantur;
2761 826 2862 896 ipsi
2899 836 3074 881 autem
3106 826 3312 882 honore
3339 827 3672 896 fruebantur,
3718 847 3813 886 sa-

2234 915 2544 987 pientesque
2565 934 2626 973 ac
2643 919 2928 988 prudentes
2945 921 3084 990 apud
3111 922 3307 977 multos
3327 923 3810 981 existimabantur:

2235 1005 2356 1061 ideo
2386 1006 2498 1062 haec
2526 1007 2655 1063 dicit
2685 1027 2700 1062 :
2726 1010 2858 1077 Quia
2883 1011 3149 1081 quomodo
3187 1011 3297 1068 fieri
3327 1023 3504 1084 potest
3540 1024 3600 1070 ut
3628 1016 3686 1078 ii,
3718 1017 3810 1086 qui

2235 1093 2351 1150 haec
2371 1098 2658 1166 praedicant
2682 1139 2697 1163 ,
2719 1101 3088 1157 existimentur
3111 1103 3164 1157 in
3194 1104 3258 1158 iis
3281 1107 3501 1170 versari,
3533 1121 3653 1176 quae
3684 1119 3815 1164 sunt

2235 1186 2338 1241 illis
2363 1191 2625 1246 contraria
2656 1191 2679 1244 i
2711 1191 2823 1247 Nos
2847 1195 3039 1261 inﬁrmi
3060 1235 3073 1256 ,
3105 1211 3192 1248 uos
3211 1206 3377 1249 autent
3397 1197 3570 1264 fortes.
3603 1197 3660 1252 Id
3687 1210 3770 1255 est
3789 1241 3806 1266 ,

2233 1278 2340 1334 Nos
2366 1282 2608 1350 pellimur
2631 1291 2684 1339 et
2723 1287 3187 1356 persequutionem
3216 1289 3465 1356 patimur,
3501 1305 3596 1344 vos
3626 1303 3807 1346 autem

2231 1371 2517 1427 securitate
2555 1381 2610 1428 et
2645 1373 2900 1428 famulatu
2943 1376 3111 1430 multo
3153 1377 3410 1434 fruimini.
3457 1381 3564 1436 Sed
3605 1382 3658 1437 id
3695 1399 3804 1438 non

2233 1463 2430 1532 patitur
2473 1466 2860 1534 praedicationis
2890 1478 3098 1522 natura.
3129 1469 3241 1525 Nos
3274 1472 3498 1543 iuglarii,
3527 1490 3614 1529 vos
3638 1487 3810 1532 autem

2233 1553 2458 1621 gloriosi.
2493 1555 2588 1611 llic
2612 1558 2821 1613 nobiles
2862 1560 3098 1628 respicit,
3127 1563 3215 1632 qui
3245 1563 3312 1618 de
3341 1567 3700 1622 exterioribus
3727 1571 3811 1623 al-

2236 1651 2345 1698 ttun
2376 1648 2672 1715 sapiebant.
2709 1652 2792 1706 ii.
2830 1650 3000 1722 Usque
3023 1655 3076 1706 in
3110 1655 3240 1708 hanc
3278 1656 3456 1711 horam
3487 1668 3530 1712 et
3559 1663 3812 1718 esurinms

2233 1745 2279 1789 et
2303 1737 2530 1803 sitimus,
2563 1749 2610 1793 et
2637 1741 2763 1794 nudi
2790 1759 2987 1808 sumus,
3018 1753 3066 1798 et
3103 1746 3330 1814 colaphis
3355 1751 3614 1815 erudiatur,
3649 1753 3736 1807 19..
3765 1764 3812 1808 et

2233 1827 2520 1883 laboramus
2557 1843 2819 1900 opst-antes
2859 1835 3088 1890 manibus
3133 1839 3333 1893 nostris.
3376 1839 3488 1895 liae
3528 1852 3647 1908 est,
3693 1844 3808 1899 Non

2236 1929 2415 1974 vetera
2447 1935 2628 1985 uarro,
2657 1922 2750 1977 sed
2776 1925 2915 1994 quod
2953 1926 3081 1979 mihi
3111 1943 3348 1997 prtesens
3377 1939 3584 2000 tempus
3613 1936 3809 1988 testifi-

2234 2017 2402 2062 catur.
2422 2009 2781 2068 Humanarum
2803 2015 2997 2085 quippe
3019 2032 3197 2072 rerum
3221 2019 3374 2074 nobis
3392 2021 3531 2076 nulla
3551 2025 3687 2078 ratio
3703 2035 3806 2092 est,

2236 2115 2410 2168 neque
2438 2104 2641 2157 externi
2663 2106 2999 2174 splendoris;
3030 2108 3120 2162 sed
3151 2109 3218 2163 ad
3246 2109 3410 2164 Deum
3431 2112 3604 2166 solum
3634 2117 3810 2184 respi-

2234 2190 2404 2245 cimus
2435 2212 2448 2246 :
2481 2193 2620 2262 quod
2649 2195 2842 2265 ubique
2884 2196 3061 2252 facere
3099 2199 3254 2254 nobis
3298 2205 3664 2259 necessarium
3704 2218 3808 2261 est.

2235 2278 2416 2349 Neque
2450 2283 2591 2337 enim
2621 2286 2793 2355 angeli
2834 2295 3037 2342 tantum
3081 2304 3179 2343 uos
3212 2300 3488 2360 spectant,
3516 2295 3611 2349 sed
3647 2297 3809 2352 etiam

2235 2380 2358 2425 ante
2398 2371 2517 2427 illos
2549 2375 2662 2444 ipse
2694 2377 3035 2446 agonotheta.
3069 2379 3182 2434 Non
3224 2381 3403 2452 itaque
3435 2383 3555 2440 aliis
3591 2401 3814 2456 egentius

2234 2461 2617 2521 laudatoribus.
2649 2468 2760 2522 Hoc
2787 2471 2927 2525 enim
2957 2480 3042 2526 est
3071 2472 3142 2525 illi
3169 2475 3544 2530 contumeliam
3570 2478 3770 2534 inferre
3793 2522 3809 2545 ,

2233 2568 2355 2610 cum
2385 2556 2531 2612 illum
2558 2560 2706 2628 quasi
2736 2561 2801 2614 ad
2834 2577 2934 2616 nos
2955 2563 3250 2619 laudandos
3275 2581 3381 2621 non
3417 2568 3546 2623 satis
3572 2571 3646 2624 sit
3672 2587 3813 2641 prm-

2236 2654 2616 2713 tercurrentes,
2645 2650 2710 2704 ad
2735 2665 3022 2708 conservos
3045 2670 3416 2724 properamus.
3444 2657 3812 2726 Quemadmo-

2234 2734 2361 2791 dum
2389 2739 2530 2793 enim
2563 2741 2652 2811 qui
2683 2741 2734 2795 in
2767 2757 2927 2811 parvo
2957 2745 3165 2800 theatro
3202 2746 3513 2818 decertant,
3557 2767 3810 2822 magnum

2235 2837 2510 2897 quaerunt,
2535 2831 2686 2900 quasi
2711 2832 2839 2887 illud
2867 2848 2972 2889 non
3003 2834 3234 2891 sufficiat
3257 2837 3322 2891 ad
3352 2841 3768 2898 ostentationem
3793 2859 3810 2900 :

2235 2919 2315 3002 sic
2352 2927 2404 2973 et
2440 2921 2497 2987 ii,
2524 2923 2614 2990 qui
2643 2932 2768 2978 ante
2808 2924 2900 2979 Dei
2937 2925 3118 2981 oculos
3163 2927 3474 2995 decertant,
3508 2930 3812 3004 deindeque

2236 3007 2448 3066 laudem
2477 3009 2751 3068 hominum
2771 3025 3098 3084 quaerentes,
3128 3026 3180 3072 et
3203 3019 3458 3088 majorem
3482 3020 3813 3083 dimittente:

2235 3111 2294 3154 ut
2318 3103 2577 3158 minorem
2596 3115 2970 3175 assequantur,
2994 3123 3243 3178 magnum
3263 3111 3365 3165 sibi
3384 3113 3664 3168 attrahunt
3682 3131 3810 3187 sup-

2235 3195 2475 3265 plicium.
2505 3196 2616 3253 Hoc
2641 3213 2768 3268 ergo
2793 3200 2970 3254 omnia
2992 3216 3081 3255 sus
3101 3201 3272 3270 deque
3300 3205 3476 3269 vertit,
3501 3205 3608 3260 hoc
3626 3208 3810 3263 orbem

2239 3295 2406 3341 totum
2442 3288 2705 3354 turbavit,
2731 3289 2874 3360 quod
2900 3291 2965 3345 ad
2995 3291 3237 3348 homines
3257 3295 3608 3364 respicientes
3631 3299 3809 3354 omnia

2239 3378 2530 3436 faciamus:
2559 3391 2617 3437 et
2635 3382 2688 3435 in
2716 3383 2869 3438 bonis
2893 3383 3024 3438 nihil
3053 3399 3172 3440 esse
3198 3385 3450 3441 ducamus
3476 3389 3619 3458 quod
3644 3389 3810 3445 Deum

2240 3471 2529 3528 habeamus
2552 3474 2904 3541 laudatorem,
2936 3476 3030 3531 sed
3052 3492 3080 3530 a
3110 3480 3384 3534 conservis
3412 3495 3716 3548 quatramos
3737 3481 3813 3536 fa-

2239 3579 2379 3619 mam
2405 3575 2459 3620 et
2486 3565 2706 3635 gloriam
2731 3586 2746 3622 :
2777 3576 2830 3623 et
2854 3569 2906 3622 in
2933 3571 3215 3624 contrariis
3242 3585 3451 3625 rursum
3480 3572 3590 3627 Deo
3621 3573 3814 3643 despeo

2237 3666 2346 3723 cto,
2377 3657 2619 3713 homines
2650 3658 3016 3715 fortnidemus.
3048 3662 3208 3730 Atqui
3254 3663 3352 3733 ipsi
3383 3663 3661 3719 nobiscum
3701 3675 3813 3720 sta-

2239 3751 2371 3804 bunt
2417 3759 2543 3806 ante
2591 3752 2817 3806 tribunal
2865 3752 3030 3818 illud,
3065 3753 3195 3808 nihil
3241 3768 3336 3809 nos
3357 3755 3640 3824 juvantes;
3677 3758 3816 3814 Deus

2239 3849 2417 3894 autem
2438 3881 2454 3905 ,
2487 3856 2643 3909 quem
2664 3841 2773 3911 jam
2801 3842 3151 3911 deSpicimus,
3184 3846 3504 3900 sententiam
3532 3847 3583 3901 in
3609 3863 3712 3902 nos
3737 3849 3815 3904 fe-

2242 3939 2344 3984 ret.
2377 3932 2623 3986 Attamen
2651 3948 2771 3986 cum
2817 3933 2931 3988 hate
2974 3935 3235 4002 sciamus,
3267 3935 3332 3989 ad
3359 3934 3604 3993 homines
3644 3940 3816 3995 inhia-

2243 4022 2538 4092 muszquod
2556 4032 2638 4076 est
2659 4024 2884 4093 primum
2909 4036 3182 4094 peccatum
3213 4046 3226 4081 :
3255 4026 3578 4098 homineque
3599 4031 3815 4087 vidente

2195 4137 2204 4143 -
2238 4111 2491 4167 fornicari
2518 4129 2676 4168 nemo
2704 4115 2950 4181 voluerit,
2979 4115 3072 4171 sed
3098 4119 3303 4172 etiamsi
3332 4120 3458 4173 vitio
3489 4120 3578 4174 illo
3605 4123 3814 4187 ardeat,

2243 4203 2463 4260 affectus
2506 4205 2647 4259 illius
2677 4207 2915 4277 tyrannis
2947 4207 3014 4261 ab
3060 4207 3330 4262 hominum
3371 4211 3669 4266 reverentia
3697 4212 3817 4267 vin-

2243 4297 2418 4350 citur:
2454 4297 2561 4350 Deo
2591 4307 2765 4351 autem
2799 4298 3012 4352 vidente
3056 4313 3160 4352 non
3191 4299 3350 4353 modo
3389 4301 3442 4354 in
3471 4299 3734 4357 adulteria
3763 4311 3818 4358 et

2245 4387 2298 4441 in
2331 4387 2708 4441 fornicationes
2733 4399 3116 4458 prorumpunt,
3154 4389 3248 4444 sed
3279 4398 3336 4444 et
3362 4391 3465 4444 alia
3500 4391 3659 4460 longe
3699 4408 3820 4461 gra-

2245 4479 2392 4533 viora
2424 4478 2622 4533 audent
2650 4489 2704 4534 et
2746 4480 2860 4534 ausi
2904 4491 3049 4535 sunt.
3081 4482 3162 4535 An
3193 4483 3293 4534 hoc
3327 4497 3457 4552 ergo
3495 4485 3668 4538 solum
3715 4501 3819 4539 non

2246 4565 2441 4622 sufficit
2466 4576 2523 4622 ut
2547 4568 2693 4624 mille
2728 4569 2947 4624 fulmina
2987 4569 3054 4624 de
3081 4570 3213 4624 cado
3243 4571 3576 4626 inferautur?
3606 4572 3673 4627 Et
3695 4574 3820 4642 quid

2245 4658 2367 4714 dico
2384 4659 2644 4715 adulteria
2665 4669 2719 4715 et
2737 4659 3157 4715 fornicationes?
3177 4662 3305 4715 Nam
3333 4663 3417 4717 his
3437 4663 3592 4732 longe
3614 4665 3821 4718 minora

2247 4760 2370 4806 ante
2393 4751 2634 4806 homines
2664 4760 2970 4821 perpetrare
2999 4751 3285 4806 metuimus
3305 4792 3320 4816 ,
3352 4752 3445 4807 sed
3479 4753 3587 4807 Deo
3610 4754 3824 4808 vidente

2249 4860 2355 4899 non
2383 4845 2529 4899 item.
2555 4844 2688 4899 llinc
2715 4853 2860 4913 parta
2888 4853 3013 4897 sunt
3036 4843 3171 4896 mala
3197 4845 3394 4908 omnia,
3423 4844 3563 4910 quod
3588 4845 3638 4898 in
3664 4846 3825 4900 rebus

2248 4951 2367 5005 qua:
2391 4951 2515 4990 vere
2553 4950 2728 5005 prava:
2758 4942 2878 4988 sunt
2907 4949 3010 4988 non
3041 4933 3202 4987 Deum
3224 4975 3241 5000 ,
3273 4933 3366 4988 sed
3391 4933 3638 4989 homines
3668 4949 3826 4990 reve-

2250 5043 2481 5082 reamur.
2509 5027 2738 5096 Ideoque
2762 5028 2920 5081 etiam
2948 5041 3032 5090 ea,
3060 5041 3179 5095 quae
3204 5042 3328 5080 vere
3355 5028 3487 5080 bona
3507 5033 3651 5090 sunt,
3681 5041 3829 5095 qum-

2249 5135 2353 5188 que
2380 5121 2558 5174 multis
2585 5135 2689 5173 non
2718 5118 2853 5173 bona
2881 5133 2998 5172 esse
3027 5117 3293 5180 videntur,
3320 5117 3572 5187 fugimus,
3603 5132 3713 5172 non
3745 5133 3829 5173 re-

2253 5226 2370 5264 rum
2424 5219 2664 5264 naturam
2709 5208 3108 5277 exatniuantes,
3159 5208 3254 5264 sed
3303 5208 3370 5263 ad
3415 5208 3558 5278 vulgi
3601 5208 3830 5278 gloriam

2255 5301 2618 5369 respicientes.

2324 5393 2376 5446 4.
2409 5391 2466 5444 lu
2496 5389 2646 5443 malis
2679 5405 2890 5460 quoque
2930 5390 3159 5460 idipsum
3187 5399 3498 5458 praestamus
3529 5407 3544 5445 :
3573 5390 3820 5459 quadam

2254 5483 2395 5538 enim
2418 5495 2534 5550 qua:
2555 5495 2680 5534 vere
2711 5480 2847 5534 bona
2875 5495 2978 5534 non
3007 5490 3150 5545 sunt,
3175 5480 3269 5534 sed
3294 5481 3413 5532 talia
3439 5479 3690 5535 videntur
3714 5495 3839 5537 esse

2256 5574 2454 5638 multis,
2488 5586 2550 5626 ex
2579 5572 2764 5626 eadem
2782 5571 3165 5626 consuetudine
3189 5580 3243 5623 ut
3267 5571 3401 5624 bona
3426 5573 3836 5640 persequimur;

2260 5667 2328 5722 ita
2352 5676 2408 5721 ut
2434 5667 2679 5738 utrinque
2707 5679 3129 5736 corrumpamur.
3181 5664 3425 5720 Fortasse
3447 5665 3634 5721 multis
3645 5664 3836 5721 obscu-
