3986 6202
313 306 382 362 99
1365 305 1459 384 ἶΙΝ
1499 303 1770 363 EPISTJ
1811 303 1902 358 AD
1940 301 2098 360 C08.
2139 303 2374 368 HOMIL.
2409 312 2528 369 XII.

317 429 460 480 ἐστιν
480 444 493 460 δ
520 428 612 481 Ἐν
651 426 750 498 μὲν
779 427 890 491 τοῖς
920 427 1104 492 πόνοις
1146 425 1313 497 φησιν
1347 422 1487 478 εἶναι
1515 426 1693 480 πάντα
1736 423 1891 477 κοινά

317 511 408 564 καὶ
450 513 590 581 ἡμῖν
643 511 737 564 καὶ
788 511 935 580 ὑμῖν,
995 513 1057 564 ἐν
1107 511 1166 565 δέ
1202 512 1316 573 τοῖς
1361 509 1616 572 ἐπάθλοις
1653 509 1892 570 καὶτοῖς

318 595 609 663 στεφάνοις
649 594 805 664 ὑμεῖς
846 597 1073 666 πρῶτοι.
1116 595 1257 648 Ἀλλ’
1287 595 1389 648 οὐκ
1417 592 1570 662 ἀλγῶ
1600 592 1776 645 ταῦτα
1803 590 1892 642 λέ-

319 694 430 746 γων
453 692 467 705 °
504 677 586 730 διὸ
618 679 712 731 καὶ
741 679 1010 747 ἐτιιήγαγε⁸
1061 682 1169 732 Kal
1201 678 1428 747 ὄφελόν
1463 693 1528 746 γε
1576 675 1892 729 ἐϐασιλεύ-

313 777 488 814 σατε.
525 759 677 824 Είτα,
743 761 827 814 ῖνα
881 761 956 832 μὴ
994 761 1122 832 δόξῃ
1171 761 1425 832 εἰρωνεία
1459 776 1544 822 τις
1589 755 1751 823 εἶναι,
1798 760 1896 811 ἐπ-

320 847 526 912 ήγαγεν
545 861 560 876 ο
603 843 736 897 Ἵνα
783 843 885 898 καὶ
909 843 1082 912 ἡμεῖς
1117 843 1264 913 ὑμῖν
1286 843 1893 910 συμϐασιλεύσωμεν.

320 928 430 979 Καὶ
460 927 568 997 γὰρ
607 927 694 991 ἂν,
726 928 881 996 φησὶ,
919 927 1013 979 καὶ
1054 929 1217 996 ἡμεῖς
1249 926 1457 980 τούτων
1507 924 1846 995 ἐπετύχομεν
1868 937 1895 964 ι

321 1010 426 1062 τῶν
454 1009 698 1078 ἀγαθῶν.
736 1005 891 1072 Εἶδες
922 1009 1039 1074 πῶς
1071 1009 1208 1080 ὁμοῦ
1241 1011 1338 1064 καὶ
1357 1010 1458 1080 τὴν
1495 1008 1776 1078 βαρύτητα
1806 1008 1900 1060 καὶ

321 1094 413 1164 τὴν
445 1093 776 1165 κηδεμονίαν
809 1094 1147 1147 ἐνδείκνυται
1177 1095 1271 1148 καὶ
1299 1094 1398 1164 τὴν
1433 1093 1720 1161 φιλόσοφον
1758 1090 1899 1159 γνώ-

325 1195 460 1248 μην;
513 1179 654 1246 Ὅρα
690 1177 808 1242 πῶς
847 1179 1098 1250 καθαιρεί
1141 1178 1352 1232 καὶτὸν
1393 1177 1560 1245 τῦφον
1585 1177 1652 1230 δι’
1682 1170 1758 1230 ὧν
1791 1179 1894 1228 ἐπ-

321 1264 435 1328 άγει
490 1260 699 1328 λέγων’
762 1260 965 1314 Δοκῶιι
1013 1261 1126 1329 τὰρ
1162 1260 1250 1314 ὅτι
1299 1263 1332 1313 ό
1382 1261 1526 1325 Θεὸς
1563 1257 1721 1329 ἡμᾶς
1752 1259 1897 1320 τοὺς

316 1345 704 1408 ἀποστόλους
750 1341 1049 1413 ἐσχάτους
1096 1343 1434 1408 ἀπέδειξεν,
1467 1343 1547 1408 ὡς
1605 1343 1893 1396 ἐπιθανα-

317 1428 501 1491 τίους.
533 1427 741 1497 Πολλὴν
767 1428 868 1498 τὴν
892 1427 1126 1497 ἔμφασιν
1162 1429 1254 1480 καὶ
1285 1427 1386 1498 τὴν
1422 1427 1700 1497 βαρύτητα
1725 1427 1893 1480 ἐνδεί-

317 1526 509 1562 κνυται
555 1509 718 1563 πάλιν
762 1509 840 1580 τῷ
882 1513 1076 1572 εἰπεῖν,
1145 1510 1350 1578 Ἦμᾶς.
1400 1510 1512 1563 Kal
1551 1508 1674 1562 οὐδὲ
1719 1507 1896 1578 τούτῳ

314 1592 592 1662 ἡρκέσθη,
621 1592 760 1646 ἀλλὰ
796 1593 891 1647 καὶ
916 1594 974 1645 τὸ
1006 1593 1227 1664 ἀξίωμα
1266 1595 1532 1661 ἐπήγαγε,
1570 1592 1777 1662 σφόδρα
1798 1592 1898 1644 αὐ⁹

316 1676 430 1730 τῶν
476 1675 933 1746 καθικνούμενος’
994 1675 1192 1745 Ἡμεῖς,
1245 1678 1402 1747 φησὶ,
1440 1677 1583 1743 τοὺς
1625 1675 1892 1730 ἀποστό-

313 1764 501 1826 λους·
537 1760 666 1823 τοὺς
697 1758 766 1812 τὰ
790 1753 959 1830 μυρία
988 1759 1358 1828 ὑπομένοντας
1385 1761 1551 1822 κακά,
1590 1760 1715 1822 τοὺς
1741 1757 1895 1810 σπείο

316 1861 516 1914 ροντας
543 1844 607 1896 τὸ
634 1844 903 1914 κήρυγμα
932 1842 1033 1912 τῆς
1065 1841 1370 1906 εὐσεϐείας,
1408 1845 1534 1906 τοὺς
1566 1844 1658 1895 ἐπὶ
1687 1843 1785 1912 τὴν
1811 1860 1898 1911 φι-

314 1927 575 1996 λοσοφίαν
621 1926 832 1993 ταύτην
869 1920 1012 1994 ὑμᾶς
1051 1925 1286 1994 ἄγοντας
1305 1942 1320 1956 ⁸
1365 1927 1587 1989 τούτους
1636 1928 1895 1996 ἐσχάτους

313 2003 616 2074 ἀπέδειξεν,
641 2009 722 2072 ὡς
770 2008 1173 2073 ἐπιθανατίους,
1223 2009 1518 2074 τουτέστιν,
1559 2009 1634 2073 ὡς
1675 2009 1892 2063 καταδί-

315 2111 462 2158 κους.
501 2091 722 2163 Ἐπειδὴ
748 2091 858 2162 γὰρ
881 2086 1055 2155 εἶπεν,
1093 2091 1228 2145 Ἵνα
1251 2092 1348 2145 καί
1370 2092 1543 2161 ἡμεῖς
1583 2093 1722 2162 ὑμῖν
1740 2110 1895 2162 συμ-

315 2178 791 2244 ϐασιλεύσωμεν,
843 2176 938 2227 καὶ
988 2173 1221 2245 ἐχάλασε
1251 2174 1331 2244 τῷ
1363 2176 1506 2246 λόγῳ
1535 2175 1595 2228 τὸ
1622 2177 1851 2248 σφοδρόν
1874 2194 1890 2210 ο

314 2261 401 2314 ἵνα
428 2260 502 2330 μὴ
532 2259 734 2320 αὐτοὺς
762 2257 989 2328 ἐκλύσῃ,
1012 2257 1382 2327 ἀναλαμϐάνει
1409 2259 1572 2312 πάλιν
1596 2259 1727 2312 αὐτὸ
1755 2261 1893 2330 μετά

315 2344 560 2408 πλείονος
593 2340 960 2414 βαρυθυμίας,
1010 2341 1099 2394 καί
1134 2357 1302 2411 φησι·
1335 2340 1498 2394 Δοκῶ
1543 2343 1674 2412 τὰρ,
1723 2342 1810 2396 ὅτι
1861 2345 1896 2398 ὁ

317 2427 461 2491 Θεὸς
482 2426 642 2495 ἡμᾶς
663 2425 808 2491 τοὺς
829 2425 1215 2490 ἀποστόλους
1230 2425 1532 2494 ἐσχάτους
1553 2425 1893 2492 ἀπέδειξεν,

311 2511 393 2574 ὡς
425 2509 868 2573 ἐπιθανατίους.
935 2507 1025 2570 Ὠς
1055 2506 1165 2576 γὰρ
1213 2507 1346 2578 ὁρῶ,
1400 2511 1555 2580 φησί,
1593 2509 1686 2562 καὶ
1719 2510 1777 2576 ἐξ
1819 2504 1896 2563 ὧν

311 2597 473 2666 ὐμεῖς
503 2610 665 2664 φατε,
703 2593 754 2645 οἱ
791 2591 1011 2645 πάντων
1041 2591 1355 2662 ἀτιμότεροι
1398 2592 1493 2645 καὶ
1523 2595 1574 2646 οί
1613 2594 1896 2648 κατάδικοι

310 2679 479 2748 ἡμεῖς
499 2678 696 2746 ἐσμεν,
731 2674 781 2726 οἳ
804 2676 881 2737 είς
903 2674 965 2726 τὸ
1005 2674 1235 2746 πάσχειν
1259 2675 1347 2728 ἀεὶ
1371 2674 1557 2738 κακῶς
1586 2676 1896 2746 προϐεϐλή-

310 2763 494 2833 μεθαο
546 2761 707 2829 ὑμεῖς
752 2759 808 2811 δὲ
866 2759 964 2830 ήδη
1029 2757 1306 2828 βασιλείαν
1358 2758 1655 2828 καὶτιμὰς
1687 2761 1783 2813 καὶ
1825 2762 1896 2816 τὰ

307 2845 531 2899 ἔπαθλα
561 2842 919 2913 φαντάζεσθε.
953 2841 1284 2910 Βουλόμενος
1313 2841 1370 2895 δέ
1403 2844 1482 2905 είς
1509 2843 1732 2897 πλείονα
1771 2845 1896 2897 ἀτοο

311 2930 445 2982 πίαν
469 2928 784 2995 ἀπαγαγεῖν
806 2925 896 2978 τὸν
925 2924 1106 2992 λόγον,
1130 2924 1224 2978 καὶ
1250 2924 1420 2990 δεῖξαι
1444 2925 1606 2979 αὐτὸν
1634 2927 1896 2981 ἀπίθανον

312 3012 433 3084 μεθ’
462 3009 802 3084 ὑπερβολῆς.
831 3009 934 3060 οὐκ
958 3007 1134 3072 εἶπεν,
1176 3008 1260 3060 ὅτι
1298 3007 1512 3071 Ἀπλῶς
1539 3011 1701 3079 ἡμεῖς
1727 3012 1898 3080 ἐσμεν

309 3096 553 3165 ἔσχατοι,
587 3091 725 3156 ἀλλ’,
768 3092 825 3144 '0
859 3090 990 3153 Θεὸς
1031 3091 1178 3160 ᾑμᾶς
1207 3089 1468 3159 ἐσχάτους
1498 3092 1742 3164 ἐποίησε.
1787 3095 1897 3148 Καὶ

305 3179 404 3230 οὐκ
431 3175 687 3248 ἠρκέσθη
712 3175 789 3244 τῷ
815 3177 991 3228 εἰπεῖν
1035 3171 1390 3242 Ἐσχάτους,
1422 3174 1560 3228 ἀλλά
1585 3176 1896 3249 προσέθηκε

307 3261 402 3312 καὶ
457 3258 923 3321 Ἔπιθανατίους
943 3274 956 3286 ·
983 3257 1070 3309 ῖνα
1100 3257 1194 3309 καὶ
1214 3259 1242 3308 6
1277 3257 1480 3328 σφόδρα
1511 3258 1738 3328 ἀνόητος
1769 3278 1896 3313 συν-

305 3344 420 3415 ειδῇ
459 3343 575 3396 τῶν
604 3339 910 3412 είρημένων
952 3339 1013 3392 τὸ
1051 3339 1334 3404 ἀπίθανον,
1363 3342 1456 3394 καὶ
1493 3341 1575 3394 ὅτι
1603 3342 1897 3410 ἀλγοῦντος

303 3423 372 3498 ἦν
397 3426 469 3478 τά
500 3425 778 3493 λεγόμενα
798 3422 892 3475 καὶ
930 3422 1137 3492 σφόδρα
1167 3422 1365 3485 αὐτοὺς
1388 3423 1757 3495 ἐντρέποντος.

375 3508 428 3577 γ’
437 3509 580 3561 ,Καὶ
600 3509 703 3576 ὂρα
712 3505 920 3558 Παύλου
944 3505 1178 3559 σύνεσιν.
1197 3507 1312 3575 Ἀφ’
1329 3500 1403 3560 ὧν
1429 3509 1640 3574 ἐαυτὸν,
1654 3510 1817 3578 ἡνίκα
1831 3510 1898 3565 ἀν

303 3589 339 3668 ᾖ
381 3591 618 3662 καιρὸς,
671 3589 885 3658 ἐπαίρει
930 3589 1022 3641 καὶ
1072 3589 1269 3659 σεμνὸν
1311 3589 1551 3643 δείκνυσι
1583 3595 1676 3644 καὶ
1724 3594 1898 3661 μέγαν

302 3679 475 3742 ποιεῖ,
509 3674 630 3727 ἀπὸ
662 3672 868 3725 τούτων
893 3673 1132 3736 ἐκείνους
1172 3673 1424 3743 ἐντρέπει
1459 3674 1575 3737 νῦν,
1608 3675 1899 3730 κατάδικον

302 3758 502 3813 ἐαυτὸν
523 3756 737 3810 καλῶν.
776 3753 1037 3809 Τοσοῦτὸν
1061 3758 1178 3808 ἐστι
1214 3756 1353 3826 μετά
1395 3755 1489 3808 τοῦ
1540 3756 1690 3827 μου]
1727 3775 1898 3828 προσ-

303 3843 539 3913 ήκοντος
564 3837 767 3910 καιροῦ
799 3837 977 3891 πάντα
1008 3839 1206 3892 ποιεῖν.
1251 3838 1704 3905 Ἑπιθανατίους
1727 3841 1783 3893 δὲ
1809 3844 1899 3895 ἐν-

298 3924 480 3979 ταῦθα
514 3922 650 3984 τοὺς
683 3920 1012 3984 καταδίκους
1050 3920 1221 3989 λέγει,
1266 3923 1359 3974 καὶ
1411 3922 1620 3994 μυρίων
1655 3923 1898 3978 θανάτων

299 4008 516 4073 ἀξίους.
555 4006 692 4059 Ὀτι
735 4004 984 4072 θέατρον
1012 4003 1383 4075 ἐγενήθημεν
1420 4004 1500 4071 τῷ
1544 4008 1751 4076 κόσμῳ
1797 4010 1898 4063 καί

297 4091 591 4162 ἀγγέλοις
618 4088 721 4142 καί
749 4087 1102 4156 ἀνθρώποις.
1131 4088 1197 4140 Τί
1223 4090 1360 4155 ἐστι,
1391 4090 1653 4160 Θέατρον
1689 4095 1899 4164 ἐγενή-

296 4179 497 4244 θημεν
523 4171 612 4237 τῷ
635 4173 871 4240 κόσμοις
908 4171 1022 4225 Οὐκ
1056 4173 1116 4223 ἐν
1140 4171 1313 4243 γωνίᾳ.
1343 4175 1440 4244 μιᾷ
1469 4175 1591 4227 οὐδέ
1623 4177 1681 4229 ἐν
1714 4178 1896 4250 μικρῷ

296 4259 396 4329 τῆς
435 4256 778 4326 οίκουμένης
811 4255 967 4325 μέρει
995 4253 1168 4308 ταῦτα
1196 4255 1500 4326 πάσχομεν,
1530 4262 1714 4329 φησὶν,
1763 4262 1898 4316 ἀλλά

297 4338 594 4409 πανταχοῦ
627 4338 728 4391 καὶ
772 4337 865 4390 ἐπὶ
914 4337 1155 4392 πάντων.
1185 4337 1250 4390 Τί
1283 4339 1341 4391 δέ
1372 4341 1507 4405 ἐστι,
1567 4340 1678 4394 Kal
1727 4344 1900 4412 ἀγγέ-

295 4428 428 4490 λοις
443 4439 464 4486 ;
493 4423 656 4474 Ἀντὶ
683 4420 805 4484 τοῦ,
835 4420 991 4474 Ἐστι
1013 4421 1112 4491 μὲν
1139 4421 1450 4492 ἀνθρώποις
1473 4419 1614 4476 εἶναι
1649 4423 1897 4498 θέατρον,

299 4509 503 4578 μηκέτι
536 4506 598 4559 δέ
625 4504 909 4574 ἀγγέλοις,
947 4505 1078 4558 ὅταν
1111 4504 1301 4574 εὐτελῆ
1348 4506 1416 4558 τὰ
1447 4506 1709 4578 γινόμενα
1832 4511 1900 4564 τὰ

294 4591 350 4642 δὲ
377 4590 542 4661 ἡμῶν
565 4587 941 4664 παλαίσματα
966 4587 1214 4653 τοιαῦτα,
1246 4588 1330 4665 γὼς
1357 4589 1451 4642 καὶ
1473 4591 1572 4660 τῆς
1598 4592 1901 4665 ἁγγελικῆς

295 4672 532 4743 θεωρίας
552 4672 692 4736 ἄξια
721 4665 889 4725 εἶναι.
925 4671 1066 4740 Ὅρα
1099 4671 1194 4740 ἀφ’
1232 4664 1307 4725 ὧν
1333 4673 1524 4726 ἑαυτὸν
1547 4664 1896 4741 ἐξευτελίζει,

294 4757 413 4820 πῶς
437 4758 612 4812 πάλιν
639 4755 827 4827 μέγαν
855 4752 1128 4808 δείκνυσιν
1147 4769 1162 4784 '
1191 4757 1287 4825 ἀφ’
1313 4749 1388 4810 ὧν
1429 4758 1486 4811 δέ
1515 4759 1712 4813 ἐκεῖνοι
1754 4760 1900 4830 μέγα

293 4839 583 4912 φρονοῦσι,
613 4838 746 4901 πῶς
782 4837 979 4900 αὐτοὺς
1023 4837 1265 4901 εὐτελεῖς
1307 4840 1624 4910 ἀποφαίνει.
1679 4841 1898 4914 Ἐπειδὴ

293 4924 398 4994 γὰρ
431 4924 499 4976 τὸ
537 4923 779 4994 μωροὺς
819 4916 962 4973 εῐναι
1000 4920 1096 4974 τοῦ
1137 4921 1436 4993 φρονίμους
1469 4924 1777 4993 φαίνεσθαι,
1807 4927 1899 4978 καὶ

292 5004 349 5058 τὸ
369 5006 632 5068 ἀσθενεῖς
655 5000 810 5057 εἶναι
849 5003 944 5056 τοῦ
972 5004 1226 5076 ἰσχυροὺς
1250 5005 1532 5074 γίνεσθαι,
1577 5008 1670 5061 καὶ
1695 5007 1756 5061 τὸ
1782 5007 1900 5062 ἀτί-

295 5106 426 5158 μους
453 5087 604 5144 εῐναι
630 5087 738 5143 τοῦ
769 5087 1016 5154 ἐνδόξους
1043 5089 1140 5142 καὶ
1163 5094 1484 5160 περιφανεῖς
1517 5093 1897 5164 εὐτελέστερον

292 5167 424 5224 εἶναι
454 5173 674 5238 ἐδόκει,
705 5171 899 5225 καὶτὰ
924 5169 1022 5241 μὲν
1048 5172 1278 5237 ἐκείνοις
1307 5174 1494 5244 μέλλει
1519 5175 1896 5246 προσρίπτειν,

290 5255 356 5308 τὰ
380 5257 438 5310 δὲ
467 5257 645 5321 αὐτὸς
678 5252 1019 5318 κατεδέξατο
1035 5271 1051 5286 ο
1076 5255 1350 5310 δείκνυσιν
1372 5258 1457 5310 ὄτι
1477 5256 1650 5310 ταῦτα
1672 5259 1897 5311 ἐκείνων

291 5341 520 5409 ἀμείνω,
556 5342 616 5394 et
648 5357 723 5408 γε
753 5339 846 5391 διὰ
871 5338 1045 5392 ταῦτα
1081 5341 1156 5410 μὴ
1204 5341 1365 5409 μόνον
1405 5341 1729 5413 ἀνθρώπων,
1760 5343 1896 5398 ἀλλά

291 5427 380 5478 καὶ
404 5425 594 5480 αὐτῶν
626 5424 752 5477 τῶν
787 5421 1037 5491 ἀγγέλων
1060 5423 1150 5477 τὸν
1171 5423 1340 5494 δῆμον
1371 5426 1504 5494 πρὸς
1531 5425 1629 5496 τὴν
1662 5425 1896 5497 θεωρίαν

291 5508 597 5582 ἐπέστρεψε
619 5509 736 5580 τὴν
765 5505 1000 5558 ἑαυτῶν.
1027 5506 1102 5558 Οὐ
1124 5505 1234 5576 γὰρ
1259 5507 1396 5578 πρὸς
1414 5508 1731 5580 ἀνθρώπους
1764 5513 1896 5580 ἡμῖν

291 5590 323 5661 ἡ
349 5591 494 5666 πάλη
535 5593 740 5665 μόνον,
784 5589 923 5643 ἀλλὰ
951 5590 1046 5643 καὶ
1076 5589 1212 5660 πρὸς
1243 5590 1341 5652 τὰς
1366 5593 1692 5664 ἀσωμάτους
1739 5595 1898 5647 δυνά-

297 5691 426 5744 μεις.
455 5679 562 5732 Διά
586 5677 770 5731 τοῦτο
799 5674 893 5727 καὶ
946 5673 1092 5745 μέγα
1135 5672 1363 5744 θέατρον
1393 5676 1643 5747 κάθηται.
1701 5678 1898 5749 Ἡμεῖς

340 5862 362 5920 Ψ
403 5856 676 5920 ἔδεὲκῧαιυτ
704 5851 1034 5920 ἐπιτύχωμεν.
1097 5852 1127 5894 ι)
1153 5849 1417 5917 Legebatur
1442 5852 1558 5912 εἶδες
1578 5857 1680 5912 πῶς
1703 5857 1896 5920 καθαρεῖ

298 5915 372 5961 τὸν
386 5915 560 5981 τῦἷξονῖ
590 5917 774 5966 Δοκῶ.

3484 315 3584 373 ιοο

1994 426 2178 492 μωροὶ
2211 426 2312 483 διὰ
2344 431 2624 498 Χριστὸν,
2651 430 2820 500 ὑμεῖς
2845 429 2913 484 δὲ
2935 433 3212 502 φρόνιμοι
3235 431 3306 487 ἐν
3326 435 3578 503 Χριστῷ.

2001 505 2174 561 Πάλιν
2207 510 2301 563 καὶ
2356 511 2516 565 τοῦτο
2551 513 2922 584 ἐντρεπτικῶς
2973 515 3188 586 είρηκε,
3235 515 3450 580 δεικνὺς
3498 519 3581 571 δτι

1994 594 2232 661 πρᾶγμά
2256 598 2406 650 ἐστιν
2432 597 2694 652 ἀδύνατον
2727 599 2901 652 ταῦτα
2927 599 3202 670 συμϐῆναι
3238 601 3306 654 τὰ
3339 601 3580 666 ἐναντία,

1992 675 2088 727 καὶ
2115 677 2216 729 οὐκ
2254 677 2405 732 ἐστιν
2455 681 2514 733 ἐν
2549 683 2662 744 τοῖς
2709 683 2897 745 αὐτοῖς
2925 684 2994 735 τά
3029 683 3284 738 τοσοῦτον
3333 684 3583 754 ἀλλήλων

1997 757 2268 828 ἀπέχοντα
2302 762 2599 818 συνελθεῖν.
2629 765 2755 828 Πῶς
2785 765 2896 836 γὰρ
2924 765 3023 829 ἐνι,
3074 767 3259 835 φησὶν,
3289 767 3432 836 ὑμᾶς
3483 766 3582 836 μὲν

1999 841 2300 912 φρονίμους
2330 839 2492 907 εἶναι,
2521 848 2667 916 ἡμᾶς
2700 847 2756 900 δέ
2793 849 3010 917 μωροὺς
3041 850 3100 901 ἐν
3132 851 3246 912 τοῖς
3275 851 3418 902 κατά
3449 850 3575 920 Χρι-

2000 923 2124 977 στὸν
2148 926 2474 997 πράγμασιν
2495 945 2510 992 ;
2551 930 2773 1000 Ἐπειδὴ
2802 932 2911 1002 γὰρ
2932 932 3086 984 αὐτοὶ
3111 932 3212 1001 μὲν
3241 931 3536 986 ἐτύπτοντο
3553 945 3577 974 ο

1998 1007 2092 1061 καὶ
2141 1010 2578 1081 κατεφρονοῦντο
2628 1014 2723 1066 καὶ
2770 1014 3102 1082 ἡτιμάζοντο
3150 1017 3242 1068 καὶ
3266 1016 3417 1069 οὐδὲν
3443 1014 3582 1070 εἶναι

1998 1089 2312 1160 ἐνομίζοντο
2336 1131 2352 1156 ,
2387 1095 2587 1147 ἐκεῖνοι
2641 1095 2696 1147 δὲ
2745 1097 2915 1166 τιμῆς
2963 1097 3258 1161 ἀπέλαυον,
3298 1100 3392 1151 καὶ
3428 1099 3583 1166 σοφοί

1996 1189 2141 1236 τινες
2186 1176 2281 1227 καὶ
2314 1178 2526 1229 συνετοὶ
2574 1179 2728 1248 παρά
2785 1179 3000 1242 πολλοῖς
3055 1180 3462 1246 ὐπωπτεύοντο,
3493 1181 3584 1234 διά

1997 1257 2157 1310 τοῦτο
2186 1257 2357 1313 ταῦτά
2386 1277 2575 1331 φησιν,
2605 1263 2687 1314 ὅτι
2729 1262 2853 1325 Πῶς
2879 1263 2957 1315 ἐνι
2983 1264 3109 1326 τούς
3141 1263 3208 1315 τά
3229 1263 3451 1316 τοιαῦτα
3482 1281 3584 1334 κη-

1999 1339 2317 1413 ρύττοντας,
2357 1342 2452 1396 ἐπὶ
2479 1346 2592 1408 τοῖς
2641 1345 2908 1408 ἐναντίοις
2952 1346 3359 1400 ὑποπτεύεσθαι
3409 1344 3579 1414 εῐναι;

2008 1422 2199 1491 Ἡμεῖς
2253 1424 2564 1491 ἀσθενεῖς,
2609 1427 2782 1496 ὑμεῖς
2828 1427 2897 1480 δὲ
2951 1431 3210 1497 ισχιφοί.
3267 1429 3578 1497 Τουτέστιν,

2011 1506 2201 1575 Ἡμεῖς
2247 1509 2625 1579 ἐλαυνόμεθα,
2660 1510 2971 1581 διωκόμεθα
2997 1529 3013 1544 ο
3077 1514 3235 1582 ὑμεῖς
3285 1512 3344 1565 δέ
3390 1513 3579 1578 ἀδείας

1997 1587 2298 1644 ἀπολαύετε
2348 1593 2443 1645 καὶ
2491 1591 2786 1664 θεραπείας
2818 1593 3042 1664 πολλῆς.
3085 1595 3226 1647 Ἀλλ’
3258 1596 3358 1649 οὐκ
3386 1595 3579 1665 ἀνέχε-

1996 1681 2085 1724 ται
2121 1671 2216 1726 τοῦ
2244 1674 2602 1744 κηρύγματος
2635 1677 2668 1744 ἡ
2703 1676 2885 1745 φύσις.
2929 1676 3129 1745 Ἡμεῖς
3149 1675 3364 1747 ἄτιμοι,
3408 1676 3580 1747 ὑμεῖς

1995 1753 2064 1806 δὲ
2085 1754 2347 1820 ἔνδοξοι.
2399 1757 2665 1812 Ἐνταῦθα
2693 1759 2832 1831 πρὸς
2858 1761 2985 1823 τούς
3015 1761 3256 1829 εὐγενεῖς
3301 1762 3580 1816 ἀποτείνε-

1995 1854 2085 1890 ται
2112 1838 2209 1892 καὶ
2250 1839 2392 1909 μέγα
2422 1840 2755 1911 φρονοῦντας
2784 1842 2878 1894 ἐπὶ
2900 1845 3012 1905 τοῖς
3031 1842 3252 1907 ἔξωθεν.
3281 1845 3452 1913 Ἀχρι
3467 1841 3580 1911 τῆς

1996 1921 2127 1988 ἄρτι
2157 1921 2313 1991 ὥρας
2331 1923 2430 1976 καί
2467 1922 2762 1993 πεινῶμεν
2794 1924 2890 1978 καὶ
2909 1923 3195 1993 διψῶμεν,
3223 1927 3319 1980 καὶ
3350 1943 3578 1996 γυμνη-

1997 2005 2268 2072 τεύομεν,
2300 2005 2399 2058 καὶ
2432 2005 2887 2076 κολαφιζόμεθα,
2919 2007 3015 2060 καί
3043 2008 3446 2077 ἀστατοῦμεν,
3480 2007 3578 2062 καί

1998 2087 2300 2158 κοπιῶμεν
2329 2089 2704 2159 ἐργαζόμενοι
2753 2089 2884 2157 ταῖς
2938 2090 3115 2155 ἰδίαις
3163 2093 3358 2160 χερσί.
3414 2093 3580 2147 Τουτ-

1999 2172 2178 2238 έστιν,
2211 2173 2288 2226 Οὐ
2327 2173 2536 2227 παλαιά
2571 2174 2864 2244 διηγοῦμαι
2899 2174 3236 2244 πράγματα,
3274 2174 3391 2227 ἀλλ’
3434 2175 3582 2249 άπερ

1999 2255 2092 2308 καὶ
2115 2256 2144 2307 6
2173 2255 2364 2325 παρών
2396 2273 2486 2326 μοι
2522 2257 2712 2328 καιρὸς
2747 2259 3036 2329 μαρτυρεῖ.
3079 2257 3202 2310 Τῶν
3224 2257 3333 2328 γὰρ
3370 2257 3584 2330 ἀνθρω-

1998 2337 2170 2390 πίνων
2198 2341 2333 2409 ήμῖν
2383 2338 2541 2406 λόγος
2568 2339 2749 2402 οὐδεὶς
2781 2339 2902 2392 οὐδέ
2961 2341 3062 2409 τῆς
3107 2340 3307 2406 ἔξωθεν
3343 2359 3584 2412 περιφα-

1998 2422 2164 2487 νείας,
2199 2422 2335 2475 ἀλλά
2361 2421 2496 2493 πρὸς
2524 2423 2614 2475 τὸν
2639 2422 2771 2476 Θεὸν
2793 2423 3093 2495 ἀφορῶμεν
3125 2425 3314 2495 μόνον·
3345 2427 3375 2478 6
3398 2425 3464 2497 δὴ
3488 2427 3582 2480 καὶ

1999 2506 2146 2575 ἡμᾶς
2178 2506 2440 2575 πράττειν
2476 2506 2751 2576 πανταχοῦ
2774 2507 3094 2575 ἀναγκαῖον.
3126 2509 3202 2562 Οὐ
3240 2509 3350 2580 γὰρ
3375 2509 3441 2580 δὴ
3482 2511 3583 2579 ἀγ-

2001 2589 2149 2655 γελοι
2190 2587 2460 2659 θεωροῦσι
2486 2589 2669 2658 μόνον,
2701 2589 2837 2643 ἀλλά
2871 2591 2966 2643 καὶ
2998 2591 3106 2662 πρὸ
3127 2593 3352 2646 ἐκείνων
3379 2593 3408 2645 6
3434 2594 3582 2663 ἀγω-

1999 2671 2241 2742 νοθέτης.
2267 2671 2359 2742 Μὴ
2387 2672 2566 2725 τοίνυν
2590 2673 2794 2740 ἐτέρων
2813 2674 3049 2744 δεόμεθα
3069 2677 3391 2730 ἐπαινετῶν.
3412 2677 3584 2732 Τοῦτο

1998 2755 2108 2827 γὰρ
2143 2756 2350 2808 ἐκεῖνόν
2394 2758 2543 2808 ἐστιν
2590 2756 2844 2826 ὐῦρίσαι,
2886 2757 3016 2810 ὅταν
3068 2759 3143 2821 ὡς
3175 2759 3274 2811 οὐκ
3306 2761 3583 2830 ἀρκοῦντα

1998 2838 2135 2908 πρὸς
2151 2838 2213 2890 τὸ
2229 2837 2506 2907 θαυμάσαι
2526 2838 2986 2908 παρατρέχοντες,
3018 2840 3110 2892 ἐπὶ
3138 2840 3264 2903 τούς
3279 2840 3434 2914 μοι]
3459 2861 3584 2896 συν-

1998 2920 2218 2984 δούλους
2247 2919 2588 2990 σπεύδωμεν.
2629 2921 2897 2993 Καθάπερ
2926 2921 3036 2993 γάρ
3058 2924 3106 2975 οί
3141 2924 3200 2976 ἐν
3245 2924 3426 2994 μικρῷ
3456 2925 3582 2980 θεά-

1999 3022 2111 3076 τρῳ
2142 3005 2538 3074 ἀγωνιζόμενοι
2571 3003 2714 3074 μέγα
2743 3003 3021 3074 ζητοῦσιν,
3053 3005 3129 3069 ὡς
3159 3007 3258 3060 οὐκ
3287 3007 3584 3078 ἀρκοῦντος

1999 3090 2183 3152 αὐτοῖς
2229 3087 2366 3159 πρὸς
2416 3086 2676 3153 ἐπίδειξιν
2725 3086 2751 3126 ἀ
2790 3087 3002 3142 ἐκείνου
3029 3106 3043 3119 '
3099 3090 3242 3144 οὕτω
3294 3092 3386 3144 καὶ
3439 3095 3488 3145 οἱ
3523 3094 3582 3147 ἐν

1997 3171 2296 3242 ὀφθαλμοῖς
2337 3169 2431 3222 τοῦ
2475 3169 2611 3223 Θεοῦ
2655 3169 3087 3241 ἀγωνιζόμενοι,
3139 3170 3258 3227 εἶτα
3296 3173 3396 3245 τὴν
3430 3179 3584 3246 παρὰ

1999 3255 2306 3326 ἀνθρώποις
2336 3252 2625 3324 ζητοῦντες
2649 3255 2946 3326 εὐφημίαν,
2969 3256 3068 3328 τὴν
3098 3257 3319 3328 μείζονα
3355 3259 3584 3329 ἀφέντες

2003 3339 2094 3391 καὶ
2127 3338 2226 3408 τῆς
2259 3337 2540 3400 ἐλάττονος
2592 3339 2891 3409 ἐφιέμενοι,
2924 3341 3165 3410 μεγάλην
3217 3341 3427 3406 ἑαυτοῖς
3458 3345 3584 3396 ἐπι-

2001 3421 2246 3473 σπῶνται
2285 3419 2530 3473 κόλασιν.
2555 3420 2729 3473 Τοῦτο
2757 3421 2886 3487 γοῦν
2925 3422 3037 3475 ἄνω
3069 3426 3162 3477 καὶ
3211 3426 3362 3478 κάτω
3403 3426 3582 3479 πάντα

2000 3505 2294 3572 πεποίηκε,
2318 3502 2476 3555 τοῦτο
2505 3503 2837 3573 συνετάραξε
2859 3505 2958 3574 τὴν
2989 3509 3315 3576 οἰκουμένην
3340 3509 3581 3571 άπασαν,

1999 3589 2082 3642 ὅτι
2128 3587 2265 3658 πρὸς
2295 3583 2618 3654 ἀνθρώπους
2665 3583 2956 3652 βλέποντες
2991 3589 3206 3640 ἅπαντα
3245 3589 3580 3659 πράττομεν,

1999 3673 2104 3724 κάν
2134 3671 2246 3731 τοῖς
2275 3667 2499 3734 ἀγαθοῖς
2521 3666 2671 3718 οὐδὲν
2700 3665 2980 3736 ἡγούμεθα
3020 3669 3082 3720 τὸ
3127 3670 3218 3722 τὸν
3269 3669 3402 3724 Θεὸν
3437 3671 3582 3741 ἐχειν

2001 3749 2344 3824 θαυμαστὴν,
2375 3747 2493 3802 ἀλλ’
2526 3747 2897 3819 ἐπιζητοῦμεν
2925 3751 3024 3821 τὴν
3050 3753 3201 3822 παρὰ
3223 3757 3333 3818 τοῖς
3355 3756 3582 3824 ὁμοδού-

2000 3838 2112 3899 λοις
2139 3832 2515 3903 εὐδοκίμησιν·
2549 3833 2648 3883 κάν
2666 3833 2778 3894 τοῖς
2804 3835 3069 3898 ἐναντίοις
3102 3837 3264 3890 πάλιν
3295 3837 3461 3891 αὐτοῦ
3484 3857 3582 3893 κα-

1999 3919 2442 3991 ταφρονήσαντες
2471 3956 2485 3980 ,
2529 3915 2851 3986 ἀνθρώπους
2892 3917 3234 3990 δεδοίκαμεν.
3279 3923 3473 3976 Καίτοι
3516 3941 3582 3993 γε

2000 4003 2155 4059 αὐτοὶ
2188 3998 2306 4073 μεθ’
2331 4000 2488 4070 ήμῶν
2525 3998 2812 4069 στήσονται
2837 4002 2928 4055 ἐπὶ
2958 4002 3050 4055 τοῦ
3072 4003 3315 4074 βήματος
3345 4008 3579 4073 ἐκείνου,

1998 4089 2151 4144 οὐδὲν
2169 4087 2316 4158 ἡμᾶς
2338 4084 2676 4155 ὠφελοῦντες
2692 4103 2704 4115 ⁸
2739 4087 2766 4138 6
2782 4087 2838 4139 δὲ
2859 4087 3010 4154 Θεὸς,
3036 4085 3097 4143 οὐ
3126 4091 3580 4162 καταφρονοῦμεν

2000 4173 2115 4237 νῦν,
2148 4171 2311 4234 αὐτὸς
2355 4171 2492 4223 οίσει
2532 4171 2631 4241 τῆν
2659 4170 2840 4241 ψῆφον
2881 4173 3032 4243 ἡμῖν.
3083 4175 3222 4227 Ἀλλ’
3258 4178 3441 4246 ὅμως,
3486 4179 3580 4231 καὶ

1998 4256 2169 4310 ταῦτα
2205 4255 2427 4319 ειδότες,
2458 4255 2594 4325 πρὸς
2616 4254 2937 4324 ἀνθρώπους
2965 4257 3045 4310 ἐτι
3079 4260 3407 4329 κεχήναμεν,
3443 4261 3580 4330 ὅπερ

2000 4341 2146 4394 ἐστὶν
2162 4339 2466 4409 ἁμάρτημα
2490 4338 2723 4409 πρῶτον.
2756 4341 2864 4392 Kal
2885 4340 3173 4410 ἀνθρώπου
3199 4341 3298 4410 μὲν
3320 4342 3577 4412 ὁρῶντος,

1999 4424 2100 4476 οὐκ
2129 4423 2193 4476 ἄν
2215 4439 2299 4484 τις
2324 4421 2500 4473 ἐλοιτο
2535 4422 2840 4491 πορνεύειν,
2862 4422 2999 4474 ἀλλὰ
3025 4423 3127 4474 κᾶν
3163 4425 3422 4493 μυριάκις
3452 4426 3580 4494 φλέ-

2000 4522 2167 4576 γηται
2189 4503 2267 4573 τῷ
2295 4501 2470 4572 κακῷ,
2497 4505 2713 4555 νικᾶται
2741 4503 2835 4556 τοῦ
2871 4505 3077 4567 πάθους
3115 4507 3146 4576 η
3187 4509 3440 4577 τυραννὶς
3475 4509 3580 4562 ὐπὸ

2001 4589 2100 4658 τῆς
2126 4586 2236 4640 τῶν
2285 4585 2588 4656 ἀνθρώπων
2642 4586 2861 4650 αίδοῦς·
2894 4586 2988 4639 τοῦ
3037 4586 3172 4641 Θεοῦ
3225 4589 3282 4642 δὲ
3310 4590 3578 4660 ὁρῶντος,

2001 4670 2122 4741 οὐχὶ
2163 4667 2506 4741 μοιχεύουσιν
2547 4668 2669 4722 οὐδὲ
2715 4670 3039 4742 πορνεύουσι
3077 4672 3258 4740 μόνον,
3302 4673 3440 4727 ἀλλὰ
3485 4677 3580 4728 καὶ

2000 4755 2166 4826 ἐτερα
2204 4753 2382 4824 πολλῷ
2430 4753 2789 4825 χαλεπώτερα
2834 4753 3021 4807 πολλοὶ
3064 4755 3434 4828 τετολμήκασι
3485 4761 3580 4814 καὶ

2000 4838 2262 4909 τολμῶσι.
2294 4836 2465 4890 Τοῦτο
2497 4833 2589 4890 οὖν
2619 4838 2780 4908 μόνον
2812 4839 2909 4908 οὐχ
2954 4838 3138 4892 ἱκανὸν
3176 4842 3404 4912 μυρίους
3436 4844 3577 4898 ἀνω-

2003 4921 2094 4975 θεν
2128 4922 2406 4992 σκηπτούς
2450 4923 2839 4990 κατενεγκείν;
2893 4923 3003 4976 Καὶ
3046 4925 3100 4977 τί
3135 4924 3278 4990 λέγω
3333 4929 3580 4998 μοιχείας

2001 5006 2096 5060 καὶ
2128 5004 2386 5077 πορνείας
2413 5020 2426 5068 ;
2454 5004 2533 5056 Τὰ
2555 5003 2663 5074 γὰρ
2688 5005 2870 5076 πολλῷ
2891 5006 3100 5060 τούτων
3136 5007 3344 5060 ἐλάττω
3365 5010 3458 5061 ἐπὶ
3480 5010 3580 5080 μὲν

2000 5087 2306 5156 ἀνθρώπων
2341 5084 2659 5156 δεδοίκαμεν
2691 5090 3025 5157 πράττοντες
3048 5107 3060 5121 ·
3087 5090 3222 5142 Θεοῦ
3243 5091 3298 5142 δέ
3320 5092 3577 5163 ὁρῶντος,

2000 5171 2206 5227 οὐκέτι.
2235 5169 2334 5222 Διά
2362 5168 2425 5239 δὴ
2463 5168 2619 5222 τοῦτο
2659 5171 2838 5224 πάντα
2870 5172 3066 5243 ἐτέχθη
3111 5173 3177 5225 τὰ
3201 5175 3375 5239 κακὰ,
3411 5175 3492 5229 ὅτι
3521 5179 3579 5231 ἐν

2001 5255 2114 5317 τοῖς
2147 5254 2316 5317 ὅντως
2360 5264 2383 5291 ε
2419 5256 2608 5315 κακοῖς
2637 5253 2699 5305 οὐ
2733 5254 2824 5306 τὸν
2854 5253 3008 5318 Θεὸν,
3041 5255 3178 5309 ἀλλὰ
3211 5259 3337 5321 τοὺς
3369 5260 3578 5331 ἀνθρὼ-

2001 5355 2136 5400 πους
2163 5337 2484 5407 αἰδούμεθα.
2525 5338 2622 5390 Διά
2651 5354 2732 5389 τοι
2763 5337 2924 5391 τοῦτο
2953 5339 3046 5392 καὶ
3077 5341 3144 5394 τὰ
3175 5341 3342 5406 ὅντως
3371 5346 3573 5413 ἀγαθὰ,

2001 5422 2060 5475 οὐ
2096 5421 2354 5474 δοκοῦντα
2409 5416 2548 5473 εἶναι
2597 5422 2823 5476 τοιαῦτα
2858 5426 2970 5488 τοῖς
3010 5426 3243 5491 πολλοῖς,
3277 5428 3572 5498 φεύγομεν,

2000 5507 2060 5559 οὐ
2083 5505 2181 5576 τὴν
2204 5506 2310 5558 τῶν
2333 5505 2672 5575 πραγμάτων
2697 5506 3041 5573 ἐξετάζοντες
3067 5511 3251 5581 φύσιν,
3281 5513 3414 5566 ἀλλά
3442 5513 3575 5580 πρὸς

1999 5588 2100 5660 τὴν
2136 5587 2293 5652 δόξαν
2323 5587 2428 5641 τῶν
2459 5589 2666 5644 πολλῶν
2695 5593 3112 5657 ἀποϐλέποντες.

2072 5670 2137 5723 δ’.
2156 5670 2265 5723 Kal
2287 5671 2501 5726 ἐπὶτῶν
2527 5674 2713 5728 κακῶν
2731 5676 2792 5727 τὸ
2812 5677 2942 5729 αὐτὸ
2968 5676 3124 5730 τοῦτο
3145 5677 3444 5744 πάσχοντες
3466 5673 3572 5726 πά-

2065 5805 2088 5861 ς
2116 5795 2186 5844 Ita
2207 5795 2330 5858 Reg.
2359 5797 2488 5861 Edjli
2512 5812 2648 5850 vero.
2675 5800 2833 5855 ἐπειδή
2860 5801 2948 5861 γὰρ
2971 5801 3100 5848 ἐτύπ.
3166 5797 3192 5836 d
3217 5797 3296 5861 Sic
3319 5796 3443 5861 Reg.
3475 5796 3577 5861 Μο-

1999 5859 2094 5928 τςι.
2133 5872 2268 5922 vero,
2291 5857 2554 5922 ἀρκοῦντος
2592 5861 2705 5922 πρὸς
2747 5857 2975 5915 ἐπίδειξίν.
3072 5874 3094 5900 e
3117 5858 3376 5922 Legcbatur
3398 5857 3445 5904 ἐν
3478 5860 3576 5912 τοῖς

2004 5935 2147 5968 ουτω.
