  <div class='ocr_page' id='page_1' title='image "/cluster/home/n/w/nwhite01/storage/ocr_20150623/61/mdp.39015008622618/107.png"; bbox 0 0 3986 6202; ppageno 0'>
   <div class='ocr_carea' id='block_1_1' title="bbox 409 337 1993 410">
    <p class='ocr_par' dir='ltr' id='par_1_1' title="bbox 409 337 1993 410">
     <span class='ocr_line' id='line_1_1' title="bbox 409 337 1993 410; baseline -0.001 -13"><span class='ocrx_word' id='word_1_1' title='bbox 409 345 513 409; x_wconf 89' lang='grc' dir='ltr'>λιν,</span> <span class='ocrx_word' id='word_1_2' title='bbox 540 342 641 397; x_wconf 87' lang='lat'><strong>001:</strong></span> <span class='ocrx_word' id='word_1_3' title='bbox 668 340 796 397; x_wconf 82' lang='lat' dir='ltr'><strong>6v:0</strong></span> <span class='ocrx_word' id='word_1_4' title='bbox 813 337 905 396; x_wconf 81' lang='lat' dir='ltr'><strong>00v</strong></span> <span class='ocrx_word' id='word_1_5' title='bbox 926 359 1048 396; x_wconf 88' lang='grc' dir='ltr'>τινα</span> <span class='ocrx_word' id='word_1_6' title='bbox 1075 342 1256 410; x_wconf 84' lang='grc' dir='ltr'>ἀγαθά</span> <span class='ocrx_word' id='word_1_7' title='bbox 1281 343 1375 395; x_wconf 89' lang='lat'><strong>1:01</strong></span> <span class='ocrx_word' id='word_1_8' title='bbox 1395 341 1538 396; x_wconf 88' lang='grc' dir='ltr'>καλά</span> <span class='ocrx_word' id='word_1_9' title='bbox 1562 337 1702 396; x_wconf 80' lang='grc' dir='ltr'>εἶναι</span> <span class='ocrx_word' id='word_1_10' title='bbox 1731 341 1993 396; x_wconf 81' lang='grc' dir='ltr'>δοκοῦντα</span> 
     </span>
    </p>
   </div>
   <div class='ocr_carea' id='block_1_2' title="bbox 409 424 1992 494">
    <p class='ocr_par' dir='ltr' id='par_1_2' title="bbox 409 424 1992 494">
     <span class='ocr_line' id='line_1_2' title="bbox 409 424 1992 494; baseline -0.003 -14"><span class='ocrx_word' id='word_1_11' title='bbox 409 427 524 487; x_wconf 60' lang='lat'><strong>:01;</strong></span> <span class='ocrx_word' id='word_1_12' title='bbox 564 426 798 488; x_wconf 83' lang='grc' dir='ltr'>πολλοῖς,</span> <span class='ocrx_word' id='word_1_13' title='bbox 846 425 924 487; x_wconf 84' lang='grc' dir='ltr'>ὡς</span> <span class='ocrx_word' id='word_1_14' title='bbox 971 424 1151 492; x_wconf 87' lang='grc' dir='ltr'>ἀγαθά</span> <span class='ocrx_word' id='word_1_15' title='bbox 1201 425 1312 476; x_wconf 87' lang='grc' dir='ltr'>ἀπὸ</span> <span class='ocrx_word' id='word_1_16' title='bbox 1360 425 1459 494; x_wconf 89' lang='grc' dir='ltr'>τῆς</span> <span class='ocrx_word' id='word_1_17' title='bbox 1492 426 1661 494; x_wconf 80' lang='grc' dir='ltr'>αὐτῆς</span> <span class='ocrx_word' id='word_1_18' title='bbox 1702 424 1992 494; x_wconf 80' lang='grc' dir='ltr'>συνηθείας</span> 
     </span>
    </p>
   </div>
   <div class='ocr_carea' id='block_1_3' title="bbox 412 505 1992 578">
    <p class='ocr_par' dir='ltr' id='par_1_3' title="bbox 412 505 1992 578">
     <span class='ocr_line' id='line_1_3' title="bbox 412 505 1992 578; baseline -0.003 -17"><span class='ocrx_word' id='word_1_19' title='bbox 412 509 700 578; x_wconf 72' lang='grc' dir='ltr'>διώκομενο</span> <span class='ocrx_word' id='word_1_20' title='bbox 722 507 861 560; x_wconf 81' lang='grc' dir='ltr'>ὥστε</span> <span class='ocrx_word' id='word_1_21' title='bbox 884 507 1222 578; x_wconf 79' lang='grc' dir='ltr'>ἑκατέρωθεν</span> <span class='ocrx_word' id='word_1_22' title='bbox 1246 506 1583 576; x_wconf 86' lang='grc' dir='ltr'>φθείρεσθαι.</span> <span class='ocrx_word' id='word_1_23' title='bbox 1605 508 1646 559; x_wconf 86' lang='grc' dir='ltr'>Τ</span> <span class='ocrx_word' id='word_1_24' title='bbox 1650 507 1756 576; x_wconf 90' lang='grc' dir='ltr'>άχα</span> <span class='ocrx_word' id='word_1_25' title='bbox 1776 505 1992 567; x_wconf 77' lang='grc' dir='ltr'>πολλοῖς</span> 
     </span>
    </p>
   </div>
   <div class='ocr_carea' id='block_1_4' title="bbox 413 587 1992 661">
    <p class='ocr_par' dir='ltr' id='par_1_4' title="bbox 413 587 1992 661">
     <span class='ocr_line' id='line_1_4' title="bbox 413 587 1992 661; baseline -0.003 -16"><span class='ocrx_word' id='word_1_26' title='bbox 413 593 788 661; x_wconf 75' lang='grc' dir='ltr'>ἀσαφέστερον</span> <span class='ocrx_word' id='word_1_27' title='bbox 832 587 972 643; x_wconf 81' lang='grc' dir='ltr'>εἶναι</span> <span class='ocrx_word' id='word_1_28' title='bbox 1015 590 1162 642; x_wconf 90' lang='grc' dir='ltr'>δοκεῖ</span> <span class='ocrx_word' id='word_1_29' title='bbox 1194 591 1254 643; x_wconf 89' lang='grc' dir='ltr'>τὸ</span> <span class='ocrx_word' id='word_1_30' title='bbox 1281 589 1470 660; x_wconf 87' lang='grc' dir='ltr'>λεχθέν</span> <span class='ocrx_word' id='word_1_31' title='bbox 1491 608 1504 621; x_wconf 79' lang='grc' dir='ltr'><strong>ο</strong></span> <span class='ocrx_word' id='word_1_32' title='bbox 1539 589 1738 644; x_wconf 87' lang='grc' dir='ltr'>ούκοῦν</span> <span class='ocrx_word' id='word_1_33' title='bbox 1775 589 1992 657; x_wconf 82' lang='grc' dir='ltr'>ἀνάγκη</span> 
     </span>
    </p>
   </div>
   <div class='ocr_carea' id='block_1_5' title="bbox 414 671 1994 743">
    <p class='ocr_par' dir='ltr' id='par_1_5' title="bbox 414 671 1994 743">
     <span class='ocr_line' id='line_1_5' title="bbox 414 671 1994 743; baseline -0.003 -14"><span class='ocrx_word' id='word_1_34' title='bbox 414 677 548 729; x_wconf 74' lang='grc' dir='ltr'>αὐτὸ</span> <span class='ocrx_word' id='word_1_35' title='bbox 581 673 910 742; x_wconf 85' lang='grc' dir='ltr'>σαφέστερον</span> <span class='ocrx_word' id='word_1_36' title='bbox 939 674 1135 726; x_wconf 84' lang='grc' dir='ltr'>εἰπεῖν.</span> <span class='ocrx_word' id='word_1_37' title='bbox 1171 675 1338 726; x_wconf 88' lang='grc' dir='ltr'>Ὅταν</span> <span class='ocrx_word' id='word_1_38' title='bbox 1367 673 1721 743; x_wconf 89' lang='grc' dir='ltr'>πορνεύωμεν</span> <span class='ocrx_word' id='word_1_39' title='bbox 1753 672 1856 742; x_wconf 90' lang='grc' dir='ltr'>(δεῖ</span> <span class='ocrx_word' id='word_1_40' title='bbox 1884 671 1994 742; x_wconf 81' lang='grc' dir='ltr'>γὰρ</span> 
     </span>
    </p>
   </div>
   <div class='ocr_carea' id='block_1_6' title="bbox 414 754 1993 826">
    <p class='ocr_par' dir='ltr' id='par_1_6' title="bbox 414 754 1993 826">
     <span class='ocr_line' id='line_1_6' title="bbox 414 754 1993 826; baseline -0.001 -16"><span class='ocrx_word' id='word_1_41' title='bbox 414 758 520 810; x_wconf 86' lang='grc' dir='ltr'>ἀπὸ</span> <span class='ocrx_word' id='word_1_42' title='bbox 540 756 646 810; x_wconf 88' lang='grc' dir='ltr'>τῶν</span> <span class='ocrx_word' id='word_1_43' title='bbox 667 757 974 826; x_wconf 76' lang='grc' dir='ltr'>εἰρημένων</span> <span class='ocrx_word' id='word_1_44' title='bbox 989 756 1303 826; x_wconf 80' lang='grc' dir='ltr'>ἄρξασθαι),</span> <span class='ocrx_word' id='word_1_45' title='bbox 1326 755 1649 826; x_wconf 83' lang='grc' dir='ltr'>ἀνθρώπους</span> <span class='ocrx_word' id='word_1_46' title='bbox 1678 754 1993 825; x_wconf 85' lang='grc' dir='ltr'>φοϐούμεθα</span> 
     </span>
    </p>
   </div>
   <div class='ocr_carea' id='block_1_7' title="bbox 417 834 1996 909">
    <p class='ocr_par' dir='ltr' id='par_1_7' title="bbox 417 834 1996 909">
     <span class='ocr_line' id='line_1_7' title="bbox 417 834 1996 909; baseline -0.001 -17"><span class='ocrx_word' id='word_1_47' title='bbox 417 839 635 909; x_wconf 79' lang='grc' dir='ltr'>μᾶλλον,</span> <span class='ocrx_word' id='word_1_48' title='bbox 673 839 704 909; x_wconf 80' lang='grc' dir='ltr'><strong>ἦ</strong></span> <span class='ocrx_word' id='word_1_49' title='bbox 736 839 827 890; x_wconf 83' lang='grc' dir='ltr'>τὸν</span> <span class='ocrx_word' id='word_1_50' title='bbox 855 838 1012 893; x_wconf 84' lang='grc' dir='ltr'>Θεόν.</span> <span class='ocrx_word' id='word_1_51' title='bbox 1044 839 1194 891; x_wconf 79' lang='grc' dir='ltr'>Ἐπεὶ</span> <span class='ocrx_word' id='word_1_52' title='bbox 1217 834 1309 892; x_wconf 84' lang='lat' dir='ltr'><strong>00v</strong></span> <span class='ocrx_word' id='word_1_53' title='bbox 1329 837 1500 901; x_wconf 79' lang='grc' dir='ltr'>οὕτως</span> <span class='ocrx_word' id='word_1_54' title='bbox 1532 839 1758 901; x_wconf 83' lang='grc' dir='ltr'>ἐαυτοὺς</span> <span class='ocrx_word' id='word_1_55' title='bbox 1790 836 1996 909; x_wconf 83' lang='grc' dir='ltr'>ὑπεθή-</span> 
     </span>
    </p>
   </div>
   <div class='ocr_carea' id='block_1_8' title="bbox 414 921 1994 993">
    <p class='ocr_par' dir='ltr' id='par_1_8' title="bbox 414 921 1994 993">
     <span class='ocr_line' id='line_1_8' title="bbox 414 921 1994 993; baseline 0.001 -20"><span class='ocrx_word' id='word_1_56' title='bbox 414 939 588 992; x_wconf 86' lang='grc' dir='ltr'>καμεν</span> <span class='ocrx_word' id='word_1_57' title='bbox 613 922 862 983; x_wconf 84' lang='grc' dir='ltr'>ἐκείνοις,</span> <span class='ocrx_word' id='word_1_58' title='bbox 897 923 991 974; x_wconf 75' lang='grc' dir='ltr'>καὶ</span> <span class='ocrx_word' id='word_1_59' title='bbox 1015 921 1288 986; x_wconf 81' lang='grc' dir='ltr'>δεσπότας</span> <span class='ocrx_word' id='word_1_60' title='bbox 1316 922 1474 993; x_wconf 88' lang='grc' dir='ltr'>ήμῶν</span> <span class='ocrx_word' id='word_1_61' title='bbox 1507 923 1706 985; x_wconf 78' lang='lat'><strong>00:00;</strong></span> <span class='ocrx_word' id='word_1_62' title='bbox 1735 923 1994 992; x_wconf 87' lang='grc' dir='ltr'>ἐποιήσα-</span> 
     </span>
    </p>
   </div>
   <div class='ocr_carea' id='block_1_9' title="bbox 417 1003 1994 1074">
    <p class='ocr_par' dir='ltr' id='par_1_9' title="bbox 417 1003 1994 1074">
     <span class='ocr_line' id='line_1_9' title="bbox 417 1003 1994 1074; baseline 0.001 -18"><span class='ocrx_word' id='word_1_63' title='bbox 417 1021 537 1074; x_wconf 87' lang='grc' dir='ltr'>μεν,</span> <span class='ocrx_word' id='word_1_64' title='bbox 571 1003 740 1056; x_wconf 89' lang='grc' dir='ltr'>πολλά</span> <span class='ocrx_word' id='word_1_65' title='bbox 773 1003 830 1054; x_wconf 89' lang='grc' dir='ltr'>δέ</span> <span class='ocrx_word' id='word_1_66' title='bbox 857 1006 968 1066; x_wconf 86' lang='grc' dir='ltr'>τοῖς</span> <span class='ocrx_word' id='word_1_67' title='bbox 997 1003 1289 1066; x_wconf 81' lang='grc' dir='ltr'>δεσπόταις</span> <span class='ocrx_word' id='word_1_68' title='bbox 1319 1004 1532 1068; x_wconf 82' lang='grc' dir='ltr'>τούτοις</span> <span class='ocrx_word' id='word_1_69' title='bbox 1561 1006 1656 1058; x_wconf 85' lang='lat'><strong>1:01</strong></span> <span class='ocrx_word' id='word_1_70' title='bbox 1681 1003 1816 1056; x_wconf 84' lang='grc' dir='ltr'>ἀλλα</span> <span class='ocrx_word' id='word_1_71' title='bbox 1844 1003 1994 1058; x_wconf 88' lang='grc' dir='ltr'>δοκεί</span> 
     </span>
    </p>
   </div>
   <div class='ocr_carea' id='block_1_10' title="bbox 414 1084 1994 1156">
    <p class='ocr_par' dir='ltr' id='par_1_10' title="bbox 414 1084 1994 1156">
     <span class='ocr_line' id='line_1_10' title="bbox 414 1084 1994 1156; baseline 0 -16"><span class='ocrx_word' id='word_1_72' title='bbox 414 1084 553 1140; x_wconf 80' lang='grc' dir='ltr'>εἶναι</span> <span class='ocrx_word' id='word_1_73' title='bbox 589 1086 734 1140; x_wconf 86' lang='grc' dir='ltr'>κακά</span> <span class='ocrx_word' id='word_1_74' title='bbox 761 1087 861 1138; x_wconf 88' lang='lat'><strong>001:</strong></span> <span class='ocrx_word' id='word_1_75' title='bbox 886 1087 1015 1140; x_wconf 87' lang='lat' dir='ltr'><strong>6v:0</strong></span> <span class='ocrx_word' id='word_1_76' title='bbox 1049 1088 1218 1154; x_wconf 83' lang='grc' dir='ltr'>κακὰ,</span> <span class='ocrx_word' id='word_1_77' title='bbox 1255 1088 1481 1140; x_wconf 88' lang='grc' dir='ltr'>κάκεῖνα</span> <span class='ocrx_word' id='word_1_78' title='bbox 1519 1087 1792 1156; x_wconf 80' lang='grc' dir='ltr'>φεύγομεν</span> <span class='ocrx_word' id='word_1_79' title='bbox 1830 1086 1994 1140; x_wconf 90' lang='grc' dir='ltr'>πάλιν</span> 
     </span>
    </p>
   </div>
   <div class='ocr_carea' id='block_1_11' title="bbox 415 1163 1993 1240">
    <p class='ocr_par' dir='ltr' id='par_1_11' title="bbox 415 1163 1993 1240">
     <span class='ocr_line' id='line_1_11' title="bbox 415 1163 1993 1240; baseline -0.001 -19"><span class='ocrx_word' id='word_1_80' title='bbox 415 1170 638 1240; x_wconf 83' lang='grc' dir='ltr'>ὁμοίως.</span> <span class='ocrx_word' id='word_1_81' title='bbox 685 1164 808 1221; x_wconf 83' lang='grc' dir='ltr'>Οἷον</span> <span class='ocrx_word' id='word_1_82' title='bbox 850 1168 910 1221; x_wconf 89' lang='grc' dir='ltr'>τὸ</span> <span class='ocrx_word' id='word_1_83' title='bbox 953 1170 1010 1220; x_wconf 88' lang='grc' dir='ltr'>ἐν</span> <span class='ocrx_word' id='word_1_84' title='bbox 1048 1170 1210 1239; x_wconf 67' lang='grc' dir='ltr'>πενίᾳ.</span> <span class='ocrx_word' id='word_1_85' title='bbox 1255 1169 1355 1239; x_wconf 80' lang='grc' dir='ltr'>ζῇν</span> <span class='ocrx_word' id='word_1_86' title='bbox 1395 1167 1610 1230; x_wconf 81' lang='grc' dir='ltr'>πολλοῖς</span> <span class='ocrx_word' id='word_1_87' title='bbox 1659 1170 1808 1220; x_wconf 88' lang='grc' dir='ltr'>δοκεῖ</span> <span class='ocrx_word' id='word_1_88' title='bbox 1853 1163 1993 1223; x_wconf 76' lang='grc' dir='ltr'>εἷναι</span> 
     </span>
    </p>
   </div>
   <div class='ocr_carea' id='block_1_12' title="bbox 417 1252 1995 1321">
    <p class='ocr_par' dir='ltr' id='par_1_12' title="bbox 417 1252 1995 1321">
     <span class='ocr_line' id='line_1_12' title="bbox 417 1252 1995 1321; baseline -0.001 -15"><span class='ocrx_word' id='word_1_89' title='bbox 417 1252 639 1321; x_wconf 83' lang='grc' dir='ltr'>αἰσχρόν</span> <span class='ocrx_word' id='word_1_90' title='bbox 660 1268 672 1280; x_wconf 85' lang='grc'><em>’</em></span> <span class='ocrx_word' id='word_1_91' title='bbox 702 1252 795 1305; x_wconf 83' lang='grc' dir='ltr'>καὶ</span> <span class='ocrx_word' id='word_1_92' title='bbox 829 1252 1103 1321; x_wconf 78' lang='grc' dir='ltr'>φεύγομεν</span> <span class='ocrx_word' id='word_1_93' title='bbox 1135 1252 1233 1321; x_wconf 80' lang='grc' dir='ltr'>τὴν</span> <span class='ocrx_word' id='word_1_94' title='bbox 1261 1253 1473 1314; x_wconf 81' lang='grc' dir='ltr'>πενίαν,</span> <span class='ocrx_word' id='word_1_95' title='bbox 1503 1253 1605 1304; x_wconf 84' lang='lat'><strong>001:</strong></span> <span class='ocrx_word' id='word_1_96' title='bbox 1635 1252 1820 1311; x_wconf 89' lang='grc' dir='ltr'>ἐπειδή</span> <span class='ocrx_word' id='word_1_97' title='bbox 1847 1253 1995 1305; x_wconf 88' lang='grc' dir='ltr'>ἐστιν</span> 
     </span>
    </p>
   </div>
   <div class='ocr_carea' id='block_1_13' title="bbox 418 1333 1995 1406">
    <p class='ocr_par' dir='ltr' id='par_1_13' title="bbox 418 1333 1995 1406">
     <span class='ocr_line' id='line_1_13' title="bbox 418 1333 1995 1406; baseline 0.001 -19"><span class='ocrx_word' id='word_1_98' title='bbox 418 1335 661 1404; x_wconf 84' lang='grc' dir='ltr'>αἰσχρὸν,</span> <span class='ocrx_word' id='word_1_99' title='bbox 693 1335 812 1387; x_wconf 86' lang='grc' dir='ltr'>ούδέ</span> <span class='ocrx_word' id='word_1_100' title='bbox 847 1335 1034 1405; x_wconf 84' lang='grc' dir='ltr'>ἐπειδὴ</span> <span class='ocrx_word' id='word_1_101' title='bbox 1057 1333 1213 1387; x_wconf 86' lang='grc' dir='ltr'>τοῦτο</span> <span class='ocrx_word' id='word_1_102' title='bbox 1244 1335 1616 1406; x_wconf 78' lang='grc' dir='ltr'>πεπείσμεθα,</span> <span class='ocrx_word' id='word_1_103' title='bbox 1656 1335 1772 1388; x_wconf 87' lang='grc' dir='ltr'>ἀλλ’</span> <span class='ocrx_word' id='word_1_104' title='bbox 1808 1335 1995 1406; x_wconf 81' lang='grc' dir='ltr'>ἐπειδὴ</span> 
     </span>
    </p>
   </div>
   <div class='ocr_carea' id='block_1_14' title="bbox 418 1411 1998 1487">
    <p class='ocr_par' dir='ltr' id='par_1_14' title="bbox 418 1411 1998 1487">
     <span class='ocr_line' id='line_1_14' title="bbox 418 1411 1998 1487; baseline 0.001 -18"><span class='ocrx_word' id='word_1_105' title='bbox 418 1419 530 1479; x_wconf 90' lang='grc' dir='ltr'>τοῖς</span> <span class='ocrx_word' id='word_1_106' title='bbox 558 1416 849 1480; x_wconf 80' lang='grc' dir='ltr'>δεσπόταις</span> <span class='ocrx_word' id='word_1_107' title='bbox 887 1417 1046 1486; x_wconf 82' lang='grc' dir='ltr'>ήμῶν</span> <span class='ocrx_word' id='word_1_108' title='bbox 1080 1411 1394 1469; x_wconf 75' lang='grc' dir='ltr'>εἶναιδοκεῖ</span> <span class='ocrx_word' id='word_1_109' title='bbox 1427 1416 1584 1470; x_wconf 87' lang='grc' dir='ltr'>τοῦτο</span> <span class='ocrx_word' id='word_1_110' title='bbox 1615 1416 1863 1487; x_wconf 75' lang='grc' dir='ltr'>αἰσχρὸν,</span> <span class='ocrx_word' id='word_1_111' title='bbox 1897 1417 1998 1470; x_wconf 88' lang='grc' dir='ltr'>κά-</span> 
     </span>
    </p>
   </div>
   <div class='ocr_carea' id='block_1_15' title="bbox 421 1499 2000 1571">
    <p class='ocr_par' dir='ltr' id='par_1_15' title="bbox 421 1499 2000 1571">
     <span class='ocr_line' id='line_1_15' title="bbox 421 1499 2000 1571; baseline 0.001 -18"><span class='ocrx_word' id='word_1_112' title='bbox 421 1501 632 1563; x_wconf 83' lang='grc' dir='ltr'>κείνους</span> <span class='ocrx_word' id='word_1_113' title='bbox 655 1499 992 1570; x_wconf 88' lang='grc' dir='ltr'>δεδοίκαμεν.</span> <span class='ocrx_word' id='word_1_114' title='bbox 1026 1499 1196 1552; x_wconf 85' lang='grc' dir='ltr'>Πάλιν</span> <span class='ocrx_word' id='word_1_115' title='bbox 1219 1501 1280 1553; x_wconf 89' lang='grc' dir='ltr'>τὸ</span> <span class='ocrx_word' id='word_1_116' title='bbox 1313 1500 1680 1571; x_wconf 72' lang='grc' dir='ltr'>ἀτιμάζεσθαι</span> <span class='ocrx_word' id='word_1_117' title='bbox 1710 1502 1804 1554; x_wconf 89' lang='lat'><strong>1:01</strong></span> <span class='ocrx_word' id='word_1_118' title='bbox 1835 1503 2000 1554; x_wconf 82' lang='grc' dir='ltr'>εὐκα-</span> 
     </span>
    </p>
   </div>
   <div class='ocr_carea' id='block_1_16' title="bbox 421 1579 1999 1656">
    <p class='ocr_par' dir='ltr' id='par_1_16' title="bbox 421 1579 1999 1656">
     <span class='ocr_line' id='line_1_16' title="bbox 421 1579 1999 1656; baseline 0.001 -21"><span class='ocrx_word' id='word_1_119' title='bbox 421 1584 759 1656; x_wconf 82' lang='grc' dir='ltr'>ταφρόνητον</span> <span class='ocrx_word' id='word_1_120' title='bbox 794 1579 932 1636; x_wconf 80' lang='grc' dir='ltr'>εἶναι</span> <span class='ocrx_word' id='word_1_121' title='bbox 966 1584 1060 1636; x_wconf 81' lang='grc' dir='ltr'>καὶ</span> <span class='ocrx_word' id='word_1_122' title='bbox 1086 1584 1266 1653; x_wconf 80' lang='grc' dir='ltr'>πάσης</span> <span class='ocrx_word' id='word_1_123' title='bbox 1294 1584 1453 1647; x_wconf 83' lang='grc' dir='ltr'>ἐκτὸς</span> <span class='ocrx_word' id='word_1_124' title='bbox 1481 1584 1820 1647; x_wconf 87' lang='grc' dir='ltr'>δυναστείας,</span> <span class='ocrx_word' id='word_1_125' title='bbox 1850 1584 1999 1637; x_wconf 88' lang='grc' dir='ltr'>δοκεῖ</span> 
     </span>
    </p>
   </div>
   <div class='ocr_carea' id='block_1_17' title="bbox 420 1662 2000 1738">
    <p class='ocr_par' dir='ltr' id='par_1_17' title="bbox 420 1662 2000 1738">
     <span class='ocr_line' id='line_1_17' title="bbox 420 1662 2000 1738; baseline 0 -19"><span class='ocrx_word' id='word_1_126' title='bbox 420 1670 532 1730; x_wconf 82' lang='grc' dir='ltr'>τοῖς</span> <span class='ocrx_word' id='word_1_127' title='bbox 566 1667 778 1729; x_wconf 79' lang='grc' dir='ltr'>πολλοῖς</span> <span class='ocrx_word' id='word_1_128' title='bbox 809 1665 1008 1736; x_wconf 88' lang='grc' dir='ltr'>ὁμοίως</span> <span class='ocrx_word' id='word_1_129' title='bbox 1027 1662 1164 1720; x_wconf 78' lang='grc' dir='ltr'>εἶναι</span> <span class='ocrx_word' id='word_1_130' title='bbox 1193 1666 1452 1737; x_wconf 81' lang='grc' dir='ltr'>αἰσχύνης</span> <span class='ocrx_word' id='word_1_131' title='bbox 1481 1668 1681 1738; x_wconf 89' lang='grc' dir='ltr'>πολλῆς</span> <span class='ocrx_word' id='word_1_132' title='bbox 1719 1667 1813 1721; x_wconf 79' lang='grc' dir='ltr'>καὶ</span> <span class='ocrx_word' id='word_1_133' title='bbox 1845 1667 2000 1720; x_wconf 83' lang='grc' dir='ltr'>εὐτε-</span> 
     </span>
    </p>
   </div>
   <div class='ocr_carea' id='block_1_18' title="bbox 421 1749 2000 1819">
    <p class='ocr_par' dir='ltr' id='par_1_18' title="bbox 421 1749 2000 1819">
     <span class='ocr_line' id='line_1_18' title="bbox 421 1749 2000 1819; baseline -0.001 -16"><span class='ocrx_word' id='word_1_134' title='bbox 421 1751 589 1812; x_wconf 84' lang='grc' dir='ltr'>λείας.</span> <span class='ocrx_word' id='word_1_135' title='bbox 627 1749 798 1802; x_wconf 89' lang='grc' dir='ltr'>Τοῦτο</span> <span class='ocrx_word' id='word_1_136' title='bbox 831 1749 993 1802; x_wconf 88' lang='grc' dir='ltr'>πάλιν</span> <span class='ocrx_word' id='word_1_137' title='bbox 1021 1749 1315 1819; x_wconf 88' lang='grc' dir='ltr'>φεύγομεν,</span> <span class='ocrx_word' id='word_1_138' title='bbox 1339 1749 1460 1802; x_wconf 86' lang='grc' dir='ltr'>ούδέ</span> <span class='ocrx_word' id='word_1_139' title='bbox 1491 1750 1655 1802; x_wconf 87' lang='lat'><strong>00:00</strong></span> <span class='ocrx_word' id='word_1_140' title='bbox 1694 1749 2000 1818; x_wconf 78' lang='lat' dir='ltr'><strong>1:0:07:v:0-</strong></span> 
     </span>
    </p>
   </div>
   <div class='ocr_carea' id='block_1_19' title="bbox 424 1829 1996 1902">
    <p class='ocr_par' dir='ltr' id='par_1_19' title="bbox 424 1829 1996 1902">
     <span class='ocr_line' id='line_1_19' title="bbox 424 1829 1996 1902; baseline 0.001 -17"><span class='ocrx_word' id='word_1_141' title='bbox 424 1849 665 1896; x_wconf 87' lang='grc' dir='ltr'>σκοντες,</span> <span class='ocrx_word' id='word_1_142' title='bbox 703 1830 839 1884; x_wconf 86' lang='grc' dir='ltr'>ἀλλά</span> <span class='ocrx_word' id='word_1_143' title='bbox 872 1831 962 1884; x_wconf 78' lang='grc' dir='ltr'>διὰ</span> <span class='ocrx_word' id='word_1_144' title='bbox 1002 1831 1101 1902; x_wconf 87' lang='grc' dir='ltr'>τὴν</span> <span class='ocrx_word' id='word_1_145' title='bbox 1145 1831 1256 1885; x_wconf 91' lang='grc' dir='ltr'>τῶν</span> <span class='ocrx_word' id='word_1_146' title='bbox 1299 1829 1575 1885; x_wconf 78' lang='grc' dir='ltr'>δεσποτῶν</span> <span class='ocrx_word' id='word_1_147' title='bbox 1599 1831 1756 1901; x_wconf 83' lang='grc' dir='ltr'>ήμῶν</span> <span class='ocrx_word' id='word_1_148' title='bbox 1793 1831 1996 1902; x_wconf 87' lang='grc' dir='ltr'>ψῆφον.</span> 
     </span>
    </p>
   </div>
   <div class='ocr_carea' id='block_1_20' title="bbox 424 1912 2002 1985">
    <p class='ocr_par' dir='ltr' id='par_1_20' title="bbox 424 1912 2002 1985">
     <span class='ocr_line' id='line_1_20' title="bbox 424 1912 2002 1985; baseline 0.001 -18"><span class='ocrx_word' id='word_1_149' title='bbox 424 1915 593 1970; x_wconf 85' lang='grc' dir='ltr'>Πάλιν</span> <span class='ocrx_word' id='word_1_150' title='bbox 618 1916 712 1968; x_wconf 80' lang='grc' dir='ltr'>καὶ</span> <span class='ocrx_word' id='word_1_151' title='bbox 734 1915 796 1966; x_wconf 86' lang='grc' dir='ltr'>ἐκ</span> <span class='ocrx_word' id='word_1_152' title='bbox 822 1913 915 1967; x_wconf 91' lang='grc' dir='ltr'>τοῦ</span> <span class='ocrx_word' id='word_1_153' title='bbox 940 1914 1185 1966; x_wconf 78' lang='grc' dir='ltr'>ἐναντίου</span> <span class='ocrx_word' id='word_1_154' title='bbox 1208 1912 1308 1985; x_wconf 82' lang='grc' dir='ltr'>τὴν</span> <span class='ocrx_word' id='word_1_155' title='bbox 1335 1913 1503 1983; x_wconf 83' lang='grc' dir='ltr'>αὐτὴν</span> <span class='ocrx_word' id='word_1_156' title='bbox 1538 1914 1880 1984; x_wconf 79' lang='grc' dir='ltr'>ὑπομένομεν</span> <span class='ocrx_word' id='word_1_157' title='bbox 1909 1913 2002 1968; x_wconf 73' lang='grc' dir='ltr'>λύο</span> 
     </span>
    </p>
   </div>
   <div class='ocr_carea' id='block_1_21' title="bbox 425 1991 2001 2070">
    <p class='ocr_par' dir='ltr' id='par_1_21' title="bbox 425 1991 2001 2070">
     <span class='ocr_line' id='line_1_21' title="bbox 425 1991 2001 2070; baseline -0.001 -19"><span class='ocrx_word' id='word_1_158' title='bbox 425 2017 532 2070; x_wconf 86' lang='grc' dir='ltr'>μην</span> <span class='ocrx_word' id='word_1_159' title='bbox 551 2013 566 2027; x_wconf 82' lang='lat'><strong><em>°</em></strong></span> <span class='ocrx_word' id='word_1_160' title='bbox 587 1997 648 2050; x_wconf 87' lang='lat'>:0</span> <span class='ocrx_word' id='word_1_161' title='bbox 676 1998 784 2067; x_wconf 83' lang='lat'>709</span> <span class='ocrx_word' id='word_1_162' title='bbox 808 1997 1052 2051; x_wconf 84' lang='grc' dir='ltr'>πλουτεῖν</span> <span class='ocrx_word' id='word_1_163' title='bbox 1080 1998 1286 2064; x_wconf 88' lang='grc' dir='ltr'>ἀγαθὸν</span> <span class='ocrx_word' id='word_1_164' title='bbox 1316 1991 1636 2061; x_wconf 76' lang='grc' dir='ltr'>εἶναιδοκεῖ,</span> <span class='ocrx_word' id='word_1_165' title='bbox 1661 1998 1754 2049; x_wconf 88' lang='lat'><strong>1:0‘:</strong></span> <span class='ocrx_word' id='word_1_166' title='bbox 1781 1998 1810 2048; x_wconf 97' lang='lat'>0</span> <span class='ocrx_word' id='word_1_167' title='bbox 1831 1996 2001 2066; x_wconf 90' lang='grc' dir='ltr'>τῦφος</span> 
     </span>
    </p>
   </div>
   <div class='ocr_carea' id='block_1_22' title="bbox 424 2072 2002 2149">
    <p class='ocr_par' dir='ltr' id='par_1_22' title="bbox 424 2072 2002 2149">
     <span class='ocr_line' id='line_1_22' title="bbox 424 2072 2002 2149; baseline -0.001 -16"><span class='ocrx_word' id='word_1_168' title='bbox 424 2083 517 2135; x_wconf 81' lang='lat'><strong>1:01</strong></span> <span class='ocrx_word' id='word_1_169' title='bbox 548 2082 605 2133; x_wconf 88' lang='grc' dir='ltr'>αἱ</span> <span class='ocrx_word' id='word_1_170' title='bbox 640 2079 786 2144; x_wconf 78' lang='grc' dir='ltr'>δόξαι</span> <span class='ocrx_word' id='word_1_171' title='bbox 832 2080 932 2133; x_wconf 78' lang='grc' dir='ltr'>καὶ</span> <span class='ocrx_word' id='word_1_172' title='bbox 984 2081 1046 2132; x_wconf 89' lang='grc' dir='ltr'>τὸ</span> <span class='ocrx_word' id='word_1_173' title='bbox 1079 2078 1442 2149; x_wconf 88' lang='grc' dir='ltr'>περίϐλεπτον</span> <span class='ocrx_word' id='word_1_174' title='bbox 1476 2072 1649 2132; x_wconf 79' lang='grc' dir='ltr'>εἶναι’</span> <span class='ocrx_word' id='word_1_175' title='bbox 1699 2078 1796 2131; x_wconf 90' lang='lat'><strong>1:01</strong></span> <span class='ocrx_word' id='word_1_176' title='bbox 1844 2079 2002 2132; x_wconf 89' lang='grc' dir='ltr'>τοῦτο</span> 
     </span>
    </p>
   </div>
   <div class='ocr_carea' id='block_1_23' title="bbox 424 2161 2002 2234">
    <p class='ocr_par' dir='ltr' id='par_1_23' title="bbox 424 2161 2002 2234">
     <span class='ocr_line' id='line_1_23' title="bbox 424 2161 2002 2234; baseline -0.002 -15"><span class='ocrx_word' id='word_1_177' title='bbox 424 2167 585 2219; x_wconf 85' lang='grc' dir='ltr'>πάλιν</span> <span class='ocrx_word' id='word_1_178' title='bbox 610 2165 912 2234; x_wconf 82' lang='grc' dir='ltr'>διώκομεν,</span> <span class='ocrx_word' id='word_1_179' title='bbox 955 2163 1075 2218; x_wconf 86' lang='lat'><strong>0065</strong></span> <span class='ocrx_word' id='word_1_180' title='bbox 1122 2161 1357 2216; x_wconf 88' lang='grc' dir='ltr'>ἐνταῦθα</span> <span class='ocrx_word' id='word_1_181' title='bbox 1395 2161 1492 2233; x_wconf 78' lang='grc' dir='ltr'>τὴν</span> <span class='ocrx_word' id='word_1_182' title='bbox 1515 2162 1624 2214; x_wconf 88' lang='grc' dir='ltr'>τῶν</span> <span class='ocrx_word' id='word_1_183' title='bbox 1657 2162 2002 2232; x_wconf 75' lang='grc' dir='ltr'>πραγμάτων</span> 
     </span>
    </p>
   </div>
   <div class='ocr_carea' id='block_1_24' title="bbox 425 2243 2004 2316">
    <p class='ocr_par' dir='ltr' id='par_1_24' title="bbox 425 2243 2004 2316">
     <span class='ocr_line' id='line_1_24' title="bbox 425 2243 2004 2316; baseline -0.002 -15"><span class='ocrx_word' id='word_1_184' title='bbox 425 2247 853 2316; x_wconf 73' lang='grc' dir='ltr'>ἐπισκεψάμενοι</span> <span class='ocrx_word' id='word_1_185' title='bbox 893 2245 1055 2314; x_wconf 91' lang='grc' dir='ltr'>φύσιν</span> <span class='ocrx_word' id='word_1_186' title='bbox 1096 2245 1178 2298; x_wconf 87' lang='lat'>6::</span> <span class='ocrx_word' id='word_1_187' title='bbox 1212 2243 1388 2314; x_wconf 83' lang='grc' dir='ltr'>καλὴ,</span> <span class='ocrx_word' id='word_1_188' title='bbox 1421 2243 1535 2297; x_wconf 86' lang='grc' dir='ltr'>ἀλλ’</span> <span class='ocrx_word' id='word_1_189' title='bbox 1559 2246 1670 2298; x_wconf 68' lang='grc' dir='ltr'>ἀπὸ</span> <span class='ocrx_word' id='word_1_190' title='bbox 1703 2246 1802 2315; x_wconf 89' lang='grc' dir='ltr'>τῆς</span> <span class='ocrx_word' id='word_1_191' title='bbox 1844 2245 2004 2316; x_wconf 82' lang='grc' dir='ltr'>δόξης</span> 
     </span>
    </p>
   </div>
   <div class='ocr_carea' id='block_1_25' title="bbox 425 2326 2004 2399">
    <p class='ocr_par' dir='ltr' id='par_1_25' title="bbox 425 2326 2004 2399">
     <span class='ocr_line' id='line_1_25' title="bbox 425 2326 2004 2399; baseline -0.001 -16"><span class='ocrx_word' id='word_1_192' title='bbox 425 2332 535 2383; x_wconf 84' lang='grc' dir='ltr'>τῶν</span> <span class='ocrx_word' id='word_1_193' title='bbox 588 2329 863 2383; x_wconf 84' lang='grc' dir='ltr'>δεσποτῶν</span> <span class='ocrx_word' id='word_1_194' title='bbox 907 2326 1057 2399; x_wconf 76' lang='grc'>[102]</span> <span class='ocrx_word' id='word_1_195' title='bbox 1094 2327 1253 2398; x_wconf 79' lang='grc' dir='ltr'>ήμῶν</span> <span class='ocrx_word' id='word_1_196' title='bbox 1297 2327 1676 2395; x_wconf 86' lang='grc' dir='ltr'>πεπεισμένοι.</span> <span class='ocrx_word' id='word_1_197' title='bbox 1723 2327 2004 2399; x_wconf 86' lang='grc' dir='ltr'>Δεσπότης</span> 
     </span>
    </p>
   </div>
   <div class='ocr_carea' id='block_1_26' title="bbox 426 2410 2004 2484">
    <p class='ocr_par' dir='ltr' id='par_1_26' title="bbox 426 2410 2004 2484">
     <span class='ocr_line' id='line_1_26' title="bbox 426 2410 2004 2484; baseline -0.002 -18"><span class='ocrx_word' id='word_1_198' title='bbox 426 2413 536 2484; x_wconf 84' lang='grc' dir='ltr'>γὰρ</span> <span class='ocrx_word' id='word_1_199' title='bbox 565 2411 721 2483; x_wconf 84' lang='grc' dir='ltr'>ήμῶν</span> <span class='ocrx_word' id='word_1_200' title='bbox 753 2413 781 2464; x_wconf 93' lang='lat'>0</span> <span class='ocrx_word' id='word_1_201' title='bbox 807 2411 978 2482; x_wconf 86' lang='grc' dir='ltr'>δῆμός</span> <span class='ocrx_word' id='word_1_202' title='bbox 1003 2411 1147 2462; x_wconf 89' lang='grc' dir='ltr'>ἐστι·</span> <span class='ocrx_word' id='word_1_203' title='bbox 1185 2411 1280 2464; x_wconf 90' lang='lat'><strong>1:01</strong></span> <span class='ocrx_word' id='word_1_204' title='bbox 1299 2411 1512 2474; x_wconf 81' lang='grc' dir='ltr'>όπολὺς</span> <span class='ocrx_word' id='word_1_205' title='bbox 1549 2410 1704 2480; x_wconf 74' lang='grc' dir='ltr'>ὄχλος</span> <span class='ocrx_word' id='word_1_206' title='bbox 1737 2410 2004 2481; x_wconf 76' lang='grc' dir='ltr'>δεσπότης</span> 
     </span>
    </p>
   </div>
   <div class='ocr_carea' id='block_1_27' title="bbox 427 2492 2006 2567">
    <p class='ocr_par' dir='ltr' id='par_1_27' title="bbox 427 2492 2006 2567">
     <span class='ocr_line' id='line_1_27' title="bbox 427 2492 2006 2567; baseline -0.003 -16"><span class='ocrx_word' id='word_1_207' title='bbox 427 2498 576 2567; x_wconf 82' lang='grc' dir='ltr'>ὠμὸς</span> <span class='ocrx_word' id='word_1_208' title='bbox 599 2497 694 2549; x_wconf 86' lang='lat'><strong>1:01</strong></span> <span class='ocrx_word' id='word_1_209' title='bbox 717 2493 978 2565; x_wconf 85' lang='lat' dir='ltr'><strong>:090vv0;</strong></span> <span class='ocrx_word' id='word_1_210' title='bbox 999 2493 1252 2564; x_wconf 79' lang='grc' dir='ltr'>χαλεπός.</span> <span class='ocrx_word' id='word_1_211' title='bbox 1284 2494 1417 2546; x_wconf 81' lang='grc' dir='ltr'>Οὐδὲ</span> <span class='ocrx_word' id='word_1_212' title='bbox 1443 2495 1548 2564; x_wconf 83' lang='grc' dir='ltr'>γὰρ</span> <span class='ocrx_word' id='word_1_213' title='bbox 1573 2495 1840 2564; x_wconf 89' lang='grc' dir='ltr'>ἐπιταγῆς</span> <span class='ocrx_word' id='word_1_214' title='bbox 1857 2492 2006 2563; x_wconf 86' lang='grc' dir='ltr'>αύτῷ</span> 
     </span>
    </p>
   </div>
   <div class='ocr_carea' id='block_1_28' title="bbox 427 2577 2006 2653">
    <p class='ocr_par' dir='ltr' id='par_1_28' title="bbox 427 2577 2006 2653">
     <span class='ocr_line' id='line_1_28' title="bbox 427 2577 2006 2653; baseline -0.003 -19"><span class='ocrx_word' id='word_1_215' title='bbox 427 2583 508 2634; x_wconf 85' lang='grc' dir='ltr'>δεῖ</span> <span class='ocrx_word' id='word_1_216' title='bbox 535 2579 669 2653; x_wconf 89' lang='grc' dir='ltr'>πρὸς</span> <span class='ocrx_word' id='word_1_217' title='bbox 698 2579 756 2632; x_wconf 84' lang='grc' dir='ltr'>τὸ</span> <span class='ocrx_word' id='word_1_218' title='bbox 777 2577 1111 2648; x_wconf 83' lang='grc' dir='ltr'>ἀκουσθῆναι</span> <span class='ocrx_word' id='word_1_219' title='bbox 1143 2577 1270 2648; x_wconf 86' lang='grc' dir='ltr'>παρ’</span> <span class='ocrx_word' id='word_1_220' title='bbox 1301 2577 1477 2648; x_wconf 84' lang='grc' dir='ltr'>ήμῶν,</span> <span class='ocrx_word' id='word_1_221' title='bbox 1505 2577 1619 2630; x_wconf 87' lang='grc' dir='ltr'>ἀλλ’</span> <span class='ocrx_word' id='word_1_222' title='bbox 1652 2578 1814 2648; x_wconf 86' lang='grc' dir='ltr'>ἀρκεῖ</span> <span class='ocrx_word' id='word_1_223' title='bbox 1845 2577 2006 2647; x_wconf 90' lang='grc' dir='ltr'>μόνον</span> 
     </span>
    </p>
   </div>
   <div class='ocr_carea' id='block_1_29' title="bbox 429 2660 2008 2736">
    <p class='ocr_par' dir='ltr' id='par_1_29' title="bbox 429 2660 2008 2736">
     <span class='ocr_line' id='line_1_29' title="bbox 429 2660 2008 2736; baseline -0.003 -20"><span class='ocrx_word' id='word_1_224' title='bbox 429 2667 575 2736; x_wconf 78' lang='grc' dir='ltr'>ἡμᾶς</span> <span class='ocrx_word' id='word_1_225' title='bbox 605 2663 804 2716; x_wconf 85' lang='grc' dir='ltr'>εἰδέναι</span> <span class='ocrx_word' id='word_1_226' title='bbox 857 2662 910 2714; x_wconf 89' lang='grc' dir='ltr'>τί</span> <span class='ocrx_word' id='word_1_227' title='bbox 959 2660 1241 2732; x_wconf 88' lang='grc' dir='ltr'>βούλεται,</span> <span class='ocrx_word' id='word_1_228' title='bbox 1298 2661 1392 2714; x_wconf 87' lang='lat'><strong>1:01</strong></span> <span class='ocrx_word' id='word_1_229' title='bbox 1429 2661 1595 2731; x_wconf 81' lang='grc' dir='ltr'>χωρὶς</span> <span class='ocrx_word' id='word_1_230' title='bbox 1631 2660 2008 2730; x_wconf 81' lang='grc' dir='ltr'>ἐπιτάγματος</span> 
     </span>
    </p>
   </div>
   <div class='ocr_carea' id='block_1_30' title="bbox 429 2742 2009 2818">
    <p class='ocr_par' dir='ltr' id='par_1_30' title="bbox 429 2742 2009 2818">
     <span class='ocr_line' id='line_1_30' title="bbox 429 2742 2009 2818; baseline -0.004 -17"><span class='ocrx_word' id='word_1_231' title='bbox 429 2749 652 2818; x_wconf 75' lang='grc' dir='ltr'>είκομεν</span> <span class='ocrx_word' id='word_1_232' title='bbox 672 2763 686 2777; x_wconf 79' lang='grc'><strong><em>⁸</em></strong></span> <span class='ocrx_word' id='word_1_233' title='bbox 725 2745 964 2816; x_wconf 76' lang='grc' dir='ltr'>τοσαύτῃ</span> <span class='ocrx_word' id='word_1_234' title='bbox 995 2744 1174 2816; x_wconf 74' lang='grc' dir='ltr'>εὐνοία</span> <span class='ocrx_word' id='word_1_235' title='bbox 1201 2745 1326 2813; x_wconf 77' lang='grc' dir='ltr'>περὶ</span> <span class='ocrx_word' id='word_1_236' title='bbox 1357 2743 1518 2797; x_wconf 81' lang='grc' dir='ltr'>αὑτὸν</span> <span class='ocrx_word' id='word_1_237' title='bbox 1541 2742 1877 2814; x_wconf 86' lang='grc' dir='ltr'>κεχρήμεθα.</span> <span class='ocrx_word' id='word_1_238' title='bbox 1898 2743 2009 2795; x_wconf 80' lang='lat' dir='ltr'><strong>K01</strong></span> 
     </span>
    </p>
   </div>
   <div class='ocr_carea' id='block_1_31' title="bbox 429 2824 2008 2900">
    <p class='ocr_par' dir='ltr' id='par_1_31' title="bbox 429 2824 2008 2900">
     <span class='ocr_line' id='line_1_31' title="bbox 429 2824 2008 2900; baseline -0.003 -18"><span class='ocrx_word' id='word_1_239' title='bbox 429 2833 458 2882; x_wconf 91' lang='lat'>0</span> <span class='ocrx_word' id='word_1_240' title='bbox 492 2831 592 2900; x_wconf 83' lang='grc' dir='ltr'>μὲν</span> <span class='ocrx_word' id='word_1_241' title='bbox 623 2829 755 2892; x_wconf 91' lang='grc' dir='ltr'>Θεὸς</span> <span class='ocrx_word' id='word_1_242' title='bbox 785 2827 903 2881; x_wconf 86' lang='grc' dir='ltr'>καθ’</span> <span class='ocrx_word' id='word_1_243' title='bbox 933 2827 1172 2896; x_wconf 79' lang='grc' dir='ltr'>ἐκάστην</span> <span class='ocrx_word' id='word_1_244' title='bbox 1199 2826 1443 2878; x_wconf 81' lang='grc' dir='ltr'>ἀπειλῶν</span> <span class='ocrx_word' id='word_1_245' title='bbox 1474 2826 1567 2878; x_wconf 90' lang='lat'><strong>1:01</strong></span> <span class='ocrx_word' id='word_1_246' title='bbox 1599 2825 1869 2878; x_wconf 84' lang='grc' dir='ltr'>νουθετῶν</span> <span class='ocrx_word' id='word_1_247' title='bbox 1905 2824 2008 2896; x_wconf 82' lang='grc' dir='ltr'>τὴν</span> 
     </span>
    </p>
   </div>
   <div class='ocr_carea' id='block_1_32' title="bbox 431 2907 2009 2984">
    <p class='ocr_par' dir='ltr' id='par_1_32' title="bbox 431 2907 2009 2984">
     <span class='ocr_line' id='line_1_32' title="bbox 431 2907 2009 2984; baseline -0.004 -17"><span class='ocrx_word' id='word_1_248' title='bbox 431 2914 664 2984; x_wconf 74' lang='grc' dir='ltr'>ἡμέραν,</span> <span class='ocrx_word' id='word_1_249' title='bbox 697 2914 797 2966; x_wconf 87' lang='lat'><strong>001:</strong></span> <span class='ocrx_word' id='word_1_250' title='bbox 825 2911 1079 2966; x_wconf 79' lang='grc' dir='ltr'>ἀκούεται</span> <span class='ocrx_word' id='word_1_251' title='bbox 1103 2928 1116 2940; x_wconf 88' lang='grc'><strong>·</strong></span> <span class='ocrx_word' id='word_1_252' title='bbox 1148 2913 1174 2962; x_wconf 92' lang='lat'>0</span> <span class='ocrx_word' id='word_1_253' title='bbox 1197 2909 1253 2962; x_wconf 83' lang='lat'>65</span> <span class='ocrx_word' id='word_1_254' title='bbox 1276 2909 1440 2971; x_wconf 84' lang='grc' dir='ltr'>πολὺς</span> <span class='ocrx_word' id='word_1_255' title='bbox 1468 2907 1623 2978; x_wconf 70' lang='grc' dir='ltr'>ὄχλος</span> <span class='ocrx_word' id='word_1_256' title='bbox 1654 2910 1748 2962; x_wconf 87' lang='lat'><strong>1:01</strong></span> <span class='ocrx_word' id='word_1_257' title='bbox 1772 2909 2009 2972; x_wconf 86' lang='grc' dir='ltr'>ἀτακτος</span> 
     </span>
    </p>
   </div>
   <div class='ocr_carea' id='block_1_33' title="bbox 432 2990 2010 3066">
    <p class='ocr_par' dir='ltr' id='par_1_33' title="bbox 432 2990 2010 3066">
     <span class='ocr_line' id='line_1_33' title="bbox 432 2990 2010 3066; baseline -0.002 -18"><span class='ocrx_word' id='word_1_258' title='bbox 432 2997 525 3049; x_wconf 84' lang='lat'><strong>1:0‘:</strong></span> <span class='ocrx_word' id='word_1_259' title='bbox 556 2993 903 3066; x_wconf 72' lang='grc' dir='ltr'>συρφετώδης</span> <span class='ocrx_word' id='word_1_260' title='bbox 929 2992 1050 3045; x_wconf 85' lang='lat'><strong>0065</strong></span> <span class='ocrx_word' id='word_1_261' title='bbox 1083 2991 1351 3060; x_wconf 76' lang='grc' dir='ltr'>ἐπιταγῆς</span> <span class='ocrx_word' id='word_1_262' title='bbox 1383 2991 1575 3061; x_wconf 84' lang='grc' dir='ltr'>χρείαν</span> <span class='ocrx_word' id='word_1_263' title='bbox 1603 2991 1740 3061; x_wconf 75' lang='grc' dir='ltr'>ἔχει,</span> <span class='ocrx_word' id='word_1_264' title='bbox 1763 2990 1880 3045; x_wconf 79' lang='grc' dir='ltr'>ἀλλ’</span> <span class='ocrx_word' id='word_1_265' title='bbox 1910 2992 2010 3061; x_wconf 87' lang='grc' dir='ltr'>ἀρ-</span> 
     </span>
    </p>
   </div>
   <div class='ocr_carea' id='block_1_34' title="bbox 431 3074 2009 3149">
    <p class='ocr_par' dir='ltr' id='par_1_34' title="bbox 431 3074 2009 3149">
     <span class='ocr_line' id='line_1_34' title="bbox 431 3074 2009 3149; baseline -0.002 -18"><span class='ocrx_word' id='word_1_266' title='bbox 431 3082 519 3132; x_wconf 86' lang='grc' dir='ltr'>κεῖ</span> <span class='ocrx_word' id='word_1_267' title='bbox 539 3079 698 3149; x_wconf 82' lang='grc' dir='ltr'>μόνον</span> <span class='ocrx_word' id='word_1_268' title='bbox 716 3078 888 3143; x_wconf 79' lang='grc' dir='ltr'>δεῖξαι</span> <span class='ocrx_word' id='word_1_269' title='bbox 922 3076 1063 3128; x_wconf 89' lang='grc' dir='ltr'>τίσιν</span> <span class='ocrx_word' id='word_1_270' title='bbox 1082 3075 1398 3145; x_wconf 82' lang='grc' dir='ltr'>ἀρέσκεται,</span> <span class='ocrx_word' id='word_1_271' title='bbox 1429 3075 1523 3126; x_wconf 83' lang='grc' dir='ltr'>καὶ</span> <span class='ocrx_word' id='word_1_272' title='bbox 1538 3075 1715 3127; x_wconf 89' lang='grc' dir='ltr'>πάντα</span> <span class='ocrx_word' id='word_1_273' title='bbox 1732 3074 2009 3128; x_wconf 80' lang='grc' dir='ltr'>ὑπακούο-</span> 
     </span>
    </p>
   </div>
   <div class='ocr_carea' id='block_1_35' title="bbox 436 3156 2008 3233">
    <p class='ocr_par' dir='ltr' id='par_1_35' title="bbox 436 3156 2008 3233">
     <span class='ocr_line' id='line_1_35' title="bbox 436 3156 2008 3233; baseline -0.001 -20"><span class='ocrx_word' id='word_1_274' title='bbox 436 3179 536 3233; x_wconf 85' lang='grc' dir='ltr'>μεν</span> <span class='ocrx_word' id='word_1_275' title='bbox 564 3160 782 3222; x_wconf 84' lang='grc' dir='ltr'>εύθέως.</span> <span class='ocrx_word' id='word_1_276' title='bbox 811 3160 920 3212; x_wconf 75' lang='grc' dir='ltr'>Καὶ</span> <span class='ocrx_word' id='word_1_277' title='bbox 936 3159 1054 3222; x_wconf 89' lang='grc' dir='ltr'>πῶς</span> <span class='ocrx_word' id='word_1_278' title='bbox 1082 3158 1148 3211; x_wconf 83' lang='grc' dir='ltr'>ἀν</span> <span class='ocrx_word' id='word_1_279' title='bbox 1171 3175 1254 3220; x_wconf 91' lang='grc' dir='ltr'>τις</span> <span class='ocrx_word' id='word_1_280' title='bbox 1273 3156 1517 3220; x_wconf 89' lang='grc' dir='ltr'>τούτους,</span> <span class='ocrx_word' id='word_1_281' title='bbox 1540 3159 1728 3228; x_wconf 77' lang='grc' dir='ltr'>φησὶν,</span> <span class='ocrx_word' id='word_1_282' title='bbox 1749 3158 2008 3230; x_wconf 81' lang='grc' dir='ltr'>ἀποφύγῃ</span> 
     </span>
    </p>
   </div>
   <div class='ocr_carea' id='block_1_36' title="bbox 432 3239 2009 3311">
    <p class='ocr_par' dir='ltr' id='par_1_36' title="bbox 432 3239 2009 3311">
     <span class='ocr_line' id='line_1_36' title="bbox 432 3239 2009 3311; baseline -0.001 -15"><span class='ocrx_word' id='word_1_283' title='bbox 432 3247 559 3308; x_wconf 82' lang='grc' dir='ltr'>τοὺς</span> <span class='ocrx_word' id='word_1_284' title='bbox 587 3243 888 3307; x_wconf 88' lang='grc' dir='ltr'>δεσπότας;</span> <span class='ocrx_word' id='word_1_285' title='bbox 926 3243 989 3294; x_wconf 89' lang='grc' dir='ltr'>Εί</span> <span class='ocrx_word' id='word_1_286' title='bbox 1022 3241 1206 3310; x_wconf 76' lang='grc' dir='ltr'>μεῖζον</span> <span class='ocrx_word' id='word_1_287' title='bbox 1235 3241 1414 3294; x_wconf 81' lang='grc' dir='ltr'>αὐτῶν</span> <span class='ocrx_word' id='word_1_288' title='bbox 1457 3240 1712 3311; x_wconf 86' lang='grc' dir='ltr'>φρόνημα</span> <span class='ocrx_word' id='word_1_289' title='bbox 1747 3239 1924 3305; x_wconf 87' lang='grc' dir='ltr'>λάϐοι,</span> <span class='ocrx_word' id='word_1_290' title='bbox 1960 3242 2009 3294; x_wconf 85' lang='grc' dir='ltr'>εί</span> 
     </span>
    </p>
   </div>
   <div class='ocr_carea' id='block_1_37' title="bbox 432 3322 2010 3400">
    <p class='ocr_par' dir='ltr' id='par_1_37' title="bbox 432 3322 2010 3400">
     <span class='ocr_line' id='line_1_37' title="bbox 432 3322 2010 3400; baseline -0.003 -19"><span class='ocrx_word' id='word_1_291' title='bbox 432 3330 531 3400; x_wconf 77' lang='grc' dir='ltr'>τὴν</span> <span class='ocrx_word' id='word_1_292' title='bbox 555 3328 662 3382; x_wconf 89' lang='grc' dir='ltr'>τῶν</span> <span class='ocrx_word' id='word_1_293' title='bbox 695 3325 1033 3398; x_wconf 79' lang='grc' dir='ltr'>πραγμάτων</span> <span class='ocrx_word' id='word_1_294' title='bbox 1057 3322 1412 3392; x_wconf 77' lang='grc' dir='ltr'>ἐπισκέψαιτο</span> <span class='ocrx_word' id='word_1_295' title='bbox 1437 3323 1621 3392; x_wconf 87' lang='grc' dir='ltr'>φύσιν,</span> <span class='ocrx_word' id='word_1_296' title='bbox 1643 3326 1693 3376; x_wconf 88' lang='grc' dir='ltr'>εί</span> <span class='ocrx_word' id='word_1_297' title='bbox 1714 3325 2010 3396; x_wconf 85' lang='grc' dir='ltr'>καταγνοίη</span> 
     </span>
    </p>
   </div>
   <div class='ocr_carea' id='block_1_38' title="bbox 432 3406 2010 3482">
    <p class='ocr_par' dir='ltr' id='par_1_38' title="bbox 432 3406 2010 3482">
     <span class='ocr_line' id='line_1_38' title="bbox 432 3406 2010 3482; baseline -0.002 -17"><span class='ocrx_word' id='word_1_298' title='bbox 432 3414 532 3482; x_wconf 85' lang='grc' dir='ltr'>τῆς</span> <span class='ocrx_word' id='word_1_299' title='bbox 563 3411 672 3465; x_wconf 87' lang='grc' dir='ltr'>τῶν</span> <span class='ocrx_word' id='word_1_300' title='bbox 708 3409 917 3464; x_wconf 78' lang='grc' dir='ltr'>πολλῶν</span> <span class='ocrx_word' id='word_1_301' title='bbox 946 3409 1151 3478; x_wconf 89' lang='grc' dir='ltr'>ψήφου,</span> <span class='ocrx_word' id='word_1_302' title='bbox 1183 3410 1231 3460; x_wconf 83' lang='grc' dir='ltr'>εί</span> <span class='ocrx_word' id='word_1_303' title='bbox 1263 3406 1370 3477; x_wconf 90' lang='grc' dir='ltr'>πρὸ</span> <span class='ocrx_word' id='word_1_304' title='bbox 1400 3409 1508 3460; x_wconf 89' lang='grc' dir='ltr'>τῶν</span> <span class='ocrx_word' id='word_1_305' title='bbox 1541 3408 1716 3462; x_wconf 79' lang='grc' dir='ltr'>ἄλλων</span> <span class='ocrx_word' id='word_1_306' title='bbox 1755 3410 2010 3462; x_wconf 86' lang='grc' dir='ltr'>ἁπάντων</span> 
     </span>
    </p>
   </div>
   <div class='ocr_carea' id='block_1_39' title="bbox 435 3488 2013 3561">
    <p class='ocr_par' dir='ltr' id='par_1_39' title="bbox 435 3488 2013 3561">
     <span class='ocr_line' id='line_1_39' title="bbox 435 3488 2013 3561; baseline -0.004 -13"><span class='ocrx_word' id='word_1_307' title='bbox 435 3498 492 3548; x_wconf 82' lang='grc' dir='ltr'>ἐν</span> <span class='ocrx_word' id='word_1_308' title='bbox 523 3497 632 3557; x_wconf 67' lang='grc' dir='ltr'>τοῖς</span> <span class='ocrx_word' id='word_1_309' title='bbox 664 3493 831 3554; x_wconf 79' lang='grc' dir='ltr'>ὅντως</span> <span class='ocrx_word' id='word_1_310' title='bbox 854 3493 1102 3561; x_wconf 81' lang='grc' dir='ltr'>αἰσχροῖς</span> <span class='ocrx_word' id='word_1_311' title='bbox 1136 3488 1418 3543; x_wconf 85' lang='grc' dir='ltr'>παιδεύσει</span> <span class='ocrx_word' id='word_1_312' title='bbox 1453 3491 1647 3543; x_wconf 88' lang='grc' dir='ltr'>ἐαυτὸν</span> <span class='ocrx_word' id='word_1_313' title='bbox 1692 3489 1767 3560; x_wconf 79' lang='grc' dir='ltr'>μὴ</span> <span class='ocrx_word' id='word_1_314' title='bbox 1804 3490 2013 3560; x_wconf 84' lang='grc' dir='ltr'>ἀνθρὼ-</span> 
     </span>
    </p>
   </div>
   <div class='ocr_carea' id='block_1_40' title="bbox 436 3571 2013 3643">
    <p class='ocr_par' dir='ltr' id='par_1_40' title="bbox 436 3571 2013 3643">
     <span class='ocr_line' id='line_1_40' title="bbox 436 3571 2013 3643; baseline -0.004 -14"><span class='ocrx_word' id='word_1_315' title='bbox 436 3595 590 3641; x_wconf 86' lang='grc' dir='ltr'>πους,</span> <span class='ocrx_word' id='word_1_316' title='bbox 628 3575 763 3630; x_wconf 86' lang='grc' dir='ltr'>ἀλλά</span> <span class='ocrx_word' id='word_1_317' title='bbox 791 3574 879 3628; x_wconf 88' lang='grc' dir='ltr'>τὸν</span> <span class='ocrx_word' id='word_1_318' title='bbox 913 3573 1212 3643; x_wconf 79' lang='grc' dir='ltr'>ἀκοίμητον</span> <span class='ocrx_word' id='word_1_319' title='bbox 1258 3571 1535 3642; x_wconf 78' lang='grc' dir='ltr'>ὀφθαλμὸν</span> <span class='ocrx_word' id='word_1_320' title='bbox 1573 3571 1887 3636; x_wconf 81' lang='grc' dir='ltr'>δεδοικέναι,</span> <span class='ocrx_word' id='word_1_321' title='bbox 1919 3572 2013 3625; x_wconf 83' lang='lat'><strong>1:01</strong></span> 
     </span>
    </p>
   </div>
   <div class='ocr_carea' id='block_1_41' title="bbox 439 3655 2013 3725">
    <p class='ocr_par' dir='ltr' id='par_1_41' title="bbox 439 3655 2013 3725">
     <span class='ocr_line' id='line_1_41' title="bbox 439 3655 2013 3725; baseline -0.003 -14"><span class='ocrx_word' id='word_1_322' title='bbox 439 3661 624 3720; x_wconf 82' lang='grc' dir='ltr'>ἐντοῖς</span> <span class='ocrx_word' id='word_1_323' title='bbox 673 3656 899 3724; x_wconf 79' lang='grc' dir='ltr'>ἀγαθοῖς</span> <span class='ocrx_word' id='word_1_324' title='bbox 947 3657 1108 3709; x_wconf 80' lang='grc' dir='ltr'>πάλιν</span> <span class='ocrx_word' id='word_1_325' title='bbox 1148 3655 1273 3717; x_wconf 81' lang='grc' dir='ltr'>τοὺς</span> <span class='ocrx_word' id='word_1_326' title='bbox 1301 3655 1432 3725; x_wconf 77' lang='grc' dir='ltr'>παρ’</span> <span class='ocrx_word' id='word_1_327' title='bbox 1461 3655 1672 3707; x_wconf 87' lang='grc' dir='ltr'>ἐκείνου</span> <span class='ocrx_word' id='word_1_328' title='bbox 1716 3655 2013 3722; x_wconf 79' lang='grc' dir='ltr'>στεφάνους</span> 
     </span>
    </p>
   </div>
   <div class='ocr_carea' id='block_1_42' title="bbox 436 3735 2014 3811">
    <p class='ocr_par' dir='ltr' id='par_1_42' title="bbox 436 3735 2014 3811">
     <span class='ocr_line' id='line_1_42' title="bbox 436 3735 2014 3811; baseline -0.003 -19"><span class='ocrx_word' id='word_1_329' title='bbox 436 3743 640 3811; x_wconf 71' lang='grc' dir='ltr'>ζητεῖν.</span> <span class='ocrx_word' id='word_1_330' title='bbox 675 3739 833 3792; x_wconf 77' lang='grc' dir='ltr'>Οὕτω</span> <span class='ocrx_word' id='word_1_331' title='bbox 865 3738 975 3808; x_wconf 79' lang='grc' dir='ltr'>γὰρ</span> <span class='ocrx_word' id='word_1_332' title='bbox 1005 3737 1126 3790; x_wconf 79' lang='lat'><strong>0065</strong></span> <span class='ocrx_word' id='word_1_333' title='bbox 1157 3739 1215 3788; x_wconf 91' lang='grc' dir='ltr'>ἐν</span> <span class='ocrx_word' id='word_1_334' title='bbox 1244 3740 1358 3798; x_wconf 89' lang='grc' dir='ltr'>τοῖς</span> <span class='ocrx_word' id='word_1_335' title='bbox 1393 3736 1573 3800; x_wconf 86' lang='grc' dir='ltr'>ἄλλοις</span> <span class='ocrx_word' id='word_1_336' title='bbox 1616 3736 1797 3789; x_wconf 71' lang='grc' dir='ltr'>αὐτῶν</span> <span class='ocrx_word' id='word_1_337' title='bbox 1831 3735 2014 3800; x_wconf 79' lang='grc' dir='ltr'>ἀνεξό-</span> 
     </span>
    </p>
   </div>
   <div class='ocr_carea' id='block_1_43' title="bbox 441 3817 2012 3893">
    <p class='ocr_par' dir='ltr' id='par_1_43' title="bbox 441 3817 2012 3893">
     <span class='ocr_line' id='line_1_43' title="bbox 441 3817 2012 3893; baseline -0.003 -18"><span class='ocrx_word' id='word_1_338' title='bbox 441 3824 602 3893; x_wconf 88' lang='grc' dir='ltr'>μεθα.</span> <span class='ocrx_word' id='word_1_339' title='bbox 649 3821 707 3873; x_wconf 86' lang='lat'>&#39;0</span> <span class='ocrx_word' id='word_1_340' title='bbox 729 3820 860 3891; x_wconf 90' lang='grc' dir='ltr'>γάρ,</span> <span class='ocrx_word' id='word_1_341' title='bbox 901 3820 1062 3888; x_wconf 86' lang='grc' dir='ltr'>ήνίκα</span> <span class='ocrx_word' id='word_1_342' title='bbox 1089 3817 1154 3870; x_wconf 83' lang='grc' dir='ltr'>ἂν</span> <span class='ocrx_word' id='word_1_343' title='bbox 1180 3818 1452 3888; x_wconf 87' lang='grc' dir='ltr'>κατορθοῖ,</span> <span class='ocrx_word' id='word_1_344' title='bbox 1488 3818 1564 3888; x_wconf 85' lang='grc' dir='ltr'>μὴ</span> <span class='ocrx_word' id='word_1_345' title='bbox 1606 3818 1790 3882; x_wconf 79' lang='grc' dir='ltr'>ἀξίους</span> <span class='ocrx_word' id='word_1_346' title='bbox 1822 3819 2012 3889; x_wconf 87' lang='grc' dir='ltr'>κρίνας</span> 
     </span>
    </p>
   </div>
   <div class='ocr_carea' id='block_1_44' title="bbox 438 3900 2014 3971">
    <p class='ocr_par' dir='ltr' id='par_1_44' title="bbox 438 3900 2014 3971">
     <span class='ocr_line' id='line_1_44' title="bbox 438 3900 2014 3971; baseline -0.011 -10"><span class='ocrx_word' id='word_1_347' title='bbox 438 3906 678 3968; x_wconf 88' lang='grc' dir='ltr'>ἐκείνους</span> <span class='ocrx_word' id='word_1_348' title='bbox 705 3904 903 3956; x_wconf 78' lang='grc' dir='ltr'>ειδέναι</span> <span class='ocrx_word' id='word_1_349' title='bbox 931 3900 1094 3953; x_wconf 86' lang='lat'><strong>00:00</strong></span> <span class='ocrx_word' id='word_1_350' title='bbox 1125 3901 1192 3952; x_wconf 86' lang='grc' dir='ltr'>τά</span> <span class='ocrx_word' id='word_1_351' title='bbox 1213 3900 1635 3969; x_wconf 76' lang='grc' dir='ltr'>κατορθώματα,</span> <span class='ocrx_word' id='word_1_352' title='bbox 1664 3901 1780 3952; x_wconf 78' lang='grc' dir='ltr'>ἀλλ’</span> <span class='ocrx_word' id='word_1_353' title='bbox 1813 3901 2014 3971; x_wconf 75' lang='grc' dir='ltr'>ἀρκού,</span> 
     </span>
    </p>
   </div>
   <div class='ocr_carea' id='block_1_45' title="bbox 441 3980 2014 4061">
    <p class='ocr_par' dir='ltr' id='par_1_45' title="bbox 441 3980 2014 4061">
     <span class='ocr_line' id='line_1_45' title="bbox 441 3980 2014 4061; baseline -0.004 -18"><span class='ocrx_word' id='word_1_354' title='bbox 441 4006 600 4061; x_wconf 86' lang='grc' dir='ltr'>μενος</span> <span class='ocrx_word' id='word_1_355' title='bbox 622 3989 689 4058; x_wconf 81' lang='grc' dir='ltr'>τῇ</span> <span class='ocrx_word' id='word_1_356' title='bbox 711 3980 806 4038; x_wconf 75' lang='grc' dir='ltr'>τοῦ</span> <span class='ocrx_word' id='word_1_357' title='bbox 829 3982 962 4037; x_wconf 84' lang='grc' dir='ltr'>Θεοῦ</span> <span class='ocrx_word' id='word_1_358' title='bbox 989 3984 1175 4052; x_wconf 82' lang='grc' dir='ltr'>ψήφῳ,</span> <span class='ocrx_word' id='word_1_359' title='bbox 1195 3983 1317 4034; x_wconf 86' lang='lat'><strong>0065</strong></span> <span class='ocrx_word' id='word_1_360' title='bbox 1341 3984 1398 4034; x_wconf 82' lang='grc' dir='ltr'>ἐν</span> <span class='ocrx_word' id='word_1_361' title='bbox 1425 3985 1534 4044; x_wconf 87' lang='grc' dir='ltr'>τοῖς</span> <span class='ocrx_word' id='word_1_362' title='bbox 1564 3983 1825 4044; x_wconf 75' lang='grc' dir='ltr'>ἐναντίοις</span> <span class='ocrx_word' id='word_1_363' title='bbox 1858 3984 2014 4051; x_wconf 91' lang='grc' dir='ltr'>λόγον</span> 
     </span>
    </p>
   </div>
   <div class='ocr_carea' id='block_1_46' title="bbox 438 4063 2011 4135">
    <p class='ocr_par' dir='ltr' id='par_1_46' title="bbox 438 4063 2011 4135">
     <span class='ocr_line' id='line_1_46' title="bbox 438 4063 2011 4135; baseline -0.005 -9"><span class='ocrx_word' id='word_1_364' title='bbox 438 4071 618 4126; x_wconf 82' lang='grc' dir='ltr'>αὐτῶν</span> <span class='ocrx_word' id='word_1_365' title='bbox 650 4068 760 4133; x_wconf 81' lang='grc' dir='ltr'>’έξει</span> <span class='ocrx_word' id='word_1_366' title='bbox 780 4067 922 4122; x_wconf 86' lang='grc' dir='ltr'>τινά.</span> <span class='ocrx_word' id='word_1_367' title='bbox 957 4066 1065 4118; x_wconf 81' lang='grc' dir='ltr'>Καὶ</span> <span class='ocrx_word' id='word_1_368' title='bbox 1093 4065 1210 4128; x_wconf 91' lang='grc' dir='ltr'>πῶς</span> <span class='ocrx_word' id='word_1_369' title='bbox 1243 4063 1374 4118; x_wconf 89' lang='lat'><strong>00:0</strong></span> <span class='ocrx_word' id='word_1_370' title='bbox 1407 4063 1566 4117; x_wconf 86' lang='grc' dir='ltr'>τοῦτο</span> <span class='ocrx_word' id='word_1_371' title='bbox 1605 4063 1779 4126; x_wconf 83' lang='grc' dir='ltr'>ἔσται,</span> <span class='ocrx_word' id='word_1_372' title='bbox 1809 4065 2011 4135; x_wconf 88' lang='grc' dir='ltr'>φησίν;</span> 
     </span>
    </p>
   </div>
   <div class='ocr_carea' id='block_1_47' title="bbox 506 4211 2014 4289">
    <p class='ocr_par' dir='ltr' id='par_1_47' title="bbox 506 4211 2014 4289">
     <span class='ocr_line' id='line_1_47' title="bbox 506 4211 2014 4289; baseline -0.004 -16"><span class='ocrx_word' id='word_1_373' title='bbox 506 4219 791 4289; x_wconf 81' lang='grc' dir='ltr'>Ἐννόησον</span> <span class='ocrx_word' id='word_1_374' title='bbox 809 4216 860 4269; x_wconf 89' lang='grc' dir='ltr'>τί</span> <span class='ocrx_word' id='word_1_375' title='bbox 880 4216 979 4288; x_wconf 86' lang='grc' dir='ltr'>μὲν</span> <span class='ocrx_word' id='word_1_376' title='bbox 995 4214 1089 4268; x_wconf 80' lang='grc' dir='ltr'>ἄνθ</span> <span class='ocrx_word' id='word_1_377' title='bbox 1096 4231 1298 4286; x_wconf 82' lang='grc' dir='ltr'>ρωπος,</span> <span class='ocrx_word' id='word_1_378' title='bbox 1314 4211 1366 4265; x_wconf 90' lang='grc' dir='ltr'>τί</span> <span class='ocrx_word' id='word_1_379' title='bbox 1381 4211 1436 4266; x_wconf 89' lang='grc' dir='ltr'>δὲ</span> <span class='ocrx_word' id='word_1_380' title='bbox 1450 4211 1598 4277; x_wconf 83' lang='grc' dir='ltr'>Θεὸς,</span> <span class='ocrx_word' id='word_1_381' title='bbox 1615 4212 1709 4266; x_wconf 88' lang='lat'><strong>1:01</strong></span> <span class='ocrx_word' id='word_1_382' title='bbox 1725 4211 1842 4266; x_wconf 88' lang='grc' dir='ltr'>τίνα</span> <span class='ocrx_word' id='word_1_383' title='bbox 1857 4215 2014 4281; x_wconf 71' lang='grc' dir='ltr'>ἀφεὶς</span> 
     </span>
    </p>
   </div>
   <div class='ocr_carea' id='block_1_48' title="bbox 437 4295 2018 4374">
    <p class='ocr_par' dir='ltr' id='par_1_48' title="bbox 437 4295 2018 4374">
     <span class='ocr_line' id='line_1_48' title="bbox 437 4295 2018 4374; baseline -0.004 -18"><span class='ocrx_word' id='word_1_384' title='bbox 437 4303 542 4357; x_wconf 88' lang='grc' dir='ltr'>τίνι</span> <span class='ocrx_word' id='word_1_385' title='bbox 575 4300 965 4374; x_wconf 79' lang='grc' dir='ltr'>προσφεύγεις,</span> <span class='ocrx_word' id='word_1_386' title='bbox 1003 4297 1098 4352; x_wconf 87' lang='lat'><strong>1:01</strong></span> <span class='ocrx_word' id='word_1_387' title='bbox 1116 4297 1325 4368; x_wconf 87' lang='grc' dir='ltr'>ταχέως</span> <span class='ocrx_word' id='word_1_388' title='bbox 1352 4295 1620 4367; x_wconf 72' lang='grc' dir='ltr'>διορθώση</span> <span class='ocrx_word' id='word_1_389' title='bbox 1649 4297 1710 4348; x_wconf 89' lang='grc' dir='ltr'>τὸ</span> <span class='ocrx_word' id='word_1_390' title='bbox 1741 4299 1871 4350; x_wconf 84' lang='grc' dir='ltr'>πᾶν.</span> <span class='ocrx_word' id='word_1_391' title='bbox 1898 4297 2018 4350; x_wconf 81' lang='grc' dir='ltr'>Ἀν-</span> 
     </span>
    </p>
   </div>
   <div class='ocr_carea' id='block_1_49' title="bbox 438 4379 2016 4461">
    <p class='ocr_par' dir='ltr' id='par_1_49' title="bbox 438 4379 2016 4461">
     <span class='ocr_line' id='line_1_49' title="bbox 438 4379 2016 4461; baseline -0.005 -19"><span class='ocrx_word' id='word_1_392' title='bbox 438 4389 654 4461; x_wconf 87' lang='grc' dir='ltr'>θρωπος</span> <span class='ocrx_word' id='word_1_393' title='bbox 693 4386 797 4439; x_wconf 84' lang='grc' dir='ltr'>ὑπὸ</span> <span class='ocrx_word' id='word_1_394' title='bbox 821 4386 918 4456; x_wconf 75' lang='grc' dir='ltr'>τὴν</span> <span class='ocrx_word' id='word_1_395' title='bbox 952 4383 1122 4455; x_wconf 79' lang='grc' dir='ltr'>αὐτὴν</span> <span class='ocrx_word' id='word_1_396' title='bbox 1144 4380 1420 4453; x_wconf 81' lang='grc' dir='ltr'>ἁμαρτίαν</span> <span class='ocrx_word' id='word_1_397' title='bbox 1464 4380 1546 4433; x_wconf 80' lang='grc' dir='ltr'>σοὶ</span> <span class='ocrx_word' id='word_1_398' title='bbox 1590 4383 1766 4434; x_wconf 91' lang='grc' dir='ltr'>κεῖται</span> <span class='ocrx_word' id='word_1_399' title='bbox 1795 4381 1888 4434; x_wconf 82' lang='lat'><strong>1:01</strong></span> <span class='ocrx_word' id='word_1_400' title='bbox 1919 4379 2016 4452; x_wconf 82' lang='grc' dir='ltr'>τὴν</span> 
     </span>
    </p>
   </div>
   <div class='ocr_carea' id='block_1_50' title="bbox 438 4462 2018 4543">
    <p class='ocr_par' dir='ltr' id='par_1_50' title="bbox 438 4462 2018 4543">
     <span class='ocr_line' id='line_1_50' title="bbox 438 4462 2018 4543; baseline -0.005 -20"><span class='ocrx_word' id='word_1_401' title='bbox 438 4471 619 4543; x_wconf 75' lang='grc' dir='ltr'>κρίσιν</span> <span class='ocrx_word' id='word_1_402' title='bbox 645 4470 740 4522; x_wconf 89' lang='lat'><strong>1:01</strong></span> <span class='ocrx_word' id='word_1_403' title='bbox 754 4471 854 4538; x_wconf 84' lang='grc' dir='ltr'>τὴν</span> <span class='ocrx_word' id='word_1_404' title='bbox 875 4468 1096 4520; x_wconf 91' lang='grc' dir='ltr'>κόλασιν</span> <span class='ocrx_word' id='word_1_405' title='bbox 1116 4482 1129 4494; x_wconf 83' lang='grc'><strong>’</strong></span> <span class='ocrx_word' id='word_1_406' title='bbox 1159 4465 1445 4535; x_wconf 84' lang='grc' dir='ltr'>ἄνθρωπος</span> <span class='ocrx_word' id='word_1_407' title='bbox 1467 4465 1789 4534; x_wconf 81' lang='grc' dir='ltr'>ματαιότητι</span> <span class='ocrx_word' id='word_1_408' title='bbox 1810 4462 2018 4534; x_wconf 83' lang='grc' dir='ltr'>ὡμοιώ-</span> 
     </span>
    </p>
   </div>
   <div class='ocr_carea' id='block_1_51' title="bbox 438 4545 2016 4625">
    <p class='ocr_par' dir='ltr' id='par_1_51' title="bbox 438 4545 2016 4625">
     <span class='ocr_line' id='line_1_51' title="bbox 438 4545 2016 4625; baseline -0.006 -18"><span class='ocrx_word' id='word_1_409' title='bbox 438 4558 530 4625; x_wconf 87' lang='grc' dir='ltr'>θη,</span> <span class='ocrx_word' id='word_1_410' title='bbox 558 4554 651 4606; x_wconf 75' lang='grc' dir='ltr'>καὶ</span> <span class='ocrx_word' id='word_1_411' title='bbox 681 4553 860 4623; x_wconf 89' lang='grc' dir='ltr'>κρίσιν</span> <span class='ocrx_word' id='word_1_412' title='bbox 892 4550 1059 4621; x_wconf 84' lang='grc' dir='ltr'>ὀρθὴν</span> <span class='ocrx_word' id='word_1_413' title='bbox 1080 4550 1180 4601; x_wconf 89' lang='lat'><strong>001:</strong></span> <span class='ocrx_word' id='word_1_414' title='bbox 1209 4547 1344 4617; x_wconf 76' lang='grc' dir='ltr'>ἔχει,</span> <span class='ocrx_word' id='word_1_415' title='bbox 1365 4548 1460 4600; x_wconf 85' lang='lat'><strong>1:01</strong></span> <span class='ocrx_word' id='word_1_416' title='bbox 1479 4546 1648 4598; x_wconf 90' lang='grc' dir='ltr'>δεῖται</span> <span class='ocrx_word' id='word_1_417' title='bbox 1677 4546 1777 4614; x_wconf 87' lang='grc' dir='ltr'>τῆς</span> <span class='ocrx_word' id='word_1_418' title='bbox 1809 4545 2016 4600; x_wconf 81' lang='grc' dir='ltr'>ἀνωθεν</span> 
     </span>
    </p>
   </div>
   <div class='ocr_carea' id='block_1_52' title="bbox 436 4626 2014 4707">
    <p class='ocr_par' dir='ltr' id='par_1_52' title="bbox 436 4626 2014 4707">
     <span class='ocr_line' id='line_1_52' title="bbox 436 4626 2014 4707; baseline -0.005 -18"><span class='ocrx_word' id='word_1_419' title='bbox 436 4635 773 4707; x_wconf 82' lang='grc' dir='ltr'>διορθώσεως</span> <span class='ocrx_word' id='word_1_420' title='bbox 791 4650 804 4664; x_wconf 88' lang='grc'><strong>·</strong></span> <span class='ocrx_word' id='word_1_421' title='bbox 823 4633 919 4686; x_wconf 84' lang='grc' dir='ltr'>ἀνθ</span> <span class='ocrx_word' id='word_1_422' title='bbox 927 4649 1130 4704; x_wconf 85' lang='grc' dir='ltr'>ρωπος,</span> <span class='ocrx_word' id='word_1_423' title='bbox 1157 4633 1227 4701; x_wconf 85' lang='grc' dir='ltr'>γῆ</span> <span class='ocrx_word' id='word_1_424' title='bbox 1250 4632 1344 4683; x_wconf 82' lang='lat'><strong>1:01</strong></span> <span class='ocrx_word' id='word_1_425' title='bbox 1369 4627 1584 4692; x_wconf 84' lang='grc' dir='ltr'>σποδὸς,</span> <span class='ocrx_word' id='word_1_426' title='bbox 1606 4626 1708 4680; x_wconf 80' lang='grc' dir='ltr'>κᾶν</span> <span class='ocrx_word' id='word_1_427' title='bbox 1727 4630 2014 4701; x_wconf 78' lang='grc' dir='ltr'>ἐπαινέσῃ,</span> 
     </span>
    </p>
   </div>
   <div class='ocr_carea' id='block_1_53' title="bbox 438 4709 2016 4782">
    <p class='ocr_par' dir='ltr' id='par_1_53' title="bbox 438 4709 2016 4782">
     <span class='ocr_line' id='line_1_53' title="bbox 438 4709 2016 4782; baseline -0.008 -10"><span class='ocrx_word' id='word_1_428' title='bbox 438 4719 700 4780; x_wconf 81' lang='grc' dir='ltr'>πολλάκις</span> <span class='ocrx_word' id='word_1_429' title='bbox 730 4715 915 4777; x_wconf 89' lang='grc' dir='ltr'>ἀπλῶς</span> <span class='ocrx_word' id='word_1_430' title='bbox 945 4714 1322 4776; x_wconf 85' lang='grc' dir='ltr'>ἐπαινέσεται,</span> <span class='ocrx_word' id='word_1_431' title='bbox 1360 4710 1393 4781; x_wconf 81' lang='grc' dir='ltr'>ἢ</span> <span class='ocrx_word' id='word_1_432' title='bbox 1427 4709 1563 4780; x_wconf 90' lang='grc' dir='ltr'>πρὸς</span> <span class='ocrx_word' id='word_1_433' title='bbox 1603 4710 1784 4780; x_wconf 88' lang='grc' dir='ltr'>χάριν,</span> <span class='ocrx_word' id='word_1_434' title='bbox 1812 4711 1844 4780; x_wconf 81' lang='grc' dir='ltr'>ἢ</span> <span class='ocrx_word' id='word_1_435' title='bbox 1880 4711 2016 4782; x_wconf 86' lang='grc' dir='ltr'>πρὸς</span> 
     </span>
    </p>
   </div>
   <div class='ocr_carea' id='block_1_54' title="bbox 437 4792 2016 4870">
    <p class='ocr_par' dir='ltr' id='par_1_54' title="bbox 437 4792 2016 4870">
     <span class='ocr_line' id='line_1_54' title="bbox 437 4792 2016 4870; baseline -0.006 -15"><span class='ocrx_word' id='word_1_436' title='bbox 437 4800 765 4870; x_wconf 85' lang='grc' dir='ltr'>ἀπέχθειαν·</span> <span class='ocrx_word' id='word_1_437' title='bbox 802 4796 902 4850; x_wconf 84' lang='grc' dir='ltr'>κᾶν</span> <span class='ocrx_word' id='word_1_438' title='bbox 929 4794 1158 4864; x_wconf 76' lang='grc' dir='ltr'>διαϐάλῃ</span> <span class='ocrx_word' id='word_1_439' title='bbox 1185 4795 1279 4846; x_wconf 87' lang='lat'><strong>1:01</strong></span> <span class='ocrx_word' id='word_1_440' title='bbox 1308 4793 1686 4864; x_wconf 81' lang='grc' dir='ltr'>κατηγορήσῃ,</span> <span class='ocrx_word' id='word_1_441' title='bbox 1717 4792 1882 4845; x_wconf 89' lang='grc' dir='ltr'>πάλιν</span> <span class='ocrx_word' id='word_1_442' title='bbox 1908 4793 2016 4846; x_wconf 93' lang='grc' dir='ltr'>ἀπὸ</span> 
     </span>
    </p>
   </div>
   <div class='ocr_carea' id='block_1_55' title="bbox 437 4876 2016 4955">
    <p class='ocr_par' dir='ltr' id='par_1_55' title="bbox 437 4876 2016 4955">
     <span class='ocr_line' id='line_1_55' title="bbox 437 4876 2016 4955; baseline -0.004 -18"><span class='ocrx_word' id='word_1_443' title='bbox 437 4886 536 4955; x_wconf 81' lang='grc' dir='ltr'>τῆς</span> <span class='ocrx_word' id='word_1_444' title='bbox 566 4883 734 4953; x_wconf 78' lang='grc' dir='ltr'>αὐτῆς</span> <span class='ocrx_word' id='word_1_445' title='bbox 762 4881 922 4934; x_wconf 89' lang='grc' dir='ltr'>τοῦτο</span> <span class='ocrx_word' id='word_1_446' title='bbox 941 4876 1500 4950; x_wconf 88' lang='grc' dir='ltr'>ἐργάσεταιγνώμης.</span> <span class='ocrx_word' id='word_1_447' title='bbox 1545 4876 1688 4930; x_wconf 81' lang='grc' dir='ltr'>Ἀλλ’</span> <span class='ocrx_word' id='word_1_448' title='bbox 1716 4878 1815 4947; x_wconf 86' lang='grc' dir='ltr'>ούχ</span> <span class='ocrx_word' id='word_1_449' title='bbox 1837 4879 1865 4929; x_wconf 93' lang='lat'>0</span> <span class='ocrx_word' id='word_1_450' title='bbox 1885 4877 2016 4941; x_wconf 86' lang='grc' dir='ltr'>Θεὸς</span> 
     </span>
    </p>
   </div>
   <div class='ocr_carea' id='block_1_56' title="bbox 438 4960 2016 5034">
    <p class='ocr_par' dir='ltr' id='par_1_56' title="bbox 438 4960 2016 5034">
     <span class='ocr_line' id='line_1_56' title="bbox 438 4960 2016 5034; baseline -0.001 -15"><span class='ocrx_word' id='word_1_451' title='bbox 438 4969 631 5033; x_wconf 72' lang='grc' dir='ltr'>οὓτως,</span> <span class='ocrx_word' id='word_1_452' title='bbox 673 4966 787 5021; x_wconf 83' lang='grc' dir='ltr'>ἀλλ’</span> <span class='ocrx_word' id='word_1_453' title='bbox 825 4964 1064 5034; x_wconf 80' lang='grc' dir='ltr'>ἄληπτος</span> <span class='ocrx_word' id='word_1_454' title='bbox 1100 4962 1134 5032; x_wconf 86' lang='grc' dir='ltr'><strong>ἡ</strong></span> <span class='ocrx_word' id='word_1_455' title='bbox 1163 4961 1342 5031; x_wconf 80' lang='grc' dir='ltr'>ψῆφος</span> <span class='ocrx_word' id='word_1_456' title='bbox 1377 4960 1562 5026; x_wconf 83' lang='grc' dir='ltr'>αὑτοῦ,</span> <span class='ocrx_word' id='word_1_457' title='bbox 1606 4963 1700 5015; x_wconf 90' lang='lat'><strong>1:01</strong></span> <span class='ocrx_word' id='word_1_458' title='bbox 1741 4962 1956 5032; x_wconf 87' lang='grc' dir='ltr'>καθαρά</span> <span class='ocrx_word' id='word_1_459' title='bbox 1982 4965 2016 5033; x_wconf 81' lang='grc' dir='ltr'>ή</span> 
     </span>
    </p>
   </div>
   <div class='ocr_carea' id='block_1_57' title="bbox 440 5043 2018 5122">
    <p class='ocr_par' dir='ltr' id='par_1_57' title="bbox 440 5043 2018 5122">
     <span class='ocr_line' id='line_1_57' title="bbox 440 5043 2018 5122; baseline -0.006 -18"><span class='ocrx_word' id='word_1_460' title='bbox 440 5051 616 5122; x_wconf 89' lang='grc' dir='ltr'>κρίσις</span> <span class='ocrx_word' id='word_1_461' title='bbox 644 5049 827 5104; x_wconf 90' lang='lat'><strong>00:00.</strong></span> <span class='ocrx_word' id='word_1_462' title='bbox 862 5048 972 5101; x_wconf 85' lang='lat' dir='ltr'><strong>K01</strong></span> <span class='ocrx_word' id='word_1_463' title='bbox 1002 5044 1108 5118; x_wconf 85' lang='grc' dir='ltr'>χρὴ</span> <span class='ocrx_word' id='word_1_464' title='bbox 1137 5045 1224 5098; x_wconf 82' lang='grc' dir='ltr'>διὰ</span> <span class='ocrx_word' id='word_1_465' title='bbox 1245 5045 1417 5099; x_wconf 87' lang='grc' dir='ltr'>ταῦτα</span> <span class='ocrx_word' id='word_1_466' title='bbox 1445 5045 1531 5098; x_wconf 78' lang='grc' dir='ltr'>ἀεὶ</span> <span class='ocrx_word' id='word_1_467' title='bbox 1558 5043 1696 5117; x_wconf 88' lang='grc' dir='ltr'>πρὸς</span> <span class='ocrx_word' id='word_1_468' title='bbox 1725 5043 1888 5098; x_wconf 79' lang='grc' dir='ltr'>αὑτὸν</span> <span class='ocrx_word' id='word_1_469' title='bbox 1918 5061 2018 5096; x_wconf 92' lang='grc' dir='ltr'>κα-</span> 
     </span>
    </p>
   </div>
   <div class='ocr_carea' id='block_1_58' title="bbox 438 5126 2016 5204">
    <p class='ocr_par' dir='ltr' id='par_1_58' title="bbox 438 5126 2016 5204">
     <span class='ocr_line' id='line_1_58' title="bbox 438 5126 2016 5204; baseline -0.006 -15"><span class='ocrx_word' id='word_1_470' title='bbox 438 5133 729 5204; x_wconf 77' lang='grc' dir='ltr'>ταφεύγειν</span> <span class='ocrx_word' id='word_1_471' title='bbox 747 5150 759 5164; x_wconf 79' lang='grc'><em>’</em></span> <span class='ocrx_word' id='word_1_472' title='bbox 783 5134 844 5186; x_wconf 93' lang='lat' dir='ltr'><strong>o0</strong></span> <span class='ocrx_word' id='word_1_473' title='bbox 877 5132 964 5185; x_wconf 86' lang='lat'>6:0</span> <span class='ocrx_word' id='word_1_474' title='bbox 989 5129 1161 5184; x_wconf 87' lang='lat'><strong>:00:0</strong></span> <span class='ocrx_word' id='word_1_475' title='bbox 1187 5128 1244 5182; x_wconf 88' lang='lat'>65</span> <span class='ocrx_word' id='word_1_476' title='bbox 1275 5129 1458 5200; x_wconf 89' lang='grc' dir='ltr'>μόνον,</span> <span class='ocrx_word' id='word_1_477' title='bbox 1484 5127 1598 5183; x_wconf 89' lang='grc' dir='ltr'>ἀλλ’</span> <span class='ocrx_word' id='word_1_478' title='bbox 1623 5129 1706 5180; x_wconf 88' lang='lat'>6::</span> <span class='ocrx_word' id='word_1_479' title='bbox 1734 5128 1830 5180; x_wconf 85' lang='lat'><strong>1:01</strong></span> <span class='ocrx_word' id='word_1_480' title='bbox 1852 5126 2016 5190; x_wconf 89' lang='lat'><strong>00:0;</strong></span> 
     </span>
    </p>
   </div>
   <div class='ocr_carea' id='block_1_59' title="bbox 438 5210 2014 5286">
    <p class='ocr_par' dir='ltr' id='par_1_59' title="bbox 438 5210 2014 5286">
     <span class='ocr_line' id='line_1_59' title="bbox 438 5210 2014 5286; baseline -0.004 -16"><span class='ocrx_word' id='word_1_481' title='bbox 438 5216 683 5286; x_wconf 81' lang='grc' dir='ltr'>ἐποίησε,</span> <span class='ocrx_word' id='word_1_482' title='bbox 707 5216 798 5268; x_wconf 87' lang='lat'><strong>1:01</strong></span> <span class='ocrx_word' id='word_1_483' title='bbox 819 5215 1056 5285; x_wconf 86' lang='grc' dir='ltr'>φείδεταί</span> <span class='ocrx_word' id='word_1_484' title='bbox 1080 5231 1174 5268; x_wconf 90' lang='grc' dir='ltr'>σου</span> <span class='ocrx_word' id='word_1_485' title='bbox 1209 5215 1444 5284; x_wconf 86' lang='grc' dir='ltr'>μάλιστα</span> <span class='ocrx_word' id='word_1_486' title='bbox 1467 5213 1706 5276; x_wconf 87' lang='grc' dir='ltr'>πάντων,</span> <span class='ocrx_word' id='word_1_487' title='bbox 1733 5212 1823 5265; x_wconf 89' lang='lat'><strong>1:01</strong></span> <span class='ocrx_word' id='word_1_488' title='bbox 1849 5210 2014 5265; x_wconf 89' lang='lat'><strong>00:00</strong></span> 
     </span>
    </p>
   </div>
   <div class='ocr_carea' id='block_1_60' title="bbox 441 5295 2016 5370">
    <p class='ocr_par' dir='ltr' id='par_1_60' title="bbox 441 5295 2016 5370">
     <span class='ocr_line' id='line_1_60' title="bbox 441 5295 2016 5370; baseline -0.003 -17"><span class='ocrx_word' id='word_1_489' title='bbox 441 5299 536 5353; x_wconf 82' lang='lat'>000</span> <span class='ocrx_word' id='word_1_490' title='bbox 570 5299 773 5370; x_wconf 81' lang='grc' dir='ltr'>μᾶλλόν</span> <span class='ocrx_word' id='word_1_491' title='bbox 807 5314 865 5350; x_wconf 89' lang='grc' dir='ltr'>σε</span> <span class='ocrx_word' id='word_1_492' title='bbox 894 5298 1105 5367; x_wconf 78' lang='grc' dir='ltr'>ἀγαπᾷ.</span> <span class='ocrx_word' id='word_1_493' title='bbox 1147 5297 1211 5348; x_wconf 89' lang='grc' dir='ltr'>Τί</span> <span class='ocrx_word' id='word_1_494' title='bbox 1239 5297 1420 5350; x_wconf 82' lang='grc' dir='ltr'>τοίνυν</span> <span class='ocrx_word' id='word_1_495' title='bbox 1457 5297 1688 5366; x_wconf 80' lang='grc' dir='ltr'>ἀφέντες</span> <span class='ocrx_word' id='word_1_496' title='bbox 1714 5295 1858 5366; x_wconf 78' lang='grc' dir='ltr'>ἔχειν</span> <span class='ocrx_word' id='word_1_497' title='bbox 1882 5296 2016 5350; x_wconf 82' lang='grc' dir='ltr'>θαυ-</span> 
     </span>
    </p>
   </div>
   <div class='ocr_carea' id='block_1_61' title="bbox 443 5378 2012 5455">
    <p class='ocr_par' dir='ltr' id='par_1_61' title="bbox 443 5378 2012 5455">
     <span class='ocr_line' id='line_1_61' title="bbox 443 5378 2012 5455; baseline -0.003 -19"><span class='ocrx_word' id='word_1_498' title='bbox 443 5383 646 5455; x_wconf 87' lang='grc' dir='ltr'>μαστὸν</span> <span class='ocrx_word' id='word_1_499' title='bbox 694 5379 1008 5449; x_wconf 89' lang='grc' dir='ltr'>ἐπαινέτην,</span> <span class='ocrx_word' id='word_1_500' title='bbox 1063 5378 1198 5450; x_wconf 88' lang='grc' dir='ltr'>πρὸς</span> <span class='ocrx_word' id='word_1_501' title='bbox 1237 5378 1522 5450; x_wconf 74' lang='grc' dir='ltr'>ἄνθρωπον</span> <span class='ocrx_word' id='word_1_502' title='bbox 1569 5381 2012 5450; x_wconf 86' lang='grc' dir='ltr'>καταφεύγομεν,</span> 
     </span>
    </p>
   </div>
   <div class='ocr_carea' id='block_1_62' title="bbox 438 5460 2015 5532">
    <p class='ocr_par' dir='ltr' id='par_1_62' title="bbox 438 5460 2015 5532">
     <span class='ocr_line' id='line_1_62' title="bbox 438 5460 2015 5532; baseline -0.003 -12"><span class='ocrx_word' id='word_1_503' title='bbox 438 5468 528 5521; x_wconf 90' lang='grc' dir='ltr'>τὸν</span> <span class='ocrx_word' id='word_1_504' title='bbox 555 5465 728 5530; x_wconf 80' lang='grc' dir='ltr'>οὐδὲν,</span> <span class='ocrx_word' id='word_1_505' title='bbox 754 5462 845 5516; x_wconf 90' lang='grc' dir='ltr'>τὸν</span> <span class='ocrx_word' id='word_1_506' title='bbox 873 5462 1014 5532; x_wconf 80' lang='grc' dir='ltr'>εἰκῆ,</span> <span class='ocrx_word' id='word_1_507' title='bbox 1044 5460 1136 5513; x_wconf 90' lang='grc' dir='ltr'>τὸν</span> <span class='ocrx_word' id='word_1_508' title='bbox 1152 5460 1338 5523; x_wconf 90' lang='grc' dir='ltr'>ἀπλῶς</span> <span class='ocrx_word' id='word_1_509' title='bbox 1365 5477 1380 5525; x_wconf 87' lang='grc'><strong>;</strong></span> <span class='ocrx_word' id='word_1_510' title='bbox 1407 5463 1647 5532; x_wconf 86' lang='grc' dir='ltr'>Πονηρὸν</span> <span class='ocrx_word' id='word_1_511' title='bbox 1678 5481 1736 5516; x_wconf 93' lang='grc' dir='ltr'>σε</span> <span class='ocrx_word' id='word_1_512' title='bbox 1756 5461 2015 5532; x_wconf 75' lang='grc' dir='ltr'>λέγεικαὶ</span> 
     </span>
    </p>
   </div>
   <div class='ocr_carea' id='block_1_63' title="bbox 443 5541 2018 5622">
    <p class='ocr_par' dir='ltr' id='par_1_63' title="bbox 443 5541 2018 5622">
     <span class='ocr_line' id='line_1_63' title="bbox 443 5541 2018 5622; baseline -0.003 -19"><span class='ocrx_word' id='word_1_513' title='bbox 443 5548 638 5622; x_wconf 90' lang='grc' dir='ltr'>μιαρὸν</span> <span class='ocrx_word' id='word_1_514' title='bbox 666 5547 766 5601; x_wconf 81' lang='grc' dir='ltr'>οὐκ</span> <span class='ocrx_word' id='word_1_515' title='bbox 790 5545 918 5598; x_wconf 82' lang='grc' dir='ltr'>δντα</span> <span class='ocrx_word' id='word_1_516' title='bbox 938 5542 1178 5598; x_wconf 89' lang='grc' dir='ltr'>τοιοῦτον</span> <span class='ocrx_word' id='word_1_517' title='bbox 1203 5559 1217 5609; x_wconf 85' lang='grc'><strong>;</strong></span> <span class='ocrx_word' id='word_1_518' title='bbox 1240 5541 1424 5614; x_wconf 82' lang='grc' dir='ltr'>Ταύτῃ</span> <span class='ocrx_word' id='word_1_519' title='bbox 1451 5543 1651 5613; x_wconf 77' lang='grc' dir='ltr'>μᾶλλον</span> <span class='ocrx_word' id='word_1_520' title='bbox 1674 5547 1837 5599; x_wconf 85' lang='grc' dir='ltr'>αὐτὸν</span> <span class='ocrx_word' id='word_1_521' title='bbox 1869 5546 2018 5616; x_wconf 81' lang='grc' dir='ltr'>ἐλέη-</span> 
     </span>
    </p>
   </div>
   <div class='ocr_carea' id='block_1_64' title="bbox 441 5625 2013 5699">
    <p class='ocr_par' dir='ltr' id='par_1_64' title="bbox 441 5625 2013 5699">
     <span class='ocr_line' id='line_1_64' title="bbox 441 5625 2013 5699; baseline -0.001 -16"><span class='ocrx_word' id='word_1_522' title='bbox 441 5649 556 5696; x_wconf 90' lang='grc' dir='ltr'>σον,</span> <span class='ocrx_word' id='word_1_523' title='bbox 576 5633 669 5685; x_wconf 72' lang='grc' dir='ltr'>καὶ</span> <span class='ocrx_word' id='word_1_524' title='bbox 690 5629 959 5698; x_wconf 87' lang='grc' dir='ltr'>δάκρυσον</span> <span class='ocrx_word' id='word_1_525' title='bbox 986 5628 1067 5680; x_wconf 89' lang='lat'>6::</span> <span class='ocrx_word' id='word_1_526' title='bbox 1096 5625 1435 5697; x_wconf 85' lang='grc' dir='ltr'>διέφθαρται,</span> <span class='ocrx_word' id='word_1_527' title='bbox 1478 5625 1574 5679; x_wconf 71' lang='grc' dir='ltr'>καὶ</span> <span class='ocrx_word' id='word_1_528' title='bbox 1598 5629 2013 5699; x_wconf 81' lang='grc' dir='ltr'>καταφρόνησον</span> 
     </span>
    </p>
   </div>
   <div class='ocr_carea' id='block_1_65' title="bbox 441 5709 2013 5785">
    <p class='ocr_par' dir='ltr' id='par_1_65' title="bbox 441 5709 2013 5785">
     <span class='ocr_line' id='line_1_65' title="bbox 441 5709 2013 5785; baseline -0.003 -17"><span class='ocrx_word' id='word_1_529' title='bbox 441 5716 606 5770; x_wconf 67' lang='grc' dir='ltr'>αὑτοῦ</span> <span class='ocrx_word' id='word_1_530' title='bbox 637 5715 738 5785; x_wconf 90' lang='grc' dir='ltr'>τῆς</span> <span class='ocrx_word' id='word_1_531' title='bbox 761 5714 952 5785; x_wconf 83' lang='grc' dir='ltr'>δόξης,</span> <span class='ocrx_word' id='word_1_532' title='bbox 988 5712 1071 5764; x_wconf 88' lang='lat'>6::</span> <span class='ocrx_word' id='word_1_533' title='bbox 1116 5712 1440 5782; x_wconf 83' lang='grc' dir='ltr'>πεπήρωται</span> <span class='ocrx_word' id='word_1_534' title='bbox 1478 5709 1645 5763; x_wconf 91' lang='lat'><strong>00:00</strong></span> <span class='ocrx_word' id='word_1_535' title='bbox 1676 5711 1746 5764; x_wconf 87' lang='lat'>:0</span> <span class='ocrx_word' id='word_1_536' title='bbox 1771 5715 1870 5782; x_wconf 90' lang='grc' dir='ltr'>τῆς</span> <span class='ocrx_word' id='word_1_537' title='bbox 1896 5711 2013 5765; x_wconf 88' lang='grc' dir='ltr'>δια-</span> 
     </span>
    </p>
   </div>
   <div class='ocr_carea' id='block_1_66' title="bbox 438 5794 2019 5873">
    <p class='ocr_par' dir='ltr' id='par_1_66' title="bbox 438 5794 2019 5873">
     <span class='ocr_line' id='line_1_66' title="bbox 438 5794 2019 5873; baseline -0.004 -17"><span class='ocrx_word' id='word_1_538' title='bbox 438 5799 590 5865; x_wconf 72' lang='grc' dir='ltr'>νοίας</span> <span class='ocrx_word' id='word_1_539' title='bbox 622 5801 878 5872; x_wconf 77' lang='grc' dir='ltr'>ὄμματα·</span> <span class='ocrx_word' id='word_1_540' title='bbox 925 5797 1047 5852; x_wconf 82' lang='lat'><strong>51:51</strong></span> <span class='ocrx_word' id='word_1_541' title='bbox 1084 5795 1177 5852; x_wconf 81' lang='lat'><strong>1:01</strong></span> <span class='ocrx_word' id='word_1_542' title='bbox 1211 5797 1258 5849; x_wconf 86' lang='grc' dir='ltr'>οί</span> <span class='ocrx_word' id='word_1_543' title='bbox 1289 5794 1578 5850; x_wconf 81' lang='grc' dir='ltr'>ἀπόστολοι</span> <span class='ocrx_word' id='word_1_544' title='bbox 1625 5795 1796 5850; x_wconf 86' lang='grc' dir='ltr'>ταῦτα</span> <span class='ocrx_word' id='word_1_545' title='bbox 1847 5796 2019 5873; x_wconf 28' lang='grc' dir='ltr'>ἥκους’</span> 
     </span>
    </p>
   </div>
   <div class='ocr_carea' id='block_1_67' title="bbox 1111 222 2974 284">
    <p class='ocr_par' dir='ltr' id='par_1_67' title="bbox 1111 222 2974 284">
     <span class='ocr_line' id='line_1_67' title="bbox 1111 222 2974 284; baseline -0.001 0"><span class='ocrx_word' id='word_1_546' title='bbox 1111 228 1168 284; x_wconf 90' lang='lat' dir='ltr'>S.</span> <span class='ocrx_word' id='word_1_547' title='bbox 1207 227 1493 284; x_wconf 79' lang='lat' dir='ltr'>JOANNIS</span> <span class='ocrx_word' id='word_1_548' title='bbox 1529 222 2020 283; x_wconf 71' lang='grc' dir='ltr'>οιιιιγεοετοιιι</span> <span class='ocrx_word' id='word_1_549' title='bbox 2059 223 2380 284; x_wconf 81' lang='lat' dir='ltr'>ARCHIEP.</span> <span class='ocrx_word' id='word_1_550' title='bbox 2423 225 2974 283; x_wconf 69' lang='lat' dir='ltr'>CONSTANTINOP.</span> 
     </span>
    </p>
   </div>
   <div class='ocr_carea' id='block_1_68' title="bbox 3572 230 3681 287">
    <p class='ocr_par' dir='ltr' id='par_1_68' title="bbox 3572 230 3681 287">
     <span class='ocr_line' id='line_1_68' title="bbox 3572 230 3681 287; baseline 0 -1"><span class='ocrx_word' id='word_1_551' title='bbox 3572 230 3681 287; x_wconf 67' lang='grc' dir='ltr'>ιοιι</span> 
     </span>
    </p>
   </div>
   <div class='ocr_carea' id='block_1_69' title="bbox 2099 338 3690 411">
    <p class='ocr_par' dir='ltr' id='par_1_69' title="bbox 2099 338 3690 411">
     <span class='ocr_line' id='line_1_69' title="bbox 2099 338 3690 411; baseline 0.001 -18"><span class='ocrx_word' id='word_1_552' title='bbox 2099 358 2220 403; x_wconf 90' lang='grc' dir='ltr'>σαν,</span> <span class='ocrx_word' id='word_1_553' title='bbox 2249 342 2342 395; x_wconf 88' lang='lat'><strong>1:01</strong></span> <span class='ocrx_word' id='word_1_554' title='bbox 2381 342 2692 411; x_wconf 83' lang='grc' dir='ltr'>κατεγέλων</span> <span class='ocrx_word' id='word_1_555' title='bbox 2724 344 2832 395; x_wconf 88' lang='grc' dir='ltr'>τῶν</span> <span class='ocrx_word' id='word_1_556' title='bbox 2857 339 3270 396; x_wconf 80' lang='grc' dir='ltr'>διαϐαλλόντων.</span> <span class='ocrx_word' id='word_1_557' title='bbox 3311 338 3452 394; x_wconf 81' lang='grc' dir='ltr'>Ἀλλ’</span> <span class='ocrx_word' id='word_1_558' title='bbox 3473 341 3690 410; x_wconf 82' lang='grc' dir='ltr'>ἀγαθόν</span> 
     </span>
    </p>
   </div>
   <div class='ocr_carea' id='block_1_70' title="bbox 2097 419 3684 496">
    <p class='ocr_par' dir='ltr' id='par_1_70' title="bbox 2097 419 3684 496">
     <span class='ocr_line' id='line_1_70' title="bbox 2097 419 3684 496; baseline 0.002 -22"><span class='ocrx_word' id='word_1_559' title='bbox 2097 437 2157 475; x_wconf 90' lang='grc' dir='ltr'>σε</span> <span class='ocrx_word' id='word_1_560' title='bbox 2187 423 2334 492; x_wconf 82' lang='grc' dir='ltr'>λέγει</span> <span class='ocrx_word' id='word_1_561' title='bbox 2361 424 2456 476; x_wconf 84' lang='grc' dir='ltr'>καὶ</span> <span class='ocrx_word' id='word_1_562' title='bbox 2485 425 2750 494; x_wconf 90' lang='grc' dir='ltr'>χρηστόν;</span> <span class='ocrx_word' id='word_1_563' title='bbox 2785 427 2882 478; x_wconf 78' lang='grc' dir='ltr'>Ἂν</span> <span class='ocrx_word' id='word_1_564' title='bbox 2919 425 3017 495; x_wconf 82' lang='grc' dir='ltr'>μὲν</span> <span class='ocrx_word' id='word_1_565' title='bbox 3039 423 3280 486; x_wconf 89' lang='grc' dir='ltr'>τοιοῦτος</span> <span class='ocrx_word' id='word_1_566' title='bbox 3311 419 3398 496; x_wconf 85' lang='grc' dir='ltr'>ᾖς,</span> <span class='ocrx_word' id='word_1_567' title='bbox 3435 423 3684 495; x_wconf 87' lang='grc' dir='ltr'>μηδόλως</span> 
     </span>
    </p>
   </div>
   <div class='ocr_carea' id='block_1_71' title="bbox 2097 503 3685 581">
    <p class='ocr_par' dir='ltr' id='par_1_71' title="bbox 2097 503 3685 581">
     <span class='ocr_line' id='line_1_71' title="bbox 2097 503 3685 581; baseline 0.001 -22"><span class='ocrx_word' id='word_1_568' title='bbox 2097 508 2379 577; x_wconf 83' lang='grc' dir='ltr'>χαυνωθῇς</span> <span class='ocrx_word' id='word_1_569' title='bbox 2400 507 2509 560; x_wconf 88' lang='lat'><strong>01:0</strong></span> <span class='ocrx_word' id='word_1_570' title='bbox 2539 507 2640 578; x_wconf 87' lang='grc' dir='ltr'>τῆς</span> <span class='ocrx_word' id='word_1_571' title='bbox 2666 509 2854 578; x_wconf 78' lang='grc' dir='ltr'>δόξηςο</span> <span class='ocrx_word' id='word_1_572' title='bbox 2872 508 2937 561; x_wconf 86' lang='grc' dir='ltr'>ἂν</span> <span class='ocrx_word' id='word_1_573' title='bbox 2963 508 3019 561; x_wconf 83' lang='grc' dir='ltr'>δέ</span> <span class='ocrx_word' id='word_1_574' title='bbox 3048 507 3122 579; x_wconf 80' lang='grc' dir='ltr'>μὴ</span> <span class='ocrx_word' id='word_1_575' title='bbox 3147 503 3216 581; x_wconf 80' lang='grc' dir='ltr'>ᾗς</span> <span class='ocrx_word' id='word_1_576' title='bbox 3233 507 3496 573; x_wconf 85' lang='grc' dir='ltr'>τοιοῦτος,</span> <span class='ocrx_word' id='word_1_577' title='bbox 3519 507 3685 561; x_wconf 87' lang='grc' dir='ltr'>πλέον</span> 
     </span>
    </p>
   </div>
   <div class='ocr_carea' id='block_1_72' title="bbox 2096 589 3682 663">
    <p class='ocr_par' dir='ltr' id='par_1_72' title="bbox 2096 589 3682 663">
     <span class='ocr_line' id='line_1_72' title="bbox 2096 589 3682 663; baseline 0.001 -19"><span class='ocrx_word' id='word_1_578' title='bbox 2096 591 2530 662; x_wconf 87' lang='grc' dir='ltr'>καταφρόνησον,</span> <span class='ocrx_word' id='word_1_579' title='bbox 2568 593 2663 645; x_wconf 82' lang='grc' dir='ltr'>καὶ</span> <span class='ocrx_word' id='word_1_580' title='bbox 2711 593 3001 663; x_wconf 86' lang='grc' dir='ltr'>χλευασίαν</span> <span class='ocrx_word' id='word_1_581' title='bbox 3042 592 3103 644; x_wconf 91' lang='grc' dir='ltr'>τὸ</span> <span class='ocrx_word' id='word_1_582' title='bbox 3134 593 3366 662; x_wconf 84' lang='grc' dir='ltr'>πρᾶγμα</span> <span class='ocrx_word' id='word_1_583' title='bbox 3400 589 3540 644; x_wconf 69' lang='grc' dir='ltr'>εἶναι</span> <span class='ocrx_word' id='word_1_584' title='bbox 3591 593 3682 645; x_wconf 89' lang='grc' dir='ltr'>νό-</span> 
     </span>
    </p>
   </div>
   <div class='ocr_carea' id='block_1_73' title="bbox 2099 673 3686 745">
    <p class='ocr_par' dir='ltr' id='par_1_73' title="bbox 2099 673 3686 745">
     <span class='ocr_line' id='line_1_73' title="bbox 2099 673 3686 745; baseline 0.001 -20"><span class='ocrx_word' id='word_1_585' title='bbox 2099 674 2243 743; x_wconf 76' lang='grc' dir='ltr'>μιζε.</span> <span class='ocrx_word' id='word_1_586' title='bbox 2273 673 2462 727; x_wconf 88' lang='grc' dir='ltr'>Βούλει</span> <span class='ocrx_word' id='word_1_587' title='bbox 2506 674 2697 744; x_wconf 89' lang='grc' dir='ltr'>μαθεῖν</span> <span class='ocrx_word' id='word_1_588' title='bbox 2747 674 2857 728; x_wconf 87' lang='grc' dir='ltr'>τῶν</span> <span class='ocrx_word' id='word_1_589' title='bbox 2886 674 3098 729; x_wconf 89' lang='grc' dir='ltr'>πολλῶν</span> <span class='ocrx_word' id='word_1_590' title='bbox 3129 675 3229 736; x_wconf 79' lang='grc' dir='ltr'>τὰς</span> <span class='ocrx_word' id='word_1_591' title='bbox 3282 674 3527 745; x_wconf 88' lang='grc' dir='ltr'>κρίσεις,</span> <span class='ocrx_word' id='word_1_592' title='bbox 3566 675 3686 738; x_wconf 88' lang='grc' dir='ltr'>πῶς</span> 
     </span>
    </p>
   </div>
   <div class='ocr_carea' id='block_1_74' title="bbox 2094 756 3684 828">
    <p class='ocr_par' dir='ltr' id='par_1_74' title="bbox 2094 756 3684 828">
     <span class='ocr_line' id='line_1_74' title="bbox 2094 756 3684 828; baseline 0 -19"><span class='ocrx_word' id='word_1_593' title='bbox 2094 756 2200 809; x_wconf 78' lang='grc' dir='ltr'>είσὶ</span> <span class='ocrx_word' id='word_1_594' title='bbox 2231 756 2626 828; x_wconf 85' lang='grc' dir='ltr'>διεφθαρμέναι</span> <span class='ocrx_word' id='word_1_595' title='bbox 2656 757 2753 811; x_wconf 73' lang='grc' dir='ltr'>καὶ</span> <span class='ocrx_word' id='word_1_596' title='bbox 2781 758 3046 828; x_wconf 74' lang='grc' dir='ltr'>ἄχρηστοι</span> <span class='ocrx_word' id='word_1_597' title='bbox 3091 758 3186 811; x_wconf 80' lang='grc' dir='ltr'>καὶ</span> <span class='ocrx_word' id='word_1_598' title='bbox 3229 757 3467 825; x_wconf 86' lang='grc' dir='ltr'>γέλωτος</span> <span class='ocrx_word' id='word_1_599' title='bbox 3509 756 3684 822; x_wconf 76' lang='grc' dir='ltr'>ἄξιαι,</span> 
     </span>
    </p>
   </div>
   <div class='ocr_carea' id='block_1_75' title="bbox 2095 839 3687 912">
    <p class='ocr_par' dir='ltr' id='par_1_75' title="bbox 2095 839 3687 912">
     <span class='ocr_line' id='line_1_75' title="bbox 2095 839 3687 912; baseline -0.001 -18"><span class='ocrx_word' id='word_1_600' title='bbox 2095 841 2189 894; x_wconf 86' lang='lat'><strong>1:01</strong></span> <span class='ocrx_word' id='word_1_601' title='bbox 2213 841 2269 894; x_wconf 79' lang='grc' dir='ltr'>αἱ</span> <span class='ocrx_word' id='word_1_602' title='bbox 2300 841 2398 912; x_wconf 80' lang='grc' dir='ltr'>μὲν</span> <span class='ocrx_word' id='word_1_603' title='bbox 2424 840 2746 911; x_wconf 87' lang='grc' dir='ltr'>μεμηνότων</span> <span class='ocrx_word' id='word_1_604' title='bbox 2777 842 2871 894; x_wconf 79' lang='grc' dir='ltr'>καὶ</span> <span class='ocrx_word' id='word_1_605' title='bbox 2900 840 3290 910; x_wconf 79' lang='grc' dir='ltr'>ἐξεστηκότων.</span> <span class='ocrx_word' id='word_1_606' title='bbox 3316 841 3374 892; x_wconf 82' lang='grc' dir='ltr'>αἱ</span> <span class='ocrx_word' id='word_1_607' title='bbox 3400 839 3459 892; x_wconf 84' lang='grc' dir='ltr'>δὲ</span> <span class='ocrx_word' id='word_1_608' title='bbox 3479 841 3687 894; x_wconf 87' lang='grc' dir='ltr'>παίδων</span> 
     </span>
    </p>
   </div>
   <div class='ocr_carea' id='block_1_76' title="bbox 2095 920 3688 993">
    <p class='ocr_par' dir='ltr' id='par_1_76' title="bbox 2095 920 3688 993">
     <span class='ocr_line' id='line_1_76' title="bbox 2095 920 3688 993; baseline -0.001 -17"><span class='ocrx_word' id='word_1_609' title='bbox 2095 923 2460 986; x_wconf 75' lang='grc' dir='ltr'>ὑποτιτθίωνς</span> <span class='ocrx_word' id='word_1_610' title='bbox 2499 924 2766 976; x_wconf 80' lang='grc' dir='ltr'>Ἀκουσον</span> <span class='ocrx_word' id='word_1_611' title='bbox 2795 923 3020 978; x_wconf 84' lang='grc' dir='ltr'>ἀνωθεν.</span> <span class='ocrx_word' id='word_1_612' title='bbox 3071 920 3212 993; x_wconf 80' lang='grc' dir='ltr'>Ἐρῶ</span> <span class='ocrx_word' id='word_1_613' title='bbox 3257 920 3315 974; x_wconf 86' lang='grc' dir='ltr'>δέ</span> <span class='ocrx_word' id='word_1_614' title='bbox 3353 939 3435 975; x_wconf 91' lang='grc' dir='ltr'>σοι</span> <span class='ocrx_word' id='word_1_615' title='bbox 3473 922 3688 992; x_wconf 75' lang='grc' dir='ltr'>κρίσεις</span> 
     </span>
    </p>
   </div>
   <div class='ocr_carea' id='block_1_77' title="bbox 2095 1003 3688 1076">
    <p class='ocr_par' dir='ltr' id='par_1_77' title="bbox 2095 1003 3688 1076">
     <span class='ocr_line' id='line_1_77' title="bbox 2095 1003 3688 1076; baseline -0.001 -19"><span class='ocrx_word' id='word_1_616' title='bbox 2095 1005 2220 1075; x_wconf 64' lang='grc' dir='ltr'>οὐχ).</span> <span class='ocrx_word' id='word_1_617' title='bbox 2253 1005 2352 1068; x_wconf 84' lang='grc' dir='ltr'>τὰς</span> <span class='ocrx_word' id='word_1_618' title='bbox 2382 1004 2474 1058; x_wconf 88' lang='grc' dir='ltr'>τοῦ</span> <span class='ocrx_word' id='word_1_619' title='bbox 2505 1006 2679 1075; x_wconf 87' lang='grc' dir='ltr'>δήμου</span> <span class='ocrx_word' id='word_1_620' title='bbox 2714 1005 2892 1076; x_wconf 88' lang='grc' dir='ltr'>μόνον,</span> <span class='ocrx_word' id='word_1_621' title='bbox 2923 1004 3058 1058; x_wconf 86' lang='grc' dir='ltr'>ἀλλά</span> <span class='ocrx_word' id='word_1_622' title='bbox 3084 1007 3178 1058; x_wconf 84' lang='grc' dir='ltr'>καὶ</span> <span class='ocrx_word' id='word_1_623' title='bbox 3208 1004 3309 1066; x_wconf 89' lang='grc' dir='ltr'>τάς</span> <span class='ocrx_word' id='word_1_624' title='bbox 3333 1003 3442 1056; x_wconf 91' lang='grc' dir='ltr'>τῶν</span> <span class='ocrx_word' id='word_1_625' title='bbox 3459 1004 3688 1058; x_wconf 87' lang='grc' dir='ltr'>δοκούν-</span> 
     </span>
    </p>
   </div>
   <div class='ocr_carea' id='block_1_78' title="bbox 2094 1083 3690 1158">
    <p class='ocr_par' dir='ltr' id='par_1_78' title="bbox 2094 1083 3690 1158">
     <span class='ocr_line' id='line_1_78' title="bbox 2094 1083 3690 1158; baseline 0.008 -19"><span class='ocrx_word' id='word_1_626' title='bbox 2094 1103 2205 1140; x_wconf 87' lang='grc' dir='ltr'>των</span> <span class='ocrx_word' id='word_1_627' title='bbox 2226 1083 2364 1141; x_wconf 74' lang='grc' dir='ltr'>εἶναι</span> <span class='ocrx_word' id='word_1_628' title='bbox 2386 1089 2733 1156; x_wconf 86' lang='grc' dir='ltr'>σοφωτάτων,</span> <span class='ocrx_word' id='word_1_629' title='bbox 2768 1087 2874 1140; x_wconf 90' lang='grc' dir='ltr'>τῶν</span> <span class='ocrx_word' id='word_1_630' title='bbox 2902 1087 2960 1152; x_wconf 83' lang='grc' dir='ltr'>ἐξ</span> <span class='ocrx_word' id='word_1_631' title='bbox 3003 1087 3180 1158; x_wconf 81' lang='grc' dir='ltr'>ἀρχῆς</span> <span class='ocrx_word' id='word_1_632' title='bbox 3220 1086 3550 1157; x_wconf 75' lang='grc' dir='ltr'>νομοθετῶν·</span> <span class='ocrx_word' id='word_1_633' title='bbox 3589 1087 3690 1150; x_wconf 82' lang='grc' dir='ltr'>Τίς</span> 
     </span>
    </p>
   </div>
   <div class='ocr_carea' id='block_1_79' title="bbox 2091 1165 3688 1246">
    <p class='ocr_par' dir='ltr' id='par_1_79' title="bbox 2091 1165 3688 1246">
     <span class='ocr_line' id='line_1_79' title="bbox 2091 1165 3688 1246; baseline -0.003 -20"><span class='ocrx_word' id='word_1_634' title='bbox 2091 1172 2210 1246; x_wconf 84' lang='grc' dir='ltr'>γὰρ</span> <span class='ocrx_word' id='word_1_635' title='bbox 2231 1170 2297 1225; x_wconf 83' lang='grc' dir='ltr'>ἀν</span> <span class='ocrx_word' id='word_1_636' title='bbox 2325 1171 2494 1239; x_wconf 81' lang='grc' dir='ltr'>δόξειε</span> <span class='ocrx_word' id='word_1_637' title='bbox 2518 1172 2669 1242; x_wconf 88' lang='grc' dir='ltr'>παρά</span> <span class='ocrx_word' id='word_1_638' title='bbox 2697 1174 2808 1233; x_wconf 80' lang='grc' dir='ltr'>τοῖς</span> <span class='ocrx_word' id='word_1_639' title='bbox 2835 1170 3048 1232; x_wconf 80' lang='grc' dir='ltr'>πολλοῖς</span> <span class='ocrx_word' id='word_1_640' title='bbox 3076 1167 3382 1238; x_wconf 85' lang='grc' dir='ltr'>σοφώτερος</span> <span class='ocrx_word' id='word_1_641' title='bbox 3417 1165 3560 1221; x_wconf 74' lang='grc' dir='ltr'>εἶναι</span> <span class='ocrx_word' id='word_1_642' title='bbox 3591 1170 3688 1222; x_wconf 88' lang='lat'>:00</span> 
     </span>
    </p>
   </div>
   <div class='ocr_carea' id='block_1_80' title="bbox 2096 1252 3688 1326">
    <p class='ocr_par' dir='ltr' id='par_1_80' title="bbox 2096 1252 3688 1326">
     <span class='ocr_line' id='line_1_80' title="bbox 2096 1252 3688 1326; baseline -0.004 -16"><span class='ocrx_word' id='word_1_643' title='bbox 2096 1253 2448 1326; x_wconf 88' lang='grc' dir='ltr'>νομισθέντος</span> <span class='ocrx_word' id='word_1_644' title='bbox 2502 1254 2656 1320; x_wconf 84' lang='grc' dir='ltr'>ἀξίου</span> <span class='ocrx_word' id='word_1_645' title='bbox 2722 1253 2910 1307; x_wconf 88' lang='grc' dir='ltr'>πόλεσι</span> <span class='ocrx_word' id='word_1_646' title='bbox 2960 1253 3054 1306; x_wconf 90' lang='lat'><strong>1:01</strong></span> <span class='ocrx_word' id='word_1_647' title='bbox 3099 1252 3293 1322; x_wconf 89' lang='grc' dir='ltr'>δήμοις</span> <span class='ocrx_word' id='word_1_648' title='bbox 3339 1252 3688 1322; x_wconf 85' lang='grc' dir='ltr'>νομοθετεῖν;</span> 
     </span>
    </p>
   </div>
   <div class='ocr_carea' id='block_1_81' title="bbox 2109 1335 3689 1408">
    <p class='ocr_par' dir='ltr' id='par_1_81' title="bbox 2109 1335 3689 1408">
     <span class='ocr_line' id='line_1_81' title="bbox 2109 1335 3689 1408; baseline -0.003 -17"><span class='ocrx_word' id='word_1_649' title='bbox 2109 1338 2251 1392; x_wconf 84' lang='grc' dir='ltr'>’Δλλ’</span> <span class='ocrx_word' id='word_1_650' title='bbox 2272 1339 2424 1408; x_wconf 82' lang='grc' dir='ltr'>ὅμως</span> <span class='ocrx_word' id='word_1_651' title='bbox 2457 1341 2569 1401; x_wconf 91' lang='grc' dir='ltr'>τοῖς</span> <span class='ocrx_word' id='word_1_652' title='bbox 2615 1339 2800 1407; x_wconf 88' lang='grc' dir='ltr'>σοφοῖς</span> <span class='ocrx_word' id='word_1_653' title='bbox 2843 1335 3053 1398; x_wconf 84' lang='grc' dir='ltr'>τούτοις</span> <span class='ocrx_word' id='word_1_654' title='bbox 3104 1335 3166 1387; x_wconf 89' lang='grc' dir='ltr'>τὸ</span> <span class='ocrx_word' id='word_1_655' title='bbox 3209 1336 3497 1405; x_wconf 87' lang='grc' dir='ltr'>πορνεύειν</span> <span class='ocrx_word' id='word_1_656' title='bbox 3531 1335 3689 1388; x_wconf 81' lang='grc' dir='ltr'>οὐδὲν</span> 
     </span>
    </p>
   </div>
   <div class='ocr_carea' id='block_1_82' title="bbox 2097 1417 3689 1490">
    <p class='ocr_par' dir='ltr' id='par_1_82' title="bbox 2097 1417 3689 1490">
     <span class='ocr_line' id='line_1_82' title="bbox 2097 1417 3689 1490; baseline -0.003 -15"><span class='ocrx_word' id='word_1_657' title='bbox 2097 1417 2240 1475; x_wconf 85' lang='grc' dir='ltr'>εἶναι</span> <span class='ocrx_word' id='word_1_658' title='bbox 2265 1421 2412 1474; x_wconf 86' lang='grc' dir='ltr'>δοκεῖ</span> <span class='ocrx_word' id='word_1_659' title='bbox 2430 1421 2666 1490; x_wconf 89' lang='grc' dir='ltr'>πονηρὸν</span> <span class='ocrx_word' id='word_1_660' title='bbox 2695 1420 2816 1473; x_wconf 85' lang='lat'><strong>0065</strong></span> <span class='ocrx_word' id='word_1_661' title='bbox 2840 1419 3116 1481; x_wconf 85' lang='grc' dir='ltr'>κολάσεως</span> <span class='ocrx_word' id='word_1_662' title='bbox 3151 1417 3320 1482; x_wconf 78' lang='grc' dir='ltr'>ἀξιον.</span> <span class='ocrx_word' id='word_1_663' title='bbox 3345 1418 3539 1480; x_wconf 78' lang='grc' dir='ltr'>Οὐδεὶς</span> <span class='ocrx_word' id='word_1_664' title='bbox 3554 1419 3689 1486; x_wconf 83' lang='grc' dir='ltr'>γοῦν</span> 
     </span>
    </p>
   </div>
   <div class='ocr_carea' id='block_1_83' title="bbox 2097 1501 3691 1577">
    <p class='ocr_par' dir='ltr' id='par_1_83' title="bbox 2097 1501 3691 1577">
     <span class='ocr_line' id='line_1_83' title="bbox 2097 1501 3691 1577; baseline -0.003 -18"><span class='ocrx_word' id='word_1_665' title='bbox 2097 1506 2209 1560; x_wconf 90' lang='grc' dir='ltr'>τῶν</span> <span class='ocrx_word' id='word_1_666' title='bbox 2235 1505 2414 1575; x_wconf 89' lang='grc' dir='ltr'>νόμων</span> <span class='ocrx_word' id='word_1_667' title='bbox 2439 1503 2589 1577; x_wconf 78' lang='grc' dir='ltr'>[1θὸ]</span> <span class='ocrx_word' id='word_1_668' title='bbox 2611 1503 2722 1557; x_wconf 86' lang='grc' dir='ltr'>τῶν</span> <span class='ocrx_word' id='word_1_669' title='bbox 2747 1503 2948 1568; x_wconf 78' lang='grc' dir='ltr'>ἔξωθεν</span> <span class='ocrx_word' id='word_1_670' title='bbox 2979 1501 3113 1557; x_wconf 82' lang='grc' dir='ltr'>αὐτὸ</span> <span class='ocrx_word' id='word_1_671' title='bbox 3142 1502 3426 1566; x_wconf 85' lang='grc' dir='ltr'>ἐκόλασεν,</span> <span class='ocrx_word' id='word_1_672' title='bbox 3458 1501 3583 1554; x_wconf 81' lang='lat'><strong>0065</strong></span> <span class='ocrx_word' id='word_1_673' title='bbox 3607 1505 3691 1566; x_wconf 75' lang='grc' dir='ltr'>είς</span> 
     </span>
    </p>
   </div>
   <div class='ocr_carea' id='block_1_84' title="bbox 2097 1583 3690 1658">
    <p class='ocr_par' dir='ltr' id='par_1_84' title="bbox 2097 1583 3690 1658">
     <span class='ocr_line' id='line_1_84' title="bbox 2097 1583 3690 1658; baseline -0.004 -17"><span class='ocrx_word' id='word_1_674' title='bbox 2097 1587 2448 1658; x_wconf 87' lang='grc' dir='ltr'>δικαστήριον</span> <span class='ocrx_word' id='word_1_675' title='bbox 2477 1586 2728 1640; x_wconf 81' lang='grc' dir='ltr'>εἵλκυσεν</span> <span class='ocrx_word' id='word_1_676' title='bbox 2757 1584 3012 1638; x_wconf 88' lang='grc' dir='ltr'>ἐντεῦθεν</span> <span class='ocrx_word' id='word_1_677' title='bbox 3031 1603 3045 1617; x_wconf 77' lang='grc' dir='ltr'><strong>ο</strong></span> <span class='ocrx_word' id='word_1_678' title='bbox 3069 1584 3206 1638; x_wconf 90' lang='grc' dir='ltr'>ἀλλά</span> <span class='ocrx_word' id='word_1_679' title='bbox 3234 1584 3339 1638; x_wconf 79' lang='grc' dir='ltr'>κᾶν</span> <span class='ocrx_word' id='word_1_680' title='bbox 3369 1583 3574 1658; x_wconf 81' lang='grc' dir='ltr'>ἐλκύσῃ</span> <span class='ocrx_word' id='word_1_681' title='bbox 3604 1603 3690 1648; x_wconf 90' lang='grc' dir='ltr'>τις</span> 
     </span>
    </p>
   </div>
   <div class='ocr_carea' id='block_1_85' title="bbox 2099 1666 3691 1740">
    <p class='ocr_par' dir='ltr' id='par_1_85' title="bbox 2099 1666 3691 1740">
     <span class='ocr_line' id='line_1_85' title="bbox 2099 1666 3691 1740; baseline -0.004 -17"><span class='ocrx_word' id='word_1_682' title='bbox 2099 1670 2242 1740; x_wconf 88' lang='lat'><strong>01:59</strong></span> <span class='ocrx_word' id='word_1_683' title='bbox 2273 1669 2501 1732; x_wconf 86' lang='grc' dir='ltr'>τούτων,</span> <span class='ocrx_word' id='word_1_684' title='bbox 2529 1667 2907 1736; x_wconf 86' lang='grc' dir='ltr'>καταγελῶσιν</span> <span class='ocrx_word' id='word_1_685' title='bbox 2936 1668 2986 1720; x_wconf 78' lang='grc' dir='ltr'>οἱ</span> <span class='ocrx_word' id='word_1_686' title='bbox 3018 1666 3224 1731; x_wconf 69' lang='grc' dir='ltr'>πολλοὶ,</span> <span class='ocrx_word' id='word_1_687' title='bbox 3248 1667 3344 1719; x_wconf 90' lang='lat'><strong>1:01</strong></span> <span class='ocrx_word' id='word_1_688' title='bbox 3374 1667 3475 1720; x_wconf 92' lang='lat'><strong>001:</strong></span> <span class='ocrx_word' id='word_1_689' title='bbox 3501 1666 3691 1732; x_wconf 81' lang='grc' dir='ltr'>ἀνέξε-</span> 
     </span>
    </p>
   </div>
   <div class='ocr_carea' id='block_1_86' title="bbox 2098 1748 3690 1824">
    <p class='ocr_par' dir='ltr' id='par_1_86' title="bbox 2098 1748 3690 1824">
     <span class='ocr_line' id='line_1_86' title="bbox 2098 1748 3690 1824; baseline -0.004 -18"><span class='ocrx_word' id='word_1_690' title='bbox 2098 1771 2188 1806; x_wconf 90' lang='grc' dir='ltr'>ται</span> <span class='ocrx_word' id='word_1_691' title='bbox 2223 1762 2242 1783; x_wconf 88' lang='grc'><strong>·</strong></span> <span class='ocrx_word' id='word_1_692' title='bbox 2284 1753 2312 1804; x_wconf 93' lang='lat'>0</span> <span class='ocrx_word' id='word_1_693' title='bbox 2336 1750 2594 1815; x_wconf 77' lang='grc' dir='ltr'>δικάζων.</span> <span class='ocrx_word' id='word_1_694' title='bbox 2627 1752 2700 1804; x_wconf 91' lang='grc' dir='ltr'>Τὸ</span> <span class='ocrx_word' id='word_1_695' title='bbox 2732 1750 2986 1804; x_wconf 90' lang='grc' dir='ltr'>κυϐεύειν</span> <span class='ocrx_word' id='word_1_696' title='bbox 3014 1749 3176 1824; x_wconf 88' lang='grc' dir='ltr'>πάλιν</span> <span class='ocrx_word' id='word_1_697' title='bbox 3208 1750 3308 1820; x_wconf 86' lang='grc' dir='ltr'>τῆς</span> <span class='ocrx_word' id='word_1_698' title='bbox 3338 1749 3469 1820; x_wconf 83' lang='grc' dir='ltr'>παρ’</span> <span class='ocrx_word' id='word_1_699' title='bbox 3500 1748 3690 1803; x_wconf 84' lang='grc' dir='ltr'>αὐτῶν</span> 
     </span>
    </p>
   </div>
   <div class='ocr_carea' id='block_1_87' title="bbox 2097 1830 3691 1907">
    <p class='ocr_par' dir='ltr' id='par_1_87' title="bbox 2097 1830 3691 1907">
     <span class='ocr_line' id='line_1_87' title="bbox 2097 1830 3691 1907; baseline -0.004 -18"><span class='ocrx_word' id='word_1_700' title='bbox 2097 1835 2370 1907; x_wconf 87' lang='grc' dir='ltr'>τιμωρίας</span> <span class='ocrx_word' id='word_1_701' title='bbox 2407 1834 2554 1888; x_wconf 76' lang='grc' dir='ltr'>ἐστὶν</span> <span class='ocrx_word' id='word_1_702' title='bbox 2591 1833 2899 1904; x_wconf 89' lang='grc' dir='ltr'>ἐλεύθερον,</span> <span class='ocrx_word' id='word_1_703' title='bbox 2951 1832 3047 1885; x_wconf 87' lang='lat'><strong>1:01</strong></span> <span class='ocrx_word' id='word_1_704' title='bbox 3077 1832 3254 1896; x_wconf 87' lang='lat'><strong>00651;</strong></span> <span class='ocrx_word' id='word_1_705' title='bbox 3289 1830 3433 1902; x_wconf 85' lang='lat'><strong>01:59</strong></span> <span class='ocrx_word' id='word_1_706' title='bbox 3478 1831 3691 1883; x_wconf 90' lang='grc' dir='ltr'>τούτων</span> 
     </span>
    </p>
   </div>
   <div class='ocr_carea' id='block_1_88' title="bbox 2098 1913 3692 1989">
    <p class='ocr_par' dir='ltr' id='par_1_88' title="bbox 2098 1913 3692 1989">
     <span class='ocr_line' id='line_1_88' title="bbox 2098 1913 3692 1989; baseline -0.004 -17"><span class='ocrx_word' id='word_1_707' title='bbox 2098 1919 2256 1988; x_wconf 88' lang='grc' dir='ltr'>δίκην</span> <span class='ocrx_word' id='word_1_708' title='bbox 2282 1917 2449 1972; x_wconf 73' lang='grc' dir='ltr'>ἔδωκέ</span> <span class='ocrx_word' id='word_1_709' title='bbox 2485 1934 2616 1971; x_wconf 90' lang='grc' dir='ltr'>ποτε</span> <span class='ocrx_word' id='word_1_710' title='bbox 2651 1917 2780 1989; x_wconf 86' lang='grc' dir='ltr'>παρ’</span> <span class='ocrx_word' id='word_1_711' title='bbox 2812 1917 3062 1979; x_wconf 88' lang='grc' dir='ltr'>ἐκείνοις.</span> <span class='ocrx_word' id='word_1_712' title='bbox 3106 1915 3181 1968; x_wconf 87' lang='grc' dir='ltr'>Τὸ</span> <span class='ocrx_word' id='word_1_713' title='bbox 3201 1913 3421 1986; x_wconf 87' lang='grc' dir='ltr'>μεθύειν</span> <span class='ocrx_word' id='word_1_714' title='bbox 3463 1915 3559 1967; x_wconf 86' lang='lat'><strong>1:01</strong></span> <span class='ocrx_word' id='word_1_715' title='bbox 3588 1930 3692 1981; x_wconf 87' lang='lat'><strong>70-</strong></span> 
     </span>
    </p>
   </div>
   <div class='ocr_carea' id='block_1_89' title="bbox 2103 1996 3693 2074">
    <p class='ocr_par' dir='ltr' id='par_1_89' title="bbox 2103 1996 3693 2074">
     <span class='ocr_line' id='line_1_89' title="bbox 2103 1996 3693 2074; baseline -0.004 -18"><span class='ocrx_word' id='word_1_716' title='bbox 2103 2001 2421 2074; x_wconf 79' lang='grc' dir='ltr'>στρίζεσθαι</span> <span class='ocrx_word' id='word_1_717' title='bbox 2455 2001 2517 2053; x_wconf 91' lang='grc' dir='ltr'>ού</span> <span class='ocrx_word' id='word_1_718' title='bbox 2566 2001 2726 2070; x_wconf 88' lang='grc' dir='ltr'>μόνον</span> <span class='ocrx_word' id='word_1_719' title='bbox 2750 2001 2849 2053; x_wconf 87' lang='lat'><strong>001:</strong></span> <span class='ocrx_word' id='word_1_720' title='bbox 2873 1999 3021 2052; x_wconf 79' lang='grc' dir='ltr'>ἐστιν</span> <span class='ocrx_word' id='word_1_721' title='bbox 3048 1998 3302 2069; x_wconf 76' lang='grc' dir='ltr'>ἔγκλημα</span> <span class='ocrx_word' id='word_1_722' title='bbox 3324 1999 3375 2063; x_wconf 75' lang='grc' dir='ltr'>ιι,</span> <span class='ocrx_word' id='word_1_723' title='bbox 3408 1996 3548 2050; x_wconf 88' lang='grc' dir='ltr'>ἀλλά</span> <span class='ocrx_word' id='word_1_724' title='bbox 3595 1998 3693 2050; x_wconf 80' lang='grc' dir='ltr'>καὶ</span> 
     </span>
    </p>
   </div>
   <div class='ocr_carea' id='block_1_90' title="bbox 2106 2077 3695 2155">
    <p class='ocr_par' dir='ltr' id='par_1_90' title="bbox 2106 2077 3695 2155">
     <span class='ocr_line' id='line_1_90' title="bbox 2106 2077 3695 2155; baseline -0.005 -17"><span class='ocrx_word' id='word_1_725' title='bbox 2106 2084 2441 2155; x_wconf 89' lang='grc' dir='ltr'>κατόρθωμα</span> <span class='ocrx_word' id='word_1_726' title='bbox 2477 2086 2629 2154; x_wconf 88' lang='grc' dir='ltr'>παρά</span> <span class='ocrx_word' id='word_1_727' title='bbox 2676 2082 2892 2145; x_wconf 87' lang='grc' dir='ltr'>πολλοῖς</span> <span class='ocrx_word' id='word_1_728' title='bbox 2939 2077 3082 2135; x_wconf 77' lang='grc' dir='ltr'>εἶναι</span> <span class='ocrx_word' id='word_1_729' title='bbox 3126 2081 3478 2150; x_wconf 75' lang='grc' dir='ltr'>νενόμισταιο</span> <span class='ocrx_word' id='word_1_730' title='bbox 3509 2079 3604 2132; x_wconf 87' lang='lat'><strong>1:01</strong></span> <span class='ocrx_word' id='word_1_731' title='bbox 3633 2079 3695 2130; x_wconf 87' lang='grc' dir='ltr'>ἐν</span> 
     </span>
    </p>
   </div>
   <div class='ocr_carea' id='block_1_91' title="bbox 2103 2162 3694 2238">
    <p class='ocr_par' dir='ltr' id='par_1_91' title="bbox 2103 2162 3694 2238">
     <span class='ocr_line' id='line_1_91' title="bbox 2103 2162 3694 2238; baseline -0.003 -20"><span class='ocrx_word' id='word_1_732' title='bbox 2103 2169 2216 2230; x_wconf 86' lang='grc' dir='ltr'>τοῖς</span> <span class='ocrx_word' id='word_1_733' title='bbox 2251 2167 2664 2238; x_wconf 84' lang='grc' dir='ltr'>στρατιωτικοῖς</span> <span class='ocrx_word' id='word_1_734' title='bbox 2698 2166 2936 2228; x_wconf 85' lang='grc' dir='ltr'>δείπνοις</span> <span class='ocrx_word' id='word_1_735' title='bbox 2967 2165 3136 2236; x_wconf 85' lang='grc' dir='ltr'>πολλὴ</span> <span class='ocrx_word' id='word_1_736' title='bbox 3164 2165 3196 2235; x_wconf 80' lang='grc' dir='ltr'>η</span> <span class='ocrx_word' id='word_1_737' title='bbox 3228 2162 3324 2216; x_wconf 91' lang='grc' dir='ltr'>τοῦ</span> <span class='ocrx_word' id='word_1_738' title='bbox 3363 2163 3694 2233; x_wconf 86' lang='grc' dir='ltr'>πράγματος</span> 
     </span>
    </p>
   </div>
   <div class='ocr_carea' id='block_1_92' title="bbox 2105 2244 3695 2319">
    <p class='ocr_par' dir='ltr' id='par_1_92' title="bbox 2105 2244 3695 2319">
     <span class='ocr_line' id='line_1_92' title="bbox 2105 2244 3695 2319; baseline -0.006 -15"><span class='ocrx_word' id='word_1_739' title='bbox 2105 2250 2326 2319; x_wconf 79' lang='grc' dir='ltr'>άμιλλα,</span> <span class='ocrx_word' id='word_1_740' title='bbox 2352 2249 2447 2302; x_wconf 78' lang='grc' dir='ltr'>καὶ</span> <span class='ocrx_word' id='word_1_741' title='bbox 2495 2249 2545 2300; x_wconf 75' lang='grc' dir='ltr'>οἱ</span> <span class='ocrx_word' id='word_1_742' title='bbox 2586 2247 2820 2318; x_wconf 91' lang='grc' dir='ltr'>μάλιστα</span> <span class='ocrx_word' id='word_1_743' title='bbox 2870 2246 3256 2318; x_wconf 86' lang='grc' dir='ltr'>σωφρονούσης</span> <span class='ocrx_word' id='word_1_744' title='bbox 3303 2244 3544 2307; x_wconf 88' lang='grc' dir='ltr'>διανοίας</span> <span class='ocrx_word' id='word_1_745' title='bbox 3595 2245 3695 2297; x_wconf 87' lang='lat'><strong>1:01</strong></span> 
     </span>
    </p>
   </div>
   <div class='ocr_carea' id='block_1_93' title="bbox 2107 2326 3696 2405">
    <p class='ocr_par' dir='ltr' id='par_1_93' title="bbox 2107 2326 3696 2405">
     <span class='ocr_line' id='line_1_93' title="bbox 2107 2326 3696 2405; baseline -0.004 -19"><span class='ocrx_word' id='word_1_746' title='bbox 2107 2332 2356 2403; x_wconf 86' lang='grc' dir='ltr'>σώματος</span> <span class='ocrx_word' id='word_1_747' title='bbox 2388 2331 2703 2405; x_wconf 74' lang='grc' dir='ltr'>ἐρρωμένου</span> <span class='ocrx_word' id='word_1_748' title='bbox 2737 2332 3002 2402; x_wconf 88' lang='grc' dir='ltr'>δεόμενοι,</span> <span class='ocrx_word' id='word_1_749' title='bbox 3035 2326 3182 2385; x_wconf 81' lang='lat'><strong>00:0:</strong></span> <span class='ocrx_word' id='word_1_750' title='bbox 3229 2329 3464 2400; x_wconf 86' lang='grc' dir='ltr'>μάλιστα</span> <span class='ocrx_word' id='word_1_751' title='bbox 3503 2330 3570 2398; x_wconf 77' lang='grc' dir='ltr'>τῇ</span> <span class='ocrx_word' id='word_1_752' title='bbox 3597 2344 3696 2380; x_wconf 85' lang='grc' dir='ltr'>τυ-</span> 
     </span>
    </p>
   </div>
   <div class='ocr_carea' id='block_1_94' title="bbox 2111 2412 3697 2487">
    <p class='ocr_par' dir='ltr' id='par_1_94' title="bbox 2111 2412 3697 2487">
     <span class='ocr_line' id='line_1_94' title="bbox 2111 2412 3697 2487; baseline -0.004 -19"><span class='ocrx_word' id='word_1_753' title='bbox 2111 2415 2313 2486; x_wconf 91' lang='grc' dir='ltr'>ραννίδι</span> <span class='ocrx_word' id='word_1_754' title='bbox 2335 2414 2729 2487; x_wconf 88' lang='grc' dir='ltr'>παραδέδονται</span> <span class='ocrx_word' id='word_1_755' title='bbox 2759 2414 2859 2485; x_wconf 88' lang='grc' dir='ltr'>τῆς</span> <span class='ocrx_word' id='word_1_756' title='bbox 2892 2414 3086 2484; x_wconf 89' lang='grc' dir='ltr'>μέθης,</span> <span class='ocrx_word' id='word_1_757' title='bbox 3113 2414 3208 2466; x_wconf 86' lang='grc' dir='ltr'>καὶ</span> <span class='ocrx_word' id='word_1_758' title='bbox 3231 2413 3292 2465; x_wconf 90' lang='grc' dir='ltr'>τὸ</span> <span class='ocrx_word' id='word_1_759' title='bbox 3321 2412 3481 2482; x_wconf 91' lang='grc' dir='ltr'>σῶμα</span> <span class='ocrx_word' id='word_1_760' title='bbox 3513 2427 3697 2480; x_wconf 83' lang='grc' dir='ltr'>παρα-</span> 
     </span>
    </p>
   </div>
   <div class='ocr_carea' id='block_1_95' title="bbox 2106 2492 3697 2568">
    <p class='ocr_par' dir='ltr' id='par_1_95' title="bbox 2106 2492 3697 2568">
     <span class='ocr_line' id='line_1_95' title="bbox 2106 2492 3697 2568; baseline -0.004 -16"><span class='ocrx_word' id='word_1_761' title='bbox 2106 2498 2345 2562; x_wconf 85' lang='grc' dir='ltr'>λύοντες,</span> <span class='ocrx_word' id='word_1_762' title='bbox 2377 2500 2471 2552; x_wconf 83' lang='grc' dir='ltr'>καὶ</span> <span class='ocrx_word' id='word_1_763' title='bbox 2490 2497 2588 2568; x_wconf 85' lang='grc' dir='ltr'>τὴν</span> <span class='ocrx_word' id='word_1_764' title='bbox 2619 2498 2796 2568; x_wconf 84' lang='grc' dir='ltr'>ψυχὴν</span> <span class='ocrx_word' id='word_1_765' title='bbox 2821 2496 3160 2561; x_wconf 90' lang='grc' dir='ltr'>σκοτοῦντες,</span> <span class='ocrx_word' id='word_1_766' title='bbox 3192 2495 3289 2549; x_wconf 77' lang='grc' dir='ltr'>καὶ</span> <span class='ocrx_word' id='word_1_767' title='bbox 3320 2495 3430 2548; x_wconf 87' lang='grc' dir='ltr'>τῶν</span> <span class='ocrx_word' id='word_1_768' title='bbox 3465 2492 3697 2564; x_wconf 81' lang='grc' dir='ltr'>νομοθε-</span> 
     </span>
    </p>
   </div>
   <div class='ocr_carea' id='block_1_96' title="bbox 2105 2581 3282 2651">
    <p class='ocr_par' dir='ltr' id='par_1_96' title="bbox 2105 2581 3282 2651">
     <span class='ocr_line' id='line_1_96' title="bbox 2105 2581 3282 2651; baseline -0.004 -14"><span class='ocrx_word' id='word_1_769' title='bbox 2105 2583 2214 2640; x_wconf 85' lang='grc' dir='ltr'>τῶν</span> <span class='ocrx_word' id='word_1_770' title='bbox 2243 2583 2414 2647; x_wconf 83' lang='lat'><strong>00651;</strong></span> <span class='ocrx_word' id='word_1_771' title='bbox 2436 2581 2594 2636; x_wconf 89' lang='grc' dir='ltr'>τοῦτο</span> <span class='ocrx_word' id='word_1_772' title='bbox 2616 2581 2842 2634; x_wconf 89' lang='grc' dir='ltr'>ἐκόλασε</span> <span class='ocrx_word' id='word_1_773' title='bbox 2868 2581 2929 2633; x_wconf 87' lang='grc' dir='ltr'>τὸ</span> <span class='ocrx_word' id='word_1_774' title='bbox 2958 2581 3282 2651; x_wconf 75' lang='grc' dir='ltr'>ἁμάρτημα.</span> 
     </span>
    </p>
   </div>
   <div class='ocr_carea' id='block_1_97' title="bbox 2182 2657 3697 2736">
    <p class='ocr_par' dir='ltr' id='par_1_97' title="bbox 2182 2657 3697 2736">
     <span class='ocr_line' id='line_1_97' title="bbox 2182 2657 3697 2736; baseline -0.004 -16"><span class='ocrx_word' id='word_1_775' title='bbox 2182 2667 2324 2720; x_wconf 85' lang='grc' dir='ltr'>ε⁰.Τί</span> <span class='ocrx_word' id='word_1_776' title='bbox 2346 2665 2547 2734; x_wconf 81' lang='grc' dir='ltr'>ταύτης</span> <span class='ocrx_word' id='word_1_777' title='bbox 2564 2664 2664 2735; x_wconf 88' lang='grc' dir='ltr'>τῆς</span> <span class='ocrx_word' id='word_1_778' title='bbox 2694 2664 2887 2734; x_wconf 88' lang='grc' dir='ltr'>μανίας</span> <span class='ocrx_word' id='word_1_779' title='bbox 2917 2666 3094 2736; x_wconf 87' lang='grc' dir='ltr'>χεῖρον</span> <span class='ocrx_word' id='word_1_780' title='bbox 3117 2680 3132 2730; x_wconf 89' lang='grc'>;</span> <span class='ocrx_word' id='word_1_781' title='bbox 3170 2663 3282 2733; x_wconf 86' lang='grc' dir='ltr'>Τῆς</span> <span class='ocrx_word' id='word_1_782' title='bbox 3303 2657 3396 2716; x_wconf 90' lang='lat' dir='ltr'><strong>00v</strong></span> <span class='ocrx_word' id='word_1_783' title='bbox 3417 2661 3697 2732; x_wconf 84' lang='grc' dir='ltr'>εὐφημίας</span> 
     </span>
    </p>
   </div>
   <div class='ocr_carea' id='block_1_98' title="bbox 2105 2745 3693 2818">
    <p class='ocr_par' dir='ltr' id='par_1_98' title="bbox 2105 2745 3693 2818">
     <span class='ocr_line' id='line_1_98' title="bbox 2105 2745 3693 2818; baseline -0.005 -14"><span class='ocrx_word' id='word_1_784' title='bbox 2105 2751 2214 2804; x_wconf 87' lang='grc' dir='ltr'>τῶν</span> <span class='ocrx_word' id='word_1_785' title='bbox 2250 2748 2392 2803; x_wconf 79' lang='grc' dir='ltr'>οὕτω</span> <span class='ocrx_word' id='word_1_786' title='bbox 2421 2745 2777 2818; x_wconf 87' lang='grc' dir='ltr'>διακειμένων</span> <span class='ocrx_word' id='word_1_787' title='bbox 2802 2745 3105 2818; x_wconf 86' lang='grc' dir='ltr'>ἀνθρώπων</span> <span class='ocrx_word' id='word_1_788' title='bbox 3138 2746 3432 2816; x_wconf 75' lang='grc' dir='ltr'>ἐπιθυμεῖς</span> <span class='ocrx_word' id='word_1_789' title='bbox 3453 2785 3467 2808; x_wconf 89' lang='grc'>,</span> <span class='ocrx_word' id='word_1_790' title='bbox 3499 2745 3602 2798; x_wconf 89' lang='lat'><strong>1:01</strong></span> <span class='ocrx_word' id='word_1_791' title='bbox 3631 2745 3693 2797; x_wconf 90' lang='lat'>00</span> 
     </span>
    </p>
   </div>
   <div class='ocr_carea' id='block_1_99' title="bbox 2109 2827 3698 2905">
    <p class='ocr_par' dir='ltr' id='par_1_99' title="bbox 2109 2827 3698 2905">
     <span class='ocr_line' id='line_1_99' title="bbox 2109 2827 3698 2905; baseline -0.006 -16"><span class='ocrx_word' id='word_1_792' title='bbox 2109 2833 2460 2905; x_wconf 84' lang='lat'><strong>1:0:090::5:;</strong></span> <span class='ocrx_word' id='word_1_793' title='bbox 2497 2831 2692 2885; x_wconf 88' lang='grc' dir='ltr'>σαυτόν</span> <span class='ocrx_word' id='word_1_794' title='bbox 2716 2847 2732 2895; x_wconf 89' lang='lat'>;</span> <span class='ocrx_word' id='word_1_795' title='bbox 2757 2831 2820 2883; x_wconf 88' lang='grc' dir='ltr'>Εί</span> <span class='ocrx_word' id='word_1_796' title='bbox 2850 2830 2957 2901; x_wconf 82' lang='grc' dir='ltr'>γάρ</span> <span class='ocrx_word' id='word_1_797' title='bbox 2988 2829 3084 2882; x_wconf 88' lang='lat'><strong>1:01</strong></span> <span class='ocrx_word' id='word_1_798' title='bbox 3125 2829 3326 2892; x_wconf 88' lang='grc' dir='ltr'>πάντες</span> <span class='ocrx_word' id='word_1_799' title='bbox 3359 2845 3419 2881; x_wconf 90' lang='grc' dir='ltr'>σε</span> <span class='ocrx_word' id='word_1_800' title='bbox 3449 2827 3698 2898; x_wconf 87' lang='grc' dir='ltr'>ἐθαύμα-</span> 
     </span>
    </p>
   </div>
   <div class='ocr_carea' id='block_1_100' title="bbox 2110 2910 3696 2985">
    <p class='ocr_par' dir='ltr' id='par_1_100' title="bbox 2110 2910 3696 2985">
     <span class='ocr_line' id='line_1_100' title="bbox 2110 2910 3696 2985; baseline -0.005 -15"><span class='ocrx_word' id='word_1_801' title='bbox 2110 2917 2202 2982; x_wconf 79' lang='grc' dir='ltr'>ζον</span> <span class='ocrx_word' id='word_1_802' title='bbox 2224 2918 2273 2969; x_wconf 93' lang='grc' dir='ltr'>οί</span> <span class='ocrx_word' id='word_1_803' title='bbox 2299 2915 2552 2978; x_wconf 87' lang='grc' dir='ltr'>τοιοῦτοι,</span> <span class='ocrx_word' id='word_1_804' title='bbox 2593 2915 2692 2967; x_wconf 89' lang='lat'><strong>001:</strong></span> <span class='ocrx_word' id='word_1_805' title='bbox 2729 2913 2894 2985; x_wconf 85' lang='grc' dir='ltr'>ἐχρῆν</span> <span class='ocrx_word' id='word_1_806' title='bbox 2928 2911 3280 2983; x_wconf 83' lang='grc' dir='ltr'>αἰσχύνεσθαι.</span> <span class='ocrx_word' id='word_1_807' title='bbox 3317 2911 3412 2966; x_wconf 84' lang='lat'><strong>1:01</strong></span> <span class='ocrx_word' id='word_1_808' title='bbox 3455 2910 3696 2979; x_wconf 84' lang='grc' dir='ltr'>ἐγκαλύ-</span> 
     </span>
    </p>
   </div>
   <div class='ocr_carea' id='block_1_101' title="bbox 2110 2995 3693 3070">
    <p class='ocr_par' dir='ltr' id='par_1_101' title="bbox 2110 2995 3693 3070">
     <span class='ocr_line' id='line_1_101' title="bbox 2110 2995 3693 3070; baseline -0.006 -15"><span class='ocrx_word' id='word_1_809' title='bbox 2110 2999 2361 3065; x_wconf 83' lang='grc' dir='ltr'>πτεσθαι,</span> <span class='ocrx_word' id='word_1_810' title='bbox 2383 2997 2516 3070; x_wconf 87' lang='grc' dir='ltr'>παρ’</span> <span class='ocrx_word' id='word_1_811' title='bbox 2536 2996 2838 3068; x_wconf 87' lang='grc' dir='ltr'>ἀνθρώπων</span> <span class='ocrx_word' id='word_1_812' title='bbox 2861 2997 3001 3051; x_wconf 80' lang='grc' dir='ltr'>οὕτω</span> <span class='ocrx_word' id='word_1_813' title='bbox 3017 2996 3425 3067; x_wconf 86' lang='grc' dir='ltr'>διεφθαρμένων</span> <span class='ocrx_word' id='word_1_814' title='bbox 3447 2995 3548 3059; x_wconf 88' lang='grc' dir='ltr'>τὰς</span> <span class='ocrx_word' id='word_1_815' title='bbox 3571 2995 3693 3065; x_wconf 89' lang='grc' dir='ltr'>κρί-</span> 
     </span>
    </p>
   </div>
   <div class='ocr_carea' id='block_1_102' title="bbox 2110 3076 3692 3155">
    <p class='ocr_par' dir='ltr' id='par_1_102' title="bbox 2110 3076 3692 3155">
     <span class='ocr_line' id='line_1_102' title="bbox 2110 3076 3692 3155; baseline -0.006 -17"><span class='ocrx_word' id='word_1_816' title='bbox 2110 3101 2224 3148; x_wconf 91' lang='grc' dir='ltr'>σεις</span> <span class='ocrx_word' id='word_1_817' title='bbox 2262 3082 2622 3155; x_wconf 89' lang='grc' dir='ltr'>κροτούμενον</span> <span class='ocrx_word' id='word_1_818' title='bbox 2647 3099 2662 3146; x_wconf 86' lang='grc'><strong>;</strong></span> <span class='ocrx_word' id='word_1_819' title='bbox 2689 3081 2855 3134; x_wconf 88' lang='grc' dir='ltr'>Πάλιν</span> <span class='ocrx_word' id='word_1_820' title='bbox 2886 3080 3202 3151; x_wconf 84' lang='grc' dir='ltr'>βλασφημία</span> <span class='ocrx_word' id='word_1_821' title='bbox 3235 3081 3344 3142; x_wconf 90' lang='grc' dir='ltr'>τοῖς</span> <span class='ocrx_word' id='word_1_822' title='bbox 3366 3076 3692 3148; x_wconf 83' lang='grc' dir='ltr'>νομοθέταις</span> 
     </span>
    </p>
   </div>
   <div class='ocr_carea' id='block_1_103' title="bbox 2109 3160 3696 3235">
    <p class='ocr_par' dir='ltr' id='par_1_103' title="bbox 2109 3160 3696 3235">
     <span class='ocr_line' id='line_1_103' title="bbox 2109 3160 3696 3235; baseline -0.004 -14"><span class='ocrx_word' id='word_1_823' title='bbox 2109 3169 2259 3222; x_wconf 77' lang='grc' dir='ltr'>οὐδὲν</span> <span class='ocrx_word' id='word_1_824' title='bbox 2291 3163 2430 3219; x_wconf 83' lang='grc' dir='ltr'>εἶναι</span> <span class='ocrx_word' id='word_1_825' title='bbox 2449 3167 2596 3218; x_wconf 86' lang='grc' dir='ltr'>δοκεῖ</span> <span class='ocrx_word' id='word_1_826' title='bbox 2611 3163 2838 3235; x_wconf 75' lang='grc' dir='ltr'>φοϐερόν</span> <span class='ocrx_word' id='word_1_827' title='bbox 2858 3176 2905 3203; x_wconf 70' lang='grc' dir='ltr'><strong><em>ο*</em></strong></span> <span class='ocrx_word' id='word_1_828' title='bbox 2925 3164 3098 3227; x_wconf 77' lang='grc' dir='ltr'>οὐδεὶς</span> <span class='ocrx_word' id='word_1_829' title='bbox 3121 3161 3250 3232; x_wconf 89' lang='lat' dir='ltr'><strong>700v</strong></span> <span class='ocrx_word' id='word_1_830' title='bbox 3265 3162 3358 3215; x_wconf 87' lang='lat' dir='ltr'><strong>:0v</strong></span> <span class='ocrx_word' id='word_1_831' title='bbox 3376 3161 3510 3215; x_wconf 78' lang='grc' dir='ltr'>Θεὸν</span> <span class='ocrx_word' id='word_1_832' title='bbox 3530 3160 3696 3231; x_wconf 86' lang='grc' dir='ltr'>βλασ-</span> 
     </span>
    </p>
   </div>
   <div class='ocr_carea' id='block_1_104' title="bbox 2112 3243 3698 3321">
    <p class='ocr_par' dir='ltr' id='par_1_104' title="bbox 2112 3243 3698 3321">
     <span class='ocr_line' id='line_1_104' title="bbox 2112 3243 3698 3321; baseline -0.003 -18"><span class='ocrx_word' id='word_1_833' title='bbox 2112 3255 2393 3321; x_wconf 88' lang='grc' dir='ltr'>φημήσας,</span> <span class='ocrx_word' id='word_1_834' title='bbox 2434 3249 2513 3310; x_wconf 85' lang='grc' dir='ltr'>είς</span> <span class='ocrx_word' id='word_1_835' title='bbox 2541 3249 2602 3300; x_wconf 91' lang='grc' dir='ltr'>τὸ</span> <span class='ocrx_word' id='word_1_836' title='bbox 2634 3247 2982 3317; x_wconf 87' lang='grc' dir='ltr'>δικαστήριον</span> <span class='ocrx_word' id='word_1_837' title='bbox 3021 3245 3279 3314; x_wconf 80' lang='grc' dir='ltr'>εἱλκύσθη</span> <span class='ocrx_word' id='word_1_838' title='bbox 3301 3245 3394 3297; x_wconf 88' lang='lat'><strong>1:01</strong></span> <span class='ocrx_word' id='word_1_839' title='bbox 3420 3243 3580 3314; x_wconf 88' lang='grc' dir='ltr'>δίκην</span> <span class='ocrx_word' id='word_1_840' title='bbox 3613 3244 3698 3298; x_wconf 79' lang='grc' dir='ltr'>δέ·</span> 
     </span>
    </p>
   </div>
   <div class='ocr_carea' id='block_1_105' title="bbox 2109 3327 3699 3400">
    <p class='ocr_par' dir='ltr' id='par_1_105' title="bbox 2109 3327 3699 3400">
     <span class='ocr_line' id='line_1_105' title="bbox 2109 3327 3699 3400; baseline -0.003 -13"><span class='ocrx_word' id='word_1_841' title='bbox 2109 3334 2300 3387; x_wconf 87' lang='grc' dir='ltr'>δωκεν.</span> <span class='ocrx_word' id='word_1_842' title='bbox 2347 3332 2485 3385; x_wconf 84' lang='grc' dir='ltr'>Ἀλλ’</span> <span class='ocrx_word' id='word_1_843' title='bbox 2517 3330 2612 3384; x_wconf 83' lang='grc' dir='ltr'>ἐὰν</span> <span class='ocrx_word' id='word_1_844' title='bbox 2643 3331 2741 3400; x_wconf 83' lang='grc' dir='ltr'>μὲν</span> <span class='ocrx_word' id='word_1_845' title='bbox 2762 3329 2822 3382; x_wconf 92' lang='grc' dir='ltr'>τὸ</span> <span class='ocrx_word' id='word_1_846' title='bbox 2851 3330 3064 3398; x_wconf 82' lang='grc' dir='ltr'>ἱμάτιόν</span> <span class='ocrx_word' id='word_1_847' title='bbox 3089 3345 3172 3392; x_wconf 88' lang='grc' dir='ltr'>τις</span> <span class='ocrx_word' id='word_1_848' title='bbox 3205 3327 3398 3400; x_wconf 74' lang='grc' dir='ltr'>κλέψῃ,</span> <span class='ocrx_word' id='word_1_849' title='bbox 3437 3327 3470 3398; x_wconf 72' lang='grc' dir='ltr'>ἢ</span> <span class='ocrx_word' id='word_1_850' title='bbox 3496 3327 3699 3397; x_wconf 85' lang='grc' dir='ltr'>βαλάν-</span> 
     </span>
    </p>
   </div>
   <div class='ocr_carea' id='block_1_106' title="bbox 2109 3411 3699 3486">
    <p class='ocr_par' dir='ltr' id='par_1_106' title="bbox 2109 3411 3699 3486">
     <span class='ocr_line' id='line_1_106' title="bbox 2109 3411 3699 3486; baseline -0.004 -17"><span class='ocrx_word' id='word_1_851' title='bbox 2109 3434 2223 3470; x_wconf 89' lang='grc' dir='ltr'>τιον</span> <span class='ocrx_word' id='word_1_852' title='bbox 2251 3415 2503 3486; x_wconf 85' lang='grc' dir='ltr'>διατέμῃ,</span> <span class='ocrx_word' id='word_1_853' title='bbox 2533 3415 2626 3468; x_wconf 86' lang='lat'><strong>1:01</strong></span> <span class='ocrx_word' id='word_1_854' title='bbox 2662 3414 2766 3477; x_wconf 82' lang='lat'>:0;</span> <span class='ocrx_word' id='word_1_855' title='bbox 2799 3412 3042 3482; x_wconf 76' lang='grc' dir='ltr'>πλευρὰς</span> <span class='ocrx_word' id='word_1_856' title='bbox 3083 3411 3423 3481; x_wconf 89' lang='grc' dir='ltr'>διορύττεται</span> <span class='ocrx_word' id='word_1_857' title='bbox 3463 3413 3559 3464; x_wconf 81' lang='grc' dir='ltr'>καὶ</span> <span class='ocrx_word' id='word_1_858' title='bbox 3598 3412 3699 3464; x_wconf 76' lang='lat'><strong>00—</strong></span> 
     </span>
    </p>
   </div>
   <div class='ocr_carea' id='block_1_107' title="bbox 2113 3493 3697 3570">
    <p class='ocr_par' dir='ltr' id='par_1_107' title="bbox 2113 3493 3697 3570">
     <span class='ocr_line' id='line_1_107' title="bbox 2113 3493 3697 3570; baseline -0.005 -17"><span class='ocrx_word' id='word_1_859' title='bbox 2113 3501 2258 3570; x_wconf 84' lang='grc' dir='ltr'>νάτῳ</span> <span class='ocrx_word' id='word_1_860' title='bbox 2287 3498 2642 3569; x_wconf 87' lang='grc' dir='ltr'>παραδίδοται</span> <span class='ocrx_word' id='word_1_861' title='bbox 2667 3497 2928 3558; x_wconf 88' lang='grc' dir='ltr'>πολλάκις</span> <span class='ocrx_word' id='word_1_862' title='bbox 2945 3512 2960 3526; x_wconf 77' lang='grc' dir='ltr'>ο</span> <span class='ocrx_word' id='word_1_863' title='bbox 2990 3494 3081 3548; x_wconf 90' lang='grc' dir='ltr'>τὸν</span> <span class='ocrx_word' id='word_1_864' title='bbox 3095 3495 3153 3547; x_wconf 84' lang='lat'>65</span> <span class='ocrx_word' id='word_1_865' title='bbox 3176 3493 3308 3547; x_wconf 89' lang='grc' dir='ltr'>Θεὸν</span> <span class='ocrx_word' id='word_1_866' title='bbox 3330 3493 3697 3563; x_wconf 85' lang='grc' dir='ltr'>βλασφημῶν,</span> 
     </span>
    </p>
   </div>
   <div class='ocr_carea' id='block_1_108' title="bbox 2112 3575 3702 3650">
    <p class='ocr_par' dir='ltr' id='par_1_108' title="bbox 2112 3575 3702 3650">
     <span class='ocr_line' id='line_1_108' title="bbox 2112 3575 3702 3650; baseline -0.005 -14"><span class='ocrx_word' id='word_1_867' title='bbox 2112 3584 2212 3637; x_wconf 91' lang='lat'><strong>001:</strong></span> <span class='ocrx_word' id='word_1_868' title='bbox 2239 3581 2553 3650; x_wconf 76' lang='grc' dir='ltr'>ἐγκαλεῖται</span> <span class='ocrx_word' id='word_1_869' title='bbox 2593 3578 2748 3650; x_wconf 88' lang='grc' dir='ltr'>παρά</span> <span class='ocrx_word' id='word_1_870' title='bbox 2787 3578 2896 3630; x_wconf 87' lang='grc' dir='ltr'>τῶν</span> <span class='ocrx_word' id='word_1_871' title='bbox 2936 3577 3042 3643; x_wconf 78' lang='grc' dir='ltr'>ἐξω</span> <span class='ocrx_word' id='word_1_872' title='bbox 3074 3575 3403 3646; x_wconf 82' lang='grc' dir='ltr'>νομοθετῶν.</span> <span class='ocrx_word' id='word_1_873' title='bbox 3437 3575 3556 3629; x_wconf 79' lang='grc' dir='ltr'>Κάν</span> <span class='ocrx_word' id='word_1_874' title='bbox 3583 3576 3702 3629; x_wconf 87' lang='grc' dir='ltr'>δού-</span> 
     </span>
    </p>
   </div>
   <div class='ocr_carea' id='block_1_109' title="bbox 2113 3655 3701 3735">
    <p class='ocr_par' dir='ltr' id='par_1_109' title="bbox 2113 3655 3701 3735">
     <span class='ocr_line' id='line_1_109' title="bbox 2113 3655 3701 3735; baseline -0.005 -16"><span class='ocrx_word' id='word_1_875' title='bbox 2113 3666 2212 3735; x_wconf 91' lang='grc' dir='ltr'>λην</span> <span class='ocrx_word' id='word_1_876' title='bbox 2245 3662 2588 3734; x_wconf 84' lang='grc' dir='ltr'>προσφθείρῃ</span> <span class='ocrx_word' id='word_1_877' title='bbox 2613 3679 2697 3725; x_wconf 87' lang='grc' dir='ltr'>τις</span> <span class='ocrx_word' id='word_1_878' title='bbox 2725 3663 2957 3729; x_wconf 90' lang='grc' dir='ltr'>γυναῖκα</span> <span class='ocrx_word' id='word_1_879' title='bbox 3003 3658 3164 3728; x_wconf 78' lang='grc' dir='ltr'>ἔχων,</span> <span class='ocrx_word' id='word_1_880' title='bbox 3189 3660 3343 3712; x_wconf 85' lang='grc' dir='ltr'>ούδέν</span> <span class='ocrx_word' id='word_1_881' title='bbox 3373 3655 3514 3712; x_wconf 79' lang='grc' dir='ltr'>εἶναι</span> <span class='ocrx_word' id='word_1_882' title='bbox 3551 3659 3701 3713; x_wconf 86' lang='grc' dir='ltr'>δοκεῖ</span> 
     </span>
    </p>
   </div>
   <div class='ocr_carea' id='block_1_110' title="bbox 2113 3741 3376 3816">
    <p class='ocr_par' dir='ltr' id='par_1_110' title="bbox 2113 3741 3376 3816">
     <span class='ocr_line' id='line_1_110' title="bbox 2113 3741 3376 3816; baseline -0.005 -14"><span class='ocrx_word' id='word_1_883' title='bbox 2113 3752 2224 3810; x_wconf 87' lang='grc' dir='ltr'>τοῖς</span> <span class='ocrx_word' id='word_1_884' title='bbox 2245 3749 2431 3816; x_wconf 90' lang='grc' dir='ltr'>νόμοις</span> <span class='ocrx_word' id='word_1_885' title='bbox 2471 3747 2584 3808; x_wconf 90' lang='grc' dir='ltr'>τοῖς</span> <span class='ocrx_word' id='word_1_886' title='bbox 2618 3743 2818 3810; x_wconf 75' lang='grc' dir='ltr'>ἔξωθεν</span> <span class='ocrx_word' id='word_1_887' title='bbox 2840 3743 2961 3797; x_wconf 88' lang='grc' dir='ltr'>ούδέ</span> <span class='ocrx_word' id='word_1_888' title='bbox 2993 3745 3106 3807; x_wconf 86' lang='grc' dir='ltr'>τοῖς</span> <span class='ocrx_word' id='word_1_889' title='bbox 3138 3741 3376 3805; x_wconf 89' lang='grc' dir='ltr'>πολλοῖς.</span> 
     </span>
    </p>
   </div>
   <div class='ocr_carea' id='block_1_111' title="bbox 2185 3824 3700 3898">
    <p class='ocr_par' dir='ltr' id='par_1_111' title="bbox 2185 3824 3700 3898">
     <span class='ocr_line' id='line_1_111' title="bbox 2185 3824 3700 3898; baseline -0.004 -18"><span class='ocrx_word' id='word_1_890' title='bbox 2185 3829 2374 3881; x_wconf 91' lang='grc' dir='ltr'>Βούλει</span> <span class='ocrx_word' id='word_1_891' title='bbox 2409 3827 2502 3880; x_wconf 80' lang='grc' dir='ltr'>καὶ</span> <span class='ocrx_word' id='word_1_892' title='bbox 2539 3827 2702 3898; x_wconf 86' lang='grc' dir='ltr'>ἐτερα</span> <span class='ocrx_word' id='word_1_893' title='bbox 2746 3825 2909 3879; x_wconf 87' lang='grc' dir='ltr'>πάλιν</span> <span class='ocrx_word' id='word_1_894' title='bbox 2943 3824 3178 3878; x_wconf 90' lang='grc' dir='ltr'>ἀκοῦσαι</span> <span class='ocrx_word' id='word_1_895' title='bbox 3196 3824 3480 3878; x_wconf 88' lang='grc' dir='ltr'>δεικνύντα</span> <span class='ocrx_word' id='word_1_896' title='bbox 3513 3824 3700 3878; x_wconf 83' lang='grc' dir='ltr'>αὐτῶν</span> 
     </span>
    </p>
   </div>
   <div class='ocr_carea' id='block_1_112' title="bbox 2111 3906 3698 3983">
    <p class='ocr_par' dir='ltr' id='par_1_112' title="bbox 2111 3906 3698 3983">
     <span class='ocr_line' id='line_1_112' title="bbox 2111 3906 3698 3983; baseline -0.006 -16"><span class='ocrx_word' id='word_1_897' title='bbox 2111 3911 2211 3983; x_wconf 79' lang='grc' dir='ltr'>τὴν</span> <span class='ocrx_word' id='word_1_898' title='bbox 2239 3913 2456 3974; x_wconf 81' lang='grc' dir='ltr'>ἄνοιαν;</span> <span class='ocrx_word' id='word_1_899' title='bbox 2494 3908 2669 3962; x_wconf 84' lang='grc' dir='ltr'>ταῦτα</span> <span class='ocrx_word' id='word_1_900' title='bbox 2697 3910 2794 3980; x_wconf 81' lang='grc' dir='ltr'>μὲν</span> <span class='ocrx_word' id='word_1_901' title='bbox 2819 3909 2927 3979; x_wconf 86' lang='grc' dir='ltr'>γάρ</span> <span class='ocrx_word' id='word_1_902' title='bbox 2960 3908 3020 3960; x_wconf 93' lang='lat'>00</span> <span class='ocrx_word' id='word_1_903' title='bbox 3049 3908 3370 3971; x_wconf 81' lang='grc' dir='ltr'>κολάζουσιν</span> <span class='ocrx_word' id='word_1_904' title='bbox 3390 3947 3405 3972; x_wconf 96' lang='grc'>,</span> <span class='ocrx_word' id='word_1_905' title='bbox 3441 3907 3607 3978; x_wconf 74' lang='grc' dir='ltr'>ἔτερα</span> <span class='ocrx_word' id='word_1_906' title='bbox 3639 3906 3698 3959; x_wconf 76' lang='grc' dir='ltr'>δὲ</span> 
     </span>
    </p>
   </div>
   <div class='ocr_carea' id='block_1_113' title="bbox 2114 3986 3697 4065">
    <p class='ocr_par' dir='ltr' id='par_1_113' title="bbox 2114 3986 3697 4065">
     <span class='ocr_line' id='line_1_113' title="bbox 2114 3986 3697 4065; baseline -0.006 -15"><span class='ocrx_word' id='word_1_907' title='bbox 2114 3998 2207 4050; x_wconf 85' lang='lat'><strong>1:01</strong></span> <span class='ocrx_word' id='word_1_908' title='bbox 2229 3991 2610 4065; x_wconf 80' lang='grc' dir='ltr'>νομοθετοῦσιν</span> <span class='ocrx_word' id='word_1_909' title='bbox 2637 3992 2813 4046; x_wconf 81' lang='grc' dir='ltr'>αὐτοί.</span> <span class='ocrx_word' id='word_1_910' title='bbox 2851 3991 2984 4042; x_wconf 85' lang='grc' dir='ltr'>Τίνα</span> <span class='ocrx_word' id='word_1_911' title='bbox 3016 3986 3109 4044; x_wconf 88' lang='lat' dir='ltr'><strong>00v</strong></span> <span class='ocrx_word' id='word_1_912' title='bbox 3135 3992 3272 4044; x_wconf 88' lang='grc' dir='ltr'>εἰσιν</span> <span class='ocrx_word' id='word_1_913' title='bbox 3296 3991 3517 4056; x_wconf 86' lang='grc' dir='ltr'>ἐκεῖνα;</span> <span class='ocrx_word' id='word_1_914' title='bbox 3553 3989 3697 4042; x_wconf 84' lang='grc' dir='ltr'>Θέα-</span> 
     </span>
    </p>
   </div>
   <div class='ocr_carea' id='block_1_114' title="bbox 2113 4071 3698 4149">
    <p class='ocr_par' dir='ltr' id='par_1_114' title="bbox 2113 4071 3698 4149">
     <span class='ocr_line' id='line_1_114' title="bbox 2113 4071 3698 4149; baseline -0.006 -18"><span class='ocrx_word' id='word_1_915' title='bbox 2113 4095 2218 4149; x_wconf 90' lang='grc' dir='ltr'>τρα</span> <span class='ocrx_word' id='word_1_916' title='bbox 2248 4076 2560 4145; x_wconf 86' lang='grc' dir='ltr'>συνάγουσι,</span> <span class='ocrx_word' id='word_1_917' title='bbox 2624 4076 2715 4127; x_wconf 86' lang='lat'><strong>1:01</strong></span> <span class='ocrx_word' id='word_1_918' title='bbox 2765 4073 2978 4145; x_wconf 90' lang='grc' dir='ltr'>πορνῶν</span> <span class='ocrx_word' id='word_1_919' title='bbox 3025 4073 3142 4126; x_wconf 89' lang='grc' dir='ltr'>ἐκεῖ</span> <span class='ocrx_word' id='word_1_920' title='bbox 3186 4071 3463 4140; x_wconf 89' lang='grc' dir='ltr'>γυναικῶν</span> <span class='ocrx_word' id='word_1_921' title='bbox 3497 4076 3698 4143; x_wconf 58' lang='grc' dir='ltr'>χοροὺς</span> 
     </span>
    </p>
   </div>
   <div class='ocr_carea' id='block_1_115' title="bbox 2114 4154 3698 4229">
    <p class='ocr_par' dir='ltr' id='par_1_115' title="bbox 2114 4154 3698 4229">
     <span class='ocr_line' id='line_1_115' title="bbox 2114 4154 3698 4229; baseline -0.005 -15"><span class='ocrx_word' id='word_1_922' title='bbox 2114 4162 2425 4229; x_wconf 85' lang='grc' dir='ltr'>εἰσάγοντες</span> <span class='ocrx_word' id='word_1_923' title='bbox 2457 4159 2553 4212; x_wconf 89' lang='lat'><strong>1:01</strong></span> <span class='ocrx_word' id='word_1_924' title='bbox 2598 4157 2795 4220; x_wconf 81' lang='grc' dir='ltr'>παῖδας</span> <span class='ocrx_word' id='word_1_925' title='bbox 2825 4155 3304 4228; x_wconf 87' lang='grc' dir='ltr'>πεπορνευμένους</span> <span class='ocrx_word' id='word_1_926' title='bbox 3341 4155 3437 4208; x_wconf 90' lang='lat'><strong>1:01</strong></span> <span class='ocrx_word' id='word_1_927' title='bbox 3480 4155 3560 4217; x_wconf 85' lang='grc' dir='ltr'>είς</span> <span class='ocrx_word' id='word_1_928' title='bbox 3597 4154 3698 4224; x_wconf 78' lang='grc' dir='ltr'>τὴν</span> 
     </span>
    </p>
   </div>
   <div class='ocr_carea' id='block_1_116' title="bbox 2115 4236 3698 4314">
    <p class='ocr_par' dir='ltr' id='par_1_116' title="bbox 2115 4236 3698 4314">
     <span class='ocr_line' id='line_1_116' title="bbox 2115 4236 3698 4314; baseline -0.005 -17"><span class='ocrx_word' id='word_1_929' title='bbox 2115 4244 2278 4314; x_wconf 89' lang='grc' dir='ltr'>φύσιν</span> <span class='ocrx_word' id='word_1_930' title='bbox 2307 4243 2475 4312; x_wconf 80' lang='grc' dir='ltr'>αὐτὴν</span> <span class='ocrx_word' id='word_1_931' title='bbox 2502 4240 2906 4312; x_wconf 74' lang='grc' dir='ltr'>ἐνυϐρίζοντας,</span> <span class='ocrx_word' id='word_1_932' title='bbox 2937 4239 3222 4302; x_wconf 81' lang='grc' dir='ltr'>καθίζουσι</span> <span class='ocrx_word' id='word_1_933' title='bbox 3266 4237 3357 4290; x_wconf 90' lang='grc' dir='ltr'>τὸν</span> <span class='ocrx_word' id='word_1_934' title='bbox 3383 4236 3554 4306; x_wconf 89' lang='grc' dir='ltr'>δῆμον</span> <span class='ocrx_word' id='word_1_935' title='bbox 3585 4238 3698 4292; x_wconf 83' lang='grc' dir='ltr'>ἀνω</span> 
     </span>
    </p>
   </div>
   <div class='ocr_carea' id='block_1_117' title="bbox 2117 4319 3698 4394">
    <p class='ocr_par' dir='ltr' id='par_1_117' title="bbox 2117 4319 3698 4394">
     <span class='ocr_line' id='line_1_117' title="bbox 2117 4319 3698 4394; baseline -0.006 -14"><span class='ocrx_word' id='word_1_936' title='bbox 2117 4329 2316 4393; x_wconf 89' lang='grc' dir='ltr'>πάντα,</span> <span class='ocrx_word' id='word_1_937' title='bbox 2359 4324 2502 4379; x_wconf 78' lang='grc' dir='ltr'>οὕτω</span> <span class='ocrx_word' id='word_1_938' title='bbox 2543 4323 2642 4394; x_wconf 83' lang='grc' dir='ltr'>τὴν</span> <span class='ocrx_word' id='word_1_939' title='bbox 2688 4323 2842 4375; x_wconf 90' lang='grc' dir='ltr'>πόλιν</span> <span class='ocrx_word' id='word_1_940' title='bbox 2869 4320 3349 4392; x_wconf 86' lang='grc' dir='ltr'>ψυχαγωγοῦντες,</span> <span class='ocrx_word' id='word_1_941' title='bbox 3389 4319 3536 4372; x_wconf 81' lang='grc' dir='ltr'>οὓτω</span> <span class='ocrx_word' id='word_1_942' title='bbox 3569 4320 3698 4381; x_wconf 73' lang='grc' dir='ltr'>τοὺς</span> 
     </span>
    </p>
   </div>
   <div class='ocr_carea' id='block_1_118' title="bbox 2119 4402 3698 4482">
    <p class='ocr_par' dir='ltr' id='par_1_118' title="bbox 2119 4402 3698 4482">
     <span class='ocr_line' id='line_1_118' title="bbox 2119 4402 3698 4482; baseline -0.007 -18"><span class='ocrx_word' id='word_1_943' title='bbox 2119 4411 2390 4482; x_wconf 89' lang='grc' dir='ltr'>μεγάλους</span> <span class='ocrx_word' id='word_1_944' title='bbox 2449 4407 2689 4469; x_wconf 86' lang='grc' dir='ltr'>ἐκείνους</span> <span class='ocrx_word' id='word_1_945' title='bbox 2728 4405 3006 4476; x_wconf 86' lang='grc' dir='ltr'>βασιλέας,</span> <span class='ocrx_word' id='word_1_946' title='bbox 3059 4403 3152 4466; x_wconf 86' lang='grc' dir='ltr'>οὒς</span> <span class='ocrx_word' id='word_1_947' title='bbox 3193 4405 3278 4457; x_wconf 75' lang='grc' dir='ltr'>ἀεὶ</span> <span class='ocrx_word' id='word_1_948' title='bbox 3319 4402 3698 4473; x_wconf 75' lang='grc' dir='ltr'>θαυμάζουσιν</span> 
     </span>
    </p>
   </div>
   <div class='ocr_carea' id='block_1_119' title="bbox 2117 4484 3700 4564">
    <p class='ocr_par' dir='ltr' id='par_1_119' title="bbox 2117 4484 3700 4564">
     <span class='ocr_line' id='line_1_119' title="bbox 2117 4484 3700 4564; baseline -0.006 -18"><span class='ocrx_word' id='word_1_949' title='bbox 2117 4495 2210 4547; x_wconf 79' lang='grc' dir='ltr'>ἐπὶ</span> <span class='ocrx_word' id='word_1_950' title='bbox 2238 4489 2514 4564; x_wconf 84' lang='grc' dir='ltr'>τροπαίοις</span> <span class='ocrx_word' id='word_1_951' title='bbox 2546 4489 2640 4542; x_wconf 90' lang='lat'><strong>1:01</strong></span> <span class='ocrx_word' id='word_1_952' title='bbox 2672 4489 2870 4553; x_wconf 82' lang='grc' dir='ltr'>νίκαις,</span> <span class='ocrx_word' id='word_1_953' title='bbox 2896 4487 3306 4557; x_wconf 77' lang='grc' dir='ltr'>στεφανοῦντες.</span> <span class='ocrx_word' id='word_1_954' title='bbox 3339 4487 3533 4539; x_wconf 85' lang='grc' dir='ltr'>Καίτοι</span> <span class='ocrx_word' id='word_1_955' title='bbox 3561 4501 3625 4555; x_wconf 91' lang='grc' dir='ltr'>γε</span> <span class='ocrx_word' id='word_1_956' title='bbox 3646 4484 3700 4537; x_wconf 89' lang='grc' dir='ltr'>τί</span> 
     </span>
    </p>
   </div>
   <div class='ocr_carea' id='block_1_120' title="bbox 2117 4568 3700 4645">
    <p class='ocr_par' dir='ltr' id='par_1_120' title="bbox 2117 4568 3700 4645">
     <span class='ocr_line' id='line_1_120' title="bbox 2117 4568 3700 4645; baseline -0.005 -18"><span class='ocrx_word' id='word_1_957' title='bbox 2117 4575 2218 4645; x_wconf 90' lang='grc' dir='ltr'>τῆς</span> <span class='ocrx_word' id='word_1_958' title='bbox 2249 4573 2417 4644; x_wconf 87' lang='grc' dir='ltr'>τιμῆς</span> <span class='ocrx_word' id='word_1_959' title='bbox 2445 4571 2649 4641; x_wconf 87' lang='grc' dir='ltr'>ταύτης</span> <span class='ocrx_word' id='word_1_960' title='bbox 2671 4571 3006 4642; x_wconf 87' lang='grc' dir='ltr'>ψυχρότερον</span> <span class='ocrx_word' id='word_1_961' title='bbox 3027 4587 3041 4636; x_wconf 93' lang='grc'>;</span> <span class='ocrx_word' id='word_1_962' title='bbox 3065 4569 3116 4622; x_wconf 86' lang='grc' dir='ltr'>τί</span> <span class='ocrx_word' id='word_1_963' title='bbox 3143 4569 3242 4638; x_wconf 88' lang='grc' dir='ltr'>τῆς</span> <span class='ocrx_word' id='word_1_964' title='bbox 3265 4569 3457 4639; x_wconf 76' lang='grc' dir='ltr'>ἡδονῆς</span> <span class='ocrx_word' id='word_1_965' title='bbox 3479 4568 3700 4639; x_wconf 88' lang='grc' dir='ltr'>ἐκείνης</span> 
     </span>
    </p>
   </div>
   <div class='ocr_carea' id='block_1_121' title="bbox 2118 4651 3700 4728">
    <p class='ocr_par' dir='ltr' id='par_1_121' title="bbox 2118 4651 3700 4728">
     <span class='ocr_line' id='line_1_121' title="bbox 2118 4651 3700 4728; baseline -0.004 -17"><span class='ocrx_word' id='word_1_966' title='bbox 2118 4658 2474 4728; x_wconf 83' lang='grc' dir='ltr'>ἀηδέστερον;</span> <span class='ocrx_word' id='word_1_967' title='bbox 2523 4658 2589 4710; x_wconf 91' lang='grc' dir='ltr'>ἐκ</span> <span class='ocrx_word' id='word_1_968' title='bbox 2621 4657 2828 4710; x_wconf 88' lang='grc' dir='ltr'>τούτων</span> <span class='ocrx_word' id='word_1_969' title='bbox 2865 4651 2959 4709; x_wconf 84' lang='grc' dir='ltr'>οὖν</span> <span class='ocrx_word' id='word_1_970' title='bbox 3010 4654 3305 4717; x_wconf 89' lang='grc' dir='ltr'>ἐπαινέτας</span> <span class='ocrx_word' id='word_1_971' title='bbox 3353 4651 3541 4722; x_wconf 79' lang='grc' dir='ltr'>ζητεῖς</span> <span class='ocrx_word' id='word_1_972' title='bbox 3589 4651 3700 4704; x_wconf 91' lang='grc' dir='ltr'>τῶν</span> 
     </span>
    </p>
   </div>
   <div class='ocr_carea' id='block_1_122' title="bbox 2117 4735 3702 4812">
    <p class='ocr_par' dir='ltr' id='par_1_122' title="bbox 2117 4735 3702 4812">
     <span class='ocr_line' id='line_1_122' title="bbox 2117 4735 3702 4812; baseline -0.005 -18"><span class='ocrx_word' id='word_1_973' title='bbox 2117 4740 2295 4812; x_wconf 75' lang='grc' dir='ltr'>ἔργων</span> <span class='ocrx_word' id='word_1_974' title='bbox 2321 4741 2428 4793; x_wconf 89' lang='grc' dir='ltr'>τῶν</span> <span class='ocrx_word' id='word_1_975' title='bbox 2461 4739 2607 4806; x_wconf 89' lang='grc' dir='ltr'>σῶν;</span> <span class='ocrx_word' id='word_1_976' title='bbox 2647 4741 2742 4793; x_wconf 86' lang='lat'><strong>1:01</strong></span> <span class='ocrx_word' id='word_1_977' title='bbox 2777 4739 2920 4810; x_wconf 88' lang='grc' dir='ltr'>μετά</span> <span class='ocrx_word' id='word_1_978' title='bbox 2965 4737 3252 4809; x_wconf 79' lang='grc' dir='ltr'>ὀρχηστῶν</span> <span class='ocrx_word' id='word_1_979' title='bbox 3287 4737 3382 4788; x_wconf 89' lang='lat'><strong>1:01</strong></span> <span class='ocrx_word' id='word_1_980' title='bbox 3436 4735 3702 4805; x_wconf 86' lang='grc' dir='ltr'>μαλακῶν</span> 
     </span>
    </p>
   </div>
   <div class='ocr_carea' id='block_1_123' title="bbox 2117 4815 3702 4894">
    <p class='ocr_par' dir='ltr' id='par_1_123' title="bbox 2117 4815 3702 4894">
     <span class='ocr_line' id='line_1_123' title="bbox 2117 4815 3702 4894; baseline -0.006 -18"><span class='ocrx_word' id='word_1_981' title='bbox 2117 4824 2213 4876; x_wconf 88' lang='lat'><strong>1:01</strong></span> <span class='ocrx_word' id='word_1_982' title='bbox 2237 4821 2421 4894; x_wconf 90' lang='grc' dir='ltr'>μίμων</span> <span class='ocrx_word' id='word_1_983' title='bbox 2451 4824 2546 4876; x_wconf 87' lang='lat'><strong>1:01</strong></span> <span class='ocrx_word' id='word_1_984' title='bbox 2562 4823 2777 4892; x_wconf 91' lang='grc' dir='ltr'>πορνῶν</span> <span class='ocrx_word' id='word_1_985' title='bbox 2798 4821 3075 4890; x_wconf 89' lang='grc' dir='ltr'>γυναικῶν</span> <span class='ocrx_word' id='word_1_986' title='bbox 3099 4817 3372 4889; x_wconf 79' lang='grc' dir='ltr'>εὐφημίας</span> <span class='ocrx_word' id='word_1_987' title='bbox 3402 4815 3702 4872; x_wconf 89' lang='grc' dir='ltr'>ἀπολαύειν</span> 
     </span>
    </p>
   </div>
   <div class='ocr_carea' id='block_1_124' title="bbox 2118 4899 3704 4977">
    <p class='ocr_par' dir='ltr' id='par_1_124' title="bbox 2118 4899 3704 4977">
     <span class='ocr_line' id='line_1_124' title="bbox 2118 4899 3704 4977; baseline -0.006 -17"><span class='ocrx_word' id='word_1_988' title='bbox 2118 4907 2328 4971; x_wconf 88' lang='grc' dir='ltr'>θέλεις,</span> <span class='ocrx_word' id='word_1_989' title='bbox 2361 4907 2483 4959; x_wconf 81' lang='grc' dir='ltr'>εἰπέ</span> <span class='ocrx_word' id='word_1_990' title='bbox 2518 4922 2644 4977; x_wconf 88' lang='grc' dir='ltr'>μοι;</span> <span class='ocrx_word' id='word_1_991' title='bbox 2682 4906 2917 4968; x_wconf 75' lang='grc' dir='ltr'>καὶπῶς</span> <span class='ocrx_word' id='word_1_992' title='bbox 2947 4905 3049 4957; x_wconf 91' lang='lat'><strong>001:</strong></span> <span class='ocrx_word' id='word_1_993' title='bbox 3082 4904 3149 4957; x_wconf 84' lang='lat' dir='ltr'><strong>0v</strong></span> <span class='ocrx_word' id='word_1_994' title='bbox 3190 4903 3275 4972; x_wconf 81' lang='grc' dir='ltr'>εἴη</span> <span class='ocrx_word' id='word_1_995' title='bbox 3308 4899 3482 4954; x_wconf 86' lang='grc' dir='ltr'>ταῦτα</span> <span class='ocrx_word' id='word_1_996' title='bbox 3521 4917 3704 4970; x_wconf 82' lang='grc' dir='ltr'>παρα-</span> 
     </span>
    </p>
   </div>
   <div class='ocr_carea' id='block_1_125' title="bbox 2116 4982 3704 5060">
    <p class='ocr_par' dir='ltr' id='par_1_125' title="bbox 2116 4982 3704 5060">
     <span class='ocr_line' id='line_1_125' title="bbox 2116 4982 3704 5060; baseline -0.005 -18"><span class='ocrx_word' id='word_1_997' title='bbox 2116 4989 2264 5052; x_wconf 91' lang='grc' dir='ltr'>νοίας</span> <span class='ocrx_word' id='word_1_998' title='bbox 2298 4989 2530 5060; x_wconf 87' lang='grc' dir='ltr'>ἐσχάτης</span> <span class='ocrx_word' id='word_1_999' title='bbox 2553 5004 2568 5054; x_wconf 89' lang='lat'>;</span> <span class='ocrx_word' id='word_1_1000' title='bbox 2608 4988 2812 5052; x_wconf 87' lang='grc' dir='ltr'>Ἦδέως</span> <span class='ocrx_word' id='word_1_1001' title='bbox 2833 4989 2944 5058; x_wconf 83' lang='grc' dir='ltr'>γὰρ</span> <span class='ocrx_word' id='word_1_1002' title='bbox 2967 4987 3033 5040; x_wconf 84' lang='grc' dir='ltr'>ἂν</span> <span class='ocrx_word' id='word_1_1003' title='bbox 3064 4987 3260 5048; x_wconf 81' lang='grc' dir='ltr'>αὐτοὺς</span> <span class='ocrx_word' id='word_1_1004' title='bbox 3287 4982 3516 5056; x_wconf 89' lang='grc' dir='ltr'>ἐροίμην</span> <span class='ocrx_word' id='word_1_1005' title='bbox 3541 4999 3556 5012; x_wconf 78' lang='grc'><strong>’</strong></span> <span class='ocrx_word' id='word_1_1006' title='bbox 3581 4987 3704 5035; x_wconf 85' lang='grc' dir='ltr'>Δει-</span> 
     </span>
    </p>
   </div>
   <div class='ocr_carea' id='block_1_126' title="bbox 2116 5066 3708 5142">
    <p class='ocr_par' dir='ltr' id='par_1_126' title="bbox 2116 5066 3708 5142">
     <span class='ocr_line' id='line_1_126' title="bbox 2116 5066 3708 5142; baseline -0.005 -16"><span class='ocrx_word' id='word_1_1007' title='bbox 2116 5073 2207 5126; x_wconf 90' lang='grc' dir='ltr'>νὸν</span> <span class='ocrx_word' id='word_1_1008' title='bbox 2223 5073 2349 5134; x_wconf 80' lang='grc' dir='ltr'>τοὺς</span> <span class='ocrx_word' id='word_1_1009' title='bbox 2370 5070 2469 5142; x_wconf 85' lang='grc' dir='ltr'>τῆς</span> <span class='ocrx_word' id='word_1_1010' title='bbox 2493 5069 2708 5140; x_wconf 89' lang='grc' dir='ltr'>φύσεως</span> <span class='ocrx_word' id='word_1_1011' title='bbox 2739 5069 3140 5140; x_wconf 87' lang='grc' dir='ltr'>ἀνατρέπεσθαι</span> <span class='ocrx_word' id='word_1_1012' title='bbox 3170 5069 3389 5138; x_wconf 88' lang='grc' dir='ltr'>νόμους,</span> <span class='ocrx_word' id='word_1_1013' title='bbox 3407 5066 3501 5120; x_wconf 86' lang='lat'><strong>1:01</strong></span> <span class='ocrx_word' id='word_1_1014' title='bbox 3524 5082 3708 5136; x_wconf 79' lang='lat'><strong>1:090-</strong></span> 
     </span>
    </p>
   </div>
   <div class='ocr_carea' id='block_1_127' title="bbox 2116 5148 3706 5227">
    <p class='ocr_par' dir='ltr' id='par_1_127' title="bbox 2116 5148 3706 5227">
     <span class='ocr_line' id='line_1_127' title="bbox 2116 5148 3706 5227; baseline -0.007 -17"><span class='ocrx_word' id='word_1_1015' title='bbox 2116 5155 2316 5227; x_wconf 88' lang='grc' dir='ltr'>νόμους</span> <span class='ocrx_word' id='word_1_1016' title='bbox 2347 5153 2665 5222; x_wconf 76' lang='grc' dir='ltr'>εἰσάγεσθαι</span> <span class='ocrx_word' id='word_1_1017' title='bbox 2701 5151 2910 5222; x_wconf 73' lang='grc' dir='ltr'>μίξειςς</span> <span class='ocrx_word' id='word_1_1018' title='bbox 2951 5152 3170 5215; x_wconf 86' lang='grc' dir='ltr'>πάντως</span> <span class='ocrx_word' id='word_1_1019' title='bbox 3213 5149 3453 5220; x_wconf 87' lang='grc' dir='ltr'>ἐροῦσιν,</span> <span class='ocrx_word' id='word_1_1020' title='bbox 3483 5148 3568 5201; x_wconf 82' lang='grc' dir='ltr'>ὅτι</span> <span class='ocrx_word' id='word_1_1021' title='bbox 3595 5148 3706 5200; x_wconf 86' lang='grc' dir='ltr'>δει-</span> 
     </span>
    </p>
   </div>
   <div class='ocr_carea' id='block_1_128' title="bbox 2117 5229 3701 5304">
    <p class='ocr_par' dir='ltr' id='par_1_128' title="bbox 2117 5229 3701 5304">
     <span class='ocr_line' id='line_1_128' title="bbox 2117 5229 3701 5304; baseline -0.004 -13"><span class='ocrx_word' id='word_1_1022' title='bbox 2117 5242 2206 5293; x_wconf 89' lang='grc' dir='ltr'>νόν</span> <span class='ocrx_word' id='word_1_1023' title='bbox 2225 5254 2240 5268; x_wconf 83' lang='lat'><strong><em>°</em></strong></span> <span class='ocrx_word' id='word_1_1024' title='bbox 2267 5236 2487 5291; x_wconf 87' lang='grc' dir='ltr'>δοκοῦσι</span> <span class='ocrx_word' id='word_1_1025' title='bbox 2532 5234 2663 5304; x_wconf 90' lang='grc' dir='ltr'>γοῦν</span> <span class='ocrx_word' id='word_1_1026' title='bbox 2690 5236 2786 5288; x_wconf 86' lang='lat'><strong>1:01</strong></span> <span class='ocrx_word' id='word_1_1027' title='bbox 2835 5234 3085 5299; x_wconf 77' lang='grc' dir='ltr'>κολάζειν</span> <span class='ocrx_word' id='word_1_1028' title='bbox 3135 5233 3198 5286; x_wconf 92' lang='grc' dir='ltr'>τὸ</span> <span class='ocrx_word' id='word_1_1029' title='bbox 3229 5232 3489 5303; x_wconf 86' lang='grc' dir='ltr'>ἀνόμημα</span> <span class='ocrx_word' id='word_1_1030' title='bbox 3516 5229 3701 5285; x_wconf 67' lang='grc' dir='ltr'>τοῦτο.</span> 
     </span>
    </p>
   </div>
   <div class='ocr_carea' id='block_1_129' title="bbox 2117 5315 3705 5390">
    <p class='ocr_par' dir='ltr' id='par_1_129' title="bbox 2117 5315 3705 5390">
     <span class='ocr_line' id='line_1_129' title="bbox 2117 5315 3705 5390; baseline -0.005 -14"><span class='ocrx_word' id='word_1_1031' title='bbox 2117 5324 2182 5376; x_wconf 88' lang='grc' dir='ltr'>Τί</span> <span class='ocrx_word' id='word_1_1032' title='bbox 2209 5318 2301 5376; x_wconf 89' lang='lat' dir='ltr'><strong>00v</strong></span> <span class='ocrx_word' id='word_1_1033' title='bbox 2326 5323 2452 5384; x_wconf 78' lang='grc' dir='ltr'>τοὺς</span> <span class='ocrx_word' id='word_1_1034' title='bbox 2477 5320 2844 5390; x_wconf 79' lang='grc' dir='ltr'>ἡταιρηκότας</span> <span class='ocrx_word' id='word_1_1035' title='bbox 2873 5319 3113 5381; x_wconf 81' lang='grc' dir='ltr'>ἐκείνους</span> <span class='ocrx_word' id='word_1_1036' title='bbox 3157 5315 3432 5383; x_wconf 86' lang='grc' dir='ltr'>είσάγεις;</span> <span class='ocrx_word' id='word_1_1037' title='bbox 3469 5315 3567 5368; x_wconf 86' lang='grc' dir='ltr'>καὶ</span> <span class='ocrx_word' id='word_1_1038' title='bbox 3599 5315 3705 5368; x_wconf 88' lang='lat'><strong>001:</strong></span> 
     </span>
    </p>
   </div>
   <div class='ocr_carea' id='block_1_130' title="bbox 2116 5398 3703 5476">
    <p class='ocr_par' dir='ltr' id='par_1_130' title="bbox 2116 5398 3703 5476">
     <span class='ocr_line' id='line_1_130' title="bbox 2116 5398 3703 5476; baseline -0.008 -14"><span class='ocrx_word' id='word_1_1039' title='bbox 2116 5409 2357 5474; x_wconf 76' lang='grc' dir='ltr'>εἰσάγεις</span> <span class='ocrx_word' id='word_1_1040' title='bbox 2381 5406 2565 5476; x_wconf 84' lang='grc' dir='ltr'>μόνον,</span> <span class='ocrx_word' id='word_1_1041' title='bbox 2596 5403 2734 5457; x_wconf 86' lang='grc' dir='ltr'>ἀλλά</span> <span class='ocrx_word' id='word_1_1042' title='bbox 2761 5403 2855 5456; x_wconf 87' lang='lat'><strong>1:01</strong></span> <span class='ocrx_word' id='word_1_1043' title='bbox 2885 5404 3049 5474; x_wconf 78' lang='grc' dir='ltr'>τιμᾷς</span> <span class='ocrx_word' id='word_1_1044' title='bbox 3083 5401 3305 5472; x_wconf 89' lang='grc' dir='ltr'>μυρίαις</span> <span class='ocrx_word' id='word_1_1045' title='bbox 3333 5399 3428 5454; x_wconf 78' lang='grc' dir='ltr'>καὶ</span> <span class='ocrx_word' id='word_1_1046' title='bbox 3469 5398 3703 5467; x_wconf 86' lang='grc' dir='ltr'>άφάτοις</span> 
     </span>
    </p>
   </div>
   <div class='ocr_carea' id='block_1_131' title="bbox 2115 5481 3704 5562">
    <p class='ocr_par' dir='ltr' id='par_1_131' title="bbox 2115 5481 3704 5562">
     <span class='ocr_line' id='line_1_131' title="bbox 2115 5481 3704 5562; baseline -0.006 -18"><span class='ocrx_word' id='word_1_1047' title='bbox 2115 5492 2379 5562; x_wconf 74' lang='grc' dir='ltr'>δωρεαῖςς</span> <span class='ocrx_word' id='word_1_1048' title='bbox 2424 5486 2685 5557; x_wconf 81' lang='grc' dir='ltr'>’Δλλαχοῦ</span> <span class='ocrx_word' id='word_1_1049' title='bbox 2723 5487 2846 5550; x_wconf 81' lang='grc' dir='ltr'>τοὺς</span> <span class='ocrx_word' id='word_1_1050' title='bbox 2870 5487 2940 5540; x_wconf 85' lang='grc' dir='ltr'>τὰ</span> <span class='ocrx_word' id='word_1_1051' title='bbox 2969 5483 3194 5538; x_wconf 87' lang='grc' dir='ltr'>τοιαῦτα</span> <span class='ocrx_word' id='word_1_1052' title='bbox 3242 5481 3563 5556; x_wconf 78' lang='grc' dir='ltr'>τολμῶντας</span> <span class='ocrx_word' id='word_1_1053' title='bbox 3605 5498 3704 5535; x_wconf 84' lang='grc' dir='ltr'>κο-</span> 
     </span>
    </p>
   </div>
   <div class='ocr_carea' id='block_1_132' title="bbox 2115 5566 3705 5640">
    <p class='ocr_par' dir='ltr' id='par_1_132' title="bbox 2115 5566 3705 5640">
     <span class='ocr_line' id='line_1_132' title="bbox 2115 5566 3705 5640; baseline -0.005 -13"><span class='ocrx_word' id='word_1_1054' title='bbox 2115 5574 2312 5640; x_wconf 74' lang='grc' dir='ltr'>λάζων,</span> <span class='ocrx_word' id='word_1_1055' title='bbox 2367 5570 2600 5626; x_wconf 88' lang='grc' dir='ltr'>ἐνταῦθα</span> <span class='ocrx_word' id='word_1_1056' title='bbox 2639 5571 2697 5624; x_wconf 89' lang='lat'>65</span> <span class='ocrx_word' id='word_1_1057' title='bbox 2738 5571 2833 5624; x_wconf 87' lang='lat'><strong>1:01</strong></span> <span class='ocrx_word' id='word_1_1058' title='bbox 2879 5569 2954 5633; x_wconf 81' lang='grc' dir='ltr'>ὡς</span> <span class='ocrx_word' id='word_1_1059' title='bbox 3001 5568 3318 5638; x_wconf 84' lang='grc' dir='ltr'>εὐεργέταις</span> <span class='ocrx_word' id='word_1_1060' title='bbox 3375 5569 3573 5630; x_wconf 83' lang='grc' dir='ltr'>κοινοῖς</span> <span class='ocrx_word' id='word_1_1061' title='bbox 3600 5566 3705 5635; x_wconf 87' lang='grc' dir='ltr'>τῆς</span> 
     </span>
    </p>
   </div>
   <div class='ocr_carea' id='block_1_133' title="bbox 2177 5738 3710 5852">
    <p class='ocr_par' dir='ltr' id='par_1_133' title="bbox 2177 5738 3710 5852">
     <span class='ocr_line' id='line_1_133' title="bbox 2177 5738 3710 5852; baseline 0.001 -63"><span class='ocrx_word' id='word_1_1062' title='bbox 2177 5744 2204 5774; x_wconf 77' lang='grc'><strong><em>³</em></strong></span> <span class='ocrx_word' id='word_1_1063' title='bbox 2235 5742 2381 5852; x_wconf 40' lang='grc' dir='ltr'>Πομ,</span> <span class='ocrx_word' id='word_1_1064' title='bbox 2402 5742 2483 5788; x_wconf 86' lang='grc' dir='ltr'>καὶ</span> <span class='ocrx_word' id='word_1_1065' title='bbox 2516 5741 2644 5805; x_wconf 76' lang='grc' dir='ltr'>ὅμως</span> <span class='ocrx_word' id='word_1_1066' title='bbox 2667 5741 2902 5812; x_wconf 73' lang='grc' dir='ltr'>ἀνέχεται.</span> <span class='ocrx_word' id='word_1_1067' title='bbox 2966 5738 2995 5778; x_wconf 61' lang='grc' dir='ltr'>δ</span> <span class='ocrx_word' id='word_1_1068' title='bbox 3022 5741 3170 5804; x_wconf 62' lang='lat'><strong>1103.,</strong></span> <span class='ocrx_word' id='word_1_1069' title='bbox 3215 5742 3272 5790; x_wconf 87' lang='lat'>00</span> <span class='ocrx_word' id='word_1_1070' title='bbox 3316 5742 3457 5804; x_wconf 80' lang='grc' dir='ltr'>μόνον</span> <span class='ocrx_word' id='word_1_1071' title='bbox 3488 5741 3544 5790; x_wconf 86' lang='lat'>00</span> <span class='ocrx_word' id='word_1_1072' title='bbox 3567 5742 3710 5791; x_wconf 84' lang='grc' dir='ltr'>δοκεῖ</span> 
     </span>
     <span class='ocr_line' id='line_1_134' title="bbox 2177 5803 3394 5852; baseline 0 0"><span class='ocrx_word' id='word_1_1073' title='bbox 2177 5843 2185 5852; x_wconf 96' lang='grc'>.</span> <span class='ocrx_word' id='word_1_1074' title='bbox 2257 5809 2279 5835; x_wconf 61' lang='grc' dir='ltr'>(τ</span> <span class='ocrx_word' id='word_1_1075' title='bbox 2332 5813 2377 5852; x_wconf 78' lang='lat' dir='ltr'>ta</span> <span class='ocrx_word' id='word_1_1076' title='bbox 2405 5804 2524 5852; x_wconf 70' lang='lat'><strong>1102.</strong></span> <span class='ocrx_word' id='word_1_1077' title='bbox 2559 5804 2688 5852; x_wconf 77' lang='lat' dir='ltr'>Edlu</span> <span class='ocrx_word' id='word_1_1078' title='bbox 2713 5814 2849 5852; x_wconf 78' lang='lat' dir='ltr'>vero.</span> <span class='ocrx_word' id='word_1_1079' title='bbox 2874 5803 3008 5852; x_wconf 77' lang='grc' dir='ltr'>οὐδὲν</span> <span class='ocrx_word' id='word_1_1080' title='bbox 3033 5805 3148 5852; x_wconf 85' lang='grc' dir='ltr'>εἶναι</span> <span class='ocrx_word' id='word_1_1081' title='bbox 3181 5805 3394 5852; x_wconf 70' lang='grc' dir='ltr'>φοϐερόν.</span> 
     </span>
    </p>
   </div>
   <div class='ocr_carea' id='block_1_134' title="bbox 2117 5803 3394 5870">
    <p class='ocr_par' dir='ltr' id='par_1_134' title="bbox 2117 5803 3394 5870">
     <span class='ocr_line' id='line_1_135' title="bbox 2117 5803 3394 5870; baseline -0.002 -16"><span class='ocrx_word' id='word_1_1082' title='bbox 2117 5805 2185 5865; x_wconf 76' lang='grc' dir='ltr'>ἔγ.</span> <span class='ocrx_word' id='word_1_1083' title='bbox 2257 5809 2279 5835; x_wconf 68' lang='grc' dir='ltr'><strong>σ</strong></span> <span class='ocrx_word' id='word_1_1084' title='bbox 2305 5803 2377 5854; x_wconf 79' lang='lat' dir='ltr'>Ila</span> <span class='ocrx_word' id='word_1_1085' title='bbox 2405 5804 2524 5866; x_wconf 72' lang='lat' dir='ltr'>Heg.</span> <span class='ocrx_word' id='word_1_1086' title='bbox 2549 5803 2688 5854; x_wconf 74' lang='grc' dir='ltr'>Εαιιὶ</span> <span class='ocrx_word' id='word_1_1087' title='bbox 2713 5814 2849 5863; x_wconf 79' lang='lat' dir='ltr'><strong>vero.</strong></span> <span class='ocrx_word' id='word_1_1088' title='bbox 2874 5803 3008 5852; x_wconf 78' lang='grc' dir='ltr'>οὐδὲν</span> <span class='ocrx_word' id='word_1_1089' title='bbox 3033 5803 3148 5853; x_wconf 82' lang='grc' dir='ltr'>εἶναι</span> <span class='ocrx_word' id='word_1_1090' title='bbox 3181 5805 3394 5870; x_wconf 76' lang='grc' dir='ltr'>φοϐερόν.</span> 
     </span>
    </p>
   </div>
  </div>
