3986 6202
301 305 386 362 101

296 438 404 477 rtus
424 437 547 476 esse
571 422 778 476 videtur
807 418 857 473 id
898 418 1038 488 quod
1081 419 1281 473 dictum
1322 427 1408 470 est
1437 437 1450 446 Î‡
1482 429 1701 470 necesse
1741 427 1870 482 ergo

295 522 374 568 est
422 512 474 566 id
522 513 716 564 clarius
753 511 1059 579 explanare.
1104 509 1239 562 Cum
1284 508 1612 562 fornicanmr
1637 507 1874 574 (oportet

294 605 437 658 enim
464 619 496 657 a
519 604 627 670 jam
654 603 811 656 dictis
837 602 1114 671 incipere),
1141 601 1385 654 homines
1409 602 1577 668 magis
1601 599 1870 663 timemus,

295 714 452 763 quam
503 698 686 751 Deum.
720 695 851 762 Quia
874 695 1041 763 igitur
1073 709 1172 748 nos
1200 694 1278 748 sic
1313 694 1393 748 eis
1421 691 1766 761 subjecimus,
1805 690 1872 744 il-

299 787 480 854 losque
507 787 748 840 douiinos
781 795 993 840 nostros
1021 770 1428 846 constituimus;
1448 784 1612 837 multa
1638 797 1766 836 vero
1792 781 1872 835 his

296 880 517 934 dominis
541 893 661 932 esse
691 878 834 930 mala
869 877 1136 942 videntur,
1178 891 1297 945 qua:
1327 879 1465 929 mala
1509 889 1616 928 non
1643 881 1787 934 sunt,
1818 880 1872 926 et

298 972 377 1024 illa
398 971 643 1024 similiter
673 970 925 1037 fugimus.
969 968 1208 1037 Exempli
1249 982 1428 1030 causa,
1473 966 1524 1020 in
1559 971 1870 1036 paupertate

298 1063 467 1115 virere
497 1061 678 1115 multis
706 1069 860 1128 turpe
886 1073 1005 1113 esse
1035 1059 1245 1113 videtur
1277 1068 1368 1111 :et
1393 1065 1756 1126 paupertatem
1786 1052 1868 1107 fu-

295 1154 480 1222 gimus,
511 1168 616 1206 non
646 1152 790 1220 quod
837 1151 1005 1218 turpis
1034 1151 1103 1205 sit
1147 1165 1244 1203 nec
1273 1148 1413 1219 quod
1446 1157 1654 1216 turpem
1681 1145 1870 1200 creda-

296 1261 422 1308 mtts,
451 1245 546 1299 sed
576 1245 698 1314 quia
730 1243 961 1297 dominis
990 1242 1186 1297 nostris
1213 1257 1333 1296 esse
1364 1241 1530 1309 turpis
1554 1239 1786 1304 videtur,
1814 1247 1868 1293 et

293 1335 408 1388 illos
438 1337 704 1390 timemus.
752 1335 955 1389 Rursus
1000 1332 1305 1388 inhonorari
1353 1339 1408 1386 et
1435 1332 1706 1386 contemni
1751 1329 1870 1383 nul-

293 1431 502 1498 lamque
544 1431 739 1484 habere
766 1438 1104 1498 potestatem,
1145 1442 1174 1480 a
1202 1426 1382 1480 multis
1411 1435 1564 1494 turpe
1595 1433 1651 1478 et
1675 1421 1868 1476 vilissi-

292 1536 440 1574 mum
483 1520 837 1576 existimatur.
886 1520 996 1575 Hoc
1036 1533 1244 1576 rursum
1293 1517 1551 1586 fugimus,
1601 1529 1706 1568 non
1750 1527 1866 1566 rem

289 1613 632 1673 damnautes.
669 1613 763 1666 sed
795 1620 1010 1680 prepter
1045 1611 1383 1664 dominorum
1419 1618 1718 1662 nostrorum
1745 1620 1868 1661 sen-

287 1707 535 1760 tentiam.
566 1704 800 1758 Rursum
826 1720 857 1758 e
884 1702 1150 1757 contrario
1176 1700 1415 1756 eamdem
1436 1699 1666 1769 patimur
1685 1696 1864 1767 perni-

283 1798 422 1852 ciem
457 1814 470 1850 :
501 1812 625 1851 nam
654 1796 871 1850 divitem
903 1809 1041 1858 esse,
1078 1794 1275 1848 bonum
1302 1807 1422 1847 esse
1450 1790 1676 1856 videtur,
1709 1791 1862 1844 item-

282 1904 385 1958 que
417 1888 585 1940 fastus
614 1898 663 1940 et
689 1886 857 1955 gloria
882 1895 936 1938 et
963 1884 1175 1938 claritas
1201 1901 1214 1937 :
1242 1882 1417 1938 ethoc
1446 1896 1653 1936 rursum
1683 1894 1862 1950 perse-

280 1979 515 2047 quimur,
544 1992 651 2031 non
681 1992 858 2031 rerum
892 1985 1134 2030 naturam
1166 1984 1224 2029 ut
1269 1975 1461 2029 bonam
1489 1973 1856 2043 respicientes,

280 2070 372 2126 sui
401 2086 465 2123 ex
489 2069 741 2137 Opinione
764 2068 1102 2122 dominorum
1132 2075 1436 2121 nostrorum
1467 2064 1722 2133 persuasi.
1757 2063 1860 2117 Do-

281 2163 454 2216 minus
475 2162 672 2231 quippe
702 2171 885 2214 noster
913 2169 994 2214 est
1034 2159 1291 2228 populus;
1320 2169 1374 2214 et
1403 2158 1542 2227 vulgi
1575 2156 1724 2212 turba
1756 2155 1856 2211 do-

279 2257 452 2308 minus
478 2263 581 2315 est,
609 2265 782 2305 s:cvus
809 2251 1161 2319 immanisque
1189 2259 1468 2319 tyramms.
1502 2248 1685 2318 Neque
1711 2247 1857 2302 enim

273 2359 408 2413 opus
427 2351 515 2398 est
546 2351 599 2395 ut
626 2342 870 2411 imperet,
899 2350 955 2393 ut
980 2341 1026 2394 ei
1057 2339 1445 2408 obsequantur;
1476 2338 1570 2392 sed
1597 2337 1726 2392 satis
1752 2345 1853 2402 est,

272 2435 314 2487 si
345 2449 445 2488 IIUS
485 2433 613 2503 quid
655 2432 729 2486 illi
760 2434 964 2500 placeat
990 2431 1242 2495 sciamus,
1276 2437 1333 2484 et
1361 2429 1478 2483 sine
1515 2428 1664 2497 jussu
1698 2442 1854 2497 pare-

269 2539 387 2577 mus
415 2541 430 2576 :
465 2532 612 2576 tanta
638 2522 835 2575 utimur
861 2535 987 2590 erga
1023 2521 1171 2575 illum
1201 2519 1590 2574 benevolentia.
1630 2519 1695 2574 Et
1719 2519 1856 2573 Deus

267 2616 490 2684 quidem
518 2614 756 2683 quotidie
787 2614 957 2667 minas
1000 2614 1269 2666 intentans
1301 2621 1358 2667 et
1399 2611 1714 2679 admonens,
1747 2627 1852 2666 non

263 2706 490 2761 auditur
515 2721 531 2768 ;
563 2706 712 2758 turba
739 2713 913 2760 autem
946 2704 1315 2773 incomposita,
1339 2703 1436 2758 faex
1461 2703 1757 2769 homimnn,
1787 2719 1855 2758 ne

263 2797 531 2851 mandato
557 2796 765 2865 quidem
792 2809 926 2866 opus
952 2795 1145 2858 habet;
1174 2795 1268 2851 sed
1295 2797 1425 2852 satis
1449 2805 1554 2860 est,
1578 2804 1633 2850 ut
1658 2795 1855 2851 indicet

259 2890 387 2960 quid
416 2890 525 2944 sibi
557 2889 777 2959 placeat,
808 2900 863 2943 et
892 2889 1071 2943 statim
1105 2889 1156 2943 in
1184 2889 1432 2944 omnibus
1472 2889 1572 2957 ipsi
1599 2889 1851 2959 obsequi-

259 2996 400 3034 mur.
437 2980 505 3034 Et
546 2979 836 3048 quomodo,
867 2979 1092 3048 inquies.
1137 2978 1299 3032 hosce
1336 2979 1582 3032 dmuinos
1619 2979 1852 3050 effugere

255 3074 373 3146 quis
400 3073 620 3142 possit?
660 3072 714 3126 Si
757 3071 1012 3141 majorem
1040 3085 1195 3138 quam
1225 3070 1298 3123 illi
1329 3083 1545 3124 sensum
1591 3079 1849 3138 assumat,

255 3165 301 3220 si
323 3181 513 3220 rerum
531 3173 778 3218 naturam
798 3172 1024 3232 spectet,
1047 3163 1092 3217 si
1118 3161 1259 3232 vulgi
1288 3162 1549 3218 calculum
1571 3163 1848 3232 despiciat,

251 3258 294 3311 si
318 3269 452 3311 ante
482 3257 593 3310 alia
620 3255 803 3309 omnia
831 3255 881 3308 in
913 3254 998 3319 iis,
1029 3269 1148 3322 quae
1181 3267 1304 3309 vere
1335 3255 1504 3323 turpia
1532 3263 1677 3322 sunt,
1700 3256 1849 3324 seip-

249 3364 367 3401 smu
403 3351 479 3402 ita
509 3349 775 3410 instituat,
812 3357 867 3400 ut
897 3362 1004 3400 non
1041 3345 1303 3409 homines,
1329 3345 1422 3401 sed
1453 3346 1751 3400 insomnem
1785 3347 1846 3399 il-

250 3439 360 3493 lum
392 3441 622 3494 oculum
670 3446 886 3500 metuat,
915 3448 968 3492 et
1003 3437 1056 3491 in
1090 3436 1242 3491 bonis
1285 3453 1495 3492 rursum
1533 3453 1756 3491 eoronas
1782 3438 1850 3491 ab

247 3532 338 3584 illo
367 3539 616 3600 qumrat.
647 3531 719 3583 lla
745 3530 882 3583 enim
914 3545 1082 3598 neque
1122 3529 1175 3582 in
1217 3529 1333 3582 aliis
1365 3529 1636 3582 hominum
1665 3543 1848 3582 auram

247 3621 513 3677 feremus.
547 3620 688 3676 Nam
716 3621 802 3688 qui
841 3636 957 3674 cum
991 3630 1132 3675 recte
1170 3621 1297 3690 agit.
1332 3636 1396 3673 nc
1422 3620 1611 3687 dignos
1634 3619 1847 3688 quidem

243 3726 431 3768 censet
463 3714 619 3775 illos,
644 3711 736 3782 qui
762 3727 852 3765 sua
882 3723 1024 3766 recte
1047 3711 1180 3764 facta
1203 3713 1400 3774 norint,
1427 3711 1518 3763 sed
1539 3710 1625 3762 l)ei
1645 3709 1851 3763 calculo

243 3817 540 3860 contentus
566 3815 675 3867 est,
711 3819 882 3872 neque
906 3804 957 3857 in
979 3804 1259 3857 contrariis
1283 3808 1513 3872 aliquam
1543 3817 1726 3855 eorum
1762 3817 1848 3854 ra-

240 3898 447 3951 tionem
479 3895 733 3950 habebit.
790 3893 858 3948 Et
897 3894 1163 3962 quomodo
1191 3934 1204 3951 ,
1249 3893 1481 3961 inquies,
1534 3891 1633 3946 hoc
1677 3893 1846 3961 ipsum

239 3990 339 4042 erit
357 3989 379 4039 ?

306 4079 616 4131 Hominum
647 4077 821 4130 laudes
857 4092 957 4128 non
985 4074 1288 4144 quierant/cc,
1325 4073 1410 4126 sed
1445 4073 1553 4126 Dei.
1576 4104 1644 4113 â€”
1664 4073 1847 4142 Cogita

235 4170 363 4239 quid
399 4172 476 4222 sit
501 4173 701 4229 homo,
726 4167 848 4235 quid
873 4170 940 4220 sit
969 4166 1126 4231 Deus,
1158 4173 1212 4218 ct
1233 4181 1336 4232 quo
1357 4164 1576 4217 dimisso
1599 4165 1663 4217 ad
1689 4180 1846 4233 quem

233 4263 544 4331 confugias,
582 4269 644 4314 et
675 4260 783 4313 cito
812 4269 979 4311 totum
1003 4257 1258 4326 corriges.
1284 4255 1454 4309 Homo
1478 4265 1652 4308 tecum
1675 4255 1847 4308 eidem

237 4364 460 4421 pere-uo
509 4352 797 4421 subjacct,
849 4349 1023 4402 eidem
1059 4347 1282 4417 judicio,
1324 4345 1497 4400 eidem
1542 4345 1846 4414 supplicio:

237 4463 398 4500 nomo
430 4448 672 4501 vanitati
708 4444 900 4499 similis
932 4448 1100 4497 factus
1116 4453 1218 4509 est,
1241 4456 1444 4497 rectum
1464 4442 1720 4511 judicium
1746 4455 1848 4494 non

236 4539 414 4602 habet,
449 4549 510 4593 et
553 4553 805 4606 superna
846 4545 967 4604 eget
998 4535 1330 4589 correctione
1371 4552 1382 4586 :
1423 4534 1602 4595 homo,
1633 4541 1772 4587 terra
1799 4539 1853 4585 et

231 4632 385 4694 ciuis,
421 4634 468 4684 si
505 4631 736 4692 laudet,
780 4642 926 4694 Î¸Ï‰Î½Î±
971 4635 1170 4681 temere
1205 4625 1456 4690 laudabit,
1499 4633 1588 4678 aut
1628 4624 1693 4678 ad
1733 4638 1853 4693 graâ€”

234 4725 355 4774 tiam
400 4730 500 4776 aut
541 4736 612 4776 ex
645 4719 816 4782 odio;
850 4719 893 4770 si
922 4717 1277 4772 calumnietur
1307 4726 1361 4770 et
1391 4725 1624 4780 accuset,
1665 4729 1852 4770 rursus

230 4813 416 4866 eodem
448 4813 649 4865 animo
680 4810 745 4862 iil
775 4809 918 4862 facit.
949 4809 1019 4862 At
1047 4823 1150 4862 non
1187 4809 1254 4860 ita
1289 4809 1459 4871 Deus;
1501 4807 1592 4861 sed
1626 4807 1853 4874 irreprcâ€”

233 4904 510 4959 hensibiiis
533 4914 627 4958 est
653 4902 790 4970 ejus
810 4901 1068 4965 calculus,
1102 4910 1152 4954 et
1183 4915 1367 4967 purum
1396 4897 1652 4966 judicium
1683 4899 1850 4953 illius.

232 4995 462 5068 Ideoque
507 5002 758 5067 oportet
795 5008 1010 5060 semper
1035 4992 1102 5047 ad
1151 4993 1295 5046 illum
1322 4991 1644 5060 confugere;
1678 5005 1855 5060 neque

234 5091 346 5144 ideo
375 5102 623 5152 tantum,
658 5087 768 5142 sed
797 5087 922 5156 quia
943 5087 1099 5140 etiam
1123 5087 1234 5154 ipse
1258 5094 1308 5138 te
1332 5084 1472 5148 fecit,
1491 5093 1541 5136 et
1559 5085 1674 5154 plus
1694 5099 1851 5154 quam

236 5198 417 5239 onmes
457 5185 557 5238 tibi
593 5181 815 5252 paruit,
865 5179 1135 5247 magisque
1181 5187 1229 5232 te
1272 5185 1438 5241 amat,
1466 5191 1622 5243 quam
1661 5183 1714 5227 tu
1744 5175 1856 5243 ipse

237 5289 282 5327 te
308 5292 482 5331 ames.
523 5275 644 5330 Cur
686 5287 832 5339 ergo
881 5278 986 5323 tam
1025 5271 1250 5324 mirabili
1284 5269 1448 5322 misso
1481 5266 1752 5321 laudatore
1789 5265 1856 5320 ad

241 5369 507 5426 hominem
533 5368 905 5438 confugimus
932 5365 1023 5432 qui
1048 5366 1182 5418 nihil
1209 5375 1311 5428 est,
1342 5363 1432 5433 qui
1461 5361 1655 5415 frustra
1683 5370 1736 5414 et
1776 5371 1856 5414 te-

241 5478 377 5517 mere
402 5463 596 5518 omnia
633 5457 814 5513 facit?
845 5455 1041 5509 Malum
1073 5465 1125 5510 te
1165 5455 1293 5509 dicit
1317 5467 1368 5510 et
1390 5454 1702 5515 scelestum,
1733 5467 1853 5504 cum

245 5557 351 5612 talis
382 5575 493 5612 non
535 5556 665 5611 sis?
719 5553 824 5606 Illa
865 5548 936 5604 de
961 5565 1121 5603 causa
1151 5549 1320 5617 magis
1347 5549 1493 5603 illum
1525 5549 1783 5602 miserare
1808 5554 1862 5600 ct

245 5648 389 5713 defle,
418 5651 548 5721 quia
582 5650 904 5713 corruptus
929 5650 1031 5706 est,
1060 5641 1283 5709 ejusque
1305 5641 1525 5709 gloriam
1553 5648 1859 5702 contemne,

249 5744 356 5812 quia
393 5760 512 5818 ejus
565 5739 798 5798 mentis
840 5734 978 5788 oculi
1026 5733 1274 5788 exca'cati
1320 5742 1440 5789 sunt
1479 5733 1777 5803 :siquidcm
1807 5740 1861 5787 ct

561 5840 876 5897 PATBOL.
925 5828 1042 5887 (in.
1099 5829 1254 5888 [Î»Î¹.

1379 302 1442 355 Î¹Î
1485 298 1699 357 EPIST.
1744 296 1761 351 l
1825 297 1912 352 Al)
1950 295 2105 350 COR.
2150 296 2378 352 IIOMIL.
2423 295 2535 354 Xll.

3469 307 3567 359 101

1983 412 2210 479 apostoli
2243 412 2355 466 haec
2384 413 2682 478 audierunt,
2715 424 2766 468 et
2797 413 2914 468 illos
2941 429 2998 471 se
3027 415 3417 473 calumniantes
3447 421 3566 474 irri-

1978 512 2188 556 serunt.
2219 504 2286 558 At
2307 513 2357 558 te
2389 505 2584 559 bonum
2615 517 2666 560 et
2697 505 2878 560 utilem
2905 507 3072 562 dicit?
3110 507 3169 564 Si
3199 511 3317 564 talis
3346 511 3562 580 quidem

1975 592 2071 657 sis,
2106 593 2253 647 nullo
2278 593 2437 647 modo
2477 610 2507 648 a
2557 595 2646 649 tali
2694 595 2860 664 gloria
2887 599 3214 663 entoiliaris;
3242 601 3285 653 si
3311 617 3416 656 non
3441 603 3563 656 talis

1975 682 2073 750 sis,
2093 685 2260 754 magis
2279 685 2518 754 despice,
2549 697 2601 741 et
2627 701 2736 741 rem
2760 703 2880 742 esse
2909 690 3018 744 risu
3045 691 3256 762 dignam
3286 701 3431 762 puta.
3467 694 3559 748 Vis

1974 772 2111 826 scire
2135 787 2294 841 quam
2315 784 2564 844 corrupta
2591 776 2699 830 sint
2727 777 2865 848 vulgi
2890 779 3111 848 judicia,
3142 797 3300 852 quam
3329 783 3559 846 inutilia,

1973 878 2130 933 quam
2170 865 2426 930 ridicula;
2481 878 2536 923 et
2571 869 2672 924 alia
2711 871 2924 942 quidem
2958 873 3245 931 furentium
3289 888 3344 933 et
3381 890 3561 936 mentc

1971 962 2268 1022 captorum,
2299 956 2400 1010 alia
2450 973 2577 1012 vero
2626 959 2903 1016 infantium
2947 964 3298 1024 lactentium?
3332 974 3468 1028 Audi
3503 986 3560 1030 ut

1973 1042 2170 1137 fuerint
2195 1045 2302 1113 jam
2329 1048 2477 1102 olim.
2505 1049 2709 1104 Judicia
2743 1068 2870 1107 vero
2893 1055 2983 1108 tibi
3012 1057 3304 1126 proferam,
3334 1080 3438 1119 non
3465 1083 3558 1137 po-

1973 1134 2082 1203 puli
2112 1144 2337 1202 tantmn,
2361 1139 2454 1192 sed
2493 1155 2680 1196 eorum
2707 1143 2794 1212 qui
2832 1146 3210 1214 sapientissimi
3243 1169 3362 1209 esse
3404 1134 3555 1214 vide-

1973 1226 2198 1293 bantur,
2229 1230 2424 1300 quique
2451 1231 2782 1300 legislatores
2812 1237 3042 1292 fut-runt.
3075 1243 3204 1307 Quis
3227 1247 3370 1300 enim
3412 1251 3551 1318 apud

1974 1318 2158 1389 vulgus
2186 1322 2476 1390 sapientior
2503 1323 2670 1380 videri
2698 1327 2864 1397 possit
2889 1343 2978 1396 eo,
3006 1335 3093 1402 qui
3118 1333 3311 1406 dignus
3340 1339 3552 1396 habitus

1969 1418 2070 1474 est,
2105 1420 2160 1465 ut
2183 1411 2484 1468 civitatibus
2508 1423 2563 1470 et
2595 1418 2804 1487 populis
2834 1419 2979 1490 leges
3001 1427 3261 1492 poneret?
3293 1432 3542 1488 Attamen

1970 1502 2116 1558 hisee
2165 1507 2493 1574 sapientibus
2538 1509 2786 1566 fornicari
2837 1514 2966 1569 nihil
3023 1518 3232 1574 videtur
3271 1537 3391 1577 esse
3422 1525 3548 1579 ntali

1969 1610 2068 1650 nec
2095 1596 2368 1665 punitione
2396 1599 2636 1670 dignum.
2668 1601 2821 1658 Nulla
2851 1605 2992 1660 enim
3019 1622 3236 1664 externa
3271 1611 3352 1666 lex
3384 1615 3547 1668 forni-

1966 1695 2175 1741 catores
2203 1687 2311 1742 ulta
2359 1701 2470 1756 est,
2505 1706 2678 1762 neque
2721 1693 2823 1750 hac
2876 1696 2944 1752 de
2985 1713 3146 1754 causa
3183 1703 3247 1755 ad
3287 1703 3544 1772 judicium

1967 1777 2162 1844 traxit;
2186 1777 2281 1833 sed
2305 1779 2510 1834 etiamsi
2540 1782 2658 1851 quis
2687 1797 2754 1838 eo
2781 1785 3042 1850 trahatur,
3074 1791 3221 1844 multi
3247 1792 3467 1847 irrident
3493 1809 3546 1849 Î¹Î¹Î¹

1959 1869 2122 1936 judex
2161 1869 2211 1924 id
2239 1886 2345 1925 non
2377 1872 2592 1941 patitur.
2626 1875 2758 1930 Alea
2791 1877 2976 1932 ludere
3015 1897 3200 1937 rursus
3240 1886 3380 1952 apud
3427 1888 3545 1941 illos

1962 1962 2224 2032 supplicio
2253 1965 2482 2020 liberum
2523 1976 2626 2030 est,
2665 1979 2720 2023 et
2753 1986 2908 2024 nemo
2942 1972 3040 2026 hac
3074 1974 3143 2029 de
3167 1990 3326 2030 causa
3361 1994 3542 2048 pan-is

1963 2055 2126 2110 dedit.
2158 2057 2412 2113 lnebriari
2439 2069 2493 2114 et
2523 2061 2829 2132 ingurgitari
2859 2066 2982 2119 cibo
3014 2083 3117 2120 non
3151 2069 3310 2123 modo
3337 2073 3543 2126 crituen

1964 2158 2194 2214 nonest,
2236 2151 2331 2204 sed
2358 2161 2504 2207 recte
2531 2152 2725 2208 factum
2767 2170 2796 2210 a
2829 2157 3010 2213 multis
3057 2169 3296 2228 putatum
3323 2163 3457 2217 fuit:
3487 2176 3543 2218 et

1964 2239 2013 2292 in
2051 2241 2218 2296 cteais
2254 2243 2572 2298 militaribus
2599 2245 2764 2301 multa
2802 2262 2865 2301 ea
2895 2248 2961 2302 de
2999 2267 3054 2302 re
3083 2261 3162 2304 est
3189 2255 3537 2319 concertatio,

1960 2343 2012 2386 et
2040 2335 2129 2402 qui
2160 2335 2388 2390 maxime
2417 2349 2572 2406 egent
2598 2353 2723 2391 sana
2754 2352 2931 2396 mente
2955 2353 3012 2398 et
3041 2345 3263 2400 robusto
3285 2363 3534 2417 corpore,

1960 2421 2012 2477 bi
2037 2426 2266 2481 maxime
2293 2427 2568 2482 ebrietatis
2601 2432 2866 2500 tyrannidi
2911 2448 2970 2487 se
2998 2435 3218 2503 dedunt,
3258 2446 3314 2492 et
3341 2454 3538 2510 corpus

1959 2515 2311 2572 dissolventes
2338 2529 2394 2573 et
2419 2523 2650 2574 animam
2681 2523 2912 2577 tenebris
2934 2526 3306 2596 nffundcntes;
3334 2531 3537 2586 nullus-

1957 2621 2062 2678 que
2091 2609 2356 2678 legislator
2384 2609 2485 2663 hoc
2505 2612 2688 2665 vitimu
2717 2615 2942 2680 punivit.

2027 2698 2080 2753 á½….
2113 2700 2250 2764 Quid
2281 2699 2378 2754 hac
2406 2699 2607 2755 insania
2641 2704 2825 2771 pejus?
2850 2705 2982 2759 Num
3011 2724 3138 2775 ergo
3160 2710 3341 2766 laudes
3364 2712 3536 2768 homi-

1957 2804 2102 2853 num,
2147 2789 2233 2857 qui
2276 2790 2352 2844 sic
2390 2789 2563 2846 aï¬‚â€˜ecti
2593 2805 2734 2856 sunt,
2789 2795 3033 2862 requiris.
3063 2811 3113 2850 et
3161 2815 3263 2852 non
3307 2803 3534 2868 teipsum

1955 2881 2199 2936 defodis?
2228 2881 2284 2938 Si
2313 2883 2455 2938 enim
2485 2899 2674 2939 omnes
2703 2886 2960 2954 ejusmodi
2997 2893 3236 2946 homines
3267 2904 3315 2947 te
3352 2894 3536 2950 lauda-

1955 2983 2095 3039 rent,
2126 2989 2303 3030 annon
2331 2984 2603 3045 oporteret
2628 2979 2947 3034 erubescere
2975 2991 3028 3035 et
3062 2983 3263 3051 pudore
3302 2986 3532 3042 suffundi

1956 3065 2327 3133 plaudentibus
2357 3067 2680 3133 hominibus,
2713 3087 2937 3140 quorum
2963 3073 3157 3141 judicia
3191 3077 3259 3130 ita
3280 3094 3530 3149 corrupta

1952 3158 2111 3210 sunt?
2142 3159 2344 3214 Rursus
2376 3160 2704 3230 blasphemia
2735 3163 3124 3232 legislatoribus
3158 3184 3261 3220 non
3293 3172 3531 3228 terribile

1953 3247 2220 3316 quidpiam
2241 3265 2362 3306 esse
2391 3252 2632 3308 videtur:
2659 3269 2814 3308 neuio
2841 3255 2981 3308 enim
3010 3259 3097 3326 qui
3126 3258 3177 3312 in
3204 3259 3364 3313 Delum
3391 3263 3533 3318 blas-

1955 3337 2235 3408 phemarit,
2278 3342 2344 3396 ad
2384 3344 2612 3398 tribunal
2651 3355 2888 3414 raptatus
2933 3345 3031 3401 fuit
3073 3359 3126 3402 et
3155 3365 3336 3418 pmnas
3363 3353 3526 3409 dedit.

1953 3432 2056 3488 Sed
2083 3435 2128 3488 si
2155 3436 2273 3505 quis
2302 3446 2503 3492 vestem
2544 3437 2768 3504 foretur,
2796 3451 2887 3492 aut
2934 3458 3240 3495 crumenam
3278 3445 3527 3511 dissecet,

1954 3538 2007 3580 et
2033 3527 2196 3581 latera
2247 3528 2342 3596 ipsi
2382 3529 2682 3583 lacerantur
2711 3541 2764 3583 ct
2804 3545 2944 3599 ÎµÎµÎ¹-Î¼Ï…
2987 3543 3156 3586 inorte
3201 3536 3481 3590 unde-tatur
3513 3557 3527 3593 :

1953 3620 2042 3689 qui
2067 3629 2245 3674 autem
2276 3621 2326 3674 in
2355 3621 2517 3676 Deum
2548 3623 2880 3691 blasphemat
2901 3666 2916 3688 ,
2951 3640 3054 3678 nou
3087 3639 3369 3682 accusatur
3391 3634 3530 3699 apud

1954 3720 2204 3765 externos
2230 3712 2580 3781 legislzttores.
2614 3715 2680 3768 Et
2718 3718 2760 3768 si
2791 3717 2910 3785 quis
2942 3733 3159 3770 uxorem
3186 3718 3406 3785 habens,
3435 3738 3531 3776 au-

1954 3805 2130 3858 cillatn
2163 3805 2330 3871 vitiet,
2377 3805 2426 3859 id
2470 3806 2599 3861 nihil
2650 3810 2787 3878 apud
2817 3819 3062 3864 externas
3110 3811 3252 3882 leges
3295 3823 3350 3868 et
3389 3819 3526 3886 apud

1956 3899 2150 3950 multos
2177 3913 2296 3952 esse
2321 3898 2548 3953 videtur.

2024 3987 2356 4042 Tlieatrorum
2397 3988 2944 4058 ratioJlippodromus
2992 4004 3038 4046 et
3080 4012 3264 4066 pugna:
3305 3998 3528 4066 ferarum

1953 4081 2142 4148 quales.
2174 4110 2245 4118 â€”
2277 4081 2366 4134 Vis
2389 4083 2490 4134 alia
2517 4098 2726 4150 quoque
2757 4084 2941 4137 audire
2968 4102 3086 4153 qua:
3114 4086 3348 4156 ipsorum
3389 4091 3530 4146 insa-

1956 4171 2094 4224 niatn
2127 4171 2444 4225 ostendant?
2471 4188 2590 4225 nam
2637 4173 2748 4226 haec
2775 4175 2988 4242 quidem
3026 4192 3130 4229 non
3161 4181 3406 4248 puniunt,
3435 4184 3527 4235 sed

1955 4261 2086 4314 alias
2113 4261 2255 4330 leges
2285 4272 2541 4314 statuunt.
2569 4264 2875 4328 Quasnam?
2897 4263 3125 4317 Theatra
3152 4268 3427 4334 colligunt,
3463 4271 3528 4323 il-

1957 4349 2114 4419 loque
2158 4351 2495 4405 meretricum
2540 4352 2734 4405 choros
2771 4353 3060 4415 inducunt,
3100 4365 3154 4407 et
3195 4371 3386 4423 pueros
3412 4374 3530 4412 cor-

1958 4450 2161 4510 ruptos,
2209 4441 2295 4510 qui
2342 4451 2582 4494 naturam
2625 4445 2945 4497 conttnnelia
2988 4444 3245 4512 afficiunt,
3280 4451 3527 4518 populmu

1961 4541 2126 4587 totum
2157 4533 2207 4586 in
2238 4535 2510 4601 superiore
2538 4536 2655 4589 loco
2686 4536 2873 4590 sedere
2899 4536 3123 4604 jubent;
3155 4541 3234 4594 sic
3259 4543 3528 4600 civitatem

1958 4634 2280 4690 recreantes,
2308 4627 2386 4681 sic
2412 4643 2630 4696 magnos
2655 4628 2774 4680 illos
2801 4644 2972 4698 rcges,
3003 4645 3134 4698 quos
3157 4648 3369 4702 semper
3389 4639 3531 4691 cele-

1960 4720 2114 4773 brant
2137 4720 2207 4774 ob
2236 4728 2430 4788 tropaea
2469 4730 2625 4788 atque
2661 4721 2930 4787 victorias,
2964 4736 3300 4780 coronantes.
3335 4727 3530 4785 Vernnt

1959 4811 2084 4880 quid
2107 4821 2186 4866 est
2212 4811 2313 4865 hoc
2340 4811 2538 4864 honore
2567 4811 2848 4880 frigidius?
2870 4815 2993 4883 quid
3024 4816 3122 4870 hac
3143 4821 3414 4888 voluptate
3446 4824 3526 4874 in-

1959 4901 2195 4971 gratius?
2211 4919 2277 4956 ex
2295 4901 2444 4954 hisne
2461 4905 2651 4970 qua-ris
2676 4915 2943 4972 gestorum
2967 4916 3172 4961 tuorum
3198 4913 3490 4967 laudatores
3511 4917 3533 4966 'l

1962 5001 2161 5047 etcum
2191 4992 2548 5055 saltatoribus,
2603 4995 2871 5061 mollibus,
2921 4999 3097 5051 mimis
3136 5015 3197 5053 ac
3242 5006 3536 5059 meretrici-

1963 5085 2080 5149 bus,
2127 5086 2240 5150 vis,
2290 5100 2471 5153 quasso
2514 5094 2601 5149 te,
2643 5088 2799 5140 laude
2841 5090 2979 5140 frui?
3030 5099 3084 5141 et
3124 5093 3389 5157 quomodo
3434 5114 3538 5155 non

1963 5174 2161 5230 fuerint
2189 5177 2302 5230 haec
2329 5187 2582 5230 extrema:
2615 5176 2940 5230 dementim?
2970 5179 3218 5234 Libenter
3244 5187 3384 5240 enim
3418 5190 3539 5243 illos

1967 5270 2349 5339 interrogarem
2374 5283 2392 5321 :
2421 5267 2765 5337 lndignnmue
2783 5278 2865 5321 est
2888 5283 3086 5324 natura:
3113 5271 3256 5343 leges
3277 5289 3538 5344 evertere,

1967 5374 2020 5419 et
2052 5363 2280 5417 nefarios
2328 5361 2580 5416 inducere
2625 5361 2829 5415 coitus?
2880 5365 3108 5419 Omnino
3148 5367 3326 5422 dicent
3355 5387 3540 5423 onutes

1968 5472 2080 5510 rem
2111 5469 2229 5510 esse
2259 5451 2524 5521 indignam
2550 5471 2563 5518 ;
2598 5453 2844 5508 videntur
2874 5458 3013 5510 enim
3045 5458 3144 5512 hoc
3172 5459 3358 5526 punire
3391 5459 3543 5526 nagi-

1970 5546 2120 5599 tium.
2147 5544 2252 5598 Cur
2281 5558 2408 5613 ergo
2427 5544 2660 5598 cintcdos
2683 5546 2801 5598 illos
2824 5545 3052 5611 inducis,
3083 5564 3180 5601 nec
3203 5547 3363 5600 modo
3391 5547 3546 5599 indu-

1973 5639 2070 5703 cis,
2104 5635 2197 5690 sed
2229 5637 2386 5690 etiam
2431 5636 2722 5690 innumeris
2748 5647 2802 5690 et
2845 5637 3200 5692 ineflabilibus
3229 5637 3397 5689 donas
3431 5654 3545 5693 mtt-

1975 5729 2236 5787 ncribus?
2267 5729 2399 5785 Cum
2427 5729 2552 5784 alibi
2580 5743 2673 5784 eos
2700 5727 2790 5796 qui
2821 5726 2942 5780 talia
2986 5727 3184 5780 audent
3219 5722 3425 5793 punias,
3467 5729 3548 5785 hic

3126 5833 3162 5888 â€™á¼¸
