3986 6202
358 300 459 356 103

358 430 507 485 quaSt
522 421 835 467 communes
849 404 1077 461 civitatis
1092 402 1361 457 beneﬁcos
1382 394 1663 464 insumptis
1681 388 1938 462 pecuniis,

361 484 576 575 publico
601 510 815 569 sumptu
842 498 990 566 ipsos
1016 494 1136 548 alis.
1163 493 1252 556 At,
1283 488 1513 557 inquies,
1541 484 1769 539 infames
1794 486 1938 533 sunt.

363 574 468 650 Cur
489 607 619 663 ergo
648 590 768 645 illos
799 584 1063 642 instituis?
1088 598 1185 638 cur
1229 596 1323 650 per
1353 578 1580 634 infames
1624 574 1748 629 illos
1792 582 1945 639 reges

363 686 634 743 lutum-as?
659 698 756 739 cur
783 681 1026 736 civitates
1049 674 1282 732 caecas?
1308 687 1405 727 cur
1431 671 1484 724 in
1519 669 1640 722 illos
1673 672 1817 719 tanta
1847 663 1947 715 itu-

365 779 551 849 t-endis
571 778 593 830 ?
615 791 733 830 nam
756 774 799 827 si
831 769 1058 824 infames
1077 775 1224 831 sunt,
1243 761 1439 833 expelli
1452 759 1668 849 debent:
1687 756 1795 809 (iur
1814 767 1948 849 ergo

365 844 487 927 illos
534 869 758 924 infames
791 849 1005 919 fecisti?
1031 876 1099 914 an
1132 866 1192 912 ut
1225 855 1468 916 laudans,
1511 867 1577 905 an
1634 844 1695 902 ut
1740 844 1944 900 conde-

364 960 659 1019 muansiUt
674 956 1038 1015 condemnatis
1059 947 1480 1020 utique.Ergone
1500 951 1560 998 ut
1584 940 1949 996 condemnans

366 1053 593 1109 infantes
621 1049 770 1110 facis,
794 1054 849 1101 et
875 1054 933 1098 ut
956 1037 1299 1096 honorabiles
1317 1036 1440 1090 illos
1457 1033 1666 1088 visurus
1688 1026 1943 1089 accurris,

366 1141 600 1207 miraris,
630 1138 834 1203 laudas,
863 1130 1185 1203 applattdis?
1225 1126 1361 1196 Quid
1390 1139 1525 1196 opus
1555 1132 1636 1179 est
1665 1121 1848 1176 dicere
1881 1118 1950 1171 de

370 1233 614 1296 fallaciis,
646 1244 766 1301 qua:
801 1229 854 1281 in
902 1220 1269 1294 hippodromis
1302 1227 1356 1274 et
1402 1218 1454 1271 in
1490 1214 1679 1286 pugnis
1719 1212 1951 1266 ferarum

370 1320 762 1379 admittuntur?
787 1318 913 1372 Haec
951 1316 1149 1386 quippe
1184 1304 1330 1365 omni
1372 1318 1592 1377 stupore
1620 1313 1745 1361 sunt
1768 1302 1948 1374 plena,

371 1417 672 1483 doceatque
723 1409 936 1465 assidue
982 1405 1238 1476 populum
1292 1414 1416 1456 esse
1453 1393 1951 1457 imutisericordem,

372 1522 572 1564 satvum
596 1513 658 1559 et
693 1502 1064 1561 inhumanum,
1093 1505 1418 1564 exercetque
1443 1490 1510 1546 ad
1534 1488 1823 1544 videndum
1851 1486 1955 1540 ho-

374 1601 547 1657 tnines
593 1598 910 1666 discerptos,
951 1592 1266 1662 sanguinem
1317 1587 1565 1650 effusum,
1619 1594 1669 1639 et
1722 1581 1953 1637 ferarum

374 1690 759 1745 immanitatem
801 1687 978 1741 omnia
1021 1679 1460 1738 confundentem.
1509 1676 1583 1731 Et
1629 1674 1729 1728 hos
1767 1684 1958 1725 omnes

374 1781 593 1837 morbos
616 1777 883 1847 sapientes
908 1774 982 1830 illi
1004 1772 1336 1842 legislatures
1356 1769 1424 1824 ab
1448 1767 1598 1822 initio
1613 1764 1954 1829 induxerunt,

376 1871 747 1945 plaudentibus
767 1882 831 1922 ac
856 1864 1170 1921 mirantibus
1198 1859 1524 1917 civitatibus.
1545 1856 1672 1922 Sed,
1691 1856 1736 1911 si
1766 1854 1956 1924 placet,

378 1971 462 2023 his
487 1965 703 2023 omissis
731 1977 850 2030 (pun
893 1968 1103 2030 aperte,
1131 1964 1191 2012 ut
1232 1957 1284 2010 in
1320 1954 1573 2010 confesso
1597 1960 1700 2015 est,
1730 1949 1958 2004 absurda

376 2068 522 2122 sunt,
550 2058 677 2111 licet
705 2054 785 2108 sic
812 2065 920 2107 non
962 2050 1135 2105 visum
1177 2047 1247 2102 sit
1272 2044 1511 2101 externis
1547 2040 1957 2112 legislatoribns,

381 2151 448 2206 ad
494 2146 806 2204 honoranda
841 2151 1105 2214 praecepta
1147 2139 1446 2199 veniamus,
1492 2146 1547 2190 et
1575 2134 1776 2187 videbis
1802 2132 1961 2187 etiam

383 2245 474 2299 illa
506 2258 575 2298 ex
627 2239 915 2294 multorum
946 2233 1200 2302 opinione
1247 2235 1501 2297 corrupta
1540 2225 1721 2279 fuisse.
1752 2222 1964 2277 Coanu-

381 2337 528 2392 bium
573 2334 714 2388 enim
756 2345 845 2385 res
885 2324 1216 2383 honorabilis
1255 2336 1375 2377 esse
1404 2319 1613 2376 videtur
1643 2324 1700 2372 et
1724 2316 1881 2371 nobis
1913 2323 1968 2371 et

384 2425 622 2483 externis
651 2442 664 2477 :
695 2431 748 2479 et
774 2428 856 2476 est
881 2433 1006 2473 vere
1029 2413 1381 2476 honorabile;
1410 2409 1504 2466 sed
1527 2410 1581 2464 in
1611 2406 1968 2462 celebratione

388 2519 691 2589 nuptiarum
715 2555 732 2579 ,
764 2523 844 2569 tot
870 2509 1110 2567 ridiculae
1135 2521 1223 2562 res
1248 2502 1517 2568 accidunt,
1539 2510 1669 2572 quot
1695 2510 1817 2569 post
1856 2497 1971 2589 haec

388 2607 618 2666 audituri
646 2608 794 2660 estis.
839 2603 970 2659 Nam
1017 2616 1085 2656 ex
1121 2595 1508 2654 consuetudine
1548 2591 1698 2647 multi
1726 2588 1968 2659 occupati

388 2720 452 2759 ac
478 2702 709 2771 decepti,
736 2714 917 2754 earum
939 2693 1321 2751 absurditatem
1340 2705 1446 2743 non
1469 2694 1678 2751 norunt,
1696 2683 1788 2740 sed
1810 2691 1969 2753 egent

389 2796 509 2851 aliis
534 2793 623 2863 qui
653 2792 773 2846 illos
800 2789 1050 2845 doceant.
1083 2784 1298 2839 Etenim
1344 2780 1577 2844 choreae,
1606 2776 1869 2849 cymbala,
1902 2773 1970 2828 ti-

389 2888 515 2955 bizc,
542 2884 704 2941 verba
731 2882 1043 2950 cantieaque
1085 2877 1280 2944 turpia,
1314 2872 1662 2931 temulentite,
1699 2881 1972 2924 comesses

392 2981 588 3042 tiones,
622 2977 895 3043 multaque
923 2970 1121 3025 diaboli
1148 2966 1407 3022 colluvies
1443 2975 1569 3018 tunc
1599 2962 1881 3017 inducitur.
1910 2959 1970 3013 Et

395 3071 509 3126 seio
538 3067 752 3139 quidem
796 3080 881 3120 tne
921 3060 1207 3117 ridiculum
1252 3056 1443 3119 videri,
1485 3053 1628 3124 quod
1658 3056 1774 3107 hinc
1797 3067 1965 3120 repre-

395 3162 652 3223 hendam,
694 3168 751 3214 et
775 3156 932 3225 vulgo
975 3151 1227 3208 stolidum
1269 3146 1585 3211 existimari,
1634 3145 1725 3214 qui
1767 3154 1978 3197 veteres

398 3259 544 3327 leges
572 3263 964 3308 transntoveam
991 3265 1003 3300 :
1032 3261 1178 3309 nam,
1221 3253 1277 3298 ut
1303 3256 1463 3311 supra
1486 3240 1618 3307 disi,
1655 3254 1719 3293 ex
1746 3251 1978 3293 consue-

399 3348 586 3405 tudine
609 3359 796 3415 magna
827 3341 1071 3409 deceptio
1099 3337 1303 3407 paritur
1330 3352 1342 3386 :
1371 3343 1603 3388 attamen
1635 3333 1748 3385 haec
1766 3328 1977 3384 dicendi

402 3444 561 3497 linem
589 3454 692 3493 non
723 3438 933 3492 faciam.
983 3432 1232 3488 Fortasse
1270 3428 1430 3491 cuitu,
1467 3424 1711 3490 fortasse,
1743 3422 1842 3478 etsi
1874 3436 1979 3475 non

401 3546 607 3597 omnes,
635 3527 790 3601 pauci
819 3535 998 3582 tamen
1043 3538 1142 3579 nos
1169 3519 1465 3590 excipient,
1493 3524 1548 3571 et
1576 3516 1774 3571 malent
1802 3512 1982 3568 nobis-

400 3641 522 3680 cum
547 3620 802 3684 derideri,
833 3633 993 3689 quam
1021 3630 1144 3672 cum
1173 3613 1278 3669 illis
1304 3627 1401 3667 nos
1418 3609 1686 3676 deridere,
1711 3607 1820 3663 risu
1837 3614 1984 3661 certe

402 3714 655 3788 lacrymis
699 3711 860 3782 digno
908 3708 1223 3778 magnisque
1271 3702 1443 3774 poenis
1485 3711 1645 3771 atque
1686 3698 1981 3769 suppliciis.

403 3806 683 3878 Quomodo
725 3804 867 3858 enim
913 3815 1021 3853 non
1065 3798 1226 3852 fuerit
1254 3805 1494 3851 extrema
1533 3793 1875 3848 damnatione
1902 3789 1985 3844 di-

405 3915 589 3971 gnum,
634 3894 894 3964 virginem
938 3904 1057 3960 quin
1103 3895 1364 3958 perpetuo
1405 3886 1614 3940 vixerat
1644 3882 1698 3936 itt
1730 3882 1983 3946 thaluuo,

407 4006 632 4065 qmeqne
658 4005 686 4042 a
717 3987 885 4057 prima
928 3989 1086 4037 inmte
1116 3977 1493 4034 verecundiam
1524 3974 1803 4033 didicerat,
1833 3972 1990 4025 dere-

409 4064 570 4155 pente
598 4079 713 4150 cogi
744 4076 810 4131 ad
851 4072 1226 4144 deponendum
1256 4068 1536 4139 pudorem.
1583 4073 1638 4119 et
1685 4064 1988 4155 nuptiarum

409 4153 563 4231 initio
589 4156 968 4239 impudentiam
999 4161 1202 4225 doceri,
1231 4168 1283 4214 et
1314 4174 1344 4212 a
1372 4156 1582 4211 lascivis
1605 4153 1992 4225 petulantibus-

409 4281 515 4337 que
544 4263 694 4327 viris,
720 4255 1127 4315 fornicatoribus
1158 4261 1213 4307 et
1242 4249 1490 4305 mollibus
1519 4250 1569 4302 in
1603 4247 1833 4302 medium
1865 4260 1992 4315 pro-

410 4355 568 4411 duci?
597 4352 740 4424 quod
767 4350 912 4408 enim
944 4347 1142 4403 malum
1173 4345 1225 4398 in
1255 4358 1387 4398 nova
1417 4356 1614 4412 Sponsa
1644 4354 1752 4394 non
1783 4339 1993 4393 insere-

410 4458 498 4501 tur
521 4445 590 4500 ab
617 4444 705 4497 illo
731 4440 859 4497 die?
880 4436 1231 4509 lmpudentia,
1259 4433 1572 4504 petulantia,
1593 4432 1991 4499 inverecundia,

411 4551 565 4593 vana:
604 4532 787 4604 gloriae
829 4545 981 4584 amor
1018 4546 1031 4581 :
1068 4528 1212 4583 volet
1255 4527 1396 4581 enim
1433 4524 1548 4578 dies
1574 4539 1759 4580 omnes
1798 4525 1997 4580 habere

415 4626 498 4681 his
523 4623 745 4680 similes.
762 4621 897 4676 Hinc
915 4619 1166 4674 mulieres
1182 4615 1414 4687 profusa:
1431 4624 1485 4669 et
1501 4621 1823 4683 sumptuosa:
1843 4617 1994 4683 liuut,

416 4719 543 4774 hinc
590 4712 948 4783 impudentes,
998 4710 1123 4765 hinc
1165 4708 1293 4779 ipsis
1323 4707 1459 4762 mala
1492 4706 1788 4762 innumera.
1817 4705 1999 4777 Neque

415 4807 546 4869 mihi
567 4805 715 4861 dicas
734 4799 1198 4859 consuetudinem.
1227 4798 1358 4853 Nam
1388 4799 1433 4851 si
1465 4796 1660 4851 malum
1688 4807 1790 4863 est,
1819 4813 1886 4852 ne
1914 4814 2002 4853 se-

414 4899 520 4953 tuel
548 4894 762 4966 quidem
798 4891 920 4956 ﬂat;
963 4890 1009 4944 si
1057 4888 1280 4950 bonum,
1322 4902 1535 4956 semper
1568 4886 1680 4943 ﬁat.
1724 4887 1819 4942 Dic
1857 4889 1999 4943 enim

416 4989 572 5055 mihi,
600 4985 880 5043 fornicatio
902 4996 1080 5038 nonne
1100 4980 1237 5036 mala
1267 4989 1349 5034 est
1367 4981 1389 5032 ?
1410 4996 1476 5034 an
1501 4996 1630 5049 ergo
1646 4980 2004 5037 eoneedemus

415 5082 560 5135 illam
589 5079 675 5134 vel
707 5076 881 5134 semel
910 5071 1193 5132 exerceri?
1218 5070 1586 5141 Nequaquam.
1615 5071 1838 5137 Quare?
1867 5072 2001 5139 Quia

418 5170 632 5226 etiamsi
658 5170 825 5225 semel
853 5177 1057 5224 tantum
1088 5165 1197 5227 fiat,
1246 5164 1380 5218 mala
1410 5172 1590 5218 tamen
1618 5171 1721 5218 est.
1754 5163 1934 5234 Itaque
1957 5164 2001 5218 si
2039 5157 2048 5191 ⁶’

423 5277 614 5316 novam
644 5274 893 5329 sponsam
931 5259 1010 5313 sic
1051 5256 1309 5312 oblectari
1350 5257 1547 5309 malum
1577 5265 1690 5321 est,
1732 5271 1801 5311 ne
1834 5256 2004 5311 semel

423 5354 639 5427 quidem
668 5352 793 5417 fiat;
826 5351 871 5404 si
900 5350 1095 5404 bonum
1121 5357 1224 5411 est,
1255 5362 1468 5417 semper
1489 5348 1600 5402 fiat.

497 5448 552 5501 6.
592 5442 906 5514 Nuptiarum
941 5441 1069 5493 ritus
1112 5437 1407 5492 describitur
1435 5446 1479 5491 et
1504 5438 2006 5505 damnatum—Quid

428 5537 607 5606 igitur,
637 5546 821 5605 quaiso
847 5541 927 5597 te,
961 5530 1189 5599 inquies,
1218 5530 1501 5595 nuptiaSne
1530 5529 1783 5583 incusas?
1810 5529 1962 5583 Absit
1989 5544 2003 5581 :

432 5644 538 5685 non
568 5630 636 5684 ita
666 5626 872 5681 insanio
891 5666 906 5688 ,
934 5622 1027 5677 sed
1054 5637 1115 5677 ea
1143 5637 1262 5691 qua:
1301 5622 1352 5674 in
1386 5620 1593 5689 nuptias
1624 5621 1840 5677 advecta
1863 5629 2005 5685 sunt,

433 5721 728 5791 pigmenta,
763 5719 937 5773 fucum
963 5723 1016 5771 et
1053 5712 1320 5785 superﬂua
1362 5713 1463 5768 alia
1503 5713 1737 5781 ejusdem
1772 5712 2003 5783 generis.

1056 288 1110 345 S.
1151 282 1426 343 JO.\NNlS
1464 272 1934 335 CHRYSOSTOMI
1975 270 2297 327 AllClllEP.
2337 268 2864 327 CONSTANTINOP.

3529 267 3632 325 1οό

2050 386 2181 441 Nam
2226 388 2303 443 sic
2346 388 2545 442 multos
2587 386 2654 442 ab
2691 386 2785 441 illo
2813 387 2901 440 die
2925 384 3156 440 attrahet
3197 393 3505 451 amatores,
3540 400 3637 439 an-

2052 488 2263 548 [equam
2294 494 2414 534 eum
2464 493 2663 548 sponso
2689 485 2861 535 coeat.
2892 476 2996 532 Sed
3029 477 3179 531 multi
3220 476 3465 532 mulieris
3505 492 3638 545 Spe-

2051 571 2186 624 ciem
2210 572 2563 625 mirabuntur.
2592 571 2659 625 Et
2677 570 2802 640 quid
2827 571 2977 623 tum?
3000 569 3223 624 Etiamsi
3250 579 3397 623 casta
3434 568 3633 635 fuerit,

2051 664 2138 717 vix
2180 662 2397 733 effugiet
2424 664 2614 718 tnalam
2660 663 3061 732 suspicionem;
3102 662 3184 716 sin
3216 662 3489 732 negligens
3519 662 3638 717 fue-

2050 756 2153 818 rit,
2180 755 2287 809 cito
2309 757 2548 824 capietur
2566 797 2581 819 ,
2609 765 2827 825 accepta
2865 754 2933 808 ab
2961 754 3052 808 illo
3079 754 3166 809 die
3197 754 3435 809 libidinis
3473 770 3636 810 occa-

2051 849 2223 899 sione.
2264 847 2509 900 Attamen
2548 862 2666 900 cum
2711 854 2854 899 tanta
2895 842 3037 899 hiuc'
3080 845 3215 899 mala
3260 847 3537 909 oriantur,
3589 849 3639 902 si

2053 935 2267 1004 quando
2304 936 2385 990 his
2404 935 2761 1002 abstineatur,
2778 936 3159 990 contumeliam
3198 952 3312 991 rem
3346 937 3501 992 istam
3540 954 3645 990 vo.

2054 1038 2175 1083 cant
2205 1030 2309 1094 illi,
2341 1030 2429 1097 qui
2461 1027 2742 1097 pecoribus
2783 1043 2888 1081 non
2918 1029 3168 1082 meliores
3197 1038 3354 1095 sunt,
3397 1040 3452 1084 et
3492 1029 3637 1083 iudi-

2055 1136 2210 1190 gnant
2243 1136 2354 1174 retu
2406 1130 2621 1189 putant,
2652 1121 2694 1173 si
2725 1119 2919 1174 mulier
2958 1119 3045 1173 illa
3071 1120 3252 1173 multis
3283 1137 3387 1173 tton
3435 1121 3639 1189 produ-

2056 1222 2206 1266 catur
2236 1227 2408 1280 neque
2434 1227 2715 1266 commune
2735 1210 2999 1267 theatrum
3026 1211 3389 1280 spectantibus
3413 1222 3637 1282 prostet.

2057 1303 2215 1372 Atqui
2255 1304 2491 1370 oportuit
2536 1303 2843 1357 existimare
2889 1343 2908 1372 ,
2980 1307 3069 1363 illa
3118 1315 3374 1360 consueta
3428 1314 3637 1360 contu—

2058 1395 2306 1457 meliam,
2359 1398 2527 1449 risum
2573 1403 2628 1448 et
2677 1394 2993 1450 commdiam
3047 1391 3263 1448 inferre.
3311 1393 3444 1448 Nam
3496 1409 3644 1449 nunc

2058 1499 2273 1554 quoque
2294 1484 2406 1538 scio
2437 1484 2550 1539 fore
2575 1493 2631 1539 ιιι
2660 1484 2810 1539 multi
2834 1498 2932 1538 nos
2954 1492 3012 1538 ιιι
3030 1484 3221 1539 stultos
3241 1492 3293 1538 et
3314 1486 3424 1539 risu
3448 1483 3645 1556 dignos

2062 1576 2369 1644 improbent
2412 1594 2427 1631 :
2466 1575 2561 1630 sed
2612 1575 2824 1630 irrideri
2873 1576 3081 1645 patiar,
3111 1573 3239 1628 dum
3288 1576 3414 1632 hinc
3441 1576 3645 1647 aliquid

2061 1667 2192 1722 lucri
2242 1668 2523 1723 referatur.
2581 1668 2793 1722 Etenim
2860 1668 3115 1722 ridiculus
3156 1683 3367 1735 essem,
3414 1658 3460 1725 si
3514 1670 3649 1725 dum

2062 1758 2249 1813 hortor
2290 1769 2344 1813 ut
2375 1759 2516 1829 vulgi
2557 1758 2729 1828 gloria
2783 1759 3146 1829 despiciatur,
3172 1761 3286 1830 ipse
3326 1768 3456 1816 ante
3508 1761 3649 1815 alios

2064 1851 2167 1904 hoc
2223 1851 2412 1905 morbo
2452 1865 2693 1919 caperer.
2739 1850 2873 1905 Vide
2920 1866 3038 1921 qua!
3079 1851 3203 1907 hinc
3254 1852 3508 1922 deinceps
3555 1868 3648 1907 se-

2064 1953 2295 2012 quantur
2339 1958 2489 1997 :non
2521 1943 2694 1998 solum
2744 1943 3018 2006 interdiu,
3063 1943 3159 1999 sed
3207 1945 3369 1999 etiam
3415 1959 3648 2017 vespere.

2067 2035 2209 2088 viros
2235 2034 2414 2089 ebrios
2437 2043 2489 2091 et
2529 2036 2737 2091 deliciis
2765 2036 3013 2092 incensos
3032 2079 3046 2103 ,
3074 2036 3165 2108 qui
3190 2037 3255 2091 ad
3287 2037 3513 2092 formam
3537 2040 3650 2093 vir-

2067 2127 2205 2196 giuei
2252 2127 2425 2181 vultus
2471 2128 2905 2196 conspiciendam
2955 2143 3077 2183 sese
3125 2139 3406 2198 apparant.
3464 2130 3656 2200 Neque

2069 2218 2212 2273 domi
2245 2229 2445 2273 tantum
2470 2262 2483 2285 ,
2514 2219 2607 2274 sed
2634 2221 2792 2274 etiam
2825 2236 2919 2289 per
2944 2219 3118 2275 forum
3144 2221 3211 2275 ad
3237 2223 3656 2277 ostentationem

2069 2310 2356 2376 incedunt,
2386 2328 2507 2367 cum
2538 2313 2637 2367 luci
2658 2313 2771 2368 ruis
2796 2312 2940 2368 illam
2973 2329 3184 2369 summo
3209 2330 3431 2384 vespere
3466 2316 3655 2370 tradu-

2071 2412 2287 2469 centes,
2319 2412 2377 2458 ut
2418 2418 2447 2457 a
2488 2406 2695 2458 eunetis
2732 2404 3125 2474 conspiciatur,
3166 2405 3296 2459 nihil
3338 2407 3480 2461 aliud
3528 2407 3656 2463 hinc

2071 2491 2357 2547 suadentes
2377 2534 2392 2557 ,
2423 2508 2583 2559 quam
2615 2502 2674 2547 ut
2707 2509 2921 2548 omnem
2966 2494 3056 2548 illa
3103 2495 3361 2565 pudorem
3397 2496 3658 2568 deinceps

2074 2592 2252 2653 ponat.
2300 2584 2481 2654 Neque
2509 2585 2596 2640 hic
2617 2585 2839 2655 gradum
2870 2586 3096 2651 sistunt,
3129 2586 3223 2642 sed
3262 2603 3382 2642 cum
3415 2590 3661 2659 turpibus

2074 2675 2252 2730 verbis
2281 2675 2423 2729 illam
2450 2675 2648 2732 ducunt
2679 2695 2690 2729 :
2717 2677 2898 2732 ethoc
2924 2694 3137 2748 quoque
3167 2680 3217 2733 in
3252 2680 3425 2750 legem
3449 2683 3661 2739 transiit

2076 2771 2212 2837 apud
2244 2768 2457 2827 multos.
2487 2768 2554 2823 Et
2581 2770 2817 2839 fugitivi,
2849 2770 3175 2826 verberones
3202 2772 3468 2828 innumeri
3491 2817 3506 2842 ,
3541 2792 3661 2844 per-

2078 2862 2263 2915 niciosi
2310 2861 2555 2916 homines
2576 2878 2697 2917 eum
2730 2863 2939 2918 licentia
2967 2864 3183 2919 demum
3211 2867 3385 2920 omnia
3413 2885 3509 2935 pro
3541 2869 3665 2924 lilii-

2078 2950 2205 3007 dine
2229 2952 2524 3022 proferunt,
2548 2955 2661 3009 sive
2690 2955 2742 3008 in
2766 2954 2905 3007 illan
2933 2955 3050 3010 sive
3075 2957 3125 3010 itt
3154 2971 3407 3026 sponsum
3430 2975 3550 3014 cum
3576 2961 3665 3015 illa

2082 3044 2474 3110 ltabitaturum;
2516 3053 2571 3099 et
2617 3045 2747 3099 nihil
2779 3046 3063 3101 honestum
3088 3088 3102 3113 ,
3134 3047 3228 3102 sed
3262 3050 3433 3117 turpia
3483 3053 3668 3107 omnia

2081 3147 2133 3191 et
2176 3137 2525 3193 obscoenitate
2570 3139 2744 3207 plena.
2773 3139 2964 3192 Annon
2996 3139 3212 3208 probatu
3242 3143 3504 3196 castitatis
3534 3145 3667 3199 duc-

2085 3227 2275 3282 trinam
2304 3228 2559 3299 percipiet
2585 3243 2802 3299 sponsa,
2838 3229 2963 3283 talia
2996 3228 3203 3295 videns,
3239 3231 3363 3285 talia
3395 3234 3622 3289 audiens
3642 3235 3668 3289 ’ἒ

2083 3319 2150 3374 Et
2177 3330 2449 3373 certamen
2487 3319 2751 3389 quoddam
2783 3330 2866 3373 est
2888 3319 3208 3374 diabolicum
3236 3323 3372 3377 inter
3403 3338 3531 3390 eos,
3577 3328 3670 3395 qtti

2083 3410 2152 3465 ad
2178 3410 2299 3465 talia
2322 3411 2691 3478 cohortantur,
2724 3420 2782 3466 ut
2806 3412 2897 3465 alii
2924 3411 3059 3466 alios
3089 3424 3344 3483 superent
3365 3418 3670 3485 Oppl'lllll‘iis

2084 3513 2140 3560 et
2160 3506 2381 3575 impuris
2409 3504 2597 3570 dictis,
2622 3506 2775 3576 queis
2801 3516 3092 3575 praesentes
3121 3506 3411 3578 deturpant
3436 3526 3450 3562 :
3484 3509 3675 3581 illique

2089 3599 2319 3654 victores
2350 3598 2650 3665 discedunt,
2693 3600 2781 3669 qui
2813 3600 3005 3670 probra
3038 3608 3092 3656 et
3120 3602 3287 3671 magis
3313 3603 3488 3674 turpia
3531 3604 3673 3660 dicta

2088 3692 2385 3761 projeecre.
2431 3691 2565 3746 Novi
2593 3692 2807 3762 quidem
2853 3707 2938 3747 me
2968 3692 3273 3760 molestum,
3305 3708 3597 3750 onerosum
3620 3708 3675 3751 et

2090 3781 2452 3852 importunum
2475 3798 2615 3850 esse,
2639 3784 2729 3852 qui
2756 3782 2879 3837 vitae
2913 3783 3238 3854 voluptatem
3269 3787 3555 3856 quamdam
3582 3789 3679 3842 ab-

2091 3874 2354 3930 scindam.
2386 3873 2511 3928 Ideo
2536 3874 2723 3937 doleo,
2757 3875 2896 3943 quod
2925 3888 3011 3929 res
3038 3884 3145 3928 tam
3178 3875 3400 3946 ingrata:
3428 3879 3680 3948 voluptas

2094 3977 2212 4018 csse
2241 3972 2511 4034 putentur.
2541 3964 2820 4032 Quomodo
2845 4006 2860 4029 ,
2883 3980 3066 4033 quazso
3088 4006 3102 4029 ,
3131 3981 3237 4020 non
3264 3968 3529 4036 ingratum
3561 3970 3680 4023 fne-

2094 4057 2183 4123 rit,
2211 4056 2545 4113 contumeliis
2572 4065 2627 4112 et
2670 4057 2875 4127 probris
2900 4058 3059 4123 affici,
3089 4067 3144 4112 et
3169 4058 3237 4113 ab
3275 4060 3525 4114 omnibus
3552 4077 3674 4114 cum

2096 4163 2289 4219 sponsa
2316 4148 2578 4203 dedecore
2615 4157 2668 4202 et
2694 4148 2978 4219 ignominia
3011 4149 3227 4204 notari?
3254 4150 3316 4203 Et
3342 4151 3388 4204 si
3414 4151 3681 4221 quispiun

2097 4256 2164 4296 ex
2213 4240 2327 4295 foro
2367 4240 2578 4310 conjugi
2611 4249 2715 4293 tua:
2758 4240 3127 4303 maledixerit,
3168 4240 3447 4296 innumera
3492 4256 3682 4295 moves

2098 4331 2346 4401 negotia,
2394 4340 2448 4384 et
2487 4345 2591 4383 non
2635 4329 2849 4384 vitalem
2895 4342 3014 4384 esse
3062 4330 3222 4384 vitam
3266 4331 3576 4395 existimas;
3629 4342 3683 4386 et

2099 4424 2312 4479 civitate
2341 4433 2449 4477 tota
2483 4412 2906 4491 prmsente'dum
2949 4423 3176 4492 turpiter
3203 4423 3316 4493 agis
3339 4439 3462 4478 cum
3506 4425 3682 4479 futura

2100 4514 2327 4584 conjuge
2347 4553 2362 4575 ,
2394 4512 2592 4582 gaudes
2618 4522 2674 4567 et
2701 4521 2754 4567 te
2781 4513 3058 4567 ostentas?
3083 4522 3137 4567 et
3161 4524 3373 4585 quanta:
3414 4514 3530 4569 haec
3559 4525 3687 4570 sunt

2102 4605 2361 4663 insaniat?
2385 4607 2454 4659 At
2476 4646 2494 4673 ,
2522 4606 2731 4674 inquies
2749 4647 2764 4669 ,
2794 4605 2909 4660 hate
2932 4622 2997 4661 ex
3018 4606 3402 4662 consuetudine
3430 4605 3585 4661 fiunt.
3620 4609 3688 4663 Et

2104 4699 2225 4754 ideo
2245 4697 2475 4753 maxime
2501 4695 2785 4767 lugendum
2806 4738 2821 4760 ,
2854 4696 2994 4766 quod
3023 4712 3134 4751 rem
3161 4697 3211 4751 itt
3240 4698 3689 4754 consuetudinem

2103 4788 2427 4844 concluserit
2456 4789 2720 4844 diabolus.
2754 4789 2886 4857 Quia
2916 4789 3058 4843 enim
3089 4791 3287 4859 nuptm:
3316 4805 3403 4845 res
3432 4802 3561 4847 sunt
3592 4793 3691 4848 ho-

2106 4879 2397 4943 norabilis,
2429 4894 2548 4949 quae
2589 4896 2756 4948 genus
2787 4891 3029 4934 nostrum
3056 4891 3337 4935 conservet
3362 4891 3415 4935 et
3453 4895 3691 4953 augeat,

2107 4982 2161 5028 et
2188 4971 2473 5027 multorum
2503 4971 2574 5025 sit
2597 4984 2758 5027 causa
2786 4971 3045 5025 bonorum
3064 5011 3080 5036 ,
3108 4970 3296 5026 dolore
3323 4972 3548 5028 allectus
3576 4990 3695 5027 ina-

2108 5065 2283 5135 lignus
2309 5064 2421 5129 ille,
2452 5072 2508 5118 et
2530 5063 2704 5118 sciens
2734 5062 2865 5117 illud
2893 5064 3343 5134 propugnaculum
3367 5079 3490 5122 esse
3504 5078 3694 5122 contra

2110 5154 2512 5210 fornicationem
2531 5195 2546 5221 ,
2591 5156 2700 5238 alio
2732 5155 2819 5208 ille
2845 5154 3005 5209 modo
3034 5171 3251 5210 omnem
3278 5155 3697 5214 fornicationem

2112 5245 2333 5302 inducit.
2364 5245 2420 5299 In
2444 5245 2637 5300 talibus
2661 5245 2802 5299 enim
2824 5246 3051 5300 erratibus
3072 5247 3253 5301 multa:
3269 5246 3507 5317 virgines
3531 5249 3702 5305 dede.

2112 5353 2239 5393 core
2282 5346 2406 5392 sunt
2447 5336 2669 5391 all‘eetzn.
2701 5337 2850 5403 Quod
2884 5338 2929 5393 si
2971 5354 3077 5393 non
3106 5353 3348 5408 semper,
3387 5349 3443 5394 at
3482 5340 3699 5397 interim

2114 5430 2246 5485 satis
2273 5439 2354 5485 est
2384 5428 2642 5495 dmmoni,
2673 5429 2814 5498 quod
2845 5430 2932 5484 illa
2962 5430 3124 5485 verba
3153 5439 3205 5483 et
3229 5430 3467 5500 improba
3488 5434 3703 5489 cantica

2116 5533 2168 5576 et
2195 5535 2445 5590 sponsam
2475 5520 2827 5585 traduxerim,
2857 5534 2908 5577 et
2939 5537 3196 5592 sponsum
3223 5537 3345 5576 cum
3375 5539 3568 5593 pompa
3603 5541 3706 5595 per

2118 5614 2290 5668 forum
2333 5612 2742 5667 transutiseriut.
2797 5615 2995 5669 Deinde
3038 5615 3157 5682 quia
3212 5614 3325 5667 hme
3375 5615 3426 5669 in
3477 5629 3709 5683 vespera

2121 5707 2294 5777 fiunt,
2324 5724 2390 5765 nc
2436 5710 2669 5765 tcncbra:
2720 5707 2983 5763 malorum
3027 5707 3280 5762 horumce
3330 5710 3505 5764 vefum
3554 5720 3714 5773 sint,
