  <div class='ocr_page' id='page_1' title='image "/cluster/home/n/w/nwhite01/storage/ocr_20150623/61/mdp.39015008622618/111.png"; bbox 0 0 3986 6202; ppageno 0'>
   <div class='ocr_carea' id='block_1_1' title="bbox 408 260 506 314">
    <p class='ocr_par' dir='ltr' id='par_1_1' title="bbox 408 260 506 314">
     <span class='ocr_line' id='line_1_1' title="bbox 408 260 506 314; baseline -0.01 0"><span class='ocrx_word' id='word_1_1' title='bbox 408 260 506 314; x_wconf 77' lang='grc' dir='ltr'>1θῦ</span> 
     </span>
    </p>
   </div>
   <div class='ocr_carea' id='block_1_2' title="bbox 404 363 1970 443">
    <p class='ocr_par' dir='ltr' id='par_1_2' title="bbox 404 363 1970 443">
     <span class='ocr_line' id='line_1_2' title="bbox 404 363 1970 443; baseline -0.007 -16"><span class='ocrx_word' id='word_1_2' title='bbox 404 376 585 428; x_wconf 85' lang='grc' dir='ltr'>θάνειν</span> <span class='ocrx_word' id='word_1_3' title='bbox 608 370 704 443; x_wconf 84' lang='grc' dir='ltr'>τὴν</span> <span class='ocrx_word' id='word_1_4' title='bbox 735 367 1140 440; x_wconf 83' lang='grc' dir='ltr'>ἀσχημοσύνην.</span> <span class='ocrx_word' id='word_1_5' title='bbox 1173 368 1238 421; x_wconf 99' lang='grc' dir='ltr'>Τί</span> <span class='ocrx_word' id='word_1_6' title='bbox 1266 369 1374 440; x_wconf 84' lang='grc' dir='ltr'>γάρ</span> <span class='ocrx_word' id='word_1_7' title='bbox 1402 368 1431 420; x_wconf 90' lang='lat'>6</span> <span class='ocrx_word' id='word_1_8' title='bbox 1463 368 1629 430; x_wconf 83' lang='grc' dir='ltr'>πολὺς</span> <span class='ocrx_word' id='word_1_9' title='bbox 1657 366 1813 436; x_wconf 75' lang='grc' dir='ltr'>ὄχλος</span> <span class='ocrx_word' id='word_1_10' title='bbox 1845 363 1970 435; x_wconf 88' lang='grc' dir='ltr'>βού-</span> 
     </span>
    </p>
   </div>
   <div class='ocr_carea' id='block_1_3' title="bbox 404 446 1972 523">
    <p class='ocr_par' dir='ltr' id='par_1_3' title="bbox 404 446 1972 523">
     <span class='ocr_line' id='line_1_3' title="bbox 404 446 1972 523; baseline -0.008 -14"><span class='ocrx_word' id='word_1_11' title='bbox 404 455 585 521; x_wconf 87' lang='grc' dir='ltr'>λεται;</span> <span class='ocrx_word' id='word_1_12' title='bbox 615 456 667 508; x_wconf 91' lang='grc' dir='ltr'>τί</span> <span class='ocrx_word' id='word_1_13' title='bbox 692 453 748 506; x_wconf 81' lang='grc' dir='ltr'>δὲ</span> <span class='ocrx_word' id='word_1_14' title='bbox 778 455 810 523; x_wconf 91' lang='grc' dir='ltr'>ή</span> <span class='ocrx_word' id='word_1_15' title='bbox 845 450 1018 522; x_wconf 78' lang='grc' dir='ltr'>μὲθη;</span> <span class='ocrx_word' id='word_1_16' title='bbox 1048 452 1099 504; x_wconf 92' lang='grc' dir='ltr'>τί</span> <span class='ocrx_word' id='word_1_17' title='bbox 1124 452 1180 505; x_wconf 80' lang='grc' dir='ltr'>δὲ</span> <span class='ocrx_word' id='word_1_18' title='bbox 1222 452 1277 504; x_wconf 86' lang='grc' dir='ltr'>αί</span> <span class='ocrx_word' id='word_1_19' title='bbox 1305 451 1593 523; x_wconf 85' lang='grc' dir='ltr'>σύριγγες;</span> <span class='ocrx_word' id='word_1_20' title='bbox 1620 449 1721 502; x_wconf 79' lang='grc' dir='ltr'>οὐκ</span> <span class='ocrx_word' id='word_1_21' title='bbox 1749 446 1972 517; x_wconf 81' lang='grc' dir='ltr'>εῦδηλον</span> 
     </span>
    </p>
   </div>
   <div class='ocr_carea' id='block_1_4' title="bbox 404 529 1978 607">
    <p class='ocr_par' dir='ltr' id='par_1_4' title="bbox 404 529 1978 607">
     <span class='ocr_line' id='line_1_4' title="bbox 404 529 1978 607; baseline -0.006 -16"><span class='ocrx_word' id='word_1_22' title='bbox 404 538 486 591; x_wconf 82' lang='grc' dir='ltr'>ὅτι</span> <span class='ocrx_word' id='word_1_23' title='bbox 517 538 605 591; x_wconf 88' lang='grc' dir='ltr'>ἶνα</span> <span class='ocrx_word' id='word_1_24' title='bbox 641 535 773 607; x_wconf 88' lang='grc' dir='ltr'>μηδέ</span> <span class='ocrx_word' id='word_1_25' title='bbox 808 537 856 588; x_wconf 74' lang='grc' dir='ltr'>σι</span> <span class='ocrx_word' id='word_1_26' title='bbox 885 537 943 587; x_wconf 81' lang='grc' dir='ltr'>ἐν</span> <span class='ocrx_word' id='word_1_27' title='bbox 978 537 1096 597; x_wconf 89' lang='grc' dir='ltr'>ταῖς</span> <span class='ocrx_word' id='word_1_28' title='bbox 1132 534 1333 597; x_wconf 79' lang='grc' dir='ltr'>οἰκίαις</span> <span class='ocrx_word' id='word_1_29' title='bbox 1365 535 1548 601; x_wconf 78' lang='grc' dir='ltr'>ὄντες,</span> <span class='ocrx_word' id='word_1_30' title='bbox 1589 533 1681 586; x_wconf 71' lang='grc' dir='ltr'>καὶ</span> <span class='ocrx_word' id='word_1_31' title='bbox 1717 529 1978 603; x_wconf 76' lang='grc' dir='ltr'>βαπτιζόο</span> 
     </span>
    </p>
   </div>
   <div class='ocr_carea' id='block_1_5' title="bbox 409 612 1974 692">
    <p class='ocr_par' dir='ltr' id='par_1_5' title="bbox 409 612 1974 692">
     <span class='ocr_line' id='line_1_5' title="bbox 409 612 1974 692; baseline -0.005 -20"><span class='ocrx_word' id='word_1_32' title='bbox 409 637 559 692; x_wconf 89' lang='grc' dir='ltr'>μενοι</span> <span class='ocrx_word' id='word_1_33' title='bbox 593 618 745 690; x_wconf 69' lang='grc' dir='ltr'>ὕπνῳ</span> <span class='ocrx_word' id='word_1_34' title='bbox 781 617 964 688; x_wconf 88' lang='grc' dir='ltr'>βαθεῖ,</span> <span class='ocrx_word' id='word_1_35' title='bbox 994 616 1170 672; x_wconf 87' lang='grc' dir='ltr'>ταῦτα</span> <span class='ocrx_word' id='word_1_36' title='bbox 1215 616 1520 686; x_wconf 89' lang='grc' dir='ltr'>ἀγνοῶσιν,</span> <span class='ocrx_word' id='word_1_37' title='bbox 1572 615 1687 669; x_wconf 82' lang='grc' dir='ltr'>ἀλλ’</span> <span class='ocrx_word' id='word_1_38' title='bbox 1728 613 1834 667; x_wconf 83' lang='grc' dir='ltr'>ὑπὸ</span> <span class='ocrx_word' id='word_1_39' title='bbox 1873 612 1974 679; x_wconf 78' lang='grc' dir='ltr'>τῆς</span> 
     </span>
    </p>
   </div>
   <div class='ocr_carea' id='block_1_6' title="bbox 407 697 1974 776">
    <p class='ocr_par' dir='ltr' id='par_1_6' title="bbox 407 697 1974 776">
     <span class='ocr_line' id='line_1_6' title="bbox 407 697 1974 776; baseline -0.006 -18"><span class='ocrx_word' id='word_1_40' title='bbox 407 704 666 776; x_wconf 79' lang='grc' dir='ltr'>σύριγγος</span> <span class='ocrx_word' id='word_1_41' title='bbox 708 702 1094 773; x_wconf 85' lang='grc' dir='ltr'>διεγειρόμενοι</span> <span class='ocrx_word' id='word_1_42' title='bbox 1118 740 1133 765; x_wconf 94' lang='grc'>,</span> <span class='ocrx_word' id='word_1_43' title='bbox 1168 701 1263 754; x_wconf 75' lang='grc' dir='ltr'>καὶ</span> <span class='ocrx_word' id='word_1_44' title='bbox 1307 699 1514 754; x_wconf 81' lang='grc' dir='ltr'>ἄνωθεν</span> <span class='ocrx_word' id='word_1_45' title='bbox 1558 698 1667 752; x_wconf 82' lang='grc' dir='ltr'>ἀπὸ</span> <span class='ocrx_word' id='word_1_46' title='bbox 1702 698 1812 750; x_wconf 89' lang='grc' dir='ltr'>τῶν</span> <span class='ocrx_word' id='word_1_47' title='bbox 1845 697 1974 768; x_wconf 90' lang='grc' dir='ltr'>δρυ-</span> 
     </span>
    </p>
   </div>
   <div class='ocr_carea' id='block_1_7' title="bbox 406 780 1976 858">
    <p class='ocr_par' dir='ltr' id='par_1_7' title="bbox 406 780 1976 858">
     <span class='ocr_line' id='line_1_7' title="bbox 406 780 1976 858; baseline -0.005 -16"><span class='ocrx_word' id='word_1_48' title='bbox 406 789 624 858; x_wconf 83' lang='grc' dir='ltr'>φάκτων</span> <span class='ocrx_word' id='word_1_49' title='bbox 684 784 1157 848; x_wconf 88' lang='grc' dir='ltr'>κατακύπτοντες,</span> <span class='ocrx_word' id='word_1_50' title='bbox 1223 786 1500 855; x_wconf 87' lang='grc' dir='ltr'>μάρτυρες</span> <span class='ocrx_word' id='word_1_51' title='bbox 1557 784 1824 850; x_wconf 76' lang='grc' dir='ltr'>γένωνται</span> <span class='ocrx_word' id='word_1_52' title='bbox 1875 780 1976 849; x_wconf 82' lang='grc' dir='ltr'>τῆς</span> 
     </span>
    </p>
   </div>
   <div class='ocr_carea' id='block_1_8' title="bbox 404 861 1972 940">
    <p class='ocr_par' dir='ltr' id='par_1_8' title="bbox 404 861 1972 940">
     <span class='ocr_line' id='line_1_8' title="bbox 404 861 1972 940; baseline -0.006 -17"><span class='ocrx_word' id='word_1_53' title='bbox 404 869 689 940; x_wconf 80' lang='grc' dir='ltr'>κωμῳδίας</span> <span class='ocrx_word' id='word_1_54' title='bbox 727 868 941 939; x_wconf 91' lang='grc' dir='ltr'>ἐκείνης</span> <span class='ocrx_word' id='word_1_55' title='bbox 967 883 983 931; x_wconf 90' lang='lat'>;</span> <span class='ocrx_word' id='word_1_56' title='bbox 1012 866 1077 918; x_wconf 90' lang='grc' dir='ltr'>Τί</span> <span class='ocrx_word' id='word_1_57' title='bbox 1109 867 1174 920; x_wconf 86' lang='grc' dir='ltr'>άν</span> <span class='ocrx_word' id='word_1_58' title='bbox 1202 883 1287 929; x_wconf 87' lang='grc' dir='ltr'>τις</span> <span class='ocrx_word' id='word_1_59' title='bbox 1319 865 1462 918; x_wconf 84' lang='grc' dir='ltr'>εῖποι</span> <span class='ocrx_word' id='word_1_60' title='bbox 1491 864 1589 927; x_wconf 73' lang='grc' dir='ltr'>τὰς</span> <span class='ocrx_word' id='word_1_61' title='bbox 1617 863 1758 933; x_wconf 75' lang='grc' dir='ltr'>ᾠδὰς</span> <span class='ocrx_word' id='word_1_62' title='bbox 1780 861 1972 925; x_wconf 76' lang='grc' dir='ltr'>αὑτάς,</span> 
     </span>
    </p>
   </div>
   <div class='ocr_carea' id='block_1_9' title="bbox 403 947 1974 1022">
    <p class='ocr_par' dir='ltr' id='par_1_9' title="bbox 403 947 1974 1022">
     <span class='ocr_line' id='line_1_9' title="bbox 403 947 1974 1022; baseline -0.004 -18"><span class='ocrx_word' id='word_1_63' title='bbox 403 950 460 1004; x_wconf 81' lang='grc' dir='ltr'>αἳ</span> <span class='ocrx_word' id='word_1_64' title='bbox 494 952 673 1022; x_wconf 83' lang='grc' dir='ltr'>πάσης</span> <span class='ocrx_word' id='word_1_65' title='bbox 709 950 968 1021; x_wconf 83' lang='grc' dir='ltr'>γέμουσιν</span> <span class='ocrx_word' id='word_1_66' title='bbox 1006 948 1334 1014; x_wconf 83' lang='grc' dir='ltr'>ἀκολασίας,</span> <span class='ocrx_word' id='word_1_67' title='bbox 1376 948 1584 1019; x_wconf 73' lang='grc' dir='ltr'>ἔρωτας</span> <span class='ocrx_word' id='word_1_68' title='bbox 1609 948 1843 1009; x_wconf 80' lang='grc' dir='ltr'>ἀτόπους</span> <span class='ocrx_word' id='word_1_69' title='bbox 1877 947 1974 999; x_wconf 74' lang='grc' dir='ltr'>καὶ</span> 
     </span>
    </p>
   </div>
   <div class='ocr_carea' id='block_1_10' title="bbox 404 1028 1973 1106">
    <p class='ocr_par' dir='ltr' id='par_1_10' title="bbox 404 1028 1973 1106">
     <span class='ocr_line' id='line_1_10' title="bbox 404 1028 1973 1106; baseline -0.004 -20"><span class='ocrx_word' id='word_1_70' title='bbox 404 1034 576 1104; x_wconf 80' lang='grc' dir='ltr'>μίξεις</span> <span class='ocrx_word' id='word_1_71' title='bbox 596 1033 943 1106; x_wconf 78' lang='grc' dir='ltr'>παρανόμους</span> <span class='ocrx_word' id='word_1_72' title='bbox 975 1034 1070 1085; x_wconf 78' lang='grc' dir='ltr'>καὶ</span> <span class='ocrx_word' id='word_1_73' title='bbox 1094 1032 1280 1086; x_wconf 79' lang='grc' dir='ltr'>οἰκιῶν</span> <span class='ocrx_word' id='word_1_74' title='bbox 1308 1031 1616 1102; x_wconf 79' lang='grc' dir='ltr'>ἀνατροπὰς</span> <span class='ocrx_word' id='word_1_75' title='bbox 1649 1030 1745 1083; x_wconf 70' lang='grc' dir='ltr'>καὶ</span> <span class='ocrx_word' id='word_1_76' title='bbox 1776 1028 1973 1100; x_wconf 90' lang='grc' dir='ltr'>μυρίας</span> 
     </span>
    </p>
   </div>
   <div class='ocr_carea' id='block_1_11' title="bbox 403 1111 1973 1186">
    <p class='ocr_par' dir='ltr' id='par_1_11' title="bbox 403 1111 1973 1186">
     <span class='ocr_line' id='line_1_11' title="bbox 403 1111 1973 1186; baseline -0.005 -17"><span class='ocrx_word' id='word_1_77' title='bbox 403 1117 791 1183; x_wconf 86' lang='grc' dir='ltr'>ἐπεισάγουσαι</span> <span class='ocrx_word' id='word_1_78' title='bbox 822 1115 1148 1186; x_wconf 77' lang='grc' dir='ltr'>τραγῳδίας,</span> <span class='ocrx_word' id='word_1_79' title='bbox 1181 1116 1274 1166; x_wconf 74' lang='grc' dir='ltr'>καὶ</span> <span class='ocrx_word' id='word_1_80' title='bbox 1307 1114 1440 1167; x_wconf 83' lang='grc' dir='ltr'>πολὺ</span> <span class='ocrx_word' id='word_1_81' title='bbox 1468 1114 1531 1166; x_wconf 88' lang='lat'>16</span> <span class='ocrx_word' id='word_1_82' title='bbox 1557 1112 1652 1165; x_wconf 90' lang='lat'>106</span> <span class='ocrx_word' id='word_1_83' title='bbox 1688 1112 1842 1180; x_wconf 88' lang='grc' dir='ltr'>φίλου</span> <span class='ocrx_word' id='word_1_84' title='bbox 1882 1111 1973 1164; x_wconf 63' lang='grc' dir='ltr'>καί¹</span> 
     </span>
    </p>
   </div>
   <div class='ocr_carea' id='block_1_12' title="bbox 403 1196 1970 1271">
    <p class='ocr_par' dir='ltr' id='par_1_12' title="bbox 403 1196 1970 1271">
     <span class='ocr_line' id='line_1_12' title="bbox 403 1196 1970 1271; baseline -0.003 -19"><span class='ocrx_word' id='word_1_85' title='bbox 403 1199 633 1271; x_wconf 85' lang='grc' dir='ltr'>ἐρῶντος</span> <span class='ocrx_word' id='word_1_86' title='bbox 658 1199 831 1266; x_wconf 76' lang='grc' dir='ltr'>ὄνομα</span> <span class='ocrx_word' id='word_1_87' title='bbox 867 1198 1120 1268; x_wconf 82' lang='grc' dir='ltr'>ἔχουσαι,</span> <span class='ocrx_word' id='word_1_88' title='bbox 1155 1198 1250 1251; x_wconf 72' lang='grc' dir='ltr'>καὶ</span> <span class='ocrx_word' id='word_1_89' title='bbox 1282 1196 1342 1250; x_wconf 88' lang='lat'>16</span> <span class='ocrx_word' id='word_1_90' title='bbox 1385 1197 1483 1266; x_wconf 79' lang='grc' dir='ltr'>τῆς</span> <span class='ocrx_word' id='word_1_91' title='bbox 1518 1197 1676 1266; x_wconf 94' lang='grc' dir='ltr'>φίλης</span> <span class='ocrx_word' id='word_1_92' title='bbox 1708 1198 1802 1249; x_wconf 77' lang='grc' dir='ltr'>καὶ</span> <span class='ocrx_word' id='word_1_93' title='bbox 1831 1198 1970 1267; x_wconf 89' lang='grc' dir='ltr'>ἐρω-</span> 
     </span>
    </p>
   </div>
   <div class='ocr_carea' id='block_1_13' title="bbox 404 1279 1972 1353">
    <p class='ocr_par' dir='ltr' id='par_1_13' title="bbox 404 1279 1972 1353">
     <span class='ocr_line' id='line_1_13' title="bbox 404 1279 1972 1353; baseline -0.003 -18"><span class='ocrx_word' id='word_1_94' title='bbox 404 1283 605 1353; x_wconf 87' lang='grc' dir='ltr'>μένης;</span> <span class='ocrx_word' id='word_1_95' title='bbox 644 1283 755 1335; x_wconf 75' lang='grc' dir='ltr'>Καὶ</span> <span class='ocrx_word' id='word_1_96' title='bbox 786 1282 845 1334; x_wconf 84' lang='lat'>16</span> <span class='ocrx_word' id='word_1_97' title='bbox 879 1282 943 1352; x_wconf 82' lang='grc' dir='ltr'>δὴ</span> <span class='ocrx_word' id='word_1_98' title='bbox 980 1280 1393 1351; x_wconf 79' lang='grc' dir='ltr'>χαλεπώτερον,</span> <span class='ocrx_word' id='word_1_99' title='bbox 1441 1282 1523 1334; x_wconf 76' lang='grc' dir='ltr'>ὅτι</span> <span class='ocrx_word' id='word_1_100' title='bbox 1570 1280 1664 1334; x_wconf 73' lang='grc' dir='ltr'>καὶ</span> <span class='ocrx_word' id='word_1_101' title='bbox 1713 1279 1972 1347; x_wconf 77' lang='grc' dir='ltr'>παρθένοι</span> 
     </span>
    </p>
   </div>
   <div class='ocr_carea' id='block_1_14' title="bbox 401 1362 1968 1436">
    <p class='ocr_par' dir='ltr' id='par_1_14' title="bbox 401 1362 1968 1436">
     <span class='ocr_line' id='line_1_14' title="bbox 401 1362 1968 1436; baseline -0.003 -18"><span class='ocrx_word' id='word_1_102' title='bbox 401 1364 792 1436; x_wconf 80' lang='grc' dir='ltr'>παραγίνονται</span> <span class='ocrx_word' id='word_1_103' title='bbox 850 1364 1094 1430; x_wconf 82' lang='grc' dir='ltr'>τούτοις,</span> <span class='ocrx_word' id='word_1_104' title='bbox 1161 1366 1340 1417; x_wconf 78' lang='grc' dir='ltr'>πᾶσαν</span> <span class='ocrx_word' id='word_1_105' title='bbox 1397 1363 1805 1433; x_wconf 88' lang='grc' dir='ltr'>ἁποδυσάμεναι</span> <span class='ocrx_word' id='word_1_106' title='bbox 1871 1362 1968 1430; x_wconf 75' lang='grc' dir='ltr'>τὴν</span> 
     </span>
    </p>
   </div>
   <div class='ocr_carea' id='block_1_15' title="bbox 399 1443 1969 1518">
    <p class='ocr_par' dir='ltr' id='par_1_15' title="bbox 399 1443 1969 1518">
     <span class='ocr_line' id='line_1_15' title="bbox 399 1443 1969 1518; baseline -0.003 -18"><span class='ocrx_word' id='word_1_107' title='bbox 399 1447 551 1509; x_wconf 81' lang='grc' dir='ltr'>αἰδῶ,</span> <span class='ocrx_word' id='word_1_108' title='bbox 588 1447 666 1509; x_wconf 88' lang='grc' dir='ltr'>είς</span> <span class='ocrx_word' id='word_1_109' title='bbox 698 1447 795 1518; x_wconf 83' lang='grc' dir='ltr'>τὴν</span> <span class='ocrx_word' id='word_1_110' title='bbox 827 1446 930 1517; x_wconf 84' lang='grc' dir='ltr'>τῆς</span> <span class='ocrx_word' id='word_1_111' title='bbox 967 1446 1384 1517; x_wconf 87' lang='grc' dir='ltr'>νυμφευομένης</span> <span class='ocrx_word' id='word_1_112' title='bbox 1427 1446 1590 1517; x_wconf 79' lang='grc' dir='ltr'>τιμὴν</span> <span class='ocrx_word' id='word_1_113' title='bbox 1612 1484 1628 1509; x_wconf 91' lang='grc'>,</span> <span class='ocrx_word' id='word_1_114' title='bbox 1671 1443 1870 1513; x_wconf 77' lang='grc' dir='ltr'>μᾶλλον</span> <span class='ocrx_word' id='word_1_115' title='bbox 1913 1443 1969 1496; x_wconf 84' lang='grc' dir='ltr'>δέ</span> 
     </span>
    </p>
   </div>
   <div class='ocr_carea' id='block_1_16' title="bbox 396 1527 1971 1601">
    <p class='ocr_par' dir='ltr' id='par_1_16' title="bbox 396 1527 1971 1601">
     <span class='ocr_line' id='line_1_16' title="bbox 396 1527 1971 1601; baseline -0.003 -19"><span class='ocrx_word' id='word_1_116' title='bbox 396 1529 579 1601; x_wconf 83' lang='grc' dir='ltr'>ῦϐριν,</span> <span class='ocrx_word' id='word_1_117' title='bbox 611 1530 705 1583; x_wconf 72' lang='grc' dir='ltr'>καὶ</span> <span class='ocrx_word' id='word_1_118' title='bbox 732 1530 829 1600; x_wconf 84' lang='grc' dir='ltr'>τὴν</span> <span class='ocrx_word' id='word_1_119' title='bbox 865 1530 1072 1582; x_wconf 91' lang='grc' dir='ltr'>ἐαυτῶν</span> <span class='ocrx_word' id='word_1_120' title='bbox 1102 1529 1460 1600; x_wconf 86' lang='grc' dir='ltr'>προπίνουσαι</span> <span class='ocrx_word' id='word_1_121' title='bbox 1495 1527 1771 1597; x_wconf 83' lang='grc' dir='ltr'>σωτηρίαν</span> <span class='ocrx_word' id='word_1_122' title='bbox 1795 1539 1841 1591; x_wconf 79' lang='grc' dir='ltr'>ιι,</span> <span class='ocrx_word' id='word_1_123' title='bbox 1876 1528 1971 1578; x_wconf 78' lang='grc' dir='ltr'>καὶ</span> 
     </span>
    </p>
   </div>
   <div class='ocr_carea' id='block_1_17' title="bbox 402 1609 1969 1684">
    <p class='ocr_par' dir='ltr' id='par_1_17' title="bbox 402 1609 1969 1684">
     <span class='ocr_line' id='line_1_17' title="bbox 402 1609 1969 1684; baseline -0.004 -18"><span class='ocrx_word' id='word_1_124' title='bbox 402 1612 604 1684; x_wconf 80' lang='grc' dir='ltr'>μεταξὺ</span> <span class='ocrx_word' id='word_1_125' title='bbox 633 1614 767 1666; x_wconf 84' lang='grc' dir='ltr'>νέων</span> <span class='ocrx_word' id='word_1_126' title='bbox 796 1611 1108 1665; x_wconf 80' lang='grc' dir='ltr'>ἀκολάστων</span> <span class='ocrx_word' id='word_1_127' title='bbox 1135 1610 1539 1682; x_wconf 87' lang='grc' dir='ltr'>ἀσχημονοῦσαι</span> <span class='ocrx_word' id='word_1_128' title='bbox 1571 1613 1682 1672; x_wconf 88' lang='grc' dir='ltr'>τοῖς</span> <span class='ocrx_word' id='word_1_129' title='bbox 1711 1609 1969 1670; x_wconf 76' lang='grc' dir='ltr'>ἀτάκτοις</span> 
     </span>
    </p>
   </div>
   <div class='ocr_carea' id='block_1_18' title="bbox 398 1697 1968 1768">
    <p class='ocr_par' dir='ltr' id='par_1_18' title="bbox 398 1697 1968 1768">
     <span class='ocr_line' id='line_1_18' title="bbox 398 1697 1968 1768; baseline -0.003 -19"><span class='ocrx_word' id='word_1_130' title='bbox 398 1697 606 1768; x_wconf 78' lang='grc' dir='ltr'>ᾄσμασι</span> <span class='ocrx_word' id='word_1_131' title='bbox 628 1736 642 1757; x_wconf 84' lang='grc'>,</span> <span class='ocrx_word' id='word_1_132' title='bbox 667 1698 781 1758; x_wconf 89' lang='grc' dir='ltr'>τοῖς</span> <span class='ocrx_word' id='word_1_133' title='bbox 807 1698 1051 1766; x_wconf 77' lang='grc' dir='ltr'>αἰσχροῖς</span> <span class='ocrx_word' id='word_1_134' title='bbox 1085 1697 1150 1767; x_wconf 73' lang='grc' dir='ltr'><strong>ῥή</strong></span> <span class='ocrx_word' id='word_1_135' title='bbox 1162 1713 1319 1765; x_wconf 84' lang='grc' dir='ltr'>μασι,</span> <span class='ocrx_word' id='word_1_136' title='bbox 1345 1699 1409 1766; x_wconf 79' lang='grc' dir='ltr'>τῇ</span> <span class='ocrx_word' id='word_1_137' title='bbox 1440 1697 1701 1765; x_wconf 76' lang='grc' dir='ltr'>σατανικῇ</span> <span class='ocrx_word' id='word_1_138' title='bbox 1742 1710 1804 1744; x_wconf 91' lang='grc' dir='ltr'>συ</span> <span class='ocrx_word' id='word_1_139' title='bbox 1814 1711 1968 1761; x_wconf 83' lang='grc' dir='ltr'>μφω-</span> 
     </span>
    </p>
   </div>
   <div class='ocr_carea' id='block_1_19' title="bbox 396 1777 1968 1853">
    <p class='ocr_par' dir='ltr' id='par_1_19' title="bbox 396 1777 1968 1853">
     <span class='ocr_line' id='line_1_19' title="bbox 396 1777 1968 1853; baseline -0.004 -19"><span class='ocrx_word' id='word_1_140' title='bbox 396 1783 508 1853; x_wconf 82' lang='grc' dir='ltr'>νίᾳ.</span> <span class='ocrx_word' id='word_1_141' title='bbox 567 1782 689 1834; x_wconf 85' lang='grc' dir='ltr'>Ἔτι</span> <span class='ocrx_word' id='word_1_142' title='bbox 733 1777 825 1833; x_wconf 80' lang='grc' dir='ltr'>οὖν</span> <span class='ocrx_word' id='word_1_143' title='bbox 863 1782 1089 1850; x_wconf 78' lang='grc' dir='ltr'>ἐρωτᾷς,</span> <span class='ocrx_word' id='word_1_144' title='bbox 1144 1779 1264 1832; x_wconf 86' lang='grc' dir='ltr'>εἰπέ</span> <span class='ocrx_word' id='word_1_145' title='bbox 1303 1796 1431 1846; x_wconf 84' lang='grc' dir='ltr'>μοι,</span> <span class='ocrx_word' id='word_1_146' title='bbox 1478 1779 1641 1831; x_wconf 87' lang='grc' dir='ltr'>πόθεν</span> <span class='ocrx_word' id='word_1_147' title='bbox 1692 1781 1968 1848; x_wconf 84' lang='grc' dir='ltr'>μοιχεῖαι;</span> 
     </span>
    </p>
   </div>
   <div class='ocr_carea' id='block_1_20' title="bbox 396 1861 1970 1934">
    <p class='ocr_par' dir='ltr' id='par_1_20' title="bbox 396 1861 1970 1934">
     <span class='ocr_line' id='line_1_20' title="bbox 396 1861 1970 1934; baseline -0.003 -17"><span class='ocrx_word' id='word_1_148' title='bbox 396 1865 562 1917; x_wconf 87' lang='grc' dir='ltr'>πόθεν</span> <span class='ocrx_word' id='word_1_149' title='bbox 595 1867 879 1934; x_wconf 78' lang='grc' dir='ltr'>πορνεῖαι;</span> <span class='ocrx_word' id='word_1_150' title='bbox 910 1863 1072 1915; x_wconf 67' lang='grc' dir='ltr'>πόθεν</span> <span class='ocrx_word' id='word_1_151' title='bbox 1111 1863 1396 1933; x_wconf 82' lang='grc' dir='ltr'>διαφθοραὶ</span> <span class='ocrx_word' id='word_1_152' title='bbox 1424 1862 1618 1933; x_wconf 90' lang='grc' dir='ltr'>γάμων</span> <span class='ocrx_word' id='word_1_153' title='bbox 1644 1877 1660 1927; x_wconf 86' lang='lat'>;</span> <span class='ocrx_word' id='word_1_154' title='bbox 1701 1861 1838 1913; x_wconf 82' lang='grc' dir='ltr'>Ἀλλ’</span> <span class='ocrx_word' id='word_1_155' title='bbox 1870 1863 1970 1913; x_wconf 66' lang='grc' dir='ltr'>οὐκ</span> 
     </span>
    </p>
   </div>
   <div class='ocr_carea' id='block_1_21' title="bbox 392 1944 1965 2016">
    <p class='ocr_par' dir='ltr' id='par_1_21' title="bbox 392 1944 1965 2016">
     <span class='ocr_line' id='line_1_21' title="bbox 392 1944 1965 2016; baseline -0.002 -16"><span class='ocrx_word' id='word_1_156' title='bbox 392 1947 637 2015; x_wconf 77' lang='grc' dir='ltr'>εὐγενεῖς</span> <span class='ocrx_word' id='word_1_157' title='bbox 680 1946 801 1999; x_wconf 85' lang='grc' dir='ltr'>ούδέ</span> <span class='ocrx_word' id='word_1_158' title='bbox 845 1947 1179 2016; x_wconf 82' lang='grc' dir='ltr'>εὐσχήμονες</span> <span class='ocrx_word' id='word_1_159' title='bbox 1212 1945 1385 1999; x_wconf 85' lang='grc' dir='ltr'>ταῦτα</span> <span class='ocrx_word' id='word_1_160' title='bbox 1436 1946 1768 2016; x_wconf 88' lang='grc' dir='ltr'>πράττουσι,</span> <span class='ocrx_word' id='word_1_161' title='bbox 1811 1944 1965 2013; x_wconf 89' lang='grc' dir='ltr'>φησί.</span> 
     </span>
    </p>
   </div>
   <div class='ocr_carea' id='block_1_22' title="bbox 398 2026 1968 2099">
    <p class='ocr_par' dir='ltr' id='par_1_22' title="bbox 398 2026 1968 2099">
     <span class='ocr_line' id='line_1_22' title="bbox 398 2026 1968 2099; baseline -0.003 -15"><span class='ocrx_word' id='word_1_162' title='bbox 398 2030 519 2094; x_wconf 88' lang='grc' dir='ltr'>Πῶς</span> <span class='ocrx_word' id='word_1_163' title='bbox 545 2026 639 2084; x_wconf 83' lang='grc' dir='ltr'>οῦν</span> <span class='ocrx_word' id='word_1_164' title='bbox 669 2028 806 2099; x_wconf 90' lang='grc' dir='ltr'>ἐμοῦ</span> <span class='ocrx_word' id='word_1_165' title='bbox 841 2029 1167 2097; x_wconf 73' lang='grc' dir='ltr'>καταγελᾷς,</span> <span class='ocrx_word' id='word_1_166' title='bbox 1196 2030 1357 2092; x_wconf 81' lang='grc' dir='ltr'>αὐτος</span> <span class='ocrx_word' id='word_1_167' title='bbox 1384 2030 1489 2096; x_wconf 76' lang='grc' dir='ltr'>πρὸ</span> <span class='ocrx_word' id='word_1_168' title='bbox 1518 2027 1652 2097; x_wconf 88' lang='grc' dir='ltr'>ἐμοῦ</span> <span class='ocrx_word' id='word_1_169' title='bbox 1686 2027 1776 2079; x_wconf 85' lang='grc' dir='ltr'>τον</span> <span class='ocrx_word' id='word_1_170' title='bbox 1803 2027 1968 2095; x_wconf 89' lang='grc' dir='ltr'>νόμον</span> 
     </span>
    </p>
   </div>
   <div class='ocr_carea' id='block_1_23' title="bbox 392 2110 1967 2182">
    <p class='ocr_par' dir='ltr' id='par_1_23' title="bbox 392 2110 1967 2182">
     <span class='ocr_line' id='line_1_23' title="bbox 392 2110 1967 2182; baseline -0.004 -15"><span class='ocrx_word' id='word_1_171' title='bbox 392 2113 583 2168; x_wconf 81' lang='grc' dir='ltr'>τοῦτον</span> <span class='ocrx_word' id='word_1_172' title='bbox 613 2111 802 2181; x_wconf 83' lang='grc' dir='ltr'>εἰδώς;</span> <span class='ocrx_word' id='word_1_173' title='bbox 832 2112 894 2164; x_wconf 78' lang='lat' dir='ltr'>El</span> <span class='ocrx_word' id='word_1_174' title='bbox 934 2112 1043 2182; x_wconf 78' lang='grc' dir='ltr'>γάρ</span> <span class='ocrx_word' id='word_1_175' title='bbox 1072 2112 1211 2165; x_wconf 75' lang='grc' dir='ltr'>καλά</span> <span class='ocrx_word' id='word_1_176' title='bbox 1243 2115 1310 2165; x_wconf 81' lang='grc' dir='ltr'>τά</span> <span class='ocrx_word' id='word_1_177' title='bbox 1352 2112 1612 2180; x_wconf 88' lang='grc' dir='ltr'>γινόμενα</span> <span class='ocrx_word' id='word_1_178' title='bbox 1632 2149 1646 2173; x_wconf 94' lang='grc'>,</span> <span class='ocrx_word' id='word_1_179' title='bbox 1678 2110 1836 2162; x_wconf 84' lang='grc' dir='ltr'>ἐασον</span> <span class='ocrx_word' id='word_1_180' title='bbox 1863 2111 1967 2161; x_wconf 73' lang='grc' dir='ltr'>κάε-</span> 
     </span>
    </p>
   </div>
   <div class='ocr_carea' id='block_1_24' title="bbox 395 2191 1968 2266">
    <p class='ocr_par' dir='ltr' id='par_1_24' title="bbox 395 2191 1968 2266">
     <span class='ocr_line' id='line_1_24' title="bbox 395 2191 1968 2266; baseline -0.004 -15"><span class='ocrx_word' id='word_1_181' title='bbox 395 2197 577 2260; x_wconf 86' lang='grc' dir='ltr'>κείνας</span> <span class='ocrx_word' id='word_1_182' title='bbox 607 2195 780 2250; x_wconf 89' lang='grc' dir='ltr'>ταῦτα</span> <span class='ocrx_word' id='word_1_183' title='bbox 806 2196 997 2248; x_wconf 82' lang='grc' dir='ltr'>ποιεῖν.</span> <span class='ocrx_word' id='word_1_184' title='bbox 1027 2195 1117 2266; x_wconf 78' lang='grc' dir='ltr'>Μή</span> <span class='ocrx_word' id='word_1_185' title='bbox 1146 2195 1255 2265; x_wconf 79' lang='grc' dir='ltr'>γὰρ</span> <span class='ocrx_word' id='word_1_186' title='bbox 1275 2234 1289 2258; x_wconf 93' lang='grc'>,</span> <span class='ocrx_word' id='word_1_187' title='bbox 1318 2193 1506 2264; x_wconf 76' lang='grc' dir='ltr'>ἐπειδὴ</span> <span class='ocrx_word' id='word_1_188' title='bbox 1536 2193 1698 2263; x_wconf 78' lang='grc' dir='ltr'>πενίᾳ</span> <span class='ocrx_word' id='word_1_189' title='bbox 1733 2191 1968 2256; x_wconf 78' lang='grc' dir='ltr'>συζῶσιν</span> 
     </span>
    </p>
   </div>
   <div class='ocr_carea' id='block_1_25' title="bbox 393 2273 1967 2348">
    <p class='ocr_par' dir='ltr' id='par_1_25' title="bbox 393 2273 1967 2348">
     <span class='ocr_line' id='line_1_25' title="bbox 393 2273 1967 2348; baseline -0.004 -16"><span class='ocrx_word' id='word_1_190' title='bbox 393 2273 587 2344; x_wconf 73' lang='grc' dir='ltr'>αὗται,</span> <span class='ocrx_word' id='word_1_191' title='bbox 620 2278 741 2348; x_wconf 71' lang='grc' dir='ltr'>οὐχὶ</span> <span class='ocrx_word' id='word_1_192' title='bbox 774 2278 868 2330; x_wconf 78' lang='grc' dir='ltr'>καὶ</span> <span class='ocrx_word' id='word_1_193' title='bbox 900 2277 1062 2330; x_wconf 75' lang='grc' dir='ltr'>αὑταὶ</span> <span class='ocrx_word' id='word_1_194' title='bbox 1098 2277 1353 2348; x_wconf 78' lang='grc' dir='ltr'>παρθένοι</span> <span class='ocrx_word' id='word_1_195' title='bbox 1391 2276 1520 2337; x_wconf 77' lang='grc' dir='ltr'>εἰσὶ,</span> <span class='ocrx_word' id='word_1_196' title='bbox 1555 2274 1651 2326; x_wconf 71' lang='grc' dir='ltr'>καὶ</span> <span class='ocrx_word' id='word_1_197' title='bbox 1687 2273 1967 2343; x_wconf 84' lang='grc' dir='ltr'>σωφροσύ-</span> 
     </span>
    </p>
   </div>
   <div class='ocr_carea' id='block_1_26' title="bbox 392 2358 1965 2432">
    <p class='ocr_par' dir='ltr' id='par_1_26' title="bbox 392 2358 1965 2432">
     <span class='ocr_line' id='line_1_26' title="bbox 392 2358 1965 2432; baseline -0.001 -18"><span class='ocrx_word' id='word_1_198' title='bbox 392 2379 492 2432; x_wconf 87' lang='grc' dir='ltr'>νης</span> <span class='ocrx_word' id='word_1_199' title='bbox 535 2359 913 2432; x_wconf 84' lang='grc' dir='ltr'>ἐπιμελεῖσθαι</span> <span class='ocrx_word' id='word_1_200' title='bbox 957 2359 1051 2413; x_wconf 77' lang='grc' dir='ltr'>καὶ</span> <span class='ocrx_word' id='word_1_201' title='bbox 1098 2360 1267 2421; x_wconf 78' lang='grc' dir='ltr'>αὑτάς</span> <span class='ocrx_word' id='word_1_202' title='bbox 1308 2359 1448 2429; x_wconf 89' lang='grc' dir='ltr'>χρή;</span> <span class='ocrx_word' id='word_1_203' title='bbox 1482 2358 1594 2412; x_wconf 84' lang='grc' dir='ltr'>Νῦν</span> <span class='ocrx_word' id='word_1_204' title='bbox 1627 2358 1683 2411; x_wconf 82' lang='grc' dir='ltr'>δέ</span> <span class='ocrx_word' id='word_1_205' title='bbox 1726 2359 1965 2428; x_wconf 81' lang='grc' dir='ltr'>ὀρχεῖται</span> 
     </span>
    </p>
   </div>
   <div class='ocr_carea' id='block_1_27' title="bbox 394 2440 1965 2516">
    <p class='ocr_par' dir='ltr' id='par_1_27' title="bbox 394 2440 1965 2516">
     <span class='ocr_line' id='line_1_27' title="bbox 394 2440 1965 2516; baseline -0.005 -16"><span class='ocrx_word' id='word_1_206' title='bbox 394 2445 662 2516; x_wconf 79' lang='grc' dir='ltr'>παρθένος</span> <span class='ocrx_word' id='word_1_207' title='bbox 696 2446 754 2496; x_wconf 91' lang='grc' dir='ltr'>ἐν</span> <span class='ocrx_word' id='word_1_208' title='bbox 784 2442 948 2512; x_wconf 81' lang='grc' dir='ltr'>κοινῷ</span> <span class='ocrx_word' id='word_1_209' title='bbox 991 2443 1203 2513; x_wconf 83' lang='grc' dir='ltr'>θεάτρῳ</span> <span class='ocrx_word' id='word_1_210' title='bbox 1237 2441 1370 2494; x_wconf 89' lang='grc' dir='ltr'>νέων</span> <span class='ocrx_word' id='word_1_211' title='bbox 1403 2440 1716 2494; x_wconf 76' lang='grc' dir='ltr'>ἀκολάστων</span> <span class='ocrx_word' id='word_1_212' title='bbox 1753 2441 1802 2505; x_wconf 69' lang='grc' dir='ltr'>δ,</span> <span class='ocrx_word' id='word_1_213' title='bbox 1844 2440 1965 2494; x_wconf 81' lang='grc' dir='ltr'>εἰπέ</span> 
     </span>
    </p>
   </div>
   <div class='ocr_carea' id='block_1_28' title="bbox 399 2519 1963 2598">
    <p class='ocr_par' dir='ltr' id='par_1_28' title="bbox 399 2519 1963 2598">
     <span class='ocr_line' id='line_1_28' title="bbox 399 2519 1963 2598; baseline -0.003 -18"><span class='ocrx_word' id='word_1_214' title='bbox 399 2545 509 2598; x_wconf 88' lang='grc' dir='ltr'>μοι,</span> <span class='ocrx_word' id='word_1_215' title='bbox 545 2527 639 2581; x_wconf 62' lang='grc' dir='ltr'>καὶ</span> <span class='ocrx_word' id='word_1_216' title='bbox 680 2527 742 2579; x_wconf 84' lang='grc' dir='ltr'><strong>οὐ</strong></span> <span class='ocrx_word' id='word_1_217' title='bbox 773 2524 920 2578; x_wconf 84' lang='grc' dir='ltr'>δοκεῖ</span> <span class='ocrx_word' id='word_1_218' title='bbox 962 2540 1045 2577; x_wconf 86' lang='grc' dir='ltr'>σοι</span> <span class='ocrx_word' id='word_1_219' title='bbox 1071 2526 1172 2595; x_wconf 80' lang='grc' dir='ltr'>τῆς</span> <span class='ocrx_word' id='word_1_220' title='bbox 1201 2523 1408 2593; x_wconf 88' lang='grc' dir='ltr'>πόρνης</span> <span class='ocrx_word' id='word_1_221' title='bbox 1453 2519 1590 2576; x_wconf 70' lang='grc' dir='ltr'>εἶναι</span> <span class='ocrx_word' id='word_1_222' title='bbox 1634 2523 1963 2593; x_wconf 76' lang='grc' dir='ltr'>ἀτιμοτέρας</span> 
     </span>
    </p>
   </div>
   <div class='ocr_carea' id='block_1_29' title="bbox 395 2604 1962 2678">
    <p class='ocr_par' dir='ltr' id='par_1_29' title="bbox 395 2604 1962 2678">
     <span class='ocr_line' id='line_1_29' title="bbox 395 2604 1962 2678; baseline -0.003 -16"><span class='ocrx_word' id='word_1_223' title='bbox 395 2611 458 2662; x_wconf 83' lang='grc' dir='ltr'><strong>Εἰ</strong></span> <span class='ocrx_word' id='word_1_224' title='bbox 495 2609 553 2661; x_wconf 76' lang='grc' dir='ltr'>δέ</span> <span class='ocrx_word' id='word_1_225' title='bbox 590 2609 792 2678; x_wconf 82' lang='grc' dir='ltr'>λέγεις,</span> <span class='ocrx_word' id='word_1_226' title='bbox 842 2608 925 2660; x_wconf 82' lang='grc' dir='ltr'>ὅτι</span> <span class='ocrx_word' id='word_1_227' title='bbox 965 2606 1344 2676; x_wconf 77' lang='grc' dir='ltr'>θεραπαινίδες</span> <span class='ocrx_word' id='word_1_228' title='bbox 1395 2604 1569 2659; x_wconf 86' lang='grc' dir='ltr'>ταῦτα</span> <span class='ocrx_word' id='word_1_229' title='bbox 1614 2605 1962 2675; x_wconf 74' lang='grc' dir='ltr'>ἐργάζονται,</span> 
     </span>
    </p>
   </div>
   <div class='ocr_carea' id='block_1_30' title="bbox 392 2688 1967 2763">
    <p class='ocr_par' dir='ltr' id='par_1_30' title="bbox 392 2688 1967 2763">
     <span class='ocr_line' id='line_1_30' title="bbox 392 2688 1967 2763; baseline -0.003 -18"><span class='ocrx_word' id='word_1_230' title='bbox 392 2692 514 2750; x_wconf 78' lang='grc' dir='ltr'>οὐδὲ</span> <span class='ocrx_word' id='word_1_231' title='bbox 540 2692 711 2755; x_wconf 79' lang='grc' dir='ltr'>οὕτως</span> <span class='ocrx_word' id='word_1_232' title='bbox 738 2690 941 2763; x_wconf 80' lang='grc' dir='ltr'>ἀφίημί</span> <span class='ocrx_word' id='word_1_233' title='bbox 973 2707 1032 2743; x_wconf 89' lang='grc' dir='ltr'>σε</span> <span class='ocrx_word' id='word_1_234' title='bbox 1059 2691 1157 2761; x_wconf 78' lang='grc' dir='ltr'>τῆς</span> <span class='ocrx_word' id='word_1_235' title='bbox 1186 2689 1542 2763; x_wconf 81' lang='grc' dir='ltr'>κατηγορίας·</span> <span class='ocrx_word' id='word_1_236' title='bbox 1567 2688 1687 2742; x_wconf 80' lang='grc' dir='ltr'>οὐδὲ</span> <span class='ocrx_word' id='word_1_237' title='bbox 1709 2689 1819 2760; x_wconf 90' lang='grc' dir='ltr'>γάρ</span> <span class='ocrx_word' id='word_1_238' title='bbox 1843 2688 1967 2742; x_wconf 84' lang='grc' dir='ltr'>ταύ-</span> 
     </span>
    </p>
   </div>
   <div class='ocr_carea' id='block_1_31' title="bbox 390 2774 1148 2845">
    <p class='ocr_par' dir='ltr' id='par_1_31' title="bbox 390 2774 1148 2845">
     <span class='ocr_line' id='line_1_31' title="bbox 390 2774 1148 2845; baseline -0.003 -17"><span class='ocrx_word' id='word_1_239' title='bbox 390 2792 511 2839; x_wconf 88' lang='grc' dir='ltr'>ταις</span> <span class='ocrx_word' id='word_1_240' title='bbox 544 2774 936 2845; x_wconf 73' lang='grc' dir='ltr'>ἐπιτετράφθαι</span> <span class='ocrx_word' id='word_1_241' title='bbox 962 2774 1148 2844; x_wconf 81' lang='grc' dir='ltr'>ἐχρῆν.</span> 
     </span>
    </p>
   </div>
   <div class='ocr_carea' id='block_1_32' title="bbox 462 2895 1968 2972">
    <p class='ocr_par' dir='ltr' id='par_1_32' title="bbox 462 2895 1968 2972">
     <span class='ocr_line' id='line_1_32' title="bbox 462 2895 1968 2972; baseline 0.008 -21"><span class='ocrx_word' id='word_1_242' title='bbox 462 2906 534 2972; x_wconf 88' lang='grc' dir='ltr'>η’.</span> <span class='ocrx_word' id='word_1_243' title='bbox 567 2899 700 2953; x_wconf 80' lang='grc' dir='ltr'>Ἀπὸ</span> <span class='ocrx_word' id='word_1_244' title='bbox 715 2899 823 2970; x_wconf 90' lang='grc' dir='ltr'>γάρ</span> <span class='ocrx_word' id='word_1_245' title='bbox 839 2898 1042 2953; x_wconf 90' lang='grc' dir='ltr'>τούτων</span> <span class='ocrx_word' id='word_1_246' title='bbox 1055 2895 1734 2964; x_wconf 76' lang='grc' dir='ltr'>πάντατίκτεταιτάκακὰ,</span> <span class='ocrx_word' id='word_1_247' title='bbox 1760 2898 1842 2951; x_wconf 85' lang='grc' dir='ltr'>δτι</span> <span class='ocrx_word' id='word_1_248' title='bbox 1868 2899 1968 2968; x_wconf 84' lang='grc' dir='ltr'>τῆς</span> 
     </span>
    </p>
   </div>
   <div class='ocr_carea' id='block_1_33' title="bbox 391 2980 1967 3051">
    <p class='ocr_par' dir='ltr' id='par_1_33' title="bbox 391 2980 1967 3051">
     <span class='ocr_line' id='line_1_33' title="bbox 391 2980 1967 3051; baseline -0.001 -14"><span class='ocrx_word' id='word_1_249' title='bbox 391 2984 631 3047; x_wconf 85' lang='grc' dir='ltr'>οἰκετίας</span> <span class='ocrx_word' id='word_1_250' title='bbox 655 2983 846 3036; x_wconf 79' lang='grc' dir='ltr'>οὐδένα</span> <span class='ocrx_word' id='word_1_251' title='bbox 874 2980 1179 3051; x_wconf 84' lang='grc' dir='ltr'>ποιούμεθα</span> <span class='ocrx_word' id='word_1_252' title='bbox 1213 2980 1391 3051; x_wconf 89' lang='grc' dir='ltr'>λόγον·</span> <span class='ocrx_word' id='word_1_253' title='bbox 1421 2980 1536 3035; x_wconf 83' lang='grc' dir='ltr'>ἀλλ’</span> <span class='ocrx_word' id='word_1_254' title='bbox 1572 2981 1733 3051; x_wconf 88' lang='grc' dir='ltr'>ἀρκεῖ</span> <span class='ocrx_word' id='word_1_255' title='bbox 1767 2983 1845 3045; x_wconf 88' lang='grc' dir='ltr'>είς</span> <span class='ocrx_word' id='word_1_256' title='bbox 1869 2999 1967 3035; x_wconf 90' lang='grc' dir='ltr'>κα-</span> 
     </span>
    </p>
   </div>
   <div class='ocr_carea' id='block_1_34' title="bbox 390 3061 1965 3136">
    <p class='ocr_par' dir='ltr' id='par_1_34' title="bbox 390 3061 1965 3136">
     <span class='ocr_line' id='line_1_34' title="bbox 390 3061 1965 3136; baseline 0.001 -18"><span class='ocrx_word' id='word_1_257' title='bbox 390 3065 721 3136; x_wconf 87' lang='grc' dir='ltr'>ταφρόνησιν</span> <span class='ocrx_word' id='word_1_258' title='bbox 741 3066 802 3116; x_wconf 90' lang='lat'>16</span> <span class='ocrx_word' id='word_1_259' title='bbox 828 3065 1034 3129; x_wconf 89' lang='grc' dir='ltr'>είπεῖν,</span> <span class='ocrx_word' id='word_1_260' title='bbox 1064 3064 1146 3116; x_wconf 86' lang='grc' dir='ltr'>ὅτι</span> <span class='ocrx_word' id='word_1_261' title='bbox 1176 3061 1371 3127; x_wconf 90' lang='grc' dir='ltr'>Δοῦλός</span> <span class='ocrx_word' id='word_1_262' title='bbox 1397 3065 1514 3116; x_wconf 88' lang='grc' dir='ltr'>ἐστι</span> <span class='ocrx_word' id='word_1_263' title='bbox 1543 3063 1635 3116; x_wconf 79' lang='grc' dir='ltr'>καὶ</span> <span class='ocrx_word' id='word_1_264' title='bbox 1663 3065 1770 3116; x_wconf 75' lang='grc' dir='ltr'>εἰσὶ</span> <span class='ocrx_word' id='word_1_265' title='bbox 1802 3064 1965 3135; x_wconf 80' lang='grc' dir='ltr'>θερα-</span> 
     </span>
    </p>
   </div>
   <div class='ocr_carea' id='block_1_35' title="bbox 391 3146 1963 3217">
    <p class='ocr_par' dir='ltr' id='par_1_35' title="bbox 391 3146 1963 3217">
     <span class='ocr_line' id='line_1_35' title="bbox 391 3146 1963 3217; baseline -0.001 -15"><span class='ocrx_word' id='word_1_266' title='bbox 391 3147 664 3211; x_wconf 88' lang='grc' dir='ltr'>παινίδες·</span> <span class='ocrx_word' id='word_1_267' title='bbox 698 3147 876 3201; x_wconf 90' lang='grc' dir='ltr'>καίτοι</span> <span class='ocrx_word' id='word_1_268' title='bbox 900 3146 1117 3215; x_wconf 82' lang='grc' dir='ltr'>γεκαθ’</span> <span class='ocrx_word' id='word_1_269' title='bbox 1147 3147 1385 3217; x_wconf 88' lang='grc' dir='ltr'>ἐκάστην</span> <span class='ocrx_word' id='word_1_270' title='bbox 1416 3146 1628 3217; x_wconf 79' lang='grc' dir='ltr'>ἡμέραν</span> <span class='ocrx_word' id='word_1_271' title='bbox 1654 3147 1963 3213; x_wconf 86' lang='grc' dir='ltr'>ἀκούοντες,</span> 
     </span>
    </p>
   </div>
   <div class='ocr_carea' id='block_1_36' title="bbox 390 3229 1961 3299">
    <p class='ocr_par' dir='ltr' id='par_1_36' title="bbox 390 3229 1961 3299">
     <span class='ocr_line' id='line_1_36' title="bbox 390 3229 1961 3299; baseline -0.001 -13"><span class='ocrx_word' id='word_1_272' title='bbox 390 3233 474 3286; x_wconf 84' lang='grc' dir='ltr'>δτι</span> <span class='ocrx_word' id='word_1_273' title='bbox 517 3233 621 3285; x_wconf 82' lang='grc' dir='ltr'>Ἐν</span> <span class='ocrx_word' id='word_1_274' title='bbox 646 3229 876 3298; x_wconf 81' lang='grc' dir='ltr'>Χριστῷ</span> <span class='ocrx_word' id='word_1_275' title='bbox 907 3230 1101 3298; x_wconf 83' lang='grc' dir='ltr'><strong>Ἰησοῦ</strong></span> <span class='ocrx_word' id='word_1_276' title='bbox 1126 3231 1197 3284; x_wconf 88' lang='grc' dir='ltr'>οὐ</span> <span class='ocrx_word' id='word_1_277' title='bbox 1222 3229 1464 3296; x_wconf 76' lang='grc' dir='ltr'>δοῦλος,</span> <span class='ocrx_word' id='word_1_278' title='bbox 1486 3232 1598 3282; x_wconf 76' lang='grc' dir='ltr'>οὐκ</span> <span class='ocrx_word' id='word_1_279' title='bbox 1628 3231 1961 3299; x_wconf 74' lang='grc' dir='ltr'>ἐλεύθερος.</span> 
     </span>
    </p>
   </div>
   <div class='ocr_carea' id='block_1_37' title="bbox 389 3313 1966 3385">
    <p class='ocr_par' dir='ltr' id='par_1_37' title="bbox 389 3313 1966 3385">
     <span class='ocr_line' id='line_1_37' title="bbox 389 3313 1966 3385; baseline 0 -15"><span class='ocrx_word' id='word_1_280' title='bbox 389 3316 465 3371; x_wconf 83' lang='grc' dir='ltr'>Σὺ</span> <span class='ocrx_word' id='word_1_281' title='bbox 502 3315 561 3369; x_wconf 86' lang='grc' dir='ltr'>δέ</span> <span class='ocrx_word' id='word_1_282' title='bbox 612 3316 781 3368; x_wconf 76' lang='grc' dir='ltr'>ἵππου</span> <span class='ocrx_word' id='word_1_283' title='bbox 823 3314 922 3385; x_wconf 84' lang='grc' dir='ltr'>μὲν</span> <span class='ocrx_word' id='word_1_284' title='bbox 959 3315 1021 3367; x_wconf 79' lang='grc' dir='ltr'><strong>οὐ</strong></span> <span class='ocrx_word' id='word_1_285' title='bbox 1060 3316 1426 3382; x_wconf 79' lang='grc' dir='ltr'>καταφρονεῖς</span> <span class='ocrx_word' id='word_1_286' title='bbox 1469 3313 1588 3366; x_wconf 85' lang='grc' dir='ltr'>οὐδὲ</span> <span class='ocrx_word' id='word_1_287' title='bbox 1633 3313 1780 3380; x_wconf 79' lang='grc' dir='ltr'>ὄνου,</span> <span class='ocrx_word' id='word_1_288' title='bbox 1829 3315 1966 3370; x_wconf 83' lang='grc' dir='ltr'>ἀλλὰ</span> 
     </span>
    </p>
   </div>
   <div class='ocr_carea' id='block_1_38' title="bbox 390 3394 1965 3468">
    <p class='ocr_par' dir='ltr' id='par_1_38' title="bbox 390 3394 1965 3468">
     <span class='ocr_line' id='line_1_38' title="bbox 390 3394 1965 3468; baseline -0.001 -15"><span class='ocrx_word' id='word_1_289' title='bbox 390 3398 570 3455; x_wconf 82' lang='grc' dir='ltr'>πάντα</span> <span class='ocrx_word' id='word_1_290' title='bbox 603 3401 776 3462; x_wconf 80' lang='grc' dir='ltr'>ποιεῖς</span> <span class='ocrx_word' id='word_1_291' title='bbox 802 3397 943 3451; x_wconf 83' lang='grc' dir='ltr'>ὥστε</span> <span class='ocrx_word' id='word_1_292' title='bbox 977 3397 1052 3468; x_wconf 81' lang='grc' dir='ltr'>μὴ</span> <span class='ocrx_word' id='word_1_293' title='bbox 1085 3397 1338 3465; x_wconf 83' lang='grc' dir='ltr'>γενέσθαι</span> <span class='ocrx_word' id='word_1_294' title='bbox 1372 3394 1608 3465; x_wconf 79' lang='grc' dir='ltr'>φαύλους</span> <span class='ocrx_word' id='word_1_295' title='bbox 1630 3411 1643 3424; x_wconf 73' lang='grc'><strong>⁸</strong></span> <span class='ocrx_word' id='word_1_296' title='bbox 1674 3396 1874 3451; x_wconf 88' lang='grc' dir='ltr'>δούλων</span> <span class='ocrx_word' id='word_1_297' title='bbox 1908 3397 1965 3453; x_wconf 79' lang='grc' dir='ltr'>δὲ</span> 
     </span>
    </p>
   </div>
   <div class='ocr_carea' id='block_1_39' title="bbox 388 3478 1962 3553">
    <p class='ocr_par' dir='ltr' id='par_1_39' title="bbox 388 3478 1962 3553">
     <span class='ocr_line' id='line_1_39' title="bbox 388 3478 1962 3553; baseline -0.001 -18"><span class='ocrx_word' id='word_1_298' title='bbox 388 3482 498 3536; x_wconf 85' lang='grc' dir='ltr'>τῶν</span> <span class='ocrx_word' id='word_1_299' title='bbox 526 3480 818 3552; x_wconf 77' lang='grc' dir='ltr'>όμοψύχων</span> <span class='ocrx_word' id='word_1_300' title='bbox 843 3481 1154 3553; x_wconf 80' lang='grc' dir='ltr'>ὑπερορᾷς;</span> <span class='ocrx_word' id='word_1_301' title='bbox 1181 3479 1292 3534; x_wconf 80' lang='grc' dir='ltr'>Καὶ</span> <span class='ocrx_word' id='word_1_302' title='bbox 1324 3479 1378 3532; x_wconf 90' lang='grc' dir='ltr'>τί</span> <span class='ocrx_word' id='word_1_303' title='bbox 1404 3478 1548 3547; x_wconf 88' lang='grc' dir='ltr'>λέγω</span> <span class='ocrx_word' id='word_1_304' title='bbox 1580 3479 1800 3544; x_wconf 84' lang='grc' dir='ltr'>δούλων,</span> <span class='ocrx_word' id='word_1_305' title='bbox 1829 3480 1962 3535; x_wconf 84' lang='grc' dir='ltr'>ὅπου</span> 
     </span>
    </p>
   </div>
   <div class='ocr_carea' id='block_1_40' title="bbox 388 3560 1964 3634">
    <p class='ocr_par' dir='ltr' id='par_1_40' title="bbox 388 3560 1964 3634">
     <span class='ocr_line' id='line_1_40' title="bbox 388 3560 1964 3634; baseline -0.002 -16"><span class='ocrx_word' id='word_1_306' title='bbox 388 3581 452 3634; x_wconf 89' lang='grc' dir='ltr'>γε</span> <span class='ocrx_word' id='word_1_307' title='bbox 496 3567 591 3619; x_wconf 81' lang='grc' dir='ltr'>καὶ</span> <span class='ocrx_word' id='word_1_308' title='bbox 616 3564 823 3618; x_wconf 83' lang='grc' dir='ltr'>παίδων</span> <span class='ocrx_word' id='word_1_309' title='bbox 856 3564 951 3618; x_wconf 75' lang='grc' dir='ltr'>καὶ</span> <span class='ocrx_word' id='word_1_310' title='bbox 989 3562 1338 3634; x_wconf 85' lang='grc' dir='ltr'>θυγατέρων;</span> <span class='ocrx_word' id='word_1_311' title='bbox 1373 3562 1439 3616; x_wconf 92' lang='grc' dir='ltr'>Τί</span> <span class='ocrx_word' id='word_1_312' title='bbox 1471 3560 1535 3633; x_wconf 81' lang='grc' dir='ltr'>δή</span> <span class='ocrx_word' id='word_1_313' title='bbox 1572 3561 1709 3632; x_wconf 87' lang='grc' dir='ltr'>μετά</span> <span class='ocrx_word' id='word_1_314' title='bbox 1750 3563 1964 3630; x_wconf 84' lang='grc' dir='ltr'>ταῦτα;</span> 
     </span>
    </p>
   </div>
   <div class='ocr_carea' id='block_1_41' title="bbox 401 3646 1963 3717">
    <p class='ocr_par' dir='ltr' id='par_1_41' title="bbox 401 3646 1963 3717">
     <span class='ocr_line' id='line_1_41' title="bbox 401 3646 1963 3717; baseline -0.003 -15"><span class='ocrx_word' id='word_1_315' title='bbox 401 3647 641 3717; x_wconf 80' lang='grc' dir='ltr'>Ἀνάγκη</span> <span class='ocrx_word' id='word_1_316' title='bbox 682 3647 858 3716; x_wconf 84' lang='grc' dir='ltr'>λύπην</span> <span class='ocrx_word' id='word_1_317' title='bbox 888 3646 1089 3710; x_wconf 72' lang='grc' dir='ltr'>εὐθέως</span> <span class='ocrx_word' id='word_1_318' title='bbox 1125 3646 1448 3708; x_wconf 84' lang='grc' dir='ltr'>ἐπεισιέναι,</span> <span class='ocrx_word' id='word_1_319' title='bbox 1491 3646 1705 3699; x_wconf 91' lang='grc' dir='ltr'>πάντων</span> <span class='ocrx_word' id='word_1_320' title='bbox 1739 3646 1963 3700; x_wconf 78' lang='grc' dir='ltr'>ἐκείνων</span> 
     </span>
    </p>
   </div>
   <div class='ocr_carea' id='block_1_42' title="bbox 389 3726 1963 3802">
    <p class='ocr_par' dir='ltr' id='par_1_42' title="bbox 389 3726 1963 3802">
     <span class='ocr_line' id='line_1_42' title="bbox 389 3726 1963 3802; baseline -0.002 -17"><span class='ocrx_word' id='word_1_321' title='bbox 389 3731 837 3802; x_wconf 84' lang='grc' dir='ltr'>καθαιρουμένων</span> <span class='ocrx_word' id='word_1_322' title='bbox 863 3746 877 3761; x_wconf 79' lang='grc' dir='ltr'>ο</span> <span class='ocrx_word' id='word_1_323' title='bbox 920 3728 1178 3791; x_wconf 84' lang='grc' dir='ltr'>πολλάκις</span> <span class='ocrx_word' id='word_1_324' title='bbox 1215 3729 1271 3781; x_wconf 89' lang='grc' dir='ltr'>δέ</span> <span class='ocrx_word' id='word_1_325' title='bbox 1316 3728 1411 3781; x_wconf 75' lang='grc' dir='ltr'>καὶ</span> <span class='ocrx_word' id='word_1_326' title='bbox 1441 3728 1645 3798; x_wconf 77' lang='grc' dir='ltr'>ζημίαν</span> <span class='ocrx_word' id='word_1_327' title='bbox 1681 3726 1963 3782; x_wconf 86' lang='grc' dir='ltr'>τίκτεσθαι</span> 
     </span>
    </p>
   </div>
   <div class='ocr_carea' id='block_1_43' title="bbox 392 3808 1964 3885">
    <p class='ocr_par' dir='ltr' id='par_1_43' title="bbox 392 3808 1964 3885">
     <span class='ocr_line' id='line_1_43' title="bbox 392 3808 1964 3885; baseline 0 -20"><span class='ocrx_word' id='word_1_328' title='bbox 392 3814 695 3885; x_wconf 81' lang='grc' dir='ltr'>μεγίστην,</span> <span class='ocrx_word' id='word_1_329' title='bbox 729 3814 788 3865; x_wconf 88' lang='grc' dir='ltr'>ἐν</span> <span class='ocrx_word' id='word_1_330' title='bbox 830 3811 909 3881; x_wconf 85' lang='grc' dir='ltr'>τῷ</span> <span class='ocrx_word' id='word_1_331' title='bbox 941 3810 1135 3881; x_wconf 83' lang='grc' dir='ltr'>πλήθει</span> <span class='ocrx_word' id='word_1_332' title='bbox 1168 3810 1263 3863; x_wconf 71' lang='grc' dir='ltr'>καὶ</span> <span class='ocrx_word' id='word_1_333' title='bbox 1293 3808 1369 3879; x_wconf 83' lang='grc' dir='ltr'>τῷ</span> <span class='ocrx_word' id='word_1_334' title='bbox 1403 3809 1617 3880; x_wconf 88' lang='grc' dir='ltr'>θορύϐῳ</span> <span class='ocrx_word' id='word_1_335' title='bbox 1649 3810 1964 3882; x_wconf 82' lang='grc' dir='ltr'>πολυτίμων</span> 
     </span>
    </p>
   </div>
   <div class='ocr_carea' id='block_1_44' title="bbox 388 3888 1963 3965">
    <p class='ocr_par' dir='ltr' id='par_1_44' title="bbox 388 3888 1963 3965">
     <span class='ocr_line' id='line_1_44' title="bbox 388 3888 1963 3965; baseline -0.001 -16"><span class='ocrx_word' id='word_1_336' title='bbox 388 3897 551 3949; x_wconf 89' lang='grc' dir='ltr'>τινῶν</span> <span class='ocrx_word' id='word_1_337' title='bbox 587 3894 979 3965; x_wconf 83' lang='grc' dir='ltr'>ἀπολλυμένων</span> <span class='ocrx_word' id='word_1_338' title='bbox 1023 3892 1279 3964; x_wconf 80' lang='grc' dir='ltr'>χρυσίων.</span> <span class='ocrx_word' id='word_1_339' title='bbox 1318 3888 1451 3946; x_wconf 75' lang='grc' dir='ltr'>Εἶτα</span> <span class='ocrx_word' id='word_1_340' title='bbox 1498 3893 1635 3962; x_wconf 83' lang='grc' dir='ltr'>μετὰ</span> <span class='ocrx_word' id='word_1_341' title='bbox 1663 3894 1754 3946; x_wconf 75' lang='grc' dir='ltr'>τὸν</span> <span class='ocrx_word' id='word_1_342' title='bbox 1787 3897 1963 3965; x_wconf 81' lang='grc' dir='ltr'>γάμον</span> 
     </span>
    </p>
   </div>
   <div class='ocr_carea' id='block_1_45' title="bbox 390 3974 1962 4047">
    <p class='ocr_par' dir='ltr' id='par_1_45' title="bbox 390 3974 1962 4047">
     <span class='ocr_line' id='line_1_45' title="bbox 390 3974 1962 4047; baseline -0.003 -14"><span class='ocrx_word' id='word_1_343' title='bbox 390 3980 444 4033; x_wconf 77' lang='grc' dir='ltr'>εἴ</span> <span class='ocrx_word' id='word_1_344' title='bbox 472 3994 604 4033; x_wconf 85' lang='grc' dir='ltr'>ποτε</span> <span class='ocrx_word' id='word_1_345' title='bbox 634 3978 848 4047; x_wconf 88' lang='grc' dir='ltr'>γένοιτο</span> <span class='ocrx_word' id='word_1_346' title='bbox 886 3976 1116 4040; x_wconf 81' lang='grc' dir='ltr'>παιδίον,</span> <span class='ocrx_word' id='word_1_347' title='bbox 1152 3976 1244 4028; x_wconf 72' lang='grc' dir='ltr'>καὶ</span> <span class='ocrx_word' id='word_1_348' title='bbox 1274 3974 1509 4028; x_wconf 82' lang='grc' dir='ltr'>ἐνταῦθα</span> <span class='ocrx_word' id='word_1_349' title='bbox 1541 3976 1701 4029; x_wconf 87' lang='grc' dir='ltr'>πάλιν</span> <span class='ocrx_word' id='word_1_350' title='bbox 1730 3977 1828 4047; x_wconf 76' lang='grc' dir='ltr'>τὴν</span> <span class='ocrx_word' id='word_1_351' title='bbox 1862 3979 1962 4031; x_wconf 78' lang='grc' dir='ltr'>αύ-</span> 
     </span>
    </p>
   </div>
   <div class='ocr_carea' id='block_1_46' title="bbox 388 4057 1963 4133">
    <p class='ocr_par' dir='ltr' id='par_1_46' title="bbox 388 4057 1963 4133">
     <span class='ocr_line' id='line_1_46' title="bbox 388 4057 1963 4133; baseline -0.002 -18"><span class='ocrx_word' id='word_1_352' title='bbox 388 4063 489 4133; x_wconf 86' lang='grc' dir='ltr'>τὴν</span> <span class='ocrx_word' id='word_1_353' title='bbox 527 4060 680 4133; x_wconf 77' lang='grc'>[107]</span> <span class='ocrx_word' id='word_1_354' title='bbox 704 4060 890 4115; x_wconf 79' lang='grc' dir='ltr'>ἄνοιαν</span> <span class='ocrx_word' id='word_1_355' title='bbox 915 4058 1178 4130; x_wconf 83' lang='grc' dir='ltr'>ὀψόμεθα,</span> <span class='ocrx_word' id='word_1_356' title='bbox 1211 4058 1303 4112; x_wconf 70' lang='grc' dir='ltr'>καλ⁸</span> <span class='ocrx_word' id='word_1_357' title='bbox 1326 4058 1496 4111; x_wconf 82' lang='grc' dir='ltr'>πολλὰ</span> <span class='ocrx_word' id='word_1_358' title='bbox 1518 4057 1760 4128; x_wconf 85' lang='grc' dir='ltr'>σύμϐολα</span> <span class='ocrx_word' id='word_1_359' title='bbox 1794 4060 1963 4127; x_wconf 87' lang='grc' dir='ltr'>γέλω-</span> 
     </span>
    </p>
   </div>
   <div class='ocr_carea' id='block_1_47' title="bbox 389 4139 1961 4215">
    <p class='ocr_par' dir='ltr' id='par_1_47' title="bbox 389 4139 1961 4215">
     <span class='ocr_line' id='line_1_47' title="bbox 389 4139 1961 4215; baseline -0.003 -16"><span class='ocrx_word' id='word_1_360' title='bbox 389 4161 479 4209; x_wconf 86' lang='grc' dir='ltr'>τος</span> <span class='ocrx_word' id='word_1_361' title='bbox 502 4144 766 4215; x_wconf 85' lang='grc' dir='ltr'>γέμοντα.</span> <span class='ocrx_word' id='word_1_362' title='bbox 795 4144 905 4197; x_wconf 70' lang='lat' dir='ltr'>Kal</span> <span class='ocrx_word' id='word_1_363' title='bbox 930 4142 1039 4213; x_wconf 86' lang='grc' dir='ltr'>γὰρ</span> <span class='ocrx_word' id='word_1_364' title='bbox 1066 4141 1227 4212; x_wconf 88' lang='grc' dir='ltr'>ήνίκα</span> <span class='ocrx_word' id='word_1_365' title='bbox 1254 4139 1320 4195; x_wconf 80' lang='grc' dir='ltr'>ἂν</span> <span class='ocrx_word' id='word_1_366' title='bbox 1344 4140 1627 4196; x_wconf 87' lang='grc' dir='ltr'>καλεῖσθαι</span> <span class='ocrx_word' id='word_1_367' title='bbox 1654 4141 1715 4195; x_wconf 86' lang='grc' dir='ltr'>τὸ</span> <span class='ocrx_word' id='word_1_368' title='bbox 1750 4142 1961 4195; x_wconf 78' lang='grc' dir='ltr'>παιδίον</span> 
     </span>
    </p>
   </div>
   <div class='ocr_carea' id='block_1_48' title="bbox 387 4223 1961 4300">
    <p class='ocr_par' dir='ltr' id='par_1_48' title="bbox 387 4223 1961 4300">
     <span class='ocr_line' id='line_1_48' title="bbox 387 4223 1961 4300; baseline -0.002 -19"><span class='ocrx_word' id='word_1_369' title='bbox 387 4227 518 4300; x_wconf 80' lang='grc' dir='ltr'>δὲῃ,</span> <span class='ocrx_word' id='word_1_370' title='bbox 572 4227 803 4298; x_wconf 81' lang='grc' dir='ltr'>ἀφέντες</span> <span class='ocrx_word' id='word_1_371' title='bbox 833 4225 942 4280; x_wconf 81' lang='grc' dir='ltr'>άπὸ</span> <span class='ocrx_word' id='word_1_372' title='bbox 985 4226 1094 4279; x_wconf 87' lang='grc' dir='ltr'>τῶν</span> <span class='ocrx_word' id='word_1_373' title='bbox 1132 4223 1305 4294; x_wconf 82' lang='grc' dir='ltr'>ἁγίων</span> <span class='ocrx_word' id='word_1_374' title='bbox 1354 4224 1486 4278; x_wconf 76' lang='grc' dir='ltr'>αὐτὸ</span> <span class='ocrx_word' id='word_1_375' title='bbox 1531 4224 1737 4289; x_wconf 85' lang='grc' dir='ltr'>καλεῖν,</span> <span class='ocrx_word' id='word_1_376' title='bbox 1784 4225 1860 4289; x_wconf 85' lang='grc' dir='ltr'>ὠς</span> <span class='ocrx_word' id='word_1_377' title='bbox 1912 4226 1961 4278; x_wconf 88' lang='grc' dir='ltr'><strong>οἱ</strong></span> 
     </span>
    </p>
   </div>
   <div class='ocr_carea' id='block_1_49' title="bbox 388 4307 1960 4383">
    <p class='ocr_par' dir='ltr' id='par_1_49' title="bbox 388 4307 1960 4383">
     <span class='ocr_line' id='line_1_49' title="bbox 388 4307 1960 4383; baseline -0.003 -16"><span class='ocrx_word' id='word_1_378' title='bbox 388 4312 609 4367; x_wconf 80' lang='grc' dir='ltr'>παλαιοὶ</span> <span class='ocrx_word' id='word_1_379' title='bbox 664 4312 724 4366; x_wconf 89' lang='lat'>16</span> <span class='ocrx_word' id='word_1_380' title='bbox 767 4310 984 4383; x_wconf 87' lang='grc' dir='ltr'>πρῶτον</span> <span class='ocrx_word' id='word_1_381' title='bbox 1021 4309 1257 4374; x_wconf 89' lang='grc' dir='ltr'>ἐποίουν,</span> <span class='ocrx_word' id='word_1_382' title='bbox 1312 4307 1538 4379; x_wconf 85' lang='grc' dir='ltr'>λύχνους</span> <span class='ocrx_word' id='word_1_383' title='bbox 1584 4308 1818 4378; x_wconf 73' lang='grc' dir='ltr'>ἅψαντες</span> <span class='ocrx_word' id='word_1_384' title='bbox 1866 4310 1960 4362; x_wconf 60' lang='grc' dir='ltr'>καὶ⁵</span> 
     </span>
    </p>
   </div>
   <div class='ocr_carea' id='block_1_50' title="bbox 386 4389 1959 4466">
    <p class='ocr_par' dir='ltr' id='par_1_50' title="bbox 386 4389 1959 4466">
     <span class='ocr_line' id='line_1_50' title="bbox 386 4389 1959 4466; baseline -0.003 -17"><span class='ocrx_word' id='word_1_385' title='bbox 386 4396 624 4466; x_wconf 68' lang='grc' dir='ltr'>ὀνόματα</span> <span class='ocrx_word' id='word_1_386' title='bbox 673 4395 856 4457; x_wconf 78' lang='grc' dir='ltr'>αὐτοῖς</span> <span class='ocrx_word' id='word_1_387' title='bbox 888 4392 1239 4455; x_wconf 82' lang='grc' dir='ltr'>ἐπιτιθέντες,</span> <span class='ocrx_word' id='word_1_388' title='bbox 1281 4389 1357 4463; x_wconf 80' lang='grc' dir='ltr'>τῷ</span> <span class='ocrx_word' id='word_1_389' title='bbox 1399 4391 1750 4462; x_wconf 88' lang='grc' dir='ltr'>διαρκέσαντι</span> <span class='ocrx_word' id='word_1_390' title='bbox 1797 4391 1959 4463; x_wconf 80' lang='grc' dir='ltr'>μέχρι</span> 
     </span>
    </p>
   </div>
   <div class='ocr_carea' id='block_1_51' title="bbox 386 4475 1957 4546">
    <p class='ocr_par' dir='ltr' id='par_1_51' title="bbox 386 4475 1957 4546">
     <span class='ocr_line' id='line_1_51' title="bbox 386 4475 1957 4546; baseline -0.003 -13"><span class='ocrx_word' id='word_1_391' title='bbox 386 4479 584 4534; x_wconf 87' lang='grc' dir='ltr'>πολλοῦ</span> <span class='ocrx_word' id='word_1_392' title='bbox 635 4478 698 4530; x_wconf 83' lang='grc' dir='ltr'>τὸ</span> <span class='ocrx_word' id='word_1_393' title='bbox 741 4477 946 4531; x_wconf 88' lang='grc' dir='ltr'>παιδίον</span> <span class='ocrx_word' id='word_1_394' title='bbox 998 4477 1241 4531; x_wconf 86' lang='grc' dir='ltr'>ποιοῦσιν</span> <span class='ocrx_word' id='word_1_395' title='bbox 1289 4475 1621 4546; x_wconf 70' lang='grc' dir='ltr'>ὁμώνυμονο</span> <span class='ocrx_word' id='word_1_396' title='bbox 1647 4516 1662 4540; x_wconf 91' lang='grc'>,</span> <span class='ocrx_word' id='word_1_397' title='bbox 1710 4476 1957 4529; x_wconf 84' lang='grc' dir='ltr'>ἐντεῦθεν</span> 
     </span>
    </p>
   </div>
   <div class='ocr_carea' id='block_1_52' title="bbox 388 4555 1958 4628">
    <p class='ocr_par' dir='ltr' id='par_1_52' title="bbox 388 4555 1958 4628">
     <span class='ocr_line' id='line_1_52' title="bbox 388 4555 1958 4628; baseline -0.003 -13"><span class='ocrx_word' id='word_1_398' title='bbox 388 4561 558 4616; x_wconf 78' lang='grc' dir='ltr'>πολὺν</span> <span class='ocrx_word' id='word_1_399' title='bbox 608 4560 739 4612; x_wconf 81' lang='grc' dir='ltr'>αὐτο</span> <span class='ocrx_word' id='word_1_400' title='bbox 789 4559 1171 4628; x_wconf 76' lang='grc' dir='ltr'>στοχαζόμενοι</span> <span class='ocrx_word' id='word_1_401' title='bbox 1222 4556 1516 4626; x_wconf 83' lang='grc' dir='ltr'>βιώσεσθαι</span> <span class='ocrx_word' id='word_1_402' title='bbox 1557 4558 1767 4626; x_wconf 89' lang='grc' dir='ltr'>χρόνον.</span> <span class='ocrx_word' id='word_1_403' title='bbox 1825 4555 1958 4611; x_wconf 81' lang='grc' dir='ltr'>Εἶτα</span> 
     </span>
    </p>
   </div>
   <div class='ocr_carea' id='block_1_53' title="bbox 387 4639 1958 4713">
    <p class='ocr_par' dir='ltr' id='par_1_53' title="bbox 387 4639 1958 4713">
     <span class='ocr_line' id='line_1_53' title="bbox 387 4639 1958 4713; baseline -0.003 -15"><span class='ocrx_word' id='word_1_404' title='bbox 387 4642 606 4697; x_wconf 83' lang='grc' dir='ltr'>ἐπειδάν</span> <span class='ocrx_word' id='word_1_405' title='bbox 628 4641 809 4713; x_wconf 80' lang='grc' dir='ltr'>συμϐῇ</span> <span class='ocrx_word' id='word_1_406' title='bbox 834 4642 1087 4704; x_wconf 85' lang='grc' dir='ltr'>πολλάκις</span> <span class='ocrx_word' id='word_1_407' title='bbox 1109 4640 1241 4695; x_wconf 74' lang='grc' dir='ltr'>αὐτὸ</span> <span class='ocrx_word' id='word_1_408' title='bbox 1266 4641 1444 4709; x_wconf 83' lang='grc' dir='ltr'>άωρον</span> <span class='ocrx_word' id='word_1_409' title='bbox 1470 4639 1769 4709; x_wconf 79' lang='grc' dir='ltr'>ὑποστῆναι</span> <span class='ocrx_word' id='word_1_410' title='bbox 1795 4641 1958 4694; x_wconf 90' lang='grc' dir='ltr'>θάνα-</span> 
     </span>
    </p>
   </div>
   <div class='ocr_carea' id='block_1_54' title="bbox 385 4720 1955 4796">
    <p class='ocr_par' dir='ltr' id='par_1_54' title="bbox 385 4720 1955 4796">
     <span class='ocr_line' id='line_1_54' title="bbox 385 4720 1955 4796; baseline -0.003 -15"><span class='ocrx_word' id='word_1_411' title='bbox 385 4743 477 4781; x_wconf 87' lang='grc' dir='ltr'>τον</span> <span class='ocrx_word' id='word_1_412' title='bbox 503 4723 813 4796; x_wconf 89' lang='grc' dir='ltr'>(συμϐαίνει</span> <span class='ocrx_word' id='word_1_413' title='bbox 848 4723 905 4777; x_wconf 79' lang='grc' dir='ltr'>δέ</span> <span class='ocrx_word' id='word_1_414' title='bbox 931 4723 1209 4792; x_wconf 80' lang='grc' dir='ltr'>πολλάκις)</span> <span class='ocrx_word' id='word_1_415' title='bbox 1231 4762 1246 4787; x_wconf 90' lang='grc'>,</span> <span class='ocrx_word' id='word_1_416' title='bbox 1281 4720 1447 4785; x_wconf 83' lang='grc' dir='ltr'>πολὺς</span> <span class='ocrx_word' id='word_1_417' title='bbox 1468 4721 1660 4791; x_wconf 85' lang='grc' dir='ltr'>’ἐψεται</span> <span class='ocrx_word' id='word_1_418' title='bbox 1685 4722 1837 4793; x_wconf 89' lang='grc' dir='ltr'>παρά</span> <span class='ocrx_word' id='word_1_419' title='bbox 1865 4723 1955 4776; x_wconf 82' lang='grc' dir='ltr'>τοῦ</span> 
     </span>
    </p>
   </div>
   <div class='ocr_carea' id='block_1_55' title="bbox 385 4805 1954 4877">
    <p class='ocr_par' dir='ltr' id='par_1_55' title="bbox 385 4805 1954 4877">
     <span class='ocr_line' id='line_1_55' title="bbox 385 4805 1954 4877; baseline -0.002 -14"><span class='ocrx_word' id='word_1_420' title='bbox 385 4809 630 4863; x_wconf 88' lang='grc' dir='ltr'>διαϐόλου</span> <span class='ocrx_word' id='word_1_421' title='bbox 663 4807 863 4877; x_wconf 85' lang='grc' dir='ltr'>γέλως,</span> <span class='ocrx_word' id='word_1_422' title='bbox 888 4808 974 4860; x_wconf 79' lang='grc' dir='ltr'>ὅτι</span> <span class='ocrx_word' id='word_1_423' title='bbox 1011 4806 1142 4859; x_wconf 78' lang='grc' dir='ltr'>ὡσεὶ</span> <span class='ocrx_word' id='word_1_424' title='bbox 1173 4805 1366 4869; x_wconf 75' lang='grc' dir='ltr'>παῖδας</span> <span class='ocrx_word' id='word_1_425' title='bbox 1401 4806 1662 4877; x_wconf 83' lang='grc' dir='ltr'>ἀνοήτους</span> <span class='ocrx_word' id='word_1_426' title='bbox 1691 4806 1954 4874; x_wconf 77' lang='grc' dir='ltr'>διέπαιξε.</span> 
     </span>
    </p>
   </div>
   <div class='ocr_carea' id='block_1_56' title="bbox 456 4911 1958 4982">
    <p class='ocr_par' dir='ltr' id='par_1_56' title="bbox 456 4911 1958 4982">
     <span class='ocr_line' id='line_1_56' title="bbox 456 4911 1958 4982; baseline 0 -15"><span class='ocrx_word' id='word_1_427' title='bbox 456 4915 523 4968; x_wconf 90' lang='grc' dir='ltr'>Τί</span> <span class='ocrx_word' id='word_1_428' title='bbox 550 4912 615 4969; x_wconf 81' lang='grc' dir='ltr'>ἄν</span> <span class='ocrx_word' id='word_1_429' title='bbox 648 4930 731 4977; x_wconf 92' lang='grc' dir='ltr'>τις</span> <span class='ocrx_word' id='word_1_430' title='bbox 776 4912 919 4966; x_wconf 77' lang='grc' dir='ltr'>εἴποι</span> <span class='ocrx_word' id='word_1_431' title='bbox 959 4911 1030 4965; x_wconf 75' lang='grc' dir='ltr'>τά</span> <span class='ocrx_word' id='word_1_432' title='bbox 1074 4912 1352 4982; x_wconf 85' lang='grc' dir='ltr'>περίαπτα</span> <span class='ocrx_word' id='word_1_433' title='bbox 1396 4912 1491 4965; x_wconf 76' lang='grc' dir='ltr'>καὶ</span> <span class='ocrx_word' id='word_1_434' title='bbox 1532 4912 1661 4976; x_wconf 74' lang='grc' dir='ltr'>τοὺς</span> <span class='ocrx_word' id='word_1_435' title='bbox 1700 4911 1958 4978; x_wconf 86' lang='grc' dir='ltr'>κώδωνας</span> 
     </span>
    </p>
   </div>
   <div class='ocr_carea' id='block_1_57' title="bbox 385 4994 1956 5069">
    <p class='ocr_par' dir='ltr' id='par_1_57' title="bbox 385 4994 1956 5069">
     <span class='ocr_line' id='line_1_57' title="bbox 385 4994 1956 5069; baseline -0.001 -19"><span class='ocrx_word' id='word_1_436' title='bbox 385 4998 511 5061; x_wconf 72' lang='grc' dir='ltr'>τοὺς</span> <span class='ocrx_word' id='word_1_437' title='bbox 539 4998 642 5068; x_wconf 81' lang='grc' dir='ltr'>τῆς</span> <span class='ocrx_word' id='word_1_438' title='bbox 665 4997 848 5069; x_wconf 82' lang='grc' dir='ltr'>χειρὸς</span> <span class='ocrx_word' id='word_1_439' title='bbox 874 4995 1276 5067; x_wconf 74' lang='grc' dir='ltr'>ἐξηρτημένους</span> <span class='ocrx_word' id='word_1_440' title='bbox 1308 4994 1399 5048; x_wconf 74' lang='grc' dir='ltr'>καὶ</span> <span class='ocrx_word' id='word_1_441' title='bbox 1423 4994 1517 5047; x_wconf 82' lang='grc' dir='ltr'>τὸν</span> <span class='ocrx_word' id='word_1_442' title='bbox 1547 4994 1799 5049; x_wconf 81' lang='grc' dir='ltr'>κόκκινον</span> <span class='ocrx_word' id='word_1_443' title='bbox 1827 4998 1956 5069; x_wconf 83' lang='grc' dir='ltr'>στή-</span> 
     </span>
    </p>
   </div>
   <div class='ocr_carea' id='block_1_58' title="bbox 390 5076 1956 5149">
    <p class='ocr_par' dir='ltr' id='par_1_58' title="bbox 390 5076 1956 5149">
     <span class='ocr_line' id='line_1_58' title="bbox 390 5076 1956 5149; baseline 0.001 -17"><span class='ocrx_word' id='word_1_444' title='bbox 390 5096 548 5149; x_wconf 88' lang='grc' dir='ltr'>μονα,</span> <span class='ocrx_word' id='word_1_445' title='bbox 588 5084 682 5133; x_wconf 77' lang='grc' dir='ltr'>καὶ</span> <span class='ocrx_word' id='word_1_446' title='bbox 716 5081 786 5133; x_wconf 77' lang='grc' dir='ltr'>τά</span> <span class='ocrx_word' id='word_1_447' title='bbox 815 5078 950 5134; x_wconf 82' lang='grc' dir='ltr'>ἄλλα</span> <span class='ocrx_word' id='word_1_448' title='bbox 980 5079 1050 5133; x_wconf 84' lang='grc' dir='ltr'>τά</span> <span class='ocrx_word' id='word_1_449' title='bbox 1080 5077 1277 5146; x_wconf 84' lang='grc' dir='ltr'>πολλῆς</span> <span class='ocrx_word' id='word_1_450' title='bbox 1307 5077 1494 5140; x_wconf 87' lang='grc' dir='ltr'>ἀνοίας</span> <span class='ocrx_word' id='word_1_451' title='bbox 1520 5076 1763 5147; x_wconf 86' lang='grc' dir='ltr'>γέμοντα</span> <span class='ocrx_word' id='word_1_452' title='bbox 1781 5116 1799 5142; x_wconf 85' lang='grc'>,</span> <span class='ocrx_word' id='word_1_453' title='bbox 1837 5078 1956 5133; x_wconf 80' lang='grc' dir='ltr'>δέον</span> 
     </span>
    </p>
   </div>
   <div class='ocr_carea' id='block_1_59' title="bbox 390 5158 1954 5233">
    <p class='ocr_par' dir='ltr' id='par_1_59' title="bbox 390 5158 1954 5233">
     <span class='ocr_line' id='line_1_59' title="bbox 390 5158 1954 5233; baseline 0.002 -20"><span class='ocrx_word' id='word_1_454' title='bbox 390 5161 558 5232; x_wconf 84' lang='grc' dir='ltr'>μηδὲν</span> <span class='ocrx_word' id='word_1_455' title='bbox 599 5162 783 5231; x_wconf 75' lang='grc' dir='ltr'>ἕτερον</span> <span class='ocrx_word' id='word_1_456' title='bbox 820 5162 898 5233; x_wconf 85' lang='grc' dir='ltr'>τῷ</span> <span class='ocrx_word' id='word_1_457' title='bbox 926 5161 1078 5215; x_wconf 78' lang='grc' dir='ltr'>παιδὶ</span> <span class='ocrx_word' id='word_1_458' title='bbox 1119 5158 1479 5230; x_wconf 87' lang='grc' dir='ltr'>περιτιθέναι,</span> <span class='ocrx_word' id='word_1_459' title='bbox 1514 5158 1688 5230; x_wconf 80' lang='grc' dir='ltr'>ἀλλ’ἢ</span> <span class='ocrx_word' id='word_1_460' title='bbox 1717 5161 1816 5231; x_wconf 86' lang='grc' dir='ltr'>τὴν</span> <span class='ocrx_word' id='word_1_461' title='bbox 1844 5161 1954 5216; x_wconf 87' lang='grc' dir='ltr'>ἀπὸ</span> 
     </span>
    </p>
   </div>
   <div class='ocr_carea' id='block_1_60' title="bbox 386 5234 1955 5315">
    <p class='ocr_par' dir='ltr' id='par_1_60' title="bbox 386 5234 1955 5315">
     <span class='ocr_line' id='line_1_60' title="bbox 386 5234 1955 5315; baseline 0 -18"><span class='ocrx_word' id='word_1_462' title='bbox 386 5243 481 5297; x_wconf 87' lang='grc' dir='ltr'>τοῦ</span> <span class='ocrx_word' id='word_1_463' title='bbox 525 5245 758 5315; x_wconf 87' lang='grc' dir='ltr'>σταυροῦ</span> <span class='ocrx_word' id='word_1_464' title='bbox 812 5246 1085 5315; x_wconf 86' lang='grc' dir='ltr'>φυλακήν;</span> <span class='ocrx_word' id='word_1_465' title='bbox 1118 5244 1232 5297; x_wconf 87' lang='grc' dir='ltr'>Νῦν</span> <span class='ocrx_word' id='word_1_466' title='bbox 1270 5242 1329 5295; x_wconf 81' lang='grc' dir='ltr'>δέ</span> <span class='ocrx_word' id='word_1_467' title='bbox 1372 5234 1528 5305; x_wconf 70' lang='grc' dir='ltr'>οὗτος</span> <span class='ocrx_word' id='word_1_468' title='bbox 1578 5241 1677 5313; x_wconf 85' lang='grc' dir='ltr'>μὲν</span> <span class='ocrx_word' id='word_1_469' title='bbox 1713 5260 1955 5297; x_wconf 77' lang='grc' dir='ltr'>καταπε·</span> 
     </span>
    </p>
   </div>
   <div class='ocr_carea' id='block_1_61' title="bbox 386 5325 1954 5397">
    <p class='ocr_par' dir='ltr' id='par_1_61' title="bbox 386 5325 1954 5397">
     <span class='ocr_line' id='line_1_61' title="bbox 386 5325 1954 5397; baseline 0.003 -19"><span class='ocrx_word' id='word_1_470' title='bbox 386 5325 650 5397; x_wconf 85' lang='grc' dir='ltr'>φρόνηται</span> <span class='ocrx_word' id='word_1_471' title='bbox 681 5327 710 5379; x_wconf 88' lang='lat'>6</span> <span class='ocrx_word' id='word_1_472' title='bbox 750 5326 847 5397; x_wconf 82' lang='grc' dir='ltr'>τὴν</span> <span class='ocrx_word' id='word_1_473' title='bbox 874 5327 1196 5394; x_wconf 75' lang='grc' dir='ltr'>οἰκουμένην</span> <span class='ocrx_word' id='word_1_474' title='bbox 1229 5326 1561 5395; x_wconf 73' lang='grc' dir='ltr'>ἐπιστρέψας</span> <span class='ocrx_word' id='word_1_475' title='bbox 1590 5325 1825 5391; x_wconf 77' lang='grc' dir='ltr'>ἃπασαν,</span> <span class='ocrx_word' id='word_1_476' title='bbox 1858 5329 1954 5382; x_wconf 68' lang='grc' dir='ltr'>καὶ⁵</span> 
     </span>
    </p>
   </div>
   <div class='ocr_carea' id='block_1_62' title="bbox 385 5407 1946 5483">
    <p class='ocr_par' dir='ltr' id='par_1_62' title="bbox 385 5407 1946 5483">
     <span class='ocr_line' id='line_1_62' title="bbox 385 5407 1946 5483; baseline 0.001 -22"><span class='ocrx_word' id='word_1_477' title='bbox 385 5409 626 5481; x_wconf 82' lang='grc' dir='ltr'>χαλεπὴν</span> <span class='ocrx_word' id='word_1_478' title='bbox 654 5408 777 5473; x_wconf 75' lang='grc' dir='ltr'>δοὺς</span> <span class='ocrx_word' id='word_1_479' title='bbox 808 5408 886 5483; x_wconf 70' lang='grc' dir='ltr'>τῷ</span> <span class='ocrx_word' id='word_1_480' title='bbox 910 5409 1141 5478; x_wconf 86' lang='grc' dir='ltr'>διαϐόλῳ</span> <span class='ocrx_word' id='word_1_481' title='bbox 1170 5407 1401 5478; x_wconf 83' lang='grc' dir='ltr'>πληγὴν,</span> <span class='ocrx_word' id='word_1_482' title='bbox 1434 5409 1526 5460; x_wconf 79' lang='grc' dir='ltr'>καὶ</span> <span class='ocrx_word' id='word_1_483' title='bbox 1565 5410 1745 5462; x_wconf 76' lang='grc' dir='ltr'>πᾶσαν</span> <span class='ocrx_word' id='word_1_484' title='bbox 1782 5411 1946 5463; x_wconf 81' lang='grc' dir='ltr'>αὐτοῦ</span> 
     </span>
    </p>
   </div>
   <div class='ocr_carea' id='block_1_63' title="bbox 385 5489 1951 5565">
    <p class='ocr_par' dir='ltr' id='par_1_63' title="bbox 385 5489 1951 5565">
     <span class='ocr_line' id='line_1_63' title="bbox 385 5489 1951 5565; baseline 0.001 -19"><span class='ocrx_word' id='word_1_485' title='bbox 385 5491 764 5565; x_wconf 68' lang='grc' dir='ltr'>καταστρέψας</span> <span class='ocrx_word' id='word_1_486' title='bbox 788 5489 887 5563; x_wconf 78' lang='grc' dir='ltr'>τὴν</span> <span class='ocrx_word' id='word_1_487' title='bbox 918 5489 1144 5560; x_wconf 84' lang='grc' dir='ltr'>δύναμιν</span> <span class='ocrx_word' id='word_1_488' title='bbox 1164 5507 1176 5517; x_wconf 88' lang='grc'><strong>·</strong></span> <span class='ocrx_word' id='word_1_489' title='bbox 1205 5490 1378 5560; x_wconf 80' lang='grc' dir='ltr'>κρόκη</span> <span class='ocrx_word' id='word_1_490' title='bbox 1398 5490 1455 5542; x_wconf 86' lang='grc' dir='ltr'>δέ</span> <span class='ocrx_word' id='word_1_491' title='bbox 1491 5491 1584 5543; x_wconf 69' lang='grc' dir='ltr'>καὶ</span> <span class='ocrx_word' id='word_1_492' title='bbox 1610 5495 1829 5563; x_wconf 80' lang='grc' dir='ltr'>στήμων</span> <span class='ocrx_word' id='word_1_493' title='bbox 1856 5494 1951 5547; x_wconf 63' lang='grc' dir='ltr'>καὶ⁵</span> 
     </span>
    </p>
   </div>
   <div class='ocr_carea' id='block_1_64' title="bbox 446 5635 1951 5706">
    <p class='ocr_par' dir='ltr' id='par_1_64' title="bbox 446 5635 1951 5706">
     <span class='ocr_line' id='line_1_64' title="bbox 446 5635 1951 5706; baseline -0.009 -14"><span class='ocrx_word' id='word_1_494' title='bbox 446 5642 473 5671; x_wconf 82' lang='grc'><strong>⁸</strong></span> <span class='ocrx_word' id='word_1_495' title='bbox 508 5640 767 5706; x_wconf 61' lang='grc' dir='ltr'>ιεθιζθαιω·</span> <span class='ocrx_word' id='word_1_496' title='bbox 796 5640 944 5706; x_wconf 76' lang='grc' dir='ltr'>τῇςέ.</span> <span class='ocrx_word' id='word_1_497' title='bbox 967 5635 1293 5706; x_wconf 64' lang='grc' dir='ltr'>προτείνουσαι</span> <span class='ocrx_word' id='word_1_498' title='bbox 1316 5636 1568 5706; x_wconf 57' lang='grc' dir='ltr'>σωτηρίας.</span> <span class='ocrx_word' id='word_1_499' title='bbox 1636 5638 1665 5706; x_wconf 59' lang='lat'>13</span> <span class='ocrx_word' id='word_1_500' title='bbox 1696 5640 1813 5706; x_wconf 75' lang='lat' dir='ltr'>Pos_[</span> <span class='ocrx_word' id='word_1_501' title='bbox 1833 5642 1951 5689; x_wconf 77' lang='grc' dir='ltr'>ἀκο.</span> 
     </span>
    </p>
   </div>
   <div class='ocr_carea' id='block_1_65' title="bbox 386 5698 1960 5773">
    <p class='ocr_par' dir='ltr' id='par_1_65' title="bbox 386 5698 1960 5773">
     <span class='ocr_line' id='line_1_65' title="bbox 386 5698 1960 5773; baseline 0.002 -25"><span class='ocrx_word' id='word_1_502' title='bbox 386 5698 739 5773; x_wconf 30' lang='grc' dir='ltr'>ΑάστωνῖίξΘς.</span> <span class='ocrx_word' id='word_1_503' title='bbox 786 5702 912 5772; x_wconf 69' lang='lat' dir='ltr'>agdn</span> <span class='ocrx_word' id='word_1_504' title='bbox 953 5701 1176 5773; x_wconf 66' lang='grc' dir='ltr'>αξσχρῶς.</span> <span class='ocrx_word' id='word_1_505' title='bbox 1239 5700 1285 5767; x_wconf 76' lang='lat'>_°</span> <span class='ocrx_word' id='word_1_506' title='bbox 1319 5698 1482 5773; x_wconf 35' lang='grc' dir='ltr'>Βρβη,</span> <span class='ocrx_word' id='word_1_507' title='bbox 1509 5698 1591 5744; x_wconf 82' lang='grc' dir='ltr'>τὸν</span> <span class='ocrx_word' id='word_1_508' title='bbox 1635 5700 1960 5773; x_wconf 67' lang='grc' dir='ltr'>διαρκέσαντα</span> 
     </span>
    </p>
   </div>
   <div class='ocr_carea' id='block_1_66' title="bbox 385 5758 1945 5860">
    <p class='ocr_par' dir='ltr' id='par_1_66' title="bbox 385 5758 1945 5860">
     <span class='ocr_line' id='line_1_66' title="bbox 385 5758 1945 5860; baseline -0.001 -51"><span class='ocrx_word' id='word_1_509' title='bbox 385 5764 521 5860; x_wconf 62' lang='grc' dir='ltr'>μέχρι</span> <span class='ocrx_word' id='word_1_510' title='bbox 545 5758 722 5812; x_wconf 77' lang='grc' dir='ltr'>πολλοῦ</span> <span class='ocrx_word' id='word_1_511' title='bbox 766 5762 853 5811; x_wconf 86' lang='grc' dir='ltr'>τοῦ</span> <span class='ocrx_word' id='word_1_512' title='bbox 894 5758 1085 5809; x_wconf 80' lang='grc' dir='ltr'>παιδίοῦ</span> <span class='ocrx_word' id='word_1_513' title='bbox 1127 5758 1345 5831; x_wconf 71' lang='grc' dir='ltr'>ποιοῦσιν</span> <span class='ocrx_word' id='word_1_514' title='bbox 1389 5758 1657 5831; x_wconf 42' lang='grc' dir='ltr'>ὁμώνυμον..</span> <span class='ocrx_word' id='word_1_515' title='bbox 1694 5758 1945 5813; x_wconf 76' lang='lat' dir='ltr'><strong>Editorum</strong></span> 
     </span>
     <span class='ocr_line' id='line_1_67' title="bbox 404 5822 1724 5860; baseline 0 0"><span class='ocrx_word' id='word_1_516' title='bbox 404 5831 534 5860; x_wconf 67' lang='grc' dir='ltr'>ιιι-11η</span> <span class='ocrx_word' id='word_1_517' title='bbox 554 5837 696 5860; x_wconf 71' lang='lat' dir='ltr'><strong>mum</strong></span> <span class='ocrx_word' id='word_1_518' title='bbox 720 5827 985 5860; x_wconf 60' lang='lat' dir='ltr'>umuimur,</span> <span class='ocrx_word' id='word_1_519' title='bbox 1013 5822 1233 5860; x_wconf 70' lang='lat' dir='ltr'><strong>andtem</strong></span> <span class='ocrx_word' id='word_1_520' title='bbox 1259 5822 1404 5860; x_wconf 76' lang='lat' dir='ltr'>mlnrl</span> <span class='ocrx_word' id='word_1_521' title='bbox 1422 5825 1724 5860; x_wconf 67' lang='lat' dir='ltr'>Senlmllmm</span> 
     </span>
    </p>
   </div>
   <div class='ocr_carea' id='block_1_67' title="bbox 404 5821 1744 5888">
    <p class='ocr_par' dir='ltr' id='par_1_67' title="bbox 404 5821 1744 5888">
     <span class='ocr_line' id='line_1_68' title="bbox 404 5821 1744 5888; baseline 0.001 -18"><span class='ocrx_word' id='word_1_522' title='bbox 404 5824 534 5874; x_wconf 61' lang='lat' dir='ltr'><strong>cutio</strong></span> <span class='ocrx_word' id='word_1_523' title='bbox 554 5837 697 5888; x_wconf 80' lang='lat' dir='ltr'><strong>quam</strong></span> <span class='ocrx_word' id='word_1_524' title='bbox 720 5827 989 5888; x_wconf 78' lang='lat' dir='ltr'>sequimur,</span> <span class='ocrx_word' id='word_1_525' title='bbox 1013 5822 1236 5871; x_wconf 81' lang='lat' dir='ltr'>eamdem</span> <span class='ocrx_word' id='word_1_526' title='bbox 1259 5821 1404 5869; x_wconf 76' lang='lat' dir='ltr'>eu&#39;crt</span> <span class='ocrx_word' id='word_1_527' title='bbox 1422 5822 1744 5872; x_wconf 76' lang='lat' dir='ltr'>scnlculiam.</span> 
     </span>
    </p>
   </div>
   <div class='ocr_carea' id='block_1_68' title="bbox 1040 246 2924 310">
    <p class='ocr_par' dir='ltr' id='par_1_68' title="bbox 1040 246 2924 310">
     <span class='ocr_line' id='line_1_69' title="bbox 1040 246 2924 310; baseline -0.001 -2"><span class='ocrx_word' id='word_1_528' title='bbox 1040 253 1097 308; x_wconf 92' lang='lat' dir='ltr'>S.</span> <span class='ocrx_word' id='word_1_529' title='bbox 1137 253 1422 310; x_wconf 77' lang='lat' dir='ltr'>JOANNIS</span> <span class='ocrx_word' id='word_1_530' title='bbox 1460 248 1957 308; x_wconf 77' lang='lat' dir='ltr'>CHRYSOSTOMI</span> <span class='ocrx_word' id='word_1_531' title='bbox 1994 246 2326 304; x_wconf 80' lang='lat' dir='ltr'>ARCHIEP.</span> <span class='ocrx_word' id='word_1_532' title='bbox 2366 248 2924 307; x_wconf 81' lang='lat' dir='ltr'>CONSTANTINOP.</span> 
     </span>
    </p>
   </div>
   <div class='ocr_carea' id='block_1_69' title="bbox 3549 255 3653 311">
    <p class='ocr_par' dir='ltr' id='par_1_69' title="bbox 3549 255 3653 311">
     <span class='ocr_line' id='line_1_70' title="bbox 3549 255 3653 311; baseline 0.048 -5"><span class='ocrx_word' id='word_1_533' title='bbox 3549 255 3653 311; x_wconf 69' lang='grc'>106</span> 
     </span>
    </p>
   </div>
   <div class='ocr_carea' id='block_1_70' title="bbox 2077 363 3656 437">
    <p class='ocr_par' dir='ltr' id='par_1_70' title="bbox 2077 363 3656 437">
     <span class='ocr_line' id='line_1_71' title="bbox 2077 363 3656 437; baseline 0.003 -22"><span class='ocrx_word' id='word_1_534' title='bbox 2077 363 2147 416; x_wconf 78' lang='grc' dir='ltr'>τὰ</span> <span class='ocrx_word' id='word_1_535' title='bbox 2202 363 2336 417; x_wconf 82' lang='grc' dir='ltr'>ἄλλα</span> <span class='ocrx_word' id='word_1_536' title='bbox 2383 366 2738 436; x_wconf 79' lang='grc' dir='ltr'>περιάμματα</span> <span class='ocrx_word' id='word_1_537' title='bbox 2781 367 2847 421; x_wconf 75' lang='grc' dir='ltr'>τά</span> <span class='ocrx_word' id='word_1_538' title='bbox 2893 364 3117 420; x_wconf 82' lang='grc' dir='ltr'>τοιαῦτα</span> <span class='ocrx_word' id='word_1_539' title='bbox 3154 365 3248 420; x_wconf 86' lang='grc' dir='ltr'>τοῦ</span> <span class='ocrx_word' id='word_1_540' title='bbox 3298 367 3515 420; x_wconf 85' lang='grc' dir='ltr'>παιδίου</span> <span class='ocrx_word' id='word_1_541' title='bbox 3555 371 3656 437; x_wconf 84' lang='grc' dir='ltr'>ἐμ-</span> 
     </span>
    </p>
   </div>
   <div class='ocr_carea' id='block_1_71' title="bbox 2079 449 3656 520">
    <p class='ocr_par' dir='ltr' id='par_1_71' title="bbox 2079 449 3656 520">
     <span class='ocr_line' id='line_1_72' title="bbox 2079 449 3656 520; baseline 0.003 -22"><span class='ocrx_word' id='word_1_542' title='bbox 2079 449 2422 502; x_wconf 83' lang='grc' dir='ltr'>πιστεύονται</span> <span class='ocrx_word' id='word_1_543' title='bbox 2453 452 2552 519; x_wconf 79' lang='grc' dir='ltr'>τὴν</span> <span class='ocrx_word' id='word_1_544' title='bbox 2579 452 2899 520; x_wconf 84' lang='grc' dir='ltr'>ἀσφάλειαν.</span> <span class='ocrx_word' id='word_1_545' title='bbox 2934 450 3085 502; x_wconf 72' lang='grc' dir='ltr'>Εἴπω</span> <span class='ocrx_word' id='word_1_546' title='bbox 3123 467 3176 502; x_wconf 85' lang='grc' dir='ltr'>τι</span> <span class='ocrx_word' id='word_1_547' title='bbox 3201 450 3393 502; x_wconf 89' lang='grc' dir='ltr'>τούτου</span> <span class='ocrx_word' id='word_1_548' title='bbox 3419 466 3656 516; x_wconf 76' lang='grc' dir='ltr'>καταγε-</span> 
     </span>
    </p>
   </div>
   <div class='ocr_carea' id='block_1_72' title="bbox 2083 526 3656 604">
    <p class='ocr_par' dir='ltr' id='par_1_72' title="bbox 2083 526 3656 604">
     <span class='ocr_line' id='line_1_73' title="bbox 2083 526 3656 604; baseline 0.002 -26"><span class='ocrx_word' id='word_1_549' title='bbox 2083 526 2403 601; x_wconf 83' lang='grc' dir='ltr'>λαστότερον</span> <span class='ocrx_word' id='word_1_550' title='bbox 2451 532 2669 603; x_wconf 71' lang='grc' dir='ltr'>ἕτερον;</span> <span class='ocrx_word' id='word_1_551' title='bbox 2729 534 2888 586; x_wconf 84' lang='grc' dir='ltr'>Ἀλλά</span> <span class='ocrx_word' id='word_1_552' title='bbox 2941 533 3128 604; x_wconf 79' lang='grc' dir='ltr'>μηδεὶς</span> <span class='ocrx_word' id='word_1_553' title='bbox 3178 531 3435 603; x_wconf 85' lang='grc' dir='ltr'>ἀκαιρίαν</span> <span class='ocrx_word' id='word_1_554' title='bbox 3495 532 3656 601; x_wconf 81' lang='grc' dir='ltr'>ήμῶν</span> 
     </span>
    </p>
   </div>
   <div class='ocr_carea' id='block_1_73' title="bbox 2078 614 3658 687">
    <p class='ocr_par' dir='ltr' id='par_1_73' title="bbox 2078 614 3658 687">
     <span class='ocr_line' id='line_1_74' title="bbox 2078 614 3658 687; baseline 0.003 -24"><span class='ocrx_word' id='word_1_555' title='bbox 2078 614 2573 681; x_wconf 86' lang='grc' dir='ltr'>καταγινωσκέτω,</span> <span class='ocrx_word' id='word_1_556' title='bbox 2615 618 2664 669; x_wconf 89' lang='grc' dir='ltr'>εί</span> <span class='ocrx_word' id='word_1_557' title='bbox 2715 616 2812 669; x_wconf 74' lang='grc' dir='ltr'>καὶ</span> <span class='ocrx_word' id='word_1_558' title='bbox 2864 615 3025 687; x_wconf 85' lang='grc' dir='ltr'>μέχρι</span> <span class='ocrx_word' id='word_1_559' title='bbox 3072 615 3276 668; x_wconf 87' lang='grc' dir='ltr'>τούτων</span> <span class='ocrx_word' id='word_1_560' title='bbox 3326 615 3575 686; x_wconf 88' lang='grc' dir='ltr'>πρόεισιν</span> <span class='ocrx_word' id='word_1_561' title='bbox 3624 614 3658 668; x_wconf 82' lang='lat'>6</span> 
     </span>
    </p>
   </div>
   <div class='ocr_carea' id='block_1_74' title="bbox 2079 692 3655 770">
    <p class='ocr_par' dir='ltr' id='par_1_74' title="bbox 2079 692 3655 770">
     <span class='ocr_line' id='line_1_75' title="bbox 2079 692 3655 770; baseline 0.003 -26"><span class='ocrx_word' id='word_1_562' title='bbox 2079 692 2257 762; x_wconf 85' lang='grc' dir='ltr'>λόγος.</span> <span class='ocrx_word' id='word_1_563' title='bbox 2307 696 2364 750; x_wconf 89' lang='lat'><strong>&#39;0</strong></span> <span class='ocrx_word' id='word_1_564' title='bbox 2402 701 2510 768; x_wconf 74' lang='grc' dir='ltr'>γάρ</span> <span class='ocrx_word' id='word_1_565' title='bbox 2534 699 2633 767; x_wconf 83' lang='grc' dir='ltr'>τὴν</span> <span class='ocrx_word' id='word_1_566' title='bbox 2656 699 2924 768; x_wconf 73' lang='grc' dir='ltr'>σηπεδόνα</span> <span class='ocrx_word' id='word_1_567' title='bbox 2951 697 3190 770; x_wconf 82' lang='grc' dir='ltr'>καθᾶραι</span> <span class='ocrx_word' id='word_1_568' title='bbox 3214 697 3559 766; x_wconf 88' lang='grc' dir='ltr'>βουλόμενος,</span> <span class='ocrx_word' id='word_1_569' title='bbox 3589 696 3655 749; x_wconf 79' lang='grc' dir='ltr'>οὐ</span> 
     </span>
    </p>
   </div>
   <div class='ocr_carea' id='block_1_75' title="bbox 2084 778 3652 851">
    <p class='ocr_par' dir='ltr' id='par_1_75' title="bbox 2084 778 3652 851">
     <span class='ocr_line' id='line_1_76' title="bbox 2084 778 3652 851; baseline 0.004 -23"><span class='ocrx_word' id='word_1_570' title='bbox 2084 778 2476 849; x_wconf 80' lang='grc' dir='ltr'>παραιτήσεται</span> <span class='ocrx_word' id='word_1_571' title='bbox 2514 781 2786 851; x_wconf 82' lang='grc' dir='ltr'>προτέρας</span> <span class='ocrx_word' id='word_1_572' title='bbox 2814 781 2912 845; x_wconf 85' lang='grc' dir='ltr'>τὰς</span> <span class='ocrx_word' id='word_1_573' title='bbox 2946 780 3139 836; x_wconf 86' lang='grc' dir='ltr'>ἐαυτοῦ</span> <span class='ocrx_word' id='word_1_574' title='bbox 3183 779 3409 851; x_wconf 86' lang='grc' dir='ltr'>μολῦναι</span> <span class='ocrx_word' id='word_1_575' title='bbox 3439 782 3652 850; x_wconf 84' lang='grc' dir='ltr'>χεῖρας.</span> 
     </span>
    </p>
   </div>
   <div class='ocr_carea' id='block_1_76' title="bbox 2079 859 3654 932">
    <p class='ocr_par' dir='ltr' id='par_1_76' title="bbox 2079 859 3654 932">
     <span class='ocr_line' id='line_1_77' title="bbox 2079 859 3654 932; baseline 0.004 -23"><span class='ocrx_word' id='word_1_576' title='bbox 2079 859 2142 910; x_wconf 82' lang='grc' dir='ltr'>Τί</span> <span class='ocrx_word' id='word_1_577' title='bbox 2164 860 2349 930; x_wconf 72' lang='grc' dir='ltr'>δήποτ’</span> <span class='ocrx_word' id='word_1_578' title='bbox 2374 859 2468 915; x_wconf 76' lang='grc' dir='ltr'>οὖν</span> <span class='ocrx_word' id='word_1_579' title='bbox 2489 863 2647 917; x_wconf 87' lang='grc' dir='ltr'>τοῦτό</span> <span class='ocrx_word' id='word_1_580' title='bbox 2676 867 2791 917; x_wconf 91' lang='grc' dir='ltr'>ἐστι</span> <span class='ocrx_word' id='word_1_581' title='bbox 2815 864 2874 917; x_wconf 88' lang='lat'>16</span> <span class='ocrx_word' id='word_1_582' title='bbox 2911 864 3314 932; x_wconf 76' lang='grc' dir='ltr'>καταγέλαστον</span> <span class='ocrx_word' id='word_1_583' title='bbox 3350 880 3365 927; x_wconf 92' lang='grc'>;</span> <span class='ocrx_word' id='word_1_584' title='bbox 3418 864 3486 915; x_wconf 84' lang='grc' dir='ltr'><em>Ὃ</em></span> <span class='ocrx_word' id='word_1_585' title='bbox 3542 879 3654 931; x_wconf 80' lang='grc' dir='ltr'>μη-</span> 
     </span>
    </p>
   </div>
   <div class='ocr_carea' id='block_1_77' title="bbox 2078 940 3653 1020">
    <p class='ocr_par' dir='ltr' id='par_1_77' title="bbox 2078 940 3653 1020">
     <span class='ocr_line' id='line_1_78' title="bbox 2078 940 3653 1020; baseline 0.006 -26"><span class='ocrx_word' id='word_1_586' title='bbox 2078 940 2167 994; x_wconf 86' lang='grc' dir='ltr'>δὲν</span> <span class='ocrx_word' id='word_1_587' title='bbox 2199 944 2297 1013; x_wconf 83' lang='grc' dir='ltr'>μὲν</span> <span class='ocrx_word' id='word_1_588' title='bbox 2336 941 2476 999; x_wconf 72' lang='grc' dir='ltr'>εἰναι</span> <span class='ocrx_word' id='word_1_589' title='bbox 2516 947 2664 1000; x_wconf 84' lang='grc' dir='ltr'>δοκεῖ</span> <span class='ocrx_word' id='word_1_590' title='bbox 2704 947 2811 1020; x_wconf 76' lang='grc' dir='ltr'>(διὰ</span> <span class='ocrx_word' id='word_1_591' title='bbox 2845 949 2954 1019; x_wconf 76' lang='grc' dir='ltr'>γὰρ</span> <span class='ocrx_word' id='word_1_592' title='bbox 2982 948 3142 1001; x_wconf 89' lang='grc' dir='ltr'>τοῦτο</span> <span class='ocrx_word' id='word_1_593' title='bbox 3173 946 3389 1015; x_wconf 82' lang='grc' dir='ltr'>στένω),</span> <span class='ocrx_word' id='word_1_594' title='bbox 3413 944 3555 1017; x_wconf 81' lang='grc' dir='ltr'>ἀρχὴ</span> <span class='ocrx_word' id='word_1_595' title='bbox 3594 943 3653 996; x_wconf 78' lang='grc' dir='ltr'>δέ</span> 
     </span>
    </p>
   </div>
   <div class='ocr_carea' id='block_1_78' title="bbox 2078 1026 3656 1107">
    <p class='ocr_par' dir='ltr' id='par_1_78' title="bbox 2078 1026 3656 1107">
     <span class='ocr_line' id='line_1_79' title="bbox 2078 1026 3656 1107; baseline 0.006 -24"><span class='ocrx_word' id='word_1_596' title='bbox 2078 1031 2194 1084; x_wconf 88' lang='grc' dir='ltr'>ἐστι</span> <span class='ocrx_word' id='word_1_597' title='bbox 2211 1035 2635 1105; x_wconf 88' lang='grc' dir='ltr'>παραφροσύνης</span> <span class='ocrx_word' id='word_1_598' title='bbox 2650 1037 2744 1089; x_wconf 73' lang='grc' dir='ltr'>καὶ</span> <span class='ocrx_word' id='word_1_599' title='bbox 2759 1037 3061 1107; x_wconf 86' lang='grc' dir='ltr'>παρανοίας</span> <span class='ocrx_word' id='word_1_600' title='bbox 3082 1036 3315 1107; x_wconf 80' lang='grc' dir='ltr'>ἐσχάτης</span> <span class='ocrx_word' id='word_1_601' title='bbox 3328 1033 3353 1073; x_wconf 73' lang='grc' dir='ltr'><em>ά</em></span> <span class='ocrx_word' id='word_1_602' title='bbox 3364 1026 3656 1105; x_wconf 80' lang='grc' dir='ltr'>,Βόρϐορον</span> 
     </span>
    </p>
   </div>
   <div class='ocr_carea' id='block_1_79' title="bbox 2078 1114 3656 1190">
    <p class='ocr_par' dir='ltr' id='par_1_79' title="bbox 2078 1114 3656 1190">
     <span class='ocr_line' id='line_1_80' title="bbox 2078 1114 3656 1190; baseline -0.002 -21"><span class='ocrx_word' id='word_1_603' title='bbox 2078 1114 2134 1166; x_wconf 86' lang='grc' dir='ltr'>αἱ</span> <span class='ocrx_word' id='word_1_604' title='bbox 2167 1118 2424 1183; x_wconf 87' lang='grc' dir='ltr'>γυναῖκες</span> <span class='ocrx_word' id='word_1_605' title='bbox 2455 1119 2512 1171; x_wconf 89' lang='grc' dir='ltr'>ἐν</span> <span class='ocrx_word' id='word_1_606' title='bbox 2540 1119 2617 1189; x_wconf 79' lang='grc' dir='ltr'>τῷ</span> <span class='ocrx_word' id='word_1_607' title='bbox 2649 1118 2916 1190; x_wconf 73' lang='grc' dir='ltr'>βαλανείῳ</span> <span class='ocrx_word' id='word_1_608' title='bbox 2936 1119 3309 1188; x_wconf 88' lang='grc' dir='ltr'>λαμϐάνουσαι</span> <span class='ocrx_word' id='word_1_609' title='bbox 3344 1118 3535 1188; x_wconf 72' lang='grc' dir='ltr'>τροφοὶ</span> <span class='ocrx_word' id='word_1_610' title='bbox 3556 1114 3656 1168; x_wconf 79' lang='grc' dir='ltr'>καὶ</span> 
     </span>
    </p>
   </div>
   <div class='ocr_carea' id='block_1_80' title="bbox 2078 1195 3651 1272">
    <p class='ocr_par' dir='ltr' id='par_1_80' title="bbox 2078 1195 3651 1272">
     <span class='ocr_line' id='line_1_81' title="bbox 2078 1195 3651 1272; baseline 0 -22"><span class='ocrx_word' id='word_1_611' title='bbox 2078 1195 2488 1267; x_wconf 81' lang='grc' dir='ltr'>θεραπαινίδες,</span> <span class='ocrx_word' id='word_1_612' title='bbox 2517 1205 2612 1254; x_wconf 76' lang='grc' dir='ltr'>καὶ</span> <span class='ocrx_word' id='word_1_613' title='bbox 2643 1201 2719 1271; x_wconf 80' lang='grc' dir='ltr'>τῷ</span> <span class='ocrx_word' id='word_1_614' title='bbox 2753 1202 3000 1270; x_wconf 83' lang='grc' dir='ltr'>δακτύλῳ</span> <span class='ocrx_word' id='word_1_615' title='bbox 3039 1202 3322 1272; x_wconf 83' lang='grc' dir='ltr'>χρίσασαι,</span> <span class='ocrx_word' id='word_1_616' title='bbox 3369 1199 3512 1253; x_wconf 85' lang='grc' dir='ltr'>κατά</span> <span class='ocrx_word' id='word_1_617' title='bbox 3555 1198 3651 1250; x_wconf 80' lang='grc' dir='ltr'>τοῦ</span> 
     </span>
    </p>
   </div>
   <div class='ocr_carea' id='block_1_81' title="bbox 2080 1281 3654 1355">
    <p class='ocr_par' dir='ltr' id='par_1_81' title="bbox 2080 1281 3654 1355">
     <span class='ocr_line' id='line_1_82' title="bbox 2080 1281 3654 1355; baseline 0.001 -22"><span class='ocrx_word' id='word_1_618' title='bbox 2080 1281 2333 1351; x_wconf 88' lang='grc' dir='ltr'>μετώπου</span> <span class='ocrx_word' id='word_1_619' title='bbox 2367 1285 2599 1338; x_wconf 87' lang='grc' dir='ltr'>τυποῦσι</span> <span class='ocrx_word' id='word_1_620' title='bbox 2638 1286 2731 1339; x_wconf 88' lang='grc' dir='ltr'>τοῦ</span> <span class='ocrx_word' id='word_1_621' title='bbox 2780 1288 3014 1339; x_wconf 87' lang='grc' dir='ltr'>παιδίου·</span> <span class='ocrx_word' id='word_1_622' title='bbox 3068 1287 3169 1338; x_wconf 82' lang='grc' dir='ltr'>κᾶν</span> <span class='ocrx_word' id='word_1_623' title='bbox 3196 1285 3391 1355; x_wconf 81' lang='grc' dir='ltr'>ἔρηταί</span> <span class='ocrx_word' id='word_1_624' title='bbox 3437 1300 3543 1349; x_wconf 86' lang='grc' dir='ltr'>τις,</span> <span class='ocrx_word' id='word_1_625' title='bbox 3584 1282 3654 1336; x_wconf 85' lang='grc' dir='ltr'>Τί</span> 
     </span>
    </p>
   </div>
   <div class='ocr_carea' id='block_1_82' title="bbox 2078 1364 3652 1441">
    <p class='ocr_par' dir='ltr' id='par_1_82' title="bbox 2078 1364 3652 1441">
     <span class='ocr_line' id='line_1_83' title="bbox 2078 1364 3652 1441; baseline 0 -24"><span class='ocrx_word' id='word_1_626' title='bbox 2078 1365 2325 1435; x_wconf 84' lang='grc' dir='ltr'>βούλεται</span> <span class='ocrx_word' id='word_1_627' title='bbox 2344 1368 2371 1419; x_wconf 89' lang='lat'>6</span> <span class='ocrx_word' id='word_1_628' title='bbox 2388 1368 2666 1441; x_wconf 83' lang='grc' dir='ltr'>βόρϐορος,</span> <span class='ocrx_word' id='word_1_629' title='bbox 2689 1371 2740 1423; x_wconf 86' lang='grc' dir='ltr'>τί</span> <span class='ocrx_word' id='word_1_630' title='bbox 2759 1370 2813 1423; x_wconf 79' lang='grc' dir='ltr'>δέ</span> <span class='ocrx_word' id='word_1_631' title='bbox 2831 1373 2858 1422; x_wconf 88' lang='grc' dir='ltr'>ὁ</span> <span class='ocrx_word' id='word_1_632' title='bbox 2875 1370 3044 1440; x_wconf 79' lang='grc' dir='ltr'>πηλός</span> <span class='ocrx_word' id='word_1_633' title='bbox 3058 1386 3072 1436; x_wconf 88' lang='lat'>;</span> <span class='ocrx_word' id='word_1_634' title='bbox 3086 1364 3393 1438; x_wconf 78' lang='grc' dir='ltr'>Ὀφθαλμὸν</span> <span class='ocrx_word' id='word_1_635' title='bbox 3414 1366 3652 1438; x_wconf 83' lang='grc' dir='ltr'>πονηρὸν</span> 
     </span>
    </p>
   </div>
   <div class='ocr_carea' id='block_1_83' title="bbox 2076 1448 3650 1522">
    <p class='ocr_par' dir='ltr' id='par_1_83' title="bbox 2076 1448 3650 1522">
     <span class='ocr_line' id='line_1_84' title="bbox 2076 1448 3650 1522; baseline 0.002 -22"><span class='ocrx_word' id='word_1_636' title='bbox 2076 1451 2431 1519; x_wconf 80' lang='grc' dir='ltr'>ἀποστρέφει,</span> <span class='ocrx_word' id='word_1_637' title='bbox 2464 1453 2616 1522; x_wconf 77' lang='grc' dir='ltr'>φησὶ,</span> <span class='ocrx_word' id='word_1_638' title='bbox 2646 1456 2738 1506; x_wconf 76' lang='grc' dir='ltr'>καὶ</span> <span class='ocrx_word' id='word_1_639' title='bbox 2765 1452 3065 1520; x_wconf 82' lang='grc' dir='ltr'>βασκανίαν</span> <span class='ocrx_word' id='word_1_640' title='bbox 3096 1453 3189 1504; x_wconf 79' lang='grc' dir='ltr'>καὶ</span> <span class='ocrx_word' id='word_1_641' title='bbox 3217 1451 3431 1520; x_wconf 86' lang='grc' dir='ltr'>φθόνον.</span> <span class='ocrx_word' id='word_1_642' title='bbox 3474 1448 3650 1503; x_wconf 80' lang='grc' dir='ltr'>Βαϐαὶ</span> 
     </span>
    </p>
   </div>
   <div class='ocr_carea' id='block_1_84' title="bbox 2074 1531 3651 1606">
    <p class='ocr_par' dir='ltr' id='par_1_84' title="bbox 2074 1531 3651 1606">
     <span class='ocr_line' id='line_1_85' title="bbox 2074 1531 3651 1606; baseline 0.002 -24"><span class='ocrx_word' id='word_1_643' title='bbox 2074 1531 2174 1600; x_wconf 81' lang='grc' dir='ltr'>τῆς</span> <span class='ocrx_word' id='word_1_644' title='bbox 2209 1532 2391 1602; x_wconf 82' lang='grc' dir='ltr'>ίσχύος</span> <span class='ocrx_word' id='word_1_645' title='bbox 2430 1534 2526 1586; x_wconf 84' lang='grc' dir='ltr'>τοῦ</span> <span class='ocrx_word' id='word_1_646' title='bbox 2579 1535 2840 1606; x_wconf 85' lang='grc' dir='ltr'>βορϐόρου</span> <span class='ocrx_word' id='word_1_647' title='bbox 2878 1537 2967 1587; x_wconf 82' lang='grc' dir='ltr'>καί</span> <span class='ocrx_word' id='word_1_648' title='bbox 2999 1536 3095 1605; x_wconf 83' lang='grc' dir='ltr'>τῆς</span> <span class='ocrx_word' id='word_1_649' title='bbox 3143 1534 3237 1587; x_wconf 84' lang='grc' dir='ltr'>τοῦ</span> <span class='ocrx_word' id='word_1_650' title='bbox 3280 1533 3450 1602; x_wconf 84' lang='grc' dir='ltr'>πηλοῦ</span> <span class='ocrx_word' id='word_1_651' title='bbox 3489 1532 3651 1585; x_wconf 86' lang='grc' dir='ltr'>δυνά-</span> 
     </span>
    </p>
   </div>
   <div class='ocr_carea' id='block_1_85' title="bbox 2079 1615 3651 1688">
    <p class='ocr_par' dir='ltr' id='par_1_85' title="bbox 2079 1615 3651 1688">
     <span class='ocr_line' id='line_1_86' title="bbox 2079 1615 3651 1688; baseline 0.001 -23"><span class='ocrx_word' id='word_1_652' title='bbox 2079 1631 2244 1683; x_wconf 91' lang='grc' dir='ltr'>μεως,</span> <span class='ocrx_word' id='word_1_653' title='bbox 2261 1616 2454 1687; x_wconf 76' lang='grc' dir='ltr'>ἡλίκην</span> <span class='ocrx_word' id='word_1_654' title='bbox 2480 1616 2593 1687; x_wconf 79' lang='grc' dir='ltr'>ἔχει</span> <span class='ocrx_word' id='word_1_655' title='bbox 2613 1618 2709 1687; x_wconf 79' lang='grc' dir='ltr'>τὴν</span> <span class='ocrx_word' id='word_1_656' title='bbox 2736 1617 2887 1687; x_wconf 85' lang='grc' dir='ltr'>ίσχύν</span> <span class='ocrx_word' id='word_1_657' title='bbox 2908 1619 2920 1672; x_wconf 89' lang='lat'><strong>!</strong></span> <span class='ocrx_word' id='word_1_658' title='bbox 2939 1618 3262 1688; x_wconf 85' lang='grc' dir='ltr'>Ὀλόκληρον</span> <span class='ocrx_word' id='word_1_659' title='bbox 3282 1615 3375 1669; x_wconf 86' lang='grc' dir='ltr'>τοῦ</span> <span class='ocrx_word' id='word_1_660' title='bbox 3398 1615 3651 1669; x_wconf 88' lang='grc' dir='ltr'>διαϐόλου</span> 
     </span>
    </p>
   </div>
   <div class='ocr_carea' id='block_1_86' title="bbox 2076 1696 3650 1768">
    <p class='ocr_par' dir='ltr' id='par_1_86' title="bbox 2076 1696 3650 1768">
     <span class='ocr_line' id='line_1_87' title="bbox 2076 1696 3650 1768; baseline 0.001 -21"><span class='ocrx_word' id='word_1_661' title='bbox 2076 1696 2377 1768; x_wconf 85' lang='grc' dir='ltr'>παράταξιν</span> <span class='ocrx_word' id='word_1_662' title='bbox 2406 1700 2758 1768; x_wconf 87' lang='grc' dir='ltr'>ἀποστρέφει.</span> <span class='ocrx_word' id='word_1_663' title='bbox 2794 1701 2907 1753; x_wconf 80' lang='grc' dir='ltr'>Οὐκ</span> <span class='ocrx_word' id='word_1_664' title='bbox 2935 1699 3333 1768; x_wconf 82' lang='grc' dir='ltr'>ἐγκαλύψεσθε,</span> <span class='ocrx_word' id='word_1_665' title='bbox 3369 1699 3489 1750; x_wconf 84' lang='grc' dir='ltr'>εἰπέ</span> <span class='ocrx_word' id='word_1_666' title='bbox 3524 1715 3650 1766; x_wconf 71' lang='grc' dir='ltr'>μςι;</span> 
     </span>
    </p>
   </div>
   <div class='ocr_carea' id='block_1_87' title="bbox 2073 1780 3647 1852">
    <p class='ocr_par' dir='ltr' id='par_1_87' title="bbox 2073 1780 3647 1852">
     <span class='ocr_line' id='line_1_88' title="bbox 2073 1780 3647 1852; baseline 0 -20"><span class='ocrx_word' id='word_1_667' title='bbox 2073 1780 2134 1832; x_wconf 84' lang='lat'>06</span> <span class='ocrx_word' id='word_1_668' title='bbox 2178 1783 2438 1852; x_wconf 81' lang='grc' dir='ltr'>συνήσετε</span> <span class='ocrx_word' id='word_1_669' title='bbox 2469 1783 2565 1852; x_wconf 77' lang='grc' dir='ltr'>ὀψέ</span> <span class='ocrx_word' id='word_1_670' title='bbox 2606 1800 2736 1836; x_wconf 88' lang='grc' dir='ltr'>ποτε</span> <span class='ocrx_word' id='word_1_671' title='bbox 2766 1785 2866 1846; x_wconf 79' lang='grc' dir='ltr'>τὰς</span> <span class='ocrx_word' id='word_1_672' title='bbox 2895 1784 3127 1851; x_wconf 84' lang='grc' dir='ltr'>παγίδας</span> <span class='ocrx_word' id='word_1_673' title='bbox 3171 1783 3268 1845; x_wconf 76' lang='grc' dir='ltr'>τὰς</span> <span class='ocrx_word' id='word_1_674' title='bbox 3309 1781 3647 1843; x_wconf 81' lang='grc' dir='ltr'>διαϐολικάς.</span> 
     </span>
    </p>
   </div>
   <div class='ocr_carea' id='block_1_88' title="bbox 2075 1864 3650 1938">
    <p class='ocr_par' dir='ltr' id='par_1_88' title="bbox 2075 1864 3650 1938">
     <span class='ocr_line' id='line_1_89' title="bbox 2075 1864 3650 1938; baseline 0.001 -24"><span class='ocrx_word' id='word_1_675' title='bbox 2075 1864 2193 1926; x_wconf 87' lang='grc' dir='ltr'>πῶς</span> <span class='ocrx_word' id='word_1_676' title='bbox 2233 1864 2297 1916; x_wconf 89' lang='grc' dir='ltr'>ἐκ</span> <span class='ocrx_word' id='word_1_677' title='bbox 2338 1864 2562 1937; x_wconf 85' lang='grc' dir='ltr'>πρώτης</span> <span class='ocrx_word' id='word_1_678' title='bbox 2592 1866 2806 1937; x_wconf 88' lang='grc' dir='ltr'>ήλικίας</span> <span class='ocrx_word' id='word_1_679' title='bbox 2840 1867 2978 1921; x_wconf 78' lang='grc' dir='ltr'>κατὰ</span> <span class='ocrx_word' id='word_1_680' title='bbox 3011 1866 3203 1938; x_wconf 76' lang='grc' dir='ltr'>μικρὸν</span> <span class='ocrx_word' id='word_1_681' title='bbox 3234 1866 3516 1931; x_wconf 86' lang='grc' dir='ltr'>ἐπεισάγει</span> <span class='ocrx_word' id='word_1_682' title='bbox 3551 1865 3650 1928; x_wconf 73' lang='grc' dir='ltr'>τὰς</span> 
     </span>
    </p>
   </div>
   <div class='ocr_carea' id='block_1_89' title="bbox 2075 1947 3649 2020">
    <p class='ocr_par' dir='ltr' id='par_1_89' title="bbox 2075 1947 3649 2020">
     <span class='ocr_line' id='line_1_90' title="bbox 2075 1947 3649 2020; baseline 0.008 -23"><span class='ocrx_word' id='word_1_683' title='bbox 2075 1949 2204 2016; x_wconf 85' lang='grc' dir='ltr'>παρ’</span> <span class='ocrx_word' id='word_1_684' title='bbox 2232 1947 2423 2000; x_wconf 88' lang='grc' dir='ltr'>ἐαυτοῦ</span> <span class='ocrx_word' id='word_1_685' title='bbox 2468 1949 2716 2019; x_wconf 76' lang='grc' dir='ltr'>μηχανὰς</span> <span class='ocrx_word' id='word_1_686' title='bbox 2739 1952 2766 2003; x_wconf 90' lang='grc' dir='ltr'><em>ὀ</em></span> <span class='ocrx_word' id='word_1_687' title='bbox 2801 1950 3072 2015; x_wconf 84' lang='grc' dir='ltr'>διάϐολος;</span> <span class='ocrx_word' id='word_1_688' title='bbox 3104 1952 3163 2002; x_wconf 72' lang='lat' dir='ltr'>El</span> <span class='ocrx_word' id='word_1_689' title='bbox 3196 1950 3303 2020; x_wconf 81' lang='grc' dir='ltr'>γάρ</span> <span class='ocrx_word' id='word_1_690' title='bbox 3330 1952 3357 2002; x_wconf 86' lang='lat'>6</span> <span class='ocrx_word' id='word_1_691' title='bbox 3388 1948 3649 2018; x_wconf 72' lang='grc' dir='ltr'>βόρὸορος</span> 
     </span>
    </p>
   </div>
   <div class='ocr_carea' id='block_1_90' title="bbox 2072 2028 3649 2105">
    <p class='ocr_par' dir='ltr' id='par_1_90' title="bbox 2072 2028 3649 2105">
     <span class='ocr_line' id='line_1_91' title="bbox 2072 2028 3649 2105; baseline 0.002 -24"><span class='ocrx_word' id='word_1_692' title='bbox 2072 2028 2229 2082; x_wconf 88' lang='grc' dir='ltr'>τοῦτο</span> <span class='ocrx_word' id='word_1_693' title='bbox 2272 2033 2432 2097; x_wconf 77' lang='grc' dir='ltr'>ποιεῖ,</span> <span class='ocrx_word' id='word_1_694' title='bbox 2472 2032 2560 2085; x_wconf 83' lang='grc' dir='ltr'>διὰ</span> <span class='ocrx_word' id='word_1_695' title='bbox 2590 2034 2642 2086; x_wconf 91' lang='grc' dir='ltr'>τί</span> <span class='ocrx_word' id='word_1_696' title='bbox 2683 2034 2756 2105; x_wconf 83' lang='grc' dir='ltr'>μὴ</span> <span class='ocrx_word' id='word_1_697' title='bbox 2793 2035 2887 2087; x_wconf 66' lang='grc' dir='ltr'>καὶ</span> <span class='ocrx_word' id='word_1_698' title='bbox 2919 2034 2981 2088; x_wconf 84' lang='grc' dir='ltr'>σὺ</span> <span class='ocrx_word' id='word_1_699' title='bbox 3024 2034 3183 2086; x_wconf 75' lang='grc' dir='ltr'>τοῦτο</span> <span class='ocrx_word' id='word_1_700' title='bbox 3218 2036 3385 2097; x_wconf 79' lang='grc' dir='ltr'>ποιεῖς</span> <span class='ocrx_word' id='word_1_701' title='bbox 3426 2033 3520 2085; x_wconf 80' lang='grc' dir='ltr'>ἐπὶ</span> <span class='ocrx_word' id='word_1_702' title='bbox 3550 2031 3649 2085; x_wconf 84' lang='grc' dir='ltr'>τοῦ</span> 
     </span>
    </p>
   </div>
   <div class='ocr_carea' id='block_1_91' title="bbox 2076 2114 3652 2187">
    <p class='ocr_par' dir='ltr' id='par_1_91' title="bbox 2076 2114 3652 2187">
     <span class='ocr_line' id='line_1_92' title="bbox 2076 2114 3652 2187; baseline 0.001 -23"><span class='ocrx_word' id='word_1_703' title='bbox 2076 2114 2273 2166; x_wconf 79' lang='grc' dir='ltr'>σαυτοῦ</span> <span class='ocrx_word' id='word_1_704' title='bbox 2304 2114 2580 2185; x_wconf 87' lang='grc' dir='ltr'>μετώπου,</span> <span class='ocrx_word' id='word_1_705' title='bbox 2612 2116 2749 2187; x_wconf 84' lang='grc' dir='ltr'>ἀνὴρ</span> <span class='ocrx_word' id='word_1_706' title='bbox 2780 2117 2854 2170; x_wconf 89' lang='grc' dir='ltr'>ῶν</span> <span class='ocrx_word' id='word_1_707' title='bbox 2888 2117 2981 2171; x_wconf 71' lang='grc' dir='ltr'>καὶ</span> <span class='ocrx_word' id='word_1_708' title='bbox 3023 2119 3080 2170; x_wconf 87' lang='grc' dir='ltr'>ἐν</span> <span class='ocrx_word' id='word_1_709' title='bbox 3109 2117 3220 2184; x_wconf 77' lang='grc' dir='ltr'>ἕξει</span> <span class='ocrx_word' id='word_1_710' title='bbox 3251 2116 3489 2185; x_wconf 83' lang='grc' dir='ltr'>γεγονὼς</span> <span class='ocrx_word' id='word_1_711' title='bbox 3512 2156 3527 2179; x_wconf 87' lang='grc'>,</span> <span class='ocrx_word' id='word_1_712' title='bbox 3551 2115 3652 2169; x_wconf 72' lang='grc' dir='ltr'>καὶ</span> 
     </span>
    </p>
   </div>
   <div class='ocr_carea' id='block_1_92' title="bbox 2078 2194 3652 2270">
    <p class='ocr_par' dir='ltr' id='par_1_92' title="bbox 2078 2194 3652 2270">
     <span class='ocr_line' id='line_1_93' title="bbox 2078 2194 3652 2270; baseline 0.002 -24"><span class='ocrx_word' id='word_1_713' title='bbox 2078 2194 2276 2264; x_wconf 84' lang='grc' dir='ltr'>μᾶλλον</span> <span class='ocrx_word' id='word_1_714' title='bbox 2318 2195 2412 2249; x_wconf 82' lang='grc' dir='ltr'>τοῦ</span> <span class='ocrx_word' id='word_1_715' title='bbox 2467 2199 2681 2252; x_wconf 81' lang='grc' dir='ltr'>παιδίου</span> <span class='ocrx_word' id='word_1_716' title='bbox 2733 2201 2857 2263; x_wconf 81' lang='grc' dir='ltr'>τοὺς</span> <span class='ocrx_word' id='word_1_717' title='bbox 2896 2200 3225 2270; x_wconf 79' lang='grc' dir='ltr'>φθονοῦντας</span> <span class='ocrx_word' id='word_1_718' title='bbox 3264 2201 3439 2270; x_wconf 75' lang='grc' dir='ltr'>ἔχωνς</span> <span class='ocrx_word' id='word_1_719' title='bbox 3475 2199 3563 2251; x_wconf 86' lang='grc' dir='ltr'>διά</span> <span class='ocrx_word' id='word_1_720' title='bbox 3595 2197 3652 2249; x_wconf 80' lang='grc' dir='ltr'>τί</span> 
     </span>
    </p>
   </div>
   <div class='ocr_carea' id='block_1_93' title="bbox 2077 2279 3653 2354">
    <p class='ocr_par' dir='ltr' id='par_1_93' title="bbox 2077 2279 3653 2354">
     <span class='ocr_line' id='line_1_94' title="bbox 2077 2279 3653 2354; baseline 0.001 -21"><span class='ocrx_word' id='word_1_721' title='bbox 2077 2280 2151 2350; x_wconf 78' lang='grc' dir='ltr'>μὴ</span> <span class='ocrx_word' id='word_1_722' title='bbox 2190 2280 2285 2332; x_wconf 77' lang='grc' dir='ltr'>καὶ</span> <span class='ocrx_word' id='word_1_723' title='bbox 2317 2279 2435 2333; x_wconf 80' lang='grc' dir='ltr'>ὅλον</span> <span class='ocrx_word' id='word_1_724' title='bbox 2482 2280 2761 2353; x_wconf 89' lang='grc' dir='ltr'>βορϐοροῖς</span> <span class='ocrx_word' id='word_1_725' title='bbox 2799 2284 2859 2336; x_wconf 97' lang='lat'>16</span> <span class='ocrx_word' id='word_1_726' title='bbox 2908 2282 3098 2354; x_wconf 85' lang='grc' dir='ltr'>σῶμα;</span> <span class='ocrx_word' id='word_1_727' title='bbox 3154 2285 3203 2336; x_wconf 85' lang='grc' dir='ltr'>εί</span> <span class='ocrx_word' id='word_1_728' title='bbox 3256 2283 3365 2354; x_wconf 83' lang='grc' dir='ltr'>γάρ</span> <span class='ocrx_word' id='word_1_729' title='bbox 3408 2284 3502 2334; x_wconf 79' lang='grc' dir='ltr'>ἐπὶ</span> <span class='ocrx_word' id='word_1_730' title='bbox 3552 2280 3653 2334; x_wconf 82' lang='grc' dir='ltr'>τοῦ</span> 
     </span>
    </p>
   </div>
   <div class='ocr_carea' id='block_1_94' title="bbox 2076 2362 3651 2438">
    <p class='ocr_par' dir='ltr' id='par_1_94' title="bbox 2076 2362 3651 2438">
     <span class='ocr_line' id='line_1_95' title="bbox 2076 2362 3651 2438; baseline 0.003 -24"><span class='ocrx_word' id='word_1_731' title='bbox 2076 2362 2331 2432; x_wconf 83' lang='grc' dir='ltr'>μετώπου</span> <span class='ocrx_word' id='word_1_732' title='bbox 2360 2365 2630 2434; x_wconf 80' lang='grc' dir='ltr'>τοσαύτην</span> <span class='ocrx_word' id='word_1_733' title='bbox 2660 2366 2772 2436; x_wconf 84' lang='grc' dir='ltr'>ἔχει</span> <span class='ocrx_word' id='word_1_734' title='bbox 2800 2368 2899 2436; x_wconf 82' lang='grc' dir='ltr'>τὴν</span> <span class='ocrx_word' id='word_1_735' title='bbox 2946 2367 3098 2438; x_wconf 81' lang='grc' dir='ltr'>ίσχὺν</span> <span class='ocrx_word' id='word_1_736' title='bbox 3120 2408 3135 2430; x_wconf 93' lang='grc'>,</span> <span class='ocrx_word' id='word_1_737' title='bbox 3163 2367 3306 2429; x_wconf 85' lang='grc' dir='ltr'>τίνος</span> <span class='ocrx_word' id='word_1_738' title='bbox 3334 2367 3521 2418; x_wconf 85' lang='grc' dir='ltr'>ἐνεκεν</span> <span class='ocrx_word' id='word_1_739' title='bbox 3548 2366 3651 2435; x_wconf 86' lang='grc' dir='ltr'>οὐχ</span> 
     </span>
    </p>
   </div>
   <div class='ocr_carea' id='block_1_95' title="bbox 2071 2446 3651 2522">
    <p class='ocr_par' dir='ltr' id='par_1_95' title="bbox 2071 2446 3651 2522">
     <span class='ocr_line' id='line_1_96' title="bbox 2071 2446 3651 2522; baseline 0.002 -22"><span class='ocrx_word' id='word_1_740' title='bbox 2071 2446 2193 2501; x_wconf 83' lang='grc' dir='ltr'>ὅλον</span> <span class='ocrx_word' id='word_1_741' title='bbox 2219 2448 2443 2503; x_wconf 73' lang='grc' dir='ltr'>σεαυτὸν</span> <span class='ocrx_word' id='word_1_742' title='bbox 2474 2449 2720 2522; x_wconf 83' lang='grc' dir='ltr'>βορϐόρῳ</span> <span class='ocrx_word' id='word_1_743' title='bbox 2749 2451 3100 2522; x_wconf 85' lang='grc' dir='ltr'>καταχρίεις;</span> <span class='ocrx_word' id='word_1_744' title='bbox 3132 2451 3310 2514; x_wconf 86' lang='grc' dir='ltr'>Γέλως</span> <span class='ocrx_word' id='word_1_745' title='bbox 3340 2450 3515 2504; x_wconf 88' lang='grc' dir='ltr'>ταῦτα</span> <span class='ocrx_word' id='word_1_746' title='bbox 3553 2451 3651 2503; x_wconf 78' lang='grc' dir='ltr'>καὶ</span> 
     </span>
    </p>
   </div>
   <div class='ocr_carea' id='block_1_96' title="bbox 2072 2531 3650 2605">
    <p class='ocr_par' dir='ltr' id='par_1_96' title="bbox 2072 2531 3650 2605">
     <span class='ocr_line' id='line_1_97' title="bbox 2072 2531 3650 2605; baseline 0.002 -22"><span class='ocrx_word' id='word_1_747' title='bbox 2072 2531 2331 2602; x_wconf 76' lang='grc' dir='ltr'>κωμῳδία</span> <span class='ocrx_word' id='word_1_748' title='bbox 2366 2532 2650 2604; x_wconf 81' lang='grc' dir='ltr'>σατανικὴ,</span> <span class='ocrx_word' id='word_1_749' title='bbox 2684 2535 2784 2588; x_wconf 80' lang='grc' dir='ltr'>οὐκ</span> <span class='ocrx_word' id='word_1_750' title='bbox 2812 2535 2893 2598; x_wconf 91' lang='grc' dir='ltr'>είς</span> <span class='ocrx_word' id='word_1_751' title='bbox 2935 2534 3226 2605; x_wconf 87' lang='grc' dir='ltr'>χλευασίαν</span> <span class='ocrx_word' id='word_1_752' title='bbox 3275 2534 3470 2605; x_wconf 87' lang='grc' dir='ltr'>μόνον,</span> <span class='ocrx_word' id='word_1_753' title='bbox 3512 2532 3650 2586; x_wconf 85' lang='grc' dir='ltr'>ἀλλὰ</span> 
     </span>
    </p>
   </div>
   <div class='ocr_carea' id='block_1_97' title="bbox 2072 2614 3645 2688">
    <p class='ocr_par' dir='ltr' id='par_1_97' title="bbox 2072 2614 3645 2688">
     <span class='ocr_line' id='line_1_98' title="bbox 2072 2614 3645 2688; baseline 0.003 -22"><span class='ocrx_word' id='word_1_754' title='bbox 2072 2614 2168 2666; x_wconf 70' lang='grc' dir='ltr'>καὶ</span> <span class='ocrx_word' id='word_1_755' title='bbox 2196 2615 2276 2677; x_wconf 86' lang='grc' dir='ltr'>εἰς</span> <span class='ocrx_word' id='word_1_756' title='bbox 2314 2616 2539 2684; x_wconf 86' lang='grc' dir='ltr'>γέενναν</span> <span class='ocrx_word' id='word_1_757' title='bbox 2575 2616 3026 2688; x_wconf 83' lang='grc' dir='ltr'>καταστρέφουσα</span> <span class='ocrx_word' id='word_1_758' title='bbox 3065 2619 3189 2681; x_wconf 77' lang='lat'><strong>106;</strong></span> <span class='ocrx_word' id='word_1_759' title='bbox 3228 2617 3645 2687; x_wconf 83' lang='grc' dir='ltr'>ἀπατωμένους.</span> 
     </span>
    </p>
   </div>
   <div class='ocr_carea' id='block_1_98' title="bbox 2072 2698 3648 2770">
    <p class='ocr_par' dir='ltr' id='par_1_98' title="bbox 2072 2698 3648 2770">
     <span class='ocr_line' id='line_1_99' title="bbox 2072 2698 3648 2770; baseline -0.001 -18"><span class='ocrx_word' id='word_1_760' title='bbox 2072 2698 2184 2752; x_wconf 76' lang='grc' dir='ltr'>Καὶ</span> <span class='ocrx_word' id='word_1_761' title='bbox 2219 2698 2280 2752; x_wconf 87' lang='lat'>16</span> <span class='ocrx_word' id='word_1_762' title='bbox 2307 2698 2408 2766; x_wconf 81' lang='grc' dir='ltr'>μὲν</span> <span class='ocrx_word' id='word_1_763' title='bbox 2433 2699 2562 2769; x_wconf 78' lang='grc' dir='ltr'>παρ’</span> <span class='ocrx_word' id='word_1_764' title='bbox 2591 2700 2815 2770; x_wconf 87' lang='grc' dir='ltr'>Ἕλλησι</span> <span class='ocrx_word' id='word_1_765' title='bbox 2841 2699 3013 2753; x_wconf 87' lang='grc' dir='ltr'>ταῦτα</span> <span class='ocrx_word' id='word_1_766' title='bbox 3041 2700 3309 2768; x_wconf 85' lang='grc' dir='ltr'>γίνεσθαι,</span> <span class='ocrx_word' id='word_1_767' title='bbox 3332 2699 3648 2769; x_wconf 63' lang='grc' dir='ltr'>θαυμαστὸν</span> 
     </span>
    </p>
   </div>
   <div class='ocr_carea' id='block_1_99' title="bbox 2071 2780 3646 2855">
    <p class='ocr_par' dir='ltr' id='par_1_99' title="bbox 2071 2780 3646 2855">
     <span class='ocr_line' id='line_1_100' title="bbox 2071 2780 3646 2855; baseline 0.001 -21"><span class='ocrx_word' id='word_1_768' title='bbox 2071 2782 2245 2836; x_wconf 85' lang='grc' dir='ltr'>οὐδέν’</span> <span class='ocrx_word' id='word_1_769' title='bbox 2270 2780 2332 2835; x_wconf 76' lang='grc' dir='ltr'>τὸ</span> <span class='ocrx_word' id='word_1_770' title='bbox 2358 2781 2415 2836; x_wconf 78' lang='grc' dir='ltr'>δὲ</span> <span class='ocrx_word' id='word_1_771' title='bbox 2448 2781 2597 2853; x_wconf 84' lang='grc' dir='ltr'>παρά</span> <span class='ocrx_word' id='word_1_772' title='bbox 2620 2786 2731 2846; x_wconf 90' lang='grc' dir='ltr'>τοῖς</span> <span class='ocrx_word' id='word_1_773' title='bbox 2753 2784 2843 2836; x_wconf 86' lang='lat' dir='ltr'><strong>16v</strong></span> <span class='ocrx_word' id='word_1_774' title='bbox 2865 2783 3095 2855; x_wconf 82' lang='grc' dir='ltr'>σταυρὸν</span> <span class='ocrx_word' id='word_1_775' title='bbox 3122 2782 3512 2855; x_wconf 82' lang='grc' dir='ltr'>προσκυνοῦσι,</span> <span class='ocrx_word' id='word_1_776' title='bbox 3548 2785 3646 2836; x_wconf 72' lang='grc' dir='ltr'>καὶ</span> 
     </span>
    </p>
   </div>
   <div class='ocr_carea' id='block_1_100' title="bbox 2074 2864 3647 2936">
    <p class='ocr_par' dir='ltr' id='par_1_100' title="bbox 2074 2864 3647 2936">
     <span class='ocr_line' id='line_1_101' title="bbox 2074 2864 3647 2936; baseline 0.001 -20"><span class='ocrx_word' id='word_1_777' title='bbox 2074 2864 2388 2936; x_wconf 88' lang='grc' dir='ltr'>μυστηρίων</span> <span class='ocrx_word' id='word_1_778' title='bbox 2430 2865 2756 2936; x_wconf 79' lang='grc' dir='ltr'>ἀπορρήτων</span> <span class='ocrx_word' id='word_1_779' title='bbox 2784 2866 3236 2936; x_wconf 86' lang='grc' dir='ltr'>κεκοινωνηκόσι,</span> <span class='ocrx_word' id='word_1_780' title='bbox 3274 2867 3368 2920; x_wconf 81' lang='grc' dir='ltr'>καὶ</span> <span class='ocrx_word' id='word_1_781' title='bbox 3406 2866 3647 2919; x_wconf 82' lang='grc' dir='ltr'>τοσαῦτα</span> 
     </span>
    </p>
   </div>
   <div class='ocr_carea' id='block_1_101' title="bbox 2072 2947 3647 3020">
    <p class='ocr_par' dir='ltr' id='par_1_101' title="bbox 2072 2947 3647 3020">
     <span class='ocr_line' id='line_1_102' title="bbox 2072 2947 3647 3020; baseline 0.002 -20"><span class='ocrx_word' id='word_1_782' title='bbox 2072 2947 2421 3017; x_wconf 82' lang='grc' dir='ltr'>φιλοσοφοῦσι</span> <span class='ocrx_word' id='word_1_783' title='bbox 2445 2948 2648 3018; x_wconf 86' lang='grc' dir='ltr'>ταύτην</span> <span class='ocrx_word' id='word_1_784' title='bbox 2677 2951 2896 3020; x_wconf 87' lang='grc' dir='ltr'>κρατεῖν</span> <span class='ocrx_word' id='word_1_785' title='bbox 2924 2950 3024 3019; x_wconf 81' lang='grc' dir='ltr'>τὴν</span> <span class='ocrx_word' id='word_1_786' title='bbox 3059 2950 3466 3019; x_wconf 79' lang='grc' dir='ltr'>ἀσχημοσύνην,</span> <span class='ocrx_word' id='word_1_787' title='bbox 3500 2948 3647 3003; x_wconf 86' lang='grc' dir='ltr'>τοῦτ’</span> 
     </span>
    </p>
   </div>
   <div class='ocr_carea' id='block_1_102' title="bbox 2070 3031 3651 3106">
    <p class='ocr_par' dir='ltr' id='par_1_102' title="bbox 2070 3031 3651 3106">
     <span class='ocr_line' id='line_1_103' title="bbox 2070 3031 3651 3106; baseline 0.002 -22"><span class='ocrx_word' id='word_1_788' title='bbox 2070 3031 2187 3085; x_wconf 79' lang='grc' dir='ltr'>ἐστι</span> <span class='ocrx_word' id='word_1_789' title='bbox 2229 3032 2290 3085; x_wconf 94' lang='lat'>16</span> <span class='ocrx_word' id='word_1_790' title='bbox 2338 3032 2545 3086; x_wconf 84' lang='grc' dir='ltr'>πολλῶν</span> <span class='ocrx_word' id='word_1_791' title='bbox 2583 3034 2796 3103; x_wconf 84' lang='grc' dir='ltr'>θρήνων</span> <span class='ocrx_word' id='word_1_792' title='bbox 2840 3032 3007 3097; x_wconf 81' lang='grc' dir='ltr'>ἀξιον.</span> <span class='ocrx_word' id='word_1_793' title='bbox 3079 3034 3136 3087; x_wconf 86' lang='lat'>&#39;0</span> <span class='ocrx_word' id='word_1_794' title='bbox 3192 3035 3324 3098; x_wconf 80' lang='grc' dir='ltr'>Θεός</span> <span class='ocrx_word' id='word_1_795' title='bbox 3379 3050 3437 3086; x_wconf 90' lang='grc' dir='ltr'>σε</span> <span class='ocrx_word' id='word_1_796' title='bbox 3490 3034 3651 3106; x_wconf 77' lang='grc' dir='ltr'>μύρῳ</span> 
     </span>
    </p>
   </div>
   <div class='ocr_carea' id='block_1_103' title="bbox 2070 3114 3650 3188">
    <p class='ocr_par' dir='ltr' id='par_1_103' title="bbox 2070 3114 3650 3188">
     <span class='ocr_line' id='line_1_104' title="bbox 2070 3114 3650 3188; baseline 0.003 -21"><span class='ocrx_word' id='word_1_797' title='bbox 2070 3115 2299 3185; x_wconf 87' lang='grc' dir='ltr'>ἐτίμησε</span> <span class='ocrx_word' id='word_1_798' title='bbox 2336 3114 2724 3186; x_wconf 81' lang='grc' dir='ltr'>πνευματικῷ,</span> <span class='ocrx_word' id='word_1_799' title='bbox 2766 3117 2861 3171; x_wconf 64' lang='grc' dir='ltr'>καλ⁵</span> <span class='ocrx_word' id='word_1_800' title='bbox 2901 3119 2966 3171; x_wconf 85' lang='grc' dir='ltr'>σὺ</span> <span class='ocrx_word' id='word_1_801' title='bbox 3003 3116 3248 3188; x_wconf 86' lang='grc' dir='ltr'>βορϐόρῳ</span> <span class='ocrx_word' id='word_1_802' title='bbox 3295 3117 3546 3188; x_wconf 88' lang='grc' dir='ltr'>μολύνεις</span> <span class='ocrx_word' id='word_1_803' title='bbox 3586 3119 3650 3171; x_wconf 87' lang='lat'>16</span> 
     </span>
    </p>
   </div>
   <div class='ocr_carea' id='block_1_104' title="bbox 2071 3198 3646 3272">
    <p class='ocr_par' dir='ltr' id='par_1_104' title="bbox 2071 3198 3646 3272">
     <span class='ocr_line' id='line_1_105' title="bbox 2071 3198 3646 3272; baseline 0.003 -22"><span class='ocrx_word' id='word_1_804' title='bbox 2071 3198 2315 3265; x_wconf 85' lang='grc' dir='ltr'>παιδίον;</span> <span class='ocrx_word' id='word_1_805' title='bbox 2342 3201 2370 3252; x_wconf 83' lang='lat'>6</span> <span class='ocrx_word' id='word_1_806' title='bbox 2398 3199 2529 3262; x_wconf 84' lang='grc' dir='ltr'>Θεός</span> <span class='ocrx_word' id='word_1_807' title='bbox 2554 3217 2612 3252; x_wconf 88' lang='grc' dir='ltr'>σε</span> <span class='ocrx_word' id='word_1_808' title='bbox 2634 3200 2883 3272; x_wconf 87' lang='grc' dir='ltr'>ἐτίμησε,</span> <span class='ocrx_word' id='word_1_809' title='bbox 2912 3203 2977 3253; x_wconf 76' lang='grc' dir='ltr'>σὺ</span> <span class='ocrx_word' id='word_1_810' title='bbox 3009 3200 3067 3255; x_wconf 85' lang='grc' dir='ltr'>δέ</span> <span class='ocrx_word' id='word_1_811' title='bbox 3097 3201 3292 3254; x_wconf 72' lang='grc' dir='ltr'>σαυτόν</span> <span class='ocrx_word' id='word_1_812' title='bbox 3321 3201 3646 3269; x_wconf 72' lang='grc' dir='ltr'>άτιμάζειςς</span> 
     </span>
    </p>
   </div>
   <div class='ocr_carea' id='block_1_105' title="bbox 2070 3281 3647 3357">
    <p class='ocr_par' dir='ltr' id='par_1_105' title="bbox 2070 3281 3647 3357">
     <span class='ocr_line' id='line_1_106' title="bbox 2070 3281 3647 3357; baseline 0.003 -23"><span class='ocrx_word' id='word_1_813' title='bbox 2070 3281 2167 3334; x_wconf 77' lang='grc' dir='ltr'>καὶ</span> <span class='ocrx_word' id='word_1_814' title='bbox 2206 3281 2322 3334; x_wconf 94' lang='grc' dir='ltr'>δέον</span> <span class='ocrx_word' id='word_1_815' title='bbox 2365 3282 2458 3336; x_wconf 79' lang='grc' dir='ltr'>τὸν</span> <span class='ocrx_word' id='word_1_816' title='bbox 2496 3285 2728 3354; x_wconf 84' lang='grc' dir='ltr'>σταυρον</span> <span class='ocrx_word' id='word_1_817' title='bbox 2761 3285 3087 3356; x_wconf 84' lang='grc' dir='ltr'>ἐπιγράφειν</span> <span class='ocrx_word' id='word_1_818' title='bbox 3124 3285 3201 3355; x_wconf 85' lang='grc' dir='ltr'>τῷ</span> <span class='ocrx_word' id='word_1_819' title='bbox 3245 3286 3500 3357; x_wconf 86' lang='grc' dir='ltr'>μετώπῳ,</span> <span class='ocrx_word' id='word_1_820' title='bbox 3544 3288 3647 3356; x_wconf 75' lang='grc' dir='ltr'>τὴν</span> 
     </span>
    </p>
   </div>
   <div class='ocr_carea' id='block_1_106' title="bbox 2068 3363 3645 3439">
    <p class='ocr_par' dir='ltr' id='par_1_106' title="bbox 2068 3363 3645 3439">
     <span class='ocr_line' id='line_1_107' title="bbox 2068 3363 3645 3439; baseline 0.003 -21"><span class='ocrx_word' id='word_1_821' title='bbox 2068 3363 2368 3432; x_wconf 86' lang='grc' dir='ltr'>ἀσφάλειαν</span> <span class='ocrx_word' id='word_1_822' title='bbox 2405 3367 2616 3437; x_wconf 80' lang='grc' dir='ltr'>ἄμαχον</span> <span class='ocrx_word' id='word_1_823' title='bbox 2668 3367 2996 3437; x_wconf 75' lang='grc' dir='ltr'>παρέχονταο</span> <span class='ocrx_word' id='word_1_824' title='bbox 3040 3368 3105 3419; x_wconf 82' lang='grc' dir='ltr'>σὺ</span> <span class='ocrx_word' id='word_1_825' title='bbox 3150 3369 3205 3421; x_wconf 90' lang='grc' dir='ltr'>δέ</span> <span class='ocrx_word' id='word_1_826' title='bbox 3247 3368 3418 3421; x_wconf 89' lang='grc' dir='ltr'>ταῦτα</span> <span class='ocrx_word' id='word_1_827' title='bbox 3460 3372 3645 3439; x_wconf 78' lang='grc' dir='ltr'>ἀφεὶς,</span> 
     </span>
    </p>
   </div>
   <div class='ocr_carea' id='block_1_107' title="bbox 2069 3446 3647 3518">
    <p class='ocr_par' dir='ltr' id='par_1_107' title="bbox 2069 3446 3647 3518">
     <span class='ocr_line' id='line_1_108' title="bbox 2069 3446 3647 3518; baseline 0.006 -20"><span class='ocrx_word' id='word_1_828' title='bbox 2069 3446 2164 3499; x_wconf 73' lang='grc' dir='ltr'>ἐπὶ</span> <span class='ocrx_word' id='word_1_829' title='bbox 2188 3448 2289 3516; x_wconf 81' lang='grc' dir='ltr'>τὴν</span> <span class='ocrx_word' id='word_1_830' title='bbox 2330 3449 2627 3518; x_wconf 85' lang='grc' dir='ltr'>σατανικὴν</span> <span class='ocrx_word' id='word_1_831' title='bbox 2668 3449 2851 3503; x_wconf 82' lang='grc' dir='ltr'>ἄνοιαν</span> <span class='ocrx_word' id='word_1_832' title='bbox 2889 3452 3291 3516; x_wconf 85' lang='grc' dir='ltr'>καταπίπτεις;</span> <span class='ocrx_word' id='word_1_833' title='bbox 3326 3453 3390 3505; x_wconf 73' lang='lat' dir='ltr'>Ei</span> <span class='ocrx_word' id='word_1_834' title='bbox 3427 3453 3486 3506; x_wconf 83' lang='grc' dir='ltr'>δέ</span> <span class='ocrx_word' id='word_1_835' title='bbox 3535 3472 3647 3508; x_wconf 86' lang='grc' dir='ltr'>τισι</span> 
     </span>
    </p>
   </div>
   <div class='ocr_carea' id='block_1_108' title="bbox 2067 3528 3646 3605">
    <p class='ocr_par' dir='ltr' id='par_1_108' title="bbox 2067 3528 3646 3605">
     <span class='ocr_line' id='line_1_109' title="bbox 2067 3528 3646 3605; baseline 0.003 -22"><span class='ocrx_word' id='word_1_836' title='bbox 2067 3530 2241 3584; x_wconf 87' lang='grc' dir='ltr'>ταῦτα</span> <span class='ocrx_word' id='word_1_837' title='bbox 2264 3531 2435 3602; x_wconf 75' lang='grc' dir='ltr'>μικρά</span> <span class='ocrx_word' id='word_1_838' title='bbox 2460 3528 2595 3585; x_wconf 81' lang='grc' dir='ltr'>εἶναι</span> <span class='ocrx_word' id='word_1_839' title='bbox 2618 3532 2782 3592; x_wconf 85' lang='grc' dir='ltr'>δοκεῖ,</span> <span class='ocrx_word' id='word_1_840' title='bbox 2814 3532 3249 3602; x_wconf 83' lang='grc' dir='ltr'>μανθανέτωσαν,</span> <span class='ocrx_word' id='word_1_841' title='bbox 3276 3536 3358 3588; x_wconf 83' lang='grc' dir='ltr'>ὅτι</span> <span class='ocrx_word' id='word_1_842' title='bbox 3389 3538 3646 3605; x_wconf 68' lang='grc' dir='ltr'>μεγάλων</span> 
     </span>
    </p>
   </div>
   <div class='ocr_carea' id='block_1_109' title="bbox 2067 3610 3648 3692">
    <p class='ocr_par' dir='ltr' id='par_1_109' title="bbox 2067 3610 3648 3692">
     <span class='ocr_line' id='line_1_110' title="bbox 2067 3610 3648 3692; baseline 0.004 -25"><span class='ocrx_word' id='word_1_843' title='bbox 2067 3615 2216 3667; x_wconf 74' lang='grc' dir='ltr'>ἐστὶν</span> <span class='ocrx_word' id='word_1_844' title='bbox 2238 3610 2616 3681; x_wconf 17' lang='grc' dir='ltr'>αῖτιανκακῶν,</span> <span class='ocrx_word' id='word_1_845' title='bbox 2646 3619 2740 3669; x_wconf 77' lang='grc' dir='ltr'>καὶ</span> <span class='ocrx_word' id='word_1_846' title='bbox 2768 3617 2848 3669; x_wconf 84' lang='grc' dir='ltr'>ὅτι</span> <span class='ocrx_word' id='word_1_847' title='bbox 2882 3616 3003 3669; x_wconf 83' lang='grc' dir='ltr'>ούδέ</span> <span class='ocrx_word' id='word_1_848' title='bbox 3033 3618 3109 3687; x_wconf 87' lang='grc' dir='ltr'>τῷ</span> <span class='ocrx_word' id='word_1_849' title='bbox 3141 3618 3337 3690; x_wconf 86' lang='grc' dir='ltr'>Παύλῳ</span> <span class='ocrx_word' id='word_1_850' title='bbox 3369 3620 3436 3672; x_wconf 79' lang='grc' dir='ltr'>τά</span> <span class='ocrx_word' id='word_1_851' title='bbox 3469 3621 3648 3692; x_wconf 75' lang='grc' dir='ltr'>μικρά</span> 
     </span>
    </p>
   </div>
   <div class='ocr_carea' id='block_1_110' title="bbox 2070 3697 3643 3773">
    <p class='ocr_par' dir='ltr' id='par_1_110' title="bbox 2070 3697 3643 3773">
     <span class='ocr_line' id='line_1_111' title="bbox 2070 3697 3643 3773; baseline 0.004 -24"><span class='ocrx_word' id='word_1_852' title='bbox 2070 3700 2318 3769; x_wconf 81' lang='grc' dir='ltr'>παρορᾷν</span> <span class='ocrx_word' id='word_1_853' title='bbox 2353 3697 2522 3763; x_wconf 78' lang='grc' dir='ltr'>ἔδοξε.</span> <span class='ocrx_word' id='word_1_854' title='bbox 2556 3699 2621 3751; x_wconf 89' lang='grc' dir='ltr'>Τί</span> <span class='ocrx_word' id='word_1_855' title='bbox 2657 3698 2786 3771; x_wconf 81' lang='grc' dir='ltr'>γὰρ,</span> <span class='ocrx_word' id='word_1_856' title='bbox 2825 3700 2944 3752; x_wconf 80' lang='grc' dir='ltr'>εἰπέ</span> <span class='ocrx_word' id='word_1_857' title='bbox 2977 3700 3127 3773; x_wconf 77' lang='grc'>[108]</span> <span class='ocrx_word' id='word_1_858' title='bbox 3163 3719 3286 3772; x_wconf 86' lang='grc' dir='ltr'>μοι,</span> <span class='ocrx_word' id='word_1_859' title='bbox 3323 3702 3417 3755; x_wconf 86' lang='grc' dir='ltr'>τοῦ</span> <span class='ocrx_word' id='word_1_860' title='bbox 3473 3705 3643 3757; x_wconf 87' lang='grc' dir='ltr'>καλύ-</span> 
     </span>
    </p>
   </div>
   <div class='ocr_carea' id='block_1_111' title="bbox 2067 3780 3646 3857">
    <p class='ocr_par' dir='ltr' id='par_1_111' title="bbox 2067 3780 3646 3857">
     <span class='ocr_line' id='line_1_112' title="bbox 2067 3780 3646 3857; baseline 0.004 -24"><span class='ocrx_word' id='word_1_861' title='bbox 2067 3780 2297 3833; x_wconf 84' lang='grc' dir='ltr'>πτεσθαι</span> <span class='ocrx_word' id='word_1_862' title='bbox 2329 3782 2612 3853; x_wconf 86' lang='grc' dir='ltr'>ἄνθρωπον</span> <span class='ocrx_word' id='word_1_863' title='bbox 2650 3783 2746 3852; x_wconf 78' lang='grc' dir='ltr'>τὴν</span> <span class='ocrx_word' id='word_1_864' title='bbox 2793 3783 3034 3854; x_wconf 80' lang='grc' dir='ltr'>κεφαλὴν</span> <span class='ocrx_word' id='word_1_865' title='bbox 3086 3785 3439 3857; x_wconf 83' lang='grc' dir='ltr'>μικρότερον,</span> <span class='ocrx_word' id='word_1_866' title='bbox 3503 3788 3646 3841; x_wconf 82' lang='grc' dir='ltr'>Ἀλλ’</span> 
     </span>
    </p>
   </div>
   <div class='ocr_carea' id='block_1_112' title="bbox 2066 3862 3643 3940">
    <p class='ocr_par' dir='ltr' id='par_1_112' title="bbox 2066 3862 3643 3940">
     <span class='ocr_line' id='line_1_113' title="bbox 2066 3862 3643 3940; baseline 0.006 -25"><span class='ocrx_word' id='word_1_867' title='bbox 2066 3862 2167 3929; x_wconf 85' lang='grc' dir='ltr'>ὅρα</span> <span class='ocrx_word' id='word_1_868' title='bbox 2206 3862 2378 3930; x_wconf 81' lang='grc' dir='ltr'>πόσην</span> <span class='ocrx_word' id='word_1_869' title='bbox 2414 3864 2554 3935; x_wconf 81' lang='grc' dir='ltr'>ὑπὲρ</span> <span class='ocrx_word' id='word_1_870' title='bbox 2583 3864 2770 3918; x_wconf 86' lang='grc' dir='ltr'>τούτου</span> <span class='ocrx_word' id='word_1_871' title='bbox 2804 3870 3036 3920; x_wconf 86' lang='grc' dir='ltr'>ποιεῖται</span> <span class='ocrx_word' id='word_1_872' title='bbox 3075 3867 3308 3938; x_wconf 83' lang='grc' dir='ltr'>σπουδὴν</span> <span class='ocrx_word' id='word_1_873' title='bbox 3331 3909 3346 3929; x_wconf 91' lang='grc'>,</span> <span class='ocrx_word' id='word_1_874' title='bbox 3388 3870 3482 3922; x_wconf 73' lang='grc' dir='ltr'>καὶ</span> <span class='ocrx_word' id='word_1_875' title='bbox 3521 3872 3643 3940; x_wconf 86' lang='grc' dir='ltr'>μεθ’</span> 
     </span>
    </p>
   </div>
   <div class='ocr_carea' id='block_1_113' title="bbox 2065 3944 3644 4023">
    <p class='ocr_par' dir='ltr' id='par_1_113' title="bbox 2065 3944 3644 4023">
     <span class='ocr_line' id='line_1_114' title="bbox 2065 3944 3644 4023; baseline 0.005 -26"><span class='ocrx_word' id='word_1_876' title='bbox 2065 3944 2197 4015; x_wconf 82' lang='grc' dir='ltr'>ὅσης</span> <span class='ocrx_word' id='word_1_877' title='bbox 2222 3946 2554 4017; x_wconf 84' lang='grc' dir='ltr'>ἀπαγορεύει</span> <span class='ocrx_word' id='word_1_878' title='bbox 2582 3949 2960 4020; x_wconf 72' lang='grc' dir='ltr'>σφοδρότητος,</span> <span class='ocrx_word' id='word_1_879' title='bbox 2989 3950 3123 4005; x_wconf 84' lang='grc' dir='ltr'>ἄλλα</span> <span class='ocrx_word' id='word_1_880' title='bbox 3151 3969 3207 4003; x_wconf 87' lang='grc' dir='ltr'>τε</span> <span class='ocrx_word' id='word_1_881' title='bbox 3237 3951 3408 4005; x_wconf 85' lang='grc' dir='ltr'>πολλά</span> <span class='ocrx_word' id='word_1_882' title='bbox 3438 3953 3644 4023; x_wconf 82' lang='grc' dir='ltr'>λέγων,</span> 
     </span>
    </p>
   </div>
   <div class='ocr_carea' id='block_1_114' title="bbox 2067 4029 3642 4105">
    <p class='ocr_par' dir='ltr' id='par_1_114' title="bbox 2067 4029 3642 4105">
     <span class='ocr_line' id='line_1_115' title="bbox 2067 4029 3642 4105; baseline 0.008 -26"><span class='ocrx_word' id='word_1_883' title='bbox 2067 4032 2160 4080; x_wconf 78' lang='grc' dir='ltr'>καὶ</span> <span class='ocrx_word' id='word_1_884' title='bbox 2205 4029 2287 4081; x_wconf 83' lang='grc' dir='ltr'>ὅτι</span> <span class='ocrx_word' id='word_1_885' title='bbox 2340 4030 2688 4100; x_wconf 78' lang='grc' dir='ltr'>καταισχύνει</span> <span class='ocrx_word' id='word_1_886' title='bbox 2728 4032 2823 4103; x_wconf 79' lang='grc' dir='ltr'>τὴν</span> <span class='ocrx_word' id='word_1_887' title='bbox 2874 4033 3115 4105; x_wconf 76' lang='grc' dir='ltr'>κεφαλὴν</span> <span class='ocrx_word' id='word_1_888' title='bbox 3167 4034 3352 4087; x_wconf 75' lang='grc' dir='ltr'>αὐτοῦ.</span> <span class='ocrx_word' id='word_1_889' title='bbox 3402 4037 3464 4089; x_wconf 77' lang='grc' dir='ltr'><strong>Εἰ</strong></span> <span class='ocrx_word' id='word_1_890' title='bbox 3507 4037 3565 4090; x_wconf 79' lang='grc' dir='ltr'>δὲ</span> <span class='ocrx_word' id='word_1_891' title='bbox 3612 4040 3642 4091; x_wconf 92' lang='lat'>6</span> 
     </span>
    </p>
   </div>
   <div class='ocr_carea' id='block_1_115' title="bbox 2066 4112 3640 4191">
    <p class='ocr_par' dir='ltr' id='par_1_115' title="bbox 2066 4112 3640 4191">
     <span class='ocr_line' id='line_1_116' title="bbox 2066 4112 3640 4191; baseline 0.008 -29"><span class='ocrx_word' id='word_1_892' title='bbox 2066 4112 2620 4185; x_wconf 82' lang='grc' dir='ltr'>κατακαλυπτόμενος</span> <span class='ocrx_word' id='word_1_893' title='bbox 2639 4117 2990 4187; x_wconf 87' lang='grc' dir='ltr'>καταισχύνει</span> <span class='ocrx_word' id='word_1_894' title='bbox 3019 4118 3115 4187; x_wconf 82' lang='grc' dir='ltr'>τὴν</span> <span class='ocrx_word' id='word_1_895' title='bbox 3135 4119 3374 4191; x_wconf 78' lang='grc' dir='ltr'>κεφαλὴν</span> <span class='ocrx_word' id='word_1_896' title='bbox 3393 4121 3584 4186; x_wconf 84' lang='grc' dir='ltr'>αὐτοῦ,</span> <span class='ocrx_word' id='word_1_897' title='bbox 3608 4124 3640 4173; x_wconf 85' lang='grc' dir='ltr'>ό</span> 
     </span>
    </p>
   </div>
   <div class='ocr_carea' id='block_1_116' title="bbox 2066 4192 3639 4271">
    <p class='ocr_par' dir='ltr' id='par_1_116' title="bbox 2066 4192 3639 4271">
     <span class='ocr_line' id='line_1_117' title="bbox 2066 4192 3639 4271; baseline 0.008 -26"><span class='ocrx_word' id='word_1_898' title='bbox 2066 4192 2312 4268; x_wconf 85' lang='grc' dir='ltr'>βορϐόρῳ</span> <span class='ocrx_word' id='word_1_899' title='bbox 2359 4198 2556 4268; x_wconf 91' lang='grc' dir='ltr'>χρίων,</span> <span class='ocrx_word' id='word_1_900' title='bbox 2594 4199 2709 4263; x_wconf 89' lang='grc' dir='ltr'>πῶς</span> <span class='ocrx_word' id='word_1_901' title='bbox 2744 4200 2863 4270; x_wconf 77' lang='grc' dir='ltr'>οὐχὶ</span> <span class='ocrx_word' id='word_1_902' title='bbox 2912 4201 3006 4253; x_wconf 66' lang='grc' dir='ltr'>καὶ</span> <span class='ocrx_word' id='word_1_903' title='bbox 3050 4201 3336 4271; x_wconf 80' lang='grc' dir='ltr'>βδελυκτον</span> <span class='ocrx_word' id='word_1_904' title='bbox 3387 4206 3535 4256; x_wconf 89' lang='grc' dir='ltr'>ποιεῖ</span> <span class='ocrx_word' id='word_1_905' title='bbox 3578 4205 3639 4257; x_wconf 84' lang='lat'>16</span> 
     </span>
    </p>
   </div>
   <div class='ocr_carea' id='block_1_117' title="bbox 2065 4277 3637 4356">
    <p class='ocr_par' dir='ltr' id='par_1_117' title="bbox 2065 4277 3637 4356">
     <span class='ocr_line' id='line_1_118' title="bbox 2065 4277 3637 4356; baseline 0.007 -26"><span class='ocrx_word' id='word_1_906' title='bbox 2065 4277 2313 4345; x_wconf 81' lang='grc' dir='ltr'>παιδίονς</span> <span class='ocrx_word' id='word_1_907' title='bbox 2362 4280 2479 4344; x_wconf 88' lang='grc' dir='ltr'>πῶς</span> <span class='ocrx_word' id='word_1_908' title='bbox 2526 4282 2635 4354; x_wconf 80' lang='grc' dir='ltr'>γάρ</span> <span class='ocrx_word' id='word_1_909' title='bbox 2666 4283 2796 4336; x_wconf 77' lang='grc' dir='ltr'>αὐτὸ</span> <span class='ocrx_word' id='word_1_910' title='bbox 2846 4284 3114 4355; x_wconf 83' lang='grc' dir='ltr'>προσάγει</span> <span class='ocrx_word' id='word_1_911' title='bbox 3157 4288 3277 4349; x_wconf 90' lang='grc' dir='ltr'>ταῖς</span> <span class='ocrx_word' id='word_1_912' title='bbox 3327 4288 3484 4356; x_wconf 80' lang='grc' dir='ltr'>χερσὶ</span> <span class='ocrx_word' id='word_1_913' title='bbox 3538 4286 3637 4340; x_wconf 91' lang='grc' dir='ltr'>τοῦ</span> 
     </span>
    </p>
   </div>
   <div class='ocr_carea' id='block_1_118' title="bbox 2069 4361 3631 4440">
    <p class='ocr_par' dir='ltr' id='par_1_118' title="bbox 2069 4361 3631 4440">
     <span class='ocr_line' id='line_1_119' title="bbox 2069 4361 3631 4440; baseline 0.008 -28"><span class='ocrx_word' id='word_1_914' title='bbox 2069 4361 2277 4431; x_wconf 87' lang='grc' dir='ltr'>ίερέως,</span> <span class='ocrx_word' id='word_1_915' title='bbox 2307 4364 2428 4416; x_wconf 88' lang='grc' dir='ltr'>είπέ</span> <span class='ocrx_word' id='word_1_916' title='bbox 2452 4381 2573 4435; x_wconf 73' lang='grc' dir='ltr'>μοις</span> <span class='ocrx_word' id='word_1_917' title='bbox 2607 4365 2723 4429; x_wconf 88' lang='grc' dir='ltr'>πῶς</span> <span class='ocrx_word' id='word_1_918' title='bbox 2743 4366 2911 4433; x_wconf 80' lang='grc' dir='ltr'>ἀξιοῖς</span> <span class='ocrx_word' id='word_1_919' title='bbox 2936 4368 3028 4422; x_wconf 78' lang='grc' dir='ltr'>ἐπὶ</span> <span class='ocrx_word' id='word_1_920' title='bbox 3056 4367 3150 4420; x_wconf 86' lang='grc' dir='ltr'>τοῦ</span> <span class='ocrx_word' id='word_1_921' title='bbox 3184 4368 3433 4438; x_wconf 87' lang='grc' dir='ltr'>μετώπου</span> <span class='ocrx_word' id='word_1_922' title='bbox 3461 4386 3631 4440; x_wconf 79' lang='grc' dir='ltr'>σφραο</span> 
     </span>
    </p>
   </div>
   <div class='ocr_carea' id='block_1_119' title="bbox 2062 4444 3636 4524">
    <p class='ocr_par' dir='ltr' id='par_1_119' title="bbox 2062 4444 3636 4524">
     <span class='ocr_line' id='line_1_120' title="bbox 2062 4444 3636 4524; baseline 0.008 -29"><span class='ocrx_word' id='word_1_923' title='bbox 2062 4444 2184 4511; x_wconf 90' lang='grc' dir='ltr'>γῖδα</span> <span class='ocrx_word' id='word_1_924' title='bbox 2217 4445 2532 4515; x_wconf 79' lang='grc' dir='ltr'>ἐπιτεθῆναι</span> <span class='ocrx_word' id='word_1_925' title='bbox 2570 4448 2722 4518; x_wconf 87' lang='grc' dir='ltr'>παρά</span> <span class='ocrx_word' id='word_1_926' title='bbox 2752 4450 2852 4517; x_wconf 84' lang='grc' dir='ltr'>τῆς</span> <span class='ocrx_word' id='word_1_927' title='bbox 2896 4448 2990 4502; x_wconf 87' lang='grc' dir='ltr'>τοῦ</span> <span class='ocrx_word' id='word_1_928' title='bbox 3022 4451 3390 4523; x_wconf 85' lang='grc' dir='ltr'>πρεσϐυτέρου</span> <span class='ocrx_word' id='word_1_929' title='bbox 3427 4454 3636 4524; x_wconf 75' lang='grc' dir='ltr'>χειρὸς,</span> 
     </span>
    </p>
   </div>
   <div class='ocr_carea' id='block_1_120' title="bbox 2062 4525 3638 4605">
    <p class='ocr_par' dir='ltr' id='par_1_120' title="bbox 2062 4525 3638 4605">
     <span class='ocr_line' id='line_1_121' title="bbox 2062 4525 3638 4605; baseline 0.008 -26"><span class='ocrx_word' id='word_1_930' title='bbox 2062 4525 2190 4580; x_wconf 80' lang='grc' dir='ltr'>ἔνθα</span> <span class='ocrx_word' id='word_1_931' title='bbox 2219 4526 2311 4579; x_wconf 85' lang='grc' dir='ltr'>τὸν</span> <span class='ocrx_word' id='word_1_932' title='bbox 2340 4528 2599 4600; x_wconf 89' lang='grc' dir='ltr'>βόρϐορον</span> <span class='ocrx_word' id='word_1_933' title='bbox 2629 4532 2956 4603; x_wconf 86' lang='grc' dir='ltr'>ἐπέχρισας;</span> <span class='ocrx_word' id='word_1_934' title='bbox 2990 4535 3081 4603; x_wconf 81' lang='grc' dir='ltr'>Μὴ</span> <span class='ocrx_word' id='word_1_935' title='bbox 3108 4534 3279 4588; x_wconf 89' lang='grc' dir='ltr'>ταῦτα</span> <span class='ocrx_word' id='word_1_936' title='bbox 3298 4573 3313 4597; x_wconf 90' lang='grc'>,</span> <span class='ocrx_word' id='word_1_937' title='bbox 3347 4534 3453 4605; x_wconf 82' lang='grc' dir='ltr'>μὴ,</span> <span class='ocrx_word' id='word_1_938' title='bbox 3482 4538 3638 4592; x_wconf 80' lang='grc' dir='ltr'>ἀδελ-</span> 
     </span>
    </p>
   </div>
   <div class='ocr_carea' id='block_1_121' title="bbox 2063 4608 3634 4691">
    <p class='ocr_par' dir='ltr' id='par_1_121' title="bbox 2063 4608 3634 4691">
     <span class='ocr_line' id='line_1_122' title="bbox 2063 4608 3634 4691; baseline 0.007 -30"><span class='ocrx_word' id='word_1_939' title='bbox 2063 4609 2171 4677; x_wconf 76' lang='grc' dir='ltr'>φοὶ,</span> <span class='ocrx_word' id='word_1_940' title='bbox 2196 4608 2310 4663; x_wconf 86' lang='grc' dir='ltr'>ἀλλ’</span> <span class='ocrx_word' id='word_1_941' title='bbox 2331 4613 2395 4664; x_wconf 87' lang='grc' dir='ltr'>ἐκ</span> <span class='ocrx_word' id='word_1_942' title='bbox 2416 4610 2637 4685; x_wconf 81' lang='grc' dir='ltr'>πρώτης</span> <span class='ocrx_word' id='word_1_943' title='bbox 2659 4614 2874 4684; x_wconf 76' lang='grc' dir='ltr'>ἡλικίας</span> <span class='ocrx_word' id='word_1_944' title='bbox 2896 4619 3284 4687; x_wconf 83' lang='grc' dir='ltr'>πνευματικοῖς</span> <span class='ocrx_word' id='word_1_945' title='bbox 3311 4618 3453 4671; x_wconf 85' lang='grc' dir='ltr'>αύτά</span> <span class='ocrx_word' id='word_1_946' title='bbox 3478 4637 3544 4671; x_wconf 84' lang='grc' dir='ltr'>πε</span> <span class='ocrx_word' id='word_1_947' title='bbox 3553 4638 3634 4691; x_wconf 87' lang='grc' dir='ltr'>ρι-</span> 
     </span>
    </p>
   </div>
   <div class='ocr_carea' id='block_1_122' title="bbox 2063 4694 3637 4773">
    <p class='ocr_par' dir='ltr' id='par_1_122' title="bbox 2063 4694 3637 4773">
     <span class='ocr_line' id='line_1_123' title="bbox 2063 4694 3637 4773; baseline 0.008 -29"><span class='ocrx_word' id='word_1_948' title='bbox 2063 4694 2327 4764; x_wconf 86' lang='grc' dir='ltr'>φράττετε</span> <span class='ocrx_word' id='word_1_949' title='bbox 2356 4694 2559 4760; x_wconf 81' lang='grc' dir='ltr'>ὅπλοις,</span> <span class='ocrx_word' id='word_1_950' title='bbox 2589 4699 2684 4750; x_wconf 78' lang='grc' dir='ltr'>καὶ</span> <span class='ocrx_word' id='word_1_951' title='bbox 2716 4701 2781 4769; x_wconf 82' lang='grc' dir='ltr'>τῇ</span> <span class='ocrx_word' id='word_1_952' title='bbox 2815 4700 2957 4770; x_wconf 69' lang='grc' dir='ltr'>χειρὶ</span> <span class='ocrx_word' id='word_1_953' title='bbox 2991 4699 3273 4754; x_wconf 82' lang='grc' dir='ltr'>παιδεύετε</span> <span class='ocrx_word' id='word_1_954' title='bbox 3308 4706 3637 4773; x_wconf 76' lang='grc' dir='ltr'>σφραγίζειν</span> 
     </span>
    </p>
   </div>
   <div class='ocr_carea' id='block_1_123' title="bbox 2059 4775 3639 4857">
    <p class='ocr_par' dir='ltr' id='par_1_123' title="bbox 2059 4775 3639 4857">
     <span class='ocr_line' id='line_1_124' title="bbox 2059 4775 3639 4857; baseline 0.01 -30"><span class='ocrx_word' id='word_1_955' title='bbox 2059 4775 2120 4827; x_wconf 89' lang='lat'>16</span> <span class='ocrx_word' id='word_1_956' title='bbox 2162 4776 2446 4846; x_wconf 81' lang='grc' dir='ltr'>μέτωπον’</span> <span class='ocrx_word' id='word_1_957' title='bbox 2482 4779 2576 4832; x_wconf 77' lang='grc' dir='ltr'>καὶ</span> <span class='ocrx_word' id='word_1_958' title='bbox 2608 4780 2739 4849; x_wconf 70' lang='grc' dir='ltr'>πρὶν</span> <span class='ocrx_word' id='word_1_959' title='bbox 2773 4781 2804 4852; x_wconf 84' lang='grc' dir='ltr'>ἢ</span> <span class='ocrx_word' id='word_1_960' title='bbox 2846 4780 3142 4852; x_wconf 81' lang='grc' dir='ltr'>δυνηθῆναι</span> <span class='ocrx_word' id='word_1_961' title='bbox 3188 4787 3253 4855; x_wconf 81' lang='grc' dir='ltr'>τῇ</span> <span class='ocrx_word' id='word_1_962' title='bbox 3296 4786 3441 4857; x_wconf 74' lang='grc' dir='ltr'>χειρὶ</span> <span class='ocrx_word' id='word_1_963' title='bbox 3478 4789 3639 4842; x_wconf 78' lang='grc' dir='ltr'>τοῦτο</span> 
     </span>
    </p>
   </div>
   <div class='ocr_carea' id='block_1_124' title="bbox 2059 4859 3360 4939">
    <p class='ocr_par' dir='ltr' id='par_1_124' title="bbox 2059 4859 3360 4939">
     <span class='ocr_line' id='line_1_125' title="bbox 2059 4859 3360 4939; baseline 0.008 -30"><span class='ocrx_word' id='word_1_964' title='bbox 2059 4860 2252 4924; x_wconf 88' lang='grc' dir='ltr'>ποιεῖν,</span> <span class='ocrx_word' id='word_1_965' title='bbox 2285 4859 2437 4914; x_wconf 79' lang='grc' dir='ltr'>αὐτοὶ</span> <span class='ocrx_word' id='word_1_966' title='bbox 2454 4862 2745 4916; x_wconf 87' lang='grc' dir='ltr'>ἐντυποῦτε</span> <span class='ocrx_word' id='word_1_967' title='bbox 2775 4865 2956 4929; x_wconf 83' lang='grc' dir='ltr'>αὐτοῖς</span> <span class='ocrx_word' id='word_1_968' title='bbox 2982 4865 3071 4919; x_wconf 82' lang='grc' dir='ltr'>τὸν</span> <span class='ocrx_word' id='word_1_969' title='bbox 3108 4871 3360 4939; x_wconf 85' lang='grc' dir='ltr'>σταυρόν.</span> 
     </span>
    </p>
   </div>
   <div class='ocr_carea' id='block_1_125' title="bbox 2130 4960 3633 5041">
    <p class='ocr_par' dir='ltr' id='par_1_125' title="bbox 2130 4960 3633 5041">
     <span class='ocr_line' id='line_1_126' title="bbox 2130 4960 3633 5041; baseline 0.01 -27"><span class='ocrx_word' id='word_1_970' title='bbox 2130 4960 2195 5015; x_wconf 89' lang='grc' dir='ltr'>Τί</span> <span class='ocrx_word' id='word_1_971' title='bbox 2223 4960 2287 5016; x_wconf 84' lang='grc' dir='ltr'>άν</span> <span class='ocrx_word' id='word_1_972' title='bbox 2305 4980 2387 5026; x_wconf 86' lang='grc' dir='ltr'>τις</span> <span class='ocrx_word' id='word_1_973' title='bbox 2408 4965 2550 5020; x_wconf 87' lang='grc' dir='ltr'>είποι</span> <span class='ocrx_word' id='word_1_974' title='bbox 2572 4967 2668 5030; x_wconf 83' lang='grc' dir='ltr'>τὰς</span> <span class='ocrx_word' id='word_1_975' title='bbox 2689 4968 2878 5038; x_wconf 84' lang='grc' dir='ltr'>ἐτέρας</span> <span class='ocrx_word' id='word_1_976' title='bbox 2906 4972 3312 5041; x_wconf 79' lang='grc' dir='ltr'>παρατηρήσεις</span> <span class='ocrx_word' id='word_1_977' title='bbox 3340 4970 3439 5037; x_wconf 79' lang='grc' dir='ltr'>τὰς</span> <span class='ocrx_word' id='word_1_978' title='bbox 3464 4990 3633 5029; x_wconf 86' lang='grc' dir='ltr'>σατα-</span> 
     </span>
    </p>
   </div>
   <div class='ocr_carea' id='block_1_126' title="bbox 2057 5047 3637 5128">
    <p class='ocr_par' dir='ltr' id='par_1_126' title="bbox 2057 5047 3637 5128">
     <span class='ocr_line' id='line_1_127' title="bbox 2057 5047 3637 5128; baseline 0.01 -29"><span class='ocrx_word' id='word_1_979' title='bbox 2057 5047 2212 5109; x_wconf 83' lang='grc' dir='ltr'>νικάς</span> <span class='ocrx_word' id='word_1_980' title='bbox 2241 5048 2330 5101; x_wconf 74' lang='grc' dir='ltr'>ἐπὶ</span> <span class='ocrx_word' id='word_1_981' title='bbox 2368 5048 2474 5101; x_wconf 89' lang='grc' dir='ltr'>τῶν</span> <span class='ocrx_word' id='word_1_982' title='bbox 2503 5049 2706 5103; x_wconf 84' lang='grc' dir='ltr'>ώδίνων</span> <span class='ocrx_word' id='word_1_983' title='bbox 2740 5053 2832 5104; x_wconf 75' lang='grc' dir='ltr'>καὶ</span> <span class='ocrx_word' id='word_1_984' title='bbox 2864 5051 2971 5105; x_wconf 90' lang='grc' dir='ltr'>τῶν</span> <span class='ocrx_word' id='word_1_985' title='bbox 3003 5056 3259 5118; x_wconf 86' lang='grc' dir='ltr'>τοκετῶν,</span> <span class='ocrx_word' id='word_1_986' title='bbox 3290 5055 3355 5119; x_wconf 79' lang='grc' dir='ltr'>ἃς</span> <span class='ocrx_word' id='word_1_987' title='bbox 3389 5058 3446 5111; x_wconf 90' lang='grc' dir='ltr'>αί</span> <span class='ocrx_word' id='word_1_988' title='bbox 3476 5064 3637 5128; x_wconf 86' lang='grc' dir='ltr'>μαῖαι</span> 
     </span>
    </p>
   </div>
   <div class='ocr_carea' id='block_1_127' title="bbox 2057 5129 3640 5209">
    <p class='ocr_par' dir='ltr' id='par_1_127' title="bbox 2057 5129 3640 5209">
     <span class='ocr_line' id='line_1_128' title="bbox 2057 5129 3640 5209; baseline 0.009 -27"><span class='ocrx_word' id='word_1_989' title='bbox 2057 5130 2149 5183; x_wconf 81' lang='grc' dir='ltr'>ἐπὶ</span> <span class='ocrx_word' id='word_1_990' title='bbox 2182 5129 2335 5200; x_wconf 87' lang='grc' dir='ltr'>κακῷ</span> <span class='ocrx_word' id='word_1_991' title='bbox 2364 5133 2461 5201; x_wconf 80' lang='grc' dir='ltr'>τῆς</span> <span class='ocrx_word' id='word_1_992' title='bbox 2488 5131 2694 5192; x_wconf 88' lang='grc' dir='ltr'>έαυτῶν</span> <span class='ocrx_word' id='word_1_993' title='bbox 2726 5135 3076 5203; x_wconf 85' lang='grc' dir='ltr'>ἐπεισάγουσι</span> <span class='ocrx_word' id='word_1_994' title='bbox 3106 5138 3347 5209; x_wconf 75' lang='grc' dir='ltr'>κεφαλῆς</span> <span class='ocrx_word' id='word_1_995' title='bbox 3374 5156 3388 5205; x_wconf 92' lang='lat'>;</span> <span class='ocrx_word' id='word_1_996' title='bbox 3416 5141 3517 5205; x_wconf 82' lang='grc' dir='ltr'>τὰς</span> <span class='ocrx_word' id='word_1_997' title='bbox 3543 5146 3640 5199; x_wconf 74' lang='grc' dir='ltr'>ἐπὶ</span> 
     </span>
    </p>
   </div>
   <div class='ocr_carea' id='block_1_128' title="bbox 2056 5211 3628 5293">
    <p class='ocr_par' dir='ltr' id='par_1_128' title="bbox 2056 5211 3628 5293">
     <span class='ocr_line' id='line_1_129' title="bbox 2056 5211 3628 5293; baseline 0.009 -28"><span class='ocrx_word' id='word_1_998' title='bbox 2056 5211 2151 5266; x_wconf 90' lang='grc' dir='ltr'>τοῦ</span> <span class='ocrx_word' id='word_1_999' title='bbox 2191 5212 2419 5268; x_wconf 86' lang='grc' dir='ltr'>θανάτου</span> <span class='ocrx_word' id='word_1_1000' title='bbox 2460 5216 2553 5268; x_wconf 78' lang='grc' dir='ltr'>καὶ</span> <span class='ocrx_word' id='word_1_1001' title='bbox 2592 5215 2691 5286; x_wconf 83' lang='grc' dir='ltr'>τῆς</span> <span class='ocrx_word' id='word_1_1002' title='bbox 2735 5218 2856 5271; x_wconf 84' lang='grc' dir='ltr'>καθ’</span> <span class='ocrx_word' id='word_1_1003' title='bbox 2891 5219 3118 5274; x_wconf 71' lang='grc' dir='ltr'>ἕκαστον</span> <span class='ocrx_word' id='word_1_1004' title='bbox 3143 5224 3382 5293; x_wconf 78' lang='grc' dir='ltr'>ἐκφορᾶς</span> <span class='ocrx_word' id='word_1_1005' title='bbox 3414 5224 3514 5289; x_wconf 89' lang='grc' dir='ltr'>τάς</span> <span class='ocrx_word' id='word_1_1006' title='bbox 3555 5230 3628 5280; x_wconf 72' lang='lat' dir='ltr'><strong>0E-</strong></span> 
     </span>
    </p>
   </div>
   <div class='ocr_carea' id='block_1_129' title="bbox 2060 5296 3633 5375">
    <p class='ocr_par' dir='ltr' id='par_1_129' title="bbox 2060 5296 3633 5375">
     <span class='ocr_line' id='line_1_130' title="bbox 2060 5296 3633 5375; baseline 0.01 -28"><span class='ocrx_word' id='word_1_1007' title='bbox 2060 5296 2268 5365; x_wconf 74' lang='grc' dir='ltr'>μωγάς,</span> <span class='ocrx_word' id='word_1_1008' title='bbox 2289 5297 2414 5360; x_wconf 79' lang='grc' dir='ltr'>τοὺς</span> <span class='ocrx_word' id='word_1_1009' title='bbox 2446 5300 2722 5363; x_wconf 80' lang='grc' dir='ltr'>κωκυτοὺς</span> <span class='ocrx_word' id='word_1_1010' title='bbox 2752 5301 2875 5363; x_wconf 80' lang='grc' dir='ltr'>τοὺς</span> <span class='ocrx_word' id='word_1_1011' title='bbox 2902 5301 3149 5371; x_wconf 86' lang='grc' dir='ltr'>ἀλόγους,</span> <span class='ocrx_word' id='word_1_1012' title='bbox 3173 5306 3271 5375; x_wconf 78' lang='grc' dir='ltr'>τὴν</span> <span class='ocrx_word' id='word_1_1013' title='bbox 3311 5308 3368 5359; x_wconf 90' lang='grc' dir='ltr'>ἐν</span> <span class='ocrx_word' id='word_1_1014' title='bbox 3396 5311 3510 5372; x_wconf 88' lang='grc' dir='ltr'>τοῖς</span> <span class='ocrx_word' id='word_1_1015' title='bbox 3540 5312 3633 5363; x_wconf 81' lang='grc' dir='ltr'>τά·</span> 
     </span>
    </p>
   </div>
   <div class='ocr_carea' id='block_1_130' title="bbox 2058 5379 3634 5458">
    <p class='ocr_par' dir='ltr' id='par_1_130' title="bbox 2058 5379 3634 5458">
     <span class='ocr_line' id='line_1_131' title="bbox 2058 5379 3634 5458; baseline 0.01 -29"><span class='ocrx_word' id='word_1_1016' title='bbox 2058 5395 2176 5446; x_wconf 85' lang='grc' dir='ltr'>φοις</span> <span class='ocrx_word' id='word_1_1017' title='bbox 2192 5379 2397 5445; x_wconf 89' lang='grc' dir='ltr'>ἀνοιαν,</span> <span class='ocrx_word' id='word_1_1018' title='bbox 2419 5379 2517 5449; x_wconf 82' lang='grc' dir='ltr'>τὴν</span> <span class='ocrx_word' id='word_1_1019' title='bbox 2540 5380 2666 5452; x_wconf 76' lang='grc' dir='ltr'>περὶ</span> <span class='ocrx_word' id='word_1_1020' title='bbox 2687 5382 2753 5436; x_wconf 84' lang='grc' dir='ltr'>τά</span> <span class='ocrx_word' id='word_1_1021' title='bbox 2782 5388 3038 5455; x_wconf 80' lang='grc' dir='ltr'>μνήματα</span> <span class='ocrx_word' id='word_1_1022' title='bbox 3068 5388 3323 5458; x_wconf 84' lang='grc' dir='ltr'>σπουδὴν,</span> <span class='ocrx_word' id='word_1_1023' title='bbox 3348 5391 3438 5444; x_wconf 84' lang='lat' dir='ltr'><strong>16v</strong></span> <span class='ocrx_word' id='word_1_1024' title='bbox 3466 5393 3634 5446; x_wconf 83' lang='grc' dir='ltr'>ἀκαι-</span> 
     </span>
    </p>
   </div>
   <div class='ocr_carea' id='block_1_131' title="bbox 2057 5463 3635 5543">
    <p class='ocr_par' dir='ltr' id='par_1_131' title="bbox 2057 5463 3635 5543">
     <span class='ocr_line' id='line_1_132' title="bbox 2057 5463 3635 5543; baseline 0.01 -29"><span class='ocrx_word' id='word_1_1025' title='bbox 2057 5478 2149 5532; x_wconf 90' lang='grc' dir='ltr'>ρον</span> <span class='ocrx_word' id='word_1_1026' title='bbox 2221 5463 2317 5516; x_wconf 73' lang='grc' dir='ltr'>καὶ</span> <span class='ocrx_word' id='word_1_1027' title='bbox 2375 5464 2774 5529; x_wconf 84' lang='grc' dir='ltr'>καταγέλαστον</span> <span class='ocrx_word' id='word_1_1028' title='bbox 2835 5469 2945 5522; x_wconf 85' lang='grc' dir='ltr'>τῶν</span> <span class='ocrx_word' id='word_1_1029' title='bbox 3001 5470 3291 5541; x_wconf 87' lang='grc' dir='ltr'>θρηνῳδῶν</span> <span class='ocrx_word' id='word_1_1030' title='bbox 3355 5477 3635 5543; x_wconf 83' lang='grc' dir='ltr'>γυναικῶν</span> 
     </span>
    </p>
   </div>
   <div class='ocr_carea' id='block_1_132' title="bbox 2054 5543 3636 5624">
    <p class='ocr_par' dir='ltr' id='par_1_132' title="bbox 2054 5543 3636 5624">
     <span class='ocr_line' id='line_1_133' title="bbox 2054 5543 3636 5624; baseline 0.011 -28"><span class='ocrx_word' id='word_1_1031' title='bbox 2054 5543 2239 5615; x_wconf 78' lang='grc' dir='ltr'>ἐσμὸν,</span> <span class='ocrx_word' id='word_1_1032' title='bbox 2269 5544 2367 5605; x_wconf 81' lang='grc' dir='ltr'>τὰς</span> <span class='ocrx_word' id='word_1_1033' title='bbox 2414 5545 2519 5597; x_wconf 84' lang='grc' dir='ltr'>τῶν</span> <span class='ocrx_word' id='word_1_1034' title='bbox 2540 5547 2761 5618; x_wconf 77' lang='grc' dir='ltr'>ἡμερῶν</span> <span class='ocrx_word' id='word_1_1035' title='bbox 2785 5555 3216 5624; x_wconf 83' lang='grc' dir='ltr'>παρατηρήσεις,</span> <span class='ocrx_word' id='word_1_1036' title='bbox 3255 5556 3363 5609; x_wconf 90' lang='grc' dir='ltr'>τῶν</span> <span class='ocrx_word' id='word_1_1037' title='bbox 3405 5559 3636 5614; x_wconf 82' lang='grc' dir='ltr'>εἰσόδων</span> 
     </span>
    </p>
   </div>
   <div class='ocr_carea' id='block_1_133' title="bbox 2054 5626 3638 5717">
    <p class='ocr_par' dir='ltr' id='par_1_133' title="bbox 2054 5626 3638 5717">
     <span class='ocr_line' id='line_1_134' title="bbox 2054 5626 3638 5717; baseline 0.011 -36"><span class='ocrx_word' id='word_1_1038' title='bbox 2054 5628 2147 5681; x_wconf 86' lang='grc' dir='ltr'>καί</span> <span class='ocrx_word' id='word_1_1039' title='bbox 2174 5626 2282 5679; x_wconf 88' lang='grc' dir='ltr'>τῶν</span> <span class='ocrx_word' id='word_1_1040' title='bbox 2305 5626 2496 5691; x_wconf 77' lang='grc' dir='ltr'>ἐξόδων</span> <span class='ocrx_word' id='word_1_1041' title='bbox 2518 5647 2532 5696; x_wconf 89' lang='grc'><strong>;</strong></span> <span class='ocrx_word' id='word_1_1042' title='bbox 2560 5630 2774 5686; x_wconf 81' lang='grc' dir='ltr'>Τούτων</span> <span class='ocrx_word' id='word_1_1043' title='bbox 2792 5630 2907 5701; x_wconf 81' lang='grc' dir='ltr'>οὖν,</span> <span class='ocrx_word' id='word_1_1044' title='bbox 2932 5638 3052 5689; x_wconf 87' lang='grc' dir='ltr'>είπέ</span> <span class='ocrx_word' id='word_1_1045' title='bbox 3082 5654 3193 5706; x_wconf 89' lang='grc' dir='ltr'>μοι,</span> <span class='ocrx_word' id='word_1_1046' title='bbox 3224 5640 3324 5708; x_wconf 79' lang='grc' dir='ltr'>τὴν</span> <span class='ocrx_word' id='word_1_1047' title='bbox 3354 5638 3512 5706; x_wconf 80' lang='grc' dir='ltr'>δόξαν</span> <span class='ocrx_word' id='word_1_1048' title='bbox 3533 5643 3638 5717; x_wconf 78' lang='grc' dir='ltr'>θη-</span> 
     </span>
    </p>
   </div>
   <div class='ocr_carea' id='block_1_134' title="bbox 2111 5759 3636 5828">
    <p class='ocr_par' dir='ltr' id='par_1_134' title="bbox 2111 5759 3636 5828">
     <span class='ocr_line' id='line_1_135' title="bbox 2111 5759 3636 5828; baseline 0.012 -22"><span class='ocrx_word' id='word_1_1049' title='bbox 2111 5759 2139 5828; x_wconf 60' lang='grc' dir='ltr'><strong>ξι</strong></span> <span class='ocrx_word' id='word_1_1050' title='bbox 2177 5760 2311 5828; x_wconf 60' lang='grc' dir='ltr'>ῌηιιε</span> <span class='ocrx_word' id='word_1_1051' title='bbox 2336 5760 2482 5828; x_wconf 60' lang='grc' dir='ltr'>Βρεη</span> <span class='ocrx_word' id='word_1_1052' title='bbox 2510 5762 2579 5828; x_wconf 76' lang='lat' dir='ltr'>&quot;O_</span> <span class='ocrx_word' id='word_1_1053' title='bbox 2600 5765 2741 5828; x_wconf 72' lang='grc' dir='ltr'>μηδὲν</span> <span class='ocrx_word' id='word_1_1054' title='bbox 2781 5767 2863 5827; x_wconf 79' lang='grc' dir='ltr'>μὲν</span> <span class='ocrx_word' id='word_1_1055' title='bbox 2889 5766 3004 5816; x_wconf 86' lang='grc' dir='ltr'>εἶναι</span> <span class='ocrx_word' id='word_1_1056' title='bbox 3016 5769 3156 5818; x_wconf 79' lang='grc' dir='ltr'>-δοκεῖ</span> <span class='ocrx_word' id='word_1_1057' title='bbox 3198 5772 3346 5821; x_wconf 84' lang='grc' dir='ltr'>κακὸν</span> <span class='ocrx_word' id='word_1_1058' title='bbox 3384 5774 3484 5828; x_wconf 79' lang='grc' dir='ltr'>τοῖς</span> <span class='ocrx_word' id='word_1_1059' title='bbox 3504 5778 3636 5823; x_wconf 80' lang='grc' dir='ltr'>πο)-</span> 
     </span>
    </p>
   </div>
   <div class='ocr_carea' id='block_1_135' title="bbox 2050 5823 3631 5900">
    <p class='ocr_par' dir='ltr' id='par_1_135' title="bbox 2050 5823 3631 5900">
     <span class='ocr_line' id='line_1_136' title="bbox 2050 5823 3631 5900; baseline 0.007 -29"><span class='ocrx_word' id='word_1_1060' title='bbox 2050 5824 2167 5884; x_wconf 80' lang='grc' dir='ltr'>λοῖς,</span> <span class='ocrx_word' id='word_1_1061' title='bbox 2190 5823 2311 5886; x_wconf 79' lang='grc' dir='ltr'>ἀρχὴ</span> <span class='ocrx_word' id='word_1_1062' title='bbox 2334 5824 2385 5872; x_wconf 85' lang='grc' dir='ltr'>δέ</span> <span class='ocrx_word' id='word_1_1063' title='bbox 2409 5824 2535 5872; x_wconf 83' lang='grc' dir='ltr'>ἐστιν</span> <span class='ocrx_word' id='word_1_1064' title='bbox 2559 5823 2878 5883; x_wconf 73' lang='grc' dir='ltr'>ἀπιστίαςκαί</span> <span class='ocrx_word' id='word_1_1065' title='bbox 2903 5837 2990 5885; x_wconf 69' lang='grc' dir='ltr'>πρὸ</span> <span class='ocrx_word' id='word_1_1066' title='bbox 3000 5848 3097 5893; x_wconf 85' lang='grc' dir='ltr'>γμα</span> <span class='ocrx_word' id='word_1_1067' title='bbox 3118 5835 3374 5897; x_wconf 73' lang='grc' dir='ltr'>παρανοίας</span> <span class='ocrx_word' id='word_1_1068' title='bbox 3398 5835 3443 5880; x_wconf 76' lang='grc' dir='ltr'>ἐ(</span> <span class='ocrx_word' id='word_1_1069' title='bbox 3455 5823 3631 5900; x_wconf 73' lang='grc' dir='ltr'>χάτης.</span> 
     </span>
    </p>
   </div>
  </div>
