3986 6202
348 403 446 461 105

346 556 578 607 lucet-tm
608 548 929 603 inducuntur
963 540 1172 602 multa),
1201 552 1321 606 qua:
1353 533 1739 604 turpitudinem
1762 532 1928 585 latere

346 661 452 699 non
507 642 708 698 sinunt.
753 635 890 703 Quid
939 634 1081 688 enim
1120 630 1219 685 sibi
1263 620 1379 681 vult
1427 626 1595 680 multa
1623 625 1711 679 illa
1741 623 1931 677 turba?

347 735 474 805 quid
514 730 782 788 ebrietas?
828 725 952 796 quid
997 720 1224 777 listnlie?
1256 732 1436 773 nonne
1468 716 1644 786 palam
1683 722 1764 769 est
1817 712 1932 767 lnec

350 824 635 889 adhiberi,
684 830 739 875 ut
792 834 859 873 ne
909 816 942 871 ii
980 813 1233 885 quidem,
1267 810 1356 881 qui
1400 806 1744 907 in-domibu‘s
1769 813 1929 907 sunt,

347 920 495 988 gravi
522 929 710 970 somno
736 911 917 967 obruti
948 908 1060 961 hare
1089 906 1355 975 ignorent,
1387 900 1481 957 sed
1510 915 1539 954 a
1569 898 1759 953 llstnlis
1784 898 1932 952 etei-

353 1010 443 1063 tati
486 1018 538 1063 et
565 1018 799 1074 superne
828 1017 895 1055 ex
927 996 1182 1052 cancellis
1216 1009 1334 1048 sese
1372 990 1727 1089 inclinantes,
1771 997 1935 1089 testes

350 1100 454 1154 sint
481 1098 623 1151 illius
646 1090 968 1150 commdite?
993 1087 1129 1155 Quid
1158 1085 1358 1139 dixeris
1387 1083 1455 1138 de
1499 1080 1632 1150 ipsis
1673 1080 1931 1143 canticis,

352 1204 472 1260 qua:
513 1187 657 1243 onmi
686 1186 846 1254 plena
889 1190 1010 1235 sunt
1039 1176 1398 1272 impudicitia,
1429 1185 1653 1242 quaeque
1675 1167 1936 1272 absurdos

353 1295 562 1336 amores
584 1320 599 1343 ,
628 1277 933 1346 illegitimos
959 1269 1293 1329 concubitus,
1322 1267 1604 1320 domorum
1629 1267 1936 1319 eversiones

351 1386 403 1429 et
432 1374 741 1426 innumeras
764 1368 1019 1420 inducunt
1039 1360 1348 1431 tragoedias,
1379 1367 1435 1414 et
1461 1372 1603 1425 sape
1629 1369 1823 1409 nomen
1850 1352 1935 1408 di-

355 1463 479 1518 lecti
520 1472 574 1517 ct
604 1460 830 1512 amantis
860 1457 1055 1509 habent
1076 1496 1090 1520 ,
1121 1465 1422 1519 nomenque
1446 1448 1657 1503 dilecta:
1687 1458 1741 1499 et
1788 1461 1938 1499 ama-

355 1554 497 1608 εἰπε-ρ
533 1552 793 1619 ρηηάίιιιο
819 1546 1031 1618 gravius
1060 1553 1161 1605 est,
1200 1542 1284 1595 his
1312 1541 1507 1594 adsunt
1534 1539 1792 1607 virgines,
1818 1550 1938 1638 qua:

355 1659 576 1700 onmem
607 1650 864 1695 caruerunt
899 1638 1170 1705 pudorem,
1200 1632 1253 1686 itt
1280 1632 1536 1685 honorem
1564 1643 1798 1699 sponsm,
1829 1632 1938 1679 imo

360 1738 419 1792 in
440 1731 860 1794 contumeliam;
887 1741 933 1782 et
963 1730 1190 1781 salutem
1218 1737 1372 1777 suam
1393 1721 1651 1790 produnt,
1685 1721 1930 1787 interque

355 1827 597 1897 juvenes
645 1822 901 1876 indecore
941 1833 1001 1872 sc
1046 1820 1277 1885 gerunt,
1324 1810 1525 1877 ineptis
1569 1808 1852 1863 cantilenis
1880 1813 1934 1861 et

358 1916 553 1972 verbis
571 1911 821 1981 turpibus
841 1924 961 1963 cuni
982 1906 1222 1962 satanica
1247 1900 1560 1971 symphonia
1581 1905 1808 1953 utentes.
1831 1897 1929 1950 Ad-

355 2004 556 2067 hucne,
588 2015 792 2067 qua-so,
846 1996 1141 2062 interrogas
1169 1991 1434 2044 undenam
1477 1988 1773 2043 adulteria?
1799 1985 1939 2042 unde

354 2088 773 2146 fornicationes?
799 2087 938 2139 unde
969 2084 1271 2152 nuptiarum
1301 2080 1670 2148 corruptiones
1690 2079 1713 2131 ?
1737 2079 1804 2132 At
1830 2094 1937 2132 non

353 2186 599 2251 ingenua:
625 2189 679 2232 et
706 2179 943 2231 honestae
964 2215 978 2235 ,
1011 2173 1252 2240 inquies,
1285 2171 1385 2225 hoc
1411 2169 1629 2224 faciunt.
1661 2168 1771 2223 Cur
1809 2183 1941 2237 ergo

354 2288 444 2327 me
490 2271 712 2331 irrides,
757 2283 878 2321 cum
924 2264 1037 2331 ipse
1069 2264 1205 2316 hanc
1250 2262 1419 2330 legem
1459 2267 1583 2315 ante
1626 2274 1714 2315 me
1762 2259 1940 2314 scias?

351 2368 487 2420 Nam
530 2364 574 2417 si
605 2363 741 2415 bima
781 2366 907 2412 sunt
953 2357 1037 2409 illa
1063 2397 1079 2422 ,
1124 2354 1240 2408 sine
1282 2353 1402 2406 illas
1439 2366 1651 2421 quoque
1678 2351 1728 2405 id
1757 2365 1937 2420 agerc.

352 2459 490 2514 Num
533 2456 654 2525 quia
684 2454 786 2507 illa:
814 2452 866 2504 in
897 2454 1212 2518 paupertate
1243 2444 1477 2498 vivunt?
1505 2457 1683 2498 nonne
1724 2453 1778 2498 et
1806 2442 1940 2511 ipsze

351 2550 586 2619 virgines
613 2554 768 2610 sunt,
799 2543 1021 2612 illasque
1046 2538 1308 2594 castitatis
1334 2552 1517 2591 curam
1548 2537 1747 2591 habere
1774 2550 1940 2605 opor—

350 2653 423 2695 te:
445 2641 470 2693 ’ἒ
500 2640 649 2693 Nunc
691 2645 864 2689 autem
886 2631 1009 2685 dum
1031 2630 1195 2685 saltat
1219 2628 1369 2697 virgo
1411 2627 1462 2680 in
1489 2625 1758 2680 communi
1782 2625 1939 2679 thea-

351 2746 439 2787 tro
462 2728 848 2799 impudicorum
872 2725 1146 2791 iuvenum,
1169 2735 1368 2784 annon,
1388 2732 1588 2789 quaso,
1607 2715 1819 2772 videtur
1844 2716 1940 2772 tibi

350 2827 440 2879 vel
473 2822 752 2877 meretrice
789 2815 1156 2871 iuhonestior?
1181 2813 1335 2882 Quod
1368 2814 1424 2867 si
1466 2812 1670 2867 dixeris
1714 2812 1942 2867 ancillas

353 2918 407 2971 id
442 2916 623 2970 facere
641 2955 656 2978 ,
684 2927 855 2980 neque
882 2910 961 2965 sic
984 2909 1143 2962 linem
1172 2906 1310 2961 facio
1337 2915 1390 2960 te
1418 2905 1704 2961 accusandi
1729 2921 1742 2959 :
1768 2919 1944 2976 neque

350 3008 501 3064 enim
531 3006 634 3060 illis
659 3004 709 3056 id
740 3001 1021 3070 oportebat
1049 2998 1303 3069 permitti.

426 3100 483 3150 7.
512 3094 705 3151 Omnia
733 3092 875 3146 enim
908 3090 1034 3143 hinc
1061 3089 1199 3143 mala
1239 3090 1504 3151 oriuntur,
1534 3086 1675 3156 quod
1729 3085 1945 3142 familia:

351 3188 559 3244 nullam
599 3184 893 3237 habeamus
935 3181 1199 3234 rationem
1228 3197 1243 3244 ;
1274 3179 1366 3233 sed
1392 3179 1458 3233 ad
1505 3194 1618 3232 rem
1646 3177 1944 3247 despicien-

347 3284 479 3337 dam
526 3278 657 3333 satis
699 3283 781 3329 est
835 3273 1050 3331 dicere.
1093 3271 1291 3326 Servus
1335 3279 1453 3329 est.
1506 3269 1718 3323 ancilla:
1748 3277 1876 3323 sunt
1919 3284 1936 3321 :

346 3370 569 3429 etiamsi
597 3365 833 3438 quotidie
853 3363 1073 3419 audiant
1106 3382 1121 3418 :
1148 3360 1214 3414 In
1240 3360 1440 3415 Christo
1466 3359 1592 3414 Iesu
1620 3377 1721 3414 non
1742 3376 1940 3425 servus,

349 3484 457 3519 non
489 3465 615 3517 liber
645 3470 719 3514 est
773 3457 915 3527 (Gul.
958 3457 1013 3510 5.
1059 3454 1174 3525 28).
1205 3454 1286 3508 Tu
1316 3470 1441 3507 vero
1479 3468 1675 3522 equum
1726 3453 1942 3522 quidem

349 3573 470 3610 non
514 3551 748 3618 despicis
776 3564 872 3603 nec
900 3548 1109 3600 asinum
1134 3585 1152 3609 ,
1203 3544 1295 3597 sed
1340 3544 1469 3597 nihil
1504 3559 1607 3596 non
1636 3544 1749 3612 agis
1792 3550 1850 3596 ttt
1879 3558 1947 3597 ne

349 3644 542 3699 vitiosi
587 3644 755 3702 fiant;
799 3651 979 3692 servos
1023 3644 1199 3690 autem
1245 3634 1477 3702 despicis
1519 3633 1707 3687 eadem
1737 3646 1840 3701 qua
1891 3641 1947 3685 tu

349 3735 622 3806 praeditos
648 3729 871 3783 anima?
901 3728 962 3781 Et
987 3726 1111 3796 quid
1141 3725 1263 3779 dico
1284 3740 1395 3779 seri
1408 3738 1492 3786 os,
1521 3722 1737 3791 quando
1785 3721 1947 3775 etiarn

348 3840 407 3882 et
456 3827 599 3880 filios
628 3832 682 3878 ct
714 3820 892 3874 tilias?
919 3819 1054 3886 Quid
1109 3831 1239 3871 vero
1285 3814 1514 3883 postea?
1542 3812 1778 3867 Necesse
1823 3822 1905 3867 est
1931 3852 1945 3876 ,

351 3929 415 3974 ut
437 3918 600 3973 dolor
628 3914 807 3969 statim
839 3913 1049 3976 subeat,
1080 3925 1201 3964 cum
1231 3909 1305 3962 illi
1337 3920 1525 3961 omnes
1556 3919 1766 3975 pessum
1787 3912 1946 3969 eant;

348 4024 507 4079 Saepe
553 4016 733 4063 autem
789 4002 1080 4056 maximum
1128 4014 1339 4068 quoque
1382 3998 1674 4062 damnum,
1726 4011 1848 4051 cum
1894 3996 1946 4050 in

352 4102 523 4156 turba
552 4107 611 4152 et
654 4095 882 4150 tumultu
927 4094 1093 4147 multa
1118 4106 1278 4144 aurea
1313 4092 1539 4158 pretiosa
1572 4096 1809 4157 pereant.
1844 4089 1945 4142 De-

348 4196 493 4250 inde
540 4200 666 4261 post
710 4188 921 4257 nuptias
970 4185 1015 4238 si
1057 4193 1215 4237 natus
1261 4181 1423 4236 fuerit
1465 4179 1669 4247 infans,
1700 4181 1945 4235 eamdem

350 4285 674 4341 videbimus
721 4278 1011 4334 amentiam
1051 4284 1108 4329 et
1155 4275 1317 4327 nmlta
1365 4271 1607 4342 symbola
1631 4273 1741 4326 risu
1770 4272 1945 4341 plena.

350 4381 497 4434 Nam
544 4392 672 4433 cum
716 4372 901 4426 infiniti
934 4385 1128 4424 nomen
1160 4370 1435 4437 imponere
1464 4365 1794 4431 oportuerit,
1843 4381 1948 4417 non

350 4480 675 4526 sanctorum
704 4464 920 4521 nomine
953 4460 1263 4531 appellant,
1294 4468 1351 4510 ut
1396 4465 1607 4509 veteres
1633 4454 1758 4507 olim
1788 4452 1950 4509 faeie-

353 4565 528 4628 bant;
555 4559 653 4615 sed
697 4555 939 4612 accensis
984 4551 1216 4607 lucernis
1248 4548 1442 4619 quibus
1470 4546 1686 4600 nomina
1718 4545 1948 4611 indunt,

354 4662 492 4709 nato
520 4664 719 4706 nomen
743 4646 936 4701 indunt
961 4644 1098 4711 ejus,
1127 4656 1246 4711 qua:
1273 4640 1472 4694 diutius
1501 4638 1672 4692 lucem
1703 4637 1950 4703 dederit;

353 4748 493 4801 hinc
518 4742 873 4812 conjieientes
896 4738 1126 4790 futurum
1154 4743 1209 4787 nt
1236 4732 1330 4787 diu
1357 4733 1520 4786 vivat.
1553 4730 1753 4785 Deinde
1779 4729 1827 4784 si
1854 4729 1955 4784 im-

351 4847 637 4891 maturum
662 4841 833 4885 morte
862 4825 1059 4893 corripi
1085 4823 1403 4893 contigerit,
1449 4829 1508 4875 ut
1546 4834 1689 4890 sarpe
1717 4819 1952 4886 accidit,

351 4931 571 4985 multus
616 4933 871 4992 sequetur
890 4917 1091 4974 diaboli
1122 4917 1282 4982 risus,
1314 4913 1456 4984 quod
1486 4912 1608 4968 illos
1635 4928 1732 4968 ceu
1761 4913 1956 4968 stultos

352 5034 568 5093 pueros
592 5013 972 5073 ludificaverit.
1491 5099 1501 5110 '
1531 5099 1543 5111 .
1787 5099 1819 5111 μ

447 5111 735 5183 Ligauiina
792 5116 840 5162 et
902 5104 1212 5174 crepitacula
1282 5099 1635 5169 superstitiosa
1659 5139 1676 5163 ,
1747 5099 1959 5166 aliisque

350 5203 773 5276 ωρεηιὶιὶοηεε.
799 5196 1023 5262 -—Quid
1072 5194 1273 5248 dixeris
1320 5189 1758 5282 de‘ligantinibus
1794 5197 1852 5282 et
1892 5188 1961 5242 de

349 5293 712 5364 crepitacnlis
740 5287 925 5345 manui
950 5285 1202 5357 appensis
1228 5292 1284 5339 et
1311 5280 1637 5338 de‘stamine
1661 5280 1914 5381 coccineo
1929 5319 1958 5381 ,-

350 5390 542 5457 deque
564 5385 688 5440 aliis
710 5381 899 5437 multis
923 5378 1127 5434 insania
1157 5377 1363 5447 plenis;
1388 5387 1509 5429 cum
1531 5371 1961 5474 oporteret-nihil

351 5478 508 5535 aliud
544 5490 717 5547 puero
758 5475 1168 5540 circumponere
1187 5509 1202 5534 ,
1231 5483 1388 5537 quam
1417 5465 1593 5565 crucis
1619 5462 1965 5565 custodiam?

351 5571 518 5626 Nunc
544 5579 731 5622 autem
763 5565 852 5619 hic
896 5561 1115 5632 quidem
1151 5557 1431 5628 despectui
1471 5565 1554 5612 est
1581 5555 1825 5619 habitus,
1871 5555 1967 5624 qui

354 5663 638 5721 convertit
668 5667 840 5713 totum
870 5654 1060 5709 orbem
1089 5661 1351 5705 terrarum
1372 5689 1388 5712 ,
1416 5656 1466 5701 et
1504 5661 1719 5717 gravem
1751 5643 1968 5698 diabolo

361 5760 585 5826 plagam
642 5752 845 5806 inflixit
876 5757 1150 5814 totamque
1180 5743 1296 5808 ejus
1339 5741 1624 5807 potentiam
1669 5737 1970 5792 subvertit:

363 5854 699 5919 subtegmett
739 5852 924 5898 autent
955 5848 1009 5894 et
1052 5847 1258 5891 statuet:
1300 5830 1510 5900 aliaque
1541 5830 1786 5900 ligamina
1817 5828 1964 5882 simi—

1443 380 1504 437 ΙΝ
1543 377 1758 434 EPIST.
1802 377 1821 431 ι
1884 375 1974 431 AD
2009 374 2166 433 (ΞΟΠ.
2209 378 2434 436 ιιοιιιι.
2480 383 2591 441 ΧΙΙ.

3523 401 3619 459 HW-

2050 492 2148 558 lia,
2196 510 2258 550 ea
2289 506 2413 551 sunt
2450 501 2605 569 queis
2647 502 2881 559 creditur
2921 508 3070 576 pueri
3123 512 3305 568 tutela.
3363 514 3617 575 Dicamus

2037 584 2179 639 aliud
2207 588 2374 658 magis
2400 590 2717 647 ridiculum?
2743 592 2849 650 Sed
2876 612 3034 653 nemo
3075 616 3175 657 nos
3201 604 3619 674 importunitatis

2034 686 2279 744 accuset,
2308 679 2353 733 si
2394 695 2631 754 eousque
2657 686 2909 755 procedat
2936 691 3128 747 oratio.
3162 692 3290 751 Nam
3320 698 3408 767 qui
3436 710 3622 769 putre-

2036 762 2215 820 dinem
2250 768 2358 822 vult
2394 773 2708 840 emundare,
2740 791 2847 832 non
2880 781 3146 837 recusabit
3174 785 3320 853 prius
3336 762 3620 859 inquinare

2039 871 2230 911 manus
2267 872 2410 915 snas.
2443 862 2703 927 Quidnam
2734 882 2862 939 ergo
2888 881 2969 926 est
2995 872 3097 928 hoc
3120 875 3437 935 ridiculum?
3467 883 3616 950 Quod

2038 949 2252 1018 quidem
2293 953 2423 1008 nihil
2449 971 2570 1012 esse
2614 958 2859 1027 videtur,
2888 965 3118 1043 ideoque
3140 971 3470 1042 iugemisco;
3524 980 3621 1035 sed

2038 1050 2120 1094 est
2148 1043 2466 1116 principium
2498 1050 2719 1106 insanire
2747 1064 2799 1109 et
2826 1066 3082 1115 extremae
3109 1061 3399 1122 dementia:
3428 1068 3445 1100 ί
3465 1108 3479 1125 .
3513 1069 3620 1125 Lu-

2041 1144 2150 1190 tum
2187 1138 2440 1195 mulieres
2463 1142 2514 1195 in
2543 1142 2734 1199 balneo
2760 1149 3103 1218 accipientes,
3134 1158 3369 1213 nutrices
3394 1201 3410 1225 ,
3443 1170 3497 1216 et
3520 1178 3617 1216 an-

2039 1226 2207 1294 cilla),
2241 1226 2405 1300 digito
2431 1232 2727 1304 tingentes,
2758 1239 2812 1293 itt
2853 1243 3004 1310 pueri
3052 1242 3228 1301 fronte
3268 1247 3617 1319 imprimunt:

2041 1331 2095 1375 et
2136 1323 2182 1377 si
2234 1324 2352 1395 quis
2399 1326 2722 1398 interroget,
2754 1331 2892 1399 Quid
2939 1335 3039 1392 sibi
3084 1339 3202 1394 vult
3240 1340 3443 1411 lutum,
3492 1348 3623 1416 qtrid

2040 1428 2252 1471 cauum
2272 1418 2296 1471 ἲ
2315 1418 2507 1474 Malum
2532 1425 2722 1479 avertit
2742 1427 2977 1495 oculum,
3003 1431 3267 1502 inquietat,
3290 1434 3621 1510 livoremque

2040 1520 2095 1563 et
2123 1509 2398 1569 invidiam.
2431 1514 2608 1586 Papa,
2633 1528 2827 1587 quanta
2852 1524 2933 1574 vis
2962 1522 3079 1588 ltiti,
3108 1537 3304 1596 quanta
3333 1530 3471 1584 cmni
3514 1509 3612 1600 po-

2043 1604 2246 1658 testas?
2274 1612 2486 1662 tantane
2506 1618 2561 1661 ut
2594 1618 2757 1665 totam
2785 1612 2984 1669 diaboli
3011 1617 3181 1675 aciem
3211 1621 3473 1695 proﬂiget.
3506 1625 3620 1681 Non

2044 1695 2268 1764 pudore,
2297 1711 2499 1765 qumso,
2533 1702 2957 1760 suti'undemiui?
2987 1723 3092 1762 non
3121 1711 3203 1765 vel
3235 1726 3359 1769 sero
3407 1716 3620 1772 tandem

2041 1787 2237 1844 diaboli
2289 1789 2507 1860 laqueos
2561 1795 2902 1866 intelligetis,
2958 1803 3230 1871 quomodo
3281 1807 3350 1863 ab
3404 1809 3620 1866 ineunte

2041 1886 2201 1933 aetate
2244 1880 2520 1936 machinas
2545 1900 2669 1940 suas
2716 1888 2965 1955 paulatim
2999 1890 3249 1947 inducat?
3275 1895 3407 1951 Nam
3453 1900 3497 1955 si
3539 1900 3623 1954 lu‘

2046 1976 2154 2021 tum
2185 1970 2285 2025 hoc
2312 1970 2492 2036 faciat,
2521 1990 2616 2029 cur
2642 1991 2746 2030 non
2780 1987 2835 2032 tu
2883 1980 2935 2034 in
2966 1980 3141 2039 fronte
3169 1994 3252 2039 tu.
3287 1987 3513 2057 idipsum
3542 1992 3623 2046 fa-

2043 2060 2123 2113 cis
2146 2100 2159 2121 .
2191 2075 2310 2115 cum
2355 2063 2437 2117 vir
2462 2066 2536 2119 sis
2562 2075 2617 2120 et
2665 2069 2817 2137 plena
2861 2080 3051 2136 mtate,
3075 2083 3127 2129 et
3167 2076 3446 2147 plusquam
3494 2098 3624 2152 puer

2045 2149 2254 2207 invidos
2281 2152 2519 2210 habeas?
2540 2172 2639 2211 cur
2666 2174 2772 2213 non
2801 2162 2911 2216 luto
2961 2164 3122 2219 illinis
3171 2177 3340 2223 tutam
3386 2149 3625 2245 corpus?

2044 2258 2167 2297 nam
2195 2245 2239 2300 si
2272 2246 2325 2301 in
2353 2245 2532 2304 fronte
2561 2260 2760 2307 tantam
2788 2254 2945 2310 habet
2975 2260 3247 2321 virtutem.
3279 2278 3376 2319 cur
3413 2282 3519 2322 non
3573 2279 3624 2325 te

2044 2345 2212 2393 totum
2243 2340 2354 2395 luto
2379 2344 2628 2414 inuugis?
2658 2346 2781 2402 Haec
2805 2356 2930 2403 sunt
2957 2351 3096 2408 risus
3121 2362 3174 2408 et
3197 2359 3458 2413 commdia
3488 2372 3622 2416 sata-

2044 2431 2162 2485 nica
2188 2473 2203 2494 ,
2233 2448 2353 2502 qua:
2378 2451 2483 2488 non
2508 2436 2573 2492 ad
2604 2438 2902 2499 irrisionem
2931 2449 3137 2500 tantum
3163 2486 3177 2510 ,
3205 2449 3299 2504 sed
3330 2451 3397 2506 ad
3421 2452 3622 2523 gehen-

2046 2538 2167 2577 nam
2225 2526 2521 2593 prieripitat
2571 2544 2665 2583 eos
2703 2532 2793 2600 qui
2853 2533 3209 2605 decipiuntur.
3265 2541 3426 2599 Certe
3482 2548 3623 2616 quod

2044 2614 2182 2683 apud
2213 2615 2431 2672 Gnaeos
2462 2620 2582 2673 talia
2613 2622 2758 2684 fiant,
2783 2624 2977 2680 mirttm
3004 2643 3109 2682 non
3131 2639 3250 2697 est;
3278 2635 3421 2703 quod
3444 2614 3622 2694 autem

2043 2706 2181 2774 apud
2211 2721 2304 2761 eos
2332 2710 2420 2777 qui
2445 2723 2658 2765 erucem
2688 2712 2912 2768 adorant
2939 2756 2954 2780 ,
2994 2726 3048 2772 et
3074 2723 3447 2791 mysteriorum
3475 2742 3624 2784 area-

2047 2814 2234 2852 nornm
2283 2800 2570 2869 participes
2594 2814 2715 2857 sunt
2741 2846 2756 2869 ,
2786 2814 2840 2859 et
2881 2814 3026 2862 tanta
3077 2810 3541 2885 philosophantur,
3572 2822 3622 2874 id

2044 2902 2191 2947 certe
2231 2894 2409 2948 multis
2439 2894 2688 2966 laerymis
2714 2907 2794 2952 est
2823 2898 3061 2969 dignum.
3110 2903 3251 2959 Dens
3277 2914 3329 2960 te
3361 2921 3626 2976 unguento

2045 2987 2309 3055 spirituali
2336 2987 2641 3054 honoravit,
2670 3001 2723 3046 ιιι
2749 3002 2800 3047 ιιι
2835 2995 2945 3048 luto
2971 2996 3136 3052 tilium
3165 2998 3458 3072 deturpas?
3487 3006 3625 3063 Dens

2050 3089 2100 3136 te
2123 3080 2397 3136 decoravit
2420 3123 2434 3147 ,
2466 3092 2516 3137 et
2549 3090 2601 3137 ιιι
2629 3085 2855 3154 Ieipsum
2880 3088 3214 3147 dedecoras?
3240 3102 3294 3147 et
3317 3109 3437 3150 cum
3468 3114 3625 3167 Opor-

2049 3180 2185 3226 teret
2207 3174 2258 3226 in
2281 3172 2458 3228 fronte
2483 3189 2694 3229 crucem
2717 3177 3053 3248 adscribere,
3077 3199 3196 3252 qua:
3213 3185 3623 3256 insuperabili-ni

2051 3265 2267 3319 tutelam
2295 3266 2534 3335 praebet;
2569 3278 2623 3322 tu
2651 3266 2733 3324 his
2773 3272 3007 3327 dimissis
3034 3275 3085 3329 in
3113 3278 3404 3334 satanicam
3437 3296 3627 3337 amen-

2052 3357 2173 3433 tiam
2201 3358 2443 3414 decidis?
2467 3359 2521 3415 Si
2540 3362 2734 3431 quibus
2752 3373 2929 3420 autem
2950 3364 3063 3422 lucc
3078 3384 3237 3438 parva
3268 3388 3386 3427 esse
3409 3375 3628 3430 videan-

2052 3458 2168 3517 tur,
2198 3452 2407 3511 discant
2450 3455 2501 3509 id
2543 3470 2664 3510 esse
2708 3473 3018 3527 magnorum
3062 3478 3277 3517 causam
3321 3467 3580 3522 malorum
3610 3512 3626 3534 ,

2053 3561 2223 3614 neque
2244 3546 2408 3602 Paulo
2428 3548 2600 3602 visum
2624 3548 2784 3603 fuisse
2816 3564 2972 3617 parva
2998 3554 3285 3622 negligere.
3303 3557 3437 3621 Quid
3461 3560 3627 3625 enim,

2050 3652 2253 3705 quaeso,
2287 3637 2462 3692 minus
2486 3649 2588 3704 est,
2616 3654 2775 3708 quam
2800 3649 2853 3693 ut
2882 3642 3042 3694 homo
3068 3654 3224 3711 caput
3254 3648 3497 3715 operiat?
3524 3649 3627 3705 Sed

2056 3727 2172 3781 ride
2196 3737 2447 3797 quantam
2480 3727 2636 3797 hujus
2666 3729 2740 3783 rei
2768 3745 2947 3784 curam
2974 3731 3199 3799 habeat,
3222 3744 3414 3791 etcum
3436 3751 3629 3810 quanta

2056 3817 2335 3886 prohibeat
2362 3819 2694 3873 vehementia
2719 3861 2734 3886 ,
2785 3829 2894 3875 tum
2921 3823 3022 3876 alia
3061 3825 3222 3878 multa
3253 3826 3470 3895 dicens,
3521 3840 3628 3884 tum

2054 3909 2194 3977 quod
2225 3919 2556 3975 caputsuum
2578 3910 2894 3967 dehonestet
2924 3914 2972 3985 (l
3009 3914 3126 3970 Cor.
3151 3917 3236 3971 ll.
3260 3916 3337 3989 4).
3366 3921 3425 3975 Si
3450 3932 3627 3976 autem

2053 4004 2142 4075 qui
2191 4004 2318 4072 tegit
2376 4012 2529 4073 caput
2558 4044 2574 4069 ,
2619 4005 2790 4075 ipsum
2839 4005 3191 4073 dehonestat;
3223 4012 3312 4080 qui
3351 4012 3461 4068 luto
3500 4015 3625 4068 illud

2056 4096 2204 4167 ungit
2228 4139 2243 4160 ,
2290 4097 2559 4166 quomodo
2587 4112 2692 4153 non
2721 4113 2943 4169 puerum
2970 4100 3144 4155 reddit
3169 4103 3580 4161 abominandum
3608 4110 3630 4160 2’

2053 4186 2339 4257 quomodo,
2370 4204 2573 4258 QlliDSO,
2605 4189 2822 4245 adducit
2851 4204 2972 4244 eum
3004 4191 3070 4246 ad
3102 4209 3288 4248 manus
3310 4198 3634 4251 sacerdotis?

2053 4280 2320 4348 quomodo
2348 4282 2601 4350 precaris,
2628 4291 2686 4334 ut
2711 4282 3008 4353 presbyteri
3038 4298 3196 4337 manu
3221 4286 3548 4352 signaculum
3576 4297 3628 4341 in
3713 4289 3717 4293 ’

2055 4369 2228 4423 fronte
2253 4382 2554 4438 apponatur
2582 4409 2595 4431 ,
2648 4371 2734 4424 ubi
2765 4373 2875 4424 luto
2904 4373 3139 4426 tinxisti?
3164 4373 3271 4436 Ne,
3301 4374 3494 4429 fratres
3515 4418 3530 4440 ,
3569 4396 3634 4432 ne

2059 4460 2174 4515 lucc
2196 4460 2433 4525 faciatis;
2468 4461 2560 4513 sed
2588 4462 2654 4514 ab
2681 4461 2893 4516 ineunte
2920 4473 3075 4517 aetate
3100 4479 3290 4533 pueros
3339 4466 3627 4534 spirituali—

2060 4553 2160 4607 hus
2207 4552 2370 4605 armis
2418 4552 2618 4604 mnuitc
2638 4590 2652 4615 ,
2683 4560 2738 4605 et
2767 4551 2955 4606 docete
2980 4567 3073 4606 eos
3096 4568 3254 4607 manu
3303 4553 3530 4612 frontem
3559 4576 3634 4613 si-

2060 4658 2258 4713 gnare;
2291 4643 2449 4698 etiam
2477 4644 2624 4712 prius
2648 4657 2805 4713 quam
2854 4644 3051 4713 possint
3092 4645 3192 4701 hoc
3233 4662 3391 4702 manu
3421 4648 3596 4704 facere
3620 4691 3637 4719 ,

2062 4750 2156 4790 vos
2182 4734 2280 4802 ipsi
2310 4733 2388 4789 eis
2412 4748 2625 4789 crucem
2656 4734 2966 4802 imprimite.

2133 4829 2473 4899 Prwﬁcarum
2506 4844 2645 4880 usus.
2668 4826 2889 4893 -—Qnid
2919 4826 3118 4882 dixeris
3145 4828 3211 4882 de
3237 4829 3356 4883 aliis
3386 4834 3636 4887 satanicis

2063 4922 2527 4979 observationibus
2572 4921 2622 4972 in
2664 4919 2935 4975 doloribus
2964 4920 3099 4975 uteri
3128 4930 3181 4975 et
3216 4922 3268 4976 in
3299 4934 3451 4992 partu
3483 4925 3636 4977 adhi-

2064 5018 2210 5083 bitis,
2235 5029 2366 5086 quas
2387 5011 2702 5067 obstetrices
2726 5012 2777 5066 in
2804 5014 2993 5081 capitis
3013 5015 3093 5067 sui
3119 5016 3314 5068 malum
3345 5017 3639 5071 inducunt?

2065 5108 2134 5163 de
2188 5107 2256 5161 iis
2298 5106 2424 5159 item
2453 5119 2571 5172 quae
2612 5104 2661 5156 iu
2695 5112 2864 5158 morte
2888 5144 2904 5169 ,
2942 5113 2995 5158 et
3028 5120 3148 5157 cum
3182 5120 3376 5175 corpus
3421 5108 3633 5163 effertur

2068 5199 2425 5261 adhibentur;
2453 5195 2679 5264 cjulatus
2708 5212 2931 5263 nempe,
2966 5198 3209 5265 p'anctns
3241 5197 3409 5253 insani
3436 5243 3450 5266 ,
3481 5204 3642 5257 stulta

2068 5292 2122 5346 in
2161 5288 2418 5361 sepulcris
2463 5287 2713 5353 admissa,
2742 5289 2880 5339 circa
2911 5298 3245 5341 monumenta
3278 5291 3532 5358 studium,
3560 5295 3645 5349 in-

2072 5382 2449 5452 tempestivum
2492 5390 2545 5433 ct
2591 5378 2870 5432 ridiculum
2903 5380 3231 5448 prazfit-armn
3264 5399 3451 5453 agmen
3478 5428 3493 5450 ,
3528 5386 3641 5438 die—

2074 5490 2191 5529 rum
2217 5470 2639 5534 observationes,
2670 5484 2875 5525 necnon
2902 5471 3171 5541 ingressus
3200 5482 3251 5525 et
3289 5475 3503 5526 exitus?
3537 5474 3639 5525 Ilu-

2079 5583 2265 5622 ruume
2289 5606 2303 5631 ,
2354 5580 2533 5633 qua-5o
2559 5604 2573 5625 ,
2605 5563 2817 5617 venaris
2841 5563 3103 5631 gloriam?
3140 5572 3193 5617 et
3221 5563 3488 5631 quomodo
3535 5563 3647 5614 haec

2135 5699 2152 5731 ¹
2182 5696 2270 5745 llic
2294 5695 2430 5744 locus
2469 5695 2537 5743 sic
2562 5693 2704 5744 habet
2744 5691 2791 5739 in
2819 5705 2914 5737 uno
2944 5692 3065 5749 Reg.
3095 5704 3105 5736 :
3139 5686 3276 5749 Quod
3301 5683 3493 5747 quidem
3522 5678 3645 5749 nihil

2073 5744 2245 5808 [rabere
2272 5754 2388 5806 mali
2416 5756 2654 5819 plrrisque
2678 5753 2882 5819 videtur.
2913 5753 2996 5798 ,ςιιιι
3016 5744 3087 5800 est
3110 5744 3401 5811 principium
3424 5744 3646 5790 inaudit-

2077 5820 2244 5881 lt'tuu's,
2267 5826 2311 5871 et
2333 5818 2564 5872 ettrentw
2584 5818 2832 5865 deorumne
2862 5825 2994 5874 opus.
