3986 6202
389 328 488 384 ιω

391 457 497 496 non
525 446 774 495 extremm
810 431 1092 490 dementia:
1122 429 1353 496 fuerint,
1386 428 1658 483 hominum
1688 427 1759 481 ita
1794 430 1972 478 mente

389 545 766 608 corruptorum
790 541 847 589 et
871 531 1046 587 omnia
1075 538 1277 583 temere
1297 527 1564 598 agentium
1587 523 1807 594 gloriam
1829 534 1973 590 qum-

391 645 534 695 rere,
555 644 676 683 cum
702 633 976 695 oporteret
1001 635 1211 690 semper
1237 619 1304 674 ad
1339 619 1634 673 insomnem
1674 615 1821 668 illum
1839 627 1961 666 cou-

392 725 575 792 fugere
603 720 820 775 oculum
841 759 854 782 ,
885 724 940 771 et
964 716 1080 786 ejus
1105 713 1426 768 sententiam
1457 717 1760 780 Spectantes
1790 703 1970 761 omnia

393 817 570 869 tacete
613 827 677 866 ae
701 809 926 866 dicere?
955 807 1018 862 Hi
1043 815 1188 862 certe
1214 804 1425 859 etiamsi
1454 801 1689 864 laudent,
1718 796 1849 852 nihil
1876 810 1970 848 vos

389 907 574 979 juvare
604 911 858 975 poterunt
886 919 899 955 :
923 901 1014 955 ille
1038 914 1186 964 vero,
1210 898 1253 953 si
1275 905 1422 968 gesta
1449 901 1628 948 nostra
1652 890 1752 962 ipsi
1776 888 1971 943 fuerint

391 1014 1714 1042 __________________________..

1166 317 1220 374 S.
1253 314 1528 373 JOANNIS
1564 307 2041 370 CHRYSOSTUMI
2081 309 2397 370 AiiClllEP.
2438 310 2966 369 CONSTANIINOP.

3558 309 3656 368 £08

2077 434 2293 494 accepta
2321 467 2336 492 ,
2384 435 2439 480 et
2488 425 2575 483 hic
2609 427 2921 496 splendidos
2953 429 3139 484 reddet
3191 439 3245 485 et
3271 430 3322 484 in
3362 429 3438 484 fut
3463 447 3540 483 .ro
3571 431 3659 486 die

2077 532 2267 572 arcana
2321 518 2406 572 illa
2457 518 2592 573 bona
2639 521 2839 576 tribuet
2883 539 2895 572 :
2944 539 3062 593 qum
3093 539 3192 579 nos
3231 540 3422 579 omnes
3445 529 3656 594 assequi

2077 611 2384 680 contingat,
2418 612 2585 681 gratia
2617 622 2670 667 et
2705 613 3038 685 benignitate
3074 618 3282 672 Domini
3323 619 3489 672 nostri
3533 618 3658 672 .Iesu

2075 699 2313 766 Christi,
2347 702 2558 771 quicum
2593 704 2734 758 Patri
2758 714 2812 758 et
2861 721 2962 758 una
2990 707 3210 776 Spiritui
3237 719 3426 762 sancto
3465 708 3656 778 gloria,

2077 792 2270 862 honor,
2295 795 2598 865 imperium,
2625 812 2761 852 nunc
2777 807 3077 870 ctsemper,
3103 811 3157 856 et
3184 803 3234 856 itt
3262 802 3459 856 saecula
3482 817 3655 856 sacen-

2077 885 2272 940 lorum.
2303 888 2496 943 Amen.

3283 1015 3650 1033 —*

1717 1066 2065 1132 HOMILIA
2107 1066 2283 1127 XIII.

389 1240 518 1298 Cu.
547 1239 601 1295 ι.
635 1253 690 1293 v.
720 1235 809 1292 ω.
852 1232 965 1288 Nos
1003 1231 1142 1286 stulti
1172 1237 1375 1300 prepter
1418 1225 1668 1280 Christum
1704 1219 1962 1292 (necesse

461 1331 605 1390 enim
646 1337 731 1385 est
759 1328 884 1382 hinc
924 1339 1132 1379 rursum
1164 1333 1466 1375 sermonem
1510 1311 1853 1379 resumere);
1886 1324 1972 1362 vos

462 1430 633 1476 autem
661 1418 932 1488 prudentes
956 1417 1009 1468 in
1036 1413 1236 1469 Christo
1265 1426 1283 1463 :
1312 1425 1403 1462 nos
1447 1405 1658 1474 inﬁrmi,
1690 1418 1777 1456 vos
1806 1409 1976 1452 autem

465 1519 657 1586 fortes;
685 1526 770 1562 vos
794 1507 1025 1577 gloriosi,
1055 1520 1145 1557 nos
1176 1511 1342 1554 autem
1363 1497 1586 1568 inglorii.

463 1610 524 1663 1.
567 1605 854 1673 Postquam
882 1599 1142 1671 gravitate
1187 1595 1352 1650 multa
1382 1605 1684 1647 sermonem
1721 1587 1974 1654 impleve-

392 1710 496 1764 rat,
545 1696 596 1752 id
637 1694 778 1766 quod
827 1693 970 1748 omni
1019 1689 1244 1744 crimine
1289 1685 1546 1755 majorem
1578 1679 1830 1736 inferebat
1865 1678 1975 1747 pla-

391 1806 534 1861 gam,
569 1788 656 1841 hic
684 1801 805 1839 cum
837 1783 1095 1853 dignitate
1127 1779 1226 1834 sibi
1261 1774 1576 1847 congruenti
1601 1772 1705 1826 hoc
1735 1778 1926 1824 tractat
1955 1782 1970 1821 :

393 1893 447 1939 et
475 1896 596 1936 cum
629 1879 873 1942 dixisset,
917 1875 1042 1930 Sine
1071 1871 1215 1926 nobis
1251 1867 1540 1940 regnastis;
1579 1873 1656 1931 et,
1703 1862 1841 1916 Deus
1884 1875 1976 1913 nos

393 1973 693 2027 novissimos
745 1966 982 2030 ostendit,
1034 1973 1294 2032 tamquam
1335 1967 1485 2013 morti
1528 1955 1835 2015 destinatos;
1880 1965 1976 2021 per

393 2063 670 2134 sequentia
710 2058 945 2115 ostendit
974 2054 1243 2126 quomodo
1292 2051 1451 2108 morti
1481 2047 1732 2105 destinati
1771 2051 1972 2109 essent,

393 2158 578 2211 dicens
607 2173 621 2209 :
653 2152 764 2208 Nos
806 2151 945 2206 stulti
975 2159 1018 2203 et
1056 2146 1247 2216 infirmi
1273 2155 1320 2200 et
1350 2143 1576 2215 inglorii,
1607 2141 1695 2195 H.
1735 2147 1782 2191 et
1811 2138 1948 2191 esuri
1959 2165 1978 2176 -

393 2265 505 2302 mus
533 2256 580 2302 et
605 2246 824 2307 sitimus,
854 2250 900 2295 et
929 2240 1052 2293 nudi
1081 2253 1274 2303 sumus,
1303 2248 1352 2290 et
1391 2233 1619 2303 colaphis
1643 2230 1904 2288 credimur.
1931 2235 1980 2281 et

396 2335 652 2395 instabiles
693 2349 883 2395 sumus,
923 2329 1011 2383 12.
1049 2338 1095 2382 et
1132 2326 1417 2381 laboramus
1455 2332 1719 2394 aperantes
1749 2320 1979 2374 manibus

396 2428 584 2482 nostris
615 2442 633 2480 :
660 2440 780 2495 quae
819 2421 1010 2478 indicia
1041 2435 1165 2475 rere
1195 2428 1348 2473 erant
1371 2417 1650 2472 doctorum
1681 2423 1736 2469 et
1759 2421 1978 2482 aposto-

397 2520 589 2573 lorum.
611 2519 680 2571 At
705 2515 777 2570 illi
805 2514 856 2568 in
877 2511 1159 2568 contrariis
1183 2510 1344 2563 altum
1365 2507 1665 2577 sapiebant,
1694 2505 1746 2559 in
1771 2503 1980 2573 sapien-

399 2612 491 2671 tia,
525 2609 575 2662 in
601 2606 790 2678 gloria,
820 2605 872 2658 itt
899 2603 1122 2669 divitiis,
1153 2600 1293 2671 quod
1323 2599 1730 2652 bonorarentur.
1761 2594 1827 2649 Ut
1852 2606 1982 2660 ergo

401 2703 612 2757 illorutu
632 2701 824 2755 fastum
854 2697 1136 2766 deprimat,
1165 2705 1217 2748 et
1239 2690 1489 2747 ostendat
1511 2690 1562 2744 in
1595 2689 1660 2743 iis
1691 2704 1798 2742 non
1822 2685 1982 2740 modo

400 2810 505 2849 non
532 2789 769 2862 gloriari,
797 2788 892 2842 sed
917 2786 1076 2842 etiam
1106 2783 1309 2853 pudore
1339 2781 1476 2836 allici
1507 2788 1775 2849 Oportere,
1811 2777 1982 2847 primo

400 2887 521 2940 illos
551 2882 779 2937 traducit
805 2880 1011 2944 dicens,
1037 2877 1162 2932 Siue
1200 2874 1341 2928 nobis
1370 2873 1638 2943 reguastis.
1684 2870 1796 2940 Ego
1839 2869 1979 2923 enim

399 2975 540 3037 dico,
574 2971 764 3042 inquit,
795 2984 1030 3040 prtesens
1060 2977 1268 3034 tempus
1295 2981 1399 3019 non
1426 2963 1644 3017 honoris
1668 2977 1841 3029 neque
1864 2960 1980 3029 glo-

402 3066 494 3118 ria:
523 3079 664 3128 esse,
697 3061 849 3132 queis
879 3074 972 3114 vos
1015 3058 1285 3121 fruimini;
1329 3055 1424 3109 sed
1457 3051 1888 3124 persequutionis
1930 3057 1983 3104 et

402 3155 876 3221 contumeliarum,
906 3166 1038 3223 quas
1086 3166 1183 3204 nos
1227 3148 1473 3218 patimur.
1503 3145 1654 3212 Quod
1697 3144 1743 3199 si
1770 3143 1870 3197 hoc
1911 3141 1982 3195 ita

404 3265 510 3300 non
541 3246 629 3310 sit,
657 3247 758 3300 etsi
780 3245 889 3314 jam
921 3252 1129 3311 tempus
1150 3238 1596 3295 remunerationis
1621 3237 1710 3302 sit,
1743 3245 1802 3289 ut
1829 3233 1983 3288 video

405 3340 534 3409 (hoc
571 3349 751 3394 autem
777 3351 870 3406 per
901 3335 1126 3390 ironiam
1167 3333 1341 3403 dicit),
1373 3345 1468 3385 vos
1499 3329 1711 3407 quidem
1738 3326 1981 3396 discipuli

401 3432 516 3502 jant
550 3431 848 3500 reguastis;
884 3443 981 3482 nos
1021 3435 1197 3480 autem
1245 3423 1495 3478 doctores
1519 3429 1572 3476 et
1616 3419 1865 3490 apostoli,
1894 3417 1982 3487 qui

407 3533 534 3579 ante
584 3535 772 3578 omnes
821 3517 1127 3574 mercedem
1175 3516 1417 3585 accipere
1472 3512 1818 3575 debebamus,
1876 3523 1981 3563 non

402 3614 564 3670 modo
589 3609 744 3670 vobis
784 3611 1110 3682 posteriores
1151 3623 1352 3673 sumus,
1396 3606 1490 3662 sed
1538 3606 1696 3661 etiam
1731 3615 1786 3658 ut
1825 3603 1986 3658 morti

407 3707 676 3770 destinati,
720 3705 770 3758 id
799 3715 882 3758 est
922 3702 1186 3766 damnati,
1226 3714 1436 3768 semper
1478 3699 1529 3752 in
1570 3697 1880 3768 ignominia,
1931 3695 1984 3748 iu

415 3796 688 3867 periculis,
718 3793 936 3846 infame
973 3791 1233 3860 degimus,
1266 3788 1585 3843 contumelia
1627 3788 1804 3842 allecti
1846 3796 1984 3839 tam-

405 3903 563 3958 quam
611 3885 778 3948 stulti,
825 3883 960 3952 pulsi
1013 3891 1068 3936 et
1125 3880 1477 3935 intolerabilia
1520 3880 1798 3948 patientes.
1859 3877 1984 3932 Haec

410 3993 572 4043 porro
597 3974 829 4040 dicebat,
863 3983 918 4026 ut
945 3988 1011 4026 ex
1042 3971 1106 4026 iis
1135 3971 1480 4040 persuaderet
1509 3969 1658 4038 ipsis,
1685 3969 1824 4040 quod
1856 3984 1986 4038 apo-

407 4071 670 4124 stolorum
701 4076 849 4137 gesta
877 4065 1138 4120 deberent
1165 4062 1421 4125 aemulari,
1448 4061 1684 4132 pericula
1715 4076 1907 4130 nempe
1933 4070 1988 4115 et

413 4159 789 4222 contumelias,
841 4173 950 4212 non
981 4165 1157 4211 autem
1190 4155 1444 4209 honorent
1492 4163 1545 4208 et
1581 4153 1802 4224 gloriam
1834 4169 1848 4205 :
1883 4167 1985 4207 non

411 4252 554 4306 enim
599 4251 707 4317 illa,
749 4249 840 4305 scd
873 4249 988 4306 haec
1017 4247 1249 4317 postulat
1290 4244 1613 4316 prtedicatio.
1643 4244 1746 4300 Sed
1776 4244 1877 4299 hoc
1906 4255 1988 4298 ta-

412 4360 533 4398 men
566 4360 668 4397 non
700 4342 902 4396 directe
931 4340 1081 4406 dicit,
1115 4347 1173 4392 ut
1201 4354 1268 4392 ne
1297 4336 1540 4392 videatur
1573 4336 1700 4406 ipsis
1731 4337 1989 4392 molestus

409 4453 565 4501 esse;
593 4435 687 4491 sed
720 4443 776 4488 ut
805 4435 953 4488 illum
983 4433 1229 4497 decebat,
1261 4431 1338 4486 sic
1367 4441 1557 4485 tractat
1587 4430 1723 4486 hanc
1750 4431 1991 4500 inerepa-

412 4532 630 4583 tionem.
681 4526 811 4580 Nam
857 4527 899 4579 si
952 4525 1154 4579 directe
1195 4539 1497 4578 sermonem
1546 4523 1860 4589 induxisset,
1910 4525 1989 4577 sic

414 4621 651 4673 dit-turus
675 4625 790 4672 erat
818 4633 831 4670 :
863 4616 1064 4668 Erratis
1091 4623 1146 4669 ει
1171 4613 1412 4668 fallitnini
1443 4620 1497 4666 et
1523 4612 1678 4681 longe
1701 4613 1900 4668 abestis
1924 4613 1992 4667 ab

417 4707 779 4764 admonitione
803 4705 1096 4777 apostolica
1127 4722 1141 4760 :
1173 4712 1387 4774 oportet
1424 4703 1566 4758 enim
1594 4705 1892 4772 apostolum
1939 4712 1992 4757 et

419 4802 723 4856 ministrum
749 4796 944 4853 Christi
975 4796 1193 4850 stultum
1219 4794 1410 4860 videri,
1437 4803 1598 4864 atque
1628 4795 1679 4848 in
1708 4795 1993 4849 afﬂictione

418 4906 474 4950 et
499 4899 806 4962 contemptu
835 4889 1053 4959 degere,
1082 4896 1140 4941 ut
1172 4902 1270 4942 nos
1299 4886 1572 4956 degimus;
1617 4903 1710 4942 vos
1736 4896 1912 4941 autem
1941 4889 1990 4942 in

419 4985 705 5042 contrariis
743 4983 891 5037 estis.
925 4978 1029 5036 Sed
1059 4980 1135 5034 sic
1168 4977 1279 5033 bazc
1304 4980 1472 5048 magis
1499 4979 1618 5034 illos
1659 4979 1990 5034 commovis-

423 5090 563 5145 sent,
605 5086 786 5147 utpote
812 5091 930 5146 qua:
972 5071 1334 5144 apostolorum
1383 5072 1622 5126 encomia
1650 5088 1760 5142 prie
1802 5087 1864 5126 se
1893 5073 1996 5127 fcr-

423 5178 564 5233 rent,
589 5178 643 5221 et
673 5167 793 5221 illos
821 5165 1175 5221 reddidissent
1201 5163 1534 5227 audaciores,
1566 5172 1624 5218 ut
1652 5163 1744 5233 qui
1771 5179 1996 5220 accusa-

425 5271 609 5315 rentur
633 5258 914 5321 socordiae,
946 5257 1119 5310 inanis
1147 5256 1330 5327 gloriae
1359 5266 1413 5311 et
1441 5255 1766 5311 divitiarum.
1793 5257 1996 5312 Idcirco

430 5366 532 5406 non
564 5351 664 5405 hoc
703 5347 861 5402 modo
887 5347 1026 5401 dicta
1068 5346 1385 5416 procedunt,
1430 5347 1522 5400 sed
1554 5348 1681 5413 alio,
1709 5349 1796 5418 qui
1830 5351 1998 5420 magis

422 5443 638 5516 quidem
662 5440 988 5511 perstringit,
1017 5437 1110 5492 sed
1138 5439 1312 5491 minus
1338 5439 1592 5494 molestus
1619 5453 1721 5496 est.
1752 5446 2000 5514 Quapro-

423 5545 541 5612 pter
567 5534 636 5588 ita
671 5529 876 5602 profert
903 5529 1197 5584 orationem
1242 5543 1335 5596 per
1366 5529 1609 5597 ironiam,
1644 5534 1865 5589 dicens:
1903 5534 2000 5589 Vos

420 5638 592 5680 autem
622 5629 774 5696 fortes
803 5633 851 5678 et
872 5621 1096 5695 gloriosi.
1126 5619 1254 5673 Nam
1285 5620 1330 5674 si
1359 5620 1524 5674 ironia
1553 5638 1655 5676 non
1683 5639 1808 5679 usus
1834 5637 1997 5687 esset.

421 5716 494 5770 ita
526 5717 782 5771 dixisset:
820 5715 954 5770 Fieri
1000 5729 1102 5767 non
1149 5720 1338 5782 potest,
1370 5724 1424 5767 ut
1468 5712 1598 5768 alius
1628 5716 1817 5772 stultus
1849 5725 1999 5788 pute-

2081 1225 2186 1280 tur,
2219 1215 2357 1271 alius
2383 1216 2638 1288 prudens,
2685 1220 2820 1274 alius
2849 1219 3020 1288 fortis,
3065 1223 3206 1279 alios
3235 1226 3492 1289 'ntii-mn-s,
3529 1243 3660 1294 prm-

2079 1309 2344 1364 dicatione
2371 1321 2654 1381 utrumque
2679 1329 2782 1367 non
2815 1315 2826 1344 '
2861 1315 3177 1382 postulante.
3223 1318 3351 1371 "Nam
3397 1321 3440 1372 si
3475 1321 3658 1374 liceret

2083 1400 2178 1452 ltus
2205 1401 2356 1466 tales,
2385 1401 2518 1456 alios
2546 1401 2687 1456 aliud
2715 1419 2851 1468 esse,
2884 1422 3002 1474 qua:
3047 1423 3073 1458 a
3105 1409 3254 1461 nobis
3286 1409 3652 1476 proferuntur.

2079 1493 2308 1560 aliquam
2335 1491 2561 1548 fortasse
2583 1495 2844 1551 rationem
2871 1497 3167 1554 baberent:
3198 1517 3268 1555 nu
3293 1519 3336 1554 tl‘.
3357 1516 3532 1558 autem
3564 1508 3663 1562 loc

2082 1597 2186 1634 non
2219 1582 2368 1650 licet,
2412 1585 2660 1640 nimirum
2693 1588 3005 1656 prudentem
3050 1591 3132 1644 vel
3174 1592 3464 1662 gloriosum
3493 1597 3663 1653 videri

2080 1690 2144 1727 ac
2188 1675 2305 1729 sine
2332 1676 2571 1744 periculo
2611 1678 2825 1748 degere.
2869 1681 2960 1735 Sin
3000 1683 3198 1750 minus,
3239 1702 3462 1742 necesse
3499 1700 3579 1743 est
3607 1701 3664 1745 ut

2085 1766 2226 1820 Deus
2253 1783 2352 1822 vos
2381 1770 2533 1823 nobis
2562 1772 2876 1838 prtctulerit,
2898 1789 2990 1827 vos
3014 1775 3301 1846 discipulos
3327 1779 3661 1845 doctoribus,

2080 1857 2170 1926 qui
2199 1857 2473 1914 innumera
2509 1862 2648 1930 passi
2693 1877 2896 1918 sumus.
2940 1865 3091 1931 Quod
3119 1869 3163 1921 si
3192 1868 3294 1924 hoc
3320 1886 3480 1925 ιιειιιο
3506 1872 3663 1928 dixe-

2081 1949 2168 2014 rit,
2208 1956 2375 2004 restat
2415 1960 2472 2004 ut
2517 1962 2697 2006 nostra
2727 1968 2820 2008 vos
2866 1959 3276 2026 persequamini.
3328 1960 3396 2016 Et
3435 1978 3505 2016 ne
3543 1964 3665 2034 quis

2082 2051 2252 2109 patet.
2305 2042 2494 2111 inquit,
2544 2057 2630 2097 me
2657 2046 2919 2112 praeterita
2951 2055 3150 2102 tantum
3192 2064 3657 2111 commemorare:

2087 2129 2255 2200 Usque
2300 2132 2353 2184 in
2394 2131 2524 2185 hanc
2555 2132 2732 2186 lteram
2777 2143 2823 2187 ct
2870 2137 3119 2191 esurimus
3159 2147 3206 2192 et
3227 2140 3425 2196 sitimus
3468 2153 3516 2197 et
3541 2147 3666 2200 nudi

2082 2240 2277 2278 sumus.
2311 2224 2493 2279 Viden‘
2517 2233 2680 2279 totam
2706 2226 3128 2283 Christianorum
3161 2232 3325 2286 vitam
3355 2235 3514 2288 talem
3543 2253 3666 2290 esse

2083 2314 2300 2382 debere,
2332 2332 2436 2370 non
2466 2333 2572 2371 uno
2598 2317 2683 2373 vel
2713 2320 2881 2374 altero
2906 2320 3032 2375 die?
3060 2322 3240 2392 Neque
3267 2326 3411 2380 enim
3439 2328 3661 2392 athleta,

2083 2408 2172 2476 qui
2216 2411 2403 2463 inuno
2444 2417 2646 2463 tantum
2685 2411 2853 2464 victor
2895 2414 3189 2468 certamine
3231 2425 3521 2471 coronatus
3558 2429 3667 2482 cst,

2086 2498 2276 2553 iterum
2304 2509 2590 2554 coronatur
2614 2515 2735 2555 cum
2765 2502 3125 2558 succubuerit.
3161 2504 3230 2558 Et
3258 2509 3527 2573 esurimus,
3573 2511 3667 2564 ad-

2085 2606 2271 2646 versus
2298 2608 2392 2648 eos
2417 2593 2506 2661 qui
2535 2593 2587 2646 in
2614 2593 2820 2649 deliciis
2839 2606 3004 2664 agunt
3029 2613 3043 2649 :
3076 2606 3122 2651 et
3142 2598 3371 2668 colaphis
3398 2601 3663 2669 credimur,

2085 2685 2341 2739 adversus
2360 2700 2456 2740 eos
2479 2686 2566 2756 qui
2590 2686 2753 2740 inﬂati
2773 2697 2896 2742 sunt
2919 2708 2932 2743 :
2963 2701 3009 2743 et
3031 2691 3288 2749 instabiles
3311 2711 3485 2749 sumus
3509 2699 3660 2765 pulsi,

2085 2778 2339 2833 adversus
2368 2793 2461 2834 eos
2488 2779 2575 2848 qui
2605 2778 2854 2834 labuntur
2888 2798 2901 2834 :
2931 2793 2976 2836 et
3013 2784 3138 2836 nudi
3175 2803 3370 2852 sumus,
3408 2788 3666 2845 adversus

2087 2886 2180 2925 eos
2206 2871 2294 2940 qui
2325 2880 2450 2924 sunt
2475 2871 2666 2925 divites
2693 2889 2705 2924 :
2732 2882 2779 2926 et
2805 2873 3112 2939 laboramus,
3137 2876 3246 2945 jam
3285 2889 3472 2934 contra
3506 2882 3669 2936 falsos

2087 2963 2378 3030 apostolos,
2410 2961 2496 3030 qui
2527 2976 2624 3017 nec
2655 2963 2899 3020 laborare
2929 2980 3029 3019 nec
3056 2962 3346 3035 periclitari
3378 2974 3665 3038 sustinent,

2088 3053 2180 3108 St'd
2211 3053 2308 3123 ipsi
2335 3053 2560 3107 fructum
2591 3055 2907 3124 percipiunt.
2939 3060 3008 3111 At
3035 3073 3132 3112 nos
3159 3075 3264 3115 non
3309 3062 3408 3127 sic,
3456 3065 3666 3134 inquit;

2088 3148 2181 3202 scd
2205 3165 2323 3203 cum
2349 3152 2584 3206 externis
2607 3154 2856 3224 periculis
2878 3171 2975 3209 nos
2996 3171 3205 3226 quoque
3232 3171 3487 3228 perpetuo
3516 3178 3669 3216 exer-

2086 3253 2268 3294 cemus
2294 3241 2492 3297 labore.
2539 3244 2796 3314 Quodque
2825 3246 2995 3315 majus
3039 3257 3140 3314 est,
3188 3265 3347 3304 nemo
3377 3253 3543 3320 possit
3586 3254 3668 3305 di-

2087 3345 2209 3384 cere
2241 3346 2337 3384 nos
2365 3331 2479 3386 lucc
2505 3349 2645 3403 aegre
2673 3336 2812 3390 ferre
2837 3349 2926 3390 aut
2956 3349 3337 3408 persequentes
3364 3356 3463 3395 nos
3504 3358 3665 3397 accu-

2089 3435 2242 3475 sare:
2274 3423 2390 3478 illos
2417 3423 2557 3478 enim
2583 3426 2673 3494 qui
2703 3441 2799 3480 nos
2827 3437 3038 3494 vexant,
3084 3445 3176 3498 per
3198 3432 3462 3485 contraria
3493 3449 3669 3487 mnu-

2088 3528 2360 3568 neramus.
2392 3514 2505 3570 Hoc
2527 3516 2723 3586 quippe
2767 3533 3015 3588 maguum
3044 3529 3146 3583 est,
3191 3537 3295 3575 non
3323 3532 3501 3578 atttem
3533 3527 3672 3581 male

2088 3606 2232 3673 pati;
2275 3607 2416 3676 quod
2457 3609 2704 3664 omnibus
2737 3621 2820 3665 est
2867 3627 3184 3680 commune;
3227 3632 3410 3671 verum
3463 3620 3670 3687 patien-

2091 3707 2171 3752 tes
2198 3714 2296 3753 nec
2323 3715 2465 3770 (εει-ε
2493 3716 2594 3756 nec
2627 3702 2842 3773 indigne
2873 3704 3024 3760 ferre.

2159 3787 2214 3841 2.
2254 3788 2362 3844 Nos
2402 3801 2580 3845 autem
2631 3808 2736 3846 non
2782 3795 2942 3850 modo
2987 3812 3091 3851 non
3137 3815 3278 3869 :rgre
3304 3799 3546 3867 ferimus,
3577 3804 3671 3858 sed

2089 3880 2247 3934 etiam
2285 3882 2649 3947 exsultamus;
2693 3885 2844 3954 cujus
2889 3888 2966 3942 rei
2999 3889 3099 3943 hoc
3139 3892 3347 3960 signum
3397 3905 3502 3959 est,
3529 3899 3671 3963 quod

2090 3985 2204 4034 eos,
2248 3971 2336 4039 qui
2380 3973 2532 4026 nobis
2577 3974 2714 4029 mala
2745 3975 2996 4045 inferunt,
3028 3983 3314 4037 contrariis
3353 3999 3670 4042 remunere-

2093 4076 2228 4113 qus.
2260 4061 2408 4128 Quod
2437 4073 2613 4118 autem
2643 4064 2742 4120 hoc
2771 4067 3027 4136 facerent,
3055 4071 3174 4125 audi
3201 4076 3474 4143 sequentia
3506 4095 3518 4125 :
3551 4077 3672 4131 Ma-

2091 4150 2376 4218 ledicimur,
2406 4163 2453 4206 et
2485 4154 2850 4220 benedicimus;
2890 4164 3322 4229 persequutionem
3350 4167 3593 4234 patimur,
3625 4178 3672 4222 et

2092 4243 2430 4310 sustinemus;
2473 4247 2559 4302 15.
2591 4245 3022 4318 blusphemamur,
3065 4262 3110 4304 et
3153 4255 3492 4321 obsecramus,
3539 4269 3674 4312 taut-

2091 4350 2242 4402 quam
2268 4347 2600 4407 purgamenta
2641 4340 2817 4392 mundi
2841 4343 2960 4410 facti
2999 4359 3192 4397 sumus.
3227 4345 3339 4400 ΙΙοε
3378 4356 3479 4412 εει,
3526 4350 3672 4404 stulti

2096 4439 2311 4496 propter
2331 4429 2622 4484 Christum.
2646 4430 2776 4485 Nam
2800 4433 2887 4501 qui
2917 4435 3054 4489 male
3081 4451 3270 4505 passus
3290 4448 3391 4503 est,
3421 4450 3478 4494 et
3501 4457 3674 4512 neque

2095 4537 2152 4575 ste
2182 4524 2454 4578 ulciscitur
2499 4541 2671 4596 neque
2712 4527 2878 4592 dolet,
2910 4531 3103 4586 stultus
3132 4533 3342 4590 videtur
3381 4551 3503 4592 esse
3531 4541 3670 4608 apud

2100 4624 2349 4668 externos
2394 4627 2449 4670 et
2487 4618 2744 4687 inglorius
2772 4621 3142 4691 inﬁrmusque.
3192 4627 3268 4680 Ac
3297 4642 3365 4682 ne
3396 4629 3670 4685 molestio-

2097 4721 2208 4759 rem
2235 4706 2484 4764 redderet
2503 4711 2823 4775 orationem,
2851 4712 2916 4765 ad
2943 4713 3151 4768 illorunt
3180 4716 3454 4773 civitatem
3479 4736 3681 4775 ternm-

2098 4815 2194 4853 nas
2238 4800 2515 4865 reducens,
2561 4803 2686 4872 quid
2737 4805 2911 4860 dicit?
2961 4805 3329 4878 Purgamenta,
3376 4827 3481 4865 non
3532 4815 3680 4868 urbis

2099 4903 2312 4958 vestrm,
2360 4893 2451 4947 scd
2481 4896 2656 4950 mundi
2694 4899 2815 4967 facti
2855 4917 3058 4967 sumus;
3093 4913 3148 4958 et
3196 4919 3401 4970 rursus,
3436 4905 3680 4962 Omnium

2100 4985 2404 5053 peripscma,
2447 5001 2551 5040 non
2581 4998 2815 5043 vestrum
2856 4999 3077 5056 tantum,
3110 4993 3204 5048 sed
3234 4997 3496 5050 omnium.
3528 4998 3680 5054 Sicut

2100 5091 2230 5145 ergo
2272 5092 2392 5130 cum
2435 5078 2503 5133 de
2544 5079 2744 5134 Christi
2784 5097 2908 5134 cura
2943 5083 3195 5152 loquitur,
3227 5096 3386 5152 terra,
3444 5090 3579 5145 caelo
3624 5103 3680 5146 et

2100 5168 2245 5221 omni
2291 5178 2533 5222 creatura
2563 5171 2782 5232 relictis,
2830 5187 3043 5227 crucem
3081 5176 3131 5229 in
3164 5178 3341 5231 medio
3382 5181 3533 5247 ponit
3563 5199 3575 5233 :
3609 5183 3682 5237 ita

2101 5256 2260 5309 etiam
2292 5258 2505 5326 quando
2532 5258 2598 5311 ad
2625 5274 2683 5313 se
2706 5259 2818 5312 vult
2837 5262 3122 5330 attrahere,
3153 5267 3315 5334 signis
3350 5272 3670 5335 praetermis-

2103 5345 2198 5410 sis,
2231 5363 2348 5415 qua:
2394 5357 2609 5418 propter
2652 5350 2794 5419 ipSos
2834 5367 3022 5420 passus
3069 5367 3153 5410 est
3176 5357 3324 5411 dicit.
3355 5358 3428 5412 lta
3465 5376 3683 5430 quoque

2103 5437 2340 5492 solemus
2366 5455 2484 5493 cum
2515 5439 2706 5506 injuria
2736 5442 2998 5498 al'licimur
3021 5446 3104 5499 rel
3131 5447 3455 5518 despicimur
3492 5466 3521 5503 a
3563 5458 3687 5522 qui-

2109 5529 2351 5597 busdam,
2384 5546 2501 5599 qua:
2530 5548 2625 5601 pro
2653 5534 2760 5590 illis
2788 5539 2925 5605 passi
2957 5553 3140 5593 sumus
3173 5541 3223 5594 in
3254 5541 3486 5598 medium
3514 5544 3689 5601 addu-

2172 5731 2184 5760 ¹
2225 5729 2276 5776 In
2302 5729 2586 5788 quibusdam
2609 5729 2753 5782 Codd.
2779 5732 2921 5785 deest
2945 5733 3163 5796 negatio.
