3986 6202
413 216 516 273 ιον

406 338 480 392 τα
509 336 657 407 πάθη
693 334 840 404 λέγει
872 336 940 391 τά
985 334 1052 390 δι’
1092 334 1311 399 αὐτούς.
1353 333 1510 390 Οῦτω
1542 336 1636 389 καὶ
1666 338 1800 407 ἡμῖν
1835 336 1979 403 ἔθος,

408 424 542 478 όταν
592 418 904 490 ἀδικώμεθα
956 418 1105 488 παρά
1138 435 1299 473 τινων
1354 419 1449 472 καὶ
1489 419 1980 492 καταφρονῶμεθα,

411 500 557 576 άπερ
581 505 719 573 ὑπὲρ
747 501 927 556 αὐτῶν
959 501 1253 573 ἐπάθομεν,
1281 501 1455 556 ταῦτα
1478 502 1662 572 φέρειν
1688 502 1767 566 εἰς
1791 504 1975 573 μέσον.

412 587 660 643 Πάντων
692 586 999 655 περίψημα
1033 584 1145 652 ἕως
1176 584 1328 655 ἄρτι.
1362 584 1591 639 Εύτονον
1641 586 1738 656 τὴν
1767 586 1982 657 πληγὴν

412 670 580 723 ἔδωκε
630 668 766 740 πρὸς
801 667 877 738 τῷ
915 667 1079 721 τέλει.
1122 667 1371 722 Πάντων
1405 667 1497 734 δὲ,
1529 667 1589 721 οὐ
1624 666 1730 721 τῶν
1758 667 1982 721 διωκὸν·

408 773 540 819 των,
563 762 747 825 φησιν,
780 752 916 806 ἀλλά
940 752 1049 805 τῶν
1080 753 1145 805 δι’
1169 751 1262 816 οὒς
1276 752 1449 805 ταῦτα
1474 751 1758 822 πάσχομεν
1780 766 1794 782 °
1824 767 1982 804 τουτ-

410 842 596 902 έστιι,
639 837 814 908 Χάριν
863 836 972 907 ἔχω
1022 835 1221 906 πολλὴν
1278 835 1481 899 αὐτοῖς.
1531 833 1980 905 Βαρυθυμοῦντος

408 923 470 976 τὸ
497 922 668 995 ῥῆμα,
695 921 796 974 οὐκ
823 919 1114 988 ἀλγοῦντος
1140 917 1328 981 αὑτοῦ,
1361 918 1477 972 ἀλλ’
1510 917 1750 981 ἐκείνους
1779 916 1979 989 πλῆξαι

408 1006 752 1078 βουλομένου.
796 1004 855 1058 ’0
879 1002 987 1074 γὰρ
1015 1001 1184 1074 μυρία
1213 1002 1352 1072 ἔχων
1385 1000 1656 1069 ἐγκαλεῖν,
1679 1000 1775 1054 καὶ
1803 1001 1980 1055 ἀσπά-

405 1091 582 1156 ζεται.
620 1087 720 1141 Διά
750 1086 909 1139 τοῦτο
947 1086 1040 1138 καὶ
1073 1087 1100 1138 ό
1127 1084 1358 1155 Χριστὸς
1379 1083 1590 1137 κελεύει
1615 1083 1806 1155 πράως
1834 1084 1980 1155 ἡμᾶς

408 1173 596 1244 φέρειν
618 1170 718 1234 τὰς
757 1169 963 1240 ὕϐρεις,
1009 1168 1096 1221 ἴνα
1133 1168 1229 1221 καὶ
1257 1168 1412 1220 αὐτοὶ
1450 1167 1847 1237 φιλοσοφῶμεν,
1883 1167 1981 1221 κά-

406 1254 621 1316 κείνους
656 1250 855 1322 μᾶλλον
881 1250 1251 1321 ὲντρέπωμεν.
1287 1250 1361 1302 Οὐ
1384 1250 1491 1322 7&9
1521 1248 1693 1313 οὕτως
1718 1247 1977 1321 ὑϐρίζων,

404 1337 484 1401 ὡς
529 1335 698 1404 σιγῶν
735 1351 840 1399 τις,
885 1332 1043 1386 τοῦτο
1093 1331 1403 1404 ἐργάζεται.
1452 1328 1563 1387 Εἶτ’
1612 1332 1798 1404 ἐπειδὴ
1839 1329 1979 1386 εἶδεν

405 1419 678 1490 ἀφόρητον
711 1417 809 1487 τὴν
843 1415 1089 1486 πληγὴν,
1133 1414 1346 1486 ταχέως
1390 1415 1556 1486 αὐτὴν
1589 1414 1974 1486 ἐθεράπευσεν,

404 1502 575 1556 εἰπών
592 1518 608 1533 θ
633 1503 754 1555 Οὐκ
781 1500 1080 1568 ἐντρέπων
1100 1499 1254 1568 ὑμᾶς
1279 1498 1479 1567 γράφω
1507 1499 1712 1564 ταῦτα,
1740 1500 1875 1554 ἀλλ’
1897 1500 1978 1567 ὡς

403 1582 588 1640 τέκνα
610 1600 729 1654 μου
766 1581 1037 1652 ἀγαπητὰ
1057 1580 1336 1635 νουθετῶ.
1366 1582 1478 1652 Οὐχ
1496 1582 1568 1646 ὼς
1599 1583 1975 1654 καταισχύνων

404 1668 515 1740 7&9
555 1668 721 1741 ὑμᾶς,
763 1666 938 1721 ταῦτα
985 1665 1149 1735 λέγω,
1187 1665 1370 1737 φησίν.
1404 1666 1581 1739 Ὅπερ
1627 1668 1850 1736 ἐποίησε
1886 1667 1975 1720 διά

402 1751 510 1806 τῶν
540 1751 819 1823 ῥημάτων,
859 1747 1014 1802 τοῦτό
1048 1765 1211 1818 φησιν
1240 1749 1301 1803 οὐ
1338 1748 1732 1818 πεποιηκέναι·
1769 1750 1972 1821 μᾶλλον

402 1834 462 1890 δὲ
513 1831 870 1903 πεποιηκέναι
901 1831 998 1903 μέν
1034 1848 1198 1901 φησιν
1226 1869 1240 1894 ,
1276 1831 1335 1884 οὐ
1372 1832 1479 1903 μὴν
1505 1832 1716 1904 διανοίᾳ
1758 1834 1971 1904 πονηρᾷ

403 1916 496 1971 καὶ
527 1913 758 1988 μισούσῃ
780 1930 794 1945 ·
828 1914 950 1967 ἐπεὶ
976 1915 1069 1967 καὶ
1105 1913 1301 1984 ἀρίστη
1330 1914 1469 1985 αὕτη
1514 1917 1546 1985 ή
1583 1914 1866 1986 θεραπεία,
1895 1918 1974 1969 εἰ-

403 2000 572 2055 πόντα
615 1998 706 2053 τὸν
747 1997 904 2066 λόγον
941 1995 1257 2067 προσθεῖναι
1300 1996 1399 2068 τὴν
1443 1998 1551 2052 ἀπο
1589 1999 1689 2070 τῆς
1737 1999 1974 2064 διανοίας

400 2080 714 2150 ἀπολογίαν.
755 2079 847 2150 Μὴ
886 2081 1059 2132 εἰπεῖν
1101 2079 1201 2149 μὲν
1234 2079 1341 2150 γάρ
1369 2081 1467 2133 οὐκ
1498 2081 1645 2150 ἐνῆν,
1673 2083 1792 2135 ἐπεὶ
1825 2081 1969 2152 ἐμει·

404 2183 501 2220 ναν
536 2164 603 2220 ἂν
644 2162 957 2233 ἀδιόρθωτοι
993 2176 1007 2189 °
1048 2162 1269 2217 εἰπόντα
1314 2162 1370 2215 δὲ
1412 2165 1631 2232 ἀφεῖναι
1663 2165 1825 2218 πάλιν
1873 2165 1973 2236 τὴν

402 2249 614 2319 πληγὴν
660 2247 899 2310 ἀνίατον,
948 2244 1212 2316 χαλεπόν·
1255 2243 1445 2318 διόπερ
1485 2247 1625 2318 μετὰ
1668 2246 1970 2321 βαρύτητος

399 2331 769 2398 ἀπολογεῖται.
795 2328 964 2382 Τοῦτο
990 2328 1097 2399 7&9
1125 2331 1185 2382 οὐ
1210 2328 1369 2399 μόνον
1398 2332 1499 2384 ούκ
1521 2329 1725 2402 ἐξαίρει
1748 2321 1847 2404 τὴν
1875 2349 1968 2385 το-

403 2416 511 2486 μὴν
544 2412 628 2485 [il
647 2411 719 2484 η,
744 2412 878 2467 ἀλλά
926 2414 1019 2464 καὶ
1050 2411 1311 2484 ἐνδοτέρω
1347 2416 1490 2467 ποιεῖ
1519 2414 1842 2481 καταδῦναι,
1871 2417 1973 2488 τῆς

399 2498 612 2569 πληγῆς
650 2496 751 2566 τὴν
802 2494 1073 2566 ἀλγηδόνα
1103 2495 1591 2567 παραμυθούμενον
1636 2499 1871 2554 ἃπασαν.
1913 2501 1971 2554 '0

398 2582 508 2651 γάρ
533 2578 791 2644 ἀκούσας,
825 2578 907 2631 ὅτι
933 2579 1033 2631 οὐκ
1062 2578 1357 2645 ὀνειδίζων,
1387 2579 1504 2632 ἀλλ’
1537 2580 1768 2647 ἀγαπῶν
1796 2581 1971 2635 ταῦτα

398 2665 569 2734 λέγει,
609 2660 805 2734 μᾶλλον
848 2661 1204 2731 καταδέχεται
1242 2661 1338 2732 τὴν
1373 2662 1676 2733 διόρθωσιν.
1713 2663 1971 2735 Πολλὴδέ

400 2749 491 2802 καὶ
510 2744 742 2800 ἐνταῦθα
764 2745 797 2815 ἡ
828 2741 1066 2814 βαρύτης
1087 2744 1180 2796 καὶ
1217 2744 1250 2813 ἡ
1281 2745 1536 2814 ἐντροπὴ.
1562 2744 1635 2797 Οὐ
1663 2746 1770 2817 γάρ
1795 2741 1969 2810 εἶπεν,

394 2830 470 2894 ὠς
496 2827 833 2890 διδάσκαλος,
868 2825 989 2878 οὐδὲ
1021 2826 1095 2889 ὡς
1123 2825 1437 2889 ἀπόστολος,
1465 2827 1588 2879 οὐδὲ
1611 2826 1686 2889 ὡς
1719 2827 1971 2897 μαθητάς

397 2912 557 2982 ἔχων,
589 2912 724 2982 ὅπερ
753 2910 851 2980 τῆς
875 2908 1029 2974 ἀξίας
1050 2903 1142 2979 ἦν,
1171 2906 1306 2973 ἀλλ’,
1346 2908 1441 2974 Ὠς
1470 2907 1653 2962 τέκνα
1676 2928 1795 2978 μου
1823 2912 1971 2982 ἀγα-

396 2997 555 3064 πητὰ
586 2994 848 3049 νουθετῶ
874 3009 886 3020 ·
925 2994 1020 3046 καὶ
1049 2995 1148 3063 οὐχ
1172 2992 1356 3054 ἁπλῶς
1382 2992 1571 3055 τέκνα,
1601 2994 1738 3049 ἀλλά
1769 2996 1970 3049 ποθού-

401 3096 558 3150 μενα.
591 3077 887 3148 Σύγγνωτέ,
904 3094 1012 3147 μοι,
1038 3076 1172 3146 φησί
1197 3092 1211 3106 ο
1246 3079 1339 3130 καὶ
1365 3077 1417 3131 εῖ
1443 3094 1496 3129 τι
1530 3078 1786 3150 φορτικὸν
1818 3079 1972 3151 εῐρη-

396 3179 507 3228 ται,
536 3161 595 3227 ἐξ
624 3161 845 3229 ἀγάπης
872 3158 1046 3212 ταῦτα
1074 3158 1306 3227 γίνεται.
1339 3160 1447 3212 Kal
1477 3161 1576 3213 οὐκ
1603 3157 1778 3224 εἶπεν,
1820 3163 1971 3216 Ἐπι-

395 3245 560 3314 τιμῶ,
589 3242 744 3304 ἀλλὰ.
775 3240 1067 3297 Νουθετῶ.
1109 3242 1203 3305 Τίς
1229 3242 1287 3295 δέ
1324 3243 1423 3296 οὐκ
1460 3242 1525 3298 ἂν
1549 3245 1836 3316 ἀνάσχοιτο
1867 3264 1971 3300 πα-

395 3329 523 3399 τρὸς
543 3323 852 3395 ἀλγοῦντος,
883 3324 976 3378 καὶ
997 3323 1065 3376 τά
1107 3324 1292 3378 δέοντα
1333 3326 1825 3397 συμϐουλεύοντοςς
1873 3329 1972 3383 Διά

396 3410 552 3465 τοῦτο
589 3410 648 3464 ού
688 3409 951 3481 πρότερον
982 3404 1101 3462 εἷπε
1136 3408 1313 3473 τοῦτο,
1353 3409 1467 3462 ἀλλ’
1501 3410 1589 3463 ὅτε
1617 3410 1716 3483 τὴν
1753 3412 1971 3484 πληγὴν

396 3493 581 3547 ἔδωκε.
614 3491 679 3544 Τί
706 3488 819 3557 οὖν,
852 3491 1159 3559 ἀφειδοῦσιν
1186 3492 1342 3562 ἡμῶν
1374 3494 1421 3545 οἱ
1449 3492 1597 3550 ἄλλοι
1632 3493 1966 3557 διδάσκαλοι,

396 3575 592 3650 φησίνς
634 3576 711 3630 Οὐκ
764 3573 919 3628 τοῦτο
964 3574 1127 3644 λέγω,
1182 3575 1295 3628 ἀλλ’
1344 3576 1442 3647 οὐχ
1487 3576 1630 3631 οὕτω
1676 3577 1965 3646 φείδονται.

407 3658 568 3711 Ἀλλά
593 3657 748 3710 τοῦτο
771 3657 871 3728 μὲν
903 3656 1181 3727 συντόμως
1208 3659 1307 3711 ούκ
1339 3654 1481 3721 εἷπε,
1508 3659 1598 3713 διὰ
1629 3660 1686 3713 δὲ
1720 3660 1828 3714 τῶν
1853 3663 1971 3715 ἐπι-

394 3739 746 3810 τηδευμάτων
803 3741 896 3793 καὶ
945 3740 1052 3792 τῶν
1091 3740 1366 3809 ὀνομάτων
1408 3742 1540 3794 αὐτὸ
1571 3744 1799 3815 ἐνέφηνε
1823 3784 1837 3807 ,
1879 3745 1970 3799 τὸν

394 3822 739 3890 παιδαγωγὸν
774 3824 869 3874 καὶ
910 3821 999 3873 τὸν
1036 3822 1242 3892 πατέρα
1279 3822 1413 3885 θείς.
1468 3823 1604 3877 Ἐὰν
1644 3826 1774 3893 γὰρ,
1814 3828 1966 3896 φησὶ,

396 3904 666 3970 πολλοὺς
698 3903 1107 3972 παιδαγωγοὺς
1142 3904 1318 3972 ἔχητε
1339 3906 1409 3957 ἐν
1447 3905 1696 3973 Χριστῷ,
1726 3908 1865 3961 ἀλλ’
1897 3912 1969 3964 οὐ

395 3986 666 4052 πολλοὺς
695 3985 973 4052 πατέρας.
997 3987 1072 4038 Ού
1093 3985 1153 4037 τὴ
1180 3986 1395 4055 ἀξίωμα
1424 3988 1684 4057 ἐμφαίνει
1708 3991 1966 4057 ἐνταῦθα,

394 4070 533 4125 ἀλλά
552 4070 650 4139 τῆς
689 4069 909 4138 ἀγάπης
939 4068 1036 4139 τὴν
1072 4068 1398 4140 ὐπερὸολήν.
1430 4072 1539 4123 Kal
1579 4071 1701 4124 ούδέ
1727 4072 1970 4139 ἐκείνους

395 4151 617 4222 ἐπληξε,
652 4152 735 4219 τὸ,
774 4153 876 4208 Ἐν
919 4148 1168 4220 Χριστῷ,
1207 4150 1485 4223 προσθεὶς,
1523 4152 1658 4206 ἁλλά
1695 4156 1789 4209 καὶ
1833 4174 1974 4228 παρ-

394 4236 708 4311 εμυθήσατο
732 4236 950 4300 αὐτοὺς,
984 4234 1106 4306 οὐχὶ
1134 4235 1392 4300 κόλακας,
1421 4236 1559 4291 ἀλλά
1594 4238 1972 4309 παιδαγωγοὺς

393 4321 563 4378 εἰπὼν
576 4323 704 4387 τοὺς
725 4318 1120 4386 σπουδάζοντας
1145 4321 1238 4374 καὶ
1253 4320 1612 4391 ἀνεχομένους
1635 4323 1742 4376 τῶν
1759 4323 1935 4379 πόνων
1952 4341 1966 4354 ·

394 4408 488 4462 καὶ
510 4407 610 4478 τὴν
650 4404 846 4461 ἐαυτοῦ
894 4403 1219 4475 κηδεμονίαν
1250 4403 1588 4470 ἀπεδείξατο.
1629 4406 1721 4461 Διὸ
1754 4408 1855 4462 οὐκ
1893 4403 1971 4461 εῖ-

396 4507 533 4552 πεν,
575 4487 713 4543 Ἀλλ’
739 4490 800 4542 ού
832 4487 1059 4551 πολλοῦς
1093 4486 1467 4548 διδασκάλους,
1504 4488 1644 4555 ἀλλ’,
1680 4493 1762 4544 Οὐ
1791 4489 1968 4544 πατέ.

387 4586 523 4642 ρας.
558 4568 743 4632 Οὕτως
784 4568 885 4621 οὐκ
921 4568 1138 4638 ἀξίωμα
1174 4569 1349 4622 θεῖναι
1384 4568 1655 4631 ἐϐούλετο,
1692 4571 1811 4624 οὐδὲ
1835 4612 1849 4635 ,
1887 4574 1969 4626 ὅτι

396 4653 618 4707 πλείονα
646 4652 774 4721 παρ’
804 4650 969 4703 αὑτοῦ
1000 4649 1299 4722 ὠφέληντο,
1326 4648 1534 4716 διδάξαι
1559 4666 1572 4681 ·
1602 4652 1739 4706 ἀλλά
1763 4670 1973 4723 συγχω-

399 4738 573 4808 ρήσας
609 4733 837 4797 ἐκείνοις
883 4732 950 4785 τά
983 4733 1154 4787 πολλά
1201 4733 1331 4804 περὶ
1368 4734 1568 4799 αὐτοὺς
1604 4738 1970 4807 πεπονηκέναι

398 4816 656 4878 (τοιοῦτον
687 4815 797 4888 γάρ
826 4815 856 4867 ό
885 4814 1273 4884 παιδαγωγὸς),
1300 4816 1398 4886 τὴν
1430 4816 1527 4885 τῆς
1561 4817 1781 4888 ἀγάπης
1806 4821 1972 4890 ὑπερ-

396 4899 560 4970 ϐολὴν
585 4897 764 4968 ἐαυτῷ
781 4896 1121 4967 ταμιεύεται.
1150 4897 1404 4952 Τοιοῦτον
1431 4901 1540 4970 7&9
1567 4899 1597 4953 ό
1623 4902 1827 4972 πατήρ.
1860 4902 1970 4955 Kal

395 4983 459 5036 ού
496 4982 643 5051 λέγει
674 4982 853 5052 μόνον,
895 4980 977 5035 δτι
1023 4979 1212 5044 Οὐδεὶς
1240 4981 1384 5047 ὑμᾶς
1426 4981 1566 5036 οὕτω
1604 4982 1787 5053 φιλεῖ,
1832 4985 1969 5054 ὅπερ

397 5073 684 5129 ἀνεύθυνον
711 5070 809 5144 ἦν,
843 5072 981 5129 ἀλλά
1019 5074 1113 5126 καὶ
1153 5075 1385 5145 πρᾶγμα
1424 5076 1647 5143 γεγονὸς
1684 5077 1765 5139 εἰς
1799 5075 1965 5147 μέσον

399 5157 543 5225 ἄγει.
578 5159 733 5212 Ποῖον
773 5158 839 5229 δὴ
869 5158 1062 5223 τοῦτο;
1103 5159 1204 5214 Ἐν
1231 5158 1343 5228 τὰρ
1373 5158 1604 5229 Χριστῷ
1642 5159 1844 5227 Ἰησοῦ
1874 5159 1971 5214 διὰ

399 5240 506 5294 τοῦ
532 5241 900 5309 Εὐαγγελὶου
930 5241 1045 5312 ἐγὼ
1072 5240 1227 5312 ὑμᾶς
1258 5241 1581 5313 ἐγέννησα.
1618 5242 1714 5296 Ἐν
1740 5240 1971 5311 Χριστῷ

413 5322 649 5393 Ἰησοῦο
675 5323 776 5377 οὐκ
804 5322 1027 5393 ἐμαυτῷ
1058 5324 1218 5376 τοῦτο
1254 5323 1563 5393 λογίζομαι,
1610 5324 1765 5394 φησί.
1800 5324 1970 5379 Πάλιν

398 5409 524 5473 τοὺς
547 5408 756 5470 ἑαυτοῖς
782 5405 1214 5476 ἐπιφημίζοντας
1230 5407 1328 5476 τὴν
1341 5407 1692 5461 διδασκαλίαν
1719 5408 1965 5480 πλήττει.

409 5490 605 5561 ἠιεῒς
624 5488 735 5559 γάρ
761 5489 919 5550 ἐστε,
950 5488 1134 5558 φησὶν,
1161 5488 1200 5556 1}
1223 5488 1482 5557 σφραγίς
1509 5488 1619 5559 τῆς
1650 5489 1801 5560 ἐμῆς
1826 5491 1971 5546 ἀπο-

399 5574 660 5644 στολῆῳ
691 5573 785 5627 καὶ
817 5572 1000 5641 πάλιν,
1043 5571 1191 5643 Ἐγὼ
1229 5572 1554 5642 ἐφύτευσα·
1584 5574 1678 5627 καὶ
1713 5573 1967 5640 ἐνταῦθα,

466 5809 492 5841 ⁸
518 5809 689 5860 Deum
710 5812 940 5860 τουτέστι.

1157 213 1217 271 S.
1253 210 1539 268 JOANNIS
1574 209 1972 269 CHRYSOS'N

2110 210 2427 270 meum.
2468 202 3018 274 con'summon.

3557 223 3657 279 ιιο

2101 336 2246 407 Ἐγὼ
2272 337 2588 410 ἐγέννησα.
2631 343 2745 398 Οὐκ
2780 341 2903 399 εἷπε
2926 385 2943 411 ,
2986 344 3334 416 Κατήγγειλα
3362 345 3450 398 τὸν
3480 344 3661 414 λόγον,

2086 421 2228 487 ἀλλ’,
2265 423 2413 495 Ἐγὼ
2430 425 2754 495 ἐγέννησα,
2793 430 2908 491 τοῖς
2928 429 3027 499 τῆς
3066 429 3279 498 φύσεως
3305 429 3531 500 ὀνόμασι
3567 445 3658 479 κε-

2083 507 2374 576 χρημένος.
2409 510 2506 563 Ἓν
2545 511 2654 581 7&9
2695 512 3016 579 ἐσπούδαζε,
3054 513 3154 583 τὴν
3203 513 3425 581 ἀγάπην
3461 510 3660 564 ἐπιδεί-

2080 589 2297 655 ξασθαι,
2335 594 2403 662 ῆν
2453 595 2580 666 περί
2622 595 2818 659 αὐτοὺς
2873 593 3041 667 εἶχεν.
3109 597 3339 649 Ἐκεῖνοι
3394 594 3493 666 μὲν
3549 596 3660 664 γὰρ
3699 661 3703 665 ν

2081 674 2211 744 παρ’
2234 675 2367 746 ἐμοῦ
2395 676 2677 748 δεξάμενοι
2711 681 2980 752 ἐνήγαγον
3012 680 3156 750 ὑμᾶς
3175 696 3189 710 ·
3229 680 3291 732 τὸ
3317 678 3374 732 δὲ
3405 674 3545 732 εἶναι
3571 694 3658 730 πι-

2081 758 2273 824 στοὺς,
2316 759 2385 813 δι’
2436 760 2572 832 ἐμοῦ
2617 762 2860 832 γέγονεν.
2918 764 3137 836 Ἐπειδὴ
3173 763 3283 834 γάρ
3326 759 3501 829 εἶπεν,
3559 763 3657 828 Ὠς

2079 841 2282 907 τέκνα,
2327 843 2412 897 ἵνα
2452 845 2530 917 μὴ
2563 846 2853 910 κολακείας
2899 843 3039 902 εἶναι
3093 848 3323 921 νομίσῃς
3371 847 3435 900 1:0
3479 847 3656 918 ῥῆμα.

2078 923 2374 995 παρίστησι
2411 928 2506 982 καὶ
2545 929 2607 982 τὸ
2652 931 2903 1001 πρᾶγμα.
2956 928 3287 998 Παρακαλῶ
3326 924 3441 984 οὖν
3477 928 3655 997 ὑμᾶς,

2072 1009 2323 1075 μιμηταί
2335 1027 2455 1079 μου
2475 1012 2735 1080 γίνεσθε,
2752 1013 2948 1079 καθὼς
2964 1011 3126 1081 κάγὼ
3144 1012 3425 1080 Χριστοῦ.
3445 1012 3618 1064 Βαϐαί
3640 1013 3653 1065 !

2080 1088 2219 1160 πόση
2254 1090 2349 1144 τοῦ
2376 1092 2698 1149 διδασκάλου
2728 1096 2761 1165 ή
2797 1096 3117 1169 παῤῥησίαί
3180 1097 3296 1159 πῶς
3329 1094 3658 1167 ἀπηκριϐω-

2081 1170 2216 1242 μένη
2245 1174 2277 1242 ἡ
2304 1174 2485 1241 εἰκὼν,
2508 1177 2635 1230 ὅταν
2660 1177 2752 1232 καὶ
2778 1179 2998 1249 ἐτέρους
3018 1180 3110 1232 ἐπὶ
3141 1177 3299 1232 τοῦτο
3324 1179 3617 1250 παρακαλῇ
3639 1180 3653 1233 !

2079 1252 2196 1308 Οὐκ
2221 1256 2463 1327 ἐπαίρων
2491 1258 2548 1311 δέ
2571 1260 2764 1313 ἑαυτὸν
2789 1260 2946 1315 τοῦτο
2974 1263 3136 1328 ποιεῖ,
3169 1260 3306 1315 ἀλλά
3330 1261 3542 1326 δεικνὺς
3563 1261 3655 1314 εῦ-

2079 1337 2234 1390 κολον
2260 1333 2426 1393 οὖσαν
2453 1339 2551 1411 τὴν
2577 1342 2798 1412 ἀρετήν.

2147 1495 2216 1556 γ’.
2232 1490 2324 1562 Μὴ
2336 1491 2443 1562 γάρ
2462 1490 2835 1566 μοιείπῃς,ὅτι
2855 1492 2930 1545 Οὐ
2951 1491 3253 1563 δύναμαίσε
3283 1492 3652 1562 μιμήσασθαι·

2078 1572 2144 1627 σὺ
2173 1573 2495 1639 διδάσκαλος
2525 1570 2599 1642 εἰ,
2632 1576 2728 1629 καὶ
2762 1575 2961 1646 μέγας.
2993 1578 3068 1629 Οὐ
3104 1577 3213 1646 γάρ
3252 1578 3368 1628 ἐστι
3396 1576 3655 1628 τοσοῦτον

2074 1655 2137 1708 τὸ
2165 1657 2328 1728 μέσον
2351 1657 2486 1729 ἐμοῦ
2515 1658 2650 1730 πρὸς
2672 1660 2836 1730 ὑμᾶς,
2854 1662 2978 1713 ὅσον
2994 1659 3085 1714 τοῦ
3111 1659 3347 1732 Χριστοῦ
3371 1661 3508 1730 1:90;
3527 1661 3650 1729 ἐμέ·

2075 1740 2193 1794 ἀλλ’
2234 1743 2383 1813 ὅμως
2415 1744 2776 1816 ἐμιμησάμην
2809 1746 3013 1799 ἐκεῖνον
3043 1745 3171 1814 ἐγώ.
3216 1744 3387 1798 Ὅταν
3418 1745 3520 1813 μὲν
3559 1741 3653 1815 οὖν

2087 1826 2356 1895 Ἐφεσίοις
2380 1828 2588 1899 γράφῃ,
2622 1828 2685 1882 οὺ
2710 1828 2890 1899 τίθησι
2917 1829 3079 1900 μέσον
3110 1827 3323 1893 ἐαυτὸν,
3353 1827 3465 1880 ἀλλ’
3488 1827 3655 1890 εὐθὺς

2076 1907 2124 1982 [ί
2143 1908 2227 1982 12]
2256 1912 2454 1975 αὐτοὺς
2488 1912 2605 1964 ἐκεῖ
2637 1912 2846 1976 πάντας
2868 1912 3092 1979 ἀπάγει,
3121 1913 3378 1966 Γίνεσθε
3400 1911 3650 1980 μιμηταί

2073 1993 2181 2049 τοῦ
2215 1995 2384 2061 Θεοῦ,
2419 1993 2614 2064 λέγων’
2647 1994 2880 2050 ἐνταῦθα
2907 1995 2986 2063 δέ,
3009 1994 3196 2067 ἐπειδὴ
3226 1994 3361 2065 πρὸς
3405 1996 3655 2058 ἀσθενεῖς

2071 2071 2141 2148 ἦν
2166 2078 2195 2131 ό
2225 2076 2386 2145 λόγος
2412 2076 2583 2148 αὐτῷ,
2619 2077 2811 2131 ἑαυτὸν
2842 2076 3199 2147 παρενέϐαλε.
3231 2077 3341 2130 Kal
3378 2076 3556 2139 άλλως
3594 2077 3653 2129 δέ

2071 2160 2364 2224 δείκνυσιν,
2388 2162 2472 2214 ὅτι
2499 2161 2578 2215 ἔνι
2603 2162 2699 2214 καὶ
2732 2159 2876 2214 οῦτω
2902 2161 2994 2214 τὸν
3027 2160 3262 2231 Χριστὸν
3282 2160 3651 2231 μιμήσασθαι.

2084 2244 2143 2298 Ὁ
2173 2242 2284 2316 γὰρ
2312 2246 2410 2315 τὴν
2444 2246 2717 2316 σφραγῖδα
2765 2246 3146 2316 μιμησάμενος
3185 2245 3284 2316 τὴν
3324 2246 3652 2314 ἀπηκριϐω-

2075 2326 2278 2398 μένην,
2324 2327 2403 2380 τὸ
2425 2327 2732 2398 ἀρχέτυπον
2767 2328 3099 2398 ἐμιμήσατο.
3135 2327 3365 2398 Ἴδωμεν
3401 2322 3495 2381 οὖν
3532 2328 3654 2390 πῶς

2071 2408 2232 2473 αὐτὸς
2260 2411 2573 2480 ἐμιμήσατο
2595 2409 2687 2464 τὸν
2710 2410 2968 2482 Χριστόν.
3010 2410 3073 2463 Ἦ
3102 2409 3211 2481 γάρ
3238 2410 3472 2480 μίμησις
3509 2409 3653 2480 αῦτη

2070 2491 2131 2544 οὐ
2148 2491 2354 2562 χρόνων
2369 2492 2544 2545 δεῖται
2562 2493 2658 2545 καλ⁸
2675 2493 2892 2563 τέχνης,
2909 2492 3045 2546 ἀλλά
3064 2493 3439 2564 προαιρέσεως
3459 2493 3649 2563 μόνης.

2071 2572 2166 2638 Εἰς
2208 2573 2498 2645 ζωγράφου
2540 2573 2641 2645 μέν
2678 2574 2788 2648 7&9
2837 2570 3171 2638 εἰσελθόντες
3203 2575 3264 2627 οὐ
3302 2574 3653 2643 δυνησόμεθα

2073 2657 2415 2729 μιμήσασθαι
2445 2657 2542 2726 τὴν
2562 2657 2768 2723 εἰκόνα,
2800 2657 2903 2712 κᾶν
2928 2659 3188 2730 μυριάκις
3212 2657 3436 2727 ίδωμενο
3459 2657 3651 2711 τοῦτον

2069 2740 2127 2794 δὲ
2161 2742 2253 2794 καὶ
2276 2740 2335 2806 ἐξ
2359 2741 2677 2811 ἀκροάσεως
2714 2741 2882 2813 μόνης
2922 2740 3000 2795 ἐνι
3046 2740 3413 2812 μιμήσασθαι.
3439 2741 3651 2795 Οὐκοῦν

2072 2822 2327 2894 βούλεσθε
2359 2826 2450 2876 τὸν
2484 2822 2689 2876 πίνακα
2716 2823 2798 2887 εἰς
2835 2823 3001 2893 μέ;ον
3030 2824 3349 2894 ἀγαγόντες,
3401 2824 3650 2896 ὑπογρά-

2068 2906 2258 2976 ψωμεν
2302 2908 2387 2974 ἐφ’
2421 2906 2575 2975 ὑμῶν
2614 2907 2715 2978 τὴν
2762 2906 3036 2960 πολιτείαν
3082 2905 3176 2960 τοῦ
3220 2906 3471 2974 Παύλου;
3511 2910 3653 2978 Προ-

2070 2978 2274 3043 κείσϐω
2314 2990 2493 3043 τοίνυν
2537 2992 2568 3043 ὁ
2612 2989 2776 3055 πίναξ
2824 2989 2958 3043 πολὺ
3000 2989 3379 3060 λαμπρότερος
3417 2992 3495 3044 ὢν
3542 2992 3652 3044 τῶν

2072 3074 2367 3145 βασιλικῶν
2404 3074 2647 3128 εἰκόνων.
2684 3075 2758 3127 Τὸ
2788 3074 2896 3145 γάρ
2930 3074 3308 3144 ὑποκείμενον,
3335 3075 3396 3127 οὐ
3437 3076 3653 3140 σανίδες

2069 3158 2470 3229 κεκολλημέναι
2505 3158 2627 3211 οὐδὲ
2671 3158 2909 3221 σινδόνες
2939 3158 3303 3228 ἐπικείμεναι,
3344 3157 3459 3211 ἀλλ’
3490 3160 3653 3228 ἔργον

2068 3240 2204 3295 Θεοῦ
2228 3240 2290 3294 τὸ
2313 3240 2691 3310 ὑποκείμενον
2717 3240 2865 3311 ψυχὴ
2888 3241 2998 3312 γάρ
3015 3243 3131 3293 ἐστι
3155 3242 3246 3293 καὶ
3274 3241 3453 3310 σῶμα.
3489 3242 3651 3312 Ψυχὴ

2068 3324 2205 3378 Θεοῦ
2236 3323 2422 3396 ἔργον,
2449 3324 2551 3377 οὐκ
2580 3324 2677 3376 ἀνθ
2688 3323 2907 3394 ρώπων,
2925 3326 3018 3377 καὶ
3052 3324 3212 3395 σῶμα
3240 3326 3403 3379 πάλιν
3425 3326 3630 3395 ὁμοίως

2080 3408 2446 3481 Ἐκροτήσατε
2476 3407 2748 3470 ὲνταῦθα;
2789 3408 2931 3461 Ἀλλ’
2954 3408 3062 3462 οὐκ
3089 3408 3322 3463 ἐνταῦθα
3355 3407 3466 3462 τῶν
3526 3412 3653 3480 κρό-

2068 3509 2175 3544 των
2202 3493 2231 3545 0
2266 3490 2476 3560 καιρὸς,
2507 3490 2622 3544 ἀλλ’
2648 3491 2741 3543 ἐπὶ
2777 3490 2887 3544 τῶν
2927 3490 3056 3561 ἑξῆς
3102 3506 3197 3545 και
3240 3493 3336 3545 τοῦ
3381 3495 3651 3564 κροτῆσαι

2069 3573 2162 3627 καὶ
2187 3572 2280 3626 τοῦ
2312 3572 2575 3643 ζηλῶσαι.
2607 3573 2757 3637 Τέως
2797 3575 2906 3645 7&9
2953 3576 2987 3643 ἡ
3031 3573 3131 3644 ὕλη
3170 3575 3455 3630 ὑπόκειται
3495 3578 3650 3630 rom“

2070 3657 2209 3727 πρὸς
2240 3657 2485 3721 ἅπαντας
2505 3652 2657 3710 οὖσα.
2678 3657 2839 3728 Ψυχὴ
2871 3658 2976 3729 γάρ
2998 3657 3176 3728 ψυχῆς
3197 3659 3351 3711 οὐδὲν
3378 3659 3648 3731 διαφέρει,

2070 3740 2207 3792 καθὸ
2228 3739 2394 3810 ψυχὴ,
2431 3739 2546 3792 ἀλλ’
2568 3742 2601 3811 ἡ
2628 3740 2945 3811 προαίρεσις
2967 3741 3208 3793 δείκνυσι
3235 3741 3334 3812 τὴν
3358 3741 3648 3812 διαφοράν.

2072 3824 2285 3895 Ὥσπερ
2309 3825 2420 3892 γάρ
2455 3823 2615 3893 σῶμα
2644 3824 2929 3893 σώματος,
2961 3824 3096 3877 καθό
3125 3827 3239 3877 ἐστι
3277 3824 3458 3894 σῶμα,
3494 3827 3648 3880 οὐδὲν

2069 3906 2394 3977 διενήνοχεν,
2431 3905 2546 3958 ἀλλ’
2590 3906 2774 3975 ὅμοιόν
2809 3907 2925 3959 ἐστι
2957 3907 3141 3960 καὶτὸ
3172 3907 3266 3961 τοῦ
3303 3907 3517 3960 Παύλου
3552 3912 3647 3962 καὶ

2069 3989 2178 4042 τῶν
2212 3987 2446 4053 πολλῶν,
2491 3989 2540 4040 οί
2573 3988 2628 4043 δὲ
2659 3988 2892 4043 κίνδυνοι
2933 3990 3285 4061 φαιδρότερον
3320 3993 3646 4061 ἐργάζονται

2069 4071 2229 4125 τοῦτο
2260 4070 2488 4124 ἐκείνου·
2521 4068 2664 4124 οὕτω
2695 4070 2759 4142 δὴ
2801 4073 2894 4125 καὶ
2936 4073 3029 4125 ἐπὶ
3065 4073 3267 4143 ψυχῆς.
3307 4075 3645 4128 Ὑποκείσθω

2068 4154 2247 4208 τοίνυν
2271 4156 2299 4208 ὁ
2334 4153 2497 4218 πίναξ
2528 4157 2661 4225 ημῖν
2701 4157 2733 4225 ή
2772 4154 2921 4226 ψυχὴ
2966 4156 3203 4209 Παύλου.
3240 4153 3405 4220 υῦτος
3426 4157 3456 4210 ό
3488 4159 3646 4223 πίναξ

2071 4236 2252 4290 ἔκειτο
2289 4236 2483 4309 πρώην
2505 4235 2906 4308 ἠσϐολωμένος,
2961 4238 3234 4309 ἀραχνίων
3254 4238 3440 4309 γέμων
3458 4257 3472 4270 ’
3495 4241 3643 4296 οὐδὲν

2070 4318 2178 4390 7&9
2201 4318 2548 4390 βλασφημίας
2568 4321 2770 4389 χεῖρον.
2800 4319 3016 4391 Ἐπειδὴ
3035 4321 3091 4373 δὲ
3112 4316 3273 4390 ἦλθεν
3294 4322 3322 4375 ό
3347 4321 3523 4376 πάντα
3549 4340 3645 4392 με·

2067 4401 2444 4466 τασκευάζων,
2476 4403 2570 4454 καὶ
2614 4399 2753 4455 εἶδεν
2784 4402 2843 4455 οὐ
2881 4405 3032 4471 παρά
3067 4403 3339 4475 ῥᾳθυμίαν
3380 4407 3476 4459 καὶ
3513 4405 3644 4474 βλα-

2069 4484 2225 4538 κείαν
2257 4483 2399 4536 οῦτω
2423 4482 2813 4552 διαγρσφέντα,
2862 4484 2997 4538 ἀλλά
3043 4484 3195 4557 παρὰ
3224 4485 3503 4557 ἀπειρίαν,
3550 4487 3644 4540 καὶ

2069 4566 2131 4620 τὸ
2163 4565 2238 4635 μὴ
2270 4564 2415 4634 ἐχειν
2440 4564 2510 4616 τὰ
2536 4564 2673 4635 ἄνθη
2703 4566 2806 4635 τῆς
2834 4567 3122 4631 εὐσεϐείας
3167 4569 3368 4639 (ζῆλον
3398 4569 3503 4639 μὲν
3537 4570 3643 4641 γάρ

2068 4647 2204 4719 εἶχε,
2235 4647 2302 4700 τά
2332 4648 2386 4700 δὲ
2414 4647 2683 4720 χρώματα
2715 4651 2777 4703 οὑ
2807 4653 3012 4722 παρῆν·
3036 4652 3096 4704 οὒ
3121 4651 3230 4722 7&9
3255 4653 3376 4706 κατ’
3405 4654 3646 4722 ἐπίγνω-

2071 4750 2155 4787 σιν
2182 4733 2272 4787 τὸν
2305 4730 2468 4801 ζῆλον
2508 4729 2643 4803 εἶχε)
2665 4748 2677 4761 ·
2708 4734 2925 4787 δίδωσιν
2954 4734 3106 4805 αὐτῷ
3145 4738 3246 4805 τῆς
3274 4736 3536 4807 ἀληθείας
3584 4738 3646 4791 τὸ

2068 4814 2249 4878 ἀνθος,
2299 4815 2571 4877 τουτέστι,
2606 4816 2705 4887 τὴν
2748 4817 2942 4887 χάρινο
2993 4818 3088 4871 καὶ
3128 4818 3325 4889 ἀθρόον
3359 4819 3647 4890 βασιλικὴν

2068 4898 2318 4963 ἀπέδειξε
2349 4899 2449 4969 τὴν
2482 4899 2688 4953 εἰκόνα.
2738 4900 2934 4954 Λαϐὼν
2973 4901 3082 4972 7&9
3113 4901 3182 4957 τά
3221 4901 3515 4973 χρώματα,
3551 4908 3646 4960 καὶ

2073 4982 2260 5054 μαθὼν
2291 4983 2435 5053 άπερ
2465 4983 2649 5052 ἠγνόει
2670 5021 2685 5047 ,
2714 4983 2814 5037 ούκ
2852 4985 3104 5054 ἀνέμεινε
3143 4987 3332 5055 χρόνον
3352 5027 3367 5051 ,
3410 4986 3526 5039 ἀλλ’
3553 4990 3645 5040 εύ-

2070 5065 2208 5129 θέως
2240 5066 2412 5135 ἐφάνη
2444 5066 2696 5136 τεχνίτης
2729 5065 2970 5136 ἀριστος.
3018 5067 3130 5121 Kal
3159 5069 3377 5137 πρῶτον
3404 5069 3646 5123 δείκνυσι

2067 5151 2167 5222 τὴν
2191 5150 2433 5222 κεφαλὴν
2467 5149 2771 5220 βασιλικὴν,
2801 5149 2892 5202 τὸν
2925 5151 3157 5221 Χριστὸν
3183 5151 3494 5221 κηρύττων·
3526 5150 3641 5205 εἶτα

2069 5233 2165 5287 καὶ
2195 5234 2256 5286 τὸ
2278 5232 2465 5286 λοιπὸν
2491 5231 2672 5302 σῶμα,
2695 5232 2757 5285 1:0
2784 5232 2884 5304 τῆς
2916 5232 3194 5298 πολιτείας
3221 5233 3323 5303 τῆς
3352 5234 3633 5304 ἀκριϐοῦς.

2070 5316 2135 5369 Ol
2175 5317 2272 5386 μὲν
2303 5311 2397 5370 οὖν
2420 5313 2705 5384 ζωγράφοι
2734 5316 3195 5379 κατακλείσαντες
3223 5317 3475 5384 ἑαυτοὺς,
3504 5321 3647 5389 μετὶ

2070 5398 2270 5470 πολλῆς
2295 5398 2395 5468 τῆς
2422 5396 2708 5467 ἀκριϐείας
2738 5398 2832 5451 καὶ
2861 5399 3095 5469 ἡσυχίας
3117 5399 3336 5453 ἅπαντα
3376 5400 3648 5468 πράττουο

2071 5497 2156 5535 σιν
2178 5520 2193 5546 ,
2232 5480 2407 5533 οὐδενὶ
2435 5478 2534 5541 τὰς
2569 5477 2741 5549 θύρας
2792 5481 3217 5552 παρανοίγοντες
3240 5496 3254 5510 ⁸
3306 5478 3463 5545 οὗτος
3500 5484 3559 5537 δέ
3590 5488 3646 5538 ἐν

2072 5564 2222 5634 μέσῳ
2268 5562 2366 5632 τῆς
2411 5562 2737 5634 οἰκουμένης
2780 5563 2871 5617 τὸν
2902 5564 3107 5619 πίνακα
3139 5564 3382 5637 προθεὶς,
3427 5566 3651 5621 πάντων

2070 5642 2511 5714 ἐναντιουμένων,
2566 5644 2975 5716 θορυϐούντων,
3026 5648 3436 5717 ταραττόντων,
3472 5649 3649 5711 οῦτω;

2071 5725 2358 5799 εἰργάζετο
2401 5728 2500 5797 τὴν
2547 5728 2832 5799 βασιλικὴν
2881 5728 3089 5801 ταύτην
3140 5731 3347 5794 εἰκόνα,
3403 5737 3499 5785 καί
3544 5734 3647 5785 οὐκ

2075 5809 2360 5865 ἐκωλύετο.
2406 5811 2495 5864 Διὸ
2538 5813 2630 5864 καὶ
2677 5811 2831 5879 ἔλεγε
2856 5828 2867 5841 ο
2915 5812 3155 5884 Θέατρον
3197 5815 3536 5884 ἐγενήθημεν
3572 5815 3651 5883 τῷ
