3986 6202
325 320 422 376 109

322 448 459 488 cere.
506 429 748 484 Outiiium
784 427 1063 498 peripaema
1104 439 1261 493 usque
1293 422 1483 475 adhuc.
1514 420 1897 474 \‘ehementcm

323 525 528 595 plagam
558 520 764 576 inducit
804 520 855 573 in
884 518 1008 571 line.
1045 514 1305 581 Omnium,
1339 512 1530 583 inquit,
1575 526 1681 564 non
1712 524 1897 580 perse-

320 614 618 686 quentium.
668 609 762 665 sed
806 623 991 664 eorum
1038 614 1256 676 propter
1298 619 1434 675 quos
1466 602 1579 657 bare
1624 601 1898 668 patimur:

323 707 424 762 hoc
472 715 576 768 est,
604 701 842 771 Magnam
872 697 1003 770 ipsis
1047 695 1273 769 gratiam
1314 693 1506 748 habeo.
1546 690 1791 747 Graviter
1818 687 1901 742 fe-

321 798 489 852 rentis
513 804 596 851 est
620 793 861 858 verbum,
894 805 1001 845 non
1031 786 1175 860 quod
1202 787 1317 857 ipse
1358 795 1603 853 angatur,
1633 780 1730 837 sed
1759 778 1900 850 quod

322 887 443 940 illos
481 884 837 956 perstringere
881 880 1032 935 velit.
1082 877 1214 932 Nam
1264 875 1356 946 qui
1396 877 1571 945 potest
1616 873 1898 927 innumera

324 977 555 1048 proferre
599 976 850 1044 crimina,
894 973 1018 1028 illos
1059 970 1276 1026 salutat.
1323 966 1448 1022 Ideo
1467 965 1620 1035 jubet
1656 963 1901 1019 Christus

321 1066 669 1123 contumelias
707 1078 807 1120 nos
850 1070 1129 1117 mansuete
1155 1060 1313 1123 ferre,
1360 1065 1493 1111 utet
1534 1053 1633 1124 ipsi
1664 1052 1901 1123 philom-

323 1160 564 1227 phemnr,
595 1165 651 1213 et
678 1154 1100 1211 contumeliosos
1135 1150 1339 1221 pudore
1381 1147 1548 1218 magis
1576 1146 1893 1198 atliciamns.

318 1248 434 1304 Non
459 1250 602 1302 enim
643 1247 716 1300 ita
754 1244 1078 1300 contumelia
1119 1240 1380 1303 alliciens,
1416 1247 1471 1291 ut
1496 1238 1660 1290 silens
1690 1236 1791 1289 hoc
1822 1231 1900 1287 fa-

316 1341 410 1395 cit.
467 1339 673 1395 Deinde
715 1339 837 1408 quia
882 1337 1014 1392 vidit
1060 1334 1452 1391 intolerabilem
1504 1346 1626 1387 esse
1667 1331 1897 1400 plagam,

315 1435 498 1488 statim
544 1434 618 1486 illi
661 1433 903 1486 medetur
939 1429 1164 1484 dicens:
1201 1428 1285 1482 14.
1321 1426 1442 1480 Non
1488 1435 1541 1477 ut
1585 1424 1900 1493 confundam

314 1541 406 1579 ros
432 1525 541 1578 ha'c
570 1523 749 1586 scribo,
778 1523 865 1577 sed
892 1532 946 1575 ut
985 1521 1119 1591 filios
1146 1536 1278 1574 meos
1317 1519 1525 1573 dilectos
1551 1533 1752 1570 moneo.
1784 1515 1897 1569 Non

313 1627 378 1671 ιιι
408 1615 617 1687 pudore
644 1615 874 1669 afﬁciam
916 1627 1032 1679 vos,
1074 1611 1262 1682 inquit,
1300 1611 1415 1665 haec
1442 1608 1587 1663 dico.
1619 1606 1771 1674 Quod
1806 1623 1900 1676 per

315 1711 487 1766 verba
516 1708 659 1767 fecit.
690 1724 749 1762 se
774 1722 881 1761 non
912 1704 1101 1761 fecisse
1126 1704 1282 1767 dicit;
1323 1705 1431 1756 imo
1459 1718 1587 1756 vero
1626 1717 1685 1755 se
1713 1702 1899 1754 iecisse

311 1802 475 1866 dicit,
519 1799 613 1854 sed
665 1815 770 1853 non
823 1798 963 1851 malo
1007 1795 1184 1849 animo
1231 1795 1310 1848 vel
1348 1808 1415 1848 ex
1460 1791 1604 1846 odio.
1656 1791 1778 1845 llaec
1820 1799 1902 1843 est

308 1895 467 1950 enim
496 1894 696 1964 Optima
741 1890 969 1955 ‹·ιιι·.ιιὶι›,
1006 1905 1124 1943 ειιιιι
1169 1887 1389 1943 verbum
1420 1886 1641 1950 dixeris,
1670 1897 1896 1938 excusa-

310 1986 521 2042 tionem
551 2000 612 2037 ιιι
643 1994 823 2039 mente
852 1980 1110 2051 proferre.
1139 1979 1269 2034 Nam
1301 1978 1416 2032 lucc
1442 1992 1547 2031 non
1575 1977 1752 2030 dicere
1791 1990 1896 2028 non

312 2077 532 2138 licebat,
560 2075 683 2145 quia
714 2072 999 2127 incorrecti
1029 2072 1386 2126 mansissent:
1409 2076 1688 2139 postquam
1716 2077 1896 2120 autem

310 2166 547 2232 dixerat,
576 2165 780 2234 plagam
814 2163 1106 2215 incnratam
1134 2159 1461 2229 relinquere,
1484 2172 1647 2228 grave
1673 2155 1893 2211 fuisset:

308 2272 482 2328 quare
517 2272 637 2311 cum
682 2255 941 2327 gravitate
981 2259 1217 2307 excusat.
1264 2251 1374 2306 hoc
1402 2251 1545 2306 enim
1589 2265 1696 2303 non
1727 2248 1890 2303 modo

310 2349 628 2404 incisionem
658 2361 761 2400 non
788 2346 944 2404 tollit,
969 2344 1064 2400 sed
1089 2343 1251 2399 etiam
1273 2341 1458 2410 efﬁcit,
1488 2350 1545 2397 ut.
1576 2339 1893 2412 profundius

307 2441 584 2512 inligatur,
634 2438 759 2494 dum
807 2439 972 2508 plaga:
1017 2435 1259 2491 dolorem
1304 2450 1520 2490 etnnem
1569 2431 1895 2487 consolatur.

305 2532 416 2600 Qui
436 2532 581 2586 enim
608 2529 756 2584 audit
781 2530 953 2598 ipsum
983 2541 1091 2581 non
1117 2515 1555 2594 exprobrantem,
1584 2522 1676 2578 sed
1704 2538 1893 2576 aman-

303 2634 421 2679 tem
453 2623 566 2677 tunc
589 2621 786 2683 dicere,
808 2619 1057 2673 libentius
1072 2616 1462 2672 correctiOnem
1491 2615 1704 2684 accipit.
1728 2612 1891 2667 Multa

305 2723 401 2770 est
423 2714 518 2768 hic.
560 2725 773 2782 quoque
800 2710 1032 2782 gravitas
1070 2715 1124 2764 et
1163 2708 1231 2764 ad
1265 2708 1520 2778 pudorem
1567 2706 1894 2777 provocatio.

306 2805 436 2863 Non
485 2805 628 2862 enim
661 2814 717 2858 nt
741 2804 949 2868 doctor,
997 2818 1105 2857 non
1147 2812 1205 2856 ut
1249 2801 1547 2871 apostolus.
1578 2816 1685 2855 non
1725 2810 1779 2854 ιιι
1805 2807 1892 2870 qui

305 2899 610 2967 ἀίεείριιιος
640 2896 884 2961 habeam,
912 2894 1054 2966 quod
1079 2894 1350 2965 dignitatis
1382 2902 1485 2957 est,
1518 2892 1633 2956 sed,
1667 2891 1735 2947 Ut
1759 2892 1895 2960 ﬁlios

309 3008 453 3045 meos
494 2989 781 3044 carissimos
807 3003 982 3063 moneo
1011 3002 1030 3039 :
1060 3002 1158 3041 nec
1188 2995 1390 3039 tantum
1423 2984 1583 3047 ﬁlios,
1617 2985 1711 3039 sed
1748 2985 1895 3038 desi-

308 3084 553 3138 deratus.
600 3082 863 3153 Ignoscite
913 3078 1065 3144 mihi,
1112 3078 1300 3148 inquit,
1349 3077 1392 3131 si
1439 3075 1566 3147 quid
1611 3076 1893 3131 molestum

307 3175 424 3228 dixi
458 3195 474 3228 :
508 3174 623 3227 ha-c
672 3188 735 3227 ex
779 3170 1062 3225 dilectione
1106 3170 1254 3221 ﬁunt.
1298 3168 1405 3222 Nec
1433 3167 1589 3231 dixit,
1633 3166 1895 3237 Corripio,

310 3262 432 3327 sed,
469 3262 673 3315 Moneo.
716 3260 848 3329 Quis
875 3274 1003 3315 vero
1043 3275 1146 3313 non
1193 3257 1328 3312 ferat
1356 3267 1562 3328 patrem
1601 3257 1895 3324 dolentem,

308 3364 367 3409 et
392 3369 514 3424 qua:
534 3353 688 3408 decet
714 3350 1122 3408 consulentem?
1155 3350 1276 3404 ideo
1303 3365 1406 3404 non
1431 3350 1545 3404 lucc
1574 3351 1718 3419 prius
1740 3349 1895 3415 dixit,

309 3444 409 3499 sed
446 3455 725 3513 postquam
752 3443 954 3513 plagam
979 3442 1264 3495 inﬂixerat.
1294 3439 1430 3507 Quid
1459 3441 1617 3509 ergo?
1639 3441 1887 3510 inquies;

308 3549 428 3589 non
462 3541 687 3602 parcunt
728 3533 880 3586 nobis
925 3531 1008 3584 alii
1038 3530 1322 3585 doctores?
1352 3522 1585 3584 Non‘sic
1611 3529 1754 3597 dico,
1796 3527 1890 3583 sed

309 3640 422 3680 non
477 3626 549 3678 ita
598 3633 834 3692 parcunt.
879 3621 1070 3676 Verum
1102 3623 1205 3675 hoc
1246 3620 1461 3691 quidem
1512 3620 1745 3675 brevltcr
1789 3636 1894 3673 non

310 3717 473 3779 dixit,
502 3715 599 3769 sed
633 3729 731 3784 per
759 3713 931 3767 studia
969 3722 1020 3768 et
1051 3715 1263 3768 nomina
1291 3710 1395 3766 hoc
1423 3711 1697 3775 indicavit,
1728 3719 1785 3765 ut
1808 3710 1896 3781 qni

311 3807 671 3875 paidagognm
701 3804 932 3873 posuerit
961 3815 1011 3858 et
1041 3816 1266 3874 patrem.
1300 3803 1387 3858 l5.
1420 3800 1556 3856 Nam
1577 3810 1622 3854 et
1646 3801 1691 3854 si
1717 3798 1900 3854 multos

311 3895 644 3966 predugogos,
677 3895 869 3964 inquit,
902 3895 1124 3950 Imbeutis
1148 3896 1199 3948 in
1225 3893 1445 3958 Christo,
1477 3892 1567 3946 sed
1591 3909 1691 3945 non
1719 3893 1900 3946 multos

312 3998 507 4053 patres.
558 3985 672 4039 Non
718 3986 1029 4057 dignitatem
1073 3987 1157 4041 hic
1202 3986 1457 4043 ostendit.
1510 3984 1604 4039 sed
1656 3984 1897 4038 caritatis

312 4076 778 4146 magnitudinem;
810 4092 985 4146 neque
1031 4077 1148 4129 illos
1176 4075 1489 4146 perstrinxit
1512 4090 1632 4128 cum
1672 4074 1894 4141 addidit,

313 4167 384 4220 In
415 4167 650 4233 Christo,
679 4169 772 4222 sed
808 4167 1120 4223 consolatus
1150 4179 1231 4221 est
1262 4167 1402 4232 illos,
1438 4182 1541 4220 non
1566 4166 1894 4232 adulatores,

310 4258 410 4312 sed
453 4258 772 4329 paedagogos
808 4275 1007 4315 vocans
1054 4260 1191 4323 illos,
1233 4259 1321 4328 qui
1368 4257 1542 4313 Studia
1588 4267 1643 4312 ct
1687 4257 1899 4313 labores

311 4350 579 4415 ferebant,
627 4368 882 4422 suamque
922 4367 1103 4406 curam
1148 4350 1398 4404 ostendit.
1438 4349 1560 4403 Ideo
1610 4365 1713 4402 non
1743 4350 1896 4414 dixit,

311 4439 421 4496 Sed
450 4458 557 4495 non
588 4442 783 4496 multos
807 4444 1074 4506 doctores,
1102 4442 1217 4507 sed,
1246 4441 1362 4495 Non
1393 4440 1577 4493 multos
1598 4449 1780 4509 patres.
1811 4440 1899 4494 Sic

314 4550 423 4589 non
472 4534 787 4604 dignitatem
834 4550 1107 4606 alponerc
1155 4535 1341 4600 voluit,
1388 4548 1559 4603 neque
1613 4531 1899 4586 ostendere

316 4625 456 4692 quod
483 4627 705 4680 multam
734 4627 1013 4680 utilitatem
1041 4626 1108 4679 ab
1133 4626 1248 4694 ipso
1270 4627 1627 4695 accepissent;
1654 4623 1749 4679 sed
1776 4638 1897 4677 cum

313 4717 698 4781 concessisset,
730 4720 871 4788 quod
906 4718 978 4771 illi
1009 4718 1170 4769 intiba
1200 4718 1568 4786 prseslitis‘scnt
1597 4717 1722 4786 ipsis
1751 4716 1900 4786 (talis

313 4808 457 4860 enim
486 4818 605 4860 erat
622 4809 992 4880 pa-dagogns),
1015 4806 1314 4863 dilectionis
1339 4808 1769 4877 exs'nperantiatn
1796 4806 1895 4862 sibi

314 4911 584 4955 reservat.
610 4901 753 4955 'l‘atis
773 4904 915 4957 enim
944 4910 1025 4956 est
1056 4911 1225 4971 pater.
1248 4899 1357 4955 Nec
1383 4899 1511 4953 dicit
1528 4900 1706 4963 modo,
1731 4899 1896 4954 Nemo

317 5002 412 5045 vos
452 4991 526 5044 ita
576 5001 743 5051 amat,
791 4991 932 5062 quod
975 4993 1179 5061 absque
1220 4990 1635 5059 reprehensioae
1676 4990 1895 5056 fuisset;

313 5087 406 5141 sed
435 5102 553 5141 rem
589 5086 666 5140 uti
696 5095 843 5155 gesta
872 5086 1027 5140 estin
1060 5085 1294 5142 medium
1325 5083 1559 5139 adducit.
1588 5085 1769 5151 Qualis
1813 5085 1897 5139 illa

313 5178 463 5233 erat?
496 5177 639 5231 Nam
685 5179 741 5232 in
768 5177 968 5233 Christo
1013 5177 1139 5232 Iesu
1187 5193 1275 5249 per
1301 5176 1631 5246 Evangelia»:
1676 5192 1766 5245 ego
1812 5193 1898 5229 ros

316 5273 487 5331 omni.
542 5272 597 5324 tn
651 5270 867 5326 Christo
925 5266 1047 5325 Jcsu
1091 5287 1105 5324 :
1154 5285 1256 5323 non
1311 5266 1438 5321 mihi
1487 5266 1588 5321 hoc
1631 5265 1897 5319 adscribo.

318 5360 518 5419 Rursus
543 5364 665 5419 illos
691 5364 902 5435 pungit,
928 5365 1015 5433 qni
1040 5364 1140 5418 sibi
1173 5361 1381 5417 lamlem
1406 5359 1666 5414 doctrinm
1697 5358 1899 5414 tribue-

319 5453 460 5512 bant.
501 5455 601 5510 Vos
632 5457 768 5511 enim
815 5454 959 5519 estis,
1008 5454 1195 5520 inquit,
1242 5451 1563 5521 signaculum
1591 5448 1902 5518 apostolatus

319 5549 412 5600 ιιιεὶ
438 5549 515 5622 (l.
549 5548 671 5604 Cor.
706 5548 761 5604 9.
791 5548 873 5617 ‘2).
906 5546 975 5601 Et
1005 5559 1239 5608 rursum,
1276 5543 1381 5614 Ego
1412 5541 1672 5611 plantavi;
1708 5550 1764 5598 ει
1791 5541 1899 5608 hic,

319 5636 423 5707 Ego
447 5643 620 5712 genui.
655 5641 773 5697 Non
806 5638 965 5700 dixit,
1012 5635 1328 5691 Annuntiavl
1355 5635 1605 5699 verbum;
1642 5633 1759 5700 sed,
1797 5634 1902 5705 Ego

320 5733 478 5802 genui,
510 5750 715 5791 natura:
761 5747 896 5788 usus
930 5727 1254 5784 nominibus.
1288 5724 1458 5780 Unum
1486 5726 1626 5781 enim
1656 5727 1729 5780 illi
1761 5742 1900 5782 curre

1362 306 1426 364 ΙΝ
1466 304 1658 362 Ειτιεγ
1698 303 1716 359 Ι
1778 303 1871 359 AD
1908 301 2062 358 0οη.
2106 301 2331 360 1103111...
2376 302 2513 361 XIII.

3489 307 3591 365 H0

2009 425 2146 483 erat,
2177 427 2235 473 ut
2261 419 2604 475 dilectionem
2653 433 2780 491 erga
2808 417 2930 474 illos
2972 432 3122 474 suam
3163 419 3441 477 exhiberet
3510 423 3589 477 llti

2009 523 2240 579 namque
2265 525 2386 565 eum
2407 526 2437 565 ει
2460 526 2546 566 me
2566 512 2915 581 accepissent,
2943 527 3038 565 vos
3065 511 3418 580 induxerunt;
3445 518 3586 585 quiut

2006 609 2186 657 autem
2222 601 2408 657 ﬁdeles
2447 603 2585 668 sitis,
2619 619 2715 672 per
2762 620 2848 660 me
2887 604 3081 658 factum
3130 615 3231 661 est.
3262 607 3394 675 Quia
3442 608 3586 662 enim

2004 690 2164 754 dixit,
2200 690 2268 746 Ut
2296 692 2451 759 ﬁlias,
2480 708 2547 748 ne
2569 693 2891 748 adulationis
2914 696 3134 750 verbum
3164 711 3284 752 esse
3308 698 3585 752 existinm-

2006 797 2112 848 res,
2149 797 2260 838 rem
2289 785 2457 852 ipsam
2483 787 2704 853 profert.
2748 784 2837 842 16.
2867 785 3012 857 Rogo
3052 789 3204 858 igitur
3224 805 3331 852 vos,
3362 791 3586 843 imitata-

2002 886 2083 925 res
2110 872 2206 927 mei
2228 883 2403 942 estote,
2432 874 2558 928 sicut
2584 884 2632 928 et
2671 892 2763 946 ego
2804 873 3013 930 Christi.
3050 878 3227 948 l’apre,
3274 889 3468 948 quanta
3498 880 3587 933 do-

2004 965 2169 1019 ctoris
2194 962 2407 1030 ﬁducia,
2436 982 2594 1037 quam
2618 977 2863 1023 accurat:
2889 968 3085 1039 imago,
3115 985 3235 1024 cum
3263 972 3422 1024 etiam
3453 973 3587 1026 alios

2003 1054 2069 1107 ad
2100 1055 2200 1110 hoe
2227 1055 2489 1110 advocat?
2517 1056 2632 1112 Non
2664 1074 2784 1113 sese
2810 1059 3074 1116 extollens
3097 1070 3274 1115 autem
3307 1060 3409 1117 hoc
3434 1062 3582 1131 facit,

2003 1146 2097 1203 sed
2126 1158 2181 1203 ut
2205 1149 2451 1205 ostendat
2479 1151 2687 1206 facilem
2715 1166 2835 1207 esse
2864 1152 3136 1207 virtutem.

2074 1240 2127 1295 5.
2156 1239 2408 1295 Christum
2434 1241 2621 1296 imitari
2660 1258 2945 1311 possumus.
2979 1243 3335 1311 Cln'ysostomo
3364 1245 3542 1311 plaudi
3560 1276 3571 1285 -

2004 1343 2108 1386 tur.
2160 1330 2314 1386 Pauli
2356 1344 2404 1387 et
2445 1334 2603 1403 ipsius
2648 1336 2886 1388 uirtutum
2928 1334 3408 1404 descriptio.—Nc
3456 1337 3582 1389 tnihi

2004 1425 2145 1481 enim
2176 1425 2401 1492 dixeris,
2432 1425 2547 1480 Non
2576 1442 2788 1496 possunt
2815 1438 2864 1481 te
2893 1427 3085 1481 imitari
3113 1445 3125 1479 :
3153 1438 3206 1481 tu
3237 1428 3423 1482 doctor
3446 1444 3505 1482 es
3529 1438 3585 1483 et

2006 1532 2251 1588 magnus.
2285 1517 2396 1571 Non
2424 1519 2564 1572 enim
2598 1529 2801 1573 tantum
2834 1521 2986 1589 spatii
3018 1521 3157 1574 inter
3184 1536 3268 1574 me
3294 1530 3349 1574 et
3377 1536 3470 1573 vos
3498 1521 3580 1573 iu-

2004 1621 2190 1678 tcrest,
2219 1621 2473 1682 quantum
2500 1612 2636 1666 inter
2656 1612 2925 1667 Christum
2950 1623 3003 1667 et
3033 1631 3116 1667 mc
3140 1623 3400 1667 :a:t:nuen
3432 1613 3579 1666 illum

2002 1719 2101 1773 ego
2133 1702 2365 1756 illlilillus
2391 1719 2528 1756 sunt.
2558 1702 2691 1757 Cum
2745 1719 2871 1773 ergo
2928 1702 3175 1771 Ephesiis
3216 1702 3421 1764 scribit,
3473 1719 3578 1756 non

2001 1811 2061 1851 se
2077 1796 2306 1850 medium
2324 1794 2490 1863 ponit,
2510 1795 2601 1849 sed
2626 1796 2803 1848 statim
2824 1796 2969 1864 ipsos
2981 1812 3170 1850 omnes
3194 1796 3317 1849 illnc
3340 1796 3575 1857 adducit,

2003 1888 2178 1943 Estote
2206 1888 2483 1942 imitatores
2515 1887 2608 1942 Dei
2639 1887 2852 1958 (Ep/tes.
2885 1889 2939 1943 5.
2986 1888 3033 1959 l)
3064 1887 3248 1942 dicens
3274 1906 3287 1941 :
3316 1888 3399 1941 hic
3431 1904 3578 1952 vero,

2000 1981 2123 2051 quia
2146 1979 2390 2034 inﬁrmos
2407 1980 2800 2049 alloquebatur,
2825 1981 3058 2049 seipsum
3079 1980 3413 2048 interposuit.
3437 1980 3585 2033 Alio-

2001 2074 2127 2144 quin
2153 2083 2328 2127 autem
2351 2073 2606 2138 ostendit,
2631 2073 2772 2141 qu--d
2795 2073 2872 2126 sic
2892 2088 3102 2140 qnmgue
3126 2071 3202 2124 fas
3223 2071 3289 2125 sit
3310 2071 3579 2124 Christum

2003 2165 2219 2218 imitari.
2251 2163 2381 2218 Nam
2407 2164 2497 2234 qui
2523 2172 2830 2216 accuratum
2860 2162 3188 2232 signaculum
3217 2171 3298 2216 cst
3326 2161 3579 2224 inuitatus,

2000 2257 2348 2329 archetypum
2394 2255 2628 2311 imitatus
2675 2265 2776 2310 est.
2820 2255 3107 2309 Videamus
3148 2271 3274 2325 ergo
3313 2253 3583 2324 quomodo

2005 2348 2120 2419 ipse
2147 2348 2419 2402 Christum
2451 2346 2687 2401 imitatus
2716 2347 2802 2400 sit.
2835 2343 2967 2399 Nam
3008 2343 3310 2413 huiusmodi
3357 2344 3583 2398 imitatio

2002 2457 2107 2496 non
2127 2450 2367 2511 tempore
2382 2449 2432 2495 et
2453 2449 2567 2494 arte
2587 2453 2721 2507 opus
2743 2436 2920 2503 habet,
2940 2436 3032 2491 sed
3056 2438 3328 2508 proposito
3350 2446 3575 2491 tantum.

2003 2530 2058 2587 In
2089 2532 2309 2604 pietoris
2338 2532 2481 2585 enim
2531 2530 2800 2584 ofﬁcinam
2846 2529 3067 2599 ingressi
3093 2571 3109 2593 ,
3151 2545 3254 2582 non
3290 2529 3581 2596 poterimus

2002 2625 2284 2694 imaginem
2316 2624 2546 2687 imitari,
2575 2623 2783 2678 etiamsi
2823 2623 2964 2677 illam
2998 2623 3191 2676 millies
3221 2622 3537 2691 aSpiciamus
3564 2638 3577 2674 :

2001 2718 2143 2773 hunc
2187 2728 2365 2771 autem
2398 2716 2478 2770 vel
2518 2731 2583 2772 ex
2632 2717 2747 2770 solo
2790 2716 2971 2769 auditu
3014 2714 3208 2768 imitari
3240 2715 3381 2768 licet.
3416 2714 3581 2769 Vultis

2003 2826 2132 2882 ergo
2154 2851 2169 2875 ,
2200 2810 2375 2864 tabula
2404 2810 2456 2862 in
2485 2808 2718 2863 medium
2748 2807 2974 2861 adducta
2996 2847 3011 2872 ,
3043 2806 3404 2860 descrilnnnus
3432 2823 3477 2857 vi
3501 2807 3582 2859 bis

2004 2902 2153 2958 Pauli
2197 2902 2498 2955 institutum
2549 2899 2705 2953 vitm?
2748 2899 2956 2954 Prostet
3004 2899 3161 2967 igitur
3201 2898 3372 2952 tabula
3418 2899 3583 2950 multo

2001 2991 2333 3062 Splendidior
2380 3006 2537 3061 quam
2585 2992 2745 3059 regite
2796 2989 3070 3059 imagines.
3126 2987 3254 3041 Nam
3306 2988 3446 3059 quod
3499 2987 3582 3042 hic

1999 3083 2302 3154 subjicitur,
2328 3097 2433 3136 non
2456 3093 2577 3136 sunt
2600 3095 2810 3135 asseres
2830 3079 3132 3149 conglutina
3144 3078 3199 3143 ti,
3222 3095 3324 3132 non
3350 3078 3585 3147 impositi

2000 3175 2277 3240 sindones,
2308 3173 2400 3228 sed
2432 3188 2566 3241 opus
2592 3171 2680 3226 Dei
2714 3170 2991 3240 subjicitur
3015 3186 3027 3221 :
3051 3170 3224 3223 anima
3249 3170 3390 3223 enim
3420 3179 3500 3223 est
3529 3180 3583 3223 et

2000 3281 2214 3335 corpus.
2266 3266 2451 3320 Anima
2488 3264 2578 3319 Dei
2618 3279 2754 3336 opus
2778 3304 2792 3325 ,
2827 3278 2929 3315 non
2959 3261 3234 3315 hominum
3261 3278 3275 3325 ;
3307 3271 3354 3318 ct
3388 3277 3589 3332 corpus

2000 3358 2267 3412 similiter.
2298 3355 2392 3410 llic
2420 3354 2726 3423 plausistis?
2753 3354 2858 3409 Sed
2887 3370 2988 3407 non
3018 3352 3118 3408 hoc
3146 3353 3422 3422 plausuum
3451 3363 3585 3406 trut-

2004 3465 2099 3520 pus
2126 3458 2230 3513 est,
2250 3448 2340 3503 sed
2374 3447 2426 3501 in
2455 3446 2798 3517 sequentibus
2831 3457 3038 3514 tempus
3068 3445 3349 3515 plandcndi
3381 3456 3432 3499 et
3465 3446 3583 3498 imi-

2004 3539 2148 3594 tandi
2171 3538 2293 3593 erit.
2315 3537 2530 3591 Interim
2550 3536 2691 3590 enim
2722 3536 2938 3588 materia
2960 3535 3259 3602 subjicitur.
3283 3537 3585 3589 communis

2002 3630 2270 3685 omnibus.
2297 3628 2485 3682 Anima
2508 3627 2649 3681 enim
2671 3627 2737 3682 ab
2758 3627 2932 3679 anima
2954 3626 3081 3679 nihil
3105 3626 3303 3691 dill'crt,
3325 3635 3586 3693 quatenus

2002 3719 2179 3774 anima
2202 3726 2306 3783 est,
2330 3718 2423 3773 sed
2445 3718 2775 3787 prepositum
2796 3717 3149 3771 dilferentiam
3168 3715 3420 3770 ostendit.
3439 3716 3586 3771 Sicut

2002 3808 2147 3865 enim
2177 3823 2372 3878 corpus
2409 3824 2438 3861 a
2479 3822 2705 3875 corpore
2729 3849 2745 3870 ,
2779 3816 3040 3878 quatenus
3070 3822 3263 3878 corpus
3290 3815 3372 3862 est
3392 3848 3407 3875 ,
3456 3806 3585 3862 nihil

2002 3900 2212 3967 diifert;
2241 3900 2335 3956 sed
2366 3899 2541 3955 simile
2568 3908 2650 3954 est
2677 3908 2732 3953 et
2756 3915 2952 3967 corpus
2975 3899 3119 3953 l’anli
3148 3911 3201 3955 et
3231 3914 3425 3969 curpus
3451 3900 3587 3952 ιιιιιΙ-

2006 4003 2202 4059 torum,
2231 3995 2321 4047 sed
2357 3992 2486 4061 perit
2506 3992 2590 4045 uta
2624 3991 2763 4046 illius
2790 4005 2987 4060 corpus
3013 3992 3117 4045 alio
3145 4008 3371 4061 corpore
3400 3992 3583 4061 splen-

2002 4084 2179 4139 didius
2207 4083 2444 4137 efﬁciunt
2475 4102 2489 4137 :
2524 4083 2591 4136 ita
2622 4091 2677 4137 et
2703 4081 2769 4137 de
2797 4084 2971 4136 anima
3013 4082 3317 4137 dicendum.
3352 4083 3586 4136 Ponatur

2003 4190 2131 4243 ergo
2161 4174 2340 4227 tabula
2373 4173 2526 4228 nobis
2548 4216 2563 4240 ,
2595 4174 2768 4226 anima
2813 4189 3007 4243 nempe
3052 4173 3217 4228 l’auli.
3256 4174 3377 4228 lla-c
3409 4175 3583 4227 tabula

2004 4281 2172 4334 nuper
2213 4263 2425 4333 jaccbat
2474 4262 2691 4333 fuligine
2729 4263 2954 4317 obducta
2982 4305 2997 4328 ,
3033 4264 3182 4332 plena
3214 4264 3328 4316 telis
3359 4278 3585 4316 manea-

2004 4371 2121 4409 rum
2157 4371 2169 4406 :
2202 4353 2334 4405 nihil
2379 4353 2520 4406 enim
2557 4363 2639 4406 est
2673 4353 2998 4421 blasphemia
3033 4353 3200 4421 pejus.
3231 4353 3362 4418 Quia
3407 4361 3583 4405 autent

2006 4443 2150 4497 venit
2177 4442 2244 4507 is,
2271 4442 2358 4510 qui
2387 4442 2562 4494 omnia
2590 4442 2961 4501 transfortmtt;
2991 4450 3045 4494 et
3066 4442 3195 4493 vidit
3219 4459 3323 4495 non
3348 4457 3411 4496 ες
3445 4442 3587 4508 igna-

2006 4533 2088 4585 via
2118 4539 2174 4585 et
2203 4530 2446 4585 socordia
2487 4530 2557 4583 ita
2587 4530 2852 4600 depictam
2880 4545 3000 4585 cs:c
3022 4572 3037 4596 ,
3069 4529 3159 4585 sed
3192 4546 3254 4583 ex
3288 4529 3582 4598 imperitia,

2004 4633 2060 4678 et
2103 4621 2243 4692 quod
2281 4636 2386 4676 non
2430 4620 2650 4676 haberet
2690 4619 2848 4675 ﬂores
2893 4621 3137 4690 pietatis;
3179 4621 3348 4675 zelum
3392 4621 3588 4690 qttippc

2005 4712 2255 4779 habebat,
2284 4712 2496 4769 colores
2531 4728 2659 4768 vero
2689 4729 2793 4767 non
2822 4713 3071 4779 aderant;
3106 4729 3209 4767 non
3241 4730 3381 4767 ειιηιι
3414 4714 3583 4767 ιιἸιιιιι

2005 4804 2296 4861 secundum
2327 4804 2606 4860 scientiam
2641 4803 2868 4860 habebat
2894 4823 2907 4858 :
2933 4805 3024 4859 dat
3062 4804 3137 4859 ibi
3169 4804 3353 4859 ﬂorem
3387 4808 3583 4859 Vct'ita.

2006 4900 2094 4965 tis,
2125 4900 2176 4953 id
2202 4909 2305 4963 est,
2335 4899 2593 4969 gratiam;
2622 4913 2684 4952 ac
2713 4906 2933 4968 repente
2961 4898 3161 4968 regiam
3192 4896 3427 4952 ostendit
3456 4899 3589 4952 ima-

2003 4992 2206 5062 ginem.
2238 4990 2491 5059 Acceptis
2522 5005 2751 5059 namque
2787 4991 3061 5046 coloribus
3085 5031 3099 5055 ,
3146 5006 3266 5044 cum
3312 4990 3589 5046 didicisset

2006 5083 2090 5136 illa
2117 5098 2235 5152 qme
2264 5081 2565 5151 ignorabat,
2599 5097 2705 5135 non
2737 5082 3070 5152 exspectaxit
3099 5090 3328 5149 tempus,
3357 5082 3449 5136 sed
3480 5093 3586 5138 sta-

2008 5173 2101 5226 tim
2131 5172 2366 5240 Optimns
2395 5170 2583 5224 artifex
2627 5173 2774 5225 visus
2802 5184 2883 5226 cst
2907 5189 2922 5236 ;
2966 5183 3019 5225 et
3047 5173 3218 5241 primo
3243 5174 3472 5227 ostendit
3508 5192 3588 5228 re-

2005 5264 2147 5331 gium
2178 5270 2337 5333 caput
2361 5303 2376 5327 ,
2421 5262 2691 5316 Christum
2726 5264 3055 5330 pt':r:tlicans;
3089 5263 3280 5319 deinde
3325 5266 3590 5336 reliqmnn

2006 5370 2220 5423 corpus,
2253 5353 2393 5423 quod
2423 5363 2505 5408 est
2534 5362 2836 5408 accuratum
2862 5356 2981 5409 vita:
3008 5356 3326 5411 institutum.
3351 5357 3591 5412 Pictorcs

2007 5446 2244 5516 quidem,
2272 5461 2392 5500 cum
2423 5461 2482 5500 se
2514 5445 2856 5510 incluserint,
2886 5461 3005 5501 cum
3035 5450 3374 5502 accuratione
3398 5463 3587 5515 magna

2007 5547 2063 5593 ct
2090 5537 2269 5608 quiete
2294 5537 2471 5591 omnia
2507 5538 2723 5603 faciunt,
2753 5539 2948 5592 nemini
2977 5540 3110 5595 ostia
3140 5540 3440 5608 aperientes
3465 5556 3478 5589 :
3506 5537 3590 5589 hic

2008 5641 2186 5685 autem
2219 5631 2270 5684 in
2311 5632 2487 5685 medio
2531 5632 2664 5687 orbe
2706 5631 2937 5687 tabulam
2986 5646 3316 5701 proponens,
3346 5627 3593 5681 onmilms

2016 5723 2503 5782 contradicentibus
2527 5767 2543 5791 ,
2585 5725 3028 5780 tumultUantibus
3051 5766 3065 5789 ,
3108 5717 3439 5776 turbantibus
3461 5755 3478 5783 ,
3521 5718 3590 5770 ita
