3986 6202
448 282 546 340 ιιι

447 401 590 456 hanc
620 398 818 469 regiam
847 395 1127 466 imaginem
1156 391 1299 458 fecit,
1325 408 1424 447 nec
1447 389 1851 461 prohibebatur,
1881 385 2027 440 ideo-

447 505 553 558 que
593 484 804 544 dicebat
832 506 846 541 ε
876 484 1250 556 Spectacnlum
1296 482 1420 538 facti
1459 494 1644 535 sumus
1689 476 1925 542 mundo,
1971 474 2026 529 in

444 580 626 636 medio
649 590 804 634 terra:
825 585 880 633 et
900 578 1063 633 maris
1083 584 1136 632 et
1155 575 1270 633 ca-li
1293 583 1346 630 et
1368 572 1530 628 totius
1548 572 1716 636 orbis,
1740 569 2028 638 mundique

452 673 609 743 hujus
638 680 744 726 tam
767 670 1035 726 sensibilis
1055 684 1213 741 quam
1237 665 1547 738 spiritualis,
1577 663 1871 733 depingens
1897 662 2027 715 illla-

445 765 643 835 ginem.
683 761 855 816 Vultis
896 776 1106 832 quoque
1142 770 1366 814 cmteras
1407 757 1523 824 ejus
1567 764 1746 824 partes
1788 752 1969 805 videre
1996 765 2026 802 a

447 855 621 924 rapite
652 870 818 923 uSque
852 851 1143 908 deorsum?
1181 859 1274 906 aut
1313 847 1474 904 vultis
1502 847 1569 901 ab
1598 844 1836 900 inferiori
1877 849 2027 911 parte

446 962 750 1003 sermonem
797 960 1012 1001 sursum
1066 943 1426 999 deducamus“!
1475 936 1850 1005 Contemplare
1897 947 2024 1002 ergo

445 1048 674 1094 S'atnam
724 1052 964 1102 auream,
1013 1036 1120 1090 imo
1163 1050 1224 1089 ea
1274 1032 1667 1103 pretiosiorem,
1714 1027 1928 1097 qualem
1970 1025 2024 1079 in

446 1133 579 1187 caelo
608 1142 754 1188 stare
783 1146 877 1199 par
902 1139 1019 1195 est;
1047 1143 1150 1182 non
1178 1128 1392 1196 plumbo
1415 1125 1646 1178 vinctam
1669 1162 1683 1185 ,
1715 1133 1889 1189 neque
1918 1133 2024 1173 uno

447 1223 496 1277 iu
529 1223 647 1277 loco
677 1219 933 1291 positam;
962 1218 1054 1273 sed
1078 1234 1106 1270 a
1131 1216 1425 1272 Jerusalem
1450 1227 1621 1283 uSque
1652 1209 1719 1265 ad
1750 1209 2016 1280 Illyricum

446 1325 748 1370 currentem
777 1324 831 1370 et
857 1314 909 1366 in
938 1311 1244 1381 Hispaniam
1275 1310 1587 1372 abeuntem,
1630 1314 1685 1361 et
1722 1320 1841 1374 qua:
1869 1298 2022 1372 quasi

446 1407 584 1460 alata
611 1421 708 1474 per
737 1405 922 1459 orbem
951 1413 1104 1458 terrm
1136 1402 1354 1457 feratur.
1387 1400 1521 1468 Quid
1551 1399 1633 1454 his
1662 1397 1883 1467 pedibus
1908 1394 2021 1450 fieri

446 1497 614 1568 possit
638 1495 932 1566 speciosius
953 1536 968 1560 ,
999 1494 1088 1564 qni
1118 1502 1279 1547 totam
1310 1508 1428 1563 qua:
1452 1492 1551 1546 sub
1577 1488 1691 1544 sole
1718 1497 1798 1543 est
1825 1497 2019 1540 terram

447 1587 831 1657 pervaseruut?
861 1587 1006 1641 llanc
1031 1587 1262 1656 speciem
1301 1585 1411 1654 jam
1439 1584 1563 1636 olim
1596 1580 1850 1652 propheta
1881 1594 2018 1649 puc-

442 1680 638 1735 dieavit
672 1679 892 1734 dicens:
922 1679 1087 1746 Quam
1124 1678 1338 1747 speciosi
1374 1677 1525 1747 pedes
1567 1674 2020 1744 euangelizandum

443 1788 616 1840 pacem
640 1769 789 1840 (Isai.
822 1770 912 1825 52.
941 1768 1029 1841 7)!
1061 1769 1248 1823 Videu'
1271 1783 1429 1838 quam
1460 1767 1663 1838 pulchri
1692 1767 1854 1835 pedes
1878 1762 2019 1821 siu't?

441 1861 604 1916 Visne
631 1872 686 1917 et
713 1870 895 1930 pectus
918 1860 1138 1915 videre?
1159 1858 1390 1925 Accede,
1418 1858 1520 1912 hoc
1539 1857 1700 1912 etiam
1726 1857 1815 1910 tibi
1839 1865 2018 1910 osten-

440 1955 582 2021 dam,
614 1964 667 2011 et
694 1955 863 2010 multo
890 1952 1222 2024 splendidius
1248 1952 1484 2013 videbis.
1514 1967 1672 2020 quam
1706 1950 1871 2020 pedes
1899 1950 2018 2003 illos

438 2048 732 2119 speciosus,
765 2057 813 2102 et
846 2047 963 2117 ipso
989 2044 1186 2100 veteris
1211 2044 1530 2115 legisluloris
1553 2052 1784 2113 pectore.
1810 2041 2017 2112 Moyses

438 2139 653 2207 quidem
684 2137 887 2191 tabulas
915 2137 1138 2206 gestavit
1176 2136 1409 2204 lapideas
1435 2150 1450 2199 ;
1483 2134 1568 2187 hic
1596 2149 1720 2187 vero
1750 2134 1889 2187 intus
1919 2132 2016 2186 ha-

439 2229 552 2283 buit
582 2227 890 2293 Christum,
922 2227 1087 2296 ipsam
1136 2226 1335 2294 regiam
1380 2224 1617 2295 gestabat
1652 2224 1934 2295 imaginem
1963 2234 2017 2278 et

440 2316 814 2389 prepitiatorii.
848 2315 970 2370 Ideo
994 2315 1314 2370 Cbcrubiuis
1338 2313 1704 2369 honorabilior
1734 2322 1867 2369 erat.
1900 2313 2013 2368 Non

438 2414 582 2468 enim
611 2411 731 2465 talis
759 2411 880 2466 inde
908 2426 1008 2464 vox
1051 2409 1356 2473 ferebatur,
1386 2409 1560 2479 qualis
1585 2408 1739 2473 hinc;
1770 2409 1862 2464 sed
1907 2411 2015 2465 illic

440 2504 589 2574 plura
617 2502 912 2557 disserebat
937 2501 1003 2555 de
1028 2502 1335 2565 sensilibus,
1364 2517 1426 2557 ex
1452 2501 1630 2571 lingua
1660 2511 1834 2556 autem
1866 2501 2011 2555 Pauli

435 2594 504 2646 de
533 2593 691 2648 rebus
718 2608 834 2661 qua:
873 2608 1036 2662 supra
1075 2591 1235 2646 cados
1273 2602 1397 2647 sunt
1425 2609 1438 2645 :
1468 2602 1523 2647 et
1555 2608 1617 2647 ex
1649 2592 2014 2662 pr0pitiatorio

435 2683 637 2739 Judteis
663 2683 792 2737 solis
817 2684 1032 2737 oracula
1063 2682 1287 2745 ferebat,
1322 2683 1446 2737 hinc
1471 2700 1598 2738 vero
1627 2684 1717 2737 toti
1750 2692 2010 2739 terrarum

437 2774 553 2829 urbi
580 2792 594 2830 :
619 2785 671 2829 et
701 2774 811 2829 illic
837 2774 1047 2844 quidem
1078 2789 1172 2843 per
1200 2773 1429 2829 inanima
1450 2816 1467 2840 ,
1510 2773 1596 2829 hic
1626 2789 1750 2831 vero
1778 2791 1873 2845 per
1899 2776 2011 2829 ani-

435 2886 575 2924 mam
605 2868 799 2923 virtute
825 2868 1123 2936 prteditam.

505 2961 559 3013 4.
594 2959 705 3014 lloc
744 2958 1169 3029 propitiatorium
1213 2956 1344 3011 cado
1373 2957 1701 3029 splendidius
1726 2965 1874 3023 erat,
1905 2974 2010 3013 non

434 3052 709 3105 stcllarmn
756 3049 1011 3104 varietate
1055 3049 1260 3118 fulgens
1303 3064 1476 3118 neque
1522 3049 1685 3104 radiis
1728 3050 2006 3117 solaribus,

435 3142 530 3198 6rd
562 3144 730 3211 ipsum
754 3141 921 3196 solem
943 3140 1162 3211 justitia:
1188 3141 1386 3195 habens
1414 3139 1535 3195 inde
1559 3140 1734 3194 radius
1756 3141 2009 3194 emitten-

439 3244 566 3289 tem.
604 3235 668 3288 Et
694 3234 793 3289 hoc
822 3234 1034 3304 quidem
1065 3235 1251 3288 ca'lnm
1282 3234 1450 3286 nubes
1478 3232 1695 3287 subiens
1723 3231 2009 3303 aliquando

439 3326 644 3380 tristius
673 3324 842 3381 reddit
867 3343 881 3379 :
906 3334 1089 3394 pectus
1118 3340 1245 3378 vero
1276 3323 1404 3379 illud
1436 3325 1580 3379 nulla
1612 3340 1859 3393 umquam
1892 3325 2010 3378 talis

436 3426 725 3486 tempestas
752 3416 954 3480 subiit;
987 3416 1093 3470 imo
1126 3417 1299 3485 potius
1343 3430 1485 3486 saepe
1514 3426 1857 3486 tempestates
1893 3416 2012 3470 sub-

436 3508 805 3564 tcrcurrebant
854 3507 1054 3573 multa,
1100 3506 1194 3561 sed
1243 3507 1415 3561 lucem
1466 3521 1572 3561 non
1616 3507 2006 3571 obscurahant;

434 3602 529 3655 sed
561 3600 613 3655 in
645 3600 815 3654 media
849 3600 1137 3653 tentationc
1166 3608 1213 3653 et
1250 3598 1301 3652 in
1334 3599 1582 3669 periculis
1616 3599 1699 3653 lux
1735 3599 1818 3652 illa
1851 3599 2008 3653 eﬂ‘ul-

431 3692 607 3762 gebal.
655 3690 1010 3756 Quamobrem
1059 3689 1173 3757 ipse
1213 3689 1415 3743 catenis
1455 3691 1665 3743 vim-tus
1709 3689 2007 3743 clamabat:

447 3781 661 3837 Verbum
701 3780 795 3834 Dei
835 3798 934 3833 non
983 3791 1053 3833 est
1099 3781 1367 3850 alligatam
1408 3782 1488 3850 (2.
1536 3781 1668 3834 Tim.
1711 3782 1766 3835 2.
1808 3782 1884 3848 9).
1932 3782 2006 3836 lla

433 3887 647 3942 semper
678 3887 772 3940 per
799 3871 938 3923 illam
966 3870 1196 3939 linguam
1227 3870 1404 3924 radios
1429 3871 1737 3934 emittebat;
1771 3889 1868 3927 nec
1895 3889 2011 3926 me-

441 3974 527 4017 tus
559 3977 655 4017 nec
685 3961 975 4032 periculum
1009 3971 1193 4030 pectus
1225 3961 1349 4015 illud
1379 3963 1664 4015 obscurum
1696 3962 2006 4019 reddebant.

439 4057 693 4112 Fortasse
722 4054 933 4110 videtur
966 4063 1150 4123 pectus
1180 4054 1307 4109 illud
1357 4055 1517 4123 pedes
1564 4055 1718 4127 longe
1749 4066 1890 4109 retro
1923 4072 2011 4110 re-

433 4148 676 4217 linquere
703 4165 715 4202 :
739 4147 832 4203 sed
861 4146 932 4201 illi
964 4155 1139 4200 tamen
1168 4155 1224 4199 ut
1254 4144 1416 4216 pedes
1438 4144 1642 4215 pulchri
1666 4154 1807 4212 sunt,
1834 4160 1887 4202 et
1909 4147 2011 4203 b-.c

434 4241 594 4295 etiam
624 4249 676 4294 ut
704 4250 890 4309 pectus
918 4237 1195 4309 pulchrum
1222 4247 1324 4292 est.
1359 4238 1446 4292 Vis
1476 4246 1529 4291 et
1563 4248 1801 4293 ventrem
1836 4240 2012 4295 videre

434 4331 776 4402 speciosum?
806 4330 942 4385 Audi
971 4330 1095 4401 quid
1125 4330 1193 4384 de
1221 4330 1310 4383 illo
1335 4330 1510 4384 dicat;
1540 4329 1600 4384 Si
1625 4329 1765 4383 cibus
1795 4332 2011 4383 scanda-

432 4425 555 4479 lizat
584 4426 798 4494 fratrem
826 4439 1008 4478 meum.
1038 4438 1138 4475 non
1161 4422 1417 4475 comedam
1447 4437 1650 4475 carnem
1669 4422 1721 4474 in
1748 4432 2009 4475 internum.

439 4519 517 4587 (i.
550 4515 670 4571 Cor.
700 4516 754 4570 8.
791 4513 898 4587 l3).
934 4516 1137 4569 Bonum
1176 4524 1259 4569 est
1287 4529 1501 4569 carnem
1544 4530 1648 4566 non
1686 4514 1969 4568 comedere
1993 4554 2008 4579 ,

435 4624 537 4666 nec
564 4608 744 4663 vinum
787 4606 1002 4672 bibere,
1034 4622 1204 4676 neque
1235 4622 1346 4660 rem
1377 4619 1765 4674 quamcumque
1785 4647 1798 4667 ,
1831 4607 1882 4658 in
1908 4621 2011 4675 qua

438 4702 603 4755 frater
632 4709 753 4753 tuus
782 4696 1066 4750 oﬂcnditur
1089 4706 1179 4749 aut
1210 4695 1625 4760 scandalizatur,
1648 4703 1738 4747 aut
1770 4694 2009 4749 infirma-

437 4805 545 4849 tur.
593 4790 727 4845 Esca
769 4790 946 4854 centri,
987 4798 1033 4843 et
1082 4798 1249 4842 uenter
1289 4788 1414 4841 escis
1467 4786 1577 4858 (Id.
1629 4787 1680 4842 6.
1732 4786 1839 4859 l3).
1874 4789 2009 4855 Quid

439 4884 541 4937 hoc
569 4890 755 4937 ventre
782 4877 944 4933 fuerit
963 4878 1279 4946 Speciosius,
1306 4876 1394 4947 qui
1424 4879 1493 4930 ita
1520 4877 1707 4932 doctus
1730 4889 1845 4933 erat
1865 4879 2013 4946 quie-

436 4990 608 5039 scere,
651 4982 701 5030 ct
733 4987 948 5027 omnem
978 4971 1380 5041 temperantiam
1410 4969 1687 5036 exhibere,
1719 4971 1807 5040 qui
1853 4971 2014 5026 sciret

437 5070 677 5133 esurire,
723 5066 920 5122 famem
952 5065 1058 5137 pati
1089 5074 1144 5121 et
1173 5064 1356 5119 sitire?
1385 5063 1840 5131 Quemadmodum
1868 5065 2010 5120 enim

435 5176 607 5231 equus
649 5162 786 5214 bene
821 5170 1067 5215 assuetus
1108 5158 1345 5213 habenas
1372 5157 1575 5212 habens
1604 5171 1794 5212 aureas
1815 5200 1829 5221 ,
1860 5157 1926 5211 ita
1958 5168 2015 5213 et

438 5252 524 5307 hic
568 5264 853 5306 numerose
902 5250 1180 5305 incedebat
1221 5263 1344 5305 cum
1397 5258 1600 5303 natune
1638 5250 2012 5304 necessitatem

436 5349 787 5414 superasset:
812 5355 936 5394 nam
965 5339 1205 5394 Christus
1244 5340 1521 5394 incedebat
1554 5340 1605 5394 in
1639 5339 1749 5395 illo.
1784 5339 1893 5395 [Ioc
1922 5358 2014 5394 au-

439 5446 545 5491 tem
574 5443 682 5488 tam
709 5441 1071 5503 temperanter
1098 5441 1310 5502 agente,
1341 5432 1513 5500 palam
1546 5442 1627 5487 cst
1658 5433 1840 5487 vitium
1870 5432 2012 5486 aliud

438 5542 598 5583 omne
627 5526 856 5580 solutum
887 5523 1065 5580 luis:e.
1103 5523 1190 5579 Vis
1218 5524 1375 5578 etiam
1405 5523 1582 5578 videre
1612 5540 1703 5578 eas
1731 5542 1848 5595 qua:
1876 5540 2015 5580 nunc

438 5627 565 5673 sunt
598 5615 825 5672 manus?
867 5624 957 5669 aut
995 5615 1072 5669 vis
1103 5614 1251 5685 prius
1280 5614 1487 5669 illorum
1518 5615 1795 5685 pristinam
1826 5617 2014 5686 ncqui-

441 5712 566 5767 tiam
606 5710 823 5767 viderc?
861 5708 1130 5780 Ingrchus
1172 5708 1261 5765 ille
1307 5706 1517 5776 domos,
1561 5726 1731 5783 nuper
1776 5714 1916 5769 viros
1960 5722 2013 5768 et

1261 275 1317 330 S.
1343 271 1619 330 JOANNlS
1648 265 2119 327 (ΣΙΙΠῩΞΟἰΤΟΜΙ
2161 266 2474 327 ARCIIIEP.
2515 274 3050 337 CUNSTANTINOP.

3618 286 3724 344 ll!

2138 383 2388 441 mulieres
2419 388 2690 455 trahebat,
2725 407 2828 448 non
2858 395 2955 449 viri
2985 411 3174 452 manus
3218 396 3453 466 habens,
3488 399 3583 457 sed
3613 403 3716 458 im-

2139 477 2311 530 manis
2340 476 2489 534 ferte.
2524 480 2810 552 Postquam
2852 496 3029 541 autem
3060 488 3270 545 colores
3298 495 3535 547 veritatis
3565 510 3720 550 acce-

2137 567 2233 636 pit,
2286 577 2340 622 et
2381 571 2707 638 spiritualem
2757 576 3035 645 peritiam,
3091 595 3194 632 non
3247 582 3386 636 ultra
3434 585 3530 638 viri
3572 586 3722 641 fuere

2136 674 2324 714 manus
2353 660 2477 727 illas,
2509 663 2603 719 sed
2633 666 2959 735 spirituales,
2994 672 3230 740 quotidie
3254 676 3456 729 catenis
3484 680 3717 733 constri-

2132 760 2271 817 cur;
2303 761 2358 807 et
2390 755 2655 811 neminem
2686 773 2936 829 utuquam
2965 775 3368 831 percusserunt,
3401 767 3494 821 sed
3523 768 3717 826 millies

2135 854 2402 907 percussa:
2430 856 2575 899 sunt.
2608 847 2778 904 Hasce
2811 866 2999 906 manus
3029 855 3316 924 aliquando
3344 858 3527 928 vipera
3559 875 3714 916 reve-

2132 939 2235 986 rita
2264 943 2346 987 est
2375 955 2387 989 :
2419 952 2522 991 non
2551 939 2692 993 enim
2724 939 2832 1010 jam
2864 953 3016 998 erant
3048 944 3281 1001 hominis
3306 964 3529 1015 manus;
3564 950 3713 1005 ideo-

2130 1037 2233 1091 que
2265 1040 2366 1079 non
2395 1029 2566 1099 attigit
2592 1046 2703 1085 eas.
2740 1033 2825 1086 \‘is
2853 1038 3012 1090 etiam
3045 1047 3250 1108 tergum
3281 1041 3464 1097 videre
3492 1043 3711 1113 reliquis

2132 1116 2385 1171 membris
2428 1122 2641 1177 simile?
2670 1124 2804 1179 Audi
2842 1128 2967 1196 quid
2999 1128 3068 1184 de
3111 1131 3200 1183 illo
3230 1132 3370 1187 dicat
3398 1152 3410 1186 :
3439 1135 3712 1206 Quinquies

2126 1209 2479 1280 quadragenas
2522 1230 2623 1267 una
2664 1217 2828 1270 minus
2866 1222 3035 1290 accepi
3080 1239 3112 1275 a
3148 1222 3372 1279 Judwis.
3419 1225 3515 1280 Ter
3554 1231 3708 1299 rirgis

2128 1316 2284 1354 cursus
2309 1319 2453 1369 sum,
2497 1306 2651 1361 semel
2690 1308 2948 1377 lapidatus
2976 1330 3105 1371 sum.
3141 1325 3214 1368 ter
3237 1319 3559 1388 naufragium
3592 1338 3709 1387 pcr-

2128 1397 2238 1458 tuli,
2269 1406 2412 1451 nocte
2440 1409 2486 1451 et
2506 1400 2589 1453 die
2612 1401 2663 1453 in
2684 1404 2938 1474 profundo
2962 1407 3116 1460 maris
3142 1410 3217 1478 fui
3240 1409 3285 1478 (l
3310 1451 3321 1461 .
3352 1410 3472 1465 Cor.
3502 1414 3586 1466 ll.
3615 1413 3705 1467 ει.

2124 1483 2242 1550 23).
2274 1485 2378 1540 Sed
2417 1504 2483 1543 ne
2525 1504 2622 1543 nos
2666 1492 2716 1545 in
2763 1494 3079 1561 profundum
3122 1498 3440 1554 immensum
3476 1502 3709 1573 dejecti,

2125 1577 2350 1631 multum
2380 1580 2821 1653 circumagamur,
2866 1586 3073 1657 singula
3114 1590 3231 1660 ejus
3259 1592 3495 1647 membra
3526 1610 3706 1663 perse-

2127 1679 2384 1738 quentes;
2416 1687 2514 1743 age
2539 1674 2648 1744 jam
2678 1691 2707 1728 a
2739 1693 2965 1748 corpore
2991 1680 3351 1750 discedentes,
3395 1687 3552 1741 aliam
3584 1691 3704 1759 pul-

2124 1760 2483 1819 ebritudinem
2527 1767 2829 1835 videamus,
2874 1789 3067 1843 nempe
3093 1790 3124 1828 a
3149 1778 3512 1845 vestimentis,
3545 1798 3703 1852 quam

2123 1854 2396 1911 dmmones
2424 1861 2837 1926 reverebantur;
2884 1866 3107 1937 ideoque
3135 1867 3436 1939 fugiebant,
3470 1883 3526 1927 et
3551 1878 3706 1945 a-gri—

2123 1946 2334 2001 ttulines
2377 1949 2653 2007 curabant.
2686 1953 2751 2007 Et
2782 1955 3101 2026 ubicumque
3148 1972 3429 2029 appareret
3473 1964 3701 2032 Paulus,

2121 2036 2295 2090 omnia
2327 2038 2587 2095 cedebant
2615 2053 2670 2097 et
2706 2046 3090 2103 amovebantur
3112 2091 3125 2116 ,
3166 2060 3348 2121 utpote
3377 2068 3497 2108 cum
3541 2056 3704 2111 adve-

2122 2130 2286 2184 nisset
2311 2131 2458 2185 orbis
2483 2145 2742 2190 terrarum
2768 2140 2932 2209 pugil.
2959 2142 3035 2195 Ac
3058 2145 3505 2211 quemadmodum
3532 2149 3588 2211 ii,
3612 2151 3700 2217 qni

2123 2223 2318 2277 omitas
2348 2226 2397 2278 in
2430 2225 2570 2282 bello
2600 2230 2780 2300 plagas
2806 2246 3161 2301 acceperunt,
3203 2238 3245 2292 si
3284 2240 3513 2296 viderint
3552 2259 3702 2297 arma

2119 2314 2236 2383 ejus
2261 2317 2348 2385 qui
2383 2318 2501 2372 illos
2533 2323 2828 2389 percussit,
2864 2323 3219 2384 horrescunt:
3244 2329 3315 2384 ita
3346 2341 3398 2385 et
3426 2333 3702 2390 da-mones

2118 2407 2447 2462 semicinctia
2479 2419 2679 2464 tantum
2726 2414 2967 2471 videntes
2992 2457 3007 2482 ,
3048 2418 3409 2475 discedebant.
3444 2423 3545 2479 Ubi
3577 2435 3703 2480 sunt

2119 2513 2258 2552 nunc
2285 2500 2478 2555 divites
2503 2543 2516 2564 ,
2559 2505 2650 2573 qui
2682 2506 2733 2559 in
2766 2507 2966 2563 divitiis
2996 2511 3158 2566 altum
3190 2515 3437 2583 sapiunt?
3467 2518 3554 2573 ubi
3588 2518 3702 2585 illi,

2118 2589 2206 2656 qui
2246 2589 2526 2659 dignitates
2569 2610 2693 2649 suas
2737 2610 3017 2653 munerant
3062 2613 3483 2675 sumptuosaque
3528 2610 3699 2663 vesti-

2116 2681 2329 2734 menta?
2354 2679 2484 2735 Cum
2511 2682 2593 2738 his
2613 2700 2671 2739 se
2700 2701 3092 2757 comparantes,
3120 2709 3212 2746 sua
3245 2697 3424 2750 omnia
3446 2698 3700 2754 videbunt

2115 2786 2235 2825 esse
2269 2787 2480 2827 cantum
2522 2784 2576 2829 et
2622 2776 2809 2830 lutum.
2854 2781 2917 2833 Et
2955 2783 3079 2851 quid
3123 2785 3241 2840 dico
3286 2789 3603 2845 vestimenta
3646 2801 3702 2847 et

2116 2864 2317 2916 aurea?
2337 2863 2391 2917 Si
2421 2866 2562 2919 enim
2584 2869 2701 2934 quis
2726 2869 2850 2923 mihi
2876 2873 3035 2927 totius
3054 2876 3197 2929 orbis
3221 2877 3499 2946 imperium
3523 2881 3701 2941 daret.

2116 2968 2345 3024 unguem
2393 2956 2564 3010 solum
2614 2958 2793 3023 Pauli,
2844 2961 2945 3015 isto
2988 2963 3214 3033 imperio
3262 2966 3539 3025 fortiorem
3582 2987 3701 3028 esse

2116 3055 2377 3113 putarem,
2410 3060 2776 3117 paupertatem
2804 3052 2939 3121 ejus,
2966 3057 3110 3109 onmi
3138 3058 3424 3127 voluptate,
3456 3062 3700 3132 ignobili-

2117 3141 2276 3189 tatem
2307 3138 2453 3190 omui
2479 3139 2671 3208 gloria,
2705 3142 2956 3197 omnibus
2981 3145 3178 3201 divitiis
3206 3149 3523 3216 nuditatem,
3555 3155 3698 3207 muni

2115 3226 2323 3282 licentia
2365 3228 2624 3298 impactus
2664 3247 2819 3287 sacro
2872 3236 2945 3290 illi
2999 3239 3157 3308 capiti
3215 3240 3502 3311 colaphos,
3553 3245 3698 3297 οιιιειί

2113 3318 2414 3375 diademate
2453 3321 2657 3391 lapides
2695 3340 2829 3394 quos
2859 3329 3086 3399 excepit.
3121 3329 3268 3387 [lane
3304 3348 3558 3388 coronam
3604 3336 3700 3388 tlc~

2110 3412 2411 3468 sileremus
2431 3455 2446 3480 ,
2493 3414 2673 3471 dilecti
2700 3435 2713 3471 :
2741 3426 2795 3472 et
2824 3420 3036 3475 etiamsi
3070 3426 3416 3491 persequutio
3458 3443 3566 3481 non
3608 3430 3696 3492 sit,

2116 3504 2326 3559 interim
2358 3521 2454 3561 nos
2481 3523 2862 3578 prteparemus.
2890 3511 3074 3581 Neque
3101 3515 3242 3569 enim
3271 3532 3301 3570 a
3328 3524 3699 3588 persequutio-

2116 3598 2270 3651 nibus
2300 3610 2504 3653 tantum
2538 3600 2623 3655 hic
2654 3602 2735 3655 vir
2774 3602 3087 3671 Splendidus
3114 3617 3228 3660 erat
3255 3624 3269 3662 :
3293 3622 3415 3661 nam
3444 3610 3653 3664 dicebat
3681 3630 3697 3665 :

2114 3687 2316 3761 Castigo
2357 3707 2542 3760 corpus
2585 3709 2748 3745 meum
2796 3694 2875 3762 (ι.
2908 3694 3025 3748 Cor.
3057 3695 3109 3750 9.
3140 3697 3265 3765 27);
3295 3698 3395 3753 hoc
3426 3716 3557 3756 vero
3584 3703 3699 3757 sine

2115 3783 2527 3851 persequutione
2555 3794 2700 3837 recte
2730 3785 2840 3837 lieri
2867 3798 3061 3854 potest.
3087 3788 3153 3842 Et
3173 3789 3495 3845 admonebat
3520 3795 3699 3848 carnis

2113 3886 2295 3924 curam
2327 3889 2431 3924 non
2462 3873 2757 3927 faciendam
2786 3892 2904 3931 es~e
2931 3877 2994 3930 ad
3024 3880 3488 3948 concupiscentias
3516 3883 3695 3953 (Rom.

2120 3962 2203 4014 l5.
2239 3961 2362 4032 Li);
2395 3972 2450 4016 et
2478 3978 2697 4017 rursus:
2730 3962 2980 4019 Habentes
3014 3969 3253 4022 alimenta
3296 3981 3342 4023 et
3382 3983 3571 4040 restes,
3619 3975 3695 4028 his

2116 4054 2331 4106 contenti
2358 4054 2513 4108 simus
2540 4054 2614 4125 (l.
2650 4055 2783 4109 Tim.
2817 4056 2868 4111 6.
2901 4057 2978 4127 8).
3010 4060 3089 4112 Ad
3121 4060 3234 4114 lucc
3259 4061 3399 4114 enim
3433 4079 3537 4116 non
3562 4080 3703 4133 opus

2115 4156 2196 4199 est
2221 4146 2739 4216 persequutionibus.
2768 4149 2829 4202 Et
2851 4150 3131 4218 opulentos
3161 4167 3371 4221 quoque
3394 4153 3460 4206 ad
3494 4165 3697 4224 tenzpe-

2116 4237 2341 4291 rantiam
2372 4237 2594 4293 vocabat
2618 4239 2842 4293 dicens:
2872 4241 2973 4306 Qui
3004 4242 3173 4295 volunt
3205 4260 3310 4297 csse
3338 4244 3536 4309 divites,
3571 4247 3694 4317 inci-

2114 4331 2239 4383 dunt
2267 4331 2318 4383 in
2350 4333 2672 4384 (curationem
2713 4329 2822 4401 (Ib.
2865 4349 2910 4384 υ.
2942 4332 3017 4403 9).
3062 4333 3116 4388 Si
3167 4335 3324 4404 igitur
3354 4351 3452 4389 nos
3482 4352 3699 4406 quoque

2114 4421 2191 4475 sic
2230 4436 2616 4489 exerceamus,
2663 4424 2714 4477 in
2762 4439 2984 4493 agonem
3028 4424 3255 4494 ingressi
3287 4427 3697 4493 eoronabimur;

2116 4519 2170 4565 ct
2196 4511 2321 4565 licet
2347 4513 2688 4582 persequutio
2711 4528 2813 4567 non
2841 4514 2931 4579 sit,
2956 4516 3119 4569 multa
3149 4532 3246 4585 pro
3269 4516 3351 4571 his
3372 4519 3699 4588 recipiemus

2116 4601 2353 4671 praemia.
2396 4601 2452 4656 Si
2492 4618 2619 4657 vero
2647 4619 2839 4674 corpus
2870 4605 3295 4673 impingucmus,
3324 4619 3376 4660 et
3408 4622 3695 4676 porcorum

2120 4692 2282 4746 vitam
2309 4693 2565 4747 ducamus
2584 4737 2598 4759 ,
2630 4699 2790 4748 etiam
2823 4695 2874 4749 in
2907 4711 3038 4765 pace
3068 4696 3230 4750 multa
3260 4707 3474 4765 peccata
3505 4699 3701 4752 admit-

2120 4795 2293 4840 temus
2317 4799 2380 4839 ac
2406 4785 2641 4840 dedecus
2669 4787 2918 4841 feremus.
2960 4775 3075 4842 Non
3105 4787 3251 4842 vides
3276 4788 3535 4844 adversus
3564 4807 3699 4860 quos

2119 4875 2271 4929 nobis
2291 4875 2360 4929 sit
2378 4874 2719 4931 colluctatio?
2736 4875 3004 4933 Aduersus
3024 4878 3366 4947 incorporeas
3382 4890 3699 4949 potestates.

2119 4966 2399 5034 Quomodo
2428 4982 2557 5038 ergo
2584 4984 2703 5022 cum
2735 4983 2858 5023 caro
2902 4970 3066 5023 simus
3087 5012 3102 5036 ,
3148 4969 3245 5027 has
3287 4972 3699 5063 Su‘perabimus?

2118 5058 2248 5113 Nam
2288 5059 2332 5113 si
2379 5075 2500 5113 cum
2549 5059 2766 5115 homine
2812 5061 2930 5130 quis
2966 5072 3293 5130 pugnaturus
3334 5058 3697 5133 temperanter

2118 5151 2401 5207 comedere
2426 5152 2618 5218 debet,
2661 5153 2826 5207 multo
2856 5153 3021 5222 magis
3050 5153 3095 5207 si
3120 5153 3375 5210 adversus
3399 5157 3697 5211 daemonas.

2117 5243 2340 5311 Quando
2384 5255 2560 5297 autem
2592 5259 2710 5297 cum
2741 5246 2922 5298 carnis
2954 5244 3272 5315 pinguedine
3302 5246 3505 5301 divitiis
3534 5249 3699 5301 etiam

2120 5337 2375 5394 fuerimus
2425 5335 2666 5405 alligati,
2720 5336 2858 5390 unde
2907 5336 3238 5391 adversarios
3291 5339 3701 5407 superabimus?

2124 5429 2401 5482 Vinculum
2431 5427 2573 5482 enim
2601 5436 2720 5481 sunt
2747 5426 2965 5493 dieitur,
3001 5427 3272 5481 vinculum
3298 5445 3460 5498 grave
3490 5429 3576 5493 iis,
3608 5430 3697 5497 qui

2119 5519 2224 5573 illis
2256 5520 2328 5572 uti
2377 5517 2653 5583 nesciunt,
2705 5527 2958 5589 tyrannus
2997 5518 3228 5572 crudelis
3257 5529 3308 5573 et
3341 5519 3696 5581 inlnunanns,

2120 5611 2294 5665 servis
2339 5610 2450 5664 suis
2481 5609 2658 5663 omnia
2705 5610 2975 5677 imperans
3021 5608 3086 5661 ad
3132 5609 3415 5676 perniciem
3467 5607 3611 5672 Sed.
3651 5610 3697 5663 si

2122 5706 2345 5761 velimus
2371 5746 2384 5771 ,
2422 5704 2551 5759 hanc
2582 5703 2826 5760 acerbam
2868 5701 3200 5773 tyrannidem
3232 5716 3261 5757 e
3291 5701 3424 5756 solio
3454 5699 3693 5755 decutie-
