3986 6202
277 378 370 435 Hii

278 505 387 545 unus
407 529 425 555 ,
461 498 516 544 et
546 486 705 542 nobis
732 485 920 541 cedere
947 479 1328 550 compellemus
1347 520 1363 544 ,
1415 495 1518 531 nou
1560 477 1845 545 imperare.

277 579 554 646 Quomodo
579 594 708 647 ergo
735 578 832 629 hoe
858 575 980 629 lict?
999 572 1131 627 Cum
1159 570 1376 625 divitias
1403 568 1650 621 omnibus
1676 564 1855 619 distri-

281 675 529 726 buemus.
562 671 737 724 Donec
760 684 900 722 enim
925 665 1196 735 opulentia
1223 663 1333 717 Sola
1361 676 1481 716 eum
1510 661 1641 716 solis
1668 659 1766 713 erit
1800 666 1858 712 ut

281 767 415 819 latro
445 765 497 817 iu
529 761 843 826 solitudine,
873 758 1050 812 omnia
1083 755 1277 810 inferet
1318 752 1454 807 mala
1478 768 1494 806 :
1518 767 1637 807 cum
1676 759 1854 805 autem

280 855 423 910 illam
464 855 515 908 in
547 852 776 907 medium
804 849 1131 904 adducemus
1156 887 1172 912 ,
1205 860 1311 900 non
1343 845 1480 899 ultra
1500 843 1664 898 nobis
1690 841 1858 912 impe-

279 946 435 1010 rabit,
466 960 583 999 cum
610 957 800 996 omnes
830 942 974 995 illam
1005 939 1238 1008 undique
1265 937 1502 1005 alligent.

358 1037 413 1093 5.
458 1034 699 1088 Pecunia!
740 1050 840 1086 non
881 1033 1063 1095 ntaltr,
1107 1035 1151 1082 sl
1194 1027 1315 1081 bene
1340 1027 1445 1081 illis
1473 1022 1861 1079 ﬂamma—El

283 1129 393 1182 haec
423 1127 544 1182 dico
567 1166 583 1189 ,
618 1142 722 1178 nou
746 1123 888 1194 quod
931 1132 1144 1190 peccata
1175 1120 1283 1173 sint
1314 1117 1582 1187 pecuniae;
1612 1116 1708 1172 sed
1739 1130 1862 1185 pec-

280 1228 451 1274 eatum
477 1228 559 1273 est
602 1232 710 1271 non
757 1233 849 1271 eas
888 1213 1209 1284 pauperibus
1239 1210 1557 1265 distribuere
1583 1251 1597 1273 ,
1638 1218 1693 1263 et
1720 1209 1862 1262 male

279 1314 381 1367 illis
407 1313 500 1363 uti.
529 1309 669 1363 Nihil
693 1312 834 1361 enim
866 1308 1061 1360 malum
1091 1294 1231 1360 Deus
1259 1302 1401 1366 fecit,
1425 1300 1517 1355 sed
1539 1300 1718 1354 omnia
1746 1298 1863 1352 val-

277 1404 343 1457 de
376 1404 536 1457 bona.
576 1400 759 1470 Itaque
795 1399 948 1451 bonae
991 1397 1150 1449 etiam
1193 1403 1318 1447 sunt
1363 1392 1604 1461 pecunia:
1628 1431 1643 1454 ,
1684 1389 1779 1443 sed
1818 1388 1864 1442 si

281 1490 677 1562 possidentibus
710 1506 815 1541 non
844 1490 1147 1555 imperent,
1173 1484 1216 1537 si
1249 1490 1613 1553 paupertatem
1636 1479 1865 1550 proximi

279 1586 520 1637 solvant.
560 1580 749 1649 Neque
778 1580 922 1633 enim
965 1578 1051 1631 lux
1079 1573 1175 1628 illa
1222 1576 1357 1629 bona
1379 1613 1394 1637 ,
1427 1586 1543 1639 qum
1576 1586 1680 1623 non
1723 1568 1868 1623 delet

278 1676 540 1729 tenebras
560 1713 575 1735 ,
616 1672 711 1726 sed
743 1679 901 1738 auget
922 1684 1012 1722 eas
1035 1684 1051 1731 ;
1079 1681 1251 1735 neque
1278 1665 1490 1718 divitias
1518 1664 1596 1717 sic
1623 1659 1865 1731 appella—

188 1790 199 1805 -
279 1767 412 1829 rim,
447 1779 570 1833 qua:
606 1779 711 1817 non
739 1762 951 1815 solvant
976 1767 1375 1828 paupertatem,
1408 1754 1501 1810 scd
1536 1759 1766 1822 augeant
1806 1751 1870 1804 il-

279 1861 417 1913 lam.
451 1857 583 1911 Nam
610 1858 699 1924 qui
721 1855 875 1909 dives
896 1862 997 1912 est.
1032 1866 1136 1905 non
1160 1850 1351 1919 qumrit
1375 1848 1441 1902 ab
1466 1848 1585 1901 aliis
1608 1845 1869 1914 accipere,

279 1949 374 2003 sed
408 1948 533 2001 aliis
561 1960 718 2014 opem
752 1943 896 1999 ferre
938 1959 953 1997 :
982 1943 1071 2011 qui
1103 1956 1233 1995 vero
1269 1940 1337 1993 ab
1365 1939 1484 1992 aliis
1510 1937 1699 2007 qnzerit
1727 1935 1871 1989 acci-

285 2055 432 2107 pere,
460 2038 571 2106 jam
604 2051 709 2090 non
737 2035 889 2088 dives
908 2042 1011 2097 est,
1040 2032 1132 2087 sed
1165 2032 1279 2098 ipse
1306 2043 1524 2098 pauper.
1559 2027 1738 2096 Itaque
1763 2039 1870 2079 non

284 2130 483 2184 divitim
511 2128 664 2181 mala:
703 2134 868 2191 sunt,
901 2122 994 2179 scd
1024 2136 1225 2192 pauper
1263 2120 1475 2174 animus
1499 2160 1512 2183 ,
1543 2117 1631 2187 qui
1660 2116 1871 2171 divitias

285 2219 505 2274 deducit
529 2220 581 2271 in
615 2225 1008 2287 paupertatem.
1049 2212 1111 2267 lli
1155 2208 1463 2265 miseriores
1491 2218 1616 2262 sunt
1647 2206 1753 2261 illis
1780 2204 1870 2275 qui

288 2315 338 2367 in
367 2312 664 2381 angiportis
694 2306 1022 2371 mendicant,
1052 2304 1117 2358 iis
1138 2304 1223 2373 qui
1249 2300 1378 2357 carri
1403 2309 1456 2354 et
1483 2298 1726 2354 mutilato
1754 2311 1874 2351 cor-

288 2421 420 2476 pore
446 2413 604 2468 sunt;
635 2409 688 2456 et
711 2401 801 2471 qui
830 2398 1020 2453 sericis
1056 2393 1455 2465 splendidisque
1483 2389 1720 2445 vestibus
1740 2387 1873 2441 ami-

287 2500 357 2551 cti
384 2504 542 2559 sunt,
567 2495 631 2548 iis
657 2491 747 2562 qui
770 2490 961 2545 laceris
992 2486 1181 2558 pauiiis
1209 2484 1535 2546 induuntur;
1558 2479 1724 2551 quiin
1758 2478 1874 2532 foro

286 2589 523 2658 superbe
546 2584 796 2639 incedunt
825 2579 1108 2635 inferiores
1160 2585 1285 2629 sunt
1306 2573 1372 2628 iis
1404 2613 1419 2638 ,
1475 2571 1567 2642 qui
1619 2572 1670 2624 iu
1721 2567 1876 2624 biviis

287 2681 495 2731 vadunt
518 2685 572 2730 et
593 2675 649 2728 in
670 2674 816 2728 aulas
837 2668 1228 2741 ingrediuntur,
1250 2665 1317 2719 ab
1341 2664 1449 2717 imo
1471 2662 1701 2717 clamant
1727 2673 1876 2712 men-

286 2773 563 2826 dicentes.
597 2767 660 2821 lli
690 2780 914 2831 namque
944 2762 1108 2816 Deum
1141 2759 1381 2821 laudant,
1413 2763 1468 2809 et
1496 2750 1876 2808 miseriCordize.

288 2861 594 2927 multasque
624 2852 972 2925 phiIOSophim
988 2850 1146 2905 verba
1170 2846 1449 2918 proferunt
1472 2861 1486 2897 :
1511 2844 1734 2911 ideoque
1760 2842 1877 2894 illos

287 2952 617 3006 miser-amur
642 2957 696 3002 et
732 2960 921 3000 manus
964 2941 1095 3013 ipsis
1130 2937 1472 3010 porrigimns,
1500 2949 1562 2989 ac
1587 2946 1876 3005 numquam

287 3054 629 3095 accusamus.
662 3036 760 3104 Qui
791 3042 968 3088 autem
1000 3032 1140 3086 male
1167 3028 1379 3084 divitias
1406 3024 1713 3104 possident,
1753 3037 1879 3076 cru-

288 3131 548 3194 delitatis,
576 3124 947 3190 immanitatis,
976 3121 1179 3192 rapinae
1205 3133 1261 3175 et
1288 3115 1739 3186 concupiscentia:
1760 3128 1872 3166 ver-

292 3225 353 3278 ba
378 3225 691 3294 proferunt.
727 3219 851 3274 Ideo
880 3215 1021 3286 apud
1052 3229 1238 3268 omnes
1265 3209 1440 3265 odiosi
1461 3218 1516 3264 et
1546 3206 1754 3262 ridiculi
1783 3206 1875 3259 ha.

291 3316 511 3370 bentur.
542 3311 836 3368 Considera
866 3317 1044 3363 autem
1065 3347 1079 3369 ,
1106 3305 1231 3376 quid
1258 3301 1395 3372 apud
1422 3313 1610 3355 omnes
1635 3299 1878 3353 homines

292 3418 448 3478 turpe
467 3420 592 3460 esse
617 3402 860 3457 videatur
881 3441 896 3466 ,
929 3414 996 3453 an
1019 3414 1048 3449 a
1071 3395 1329 3450 divitibus
1355 3401 1536 3462 petere
1573 3405 1640 3443 an
1668 3389 1737 3441 ab
1762 3388 1879 3441 ino-

290 3499 490 3569 pibus?
524 3497 705 3550 Palam
737 3504 881 3548 certe
906 3501 1009 3554 est,
1040 3490 1108 3543 ab
1147 3487 1415 3556 inopibus.
1452 3484 1564 3538 lloc
1603 3483 1779 3551 itaque
1809 3479 1878 3531 fa-

287 3591 443 3645 einnt
463 3587 661 3642 divites
680 3602 696 3649 ;
715 3598 823 3637 non
839 3583 977 3636 enim
991 3580 1251 3635 auderent
1271 3578 1333 3629 ad
1354 3575 1578 3631 ditiores
1599 3570 1875 3626 accedere.

290 3682 390 3749 Qui
415 3688 601 3734 autem
633 3675 978 3737 mendicant,
1010 3688 1037 3725 a
1064 3668 1418 3739 locupletibus
1449 3672 1635 3735 petunt
1662 3680 1675 3714 :
1708 3676 1880 3730 neque

290 3775 434 3828 enim
469 3770 752 3827 mendicus
785 3783 813 3821 a
844 3766 1091 3822 mendico
1112 3763 1275 3833 petit,
1308 3760 1404 3816 sed
1441 3774 1470 3813 a
1499 3757 1700 3820 divite;
1730 3754 1880 3808 dives

289 3877 467 3920 autem
494 3877 781 3934 pauperem
808 3858 1084 3928 discerpit.
1112 3857 1316 3911 Rursus
1346 3852 1493 3924 quid,
1528 3863 1712 3919 quaeso
1730 3887 1744 3912 ,
1785 3846 1881 3899 bo-

290 3958 520 4021 nestius,
552 3971 584 4009 a
613 3954 918 4009 lubentibus
944 3960 998 4005 et
1020 3948 1244 4019 gratiam
1270 3942 1584 3999 habentibus
1613 3944 1877 4008 accipere,

289 4065 355 4102 an
379 4052 585 4105 invitos
610 4060 802 4115 cogere
827 4053 883 4099 et
912 4038 1256 4113 perturbare?
1275 4035 1451 4090 Palam
1479 4043 1561 4087 est
1604 4029 1878 4084 honestius

288 4156 411 4195 esse
433 4139 635 4195 invitos
659 4152 759 4190 non
780 4136 1017 4189 turbare.
1043 4130 1152 4186 Sed
1180 4129 1280 4181 hoe
1295 4125 1485 4179 divites
1506 4121 1722 4177 faciunt.
1747 4119 1878 4173 Nam

290 4242 565 4300 pauperes
598 4242 626 4280 a
660 4226 957 4279 lubentibus
985 4218 1255 4288 accipiunt
1280 4225 1333 4271 et
1364 4214 1586 4286 gratiam
1636 4208 1879 4264 babenti-

288 4323 429 4387 hus;
456 4319 655 4374 divites
671 4326 845 4371 autent
868 4315 936 4369 ab
966 4312 1150 4368 invitis
1177 4321 1229 4364 et
1258 4301 1674 4374 repugnantibus
1700 4316 1715 4352 :
1740 4297 1878 4368 quod

292 4413 517 4481 majoris
549 4421 635 4464 est
683 4406 1012 4478 paupertatis
1049 4399 1459 4458 demonstratio.
1512 4394 1567 4449 Si
1620 4390 1763 4445 enim
1812 4388 1879 4443 ad

291 4503 579 4573 prandium
607 4516 766 4555 nemo
792 4500 920 4553 velit
943 4495 1220 4557 accedere,
1251 4490 1351 4544 nisi
1381 4486 1602 4558 gratiam
1632 4481 1733 4552 ipsi
1780 4481 1877 4532 ha-

289 4572 417 4649 beat
459 4596 505 4648 is
530 4593 622 4663 qui
666 4591 888 4655 invitat,
919 4587 1188 4656 quomodo
1220 4583 1414 4635 honuni
1450 4577 1606 4632 fuerit
1627 4572 1880 4645 pecunias

289 4687 335 4740 vi
368 4684 731 4754 extorquere?
756 4682 933 4737 Canes
968 4695 1145 4733 nonne
1174 4678 1292 4730 ideo
1318 4663 1630 4727 aversantur
1654 4677 1707 4722 et
1745 4665 1879 4732 fugi-

291 4793 411 4832 mus
441 4778 699 4832 latrantes
719 4817 734 4839 ,
763 4773 904 4844 quod
934 4772 1092 4825 nobis
1115 4768 1326 4823 assidue
1358 4766 1557 4818 instent
1583 4772 1635 4815 et
1663 4774 1761 4813 nos
1790 4775 1879 4810 nr-

1309 364 1371 420 lN
1415 362 1626 420 EPIST.
1669 361 1689 416 l
1752 357 1842 413 AD
1877 356 2036 413 (ΞΟΠ.
2078 357 2304 413 IlOMlL.
2344 357 2483 413 XIV.

3448 371 3545 426 ιιι

1958 471 2161 540 geant?
2192 472 2303 528 lluc
2330 484 2380 528 et
2409 473 2601 527 divites
2629 472 2846 529 faciunt.
2877 474 2942 531 At
2972 480 3244 536 honestius
3265 520 3282 546 ,
3324 490 3381 535 ut
3417 498 3540 535 cum

1958 562 2103 616 dono
2142 562 2283 618 adsit
2322 577 2515 619 metus.
2567 566 2681 622 Hoc
2717 579 2866 624 certe
2891 571 3128 625 oumium
3175 576 3539 643 turpissimum

1960 662 2043 707 cst
2073 671 2086 706 :
2116 652 2204 724 qui
2233 657 2376 709 enim
2405 658 2581 712 omnia
2612 668 2790 713 movet
2817 671 2872 714 ut
2903 663 3164 732 accipiat,
3191 681 3296 735 quo
3326 667 3540 724 homine

1962 746 2130 814 magis
2158 746 2413 803 ridiculus
2455 764 2559 804 non
2592 749 2783 806 fuerit?
2825 752 3032 808 Etenim
3064 746 3205 825 sa'pe
3234 774 3354 813 eum
3380 775 3541 814 canes

1963 847 2364 904 metueremus,
2408 854 2469 895 ea
2498 855 2618 911 quae
2662 842 2977 897 tenebamus
3020 846 3359 915 projceimus.
3404 850 3542 916 Quid

1963 944 2173 994 rursus,
2201 929 2288 985 dic
2316 930 2482 998 mihi,
2526 933 2735 1003 turpius
2776 938 2968 1004 pannis
3011 937 3206 993 laeeris
3249 942 3542 997 involutmu

1964 1033 2180 1091 petere,
2220 1038 2288 1077 an
2336 1027 2537 1079 sericas
2579 1036 2758 1082 vestes
2810 1026 3112 1083 ferentem?
3141 1032 3363 1097 Quando
3406 1037 3546 1090 enim

1964 1115 2084 1183 quis
2111 1114 2262 1169 dives
2288 1130 2443 1170 senes
2468 1116 2600 1171 colit
2629 1133 2922 1189 pauperes,
2957 1130 3011 1174 ut
3054 1136 3141 1174 res
3172 1123 3383 1177 illorum
3410 1133 3548 1180 acci-

1968 1205 2094 1271 piat.
2122 1204 2330 1258 etiamsi
2364 1206 2561 1260 liberos
2593 1207 2840 1271 habeant,
2867 1226 2968 1279 qua
2999 1213 3150 1266 venia
3180 1213 3373 1281 dignus
3399 1217 3548 1272 erit?

1966 1293 2020 1349 Si
2060 1295 2215 1349 vultis
2263 1306 2477 1362 autem,
2521 1298 2631 1367 ipsa
2675 1313 2886 1369 quoque
2936 1301 3095 1354 verba
3139 1304 3546 1370 examinemus;

1969 1402 2211 1454 quaenam
2249 1388 2452 1442 scilicet
2481 1389 2672 1443 divites
2705 1400 2945 1459 petentes
2975 1393 3152 1446 dit-ant
3173 1437 3186 1458 ,
3216 1406 3267 1449 et
3304 1413 3547 1465 quantum

1969 1492 2251 1547 pauperes.
2282 1480 2416 1547 Quid
2437 1496 2563 1551 ergo
2588 1483 2713 1536 dicit
2742 1498 2937 1551 panper
2957 1486 2979 1537 ?
3001 1486 3151 1551 Quod
3180 1491 3266 1558 qui
3291 1489 3377 1544 dat
3402 1493 3547 1545 elve-

1970 1584 2246 1640 mosynam
2278 1586 2381 1624 non
2412 1588 2572 1643 parce
2602 1574 2778 1637 dabit,
2808 1577 2947 1644 quud
2977 1593 3037 1632 cu
3082 1578 3172 1632 det
3216 1596 3333 1649 qua:
3374 1597 3401 1634 a
3444 1584 3551 1635 Deo

1971 1672 2125 1728 sunt,
2166 1663 2303 1733 quod
2346 1663 2482 1717 Deus
2524 1665 2594 1719 sit
2623 1665 2878 1736 benignus
2915 1676 2970 1722 et
3010 1670 3210 1738 majora
3253 1673 3548 1727 retribuat:

1971 1768 2088 1824 quae
2134 1755 2310 1809 omnia
2342 1758 2690 1827 philosophia:
2723 1770 2847 1813 stmt
2872 1762 3029 1815 verba
3073 1772 3122 1817 et
3163 1765 3552 1820 exhortationis

1972 1855 2027 1901 et
2046 1847 2282 1902 ‘consilii.
2316 1848 2484 1917 Regat
2510 1851 2649 1905 enim
2680 1859 2732 1906 te
2758 1854 2824 1906 ad
2859 1855 3137 1908 Dominum
3180 1857 3434 1925 respicias
3455 1899 3470 1923 ,
3500 1869 3553 1912 et

1975 1950 2173 1994 metum
2203 1940 2297 1994 tibi
2327 1941 2461 1996 tollit
2493 1944 2681 1996 futura‘
2704 1947 3029 2014 paupertatis
3055 1963 3068 1999 :
3097 1960 3160 1999 ac
3187 1948 3407 2003 multum
3437 1951 3555 2017 quis

1977 2031 2155 2084 videat
2179 2030 2473 2086 doctrinam
2518 2033 2570 2087 in
2611 2034 2788 2088 verbis
2834 2035 3269 2092 mendicantium.
3317 2040 3545 2096 Divitum

1976 2130 2155 2176 autem
2171 2121 2330 2176 verba
2353 2123 2526 2193 qualia
2548 2132 2669 2178 sunt
2690 2125 2715 2177 τ
2745 2124 3053 2190 Porcorum,
3072 2141 3287 2196 canum,
3307 2128 3552 2196 luporum

1976 2212 2306 2282 aliarumque
2325 2213 2572 2268 ferarum.
2603 2214 2735 2269 Nam
2752 2215 2838 2269 alii
2865 2214 2934 2271 de
2962 2215 3182 2283 mensis,
3206 2217 3274 2272 de
3295 2221 3554 2286 obsoniis,

1978 2301 2044 2356 dc
2073 2300 2461 2369 condimentis,
2490 2302 2557 2358 de
2588 2305 2712 2359 vino
2743 2309 2917 2359 omnis
2943 2309 3157 2377 generis
3176 2350 3192 2374 ,
3222 2308 3290 2364 de
3315 2327 3554 2381 unguen.

1980 2392 2068 2458 tis,
2092 2391 2157 2448 de
2184 2394 2438 2459 vestibus,
2470 2394 2641 2466 deque
2665 2397 2809 2450 omni
2838 2398 2945 2452 alio
2970 2398 3096 2454 luxu
3126 2410 3181 2455 et
3206 2401 3511 2471 profusione
3540 2422 3555 2459 :

1978 2483 2066 2537 alii
2109 2483 2176 2539 de
2205 2486 2416 2553 usuris,
2445 2485 2511 2541 de
2542 2485 2836 2541 faenoribus
2861 2504 2876 2554 ;
2907 2498 2962 2543 et
2996 2491 3223 2545 schedas
3262 2494 3519 2564 [iungentes
3538 2536 3556 2564 ,

1978 2591 2041 2630 ac
2077 2575 2379 2633 debitorum
2424 2580 2815 2636 intolerabilem
2866 2584 3176 2640 attollentes
3230 2591 3555 2660 magnitudi-

1980 2684 2125 2735 nem,
2157 2679 2422 2742 tamquam
2450 2687 2479 2727 a
2511 2673 2749 2742 patribus
2776 2684 2831 2731 et
2851 2677 3189 2733 avisinitium
3212 2686 3556 2752 sumpserint,

1981 2762 2134 2831 hujus
2161 2763 2411 2829 domum,
2440 2766 2581 2821 illius
2607 2782 2793 2838 agrum
2814 2809 2831 2835 ,
2860 2769 3080 2825 alterius
3115 2774 3436 2841 mancipium
3467 2792 3559 2829 au-

1981 2853 2157 2909 ferunt
2188 2854 2572 2927 facultatesque
2591 2873 2799 2913 omnes.
2829 2858 2965 2925 Quid
2992 2876 3121 2915 vero
3148 2861 3346 2917 dixeris
3365 2863 3431 2918 de
3455 2874 3562 2919 tes-

1983 2948 2250 3012 tamentis,
2274 2963 2393 3017 quae
2421 2964 2525 3002 non
2564 2958 2896 3016 atramento,
2939 2950 3033 3006 sed
3063 2952 3320 3021 sanguine
3363 2954 3559 3022 sciipfa

1980 3039 2141 3093 sunt?
2168 3040 2273 3094 Aut
2297 3041 2440 3095 enim
2470 3040 2521 3095 in
2551 3057 2655 3095 non
2677 3041 2952 3098 ferendum
2970 3043 3215 3098 inductos
3243 3046 3558 3114 perieulum,

1981 3139 2071 3186 aut
2098 3131 2317 3189 modicis
2346 3134 2625 3203 promissis
2653 3133 2972 3200 incantatus,
2995 3150 3130 3206 quos
3160 3137 3388 3192 viderint
3414 3155 3560 3208 qua:-

1981 3220 2101 3277 dant
2133 3222 2341 3278 modica
2369 3224 2733 3293 possidentes.
2766 3239 2833 3279 eo
2869 3225 3194 3281 induxerunt
3220 3236 3275 3280 ut
3304 3239 3559 3296 cognato;

1982 3329 2169 3369 omnes
2194 3324 2247 3370 ct
2272 3325 2581 3385 paupertate
2606 3330 2747 3386 saepe
2776 3326 3059 3386 pereuntes
3080 3317 3272 3372 missos
3300 3317 3557 3384 facerent,

1981 3420 2144 3477 seque
2176 3422 2269 3475 pro
2297 3407 2398 3461 illis
2426 3407 2649 3461 heredes
2670 3407 3056 3462 adscriberent.
3088 3406 3211 3462 lla'e
3237 3418 3411 3462 autem
3430 3425 3561 3479 qua—

1983 3514 2226 3553 rumnam
2271 3497 2502 3553 ferarum
2542 3512 2647 3551 non
2689 3509 2942 3566 superant
2986 3498 3295 3551 feritatem?
3325 3499 3561 3567 Quapro.

1985 3599 2102 3660 pter
2122 3631 2136 3651 ,
2166 3590 2392 3643 obsecro
2414 3631 2428 3653 ,
2458 3602 2647 3641 attines
2675 3587 2979 3655 hujusmodi
3025 3587 3237 3641 divitias
3276 3586 3560 3658 fugiamus,

1987 3691 2165 3750 turpes
2190 3688 2244 3732 et
2269 3678 2504 3733 cut-dibus
2536 3679 2757 3732 refertas
2782 3693 2796 3743 ;
2826 3686 2879 3732 et
2913 3678 3217 3747 spiritualcs
3247 3679 3364 3734 illas
3396 3681 3563 3749 possi-

1984 3770 2224 3833 deanms,
2260 3769 2644 3837 thesaurosque
2680 3767 2731 3822 iu
2766 3769 2898 3823 cmlo
2928 3770 3282 3839 requiramus.
3315 3769 3444 3824 Nam
3474 3774 3562 3843 qui

1987 3859 2084 3914 hos
2114 3858 2346 3922 habent,
2378 3858 2449 3912 illi
2495 3867 2642 3913 certe
2676 3857 2867 3914 divites
2907 3866 3051 3921 sunt,
3093 3859 3164 3913 illi
3207 3860 3465 3929 opulenti,
3508 3872 3564 3917 et

1983 3950 2233 4005 fruuntur
2258 3950 2504 4003 onmibus
2531 3965 2651 4019 qua:
2679 3950 2763 4004 hic
2788 3959 2841 4004 et
2868 3950 2976 4005 illic
3002 3960 3143 4004 sunt.
3175 3951 3271 4018 Qui
3302 3954 3443 4006 enim
3473 3968 3563 4006 se.-

1983 4041 2212 4097 cnndutu
2244 4042 2335 4095 llei
2359 4040 2577 4095 verbum
2603 4056 2801 4112 pauper
2820 4055 2939 4097 esse
2959 4041 3092 4107 vult,
3116 4043 3351 4096 omnimn
3377 4044 3565 4098 domos

1987 4133 2145 4190 habet
2185 4143 2418 4204 apertas.
2452 4134 2583 4188 Nam
2614 4134 2695 4199 ei,
2725 4134 2814 4204 qui
2844 4145 3058 4204 propter
3089 4134 3251 4189 Deum
3284 4136 3410 4189 nihil
3442 4150 3559 4202 pos-

1984 4226 2121 4282 sidet
2143 4268 2158 4291 ,
2188 4227 2550 4296 unusquisque
2575 4240 2670 4279 sua
2696 4226 2942 4281 Confert:
2974 4226 3062 4295 qui
3096 4242 3220 4278 vero
3250 4243 3407 4295 parva
3439 4242 3561 4281 eum

1986 4316 2238 4387 injustitia
2271 4317 2384 4370 vult
2427 4315 2627 4369 habere
2646 4356 2662 4380 ,
2691 4315 2928 4369 omuimu
2966 4314 3069 4368 sibi
3098 4316 3230 4369 ostia
3262 4316 3471 4368 clausit.
3500 4316 3560 4370 Ut

1983 4425 2111 4479 ergo
2140 4420 2193 4463 et
2222 4424 2338 4476 (pne
2380 4407 2468 4461 hic
2494 4418 2547 4461 et
2573 4422 2692 4474 qua:
2721 4408 2827 4461 illic
2853 4417 2976 4462 Stllll
3013 4408 3149 4459 bona
3178 4424 3525 4476 assequamur
3547 4449 3561 4469 ,

1982 4502 2239 4571 eligamus
2261 4500 2532 4553 immotam
2559 4508 2611 4552 et
2637 4498 2988 4551 immortalem
3019 4498 3342 4567 opulentiam
3368 4517 3380 4551 :
3406 4516 3563 4565 quam

1984 4595 2183 4645 utinam
2218 4606 2313 4645 nos
2336 4606 2524 4646 omnes
2550 4605 2943 4655 censequamur
2964 4592 3130 4662 gratia
3153 4603 3205 4646 et
3243 4592 3565 4663 benignitate

1985 4684 2193 4740 Domini
2225 4685 2389 4739 nostri
2421 4684 2546 4738 Jcsu
2574 4682 2796 4747 Christi,
2829 4694 2933 4737 etc.

290 4880 2919 4928 _____________________________________—_———___

1727 4966 1898 5029 HOM
1910 4963 2069 5025 ILlA
2115 4960 2287 5021 XIV.

288 5126 413 5181 Cvr.
442 5128 496 5182 4.
537 5141 592 5182 v.
627 5126 713 5179 Π.
751 5123 870 5178 Ideo
912 5122 1026 5177 misi
1061 5122 1128 5173 ad
1173 5136 1258 5173 vos
1307 5113 1655 5176 Timotheum,
1680 5110 1763 5181 qui
1797 5118 1872 5164 est

355 5220 495 5288 [ilius
544 5234 687 5270 utens
731 5216 944 5268 dilectus
987 5224 1031 5267 et
1075 5212 1241 5282 ﬁdelis
1279 5210 1332 5262 in
1374 5205 1628 5264 Domino,
1662 5201 1746 5264 qui
1789 5215 1875 5255 vos

355 5310 777 5381 commonefaciet
804 5308 912 5360 vias
941 5322 1095 5369 meas,
1128 5319 1239 5373 qua!
1265 5309 1380 5356 sunt
1416 5299 1468 5350 in
1495 5295 1696 5350 Christo
1726 5290 1872 5345 λεια.

358 5404 408 5456 1.
447 5400 648 5454 Paulus
676 5402 792 5471 igne
821 5397 1099 5450 ardentior.
1126 5424 1192 5435 ——
1210 5393 1305 5446 llic
1331 5403 1543 5458 quoque
1569 5382 1878 5439 consideres

289 5496 446 5548 velim
472 5506 791 5563 generoSam
819 5489 1077 5551 animam,
1105 5485 1227 5552 igne
1250 5479 1607 5537 ardentiorem
1631 5482 1684 5530 et
1708 5472 1878 5528 acrio-

293 5601 418 5644 rem.
453 5587 681 5642 V’olebat
702 5584 920 5656 quidem
951 5581 1068 5651 ipse
1093 5576 1303 5641 adesse,
1330 5570 1620 5629 Corinthiis
1648 5567 1880 5622 maxime

293 5679 365 5732 sic
390 5677 781 5749 aegrotantibus
815 5683 871 5730 et
908 5669 1176 5729 seditione
1215 5664 1442 5735 agitatis.
1473 5664 1647 5719 Probe
1676 5658 1880 5715 sciebat

299 5772 432 5826 enim
455 5812 472 5839 ,
498 5788 661 5842 quam
689 5768 977 5843 prodesset
1021 5757 1302 5830 discipulis
1347 5758 1627 5829 praesentia
1660 5770 1755 5811 sua
1780 5796 1795 5823 ,
1826 5759 1881 5807 et

1983 5116 2238 5176 quantum
2267 5104 2483 5159 obesset
2507 5101 2767 5158 absentia.
2804 5104 2872 5157 Et
2903 5103 3032 5156 illud
3061 5101 3274 5171 quidem
3314 5099 3565 5153 iudicavit

1985 5201 2037 5253 in
2072 5198 2307 5268 Epistula
2336 5195 2401 5249 ad
2434 5194 2800 5264 Philippenses
2821 5234 2836 5259 ,
2866 5194 3050 5246 dicens
3074 5234 3088 5257 ,
3122 5191 3240 5245 Non
3270 5204 3322 5245 ut
3348 5193 3398 5244 in
3429 5207 3561 5258 prer-

1984 5290 2144 5345 sentia
2189 5304 2298 5341 mea
2345 5295 2576 5350 tantum,
2609 5284 2697 5336 sed
2727 5284 2883 5336 multo
2914 5283 3075 5352 magis
3115 5298 3248 5335 nunc
3274 5299 3468 5350 quoque
3512 5282 3564 5333 in

1985 5381 2208 5434 absentia
2235 5396 2346 5433 mea
2372 5420 2386 5438 .
2427 5393 2539 5430 cum
2570 5385 2747 5428 timore
2787 5384 2834 5429 et
2862 5385 3074 5427 tremore
3111 5376 3319 5428 salutent
3349 5385 3561 5427 restrain

1985 5472 2259 5542 operamini
2310 5468 2568 5542 (Philipp.
2610 5467 2665 5522 9..
2697 5465 2794 5537 i2)
2824 5484 2835 5521 :
2868 5467 2969 5521 hoc
3009 5475 3184 5520 autem
3226 5465 3464 5519 ostendit
3507 5465 3557 5514 in

1987 5563 2085 5616 hac
2114 5561 2339 5629 epistola
2365 5559 2548 5613 dicens
2573 5575 2586 5612 :
2622 5558 2707 5613 18.
2755 5556 3031 5626 Tamquam
3072 5572 3172 5609 non
3203 5564 3437 5607 venturus
3466 5551 3559 5601 siin

1987 5654 2053 5705 ad
2069 5667 2175 5712 vos,
2196 5652 2362 5722 inﬂati
2396 5662 2509 5706 sunt
2533 5651 2782 5721 quidam;
2815 5650 2893 5703 19.
2926 5651 3123 5701 ueniam
3162 5658 3349 5699 autem.
3395 5641 3559 5694 Festi-

1989 5747 2146 5803 nabat
2185 5746 2362 5818 itaque
2405 5755 2461 5804 et
2484 5745 2730 5816 cupiebat
2772 5743 2884 5813 ipse
2913 5741 3143 5805 adesse;
3181 5736 3273 5791 sed
3312 5733 3432 5803 quia
3462 5731 3565 5785 hoc
