  <div class='ocr_page' id='page_1' title='image "/cluster/home/n/w/nwhite01/storage/ocr_20150623/61/mdp.39015008622618/121.png"; bbox 0 0 3986 6202; ppageno 0'>
   <div class='ocr_carea' id='block_1_1' title="bbox 449 252 548 305">
    <p class='ocr_par' dir='ltr' id='par_1_1' title="bbox 449 252 548 305">
     <span class='ocr_line' id='line_1_1' title="bbox 449 252 548 305; baseline -0.02 -1"><span class='ocrx_word' id='word_1_1' title='bbox 449 252 548 305; x_wconf 80' lang='lat' dir='ltr'><strong>H5</strong></span> 
     </span>
    </p>
   </div>
   <div class='ocr_carea' id='block_1_2' title="bbox 452 359 2032 435">
    <p class='ocr_par' dir='ltr' id='par_1_2' title="bbox 452 359 2032 435">
     <span class='ocr_line' id='line_1_2' title="bbox 452 359 2032 435; baseline -0.01 -11"><span class='ocrx_word' id='word_1_2' title='bbox 452 369 686 423; x_wconf 84' lang='lat' dir='ltr'><strong>nondum</strong></span> <span class='ocrx_word' id='word_1_3' title='bbox 720 368 944 430; x_wconf 87' lang='lat' dir='ltr'><strong>licebat,</strong></span> <span class='ocrx_word' id='word_1_4' title='bbox 977 363 1330 435; x_wconf 76' lang='lat' dir='ltr'><strong>promissione</strong></span> <span class='ocrx_word' id='word_1_5' title='bbox 1356 361 1614 415; x_wconf 89' lang='lat' dir='ltr'><strong>adventus</strong></span> <span class='ocrx_word' id='word_1_6' title='bbox 1643 359 1722 412; x_wconf 91' lang='lat' dir='ltr'><strong>sui</strong></span> <span class='ocrx_word' id='word_1_7' title='bbox 1766 359 1883 412; x_wconf 86' lang='lat' dir='ltr'><strong>illos</strong></span> <span class='ocrx_word' id='word_1_8' title='bbox 1911 371 2032 410; x_wconf 83' lang='lat' dir='ltr'><strong>cor-</strong></span> 
     </span>
    </p>
   </div>
   <div class='ocr_carea' id='block_1_3' title="bbox 452 449 2031 531">
    <p class='ocr_par' dir='ltr' id='par_1_3' title="bbox 452 449 2031 531">
     <span class='ocr_line' id='line_1_3' title="bbox 452 449 2031 531; baseline -0.009 -16"><span class='ocrx_word' id='word_1_9' title='bbox 452 462 619 531; x_wconf 73' lang='lat' dir='ltr'><strong>rigit:</strong></span> <span class='ocrx_word' id='word_1_10' title='bbox 679 476 848 531; x_wconf 88' lang='lat' dir='ltr'><strong>neque</strong></span> <span class='ocrx_word' id='word_1_11' title='bbox 894 461 995 512; x_wconf 92' lang='lat' dir='ltr'><strong>hoc</strong></span> <span class='ocrx_word' id='word_1_12' title='bbox 1015 457 1418 518; x_wconf 86' lang='lat' dir='ltr'><strong>tantummodo,</strong></span> <span class='ocrx_word' id='word_1_13' title='bbox 1459 452 1552 507; x_wconf 90' lang='lat' dir='ltr'><strong>sed</strong></span> <span class='ocrx_word' id='word_1_14' title='bbox 1577 451 1736 505; x_wconf 88' lang='lat' dir='ltr'><strong>etiam</strong></span> <span class='ocrx_word' id='word_1_15' title='bbox 1779 449 2031 502; x_wconf 81' lang='lat' dir='ltr'><strong>missione</strong></span> 
     </span>
    </p>
   </div>
   <div class='ocr_carea' id='block_1_4' title="bbox 449 537 2034 619">
    <p class='ocr_par' dir='ltr' id='par_1_4' title="bbox 449 537 2034 619">
     <span class='ocr_line' id='line_1_4' title="bbox 449 537 2034 619; baseline -0.01 -15"><span class='ocrx_word' id='word_1_16' title='bbox 449 550 713 619; x_wconf 75' lang='lat' dir='ltr'><strong>discipuli.</strong></span> <span class='ocrx_word' id='word_1_17' title='bbox 766 550 892 603; x_wconf 83' lang='lat' dir='ltr'><strong>Ideo</strong></span> <span class='ocrx_word' id='word_1_18' title='bbox 935 561 1164 617; x_wconf 84' lang='lat' dir='ltr'><strong>namque</strong></span> <span class='ocrx_word' id='word_1_19' title='bbox 1187 588 1201 609; x_wconf 94' lang='lat'><strong>,</strong></span> <span class='ocrx_word' id='word_1_20' title='bbox 1251 545 1421 615; x_wconf 92' lang='lat' dir='ltr'><strong>inquit</strong></span> <span class='ocrx_word' id='word_1_21' title='bbox 1445 584 1460 605; x_wconf 87' lang='lat'><strong><em>.</em></strong></span> <span class='ocrx_word' id='word_1_22' title='bbox 1491 543 1604 595; x_wconf 87' lang='lat' dir='ltr'><strong>misi</strong></span> <span class='ocrx_word' id='word_1_23' title='bbox 1632 541 1699 593; x_wconf 91' lang='lat' dir='ltr'><strong>ad</strong></span> <span class='ocrx_word' id='word_1_24' title='bbox 1726 555 1811 593; x_wconf 78' lang='lat' dir='ltr'><strong>vos</strong></span> <span class='ocrx_word' id='word_1_25' title='bbox 1861 537 2034 591; x_wconf 84' lang='lat' dir='ltr'><strong>Timo-</strong></span> 
     </span>
    </p>
   </div>
   <div class='ocr_carea' id='block_1_5' title="bbox 449 631 2031 710">
    <p class='ocr_par' dir='ltr' id='par_1_5' title="bbox 449 631 2031 710">
     <span class='ocr_line' id='line_1_5' title="bbox 449 631 2031 710; baseline -0.009 -16"><span class='ocrx_word' id='word_1_26' title='bbox 449 643 641 695; x_wconf 72' lang='lat' dir='ltr'><strong>theum.</strong></span> <span class='ocrx_word' id='word_1_27' title='bbox 665 641 790 694; x_wconf 75' lang='lat' dir='ltr'><strong>Ideo</strong></span> <span class='ocrx_word' id='word_1_28' title='bbox 819 631 1058 710; x_wconf 82' lang='lat' dir='ltr'><strong>:quare‘!</strong></span> <span class='ocrx_word' id='word_1_29' title='bbox 1083 638 1214 705; x_wconf 84' lang='lat' dir='ltr'><strong>Quia</strong></span> <span class='ocrx_word' id='word_1_30' title='bbox 1247 645 1480 689; x_wconf 87' lang='lat' dir='ltr'><strong>vestrum</strong></span> <span class='ocrx_word' id='word_1_31' title='bbox 1504 643 1562 686; x_wconf 92' lang='lat' dir='ltr'><strong>ut</strong></span> <span class='ocrx_word' id='word_1_32' title='bbox 1593 632 1820 684; x_wconf 88' lang='lat' dir='ltr'><strong>filiorum</strong></span> <span class='ocrx_word' id='word_1_33' title='bbox 1847 641 2031 682; x_wconf 87' lang='lat' dir='ltr'><strong>curam</strong></span> 
     </span>
    </p>
   </div>
   <div class='ocr_carea' id='block_1_6' title="bbox 450 719 2032 800">
    <p class='ocr_par' dir='ltr' id='par_1_6' title="bbox 450 719 2032 800">
     <span class='ocr_line' id='line_1_6' title="bbox 450 719 2032 800; baseline -0.009 -14"><span class='ocrx_word' id='word_1_34' title='bbox 450 748 577 800; x_wconf 84' lang='lat' dir='ltr'><strong>gero</strong></span> <span class='ocrx_word' id='word_1_35' title='bbox 598 770 614 797; x_wconf 88' lang='lat'><strong>,</strong></span> <span class='ocrx_word' id='word_1_36' title='bbox 647 740 704 784; x_wconf 91' lang='grc' dir='ltr'><strong>ιιι</strong></span> <span class='ocrx_word' id='word_1_37' title='bbox 731 730 822 800; x_wconf 91' lang='lat' dir='ltr'><strong>qui</strong></span> <span class='ocrx_word' id='word_1_38' title='bbox 859 743 953 784; x_wconf 78' lang='lat' dir='ltr'><strong>vos</strong></span> <span class='ocrx_word' id='word_1_39' title='bbox 982 727 1278 798; x_wconf 84' lang='lat' dir='ltr'><strong>genuerint.</strong></span> <span class='ocrx_word' id='word_1_40' title='bbox 1309 725 1520 779; x_wconf 90' lang='lat' dir='ltr'><strong>Etcum</strong></span> <span class='ocrx_word' id='word_1_41' title='bbox 1567 719 2032 776; x_wconf 72' lang='lat' dir='ltr'><strong>commendatione</strong></span> 
     </span>
    </p>
   </div>
   <div class='ocr_carea' id='block_1_7' title="bbox 453 811 2032 892">
    <p class='ocr_par' dir='ltr' id='par_1_7' title="bbox 453 811 2032 892">
     <span class='ocr_line' id='line_1_7' title="bbox 453 811 2032 892; baseline -0.008 -20"><span class='ocrx_word' id='word_1_42' title='bbox 453 836 696 892; x_wconf 71' lang='lat' dir='ltr'><strong>persona:</strong></span> <span class='ocrx_word' id='word_1_43' title='bbox 728 829 810 875; x_wconf 90' lang='lat' dir='ltr'><strong>est</strong></span> <span class='ocrx_word' id='word_1_44' title='bbox 833 820 1059 888; x_wconf 86' lang='lat' dir='ltr'><strong>epistola</strong></span> <span class='ocrx_word' id='word_1_45' title='bbox 1088 837 1101 871; x_wconf 88' lang='lat'><strong>:</strong></span> <span class='ocrx_word' id='word_1_46' title='bbox 1137 818 1236 884; x_wconf 85' lang='lat' dir='ltr'><strong>Qui</strong></span> <span class='ocrx_word' id='word_1_47' title='bbox 1266 825 1336 870; x_wconf 86' lang='lat' dir='ltr'><strong>est</strong></span> <span class='ocrx_word' id='word_1_48' title='bbox 1376 815 1512 884; x_wconf 81' lang='lat' dir='ltr'><strong>ﬁlius</strong></span> <span class='ocrx_word' id='word_1_49' title='bbox 1541 829 1678 868; x_wconf 83' lang='lat' dir='ltr'><strong>meus</strong></span> <span class='ocrx_word' id='word_1_50' title='bbox 1706 811 1916 864; x_wconf 86' lang='lat' dir='ltr'><strong>dilectus</strong></span> <span class='ocrx_word' id='word_1_51' title='bbox 1937 849 1951 874; x_wconf 97' lang='lat'><strong>,</strong></span> <span class='ocrx_word' id='word_1_52' title='bbox 1985 818 2032 861; x_wconf 87' lang='lat' dir='ltr'><strong>et</strong></span> 
     </span>
    </p>
   </div>
   <div class='ocr_carea' id='block_1_8' title="bbox 451 907 2030 983">
    <p class='ocr_par' dir='ltr' id='par_1_8' title="bbox 451 907 2030 983">
     <span class='ocr_line' id='line_1_8' title="bbox 451 907 2030 983; baseline -0.009 -17"><span class='ocrx_word' id='word_1_53' title='bbox 451 914 618 983; x_wconf 78' lang='lat' dir='ltr'><strong>ﬁdelis</strong></span> <span class='ocrx_word' id='word_1_54' title='bbox 645 914 699 966; x_wconf 89' lang='lat' dir='ltr'><strong>in</strong></span> <span class='ocrx_word' id='word_1_55' title='bbox 739 911 955 965; x_wconf 85' lang='lat' dir='ltr'><strong>Domino</strong></span> <span class='ocrx_word' id='word_1_56' title='bbox 981 950 993 963; x_wconf 94' lang='lat'><strong>.</strong></span> <span class='ocrx_word' id='word_1_57' title='bbox 1038 911 1148 965; x_wconf 91' lang='lat' dir='ltr'><strong>lloc</strong></span> <span class='ocrx_word' id='word_1_58' title='bbox 1177 919 1354 963; x_wconf 89' lang='lat' dir='ltr'><strong>autem</strong></span> <span class='ocrx_word' id='word_1_59' title='bbox 1383 907 1544 970; x_wconf 86' lang='lat' dir='ltr'><strong>dixit,</strong></span> <span class='ocrx_word' id='word_1_60' title='bbox 1591 913 1647 958; x_wconf 94' lang='lat' dir='ltr'><strong>et</strong></span> <span class='ocrx_word' id='word_1_61' title='bbox 1691 913 1749 956; x_wconf 93' lang='lat' dir='ltr'><strong>ut</strong></span> <span class='ocrx_word' id='word_1_62' title='bbox 1794 915 2030 955; x_wconf 90' lang='lat' dir='ltr'><strong>amorem</strong></span> 
     </span>
    </p>
   </div>
   <div class='ocr_carea' id='block_1_9' title="bbox 455 993 2032 1068">
    <p class='ocr_par' dir='ltr' id='par_1_9' title="bbox 455 993 2032 1068">
     <span class='ocr_line' id='line_1_9' title="bbox 455 993 2032 1068; baseline -0.01 -9"><span class='ocrx_word' id='word_1_63' title='bbox 455 1022 609 1060; x_wconf 83' lang='lat' dir='ltr'><strong>suum</strong></span> <span class='ocrx_word' id='word_1_64' title='bbox 639 1003 890 1058; x_wconf 87' lang='lat' dir='ltr'><strong>ostendat</strong></span> <span class='ocrx_word' id='word_1_65' title='bbox 914 1044 928 1065; x_wconf 90' lang='lat'><strong>,</strong></span> <span class='ocrx_word' id='word_1_66' title='bbox 959 1012 1014 1058; x_wconf 86' lang='lat' dir='ltr'><strong>et</strong></span> <span class='ocrx_word' id='word_1_67' title='bbox 1042 1011 1098 1056; x_wconf 91' lang='lat' dir='ltr'><strong>ut</strong></span> <span class='ocrx_word' id='word_1_68' title='bbox 1135 1003 1257 1056; x_wconf 88' lang='lat' dir='ltr'><strong>illos</strong></span> <span class='ocrx_word' id='word_1_69' title='bbox 1285 1005 1546 1068; x_wconf 79' lang='lat' dir='ltr'><strong>pra-paret</strong></span> <span class='ocrx_word' id='word_1_70' title='bbox 1575 995 1640 1048; x_wconf 89' lang='lat' dir='ltr'><strong>ad</strong></span> <span class='ocrx_word' id='word_1_71' title='bbox 1686 993 1832 1048; x_wconf 89' lang='lat' dir='ltr'><strong>illum</strong></span> <span class='ocrx_word' id='word_1_72' title='bbox 1876 1005 2032 1046; x_wconf 78' lang='lat' dir='ltr'><strong>reve-</strong></span> 
     </span>
    </p>
   </div>
   <div class='ocr_carea' id='block_1_10' title="bbox 451 1082 2030 1163">
    <p class='ocr_par' dir='ltr' id='par_1_10' title="bbox 451 1082 2030 1163">
     <span class='ocr_line' id='line_1_10' title="bbox 451 1082 2030 1163; baseline -0.011 -11"><span class='ocrx_word' id='word_1_73' title='bbox 451 1109 633 1153; x_wconf 85' lang='lat' dir='ltr'><strong>renter</strong></span> <span class='ocrx_word' id='word_1_74' title='bbox 655 1099 964 1152; x_wconf 89' lang='lat' dir='ltr'><strong>videndum.</strong></span> <span class='ocrx_word' id='word_1_75' title='bbox 1005 1095 1188 1163; x_wconf 79' lang='lat' dir='ltr'><strong>Neque</strong></span> <span class='ocrx_word' id='word_1_76' title='bbox 1231 1102 1434 1147; x_wconf 91' lang='lat' dir='ltr'><strong>tantum</strong></span> <span class='ocrx_word' id='word_1_77' title='bbox 1469 1088 1679 1143; x_wconf 79' lang='lat' dir='ltr'><strong>fidelem</strong></span> <span class='ocrx_word' id='word_1_78' title='bbox 1704 1087 1871 1149; x_wconf 89' lang='lat' dir='ltr'><strong>dicit,</strong></span> <span class='ocrx_word' id='word_1_79' title='bbox 1901 1082 1993 1136; x_wconf 88' lang='lat' dir='ltr'><strong>sed</strong></span> <span class='ocrx_word' id='word_1_80' title='bbox 2017 1121 2030 1146; x_wconf 91' lang='lat'><strong>,</strong></span> 
     </span>
    </p>
   </div>
   <div class='ocr_carea' id='block_1_11' title="bbox 454 1176 2034 1256">
    <p class='ocr_par' dir='ltr' id='par_1_11' title="bbox 454 1176 2034 1256">
     <span class='ocr_line' id='line_1_11' title="bbox 454 1176 2034 1256; baseline -0.011 -12"><span class='ocrx_word' id='word_1_81' title='bbox 454 1191 519 1245; x_wconf 85' lang='lat' dir='ltr'><strong>In</strong></span> <span class='ocrx_word' id='word_1_82' title='bbox 547 1192 794 1255; x_wconf 87' lang='lat' dir='ltr'><strong>l)omiuo;</strong></span> <span class='ocrx_word' id='word_1_83' title='bbox 822 1191 871 1244; x_wconf 92' lang='lat' dir='ltr'><strong>id</strong></span> <span class='ocrx_word' id='word_1_84' title='bbox 895 1199 998 1256; x_wconf 83' lang='lat' dir='ltr'><strong>est,</strong></span> <span class='ocrx_word' id='word_1_85' title='bbox 1028 1190 1079 1242; x_wconf 92' lang='lat' dir='ltr'><strong>in</strong></span> <span class='ocrx_word' id='word_1_86' title='bbox 1107 1189 1268 1241; x_wconf 83' lang='lat' dir='ltr'><strong>rebus</strong></span> <span class='ocrx_word' id='word_1_87' title='bbox 1291 1200 1407 1254; x_wconf 74' lang='lat' dir='ltr'><strong>qua:</strong></span> <span class='ocrx_word' id='word_1_88' title='bbox 1434 1179 1722 1236; x_wconf 90' lang='lat' dir='ltr'><strong>secundum</strong></span> <span class='ocrx_word' id='word_1_89' title='bbox 1756 1176 2034 1230; x_wconf 87' lang='lat' dir='ltr'><strong>Dominum</strong></span> 
     </span>
    </p>
   </div>
   <div class='ocr_carea' id='block_1_12' title="bbox 453 1265 2034 1348">
    <p class='ocr_par' dir='ltr' id='par_1_12' title="bbox 453 1265 2034 1348">
     <span class='ocr_line' id='line_1_12' title="bbox 453 1265 2034 1348; baseline -0.011 -14"><span class='ocrx_word' id='word_1_90' title='bbox 453 1291 598 1336; x_wconf 88' lang='lat' dir='ltr'><strong>sunt.</strong></span> <span class='ocrx_word' id='word_1_91' title='bbox 626 1281 779 1348; x_wconf 86' lang='lat' dir='ltr'><strong>Quod</strong></span> <span class='ocrx_word' id='word_1_92' title='bbox 809 1281 852 1334; x_wconf 89' lang='lat' dir='ltr'><strong>si</strong></span> <span class='ocrx_word' id='word_1_93' title='bbox 897 1281 950 1334; x_wconf 91' lang='lat' dir='ltr'><strong>in</strong></span> <span class='ocrx_word' id='word_1_94' title='bbox 978 1277 1320 1333; x_wconf 66' lang='lat' dir='ltr'><strong>saecularibus</strong></span> <span class='ocrx_word' id='word_1_95' title='bbox 1350 1275 1509 1328; x_wconf 86' lang='lat' dir='ltr'><strong>rebus</strong></span> <span class='ocrx_word' id='word_1_96' title='bbox 1537 1270 1744 1324; x_wconf 85' lang='lat' dir='ltr'><strong>lidelem</strong></span> <span class='ocrx_word' id='word_1_97' title='bbox 1773 1281 1892 1322; x_wconf 89' lang='lat' dir='ltr'><strong>esse</strong></span> <span class='ocrx_word' id='word_1_98' title='bbox 1922 1265 2034 1317; x_wconf 90' lang='lat' dir='ltr'><strong>laus</strong></span> 
     </span>
    </p>
   </div>
   <div class='ocr_carea' id='block_1_13' title="bbox 451 1357 2035 1440">
    <p class='ocr_par' dir='ltr' id='par_1_13' title="bbox 451 1357 2035 1440">
     <span class='ocr_line' id='line_1_13' title="bbox 451 1357 2035 1440; baseline -0.015 -12"><span class='ocrx_word' id='word_1_99' title='bbox 451 1384 570 1438; x_wconf 81' lang='lat' dir='ltr'><strong>est,</strong></span> <span class='ocrx_word' id='word_1_100' title='bbox 603 1374 771 1426; x_wconf 90' lang='lat' dir='ltr'><strong>multo</strong></span> <span class='ocrx_word' id='word_1_101' title='bbox 815 1372 982 1440; x_wconf 80' lang='lat' dir='ltr'><strong>magis</strong></span> <span class='ocrx_word' id='word_1_102' title='bbox 1027 1371 1078 1424; x_wconf 93' lang='lat' dir='ltr'><strong>in</strong></span> <span class='ocrx_word' id='word_1_103' title='bbox 1122 1365 1503 1437; x_wconf 87' lang='lat' dir='ltr'><strong>spiritualibus.</strong></span> <span class='ocrx_word' id='word_1_104' title='bbox 1553 1361 1609 1415; x_wconf 88' lang='lat' dir='ltr'><strong>Si</strong></span> <span class='ocrx_word' id='word_1_105' title='bbox 1655 1375 1784 1429; x_wconf 84' lang='lat' dir='ltr'><strong>ergo</strong></span> <span class='ocrx_word' id='word_1_106' title='bbox 1809 1357 2035 1409; x_wconf 88' lang='lat' dir='ltr'><strong>dilectus</strong></span> 
     </span>
    </p>
   </div>
   <div class='ocr_carea' id='block_1_14' title="bbox 455 1446 2035 1532">
    <p class='ocr_par' dir='ltr' id='par_1_14' title="bbox 455 1446 2035 1532">
     <span class='ocr_line' id='line_1_14' title="bbox 455 1446 2035 1532; baseline -0.012 -15"><span class='ocrx_word' id='word_1_107' title='bbox 455 1465 572 1532; x_wconf 87' lang='lat' dir='ltr'><strong>ejus</strong></span> <span class='ocrx_word' id='word_1_108' title='bbox 603 1465 739 1517; x_wconf 91' lang='lat' dir='ltr'><strong>filius</strong></span> <span class='ocrx_word' id='word_1_109' title='bbox 766 1462 853 1524; x_wconf 90' lang='lat' dir='ltr'><strong>sit,</strong></span> <span class='ocrx_word' id='word_1_110' title='bbox 876 1463 1047 1529; x_wconf 81' lang='lat' dir='ltr'><strong>Cogita</strong></span> <span class='ocrx_word' id='word_1_111' title='bbox 1072 1469 1300 1528; x_wconf 86' lang='lat' dir='ltr'><strong>quantus</strong></span> <span class='ocrx_word' id='word_1_112' title='bbox 1327 1457 1394 1511; x_wconf 92' lang='lat' dir='ltr'><strong>sit</strong></span> <span class='ocrx_word' id='word_1_113' title='bbox 1422 1469 1572 1506; x_wconf 87' lang='lat' dir='ltr'><strong>amor</strong></span> <span class='ocrx_word' id='word_1_114' title='bbox 1595 1450 1736 1505; x_wconf 72' lang='lat' dir='ltr'><strong>l’anli</strong></span> <span class='ocrx_word' id='word_1_115' title='bbox 1770 1451 1820 1502; x_wconf 94' lang='lat' dir='ltr'><strong>in</strong></span> <span class='ocrx_word' id='word_1_116' title='bbox 1842 1446 2035 1499; x_wconf 77' lang='lat' dir='ltr'><strong>(Iorin-</strong></span> 
     </span>
    </p>
   </div>
   <div class='ocr_carea' id='block_1_15' title="bbox 456 1539 2028 1624">
    <p class='ocr_par' dir='ltr' id='par_1_15' title="bbox 456 1539 2028 1624">
     <span class='ocr_line' id='line_1_15' title="bbox 456 1539 2028 1624; baseline -0.011 -17"><span class='ocrx_word' id='word_1_117' title='bbox 456 1555 621 1619; x_wconf 80' lang='lat' dir='ltr'><strong>thios,</strong></span> <span class='ocrx_word' id='word_1_118' title='bbox 649 1569 872 1624; x_wconf 87' lang='lat' dir='ltr'><strong>quormn</strong></span> <span class='ocrx_word' id='word_1_119' title='bbox 901 1554 1064 1622; x_wconf 85' lang='lat' dir='ltr'><strong>gratia</strong></span> <span class='ocrx_word' id='word_1_120' title='bbox 1102 1551 1168 1602; x_wconf 82' lang='lat' dir='ltr'><strong>ab</strong></span> <span class='ocrx_word' id='word_1_121' title='bbox 1194 1549 1285 1602; x_wconf 92' lang='lat' dir='ltr'><strong>illo</strong></span> <span class='ocrx_word' id='word_1_122' title='bbox 1308 1547 1530 1602; x_wconf 87' lang='lat' dir='ltr'><strong>voluerit</strong></span> <span class='ocrx_word' id='word_1_123' title='bbox 1564 1541 1821 1612; x_wconf 86' lang='lat' dir='ltr'><strong>separari.</strong></span> <span class='ocrx_word' id='word_1_124' title='bbox 1851 1539 1904 1594; x_wconf 91' lang='lat' dir='ltr'><strong>Si</strong></span> <span class='ocrx_word' id='word_1_125' title='bbox 1929 1553 2028 1590; x_wconf 85' lang='lat' dir='ltr'><strong>au-</strong></span> 
     </span>
    </p>
   </div>
   <div class='ocr_carea' id='block_1_16' title="bbox 459 1631 2035 1710">
    <p class='ocr_par' dir='ltr' id='par_1_16' title="bbox 459 1631 2035 1710">
     <span class='ocr_line' id='line_1_16' title="bbox 459 1631 2035 1710; baseline -0.011 -11"><span class='ocrx_word' id='word_1_126' title='bbox 459 1655 566 1700; x_wconf 89' lang='lat' dir='ltr'><strong>tem</strong></span> <span class='ocrx_word' id='word_1_127' title='bbox 597 1644 768 1699; x_wconf 75' lang='lat' dir='ltr'><strong>fidelis</strong></span> <span class='ocrx_word' id='word_1_128' title='bbox 805 1644 909 1706; x_wconf 86' lang='lat' dir='ltr'><strong>sit,</strong></span> <span class='ocrx_word' id='word_1_129' title='bbox 942 1643 1206 1710; x_wconf 79' lang='lat' dir='ltr'><strong>inculpata</strong></span> <span class='ocrx_word' id='word_1_130' title='bbox 1243 1654 1330 1694; x_wconf 87' lang='lat' dir='ltr'><strong>res</strong></span> <span class='ocrx_word' id='word_1_131' title='bbox 1362 1635 1776 1692; x_wconf 81' lang='lat' dir='ltr'><strong>administrabit.</strong></span> <span class='ocrx_word' id='word_1_132' title='bbox 1815 1631 1914 1698; x_wconf 90' lang='lat' dir='ltr'><strong>Qui</strong></span> <span class='ocrx_word' id='word_1_133' title='bbox 1950 1646 2035 1683; x_wconf 86' lang='lat' dir='ltr'><strong>vos</strong></span> 
     </span>
    </p>
   </div>
   <div class='ocr_carea' id='block_1_17' title="bbox 455 1720 2039 1806">
    <p class='ocr_par' dir='ltr' id='par_1_17' title="bbox 455 1720 2039 1806">
     <span class='ocr_line' id='line_1_17' title="bbox 455 1720 2039 1806; baseline -0.009 -16"><span class='ocrx_word' id='word_1_134' title='bbox 455 1736 890 1806; x_wconf 76' lang='lat' dir='ltr'><strong>commonefaciet.</strong></span> <span class='ocrx_word' id='word_1_135' title='bbox 921 1733 1036 1788; x_wconf 83' lang='lat' dir='ltr'><strong>Non</strong></span> <span class='ocrx_word' id='word_1_136' title='bbox 1063 1733 1224 1797; x_wconf 86' lang='lat' dir='ltr'><strong>dicit,</strong></span> <span class='ocrx_word' id='word_1_137' title='bbox 1261 1729 1483 1802; x_wconf 83' lang='lat' dir='ltr'><strong>Docebit</strong></span> <span class='ocrx_word' id='word_1_138' title='bbox 1506 1768 1520 1786; x_wconf 88' lang='lat'><strong>.</strong></span> <span class='ocrx_word' id='word_1_139' title='bbox 1553 1741 1620 1780; x_wconf 90' lang='lat' dir='ltr'><strong>ne</strong></span> <span class='ocrx_word' id='word_1_140' title='bbox 1669 1725 1717 1778; x_wconf 89' lang='lat' dir='ltr'><strong>id</strong></span> <span class='ocrx_word' id='word_1_141' title='bbox 1759 1737 1901 1792; x_wconf 63' lang='lat' dir='ltr'><strong>aigre</strong></span> <span class='ocrx_word' id='word_1_142' title='bbox 1932 1720 2039 1776; x_wconf 86' lang='lat' dir='ltr'><strong>fer-</strong></span> 
     </span>
    </p>
   </div>
   <div class='ocr_carea' id='block_1_18' title="bbox 457 1813 2035 1896">
    <p class='ocr_par' dir='ltr' id='par_1_18' title="bbox 457 1813 2035 1896">
     <span class='ocr_line' id='line_1_18' title="bbox 457 1813 2035 1896; baseline -0.011 -13"><span class='ocrx_word' id='word_1_143' title='bbox 457 1838 577 1883; x_wconf 88' lang='lat' dir='ltr'><strong>rent</strong></span> <span class='ocrx_word' id='word_1_144' title='bbox 601 1869 615 1892; x_wconf 87' lang='lat'><strong>,</strong></span> <span class='ocrx_word' id='word_1_145' title='bbox 653 1838 708 1880; x_wconf 91' lang='lat' dir='ltr'><strong>ut</strong></span> <span class='ocrx_word' id='word_1_146' title='bbox 737 1825 825 1896; x_wconf 90' lang='lat' dir='ltr'><strong>qui</strong></span> <span class='ocrx_word' id='word_1_147' title='bbox 864 1825 932 1878; x_wconf 90' lang='lat' dir='ltr'><strong>ab</strong></span> <span class='ocrx_word' id='word_1_148' title='bbox 981 1825 1096 1893; x_wconf 90' lang='lat' dir='ltr'><strong>ipso</strong></span> <span class='ocrx_word' id='word_1_149' title='bbox 1118 1822 1409 1877; x_wconf 83' lang='lat' dir='ltr'><strong>discerent.</strong></span> <span class='ocrx_word' id='word_1_150' title='bbox 1451 1819 1680 1888; x_wconf 87' lang='lat' dir='ltr'><strong>Ideoque</strong></span> <span class='ocrx_word' id='word_1_151' title='bbox 1713 1817 1764 1869; x_wconf 92' lang='lat' dir='ltr'><strong>in</strong></span> <span class='ocrx_word' id='word_1_152' title='bbox 1794 1816 1896 1867; x_wconf 88' lang='lat' dir='ltr'><strong>fine</strong></span> <span class='ocrx_word' id='word_1_153' title='bbox 1917 1813 1990 1866; x_wconf 91' lang='lat' dir='ltr'><strong>ait</strong></span> <span class='ocrx_word' id='word_1_154' title='bbox 2021 1829 2035 1865; x_wconf 88' lang='lat'><strong>:</strong></span> 
     </span>
    </p>
   </div>
   <div class='ocr_carea' id='block_1_19' title="bbox 461 1904 2033 1989">
    <p class='ocr_par' dir='ltr' id='par_1_19' title="bbox 461 1904 2033 1989">
     <span class='ocr_line' id='line_1_19' title="bbox 461 1904 2033 1989; baseline -0.012 -14"><span class='ocrx_word' id='word_1_155' title='bbox 461 1921 602 1989; x_wconf 80' lang='lat' dir='ltr'><strong>Opus</strong></span> <span class='ocrx_word' id='word_1_156' title='bbox 632 1919 761 1973; x_wconf 84' lang='lat' dir='ltr'><strong>enim</strong></span> <span class='ocrx_word' id='word_1_157' title='bbox 794 1917 891 1971; x_wconf 79' lang='lat' dir='ltr'><strong>Dei</strong></span> <span class='ocrx_word' id='word_1_158' title='bbox 919 1925 1158 1987; x_wconf 75' lang='lat' dir='ltr'><strong>operatur</strong></span> <span class='ocrx_word' id='word_1_159' title='bbox 1187 1915 1315 1967; x_wconf 88' lang='lat' dir='ltr'><strong>sicut</strong></span> <span class='ocrx_word' id='word_1_160' title='bbox 1336 1923 1382 1966; x_wconf 89' lang='lat' dir='ltr'><strong>et</strong></span> <span class='ocrx_word' id='word_1_161' title='bbox 1409 1927 1498 1982; x_wconf 76' lang='lat' dir='ltr'><strong>ego</strong></span> <span class='ocrx_word' id='word_1_162' title='bbox 1527 1911 1601 1980; x_wconf 88' lang='grc' dir='ltr'><strong>(Ι.</strong></span> <span class='ocrx_word' id='word_1_163' title='bbox 1632 1908 1749 1962; x_wconf 79' lang='lat' dir='ltr'><strong>Cor.</strong></span> <span class='ocrx_word' id='word_1_164' title='bbox 1787 1906 1872 1960; x_wconf 78' lang='grc'><strong>16.</strong></span> <span class='ocrx_word' id='word_1_165' title='bbox 1903 1904 1990 1970; x_wconf 77' lang='grc'><strong>10)</strong></span> <span class='ocrx_word' id='word_1_166' title='bbox 2021 1920 2033 1955; x_wconf 96' lang='lat'>:</span> 
     </span>
    </p>
   </div>
   <div class='ocr_carea' id='block_1_20' title="bbox 457 1995 2039 2084">
    <p class='ocr_par' dir='ltr' id='par_1_20' title="bbox 457 1995 2039 2084">
     <span class='ocr_line' id='line_1_20' title="bbox 457 1995 2039 2084; baseline -0.014 -15"><span class='ocrx_word' id='word_1_167' title='bbox 457 2029 526 2069; x_wconf 85' lang='lat' dir='ltr'><strong>ne</strong></span> <span class='ocrx_word' id='word_1_168' title='bbox 550 2013 668 2084; x_wconf 81' lang='lat' dir='ltr'><strong>quis</strong></span> <span class='ocrx_word' id='word_1_169' title='bbox 698 2027 827 2082; x_wconf 85' lang='lat' dir='ltr'><strong>ergo</strong></span> <span class='ocrx_word' id='word_1_170' title='bbox 859 2010 1005 2064; x_wconf 92' lang='lat' dir='ltr'><strong>illum</strong></span> <span class='ocrx_word' id='word_1_171' title='bbox 1037 2008 1318 2077; x_wconf 80' lang='lat' dir='ltr'><strong>despiciat.</strong></span> <span class='ocrx_word' id='word_1_172' title='bbox 1351 2005 1500 2058; x_wconf 85' lang='lat' dir='ltr'><strong>Nulla</strong></span> <span class='ocrx_word' id='word_1_173' title='bbox 1529 2001 1670 2056; x_wconf 89' lang='lat' dir='ltr'><strong>enim</strong></span> <span class='ocrx_word' id='word_1_174' title='bbox 1698 2000 1750 2052; x_wconf 93' lang='lat' dir='ltr'><strong>in</strong></span> <span class='ocrx_word' id='word_1_175' title='bbox 1780 1995 2039 2066; x_wconf 88' lang='lat' dir='ltr'><strong>apostolis</strong></span> 
     </span>
    </p>
   </div>
   <div class='ocr_carea' id='block_1_21' title="bbox 456 2086 2039 2167">
    <p class='ocr_par' dir='ltr' id='par_1_21' title="bbox 456 2086 2039 2167">
     <span class='ocr_line' id='line_1_21' title="bbox 456 2086 2039 2167; baseline -0.012 -8"><span class='ocrx_word' id='word_1_176' title='bbox 456 2114 572 2159; x_wconf 81' lang='lat' dir='ltr'><strong>erat</strong></span> <span class='ocrx_word' id='word_1_177' title='bbox 600 2102 828 2166; x_wconf 74' lang='lat' dir='ltr'><strong>invidia,</strong></span> <span class='ocrx_word' id='word_1_178' title='bbox 863 2101 954 2153; x_wconf 85' lang='lat' dir='ltr'><strong>sed</strong></span> <span class='ocrx_word' id='word_1_179' title='bbox 979 2115 1142 2154; x_wconf 85' lang='lat' dir='ltr'><strong>unum</strong></span> <span class='ocrx_word' id='word_1_180' title='bbox 1181 2097 1528 2167; x_wconf 85' lang='lat' dir='ltr'><strong>spectabant,</strong></span> <span class='ocrx_word' id='word_1_181' title='bbox 1561 2107 1752 2158; x_wconf 87' lang='lat' dir='ltr'><strong>nempe</strong></span> <span class='ocrx_word' id='word_1_182' title='bbox 1785 2086 2039 2142; x_wconf 63' lang='lat' dir='ltr'><strong>Ecclesia!</strong></span> 
     </span>
    </p>
   </div>
   <div class='ocr_carea' id='block_1_22' title="bbox 459 2179 2036 2250">
    <p class='ocr_par' dir='ltr' id='par_1_22' title="bbox 459 2179 2036 2250">
     <span class='ocr_line' id='line_1_22' title="bbox 459 2179 2036 2250; baseline -0.012 -3"><span class='ocrx_word' id='word_1_183' title='bbox 459 2194 865 2248; x_wconf 83' lang='lat' dir='ltr'><strong>a-dificationem</strong></span> <span class='ocrx_word' id='word_1_184' title='bbox 902 2210 914 2243; x_wconf 89' lang='lat'><strong>:</strong></span> <span class='ocrx_word' id='word_1_185' title='bbox 944 2199 997 2243; x_wconf 92' lang='lat' dir='ltr'><strong>et</strong></span> <span class='ocrx_word' id='word_1_186' title='bbox 1037 2189 1081 2241; x_wconf 93' lang='lat' dir='ltr'><strong>si</strong></span> <span class='ocrx_word' id='word_1_187' title='bbox 1130 2189 1304 2241; x_wconf 79' lang='lat' dir='ltr'><strong>utimir</strong></span> <span class='ocrx_word' id='word_1_188' title='bbox 1328 2193 1444 2238; x_wconf 90' lang='lat' dir='ltr'><strong>erat</strong></span> <span class='ocrx_word' id='word_1_189' title='bbox 1484 2184 1528 2235; x_wconf 93' lang='lat' dir='ltr'><strong>is</strong></span> <span class='ocrx_word' id='word_1_190' title='bbox 1555 2182 1642 2250; x_wconf 85' lang='lat' dir='ltr'><strong>qui</strong></span> <span class='ocrx_word' id='word_1_191' title='bbox 1677 2179 1998 2248; x_wconf 85' lang='lat' dir='ltr'><strong>Operabatur</strong></span> <span class='ocrx_word' id='word_1_192' title='bbox 2021 2216 2036 2241; x_wconf 90' lang='lat'><strong>,</strong></span> 
     </span>
    </p>
   </div>
   <div class='ocr_carea' id='block_1_23' title="bbox 459 2270 2041 2342">
    <p class='ocr_par' dir='ltr' id='par_1_23' title="bbox 459 2270 2041 2342">
     <span class='ocr_line' id='line_1_23' title="bbox 459 2270 2041 2342; baseline -0.012 -3"><span class='ocrx_word' id='word_1_193' title='bbox 459 2301 578 2340; x_wconf 89' lang='lat' dir='ltr'><strong>cum</strong></span> <span class='ocrx_word' id='word_1_194' title='bbox 609 2282 754 2338; x_wconf 88' lang='lat' dir='ltr'><strong>omni</strong></span> <span class='ocrx_word' id='word_1_195' title='bbox 802 2282 977 2335; x_wconf 90' lang='lat' dir='ltr'><strong>studio</strong></span> <span class='ocrx_word' id='word_1_196' title='bbox 1009 2279 1258 2333; x_wconf 78' lang='lat' dir='ltr'><strong>fovebant</strong></span> <span class='ocrx_word' id='word_1_197' title='bbox 1307 2277 1452 2330; x_wconf 89' lang='lat' dir='ltr'><strong>illum</strong></span> <span class='ocrx_word' id='word_1_198' title='bbox 1501 2283 1554 2328; x_wconf 88' lang='lat' dir='ltr'><strong>et</strong></span> <span class='ocrx_word' id='word_1_199' title='bbox 1591 2275 1865 2342; x_wconf 88' lang='lat' dir='ltr'><strong>juvabaut.</strong></span> <span class='ocrx_word' id='word_1_200' title='bbox 1899 2270 2041 2337; x_wconf 84' lang='lat' dir='ltr'><strong>Qua-</strong></span> 
     </span>
    </p>
   </div>
   <div class='ocr_carea' id='block_1_24' title="bbox 463 2359 2040 2445">
    <p class='ocr_par' dir='ltr' id='par_1_24' title="bbox 463 2359 2040 2445">
     <span class='ocr_line' id='line_1_24' title="bbox 463 2359 2040 2445; baseline -0.01 -15"><span class='ocrx_word' id='word_1_201' title='bbox 463 2388 680 2445; x_wconf 86' lang='lat' dir='ltr'><strong>propter</strong></span> <span class='ocrx_word' id='word_1_202' title='bbox 707 2389 812 2428; x_wconf 90' lang='lat' dir='ltr'><strong>non</strong></span> <span class='ocrx_word' id='word_1_203' title='bbox 846 2373 974 2427; x_wconf 82' lang='lat' dir='ltr'><strong>Satis</strong></span> <span class='ocrx_word' id='word_1_204' title='bbox 1004 2371 1187 2423; x_wconf 90' lang='lat' dir='ltr'><strong>habuit</strong></span> <span class='ocrx_word' id='word_1_205' title='bbox 1211 2368 1391 2424; x_wconf 65' lang='lat' dir='ltr'><strong>dicere</strong></span> <span class='ocrx_word' id='word_1_206' title='bbox 1411 2409 1425 2431; x_wconf 93' lang='lat'><strong>,</strong></span> <span class='ocrx_word' id='word_1_207' title='bbox 1454 2363 1876 2433; x_wconf 72' lang='lat' dir='ltr'><strong>(Iommoncfaciet</strong></span> <span class='ocrx_word' id='word_1_208' title='bbox 1901 2379 1918 2424; x_wconf 86' lang='lat'><strong><em>;</em></strong></span> <span class='ocrx_word' id='word_1_209' title='bbox 1945 2359 2040 2414; x_wconf 90' lang='lat' dir='ltr'><strong>sed</strong></span> 
     </span>
    </p>
   </div>
   <div class='ocr_carea' id='block_1_25' title="bbox 465 2453 2033 2531">
    <p class='ocr_par' dir='ltr' id='par_1_25' title="bbox 465 2453 2033 2531">
     <span class='ocr_line' id='line_1_25' title="bbox 465 2453 2033 2531; baseline -0.01 -10"><span class='ocrx_word' id='word_1_210' title='bbox 465 2469 675 2521; x_wconf 89' lang='lat' dir='ltr'><strong>illorum</strong></span> <span class='ocrx_word' id='word_1_211' title='bbox 717 2465 968 2520; x_wconf 88' lang='lat' dir='ltr'><strong>invidiam</strong></span> <span class='ocrx_word' id='word_1_212' title='bbox 1019 2463 1188 2531; x_wconf 87' lang='lat' dir='ltr'><strong>magis</strong></span> <span class='ocrx_word' id='word_1_213' title='bbox 1244 2457 1558 2513; x_wconf 85' lang='lat' dir='ltr'><strong>abscindere</strong></span> <span class='ocrx_word' id='word_1_214' title='bbox 1607 2458 1794 2509; x_wconf 81' lang='lat' dir='ltr'><strong>volens</strong></span> <span class='ocrx_word' id='word_1_215' title='bbox 1846 2453 2033 2524; x_wconf 77' lang='lat' dir='ltr'><strong>(iuve-</strong></span> 
     </span>
    </p>
   </div>
   <div class='ocr_carea' id='block_1_26' title="bbox 467 2543 2043 2628">
    <p class='ocr_par' dir='ltr' id='par_1_26' title="bbox 467 2543 2043 2628">
     <span class='ocr_line' id='line_1_26' title="bbox 467 2543 2043 2628; baseline -0.009 -15"><span class='ocrx_word' id='word_1_216' title='bbox 467 2560 550 2614; x_wconf 89' lang='lat' dir='ltr'><strong>nis</strong></span> <span class='ocrx_word' id='word_1_217' title='bbox 583 2571 810 2628; x_wconf 89' lang='lat' dir='ltr'><strong>namqne</strong></span> <span class='ocrx_word' id='word_1_218' title='bbox 851 2566 966 2610; x_wconf 87' lang='lat' dir='ltr'><strong>erat</strong></span> <span class='ocrx_word' id='word_1_219' title='bbox 1009 2550 1388 2622; x_wconf 86' lang='lat' dir='ltr'><strong>Timotheus):</strong></span> <span class='ocrx_word' id='word_1_220' title='bbox 1417 2549 1535 2603; x_wconf 91' lang='lat' dir='ltr'><strong>ideo</strong></span> <span class='ocrx_word' id='word_1_221' title='bbox 1576 2545 1846 2615; x_wconf 81' lang='lat' dir='ltr'><strong>subjuuxit</strong></span> <span class='ocrx_word' id='word_1_222' title='bbox 1870 2587 1884 2610; x_wconf 93' lang='lat'><strong>,</strong></span> <span class='ocrx_word' id='word_1_223' title='bbox 1923 2543 2043 2599; x_wconf 76' lang='lat' dir='ltr'><strong>Vitta</strong></span> 
     </span>
    </p>
   </div>
   <div class='ocr_carea' id='block_1_27' title="bbox 467 2638 2036 2710">
    <p class='ocr_par' dir='ltr' id='par_1_27' title="bbox 467 2638 2036 2710">
     <span class='ocr_line' id='line_1_27' title="bbox 467 2638 2036 2710; baseline -0.01 -6"><span class='ocrx_word' id='word_1_224' title='bbox 467 2668 624 2706; x_wconf 78' lang='lat' dir='ltr'><strong>meus.</strong></span> <span class='ocrx_word' id='word_1_225' title='bbox 681 2649 796 2705; x_wconf 84' lang='lat' dir='ltr'><strong>Non</strong></span> <span class='ocrx_word' id='word_1_226' title='bbox 851 2645 1154 2710; x_wconf 81' lang='lat' dir='ltr'><strong>suas,scd.</strong></span> <span class='ocrx_word' id='word_1_227' title='bbox 1207 2644 1383 2709; x_wconf 81' lang='lat' dir='ltr'><strong>Meas;</strong></span> <span class='ocrx_word' id='word_1_228' title='bbox 1424 2641 1476 2698; x_wconf 89' lang='lat' dir='ltr'><strong>id</strong></span> <span class='ocrx_word' id='word_1_229' title='bbox 1530 2651 1634 2704; x_wconf 89' lang='lat' dir='ltr'><strong>est,</strong></span> <span class='ocrx_word' id='word_1_230' title='bbox 1678 2638 2036 2701; x_wconf 69' lang='lat' dir='ltr'><strong>(nconomias,</strong></span> 
     </span>
    </p>
   </div>
   <div class='ocr_carea' id='block_1_28' title="bbox 467 2732 2044 2816">
    <p class='ocr_par' dir='ltr' id='par_1_28' title="bbox 467 2732 2044 2816">
     <span class='ocr_line' id='line_1_28' title="bbox 467 2732 2044 2816; baseline -0.01 -16"><span class='ocrx_word' id='word_1_231' title='bbox 467 2742 727 2816; x_wconf 89' lang='lat' dir='ltr'><strong>pericula,</strong></span> <span class='ocrx_word' id='word_1_232' title='bbox 775 2756 974 2807; x_wconf 89' lang='lat' dir='ltr'><strong>mores,</strong></span> <span class='ocrx_word' id='word_1_233' title='bbox 1033 2741 1196 2810; x_wconf 76' lang='lat' dir='ltr'><strong>leges,</strong></span> <span class='ocrx_word' id='word_1_234' title='bbox 1243 2746 1460 2802; x_wconf 84' lang='lat' dir='ltr'><strong>statuta,</strong></span> <span class='ocrx_word' id='word_1_235' title='bbox 1511 2749 1746 2791; x_wconf 92' lang='lat' dir='ltr'><strong>canones</strong></span> <span class='ocrx_word' id='word_1_236' title='bbox 1789 2732 2044 2803; x_wconf 83' lang='lat' dir='ltr'><strong>apostoli-</strong></span> 
     </span>
    </p>
   </div>
   <div class='ocr_carea' id='block_1_29' title="bbox 465 2824 2044 2895">
    <p class='ocr_par' dir='ltr' id='par_1_29' title="bbox 465 2824 2044 2895">
     <span class='ocr_line' id='line_1_29' title="bbox 465 2824 2044 2895; baseline -0.009 -6"><span class='ocrx_word' id='word_1_237' title='bbox 465 2851 557 2890; x_wconf 87' lang='lat' dir='ltr'><strong>cos</strong></span> <span class='ocrx_word' id='word_1_238' title='bbox 608 2843 664 2890; x_wconf 91' lang='lat' dir='ltr'><strong>et</strong></span> <span class='ocrx_word' id='word_1_239' title='bbox 711 2833 812 2886; x_wconf 87' lang='lat' dir='ltr'><strong>alia</strong></span> <span class='ocrx_word' id='word_1_240' title='bbox 859 2835 1058 2885; x_wconf 87' lang='lat' dir='ltr'><strong>omnia.</strong></span> <span class='ocrx_word' id='word_1_241' title='bbox 1090 2830 1220 2895; x_wconf 85' lang='lat' dir='ltr'><strong>Quia</strong></span> <span class='ocrx_word' id='word_1_242' title='bbox 1253 2828 1393 2881; x_wconf 89' lang='lat' dir='ltr'><strong>enim</strong></span> <span class='ocrx_word' id='word_1_243' title='bbox 1445 2826 1614 2892; x_wconf 90' lang='lat' dir='ltr'><strong>dixit,</strong></span> <span class='ocrx_word' id='word_1_244' title='bbox 1675 2824 1820 2878; x_wconf 85' lang='lat' dir='ltr'><strong>Nudi</strong></span> <span class='ocrx_word' id='word_1_245' title='bbox 1873 2839 2044 2877; x_wconf 87' lang='lat' dir='ltr'><strong>sumus</strong></span> 
     </span>
    </p>
   </div>
   <div class='ocr_carea' id='block_1_30' title="bbox 471 2917 2043 2995">
    <p class='ocr_par' dir='ltr' id='par_1_30' title="bbox 471 2917 2043 2995">
     <span class='ocr_line' id='line_1_30' title="bbox 471 2917 2043 2995; baseline -0.007 -17"><span class='ocrx_word' id='word_1_246' title='bbox 471 2935 516 2978; x_wconf 70' lang='lat' dir='ltr'><strong>et</strong></span> <span class='ocrx_word' id='word_1_247' title='bbox 555 2925 784 2995; x_wconf 80' lang='lat' dir='ltr'><strong>colaphis</strong></span> <span class='ocrx_word' id='word_1_248' title='bbox 836 2924 1074 2976; x_wconf 77' lang='lat' dir='ltr'><strong>ca&#39;dt&#39;mur</strong></span> <span class='ocrx_word' id='word_1_249' title='bbox 1127 2933 1171 2975; x_wconf 90' lang='lat' dir='ltr'><strong>et</strong></span> <span class='ocrx_word' id='word_1_250' title='bbox 1231 2922 1489 2974; x_wconf 73' lang='lat' dir='ltr'><strong>instabiles</strong></span> <span class='ocrx_word' id='word_1_251' title='bbox 1534 2935 1706 2973; x_wconf 84' lang='lat' dir='ltr'><strong>sumus</strong></span> <span class='ocrx_word' id='word_1_252' title='bbox 1737 2933 1754 2970; x_wconf 84' lang='lat'><strong>.&#39;</strong></span> <span class='ocrx_word' id='word_1_253' title='bbox 1785 2927 1838 2972; x_wconf 86' lang='lat' dir='ltr'><strong>ct</strong></span> <span class='ocrx_word' id='word_1_254' title='bbox 1884 2917 1996 2969; x_wconf 76' lang='lat' dir='ltr'><strong>haec</strong></span> <span class='ocrx_word' id='word_1_255' title='bbox 2026 2955 2043 2980; x_wconf 89' lang='lat'><strong>,</strong></span> 
     </span>
    </p>
   </div>
   <div class='ocr_carea' id='block_1_31' title="bbox 469 3008 2042 3086">
    <p class='ocr_par' dir='ltr' id='par_1_31' title="bbox 469 3008 2042 3086">
     <span class='ocr_line' id='line_1_31' title="bbox 469 3008 2042 3086; baseline -0.007 -15"><span class='ocrx_word' id='word_1_256' title='bbox 469 3017 670 3086; x_wconf 89' lang='lat' dir='ltr'><strong>inquit.</strong></span> <span class='ocrx_word' id='word_1_257' title='bbox 707 3017 882 3070; x_wconf 88' lang='lat' dir='ltr'><strong>omnia</strong></span> <span class='ocrx_word' id='word_1_258' title='bbox 917 3031 1010 3068; x_wconf 82' lang='lat' dir='ltr'><strong>vos</strong></span> <span class='ocrx_word' id='word_1_259' title='bbox 1037 3012 1478 3068; x_wconf 88' lang='lat' dir='ltr'><strong>commonefaeiet</strong></span> <span class='ocrx_word' id='word_1_260' title='bbox 1529 3021 1583 3066; x_wconf 85' lang='lat' dir='ltr'><strong>et</strong></span> <span class='ocrx_word' id='word_1_261' title='bbox 1629 3011 1773 3080; x_wconf 79' lang='lat' dir='ltr'><strong>leges</strong></span> <span class='ocrx_word' id='word_1_262' title='bbox 1823 3008 2042 3075; x_wconf 88' lang='lat' dir='ltr'><strong>Christi,</strong></span> 
     </span>
    </p>
   </div>
   <div class='ocr_carea' id='block_1_32' title="bbox 471 3099 2046 3172">
    <p class='ocr_par' dir='ltr' id='par_1_32' title="bbox 471 3099 2046 3172">
     <span class='ocr_line' id='line_1_32' title="bbox 471 3099 2046 3172; baseline -0.007 -10"><span class='ocrx_word' id='word_1_263' title='bbox 471 3117 528 3162; x_wconf 85' lang='lat' dir='ltr'><strong>ut</strong></span> <span class='ocrx_word' id='word_1_264' title='bbox 549 3107 989 3161; x_wconf 79' lang='lat' dir='ltr'><strong>hau&#39;cscsdeleat.</strong></span> <span class='ocrx_word' id='word_1_265' title='bbox 1026 3104 1224 3158; x_wconf 77' lang='lat' dir='ltr'><strong>Deinde</strong></span> <span class='ocrx_word' id='word_1_266' title='bbox 1249 3105 1518 3172; x_wconf 63' lang='lat' dir='ltr'><strong>superiora</strong></span> <span class='ocrx_word' id='word_1_267' title='bbox 1550 3111 1800 3171; x_wconf 86' lang='lat' dir='ltr'><strong>repetens</strong></span> <span class='ocrx_word' id='word_1_268' title='bbox 1822 3099 2046 3168; x_wconf 85' lang='lat' dir='ltr'><strong>subjun-</strong></span> 
     </span>
    </p>
   </div>
   <div class='ocr_carea' id='block_1_33' title="bbox 471 3192 2051 3269">
    <p class='ocr_par' dir='ltr' id='par_1_33' title="bbox 471 3192 2051 3269">
     <span class='ocr_line' id='line_1_33' title="bbox 471 3192 2051 3269; baseline -0.006 -18"><span class='ocrx_word' id='word_1_269' title='bbox 471 3199 588 3269; x_wconf 85' lang='lat' dir='ltr'><strong>git,</strong></span> <span class='ocrx_word' id='word_1_270' title='bbox 648 3197 774 3261; x_wconf 80' lang='lat' dir='ltr'><strong>Qua.-</strong></span> <span class='ocrx_word' id='word_1_271' title='bbox 823 3206 936 3250; x_wconf 86' lang='lat' dir='ltr'><strong>sunt</strong></span> <span class='ocrx_word' id='word_1_272' title='bbox 989 3196 1041 3248; x_wconf 84' lang='lat' dir='ltr'><strong>in</strong></span> <span class='ocrx_word' id='word_1_273' title='bbox 1089 3194 1286 3250; x_wconf 80' lang='lat' dir='ltr'><strong>Christo</strong></span> <span class='ocrx_word' id='word_1_274' title='bbox 1343 3214 1360 3249; x_wconf 89' lang='lat'><strong><em>:</em></strong></span> <span class='ocrx_word' id='word_1_275' title='bbox 1413 3194 1590 3247; x_wconf 85' lang='lat' dir='ltr'><strong>omnia</strong></span> <span class='ocrx_word' id='word_1_276' title='bbox 1644 3193 1715 3246; x_wconf 91' lang='lat' dir='ltr'><strong>uti</strong></span> <span class='ocrx_word' id='word_1_277' title='bbox 1757 3192 1892 3245; x_wconf 69' lang='lat' dir='ltr'><strong>solet</strong></span> <span class='ocrx_word' id='word_1_278' title='bbox 1949 3192 2051 3243; x_wconf 76' lang='lat' dir='ltr'><strong>Do-</strong></span> 
     </span>
    </p>
   </div>
   <div class='ocr_carea' id='block_1_34' title="bbox 475 3287 2049 3359">
    <p class='ocr_par' dir='ltr' id='par_1_34' title="bbox 475 3287 2049 3359">
     <span class='ocr_line' id='line_1_34' title="bbox 475 3287 2049 3359; baseline -0.007 -12"><span class='ocrx_word' id='word_1_279' title='bbox 475 3295 620 3348; x_wconf 90' lang='lat' dir='ltr'><strong>mino</strong></span> <span class='ocrx_word' id='word_1_280' title='bbox 651 3292 908 3356; x_wconf 89' lang='lat' dir='ltr'><strong>referens,</strong></span> <span class='ocrx_word' id='word_1_281' title='bbox 933 3301 986 3344; x_wconf 91' lang='lat' dir='ltr'><strong>et</strong></span> <span class='ocrx_word' id='word_1_282' title='bbox 1018 3291 1119 3344; x_wconf 90' lang='lat' dir='ltr'><strong>fide</strong></span> <span class='ocrx_word' id='word_1_283' title='bbox 1140 3290 1295 3359; x_wconf 82' lang='lat' dir='ltr'><strong>digna</strong></span> <span class='ocrx_word' id='word_1_284' title='bbox 1326 3289 1598 3358; x_wconf 87' lang='lat' dir='ltr'><strong>sequentia</strong></span> <span class='ocrx_word' id='word_1_285' title='bbox 1625 3287 1852 3341; x_wconf 90' lang='lat' dir='ltr'><strong>reddens</strong></span> <span class='ocrx_word' id='word_1_286' title='bbox 1881 3303 1892 3338; x_wconf 93' lang='lat'>:</span> <span class='ocrx_word' id='word_1_287' title='bbox 1919 3301 2049 3355; x_wconf 88' lang='lat' dir='ltr'><strong>qua-</strong></span> 
     </span>
    </p>
   </div>
   <div class='ocr_carea' id='block_1_35' title="bbox 478 3379 2046 3454">
    <p class='ocr_par' dir='ltr' id='par_1_35' title="bbox 478 3379 2046 3454">
     <span class='ocr_line' id='line_1_35' title="bbox 478 3379 2046 3454; baseline -0.006 -14"><span class='ocrx_word' id='word_1_288' title='bbox 478 3403 538 3442; x_wconf 91' lang='lat' dir='ltr'><strong>re</strong></span> <span class='ocrx_word' id='word_1_289' title='bbox 590 3386 767 3441; x_wconf 92' lang='lat' dir='ltr'><strong>subdit</strong></span> <span class='ocrx_word' id='word_1_290' title='bbox 812 3403 824 3439; x_wconf 94' lang='lat'>:</span> <span class='ocrx_word' id='word_1_291' title='bbox 882 3384 1026 3440; x_wconf 84' lang='lat' dir='ltr'><strong>Sicut</strong></span> <span class='ocrx_word' id='word_1_292' title='bbox 1078 3383 1259 3454; x_wconf 73' lang='lat' dir='ltr'><strong>ultique</strong></span> <span class='ocrx_word' id='word_1_293' title='bbox 1308 3383 1359 3435; x_wconf 87' lang='lat' dir='ltr'><strong>in</strong></span> <span class='ocrx_word' id='word_1_294' title='bbox 1415 3382 1550 3435; x_wconf 87' lang='lat' dir='ltr'><strong>ontui</strong></span> <span class='ocrx_word' id='word_1_295' title='bbox 1602 3379 1831 3434; x_wconf 61' lang='lat' dir='ltr'><strong>Ecclesia</strong></span> <span class='ocrx_word' id='word_1_296' title='bbox 1876 3379 2046 3430; x_wconf 68' lang='lat' dir='ltr'><strong>doc-eo.</strong></span> 
     </span>
    </p>
   </div>
   <div class='ocr_carea' id='block_1_36' title="bbox 474 3468 2050 3546">
    <p class='ocr_par' dir='ltr' id='par_1_36' title="bbox 474 3468 2050 3546">
     <span class='ocr_line' id='line_1_36' title="bbox 474 3468 2050 3546; baseline -0.008 -14"><span class='ocrx_word' id='word_1_297' title='bbox 474 3477 616 3532; x_wconf 59' lang='lat' dir='ltr'><strong>Nihil</strong></span> <span class='ocrx_word' id='word_1_298' title='bbox 646 3476 782 3546; x_wconf 89' lang='lat' dir='ltr'><strong>apud</strong></span> <span class='ocrx_word' id='word_1_299' title='bbox 813 3491 905 3529; x_wconf 86' lang='lat' dir='ltr'><strong>vos</strong></span> <span class='ocrx_word' id='word_1_300' title='bbox 938 3473 1057 3527; x_wconf 78' lang='lat' dir='ltr'><strong>novi</strong></span> <span class='ocrx_word' id='word_1_301' title='bbox 1088 3472 1194 3527; x_wconf 88' lang='lat' dir='ltr'><strong>dixi</strong></span> <span class='ocrx_word' id='word_1_302' title='bbox 1229 3494 1240 3527; x_wconf 86' lang='lat'><strong>:</strong></span> <span class='ocrx_word' id='word_1_303' title='bbox 1276 3472 1463 3526; x_wconf 90' lang='lat' dir='ltr'><strong>horum</strong></span> <span class='ocrx_word' id='word_1_304' title='bbox 1509 3471 1636 3524; x_wconf 90' lang='lat' dir='ltr'><strong>mihi</strong></span> <span class='ocrx_word' id='word_1_305' title='bbox 1673 3468 1901 3524; x_wconf 85' lang='lat' dir='ltr'><strong>consci:e</strong></span> <span class='ocrx_word' id='word_1_306' title='bbox 1929 3475 2050 3521; x_wconf 90' lang='lat' dir='ltr'><strong>sunt</strong></span> 
     </span>
    </p>
   </div>
   <div class='ocr_carea' id='block_1_37' title="bbox 476 3561 2052 3639">
    <p class='ocr_par' dir='ltr' id='par_1_37' title="bbox 476 3561 2052 3639">
     <span class='ocr_line' id='line_1_37' title="bbox 476 3561 2052 3639; baseline -0.008 -14"><span class='ocrx_word' id='word_1_307' title='bbox 476 3571 692 3639; x_wconf 80' lang='lat' dir='ltr'><strong>reliqua:</strong></span> <span class='ocrx_word' id='word_1_308' title='bbox 721 3584 908 3623; x_wconf 89' lang='lat' dir='ltr'><strong>omnes</strong></span> <span class='ocrx_word' id='word_1_309' title='bbox 942 3566 1214 3621; x_wconf 68' lang='lat' dir='ltr'><strong>Ecclesim.</strong></span> <span class='ocrx_word' id='word_1_310' title='bbox 1251 3565 1373 3618; x_wconf 68' lang='lat' dir='ltr'><strong>\‘ias</strong></span> <span class='ocrx_word' id='word_1_311' title='bbox 1399 3573 1574 3618; x_wconf 88' lang='lat' dir='ltr'><strong>autem</strong></span> <span class='ocrx_word' id='word_1_312' title='bbox 1608 3564 1722 3617; x_wconf 89' lang='lat' dir='ltr'><strong>illas</strong></span> <span class='ocrx_word' id='word_1_313' title='bbox 1754 3563 1805 3617; x_wconf 94' lang='lat' dir='ltr'><strong>in</strong></span> <span class='ocrx_word' id='word_1_314' title='bbox 1837 3561 2052 3614; x_wconf 78' lang='lat' dir='ltr'><strong>Christo</strong></span> 
     </span>
    </p>
   </div>
   <div class='ocr_carea' id='block_1_38' title="bbox 473 3654 2050 3727">
    <p class='ocr_par' dir='ltr' id='par_1_38' title="bbox 473 3654 2050 3727">
     <span class='ocr_line' id='line_1_38' title="bbox 473 3654 2050 3727; baseline -0.008 -12"><span class='ocrx_word' id='word_1_315' title='bbox 473 3661 624 3727; x_wconf 73' lang='lat' dir='ltr'><strong>dit-it,</strong></span> <span class='ocrx_word' id='word_1_316' title='bbox 656 3659 944 3714; x_wconf 79' lang='lat' dir='ltr'><strong>ostendens</strong></span> <span class='ocrx_word' id='word_1_317' title='bbox 971 3658 1086 3712; x_wconf 88' lang='lat' dir='ltr'><strong>illas</strong></span> <span class='ocrx_word' id='word_1_318' title='bbox 1119 3656 1248 3710; x_wconf 91' lang='lat' dir='ltr'><strong>nihil</strong></span> <span class='ocrx_word' id='word_1_319' title='bbox 1279 3655 1568 3709; x_wconf 89' lang='lat' dir='ltr'><strong>humanum</strong></span> <span class='ocrx_word' id='word_1_320' title='bbox 1598 3654 1818 3719; x_wconf 83' lang='lat' dir='ltr'><strong>habere,</strong></span> <span class='ocrx_word' id='word_1_321' title='bbox 1849 3663 1904 3707; x_wconf 90' lang='lat' dir='ltr'><strong>et</strong></span> <span class='ocrx_word' id='word_1_322' title='bbox 1931 3667 2050 3704; x_wconf 83' lang='lat' dir='ltr'><strong>cum</strong></span> 
     </span>
    </p>
   </div>
   <div class='ocr_carea' id='block_1_39' title="bbox 478 3747 2051 3824">
    <p class='ocr_par' dir='ltr' id='par_1_39' title="bbox 478 3747 2051 3824">
     <span class='ocr_line' id='line_1_39' title="bbox 478 3747 2051 3824; baseline -0.008 -16"><span class='ocrx_word' id='word_1_323' title='bbox 478 3755 596 3824; x_wconf 83' lang='lat' dir='ltr'><strong>ejus</strong></span> <span class='ocrx_word' id='word_1_324' title='bbox 621 3753 818 3806; x_wconf 83' lang='lat' dir='ltr'><strong>auxilio</strong></span> <span class='ocrx_word' id='word_1_325' title='bbox 845 3765 903 3804; x_wconf 91' lang='lat' dir='ltr'><strong>se</strong></span> <span class='ocrx_word' id='word_1_326' title='bbox 944 3759 1091 3803; x_wconf 79' lang='lat' dir='ltr'><strong>recte</strong></span> <span class='ocrx_word' id='word_1_327' title='bbox 1129 3749 1306 3802; x_wconf 87' lang='lat' dir='ltr'><strong>omnia</strong></span> <span class='ocrx_word' id='word_1_328' title='bbox 1335 3763 1539 3816; x_wconf 86' lang='lat' dir='ltr'><strong>gerere.</strong></span> <span class='ocrx_word' id='word_1_329' title='bbox 1565 3747 1848 3814; x_wconf 84' lang='lat' dir='ltr'><strong>Postquam</strong></span> <span class='ocrx_word' id='word_1_330' title='bbox 1877 3755 2051 3798; x_wconf 87' lang='lat' dir='ltr'><strong>autem</strong></span> 
     </span>
    </p>
   </div>
   <div class='ocr_carea' id='block_1_40' title="bbox 481 3837 2053 3911">
    <p class='ocr_par' dir='ltr' id='par_1_40' title="bbox 481 3837 2053 3911">
     <span class='ocr_line' id='line_1_40' title="bbox 481 3837 2053 3911; baseline -0.008 -10"><span class='ocrx_word' id='word_1_331' title='bbox 481 3850 596 3901; x_wconf 62' lang='lat' dir='ltr'><strong>haec</strong></span> <span class='ocrx_word' id='word_1_332' title='bbox 621 3846 754 3899; x_wconf 88' lang='lat' dir='ltr'><strong>dixit</strong></span> <span class='ocrx_word' id='word_1_333' title='bbox 779 3854 833 3898; x_wconf 91' lang='lat' dir='ltr'><strong>ct</strong></span> <span class='ocrx_word' id='word_1_334' title='bbox 863 3845 980 3896; x_wconf 80' lang='lat' dir='ltr'><strong>illos</strong></span> <span class='ocrx_word' id='word_1_335' title='bbox 1011 3842 1252 3905; x_wconf 84' lang='lat' dir='ltr'><strong>Curavit;</strong></span> <span class='ocrx_word' id='word_1_336' title='bbox 1285 3853 1633 3911; x_wconf 79' lang='lat' dir='ltr'><strong>aggressurus</strong></span> <span class='ocrx_word' id='word_1_337' title='bbox 1661 3837 2053 3892; x_wconf 87' lang='lat' dir='ltr'><strong>accusationem</strong></span> 
     </span>
    </p>
   </div>
   <div class='ocr_carea' id='block_1_41' title="bbox 484 3929 2053 4001">
    <p class='ocr_par' dir='ltr' id='par_1_41' title="bbox 484 3929 2053 4001">
     <span class='ocr_line' id='line_1_41' title="bbox 484 3929 2053 4001; baseline -0.007 -9"><span class='ocrx_word' id='word_1_338' title='bbox 484 3938 844 3999; x_wconf 79' lang='lat' dir='ltr'><strong>fornicatoris,</strong></span> <span class='ocrx_word' id='word_1_339' title='bbox 876 3949 1061 3988; x_wconf 85' lang='lat' dir='ltr'><strong>rursus</strong></span> <span class='ocrx_word' id='word_1_340' title='bbox 1091 3934 1166 3985; x_wconf 90' lang='lat' dir='ltr'><strong>ira</strong></span> <span class='ocrx_word' id='word_1_341' title='bbox 1196 3933 1380 4001; x_wconf 84' lang='lat' dir='ltr'><strong>plenos</strong></span> <span class='ocrx_word' id='word_1_342' title='bbox 1406 3944 1680 3986; x_wconf 84' lang='lat' dir='ltr'><strong>sermones</strong></span> <span class='ocrx_word' id='word_1_343' title='bbox 1706 3929 1918 3993; x_wconf 89' lang='lat' dir='ltr'><strong>emittit,</strong></span> <span class='ocrx_word' id='word_1_344' title='bbox 1950 3943 2053 3982; x_wconf 90' lang='lat' dir='ltr'><strong>non</strong></span> 
     </span>
    </p>
   </div>
   <div class='ocr_carea' id='block_1_42' title="bbox 483 4019 2058 4093">
    <p class='ocr_par' dir='ltr' id='par_1_42' title="bbox 483 4019 2058 4093">
     <span class='ocr_line' id='line_1_42' title="bbox 483 4019 2058 4093; baseline -0.007 -10"><span class='ocrx_word' id='word_1_345' title='bbox 483 4028 624 4093; x_wconf 76' lang='lat' dir='ltr'><strong>quod</strong></span> <span class='ocrx_word' id='word_1_346' title='bbox 651 4027 738 4082; x_wconf 90' lang='lat' dir='ltr'><strong>ille</strong></span> <span class='ocrx_word' id='word_1_347' title='bbox 761 4027 836 4079; x_wconf 76' lang='lat' dir='ltr'><strong>ita</strong></span> <span class='ocrx_word' id='word_1_348' title='bbox 883 4024 1103 4079; x_wconf 73' lang='lat' dir='ltr'><strong>allectus</strong></span> <span class='ocrx_word' id='word_1_349' title='bbox 1142 4032 1304 4083; x_wconf 88' lang='lat' dir='ltr'><strong>esset,</strong></span> <span class='ocrx_word' id='word_1_350' title='bbox 1337 4022 1430 4076; x_wconf 90' lang='lat' dir='ltr'><strong>sed</strong></span> <span class='ocrx_word' id='word_1_351' title='bbox 1459 4030 1517 4075; x_wconf 89' lang='lat' dir='ltr'><strong>ut</strong></span> <span class='ocrx_word' id='word_1_352' title='bbox 1557 4021 1676 4074; x_wconf 90' lang='lat' dir='ltr'><strong>illos</strong></span> <span class='ocrx_word' id='word_1_353' title='bbox 1710 4019 1973 4089; x_wconf 80' lang='lat' dir='ltr'><strong>corrigat;</strong></span> <span class='ocrx_word' id='word_1_354' title='bbox 2003 4028 2058 4072; x_wconf 87' lang='lat' dir='ltr'><strong>et</strong></span> 
     </span>
    </p>
   </div>
   <div class='ocr_carea' id='block_1_43' title="bbox 485 4112 2056 4182">
    <p class='ocr_par' dir='ltr' id='par_1_43' title="bbox 485 4112 2056 4182">
     <span class='ocr_line' id='line_1_43' title="bbox 485 4112 2056 4182; baseline -0.007 -7"><span class='ocrx_word' id='word_1_355' title='bbox 485 4122 806 4175; x_wconf 84' lang='lat' dir='ltr'><strong>fornicatore</strong></span> <span class='ocrx_word' id='word_1_356' title='bbox 836 4117 1077 4180; x_wconf 86' lang='lat' dir='ltr'><strong>dimisso,</strong></span> <span class='ocrx_word' id='word_1_357' title='bbox 1107 4115 1240 4168; x_wconf 88' lang='lat' dir='ltr'><strong>alios</strong></span> <span class='ocrx_word' id='word_1_358' title='bbox 1268 4113 1573 4182; x_wconf 68' lang='lat' dir='ltr'><strong>allotjuitur,</strong></span> <span class='ocrx_word' id='word_1_359' title='bbox 1610 4128 1675 4166; x_wconf 88' lang='lat' dir='ltr'><strong>ne</strong></span> <span class='ocrx_word' id='word_1_360' title='bbox 1703 4113 1813 4166; x_wconf 92' lang='lat' dir='ltr'><strong>suis</strong></span> <span class='ocrx_word' id='word_1_361' title='bbox 1843 4112 2056 4182; x_wconf 85' lang='lat' dir='ltr'><strong>quidem</strong></span> 
     </span>
    </p>
   </div>
   <div class='ocr_carea' id='block_1_44' title="bbox 483 4204 2056 4280">
    <p class='ocr_par' dir='ltr' id='par_1_44' title="bbox 483 4204 2056 4280">
     <span class='ocr_line' id='line_1_44' title="bbox 483 4204 2056 4280; baseline -0.006 -15"><span class='ocrx_word' id='word_1_362' title='bbox 483 4212 658 4266; x_wconf 79' lang='lat' dir='ltr'><strong>verbis</strong></span> <span class='ocrx_word' id='word_1_363' title='bbox 685 4211 900 4280; x_wconf 82' lang='lat' dir='ltr'><strong>dignum</strong></span> <span class='ocrx_word' id='word_1_364' title='bbox 934 4207 1078 4262; x_wconf 90' lang='lat' dir='ltr'><strong>illutn</strong></span> <span class='ocrx_word' id='word_1_365' title='bbox 1115 4205 1359 4276; x_wconf 84' lang='lat' dir='ltr'><strong>judicans</strong></span> <span class='ocrx_word' id='word_1_366' title='bbox 1388 4222 1400 4257; x_wconf 91' lang='lat'>:</span> <span class='ocrx_word' id='word_1_367' title='bbox 1431 4205 1572 4274; x_wconf 81' lang='lat' dir='ltr'><strong>quod</strong></span> <span class='ocrx_word' id='word_1_368' title='bbox 1604 4220 1725 4274; x_wconf 83' lang='lat' dir='ltr'><strong>erga</strong></span> <span class='ocrx_word' id='word_1_369' title='bbox 1757 4218 1940 4258; x_wconf 87' lang='lat' dir='ltr'><strong>servos</strong></span> <span class='ocrx_word' id='word_1_370' title='bbox 1969 4204 2056 4272; x_wconf 93' lang='lat' dir='ltr'><strong>qui</strong></span> 
     </span>
    </p>
   </div>
   <div class='ocr_carea' id='block_1_45' title="bbox 483 4293 2055 4365">
    <p class='ocr_par' dir='ltr' id='par_1_45' title="bbox 483 4293 2055 4365">
     <span class='ocr_line' id='line_1_45' title="bbox 483 4293 2055 4365; baseline -0.008 -7"><span class='ocrx_word' id='word_1_371' title='bbox 483 4303 766 4358; x_wconf 88' lang='lat' dir='ltr'><strong>admodum</strong></span> <span class='ocrx_word' id='word_1_372' title='bbox 798 4299 1133 4356; x_wconf 64' lang='lat' dir='ltr'><strong>otlendcrtnzt</strong></span> <span class='ocrx_word' id='word_1_373' title='bbox 1174 4297 1347 4351; x_wconf 85' lang='lat' dir='ltr'><strong>facere</strong></span> <span class='ocrx_word' id='word_1_374' title='bbox 1376 4297 1628 4352; x_wconf 90' lang='lat' dir='ltr'><strong>solemus.</strong></span> <span class='ocrx_word' id='word_1_375' title='bbox 1663 4295 1728 4349; x_wconf 87' lang='lat' dir='ltr'><strong>Et</strong></span> <span class='ocrx_word' id='word_1_376' title='bbox 1756 4295 1874 4365; x_wconf 90' lang='lat' dir='ltr'><strong>quia</strong></span> <span class='ocrx_word' id='word_1_377' title='bbox 1904 4293 2055 4359; x_wconf 87' lang='lat' dir='ltr'><strong>dixit,</strong></span> 
     </span>
    </p>
   </div>
   <div class='ocr_carea' id='block_1_46' title="bbox 485 4387 2060 4459">
    <p class='ocr_par' dir='ltr' id='par_1_46' title="bbox 485 4387 2060 4459">
     <span class='ocr_line' id='line_1_46' title="bbox 485 4387 2060 4459; baseline -0.005 -9"><span class='ocrx_word' id='word_1_378' title='bbox 485 4395 821 4450; x_wconf 82' lang='lat' dir='ltr'><strong>Timotheum</strong></span> <span class='ocrx_word' id='word_1_379' title='bbox 855 4394 1042 4455; x_wconf 87' lang='lat' dir='ltr'><strong>mitto;</strong></span> <span class='ocrx_word' id='word_1_380' title='bbox 1075 4406 1141 4444; x_wconf 90' lang='lat' dir='ltr'><strong>ne</strong></span> <span class='ocrx_word' id='word_1_381' title='bbox 1186 4390 1304 4443; x_wconf 87' lang='lat' dir='ltr'><strong>ideo</strong></span> <span class='ocrx_word' id='word_1_382' title='bbox 1332 4389 1606 4459; x_wconf 83' lang='lat' dir='ltr'><strong>segniores</strong></span> <span class='ocrx_word' id='word_1_383' title='bbox 1636 4389 1862 4442; x_wconf 70' lang='lat' dir='ltr'><strong>etadant</strong></span> <span class='ocrx_word' id='word_1_384' title='bbox 1887 4430 1900 4450; x_wconf 89' lang='lat'><strong>,</strong></span> <span class='ocrx_word' id='word_1_385' title='bbox 1938 4387 2060 4442; x_wconf 84' lang='lat' dir='ltr'><strong>vide</strong></span> 
     </span>
    </p>
   </div>
   <div class='ocr_carea' id='block_1_47' title="bbox 482 4479 2059 4557">
    <p class='ocr_par' dir='ltr' id='par_1_47' title="bbox 482 4479 2059 4557">
     <span class='ocr_line' id='line_1_47' title="bbox 482 4479 2059 4557; baseline -0.005 -18"><span class='ocrx_word' id='word_1_386' title='bbox 482 4487 607 4557; x_wconf 87' lang='lat' dir='ltr'><strong>quid</strong></span> <span class='ocrx_word' id='word_1_387' title='bbox 634 4487 774 4538; x_wconf 88' lang='lat' dir='ltr'><strong>dicat</strong></span> <span class='ocrx_word' id='word_1_388' title='bbox 807 4503 819 4538; x_wconf 93' lang='lat'><strong>:</strong></span> <span class='ocrx_word' id='word_1_389' title='bbox 855 4483 1136 4552; x_wconf 82' lang='lat' dir='ltr'><strong>Tamquam</strong></span> <span class='ocrx_word' id='word_1_390' title='bbox 1178 4497 1278 4534; x_wconf 90' lang='lat' dir='ltr'><strong>nou</strong></span> <span class='ocrx_word' id='word_1_391' title='bbox 1324 4492 1560 4533; x_wconf 82' lang='lat' dir='ltr'><strong>venturus</strong></span> <span class='ocrx_word' id='word_1_392' title='bbox 1602 4481 1696 4533; x_wconf 88' lang='lat' dir='ltr'><strong>sim</strong></span> <span class='ocrx_word' id='word_1_393' title='bbox 1742 4479 1808 4532; x_wconf 84' lang='lat' dir='ltr'><strong>ad</strong></span> <span class='ocrx_word' id='word_1_394' title='bbox 1836 4496 1920 4532; x_wconf 85' lang='lat' dir='ltr'><strong>vos</strong></span> <span class='ocrx_word' id='word_1_395' title='bbox 1942 4520 1954 4540; x_wconf 92' lang='lat'><strong>,</strong></span> <span class='ocrx_word' id='word_1_396' title='bbox 1985 4479 2059 4531; x_wconf 86' lang='lat' dir='ltr'><strong>sic</strong></span> 
     </span>
    </p>
   </div>
   <div class='ocr_carea' id='block_1_48' title="bbox 481 4570 2061 4643">
    <p class='ocr_par' dir='ltr' id='par_1_48' title="bbox 481 4570 2061 4643">
     <span class='ocr_line' id='line_1_48' title="bbox 481 4570 2061 4643; baseline -0.003 -15"><span class='ocrx_word' id='word_1_397' title='bbox 481 4577 650 4643; x_wconf 72' lang='lat' dir='ltr'><strong>inflati</strong></span> <span class='ocrx_word' id='word_1_398' title='bbox 693 4584 807 4626; x_wconf 88' lang='lat' dir='ltr'><strong>sunt</strong></span> <span class='ocrx_word' id='word_1_399' title='bbox 851 4573 1075 4640; x_wconf 86' lang='lat' dir='ltr'><strong>quidam.</strong></span> <span class='ocrx_word' id='word_1_400' title='bbox 1120 4571 1211 4625; x_wconf 78' lang='lat' dir='ltr'><strong>llis</strong></span> <span class='ocrx_word' id='word_1_401' title='bbox 1237 4571 1378 4625; x_wconf 89' lang='lat' dir='ltr'><strong>enim</strong></span> <span class='ocrx_word' id='word_1_402' title='bbox 1409 4582 1463 4624; x_wconf 86' lang='lat' dir='ltr'><strong>et</strong></span> <span class='ocrx_word' id='word_1_403' title='bbox 1493 4570 1612 4623; x_wconf 88' lang='lat' dir='ltr'><strong>illos</strong></span> <span class='ocrx_word' id='word_1_404' title='bbox 1659 4571 1962 4640; x_wconf 80' lang='lat' dir='ltr'><strong>perstringit</strong></span> <span class='ocrx_word' id='word_1_405' title='bbox 2007 4581 2061 4624; x_wconf 91' lang='lat' dir='ltr'><strong>et</strong></span> 
     </span>
    </p>
   </div>
   <div class='ocr_carea' id='block_1_49' title="bbox 483 4663 2060 4735">
    <p class='ocr_par' dir='ltr' id='par_1_49' title="bbox 483 4663 2060 4735">
     <span class='ocr_line' id='line_1_49' title="bbox 483 4663 2060 4735; baseline -0.002 -15"><span class='ocrx_word' id='word_1_406' title='bbox 483 4667 620 4720; x_wconf 87' lang='lat' dir='ltr'><strong>alios</strong></span> <span class='ocrx_word' id='word_1_407' title='bbox 645 4663 900 4735; x_wconf 86' lang='lat' dir='ltr'><strong>quosdam</strong></span> <span class='ocrx_word' id='word_1_408' title='bbox 929 4704 943 4726; x_wconf 97' lang='lat'><strong>,</strong></span> <span class='ocrx_word' id='word_1_409' title='bbox 978 4663 1115 4716; x_wconf 89' lang='lat' dir='ltr'><strong>altos</strong></span> <span class='ocrx_word' id='word_1_410' title='bbox 1146 4663 1356 4716; x_wconf 91' lang='lat' dir='ltr'><strong>illorum</strong></span> <span class='ocrx_word' id='word_1_411' title='bbox 1387 4677 1577 4716; x_wconf 88' lang='lat' dir='ltr'><strong>sensus</strong></span> <span class='ocrx_word' id='word_1_412' title='bbox 1623 4663 1916 4731; x_wconf 72' lang='lat' dir='ltr'><strong>exagitans.</strong></span> <span class='ocrx_word' id='word_1_413' title='bbox 1968 4663 2060 4718; x_wconf 82' lang='lat' dir='ltr'><strong>Est</strong></span> 
     </span>
    </p>
   </div>
   <div class='ocr_carea' id='block_1_50' title="bbox 487 4751 2061 4821">
    <p class='ocr_par' dir='ltr' id='par_1_50' title="bbox 487 4751 2061 4821">
     <span class='ocr_line' id='line_1_50' title="bbox 487 4751 2061 4821; baseline -0.001 -11"><span class='ocrx_word' id='word_1_414' title='bbox 487 4760 629 4810; x_wconf 85' lang='lat' dir='ltr'><strong>enim</strong></span> <span class='ocrx_word' id='word_1_415' title='bbox 660 4755 860 4810; x_wconf 89' lang='lat' dir='ltr'><strong>crimen</strong></span> <span class='ocrx_word' id='word_1_416' title='bbox 903 4751 1124 4821; x_wconf 85' lang='lat' dir='ltr'><strong>appetiti</strong></span> <span class='ocrx_word' id='word_1_417' title='bbox 1153 4752 1478 4821; x_wconf 86' lang='lat' dir='ltr'><strong>principatus</strong></span> <span class='ocrx_word' id='word_1_418' title='bbox 1499 4791 1516 4814; x_wconf 88' lang='lat'><strong>,</strong></span> <span class='ocrx_word' id='word_1_419' title='bbox 1547 4752 1786 4806; x_wconf 86' lang='lat' dir='ltr'><strong>absentia</strong></span> <span class='ocrx_word' id='word_1_420' title='bbox 1824 4752 2061 4808; x_wconf 85' lang='lat' dir='ltr'><strong>doctoris</strong></span> 
     </span>
    </p>
   </div>
   <div class='ocr_carea' id='block_1_51' title="bbox 487 4844 2057 4916">
    <p class='ocr_par' dir='ltr' id='par_1_51' title="bbox 487 4844 2057 4916">
     <span class='ocr_line' id='line_1_51' title="bbox 487 4844 2057 4916; baseline -0.001 -15"><span class='ocrx_word' id='word_1_421' title='bbox 487 4848 552 4901; x_wconf 87' lang='lat' dir='ltr'><strong>ad</strong></span> <span class='ocrx_word' id='word_1_422' title='bbox 583 4845 936 4915; x_wconf 82' lang='lat' dir='ltr'><strong>arrogantiam</strong></span> <span class='ocrx_word' id='word_1_423' title='bbox 969 4845 1064 4899; x_wconf 91' lang='lat' dir='ltr'><strong>uti.</strong></span> <span class='ocrx_word' id='word_1_424' title='bbox 1095 4845 1317 4909; x_wconf 85' lang='lat' dir='ltr'><strong>Quando</strong></span> <span class='ocrx_word' id='word_1_425' title='bbox 1340 4844 1480 4898; x_wconf 92' lang='lat' dir='ltr'><strong>enim</strong></span> <span class='ocrx_word' id='word_1_426' title='bbox 1511 4845 1718 4914; x_wconf 86' lang='lat' dir='ltr'><strong>plebem</strong></span> <span class='ocrx_word' id='word_1_427' title='bbox 1750 4846 2057 4916; x_wconf 90' lang='lat' dir='ltr'><strong>alloquitur,</strong></span> 
     </span>
    </p>
   </div>
   <div class='ocr_carea' id='block_1_52' title="bbox 492 4936 2054 5011">
    <p class='ocr_par' dir='ltr' id='par_1_52' title="bbox 492 4936 2054 5011">
     <span class='ocr_line' id='line_1_52' title="bbox 492 4936 2054 5011; baseline 0.001 -20"><span class='ocrx_word' id='word_1_428' title='bbox 492 4940 759 5011; x_wconf 66' lang='lat' dir='ltr'><strong>perpende</strong></span> <span class='ocrx_word' id='word_1_429' title='bbox 787 4938 916 4992; x_wconf 89' lang='lat' dir='ltr'><strong>tnihi</strong></span> <span class='ocrx_word' id='word_1_430' title='bbox 945 4936 1213 5006; x_wconf 88' lang='lat' dir='ltr'><strong>quomodo</strong></span> <span class='ocrx_word' id='word_1_431' title='bbox 1233 4937 1296 4990; x_wconf 91' lang='lat' dir='ltr'><strong>ad</strong></span> <span class='ocrx_word' id='word_1_432' title='bbox 1326 4937 1580 5008; x_wconf 90' lang='lat' dir='ltr'><strong>pudorem</strong></span> <span class='ocrx_word' id='word_1_433' title='bbox 1611 4938 1823 4993; x_wconf 89' lang='lat' dir='ltr'><strong>inducat</strong></span> <span class='ocrx_word' id='word_1_434' title='bbox 1849 4956 1864 5004; x_wconf 84' lang='lat'><strong>;</strong></span> <span class='ocrx_word' id='word_1_435' title='bbox 1893 4955 2054 5008; x_wconf 74' lang='lat' dir='ltr'><strong>quam</strong></span> 
     </span>
    </p>
   </div>
   <div class='ocr_carea' id='block_1_53' title="bbox 484 5028 2059 5100">
    <p class='ocr_par' dir='ltr' id='par_1_53' title="bbox 484 5028 2059 5100">
     <span class='ocr_line' id='line_1_53' title="bbox 484 5028 2059 5100; baseline -0.002 -13"><span class='ocrx_word' id='word_1_436' title='bbox 484 5033 555 5087; x_wconf 89' lang='lat' dir='ltr'><strong>do</strong></span> <span class='ocrx_word' id='word_1_437' title='bbox 599 5042 775 5087; x_wconf 88' lang='lat' dir='ltr'><strong>autem</strong></span> <span class='ocrx_word' id='word_1_438' title='bbox 807 5045 900 5084; x_wconf 92' lang='lat' dir='ltr'><strong>eos</strong></span> <span class='ocrx_word' id='word_1_439' title='bbox 941 5030 1029 5100; x_wconf 91' lang='lat' dir='ltr'><strong>qui</strong></span> <span class='ocrx_word' id='word_1_440' title='bbox 1059 5028 1111 5082; x_wconf 91' lang='lat' dir='ltr'><strong>in</strong></span> <span class='ocrx_word' id='word_1_441' title='bbox 1141 5043 1297 5082; x_wconf 87' lang='lat' dir='ltr'><strong>causa</strong></span> <span class='ocrx_word' id='word_1_442' title='bbox 1331 5030 1453 5082; x_wconf 88' lang='lat' dir='ltr'><strong>mali</strong></span> <span class='ocrx_word' id='word_1_443' title='bbox 1503 5038 1626 5082; x_wconf 91' lang='lat' dir='ltr'><strong>sunt</strong></span> <span class='ocrx_word' id='word_1_444' title='bbox 1648 5071 1663 5093; x_wconf 89' lang='lat'><strong>,</strong></span> <span class='ocrx_word' id='word_1_445' title='bbox 1694 5031 2059 5084; x_wconf 85' lang='lat' dir='ltr'><strong>vehementius</strong></span> 
     </span>
    </p>
   </div>
   <div class='ocr_carea' id='block_1_54' title="bbox 487 5122 2060 5194">
    <p class='ocr_par' dir='ltr' id='par_1_54' title="bbox 487 5122 2060 5194">
     <span class='ocr_line' id='line_1_54' title="bbox 487 5122 2060 5194; baseline 0.001 -17"><span class='ocrx_word' id='word_1_446' title='bbox 487 5127 612 5193; x_wconf 80' lang='lat' dir='ltr'><strong>agit.</strong></span> <span class='ocrx_word' id='word_1_447' title='bbox 666 5123 776 5178; x_wconf 86' lang='lat' dir='ltr'><strong>Illis</strong></span> <span class='ocrx_word' id='word_1_448' title='bbox 818 5123 958 5177; x_wconf 81' lang='lat' dir='ltr'><strong>enim</strong></span> <span class='ocrx_word' id='word_1_449' title='bbox 985 5122 1150 5183; x_wconf 84' lang='lat' dir='ltr'><strong>dicit,</strong></span> <span class='ocrx_word' id='word_1_450' title='bbox 1185 5122 1423 5175; x_wconf 80' lang='lat' dir='ltr'><strong>Omnium</strong></span> <span class='ocrx_word' id='word_1_451' title='bbox 1468 5124 1791 5194; x_wconf 81' lang='lat' dir='ltr'><strong>peripsema;</strong></span> <span class='ocrx_word' id='word_1_452' title='bbox 1837 5124 2060 5193; x_wconf 81' lang='lat' dir='ltr'><strong>illosque</strong></span> 
     </span>
    </p>
   </div>
   <div class='ocr_carea' id='block_1_55' title="bbox 486 5212 2060 5282">
    <p class='ocr_par' dir='ltr' id='par_1_55' title="bbox 486 5212 2060 5282">
     <span class='ocr_line' id='line_1_55' title="bbox 486 5212 2060 5282; baseline 0.001 -15"><span class='ocrx_word' id='word_1_453' title='bbox 486 5214 693 5267; x_wconf 79' lang='lat' dir='ltr'><strong>leniens</strong></span> <span class='ocrx_word' id='word_1_454' title='bbox 720 5212 884 5277; x_wconf 87' lang='lat' dir='ltr'><strong>addit,</strong></span> <span class='ocrx_word' id='word_1_455' title='bbox 920 5212 1037 5265; x_wconf 87' lang='lat' dir='ltr'><strong>Non</strong></span> <span class='ocrx_word' id='word_1_456' title='bbox 1066 5220 1120 5265; x_wconf 86' lang='lat' dir='ltr'><strong>ut</strong></span> <span class='ocrx_word' id='word_1_457' title='bbox 1144 5214 1454 5282; x_wconf 79' lang='lat' dir='ltr'><strong>confundant</strong></span> <span class='ocrx_word' id='word_1_458' title='bbox 1481 5228 1586 5277; x_wconf 84' lang='lat' dir='ltr'><strong>vos,</strong></span> <span class='ocrx_word' id='word_1_459' title='bbox 1617 5213 1722 5266; x_wconf 72' lang='lat' dir='ltr'><strong>Itazc</strong></span> <span class='ocrx_word' id='word_1_460' title='bbox 1748 5215 1906 5266; x_wconf 82' lang='lat' dir='ltr'><strong>scribo</strong></span> <span class='ocrx_word' id='word_1_461' title='bbox 1934 5229 1952 5267; x_wconf 91' lang='lat'><strong><em>:</em></strong></span> <span class='ocrx_word' id='word_1_462' title='bbox 1979 5214 2060 5268; x_wconf 87' lang='lat' dir='ltr'><strong>his</strong></span> 
     </span>
    </p>
   </div>
   <div class='ocr_carea' id='block_1_56' title="bbox 481 5301 2060 5375">
    <p class='ocr_par' dir='ltr' id='par_1_56' title="bbox 481 5301 2060 5375">
     <span class='ocr_line' id='line_1_56' title="bbox 481 5301 2060 5375; baseline 0 -17"><span class='ocrx_word' id='word_1_463' title='bbox 481 5315 684 5367; x_wconf 86' lang='lat' dir='ltr'><strong>autem,</strong></span> <span class='ocrx_word' id='word_1_464' title='bbox 715 5301 994 5371; x_wconf 82' lang='lat' dir='ltr'><strong>Tamquam</strong></span> <span class='ocrx_word' id='word_1_465' title='bbox 1019 5321 1116 5356; x_wconf 86' lang='lat' dir='ltr'><strong>non</strong></span> <span class='ocrx_word' id='word_1_466' title='bbox 1141 5317 1378 5358; x_wconf 83' lang='lat' dir='ltr'><strong>venturus</strong></span> <span class='ocrx_word' id='word_1_467' title='bbox 1404 5306 1499 5357; x_wconf 75' lang='lat' dir='ltr'><strong>sint</strong></span> <span class='ocrx_word' id='word_1_468' title='bbox 1529 5305 1596 5358; x_wconf 84' lang='lat' dir='ltr'><strong>ad</strong></span> <span class='ocrx_word' id='word_1_469' title='bbox 1619 5320 1726 5368; x_wconf 83' lang='lat' dir='ltr'><strong>vos,</strong></span> <span class='ocrx_word' id='word_1_470' title='bbox 1752 5306 1916 5375; x_wconf 83' lang='lat' dir='ltr'><strong>inﬂati</strong></span> <span class='ocrx_word' id='word_1_471' title='bbox 1944 5315 2060 5358; x_wconf 86' lang='lat' dir='ltr'><strong>sunt</strong></span> 
     </span>
    </p>
   </div>
   <div class='ocr_carea' id='block_1_57' title="bbox 485 5395 2056 5471">
    <p class='ocr_par' dir='ltr' id='par_1_57' title="bbox 485 5395 2056 5471">
     <span class='ocr_line' id='line_1_57' title="bbox 485 5395 2056 5471; baseline 0.003 -25"><span class='ocrx_word' id='word_1_472' title='bbox 485 5399 730 5471; x_wconf 79' lang='lat' dir='ltr'><strong>quidam;</strong></span> <span class='ocrx_word' id='word_1_473' title='bbox 761 5395 1048 5448; x_wconf 86' lang='lat' dir='ltr'><strong>ostendens</strong></span> <span class='ocrx_word' id='word_1_474' title='bbox 1075 5395 1294 5462; x_wconf 82' lang='lat' dir='ltr'><strong>puerilis</strong></span> <span class='ocrx_word' id='word_1_475' title='bbox 1331 5396 1492 5449; x_wconf 89' lang='lat' dir='ltr'><strong>animi</strong></span> <span class='ocrx_word' id='word_1_476' title='bbox 1520 5412 1639 5452; x_wconf 78' lang='lat' dir='ltr'><strong>esse</strong></span> <span class='ocrx_word' id='word_1_477' title='bbox 1678 5399 2056 5466; x_wconf 76' lang='lat' dir='ltr'><strong>arrogantiam.</strong></span> 
     </span>
    </p>
   </div>
   <div class='ocr_carea' id='block_1_58' title="bbox 487 5485 2060 5558">
    <p class='ocr_par' dir='ltr' id='par_1_58' title="bbox 487 5485 2060 5558">
     <span class='ocr_line' id='line_1_58' title="bbox 487 5485 2060 5558; baseline -0.001 -13"><span class='ocrx_word' id='word_1_478' title='bbox 487 5491 695 5545; x_wconf 78' lang='lat' dir='ltr'><strong>Etenim</strong></span> <span class='ocrx_word' id='word_1_479' title='bbox 725 5487 876 5558; x_wconf 88' lang='lat' dir='ltr'><strong>pueri</strong></span> <span class='ocrx_word' id='word_1_480' title='bbox 913 5485 1149 5540; x_wconf 84' lang='lat' dir='ltr'><strong>absentia</strong></span> <span class='ocrx_word' id='word_1_481' title='bbox 1181 5486 1417 5555; x_wconf 84' lang='lat' dir='ltr'><strong>magistri</strong></span> <span class='ocrx_word' id='word_1_482' title='bbox 1461 5491 1734 5557; x_wconf 74' lang='lat' dir='ltr'><strong>segniores</strong></span> <span class='ocrx_word' id='word_1_483' title='bbox 1766 5490 1917 5543; x_wconf 81' lang='lat' dir='ltr'><strong>ﬁunt.</strong></span> <span class='ocrx_word' id='word_1_484' title='bbox 1949 5488 2060 5543; x_wconf 93' lang='lat' dir='ltr'><strong>lloc</strong></span> 
     </span>
    </p>
   </div>
   <div class='ocr_carea' id='block_1_59' title="bbox 485 5575 2058 5650">
    <p class='ocr_par' dir='ltr' id='par_1_59' title="bbox 485 5575 2058 5650">
     <span class='ocr_line' id='line_1_59' title="bbox 485 5575 2058 5650; baseline 0.001 -15"><span class='ocrx_word' id='word_1_485' title='bbox 485 5595 610 5650; x_wconf 81' lang='lat' dir='ltr'><strong>ergo</strong></span> <span class='ocrx_word' id='word_1_486' title='bbox 634 5577 919 5646; x_wconf 87' lang='lat' dir='ltr'><strong>indicatur,</strong></span> <span class='ocrx_word' id='word_1_487' title='bbox 948 5587 1003 5632; x_wconf 87' lang='lat' dir='ltr'><strong>et</strong></span> <span class='ocrx_word' id='word_1_488' title='bbox 1030 5575 1169 5648; x_wconf 91' lang='lat' dir='ltr'><strong>quod</strong></span> <span class='ocrx_word' id='word_1_489' title='bbox 1197 5579 1477 5647; x_wconf 68' lang='lat' dir='ltr'><strong>praesentia</strong></span> <span class='ocrx_word' id='word_1_490' title='bbox 1509 5580 1636 5633; x_wconf 85' lang='lat' dir='ltr'><strong>satis</strong></span> <span class='ocrx_word' id='word_1_491' title='bbox 1663 5581 1730 5633; x_wconf 86' lang='lat' dir='ltr'><strong>sit</strong></span> <span class='ocrx_word' id='word_1_492' title='bbox 1757 5581 1820 5635; x_wconf 90' lang='lat' dir='ltr'><strong>ad</strong></span> <span class='ocrx_word' id='word_1_493' title='bbox 1849 5595 2058 5636; x_wconf 84' lang='lat' dir='ltr'><strong>correc-</strong></span> 
     </span>
    </p>
   </div>
   <div class='ocr_carea' id='block_1_60' title="bbox 481 5681 696 5729">
    <p class='ocr_par' dir='ltr' id='par_1_60' title="bbox 481 5681 696 5729">
     <span class='ocr_line' id='line_1_60' title="bbox 481 5681 696 5729; baseline -0.023 0"><span class='ocrx_word' id='word_1_494' title='bbox 481 5681 696 5729; x_wconf 71' lang='lat' dir='ltr'><strong>tionem.</strong></span> 
     </span>
    </p>
   </div>
   <div class='ocr_carea' id='block_1_61' title="bbox 1159 237 2969 300">
    <p class='ocr_par' dir='ltr' id='par_1_61' title="bbox 1159 237 2969 300">
     <span class='ocr_line' id='line_1_61' title="bbox 1159 237 2969 300; baseline 0.003 -6"><span class='ocrx_word' id='word_1_495' title='bbox 1159 243 1214 294; x_wconf 84' lang='lat' dir='ltr'><strong>S.</strong></span> <span class='ocrx_word' id='word_1_496' title='bbox 1256 242 1530 296; x_wconf 56' lang='lat' dir='ltr'><strong>JOANNIS</strong></span> <span class='ocrx_word' id='word_1_497' title='bbox 1567 240 2041 298; x_wconf 67' lang='lat' dir='ltr'><strong>CllllYSOSTOMl</strong></span> <span class='ocrx_word' id='word_1_498' title='bbox 2081 237 2397 296; x_wconf 72' lang='lat' dir='ltr'><strong>ARCIHEP.</strong></span> <span class='ocrx_word' id='word_1_499' title='bbox 2441 239 2969 300; x_wconf 55' lang='lat' dir='ltr'><strong>COKSTANTINOP.</strong></span> 
     </span>
    </p>
   </div>
   <div class='ocr_carea' id='block_1_62' title="bbox 3620 247 3721 303">
    <p class='ocr_par' dir='ltr' id='par_1_62' title="bbox 3620 247 3721 303">
     <span class='ocr_line' id='line_1_62' title="bbox 3620 247 3721 303; baseline -0.059 1"><span class='ocrx_word' id='word_1_500' title='bbox 3620 247 3721 303; x_wconf 75' lang='grc' dir='ltr'>ιιη</span> 
     </span>
    </p>
   </div>
   <div class='ocr_carea' id='block_1_63' title="bbox 2211 357 3725 429">
    <p class='ocr_par' dir='ltr' id='par_1_63' title="bbox 2211 357 3725 429">
     <span class='ocr_line' id='line_1_63' title="bbox 2211 357 3725 429; baseline 0.004 -19"><span class='ocrx_word' id='word_1_501' title='bbox 2211 357 2265 413; x_wconf 74' lang='grc'><strong>2,</strong></span> <span class='ocrx_word' id='word_1_502' title='bbox 2305 357 2762 423; x_wconf 83' lang='lat' dir='ltr'><strong>Quemadmodum</strong></span> <span class='ocrx_word' id='word_1_503' title='bbox 2824 362 2966 414; x_wconf 91' lang='lat' dir='ltr'><strong>enim</strong></span> <span class='ocrx_word' id='word_1_504' title='bbox 3023 360 3177 416; x_wconf 87' lang='lat' dir='ltr'><strong>leone</strong></span> <span class='ocrx_word' id='word_1_505' title='bbox 3231 370 3494 429; x_wconf 67' lang='lat' dir='ltr'><strong>praesente</strong></span> <span class='ocrx_word' id='word_1_506' title='bbox 3543 363 3725 416; x_wconf 69' lang='lat' dir='ltr'><strong>nimiia</strong></span> 
     </span>
    </p>
   </div>
   <div class='ocr_carea' id='block_1_64' title="bbox 2142 451 3728 520">
    <p class='ocr_par' dir='ltr' id='par_1_64' title="bbox 2142 451 3728 520">
     <span class='ocr_line' id='line_1_64' title="bbox 2142 451 3728 520; baseline 0.002 -17"><span class='ocrx_word' id='word_1_507' title='bbox 2142 459 2410 504; x_wconf 85' lang='lat' dir='ltr'><strong>terrentur</strong></span> <span class='ocrx_word' id='word_1_508' title='bbox 2435 451 2685 504; x_wconf 84' lang='lat' dir='ltr'><strong>animalia</strong></span> <span class='ocrx_word' id='word_1_509' title='bbox 2717 470 2730 505; x_wconf 90' lang='lat'><strong>:</strong></span> <span class='ocrx_word' id='word_1_510' title='bbox 2760 452 2837 506; x_wconf 87' lang='lat' dir='ltr'><strong>sic</strong></span> <span class='ocrx_word' id='word_1_511' title='bbox 2875 461 3141 520; x_wconf 69' lang='lat' dir='ltr'><strong>praesente</strong></span> <span class='ocrx_word' id='word_1_512' title='bbox 3179 451 3345 506; x_wconf 89' lang='lat' dir='ltr'><strong>Paulo</strong></span> <span class='ocrx_word' id='word_1_513' title='bbox 3375 453 3728 520; x_wconf 80' lang='lat' dir='ltr'><strong>pertimesce-</strong></span> 
     </span>
    </p>
   </div>
   <div class='ocr_carea' id='block_1_65' title="bbox 2139 540 3719 612">
    <p class='ocr_par' dir='ltr' id='par_1_65' title="bbox 2139 540 3719 612">
     <span class='ocr_line' id='line_1_65' title="bbox 2139 540 3719 612; baseline 0.002 -18"><span class='ocrx_word' id='word_1_514' title='bbox 2139 540 2266 594; x_wconf 83' lang='lat' dir='ltr'><strong>bant</strong></span> <span class='ocrx_word' id='word_1_515' title='bbox 2289 541 2325 595; x_wconf 87' lang='lat' dir='ltr'><strong>ii</strong></span> <span class='ocrx_word' id='word_1_516' title='bbox 2353 542 2440 611; x_wconf 90' lang='lat' dir='ltr'><strong>qui</strong></span> <span class='ocrx_word' id='word_1_517' title='bbox 2471 542 2762 597; x_wconf 88' lang='lat' dir='ltr'><strong>Ecclesiam</strong></span> <span class='ocrx_word' id='word_1_518' title='bbox 2789 543 3233 612; x_wconf 88' lang='lat' dir='ltr'><strong>corrumpebant.</strong></span> <span class='ocrx_word' id='word_1_519' title='bbox 3266 543 3392 597; x_wconf 86' lang='lat' dir='ltr'><strong>Ideo</strong></span> <span class='ocrx_word' id='word_1_520' title='bbox 3417 543 3719 612; x_wconf 80' lang='lat' dir='ltr'><strong>subjunxit:</strong></span> 
     </span>
    </p>
   </div>
   <div class='ocr_carea' id='block_1_66' title="bbox 2141 631 3726 698">
    <p class='ocr_par' dir='ltr' id='par_1_66' title="bbox 2141 631 3726 698">
     <span class='ocr_line' id='line_1_66' title="bbox 2141 631 3726 698; baseline -0.001 -10"><span class='ocrx_word' id='word_1_521' title='bbox 2141 632 2230 688; x_wconf 71' lang='lat' dir='ltr'><strong>l9.</strong></span> <span class='ocrx_word' id='word_1_522' title='bbox 2283 631 2490 686; x_wconf 76' lang='lat' dir='ltr'><strong>Veniant</strong></span> <span class='ocrx_word' id='word_1_523' title='bbox 2519 643 2688 686; x_wconf 80' lang='lat' dir='ltr'><strong>autem</strong></span> <span class='ocrx_word' id='word_1_524' title='bbox 2716 633 2815 687; x_wconf 81' lang='lat' dir='ltr'><strong>cito</strong></span> <span class='ocrx_word' id='word_1_525' title='bbox 2837 634 2904 686; x_wconf 85' lang='lat' dir='ltr'><strong>ad</strong></span> <span class='ocrx_word' id='word_1_526' title='bbox 2931 649 3016 687; x_wconf 77' lang='lat' dir='ltr'><strong>eos</strong></span> <span class='ocrx_word' id='word_1_527' title='bbox 3047 675 3062 698; x_wconf 93' lang='lat'><strong>,</strong></span> <span class='ocrx_word' id='word_1_528' title='bbox 3107 635 3149 687; x_wconf 85' lang='lat' dir='ltr'><strong>si</strong></span> <span class='ocrx_word' id='word_1_529' title='bbox 3209 632 3463 688; x_wconf 82' lang='lat' dir='ltr'><strong>Dominus</strong></span> <span class='ocrx_word' id='word_1_530' title='bbox 3488 635 3726 688; x_wconf 78' lang='lat' dir='ltr'><strong>voluerit.</strong></span> 
     </span>
    </p>
   </div>
   <div class='ocr_carea' id='block_1_67' title="bbox 2139 723 3723 790">
    <p class='ocr_par' dir='ltr' id='par_1_67' title="bbox 2139 723 3723 790">
     <span class='ocr_line' id='line_1_67' title="bbox 2139 723 3723 790; baseline 0.001 -12"><span class='ocrx_word' id='word_1_531' title='bbox 2139 723 2240 778; x_wconf 87' lang='lat' dir='ltr'><strong>Sed</strong></span> <span class='ocrx_word' id='word_1_532' title='bbox 2285 723 2386 778; x_wconf 84' lang='lat' dir='ltr'><strong>hoc</strong></span> <span class='ocrx_word' id='word_1_533' title='bbox 2416 723 2586 778; x_wconf 89' lang='lat' dir='ltr'><strong>solum</strong></span> <span class='ocrx_word' id='word_1_534' title='bbox 2615 724 2793 779; x_wconf 87' lang='lat' dir='ltr'><strong>dicere</strong></span> <span class='ocrx_word' id='word_1_535' title='bbox 2819 766 2832 790; x_wconf 85' lang='lat'><strong>,</strong></span> <span class='ocrx_word' id='word_1_536' title='bbox 2861 725 3235 780; x_wconf 86' lang='lat' dir='ltr'><strong>comminantis</strong></span> <span class='ocrx_word' id='word_1_537' title='bbox 3261 739 3382 780; x_wconf 88' lang='lat' dir='ltr'><strong>esse</strong></span> <span class='ocrx_word' id='word_1_538' title='bbox 3410 724 3723 790; x_wconf 80' lang='lat' dir='ltr'><strong>videbatur;</strong></span> 
     </span>
    </p>
   </div>
   <div class='ocr_carea' id='block_1_68' title="bbox 2139 814 3728 887">
    <p class='ocr_par' dir='ltr' id='par_1_68' title="bbox 2139 814 3728 887">
     <span class='ocr_line' id='line_1_68' title="bbox 2139 814 3728 887; baseline 0.001 -18"><span class='ocrx_word' id='word_1_539' title='bbox 2139 831 2359 885; x_wconf 88' lang='lat' dir='ltr'><strong>operum</strong></span> <span class='ocrx_word' id='word_1_540' title='bbox 2388 825 2564 869; x_wconf 89' lang='lat' dir='ltr'><strong>autem</strong></span> <span class='ocrx_word' id='word_1_541' title='bbox 2591 814 3099 870; x_wconf 86' lang='lat' dir='ltr'><strong>demonstrationem</strong></span> <span class='ocrx_word' id='word_1_542' title='bbox 3125 825 3176 870; x_wconf 92' lang='lat' dir='ltr'><strong>et</strong></span> <span class='ocrx_word' id='word_1_543' title='bbox 3206 817 3379 885; x_wconf 90' lang='lat' dir='ltr'><strong>ipsum</strong></span> <span class='ocrx_word' id='word_1_544' title='bbox 3407 818 3728 887; x_wconf 84' lang='lat' dir='ltr'><strong>promittere</strong></span> 
     </span>
    </p>
   </div>
   <div class='ocr_carea' id='block_1_69' title="bbox 2138 906 3725 977">
    <p class='ocr_par' dir='ltr' id='par_1_69' title="bbox 2138 906 3725 977">
     <span class='ocr_line' id='line_1_69' title="bbox 2138 906 3725 977; baseline 0.001 -16"><span class='ocrx_word' id='word_1_545' title='bbox 2138 917 2191 961; x_wconf 89' lang='lat' dir='ltr'><strong>et</strong></span> <span class='ocrx_word' id='word_1_546' title='bbox 2218 906 2285 960; x_wconf 93' lang='lat' dir='ltr'><strong>ab</strong></span> <span class='ocrx_word' id='word_1_547' title='bbox 2314 906 2418 960; x_wconf 89' lang='lat' dir='ltr'><strong>illis</strong></span> <span class='ocrx_word' id='word_1_548' title='bbox 2444 908 2680 976; x_wconf 80' lang='lat' dir='ltr'><strong>exigere,</strong></span> <span class='ocrx_word' id='word_1_549' title='bbox 2711 906 2813 962; x_wconf 92' lang='lat' dir='ltr'><strong>hoc</strong></span> <span class='ocrx_word' id='word_1_550' title='bbox 2837 907 3011 977; x_wconf 87' lang='lat' dir='ltr'><strong>magni</strong></span> <span class='ocrx_word' id='word_1_551' title='bbox 3039 917 3091 961; x_wconf 92' lang='lat' dir='ltr'><strong>et</strong></span> <span class='ocrx_word' id='word_1_552' title='bbox 3122 907 3365 960; x_wconf 67' lang='lat' dir='ltr'><strong>sublimis</strong></span> <span class='ocrx_word' id='word_1_553' title='bbox 3388 917 3504 962; x_wconf 89' lang='lat' dir='ltr'><strong>erat</strong></span> <span class='ocrx_word' id='word_1_554' title='bbox 3536 908 3725 962; x_wconf 87' lang='lat' dir='ltr'><strong>animi.</strong></span> 
     </span>
    </p>
   </div>
   <div class='ocr_carea' id='block_1_70' title="bbox 2138 998 3725 1069">
    <p class='ocr_par' dir='ltr' id='par_1_70' title="bbox 2138 998 3725 1069">
     <span class='ocr_line' id='line_1_70' title="bbox 2138 998 3725 1069; baseline 0 -17"><span class='ocrx_word' id='word_1_555' title='bbox 2138 999 2494 1065; x_wconf 84' lang='lat' dir='ltr'><strong>Quamobrem</strong></span> <span class='ocrx_word' id='word_1_556' title='bbox 2534 1010 2587 1054; x_wconf 89' lang='lat' dir='ltr'><strong>et</strong></span> <span class='ocrx_word' id='word_1_557' title='bbox 2615 998 2714 1052; x_wconf 93' lang='lat' dir='ltr'><strong>hoc</strong></span> <span class='ocrx_word' id='word_1_558' title='bbox 2741 999 3033 1068; x_wconf 89' lang='lat' dir='ltr'><strong>subjunxit,</strong></span> <span class='ocrx_word' id='word_1_559' title='bbox 3057 999 3240 1055; x_wconf 84' lang='lat' dir='ltr'><strong>dicens</strong></span> <span class='ocrx_word' id='word_1_560' title='bbox 3268 1018 3282 1052; x_wconf 88' lang='lat'>:</span> <span class='ocrx_word' id='word_1_561' title='bbox 3312 999 3379 1053; x_wconf 84' lang='lat' dir='ltr'><strong>Et</strong></span> <span class='ocrx_word' id='word_1_562' title='bbox 3400 1016 3725 1069; x_wconf 75' lang='lat' dir='ltr'><strong>cognoscam,</strong></span> 
     </span>
    </p>
   </div>
   <div class='ocr_carea' id='block_1_71' title="bbox 2139 1093 3728 1162">
    <p class='ocr_par' dir='ltr' id='par_1_71' title="bbox 2139 1093 3728 1162">
     <span class='ocr_line' id='line_1_71' title="bbox 2139 1093 3728 1162; baseline 0.004 -18"><span class='ocrx_word' id='word_1_563' title='bbox 2139 1109 2239 1146; x_wconf 84' lang='lat' dir='ltr'><strong>non</strong></span> <span class='ocrx_word' id='word_1_564' title='bbox 2290 1108 2565 1146; x_wconf 83' lang='lat' dir='ltr'><strong>sermonem</strong></span> <span class='ocrx_word' id='word_1_565' title='bbox 2591 1108 2764 1146; x_wconf 86' lang='lat' dir='ltr'><strong>eorum</strong></span> <span class='ocrx_word' id='word_1_566' title='bbox 2809 1093 2894 1160; x_wconf 86' lang='lat' dir='ltr'><strong>qui</strong></span> <span class='ocrx_word' id='word_1_567' title='bbox 2935 1093 3100 1162; x_wconf 78' lang='lat' dir='ltr'><strong>inflati</strong></span> <span class='ocrx_word' id='word_1_568' title='bbox 3145 1102 3260 1147; x_wconf 84' lang='lat' dir='ltr'><strong>sunt</strong></span> <span class='ocrx_word' id='word_1_569' title='bbox 3290 1134 3307 1161; x_wconf 95' lang='lat'><strong>,</strong></span> <span class='ocrx_word' id='word_1_570' title='bbox 3339 1094 3429 1148; x_wconf 82' lang='lat' dir='ltr'><strong>sed</strong></span> <span class='ocrx_word' id='word_1_571' title='bbox 3469 1096 3728 1151; x_wconf 75' lang='lat' dir='ltr'><strong>virtuttm.</strong></span> 
     </span>
    </p>
   </div>
   <div class='ocr_carea' id='block_1_72' title="bbox 2139 1183 3728 1252">
    <p class='ocr_par' dir='ltr' id='par_1_72' title="bbox 2139 1183 3728 1252">
     <span class='ocr_line' id='line_1_72' title="bbox 2139 1183 3728 1252; baseline 0.001 -15"><span class='ocrx_word' id='word_1_572' title='bbox 2139 1183 2252 1237; x_wconf 85' lang='lat' dir='ltr'><strong>Non</strong></span> <span class='ocrx_word' id='word_1_573' title='bbox 2281 1184 2421 1238; x_wconf 89' lang='lat' dir='ltr'><strong>enim</strong></span> <span class='ocrx_word' id='word_1_574' title='bbox 2453 1199 2518 1236; x_wconf 79' lang='lat' dir='ltr'><strong>ex</strong></span> <span class='ocrx_word' id='word_1_575' title='bbox 2548 1183 2777 1252; x_wconf 88' lang='lat' dir='ltr'><strong>propriis</strong></span> <span class='ocrx_word' id='word_1_576' title='bbox 2806 1193 2950 1240; x_wconf 80' lang='lat' dir='ltr'><strong>recte</strong></span> <span class='ocrx_word' id='word_1_577' title='bbox 2992 1184 3142 1238; x_wconf 88' lang='lat' dir='ltr'><strong>factis</strong></span> <span class='ocrx_word' id='word_1_578' title='bbox 3174 1225 3189 1250; x_wconf 97' lang='lat'><strong>,</strong></span> <span class='ocrx_word' id='word_1_579' title='bbox 3217 1184 3314 1240; x_wconf 87' lang='lat' dir='ltr'><strong>sed</strong></span> <span class='ocrx_word' id='word_1_580' title='bbox 3359 1199 3425 1240; x_wconf 85' lang='lat' dir='ltr'><strong>ex</strong></span> <span class='ocrx_word' id='word_1_581' title='bbox 3485 1184 3728 1239; x_wconf 74' lang='lat' dir='ltr'><strong>doctonis</strong></span> 
     </span>
    </p>
   </div>
   <div class='ocr_carea' id='block_1_73' title="bbox 2139 1273 3726 1346">
    <p class='ocr_par' dir='ltr' id='par_1_73' title="bbox 2139 1273 3726 1346">
     <span class='ocr_line' id='line_1_73' title="bbox 2139 1273 3726 1346; baseline 0.001 -18"><span class='ocrx_word' id='word_1_582' title='bbox 2139 1273 2378 1328; x_wconf 87' lang='lat' dir='ltr'><strong>absentia</strong></span> <span class='ocrx_word' id='word_1_583' title='bbox 2395 1273 2612 1328; x_wconf 90' lang='lat' dir='ltr'><strong>suborta</strong></span> <span class='ocrx_word' id='word_1_584' title='bbox 2637 1283 2753 1327; x_wconf 87' lang='lat' dir='ltr'><strong>erat</strong></span> <span class='ocrx_word' id='word_1_585' title='bbox 2772 1275 3072 1345; x_wconf 83' lang='lat' dir='ltr'><strong>arrogantia</strong></span> <span class='ocrx_word' id='word_1_586' title='bbox 3106 1293 3120 1328; x_wconf 87' lang='lat'><strong>:</strong></span> <span class='ocrx_word' id='word_1_587' title='bbox 3148 1275 3285 1344; x_wconf 87' lang='lat' dir='ltr'><strong>quod</strong></span> <span class='ocrx_word' id='word_1_588' title='bbox 3312 1275 3484 1346; x_wconf 91' lang='lat' dir='ltr'><strong>ipsum</strong></span> <span class='ocrx_word' id='word_1_589' title='bbox 3510 1291 3726 1345; x_wconf 87' lang='lat' dir='ltr'><strong>quoque</strong></span> 
     </span>
    </p>
   </div>
   <div class='ocr_carea' id='block_1_74' title="bbox 2141 1365 3722 1434">
    <p class='ocr_par' dir='ltr' id='par_1_74' title="bbox 2141 1365 3722 1434">
     <span class='ocr_line' id='line_1_74' title="bbox 2141 1365 3722 1434; baseline 0.003 -17"><span class='ocrx_word' id='word_1_590' title='bbox 2141 1366 2300 1418; x_wconf 90' lang='lat' dir='ltr'><strong>animi</strong></span> <span class='ocrx_word' id='word_1_591' title='bbox 2331 1375 2446 1419; x_wconf 88' lang='lat' dir='ltr'><strong>erat</strong></span> <span class='ocrx_word' id='word_1_592' title='bbox 2471 1365 2833 1434; x_wconf 74' lang='lat' dir='ltr'><strong>despicientia.</strong></span> <span class='ocrx_word' id='word_1_593' title='bbox 2879 1367 3002 1421; x_wconf 90' lang='lat' dir='ltr'><strong>Ideo</strong></span> <span class='ocrx_word' id='word_1_594' title='bbox 3029 1382 3148 1421; x_wconf 91' lang='lat' dir='ltr'><strong>cum</strong></span> <span class='ocrx_word' id='word_1_595' title='bbox 3171 1368 3393 1422; x_wconf 73' lang='lat' dir='ltr'><strong>dixisset</strong></span> <span class='ocrx_word' id='word_1_596' title='bbox 3419 1411 3434 1432; x_wconf 93' lang='lat'><strong>,</strong></span> <span class='ocrx_word' id='word_1_597' title='bbox 3469 1368 3592 1422; x_wconf 78' lang='lat' dir='ltr'><strong>Misi</strong></span> <span class='ocrx_word' id='word_1_598' title='bbox 3635 1367 3722 1422; x_wconf 83' lang='lat' dir='ltr'><strong>Tt-</strong></span> 
     </span>
    </p>
   </div>
   <div class='ocr_carea' id='block_1_75' title="bbox 2141 1458 3724 1531">
    <p class='ocr_par' dir='ltr' id='par_1_75' title="bbox 2141 1458 3724 1531">
     <span class='ocr_line' id='line_1_75' title="bbox 2141 1458 3724 1531; baseline 0.005 -23"><span class='ocrx_word' id='word_1_599' title='bbox 2141 1458 2395 1510; x_wconf 77' lang='lat' dir='ltr'><strong>mntlteum</strong></span> <span class='ocrx_word' id='word_1_600' title='bbox 2414 1498 2428 1521; x_wconf 89' lang='lat'><strong>,</strong></span> <span class='ocrx_word' id='word_1_601' title='bbox 2461 1474 2563 1512; x_wconf 92' lang='lat' dir='ltr'><strong>non</strong></span> <span class='ocrx_word' id='word_1_602' title='bbox 2593 1459 2770 1512; x_wconf 89' lang='lat' dir='ltr'><strong>statim</strong></span> <span class='ocrx_word' id='word_1_603' title='bbox 2799 1459 2932 1513; x_wconf 83' lang='lat' dir='ltr'><strong>dixit</strong></span> <span class='ocrx_word' id='word_1_604' title='bbox 2958 1500 2975 1524; x_wconf 92' lang='lat'><strong>,</strong></span> <span class='ocrx_word' id='word_1_605' title='bbox 3006 1459 3227 1514; x_wconf 83' lang='lat' dir='ltr'><strong>Veniam</strong></span> <span class='ocrx_word' id='word_1_606' title='bbox 3256 1503 3270 1524; x_wconf 90' lang='lat'><strong>,</strong></span> <span class='ocrx_word' id='word_1_607' title='bbox 3299 1460 3392 1516; x_wconf 83' lang='lat' dir='ltr'><strong>sed</strong></span> <span class='ocrx_word' id='word_1_608' title='bbox 3420 1477 3543 1516; x_wconf 91' lang='lat' dir='ltr'><strong>cum</strong></span> <span class='ocrx_word' id='word_1_609' title='bbox 3575 1463 3724 1531; x_wconf 83' lang='lat' dir='ltr'><strong>prius</strong></span> 
     </span>
    </p>
   </div>
   <div class='ocr_carea' id='block_1_76' title="bbox 2143 1547 3723 1618">
    <p class='ocr_par' dir='ltr' id='par_1_76' title="bbox 2143 1547 3723 1618">
     <span class='ocr_line' id='line_1_76' title="bbox 2143 1547 3723 1618; baseline 0.002 -16"><span class='ocrx_word' id='word_1_610' title='bbox 2143 1547 2288 1617; x_wconf 90' lang='lat' dir='ltr'><strong>ipsos</strong></span> <span class='ocrx_word' id='word_1_611' title='bbox 2313 1559 2622 1603; x_wconf 87' lang='lat' dir='ltr'><strong>accusasset</strong></span> <span class='ocrx_word' id='word_1_612' title='bbox 2647 1549 2787 1618; x_wconf 91' lang='lat' dir='ltr'><strong>quod</strong></span> <span class='ocrx_word' id='word_1_613' title='bbox 2808 1549 2972 1604; x_wconf 89' lang='lat' dir='ltr'><strong>inflati</strong></span> <span class='ocrx_word' id='word_1_614' title='bbox 2989 1559 3190 1616; x_wconf 83' lang='lat' dir='ltr'><strong>essent,</strong></span> <span class='ocrx_word' id='word_1_615' title='bbox 3211 1561 3336 1605; x_wconf 90' lang='lat' dir='ltr'><strong>tunc</strong></span> <span class='ocrx_word' id='word_1_616' title='bbox 3357 1551 3453 1618; x_wconf 89' lang='lat' dir='ltr'><strong>ait,</strong></span> <span class='ocrx_word' id='word_1_617' title='bbox 3489 1551 3723 1605; x_wconf 77' lang='lat' dir='ltr'><strong>Veniant.</strong></span> 
     </span>
    </p>
   </div>
   <div class='ocr_carea' id='block_1_77' title="bbox 2141 1640 3726 1713">
    <p class='ocr_par' dir='ltr' id='par_1_77' title="bbox 2141 1640 3726 1713">
     <span class='ocr_line' id='line_1_77' title="bbox 2141 1640 3726 1713; baseline 0.002 -18"><span class='ocrx_word' id='word_1_618' title='bbox 2141 1640 2273 1695; x_wconf 88' lang='lat' dir='ltr'><strong>Nam</strong></span> <span class='ocrx_word' id='word_1_619' title='bbox 2303 1641 2348 1695; x_wconf 92' lang='lat' dir='ltr'><strong>si</strong></span> <span class='ocrx_word' id='word_1_620' title='bbox 2380 1651 2502 1694; x_wconf 88' lang='lat' dir='ltr'><strong>ante</strong></span> <span class='ocrx_word' id='word_1_621' title='bbox 2529 1641 2926 1696; x_wconf 86' lang='lat' dir='ltr'><strong>accusationem</strong></span> <span class='ocrx_word' id='word_1_622' title='bbox 2957 1641 3088 1696; x_wconf 92' lang='lat' dir='ltr'><strong>illud</strong></span> <span class='ocrx_word' id='word_1_623' title='bbox 3116 1643 3416 1713; x_wconf 79' lang='lat' dir='ltr'><strong>posuisset,</strong></span> <span class='ocrx_word' id='word_1_624' title='bbox 3444 1646 3726 1698; x_wconf 75' lang='lat' dir='ltr'><strong>excusatio</strong></span> 
     </span>
    </p>
   </div>
   <div class='ocr_carea' id='block_1_78' title="bbox 2145 1735 3729 1807">
    <p class='ocr_par' dir='ltr' id='par_1_78' title="bbox 2145 1735 3729 1807">
     <span class='ocr_line' id='line_1_78' title="bbox 2145 1735 3729 1807; baseline 0.003 -18"><span class='ocrx_word' id='word_1_625' title='bbox 2145 1736 2319 1805; x_wconf 87' lang='lat' dir='ltr'><strong>potius</strong></span> <span class='ocrx_word' id='word_1_626' title='bbox 2346 1737 2456 1790; x_wconf 89' lang='lat' dir='ltr'><strong>visa</strong></span> <span class='ocrx_word' id='word_1_627' title='bbox 2481 1735 2689 1800; x_wconf 80' lang='lat' dir='ltr'><strong>fuisset,</strong></span> <span class='ocrx_word' id='word_1_628' title='bbox 2725 1746 2781 1790; x_wconf 93' lang='lat' dir='ltr'><strong>ut</strong></span> <span class='ocrx_word' id='word_1_629' title='bbox 2804 1737 2892 1806; x_wconf 92' lang='lat' dir='ltr'><strong>qui</strong></span> <span class='ocrx_word' id='word_1_630' title='bbox 2926 1753 3032 1791; x_wconf 92' lang='lat' dir='ltr'><strong>non</strong></span> <span class='ocrx_word' id='word_1_631' title='bbox 3055 1738 3333 1807; x_wconf 82' lang='lat' dir='ltr'><strong>defuisset,</strong></span> <span class='ocrx_word' id='word_1_632' title='bbox 3363 1749 3418 1795; x_wconf 89' lang='lat' dir='ltr'><strong>et</strong></span> <span class='ocrx_word' id='word_1_633' title='bbox 3444 1755 3552 1794; x_wconf 87' lang='lat' dir='ltr'><strong>non</strong></span> <span class='ocrx_word' id='word_1_634' title='bbox 3578 1756 3729 1795; x_wconf 87' lang='lat' dir='ltr'><strong>com-</strong></span> 
     </span>
    </p>
   </div>
   <div class='ocr_carea' id='block_1_79' title="bbox 2143 1827 3725 1895">
    <p class='ocr_par' dir='ltr' id='par_1_79' title="bbox 2143 1827 3725 1895">
     <span class='ocr_line' id='line_1_79' title="bbox 2143 1827 3725 1895; baseline 0.004 -13"><span class='ocrx_word' id='word_1_635' title='bbox 2143 1827 2366 1882; x_wconf 88' lang='lat' dir='ltr'><strong>minatio</strong></span> <span class='ocrx_word' id='word_1_636' title='bbox 2392 1867 2408 1893; x_wconf 93' lang='lat'><strong>,</strong></span> <span class='ocrx_word' id='word_1_637' title='bbox 2442 1843 2542 1882; x_wconf 90' lang='lat' dir='ltr'><strong>nec</strong></span> <span class='ocrx_word' id='word_1_638' title='bbox 2567 1828 2839 1884; x_wconf 88' lang='lat' dir='ltr'><strong>credibilis</strong></span> <span class='ocrx_word' id='word_1_639' title='bbox 2889 1844 3070 1884; x_wconf 89' lang='lat' dir='ltr'><strong>sermo</strong></span> <span class='ocrx_word' id='word_1_640' title='bbox 3107 1829 3296 1886; x_wconf 84' lang='lat' dir='ltr'><strong>fuisset</strong></span> <span class='ocrx_word' id='word_1_641' title='bbox 3326 1849 3342 1895; x_wconf 88' lang='lat'><strong>;</strong></span> <span class='ocrx_word' id='word_1_642' title='bbox 3372 1847 3520 1887; x_wconf 87' lang='lat' dir='ltr'><strong>nunc</strong></span> <span class='ocrx_word' id='word_1_643' title='bbox 3545 1842 3725 1889; x_wconf 85' lang='lat' dir='ltr'><strong>autem</strong></span> 
     </span>
    </p>
   </div>
   <div class='ocr_carea' id='block_1_80' title="bbox 2143 1919 3728 1994">
    <p class='ocr_par' dir='ltr' id='par_1_80' title="bbox 2143 1919 3728 1994">
     <span class='ocr_line' id='line_1_80' title="bbox 2143 1919 3728 1994; baseline 0.006 -24"><span class='ocrx_word' id='word_1_644' title='bbox 2143 1927 2264 1988; x_wconf 81' lang='lat' dir='ltr'><strong>post</strong></span> <span class='ocrx_word' id='word_1_645' title='bbox 2289 1919 2683 1974; x_wconf 88' lang='lat' dir='ltr'><strong>accusationem</strong></span> <span class='ocrx_word' id='word_1_646' title='bbox 2702 1919 2930 1990; x_wconf 89' lang='lat' dir='ltr'><strong>positum</strong></span> <span class='ocrx_word' id='word_1_647' title='bbox 2957 1920 3181 1988; x_wconf 85' lang='lat' dir='ltr'><strong>dictum,</strong></span> <span class='ocrx_word' id='word_1_648' title='bbox 3205 1931 3260 1976; x_wconf 89' lang='lat' dir='ltr'><strong>et</strong></span> <span class='ocrx_word' id='word_1_649' title='bbox 3288 1921 3392 1976; x_wconf 86' lang='lat' dir='ltr'><strong>fide</strong></span> <span class='ocrx_word' id='word_1_650' title='bbox 3418 1922 3643 1994; x_wconf 87' lang='lat' dir='ltr'><strong>dignum</strong></span> <span class='ocrx_word' id='word_1_651' title='bbox 3673 1934 3728 1980; x_wconf 88' lang='lat' dir='ltr'><strong>et</strong></span> 
     </span>
    </p>
   </div>
   <div class='ocr_carea' id='block_1_81' title="bbox 2146 2009 3726 2082">
    <p class='ocr_par' dir='ltr' id='par_1_81' title="bbox 2146 2009 3726 2082">
     <span class='ocr_line' id='line_1_81' title="bbox 2146 2009 3726 2082; baseline 0.004 -19"><span class='ocrx_word' id='word_1_652' title='bbox 2146 2009 2442 2064; x_wconf 86' lang='lat' dir='ltr'><strong>terribilem</strong></span> <span class='ocrx_word' id='word_1_653' title='bbox 2467 2010 2718 2064; x_wconf 91' lang='lat' dir='ltr'><strong>reddidit.</strong></span> <span class='ocrx_word' id='word_1_654' title='bbox 2743 2012 2810 2065; x_wconf 85' lang='lat' dir='ltr'><strong>Et</strong></span> <span class='ocrx_word' id='word_1_655' title='bbox 2835 2011 2956 2067; x_wconf 90' lang='lat' dir='ltr'><strong>vide</strong></span> <span class='ocrx_word' id='word_1_656' title='bbox 2986 2013 3105 2082; x_wconf 88' lang='lat' dir='ltr'><strong>ejus</strong></span> <span class='ocrx_word' id='word_1_657' title='bbox 3134 2015 3436 2068; x_wconf 90' lang='lat' dir='ltr'><strong>firmitatem</strong></span> <span class='ocrx_word' id='word_1_658' title='bbox 3463 2017 3726 2069; x_wconf 81' lang='lat' dir='ltr'><strong>securita-</strong></span> 
     </span>
    </p>
   </div>
   <div class='ocr_carea' id='block_1_82' title="bbox 2147 2101 3728 2170">
    <p class='ocr_par' dir='ltr' id='par_1_82' title="bbox 2147 2101 3728 2170">
     <span class='ocr_line' id='line_1_82' title="bbox 2147 2101 3728 2170; baseline 0.004 -16"><span class='ocrx_word' id='word_1_659' title='bbox 2147 2109 2378 2170; x_wconf 84' lang='lat' dir='ltr'><strong>temque.</strong></span> <span class='ocrx_word' id='word_1_660' title='bbox 2404 2101 2518 2154; x_wconf 86' lang='lat' dir='ltr'><strong>Non</strong></span> <span class='ocrx_word' id='word_1_661' title='bbox 2542 2103 2683 2155; x_wconf 91' lang='lat' dir='ltr'><strong>enim</strong></span> <span class='ocrx_word' id='word_1_662' title='bbox 2710 2103 3024 2170; x_wconf 87' lang='lat' dir='ltr'><strong>simpliciter</strong></span> <span class='ocrx_word' id='word_1_663' title='bbox 3050 2103 3204 2167; x_wconf 86' lang='lat' dir='ltr'><strong>dixit,</strong></span> <span class='ocrx_word' id='word_1_664' title='bbox 3251 2103 3478 2168; x_wconf 81' lang='lat' dir='ltr'><strong>Veniam,</strong></span> <span class='ocrx_word' id='word_1_665' title='bbox 3503 2106 3598 2159; x_wconf 85' lang='lat' dir='ltr'><strong>sed</strong></span> <span class='ocrx_word' id='word_1_666' title='bbox 3621 2150 3635 2169; x_wconf 83' lang='grc'><em>,</em></span> <span class='ocrx_word' id='word_1_667' title='bbox 3669 2107 3728 2159; x_wconf 81' lang='lat' dir='ltr'><strong>Si</strong></span> 
     </span>
    </p>
   </div>
   <div class='ocr_carea' id='block_1_83' title="bbox 2147 2191 3726 2265">
    <p class='ocr_par' dir='ltr' id='par_1_83' title="bbox 2147 2191 3726 2265">
     <span class='ocr_line' id='line_1_83' title="bbox 2147 2191 3726 2265; baseline 0.004 -21"><span class='ocrx_word' id='word_1_668' title='bbox 2147 2191 2392 2246; x_wconf 85' lang='lat' dir='ltr'><strong>Dominus</strong></span> <span class='ocrx_word' id='word_1_669' title='bbox 2413 2192 2622 2245; x_wconf 80' lang='lat' dir='ltr'><strong>voluerit</strong></span> <span class='ocrx_word' id='word_1_670' title='bbox 2643 2209 2661 2256; x_wconf 89' lang='lat'><strong><em>;</em></strong></span> <span class='ocrx_word' id='word_1_671' title='bbox 2689 2208 2787 2247; x_wconf 91' lang='lat' dir='ltr'><strong>nec</strong></span> <span class='ocrx_word' id='word_1_672' title='bbox 2811 2203 3020 2262; x_wconf 88' lang='lat' dir='ltr'><strong>tempus</strong></span> <span class='ocrx_word' id='word_1_673' title='bbox 3036 2195 3381 2248; x_wconf 88' lang='lat' dir='ltr'><strong>constitutum</strong></span> <span class='ocrx_word' id='word_1_674' title='bbox 3401 2198 3572 2265; x_wconf 90' lang='lat' dir='ltr'><strong>ponit.</strong></span> <span class='ocrx_word' id='word_1_675' title='bbox 3592 2197 3726 2263; x_wconf 88' lang='lat' dir='ltr'><strong>Quia</strong></span> 
     </span>
    </p>
   </div>
   <div class='ocr_carea' id='block_1_84' title="bbox 2145 2284 3727 2352">
    <p class='ocr_par' dir='ltr' id='par_1_84' title="bbox 2145 2284 3727 2352">
     <span class='ocr_line' id='line_1_84' title="bbox 2145 2284 3727 2352; baseline 0.003 -14"><span class='ocrx_word' id='word_1_676' title='bbox 2145 2285 2286 2338; x_wconf 90' lang='lat' dir='ltr'><strong>enim</strong></span> <span class='ocrx_word' id='word_1_677' title='bbox 2317 2284 2539 2352; x_wconf 75' lang='lat' dir='ltr'><strong>contigit</strong></span> <span class='ocrx_word' id='word_1_678' title='bbox 2567 2301 2687 2339; x_wconf 90' lang='lat' dir='ltr'><strong>eum</strong></span> <span class='ocrx_word' id='word_1_679' title='bbox 2726 2285 2928 2340; x_wconf 86' lang='lat' dir='ltr'><strong>tardius</strong></span> <span class='ocrx_word' id='word_1_680' title='bbox 2953 2286 3214 2342; x_wconf 85' lang='lat' dir='ltr'><strong>accedere</strong></span> <span class='ocrx_word' id='word_1_681' title='bbox 3235 2329 3249 2352; x_wconf 94' lang='lat'><strong>,</strong></span> <span class='ocrx_word' id='word_1_682' title='bbox 3279 2302 3344 2341; x_wconf 79' lang='lat' dir='ltr'><strong>ex</strong></span> <span class='ocrx_word' id='word_1_683' title='bbox 3375 2288 3582 2343; x_wconf 86' lang='lat' dir='ltr'><strong>incerto</strong></span> <span class='ocrx_word' id='word_1_684' title='bbox 3613 2290 3727 2343; x_wconf 88' lang='lat' dir='ltr'><strong>vult</strong></span> 
     </span>
    </p>
   </div>
   <div class='ocr_carea' id='block_1_85' title="bbox 2147 2375 3725 2450">
    <p class='ocr_par' dir='ltr' id='par_1_85' title="bbox 2147 2375 3725 2450">
     <span class='ocr_line' id='line_1_85' title="bbox 2147 2375 3725 2450; baseline 0.002 -21"><span class='ocrx_word' id='word_1_685' title='bbox 2147 2375 2267 2429; x_wconf 91' lang='lat' dir='ltr'><strong>illos</strong></span> <span class='ocrx_word' id='word_1_686' title='bbox 2290 2375 2476 2430; x_wconf 88' lang='lat' dir='ltr'><strong>dubios</strong></span> <span class='ocrx_word' id='word_1_687' title='bbox 2504 2377 2664 2430; x_wconf 92' lang='lat' dir='ltr'><strong>animi</strong></span> <span class='ocrx_word' id='word_1_688' title='bbox 2716 2386 2773 2432; x_wconf 89' lang='lat' dir='ltr'><strong>et</strong></span> <span class='ocrx_word' id='word_1_689' title='bbox 2814 2393 3105 2447; x_wconf 87' lang='lat' dir='ltr'><strong>suspensos</strong></span> <span class='ocrx_word' id='word_1_690' title='bbox 3137 2389 3341 2434; x_wconf 82' lang='lat' dir='ltr'><strong>tenere.</strong></span> <span class='ocrx_word' id='word_1_691' title='bbox 3377 2380 3444 2435; x_wconf 85' lang='lat' dir='ltr'><strong>Et</strong></span> <span class='ocrx_word' id='word_1_692' title='bbox 3491 2398 3559 2435; x_wconf 90' lang='lat' dir='ltr'><strong>ne</strong></span> <span class='ocrx_word' id='word_1_693' title='bbox 3599 2399 3725 2450; x_wconf 80' lang='lat' dir='ltr'><strong>pro-</strong></span> 
     </span>
    </p>
   </div>
   <div class='ocr_carea' id='block_1_86' title="bbox 2147 2469 3725 2542">
    <p class='ocr_par' dir='ltr' id='par_1_86' title="bbox 2147 2469 3725 2542">
     <span class='ocr_line' id='line_1_86' title="bbox 2147 2469 3725 2542; baseline 0.003 -21"><span class='ocrx_word' id='word_1_694' title='bbox 2147 2477 2328 2538; x_wconf 84' lang='lat' dir='ltr'><strong>pterea</strong></span> <span class='ocrx_word' id='word_1_695' title='bbox 2353 2483 2534 2522; x_wconf 86' lang='lat' dir='ltr'><strong>rursus</strong></span> <span class='ocrx_word' id='word_1_696' title='bbox 2561 2469 2876 2534; x_wconf 88' lang='lat' dir='ltr'><strong>concidant,</strong></span> <span class='ocrx_word' id='word_1_697' title='bbox 2893 2471 3092 2524; x_wconf 89' lang='lat' dir='ltr'><strong>addidit</strong></span> <span class='ocrx_word' id='word_1_698' title='bbox 3115 2513 3128 2534; x_wconf 96' lang='lat'><strong>,</strong></span> <span class='ocrx_word' id='word_1_699' title='bbox 3147 2471 3275 2526; x_wconf 86' lang='lat' dir='ltr'><strong>Cito.</strong></span> <span class='ocrx_word' id='word_1_700' title='bbox 3311 2471 3376 2526; x_wconf 84' lang='lat' dir='ltr'><strong>Et</strong></span> <span class='ocrx_word' id='word_1_701' title='bbox 3403 2490 3725 2542; x_wconf 83' lang='lat' dir='ltr'><strong>cognoscam,</strong></span> 
     </span>
    </p>
   </div>
   <div class='ocr_carea' id='block_1_87' title="bbox 2147 2561 3726 2631">
    <p class='ocr_par' dir='ltr' id='par_1_87' title="bbox 2147 2561 3726 2631">
     <span class='ocr_line' id='line_1_87' title="bbox 2147 2561 3726 2631; baseline 0.003 -19"><span class='ocrx_word' id='word_1_702' title='bbox 2147 2575 2248 2612; x_wconf 89' lang='lat' dir='ltr'><strong>non</strong></span> <span class='ocrx_word' id='word_1_703' title='bbox 2276 2576 2552 2613; x_wconf 87' lang='lat' dir='ltr'><strong>sermonem</strong></span> <span class='ocrx_word' id='word_1_704' title='bbox 2583 2576 2754 2613; x_wconf 82' lang='lat' dir='ltr'><strong>eorum</strong></span> <span class='ocrx_word' id='word_1_705' title='bbox 2773 2561 2858 2631; x_wconf 87' lang='lat' dir='ltr'><strong>qui</strong></span> <span class='ocrx_word' id='word_1_706' title='bbox 2873 2562 3038 2630; x_wconf 82' lang='lat' dir='ltr'><strong>inﬂati</strong></span> <span class='ocrx_word' id='word_1_707' title='bbox 3063 2573 3196 2627; x_wconf 88' lang='lat' dir='ltr'><strong>sunt,</strong></span> <span class='ocrx_word' id='word_1_708' title='bbox 3224 2562 3310 2616; x_wconf 84' lang='lat' dir='ltr'><strong>sed</strong></span> <span class='ocrx_word' id='word_1_709' title='bbox 3341 2563 3590 2617; x_wconf 80' lang='lat' dir='ltr'><strong>virtutem.</strong></span> <span class='ocrx_word' id='word_1_710' title='bbox 3613 2564 3726 2617; x_wconf 38' lang='lat' dir='ltr'><strong>&quot;Non</strong></span> 
     </span>
    </p>
   </div>
   <div class='ocr_carea' id='block_1_88' title="bbox 2147 2648 3727 2722">
    <p class='ocr_par' dir='ltr' id='par_1_88' title="bbox 2147 2648 3727 2722">
     <span class='ocr_line' id='line_1_88' title="bbox 2147 2648 3727 2722; baseline 0.003 -18"><span class='ocrx_word' id='word_1_711' title='bbox 2147 2649 2298 2712; x_wconf 85' lang='lat' dir='ltr'><strong>dixit,</strong></span> <span class='ocrx_word' id='word_1_712' title='bbox 2323 2648 2652 2720; x_wconf 80' lang='lat' dir='ltr'><strong>Cognoscam</strong></span> <span class='ocrx_word' id='word_1_713' title='bbox 2681 2651 3014 2718; x_wconf 86' lang='lat' dir='ltr'><strong>sapientiam,</strong></span> <span class='ocrx_word' id='word_1_714' title='bbox 3045 2668 3216 2722; x_wconf 88' lang='lat' dir='ltr'><strong>neque</strong></span> <span class='ocrx_word' id='word_1_715' title='bbox 3240 2654 3419 2722; x_wconf 84' lang='lat' dir='ltr'><strong>signa;</strong></span> <span class='ocrx_word' id='word_1_716' title='bbox 3450 2655 3544 2708; x_wconf 89' lang='lat' dir='ltr'><strong>sed</strong></span> <span class='ocrx_word' id='word_1_717' title='bbox 3575 2655 3727 2722; x_wconf 82' lang='lat' dir='ltr'><strong>quid?</strong></span> 
     </span>
    </p>
   </div>
   <div class='ocr_carea' id='block_1_89' title="bbox 2149 2739 3725 2814">
    <p class='ocr_par' dir='ltr' id='par_1_89' title="bbox 2149 2739 3725 2814">
     <span class='ocr_line' id='line_1_89' title="bbox 2149 2739 3725 2814; baseline 0.003 -20"><span class='ocrx_word' id='word_1_718' title='bbox 2149 2739 2270 2794; x_wconf 83' lang='lat' dir='ltr'><strong>Non</strong></span> <span class='ocrx_word' id='word_1_719' title='bbox 2297 2757 2576 2794; x_wconf 82' lang='lat' dir='ltr'><strong>sermonem</strong></span> <span class='ocrx_word' id='word_1_720' title='bbox 2605 2759 2623 2808; x_wconf 84' lang='lat'><em>;</em></span> <span class='ocrx_word' id='word_1_721' title='bbox 2652 2753 2706 2795; x_wconf 92' lang='lat' dir='ltr'><strong>et</strong></span> <span class='ocrx_word' id='word_1_722' title='bbox 2735 2741 2862 2797; x_wconf 89' lang='lat' dir='ltr'><strong>illud</strong></span> <span class='ocrx_word' id='word_1_723' title='bbox 2891 2743 3100 2812; x_wconf 88' lang='lat' dir='ltr'><strong>prolato</strong></span> <span class='ocrx_word' id='word_1_724' title='bbox 3131 2745 3348 2799; x_wconf 88' lang='lat' dir='ltr'><strong>nomine</strong></span> <span class='ocrx_word' id='word_1_725' title='bbox 3368 2744 3680 2814; x_wconf 88' lang='lat' dir='ltr'><strong>deprimens</strong></span> <span class='ocrx_word' id='word_1_726' title='bbox 3708 2787 3725 2810; x_wconf 90' lang='lat'><strong>,</strong></span> 
     </span>
    </p>
   </div>
   <div class='ocr_carea' id='block_1_90' title="bbox 2149 2832 3722 2907">
    <p class='ocr_par' dir='ltr' id='par_1_90' title="bbox 2149 2832 3722 2907">
     <span class='ocr_line' id='line_1_90' title="bbox 2149 2832 3722 2907; baseline 0.001 -19"><span class='ocrx_word' id='word_1_727' title='bbox 2149 2843 2203 2888; x_wconf 89' lang='lat' dir='ltr'><strong>et</strong></span> <span class='ocrx_word' id='word_1_728' title='bbox 2229 2832 2332 2888; x_wconf 90' lang='lat' dir='ltr'><strong>hoc</strong></span> <span class='ocrx_word' id='word_1_729' title='bbox 2357 2834 2638 2888; x_wconf 88' lang='lat' dir='ltr'><strong>extollens.</strong></span> <span class='ocrx_word' id='word_1_730' title='bbox 2671 2835 2736 2888; x_wconf 81' lang='lat' dir='ltr'><strong>Et</strong></span> <span class='ocrx_word' id='word_1_731' title='bbox 2764 2834 2975 2889; x_wconf 90' lang='lat' dir='ltr'><strong>interim</strong></span> <span class='ocrx_word' id='word_1_732' title='bbox 3007 2849 3312 2890; x_wconf 88' lang='lat' dir='ltr'><strong>sermonem</strong></span> <span class='ocrx_word' id='word_1_733' title='bbox 3333 2836 3506 2907; x_wconf 89' lang='lat' dir='ltr'><strong>dirigit</strong></span> <span class='ocrx_word' id='word_1_734' title='bbox 3527 2838 3592 2890; x_wconf 87' lang='lat' dir='ltr'><strong>ad</strong></span> <span class='ocrx_word' id='word_1_735' title='bbox 3611 2853 3722 2900; x_wconf 84' lang='lat' dir='ltr'><strong>eos,</strong></span> 
     </span>
    </p>
   </div>
   <div class='ocr_carea' id='block_1_91' title="bbox 2149 2924 3728 2998">
    <p class='ocr_par' dir='ltr' id='par_1_91' title="bbox 2149 2924 3728 2998">
     <span class='ocr_line' id='line_1_91' title="bbox 2149 2924 3728 2998; baseline 0.002 -21"><span class='ocrx_word' id='word_1_736' title='bbox 2149 2925 2241 2994; x_wconf 90' lang='lat' dir='ltr'><strong>qui</strong></span> <span class='ocrx_word' id='word_1_737' title='bbox 2271 2924 2644 2980; x_wconf 86' lang='lat' dir='ltr'><strong>fornicatorem</strong></span> <span class='ocrx_word' id='word_1_738' title='bbox 2673 2925 2942 2980; x_wconf 85' lang='lat' dir='ltr'><strong>fovebant.</strong></span> <span class='ocrx_word' id='word_1_739' title='bbox 2962 2926 3092 2980; x_wconf 88' lang='lat' dir='ltr'><strong>Nam</strong></span> <span class='ocrx_word' id='word_1_740' title='bbox 3111 2927 3155 2980; x_wconf 78' lang='lat' dir='ltr'><strong>si</strong></span> <span class='ocrx_word' id='word_1_741' title='bbox 3179 2927 3324 2982; x_wconf 88' lang='lat' dir='ltr'><strong>illntn</strong></span> <span class='ocrx_word' id='word_1_742' title='bbox 3343 2929 3728 2998; x_wconf 84' lang='lat' dir='ltr'><strong>alloqueretur.</strong></span> 
     </span>
    </p>
   </div>
   <div class='ocr_carea' id='block_1_92' title="bbox 2152 3016 3724 3088">
    <p class='ocr_par' dir='ltr' id='par_1_92' title="bbox 2152 3016 3724 3088">
     <span class='ocr_line' id='line_1_92' title="bbox 2152 3016 3724 3088; baseline 0.003 -18"><span class='ocrx_word' id='word_1_743' title='bbox 2152 3032 2254 3071; x_wconf 90' lang='lat' dir='ltr'><strong>nou</strong></span> <span class='ocrx_word' id='word_1_744' title='bbox 2283 3016 2484 3071; x_wconf 86' lang='lat' dir='ltr'><strong>diceret</strong></span> <span class='ocrx_word' id='word_1_745' title='bbox 2511 3018 2776 3084; x_wconf 85' lang='lat' dir='ltr'><strong>virtutem,</strong></span> <span class='ocrx_word' id='word_1_746' title='bbox 2800 3018 2892 3072; x_wconf 87' lang='lat' dir='ltr'><strong>sed</strong></span> <span class='ocrx_word' id='word_1_747' title='bbox 2915 3032 3096 3087; x_wconf 88' lang='lat' dir='ltr'><strong>opera,</strong></span> <span class='ocrx_word' id='word_1_748' title='bbox 3117 3033 3236 3087; x_wconf 68' lang='lat' dir='ltr'><strong>quae</strong></span> <span class='ocrx_word' id='word_1_749' title='bbox 3271 3029 3523 3088; x_wconf 86' lang='lat' dir='ltr'><strong>corrupta</strong></span> <span class='ocrx_word' id='word_1_750' title='bbox 3550 3030 3724 3074; x_wconf 88' lang='lat' dir='ltr'><strong>erant.</strong></span> 
     </span>
    </p>
   </div>
   <div class='ocr_carea' id='block_1_93' title="bbox 2152 3106 3725 3178">
    <p class='ocr_par' dir='ltr' id='par_1_93' title="bbox 2152 3106 3725 3178">
     <span class='ocr_line' id='line_1_93' title="bbox 2152 3106 3725 3178; baseline 0.003 -18"><span class='ocrx_word' id='word_1_751' title='bbox 2152 3106 2220 3161; x_wconf 85' lang='lat' dir='ltr'><strong>Et</strong></span> <span class='ocrx_word' id='word_1_752' title='bbox 2270 3123 2366 3162; x_wconf 88' lang='lat' dir='ltr'><strong>cur</strong></span> <span class='ocrx_word' id='word_1_753' title='bbox 2411 3123 2514 3162; x_wconf 92' lang='lat' dir='ltr'><strong>non</strong></span> <span class='ocrx_word' id='word_1_754' title='bbox 2565 3109 2763 3177; x_wconf 73' lang='lat' dir='ltr'><strong>quaeris</strong></span> <span class='ocrx_word' id='word_1_755' title='bbox 2811 3109 3302 3164; x_wconf 86' lang='lat' dir='ltr'><strong>sermonem?Non</strong></span> <span class='ocrx_word' id='word_1_756' title='bbox 3344 3110 3487 3178; x_wconf 88' lang='lat' dir='ltr'><strong>quod</strong></span> <span class='ocrx_word' id='word_1_757' title='bbox 3543 3111 3725 3165; x_wconf 71' lang='lat' dir='ltr'><strong>verbis</strong></span> 
     </span>
    </p>
   </div>
   <div class='ocr_carea' id='block_1_94' title="bbox 2151 3199 3732 3269">
    <p class='ocr_par' dir='ltr' id='par_1_94' title="bbox 2151 3199 3732 3269">
     <span class='ocr_line' id='line_1_94' title="bbox 2151 3199 3732 3269; baseline 0.005 -17"><span class='ocrx_word' id='word_1_758' title='bbox 2151 3215 2356 3268; x_wconf 84' lang='lat' dir='ltr'><strong>egeam,</strong></span> <span class='ocrx_word' id='word_1_759' title='bbox 2385 3199 2480 3254; x_wconf 86' lang='lat' dir='ltr'><strong>sed</strong></span> <span class='ocrx_word' id='word_1_760' title='bbox 2503 3203 2622 3269; x_wconf 89' lang='lat' dir='ltr'><strong>quia</strong></span> <span class='ocrx_word' id='word_1_761' title='bbox 2649 3202 2700 3254; x_wconf 91' lang='lat' dir='ltr'><strong>in</strong></span> <span class='ocrx_word' id='word_1_762' title='bbox 2735 3201 2930 3256; x_wconf 78' lang='lat' dir='ltr'><strong>virtute</strong></span> <span class='ocrx_word' id='word_1_763' title='bbox 2957 3218 3042 3256; x_wconf 84' lang='lat' dir='ltr'><strong>res</strong></span> <span class='ocrx_word' id='word_1_764' title='bbox 3077 3211 3273 3256; x_wconf 73' lang='lat' dir='ltr'><strong>nostra:</strong></span> <span class='ocrx_word' id='word_1_765' title='bbox 3303 3203 3628 3257; x_wconf 88' lang='lat' dir='ltr'><strong>consistunt.</strong></span> <span class='ocrx_word' id='word_1_766' title='bbox 3663 3205 3732 3260; x_wconf 78' lang='lat' dir='ltr'><strong>Ut</strong></span> 
     </span>
    </p>
   </div>
   <div class='ocr_carea' id='block_1_95' title="bbox 2156 3293 3730 3366">
    <p class='ocr_par' dir='ltr' id='par_1_95' title="bbox 2156 3293 3730 3366">
     <span class='ocr_line' id='line_1_95' title="bbox 2156 3293 3730 3366; baseline 0.003 -23"><span class='ocrx_word' id='word_1_767' title='bbox 2156 3293 2313 3362; x_wconf 89' lang='lat' dir='ltr'><strong>igitur</strong></span> <span class='ocrx_word' id='word_1_768' title='bbox 2335 3293 2386 3345; x_wconf 90' lang='lat' dir='ltr'><strong>in</strong></span> <span class='ocrx_word' id='word_1_769' title='bbox 2414 3293 2553 3346; x_wconf 91' lang='lat' dir='ltr'><strong>bello</strong></span> <span class='ocrx_word' id='word_1_770' title='bbox 2583 3309 2686 3346; x_wconf 91' lang='lat' dir='ltr'><strong>non</strong></span> <span class='ocrx_word' id='word_1_771' title='bbox 2717 3293 2880 3347; x_wconf 91' lang='lat' dir='ltr'><strong>multa</strong></span> <span class='ocrx_word' id='word_1_772' title='bbox 2906 3294 3237 3363; x_wconf 90' lang='lat' dir='ltr'><strong>loquentium</strong></span> <span class='ocrx_word' id='word_1_773' title='bbox 3266 3336 3279 3360; x_wconf 90' lang='lat'><strong>,</strong></span> <span class='ocrx_word' id='word_1_774' title='bbox 3313 3294 3406 3348; x_wconf 84' lang='lat' dir='ltr'><strong>sed</strong></span> <span class='ocrx_word' id='word_1_775' title='bbox 3439 3295 3606 3349; x_wconf 82' lang='lat' dir='ltr'><strong>multa</strong></span> <span class='ocrx_word' id='word_1_776' title='bbox 3639 3314 3730 3366; x_wconf 87' lang='lat' dir='ltr'><strong>pa-</strong></span> 
     </span>
    </p>
   </div>
   <div class='ocr_carea' id='block_1_96' title="bbox 2157 3383 3734 3455">
    <p class='ocr_par' dir='ltr' id='par_1_96' title="bbox 2157 3383 3734 3455">
     <span class='ocr_line' id='line_1_96' title="bbox 2157 3383 3734 3455; baseline 0.003 -19"><span class='ocrx_word' id='word_1_777' title='bbox 2157 3383 2404 3436; x_wconf 84' lang='lat' dir='ltr'><strong>trantiutn</strong></span> <span class='ocrx_word' id='word_1_778' title='bbox 2429 3391 2552 3436; x_wconf 85' lang='lat' dir='ltr'><strong>sunt</strong></span> <span class='ocrx_word' id='word_1_779' title='bbox 2581 3384 2830 3453; x_wconf 64' lang='lat' dir='ltr'><strong>priet-iura</strong></span> <span class='ocrx_word' id='word_1_780' title='bbox 2861 3393 3006 3453; x_wconf 88' lang='lat' dir='ltr'><strong>gesta</strong></span> <span class='ocrx_word' id='word_1_781' title='bbox 3037 3403 3050 3436; x_wconf 88' lang='lat'><strong>:</strong></span> <span class='ocrx_word' id='word_1_782' title='bbox 3078 3387 3146 3439; x_wconf 90' lang='lat' dir='ltr'><strong>ita</strong></span> <span class='ocrx_word' id='word_1_783' title='bbox 3180 3386 3267 3439; x_wconf 91' lang='lat' dir='ltr'><strong>hic</strong></span> <span class='ocrx_word' id='word_1_784' title='bbox 3285 3401 3498 3455; x_wconf 89' lang='lat' dir='ltr'><strong>quoque</strong></span> <span class='ocrx_word' id='word_1_785' title='bbox 3530 3403 3636 3440; x_wconf 91' lang='lat' dir='ltr'><strong>non</strong></span> <span class='ocrx_word' id='word_1_786' title='bbox 3657 3389 3734 3441; x_wconf 91' lang='lat' dir='ltr'><strong>lo-</strong></span> 
     </span>
    </p>
   </div>
   <div class='ocr_carea' id='block_1_97' title="bbox 2155 3475 3736 3546">
    <p class='ocr_par' dir='ltr' id='par_1_97' title="bbox 2155 3475 3736 3546">
     <span class='ocr_line' id='line_1_97' title="bbox 2155 3475 3736 3546; baseline 0.001 -18"><span class='ocrx_word' id='word_1_787' title='bbox 2155 3476 2430 3543; x_wconf 85' lang='lat' dir='ltr'><strong>thentium</strong></span> <span class='ocrx_word' id='word_1_788' title='bbox 2464 3517 2478 3536; x_wconf 89' lang='lat'><strong>,</strong></span> <span class='ocrx_word' id='word_1_789' title='bbox 2509 3475 2600 3528; x_wconf 82' lang='lat' dir='ltr'><strong>sed</strong></span> <span class='ocrx_word' id='word_1_790' title='bbox 2629 3476 2964 3544; x_wconf 85' lang='lat' dir='ltr'><strong>operantium</strong></span> <span class='ocrx_word' id='word_1_791' title='bbox 2995 3486 3070 3529; x_wconf 86' lang='lat' dir='ltr'><strong>est</strong></span> <span class='ocrx_word' id='word_1_792' title='bbox 3106 3477 3347 3530; x_wconf 87' lang='lat' dir='ltr'><strong>victoria.</strong></span> <span class='ocrx_word' id='word_1_793' title='bbox 3379 3479 3561 3530; x_wconf 83' lang='lat' dir='ltr'><strong>Altum</strong></span> <span class='ocrx_word' id='word_1_794' title='bbox 3593 3480 3736 3546; x_wconf 83' lang='lat' dir='ltr'><strong>sapis</strong></span> 
     </span>
    </p>
   </div>
   <div class='ocr_carea' id='block_1_98' title="bbox 2157 3567 3724 3635">
    <p class='ocr_par' dir='ltr' id='par_1_98' title="bbox 2157 3567 3724 3635">
     <span class='ocr_line' id='line_1_98' title="bbox 2157 3567 3724 3635; baseline 0.001 -18"><span class='ocrx_word' id='word_1_795' title='bbox 2157 3568 2226 3621; x_wconf 84' lang='lat' dir='ltr'><strong>ob</strong></span> <span class='ocrx_word' id='word_1_796' title='bbox 2267 3567 2564 3620; x_wconf 89' lang='lat' dir='ltr'><strong>facundiam</strong></span> <span class='ocrx_word' id='word_1_797' title='bbox 2599 3609 2612 3632; x_wconf 86' lang='lat'><strong>,</strong></span> <span class='ocrx_word' id='word_1_798' title='bbox 2647 3567 2848 3635; x_wconf 89' lang='lat' dir='ltr'><strong>inquit;</strong></span> <span class='ocrx_word' id='word_1_799' title='bbox 2901 3567 2992 3620; x_wconf 87' lang='lat' dir='ltr'><strong>scd</strong></span> <span class='ocrx_word' id='word_1_800' title='bbox 3035 3567 3076 3621; x_wconf 89' lang='lat' dir='ltr'><strong>si</strong></span> <span class='ocrx_word' id='word_1_801' title='bbox 3139 3569 3411 3621; x_wconf 87' lang='lat' dir='ltr'><strong>rhetorum</strong></span> <span class='ocrx_word' id='word_1_802' title='bbox 3451 3579 3724 3622; x_wconf 83' lang='lat' dir='ltr'><strong>certamen</strong></span> 
     </span>
    </p>
   </div>
   <div class='ocr_carea' id='block_1_99' title="bbox 2157 3658 3737 3728">
    <p class='ocr_par' dir='ltr' id='par_1_99' title="bbox 2157 3658 3737 3728">
     <span class='ocr_line' id='line_1_99' title="bbox 2157 3658 3737 3728; baseline 0 -16"><span class='ocrx_word' id='word_1_803' title='bbox 2157 3670 2302 3714; x_wconf 84' lang='lat' dir='ltr'><strong>esset</strong></span> <span class='ocrx_word' id='word_1_804' title='bbox 2331 3669 2384 3713; x_wconf 84' lang='lat' dir='ltr'><strong>et</strong></span> <span class='ocrx_word' id='word_1_805' title='bbox 2414 3671 2621 3728; x_wconf 89' lang='lat' dir='ltr'><strong>tempus</strong></span> <span class='ocrx_word' id='word_1_806' title='bbox 2655 3700 2670 3724; x_wconf 95' lang='lat'><strong>,</strong></span> <span class='ocrx_word' id='word_1_807' title='bbox 2715 3667 2859 3713; x_wconf 85' lang='lat' dir='ltr'><strong>recte</strong></span> <span class='ocrx_word' id='word_1_808' title='bbox 2900 3658 3020 3712; x_wconf 86' lang='lat' dir='ltr'><strong>ideo</strong></span> <span class='ocrx_word' id='word_1_809' title='bbox 3048 3660 3138 3712; x_wconf 92' lang='lat' dir='ltr'><strong>tibi</strong></span> <span class='ocrx_word' id='word_1_810' title='bbox 3172 3659 3450 3726; x_wconf 83' lang='lat' dir='ltr'><strong>placeres;</strong></span> <span class='ocrx_word' id='word_1_811' title='bbox 3483 3660 3527 3714; x_wconf 91' lang='lat' dir='ltr'><strong>si</strong></span> <span class='ocrx_word' id='word_1_812' title='bbox 3559 3674 3737 3714; x_wconf 88' lang='lat' dir='ltr'><strong>autem</strong></span> 
     </span>
    </p>
   </div>
   <div class='ocr_carea' id='block_1_100' title="bbox 2158 3752 3739 3820">
    <p class='ocr_par' dir='ltr' id='par_1_100' title="bbox 2158 3752 3739 3820">
     <span class='ocr_line' id='line_1_100' title="bbox 2158 3752 3739 3820; baseline 0.001 -16"><span class='ocrx_word' id='word_1_813' title='bbox 2158 3752 2522 3820; x_wconf 71' lang='lat' dir='ltr'><strong>apostolorum</strong></span> <span class='ocrx_word' id='word_1_814' title='bbox 2553 3752 2832 3805; x_wconf 77' lang='lat' dir='ltr'><strong>veritatem</strong></span> <span class='ocrx_word' id='word_1_815' title='bbox 2877 3753 3308 3806; x_wconf 88' lang='lat' dir='ltr'><strong>annuntiantium</strong></span> <span class='ocrx_word' id='word_1_816' title='bbox 3335 3793 3350 3818; x_wconf 92' lang='lat'><strong>,</strong></span> <span class='ocrx_word' id='word_1_817' title='bbox 3387 3763 3440 3807; x_wconf 90' lang='lat' dir='ltr'><strong>et</strong></span> <span class='ocrx_word' id='word_1_818' title='bbox 3484 3753 3631 3806; x_wconf 88' lang='lat' dir='ltr'><strong>illam</strong></span> <span class='ocrx_word' id='word_1_819' title='bbox 3663 3755 3739 3806; x_wconf 87' lang='lat' dir='ltr'><strong>si-</strong></span> 
     </span>
    </p>
   </div>
   <div class='ocr_carea' id='block_1_101' title="bbox 2159 3841 3761 3913">
    <p class='ocr_par' dir='ltr' id='par_1_101' title="bbox 2159 3841 3761 3913">
     <span class='ocr_line' id='line_1_101' title="bbox 2159 3841 3761 3913; baseline 0.005 -21"><span class='ocrx_word' id='word_1_820' title='bbox 2159 3841 2274 3909; x_wconf 88' lang='lat' dir='ltr'><strong>gnis</strong></span> <span class='ocrx_word' id='word_1_821' title='bbox 2299 3841 2727 3894; x_wconf 87' lang='lat' dir='ltr'><strong>confirmantium</strong></span> <span class='ocrx_word' id='word_1_822' title='bbox 2763 3883 2778 3907; x_wconf 86' lang='lat'><strong>,</strong></span> <span class='ocrx_word' id='word_1_823' title='bbox 2826 3843 2952 3911; x_wconf 89' lang='lat' dir='ltr'><strong>quid</strong></span> <span class='ocrx_word' id='word_1_824' title='bbox 3005 3843 3205 3897; x_wconf 88' lang='lat' dir='ltr'><strong>inflaris</strong></span> <span class='ocrx_word' id='word_1_825' title='bbox 3234 3844 3302 3898; x_wconf 89' lang='lat' dir='ltr'><strong>de</strong></span> <span class='ocrx_word' id='word_1_826' title='bbox 3332 3859 3390 3898; x_wconf 89' lang='lat' dir='ltr'><strong>re</strong></span> <span class='ocrx_word' id='word_1_827' title='bbox 3419 3844 3690 3913; x_wconf 82' lang='lat' dir='ltr'><strong>superflua</strong></span> <span class='ocrx_word' id='word_1_828' title='bbox 3721 3887 3761 3907; x_wconf 83' lang='lat'><strong>..</strong></span> 
     </span>
    </p>
   </div>
   <div class='ocr_carea' id='block_1_102' title="bbox 2160 3933 3738 4004">
    <p class='ocr_par' dir='ltr' id='par_1_102' title="bbox 2160 3933 3738 4004">
     <span class='ocr_line' id='line_1_102' title="bbox 2160 3933 3738 4004; baseline 0.004 -20"><span class='ocrx_word' id='word_1_829' title='bbox 2160 3948 2278 4002; x_wconf 74' lang='lat' dir='ltr'><strong>qua:</strong></span> <span class='ocrx_word' id='word_1_830' title='bbox 2307 3933 2436 3985; x_wconf 89' lang='lat' dir='ltr'><strong>nihil</strong></span> <span class='ocrx_word' id='word_1_831' title='bbox 2464 3943 2565 3997; x_wconf 86' lang='lat' dir='ltr'><strong>est,</strong></span> <span class='ocrx_word' id='word_1_832' title='bbox 2591 3943 2646 3986; x_wconf 85' lang='lat' dir='ltr'><strong>et</strong></span> <span class='ocrx_word' id='word_1_833' title='bbox 2669 3933 2732 3986; x_wconf 90' lang='lat' dir='ltr'><strong>ad</strong></span> <span class='ocrx_word' id='word_1_834' title='bbox 2763 3936 3048 4002; x_wconf 70' lang='lat' dir='ltr'><strong>praesentia</strong></span> <span class='ocrx_word' id='word_1_835' title='bbox 3080 3935 3209 3989; x_wconf 90' lang='lat' dir='ltr'><strong>nihil</strong></span> <span class='ocrx_word' id='word_1_836' title='bbox 3239 3935 3491 3990; x_wconf 86' lang='lat' dir='ltr'><strong>conferre</strong></span> <span class='ocrx_word' id='word_1_837' title='bbox 3523 3937 3738 4004; x_wconf 80' lang='lat' dir='ltr'><strong>possit?</strong></span> 
     </span>
    </p>
   </div>
   <div class='ocr_carea' id='block_1_103' title="bbox 2161 4024 3738 4095">
    <p class='ocr_par' dir='ltr' id='par_1_103' title="bbox 2161 4024 3738 4095">
     <span class='ocr_line' id='line_1_103' title="bbox 2161 4024 3738 4095; baseline 0.001 -18"><span class='ocrx_word' id='word_1_838' title='bbox 2161 4024 2294 4090; x_wconf 87' lang='lat' dir='ltr'><strong>Quid</strong></span> <span class='ocrx_word' id='word_1_839' title='bbox 2339 4026 2479 4078; x_wconf 89' lang='lat' dir='ltr'><strong>enim</strong></span> <span class='ocrx_word' id='word_1_840' title='bbox 2518 4026 2802 4079; x_wconf 86' lang='lat' dir='ltr'><strong>verborum</strong></span> <span class='ocrx_word' id='word_1_841' title='bbox 2835 4029 3126 4080; x_wconf 80' lang='lat' dir='ltr'><strong>ostentatio</strong></span> <span class='ocrx_word' id='word_1_842' title='bbox 3157 4036 3338 4095; x_wconf 85' lang='lat' dir='ltr'><strong>posset</strong></span> <span class='ocrx_word' id='word_1_843' title='bbox 3365 4027 3430 4081; x_wconf 89' lang='lat' dir='ltr'><strong>ad</strong></span> <span class='ocrx_word' id='word_1_844' title='bbox 3465 4039 3738 4082; x_wconf 89' lang='lat' dir='ltr'><strong>mortuum</strong></span> 
     </span>
    </p>
   </div>
   <div class='ocr_carea' id='block_1_104' title="bbox 2162 4115 3735 4187">
    <p class='ocr_par' dir='ltr' id='par_1_104' title="bbox 2162 4115 3735 4187">
     <span class='ocr_line' id='line_1_104' title="bbox 2162 4115 3735 4187; baseline 0.001 -17"><span class='ocrx_word' id='word_1_845' title='bbox 2162 4116 2524 4170; x_wconf 87' lang='lat' dir='ltr'><strong>suscitandum</strong></span> <span class='ocrx_word' id='word_1_846' title='bbox 2557 4157 2573 4181; x_wconf 91' lang='lat'><strong>,</strong></span> <span class='ocrx_word' id='word_1_847' title='bbox 2617 4126 2708 4170; x_wconf 90' lang='lat' dir='ltr'><strong>aut</strong></span> <span class='ocrx_word' id='word_1_848' title='bbox 2758 4115 3031 4172; x_wconf 76' lang='lat' dir='ltr'><strong>dannones</strong></span> <span class='ocrx_word' id='word_1_849' title='bbox 3073 4116 3350 4187; x_wconf 89' lang='lat' dir='ltr'><strong>pellendos</strong></span> <span class='ocrx_word' id='word_1_850' title='bbox 3389 4159 3403 4183; x_wconf 92' lang='lat'><strong>,</strong></span> <span class='ocrx_word' id='word_1_851' title='bbox 3450 4129 3541 4172; x_wconf 90' lang='lat' dir='ltr'><strong>aut</strong></span> <span class='ocrx_word' id='word_1_852' title='bbox 3593 4118 3735 4172; x_wconf 86' lang='lat' dir='ltr'><strong>aliud</strong></span> 
     </span>
    </p>
   </div>
   <div class='ocr_carea' id='block_1_105' title="bbox 2167 4209 3735 4279">
    <p class='ocr_par' dir='ltr' id='par_1_105' title="bbox 2167 4209 3735 4279">
     <span class='ocr_line' id='line_1_105' title="bbox 2167 4209 3735 4279; baseline 0.001 -17"><span class='ocrx_word' id='word_1_853' title='bbox 2167 4209 2450 4279; x_wconf 88' lang='lat' dir='ltr'><strong>quodpiam</strong></span> <span class='ocrx_word' id='word_1_854' title='bbox 2476 4210 2787 4263; x_wconf 88' lang='lat' dir='ltr'><strong>miraculum</strong></span> <span class='ocrx_word' id='word_1_855' title='bbox 2820 4211 3153 4278; x_wconf 90' lang='lat' dir='ltr'><strong>patrandum.</strong></span> <span class='ocrx_word' id='word_1_856' title='bbox 3185 4211 3275 4265; x_wconf 85' lang='lat' dir='ltr'><strong>llis</strong></span> <span class='ocrx_word' id='word_1_857' title='bbox 3303 4227 3441 4265; x_wconf 81' lang='lat' dir='ltr'><strong>mine</strong></span> <span class='ocrx_word' id='word_1_858' title='bbox 3469 4227 3605 4278; x_wconf 87' lang='lat' dir='ltr'><strong>opus</strong></span> <span class='ocrx_word' id='word_1_859' title='bbox 3635 4223 3735 4276; x_wconf 88' lang='lat' dir='ltr'><strong>est,</strong></span> 
     </span>
    </p>
   </div>
   <div class='ocr_carea' id='block_1_106' title="bbox 2163 4302 3739 4372">
    <p class='ocr_par' dir='ltr' id='par_1_106' title="bbox 2163 4302 3739 4372">
     <span class='ocr_line' id='line_1_106' title="bbox 2163 4302 3739 4372; baseline -0.001 -16"><span class='ocrx_word' id='word_1_860' title='bbox 2163 4313 2217 4356; x_wconf 85' lang='lat' dir='ltr'><strong>et</strong></span> <span class='ocrx_word' id='word_1_861' title='bbox 2272 4318 2364 4371; x_wconf 82' lang='lat' dir='ltr'><strong>per</strong></span> <span class='ocrx_word' id='word_1_862' title='bbox 2423 4302 2534 4355; x_wconf 67' lang='lat' dir='ltr'><strong>luce</strong></span> <span class='ocrx_word' id='word_1_863' title='bbox 2586 4318 2671 4356; x_wconf 92' lang='lat' dir='ltr'><strong>res</strong></span> <span class='ocrx_word' id='word_1_864' title='bbox 2724 4311 2918 4356; x_wconf 80' lang='lat' dir='ltr'><strong>nostra:</strong></span> <span class='ocrx_word' id='word_1_865' title='bbox 2968 4305 3284 4357; x_wconf 83' lang='lat' dir='ltr'><strong>consistunt.</strong></span> <span class='ocrx_word' id='word_1_866' title='bbox 3337 4304 3564 4372; x_wconf 78' lang='lat' dir='ltr'><strong>Ideoque</strong></span> <span class='ocrx_word' id='word_1_867' title='bbox 3612 4305 3739 4357; x_wconf 85' lang='lat' dir='ltr'><strong>sub-</strong></span> 
     </span>
    </p>
   </div>
   <div class='ocr_carea' id='block_1_107' title="bbox 2159 4391 3742 4464">
    <p class='ocr_par' dir='ltr' id='par_1_107' title="bbox 2159 4391 3742 4464">
     <span class='ocr_line' id='line_1_107' title="bbox 2159 4391 3742 4464; baseline 0.003 -23"><span class='ocrx_word' id='word_1_868' title='bbox 2159 4393 2334 4462; x_wconf 85' lang='lat' dir='ltr'><strong>jnnxit</strong></span> <span class='ocrx_word' id='word_1_869' title='bbox 2361 4412 2372 4446; x_wconf 91' lang='lat'>:</span> <span class='ocrx_word' id='word_1_870' title='bbox 2398 4392 2487 4446; x_wconf 77' lang='lat'><strong>9.0.</strong></span> <span class='ocrx_word' id='word_1_871' title='bbox 2521 4391 2640 4444; x_wconf 86' lang='lat' dir='ltr'><strong>Non</strong></span> <span class='ocrx_word' id='word_1_872' title='bbox 2671 4394 2804 4446; x_wconf 86' lang='lat' dir='ltr'><strong>enim</strong></span> <span class='ocrx_word' id='word_1_873' title='bbox 2835 4395 2886 4447; x_wconf 85' lang='lat' dir='ltr'><strong>in</strong></span> <span class='ocrx_word' id='word_1_874' title='bbox 2915 4410 3143 4446; x_wconf 84' lang='lat' dir='ltr'><strong>sermone</strong></span> <span class='ocrx_word' id='word_1_875' title='bbox 3167 4405 3241 4447; x_wconf 80' lang='lat' dir='ltr'><strong>est</strong></span> <span class='ocrx_word' id='word_1_876' title='bbox 3269 4411 3478 4464; x_wconf 84' lang='lat' dir='ltr'><strong>regnum</strong></span> <span class='ocrx_word' id='word_1_877' title='bbox 3508 4394 3620 4458; x_wconf 81' lang='lat' dir='ltr'><strong>Dei,</strong></span> <span class='ocrx_word' id='word_1_878' title='bbox 3655 4396 3742 4447; x_wconf 72' lang='lat' dir='ltr'><strong>sui</strong></span> 
     </span>
    </p>
   </div>
   <div class='ocr_carea' id='block_1_108' title="bbox 2164 4483 3738 4553">
    <p class='ocr_par' dir='ltr' id='par_1_108' title="bbox 2164 4483 3738 4553">
     <span class='ocr_line' id='line_1_108' title="bbox 2164 4483 3738 4553; baseline 0.001 -17"><span class='ocrx_word' id='word_1_879' title='bbox 2164 4485 2216 4536; x_wconf 92' lang='lat' dir='ltr'><strong>in</strong></span> <span class='ocrx_word' id='word_1_880' title='bbox 2248 4484 2444 4536; x_wconf 75' lang='lat' dir='ltr'><strong>virtute.</strong></span> <span class='ocrx_word' id='word_1_881' title='bbox 2477 4483 2577 4536; x_wconf 83' lang='lat' dir='ltr'><strong>Per</strong></span> <span class='ocrx_word' id='word_1_882' title='bbox 2604 4483 2775 4552; x_wconf 85' lang='lat' dir='ltr'><strong>signa,</strong></span> <span class='ocrx_word' id='word_1_883' title='bbox 2804 4484 2993 4553; x_wconf 91' lang='lat' dir='ltr'><strong>inquit,</strong></span> <span class='ocrx_word' id='word_1_884' title='bbox 3024 4500 3127 4537; x_wconf 93' lang='lat' dir='ltr'><strong>non</strong></span> <span class='ocrx_word' id='word_1_885' title='bbox 3154 4499 3249 4552; x_wconf 90' lang='lat' dir='ltr'><strong>per</strong></span> <span class='ocrx_word' id='word_1_886' title='bbox 3276 4483 3574 4539; x_wconf 85' lang='lat' dir='ltr'><strong>facundiam</strong></span> <span class='ocrx_word' id='word_1_887' title='bbox 3605 4485 3738 4537; x_wconf 86' lang='lat' dir='ltr'><strong>vici-</strong></span> 
     </span>
    </p>
   </div>
   <div class='ocr_carea' id='block_1_109' title="bbox 2167 4572 3742 4643">
    <p class='ocr_par' dir='ltr' id='par_1_109' title="bbox 2167 4572 3742 4643">
     <span class='ocr_line' id='line_1_109' title="bbox 2167 4572 3742 4643; baseline -0.001 -16"><span class='ocrx_word' id='word_1_888' title='bbox 2167 4591 2282 4628; x_wconf 89' lang='lat' dir='ltr'><strong>mus</strong></span> <span class='ocrx_word' id='word_1_889' title='bbox 2305 4611 2320 4634; x_wconf 83' lang='lat'><strong>,</strong></span> <span class='ocrx_word' id='word_1_890' title='bbox 2352 4582 2405 4627; x_wconf 91' lang='lat' dir='ltr'><strong>et</strong></span> <span class='ocrx_word' id='word_1_891' title='bbox 2430 4573 2568 4642; x_wconf 90' lang='lat' dir='ltr'><strong>quod</strong></span> <span class='ocrx_word' id='word_1_892' title='bbox 2601 4572 2776 4628; x_wconf 84' lang='lat' dir='ltr'><strong>divina</strong></span> <span class='ocrx_word' id='word_1_893' title='bbox 2805 4575 2876 4628; x_wconf 90' lang='lat' dir='ltr'><strong>sit</strong></span> <span class='ocrx_word' id='word_1_894' title='bbox 2903 4572 3146 4628; x_wconf 87' lang='lat' dir='ltr'><strong>doctrina</strong></span> <span class='ocrx_word' id='word_1_895' title='bbox 3192 4583 3371 4628; x_wconf 90' lang='lat' dir='ltr'><strong>nostra</strong></span> <span class='ocrx_word' id='word_1_896' title='bbox 3395 4615 3410 4638; x_wconf 96' lang='lat'><strong>,</strong></span> <span class='ocrx_word' id='word_1_897' title='bbox 3437 4582 3493 4628; x_wconf 93' lang='lat' dir='ltr'><strong>et</strong></span> <span class='ocrx_word' id='word_1_898' title='bbox 3519 4589 3742 4643; x_wconf 84' lang='lat' dir='ltr'><strong>regnum</strong></span> 
     </span>
    </p>
   </div>
   <div class='ocr_carea' id='block_1_110' title="bbox 2164 4666 3744 4736">
    <p class='ocr_par' dir='ltr' id='par_1_110' title="bbox 2164 4666 3744 4736">
     <span class='ocr_line' id='line_1_110' title="bbox 2164 4666 3744 4736; baseline -0.001 -17"><span class='ocrx_word' id='word_1_899' title='bbox 2164 4666 2414 4720; x_wconf 72' lang='lat' dir='ltr'><strong>caelorum</strong></span> <span class='ocrx_word' id='word_1_900' title='bbox 2444 4669 2819 4722; x_wconf 88' lang='lat' dir='ltr'><strong>annuntiemus</strong></span> <span class='ocrx_word' id='word_1_901' title='bbox 2841 4709 2856 4733; x_wconf 92' lang='lat'><strong>,</strong></span> <span class='ocrx_word' id='word_1_902' title='bbox 2891 4669 3178 4722; x_wconf 91' lang='lat' dir='ltr'><strong>maximum</strong></span> <span class='ocrx_word' id='word_1_903' title='bbox 3207 4677 3580 4736; x_wconf 86' lang='lat' dir='ltr'><strong>argumentum</strong></span> <span class='ocrx_word' id='word_1_904' title='bbox 3610 4685 3744 4735; x_wconf 70' lang='lat' dir='ltr'><strong>prae-</strong></span> 
     </span>
    </p>
   </div>
   <div class='ocr_carea' id='block_1_111' title="bbox 2167 4757 3740 4828">
    <p class='ocr_par' dir='ltr' id='par_1_111' title="bbox 2167 4757 3740 4828">
     <span class='ocr_line' id='line_1_111' title="bbox 2167 4757 3740 4828; baseline 0.001 -19"><span class='ocrx_word' id='word_1_905' title='bbox 2167 4757 2396 4821; x_wconf 88' lang='lat' dir='ltr'><strong>buimus,</strong></span> <span class='ocrx_word' id='word_1_906' title='bbox 2428 4758 2574 4827; x_wconf 79' lang='lat' dir='ltr'><strong>signa</strong></span> <span class='ocrx_word' id='word_1_907' title='bbox 2601 4774 2812 4827; x_wconf 77' lang='lat' dir='ltr'><strong>nempe,</strong></span> <span class='ocrx_word' id='word_1_908' title='bbox 2841 4774 2960 4828; x_wconf 79' lang='lat' dir='ltr'><strong>qme</strong></span> <span class='ocrx_word' id='word_1_909' title='bbox 2988 4775 3084 4828; x_wconf 89' lang='lat' dir='ltr'><strong>per</strong></span> <span class='ocrx_word' id='word_1_910' title='bbox 3113 4760 3362 4812; x_wconf 80' lang='lat' dir='ltr'><strong>virtutem</strong></span> <span class='ocrx_word' id='word_1_911' title='bbox 3396 4758 3630 4826; x_wconf 87' lang='lat' dir='ltr'><strong>Spiritus</strong></span> <span class='ocrx_word' id='word_1_912' title='bbox 3663 4759 3740 4811; x_wconf 86' lang='lat' dir='ltr'><strong>fa-</strong></span> 
     </span>
    </p>
   </div>
   <div class='ocr_carea' id='block_1_112' title="bbox 2166 4848 3743 4919">
    <p class='ocr_par' dir='ltr' id='par_1_112' title="bbox 2166 4848 3743 4919">
     <span class='ocr_line' id='line_1_112' title="bbox 2166 4848 3743 4919; baseline 0 -17"><span class='ocrx_word' id='word_1_913' title='bbox 2166 4848 2357 4902; x_wconf 87' lang='lat' dir='ltr'><strong>cimus.</strong></span> <span class='ocrx_word' id='word_1_914' title='bbox 2382 4849 2436 4903; x_wconf 89' lang='lat' dir='ltr'><strong>Si</strong></span> <span class='ocrx_word' id='word_1_915' title='bbox 2481 4865 2610 4919; x_wconf 87' lang='lat' dir='ltr'><strong>ergo</strong></span> <span class='ocrx_word' id='word_1_916' title='bbox 2643 4850 2817 4918; x_wconf 88' lang='lat' dir='ltr'><strong>magni</strong></span> <span class='ocrx_word' id='word_1_917' title='bbox 2850 4849 3062 4918; x_wconf 90' lang='lat' dir='ltr'><strong>quidam</strong></span> <span class='ocrx_word' id='word_1_918' title='bbox 3091 4849 3189 4902; x_wconf 85' lang='lat' dir='ltr'><strong>viri</strong></span> <span class='ocrx_word' id='word_1_919' title='bbox 3225 4864 3345 4904; x_wconf 88' lang='lat' dir='ltr'><strong>esse</strong></span> <span class='ocrx_word' id='word_1_920' title='bbox 3374 4851 3559 4903; x_wconf 84' lang='lat' dir='ltr'><strong>volunt</strong></span> <span class='ocrx_word' id='word_1_921' title='bbox 3589 4850 3621 4902; x_wconf 89' lang='lat' dir='ltr'><strong>ii</strong></span> <span class='ocrx_word' id='word_1_922' title='bbox 3654 4853 3743 4918; x_wconf 90' lang='lat' dir='ltr'><strong>qui</strong></span> 
     </span>
    </p>
   </div>
   <div class='ocr_carea' id='block_1_113' title="bbox 2169 4939 3744 5010">
    <p class='ocr_par' dir='ltr' id='par_1_113' title="bbox 2169 4939 3744 5010">
     <span class='ocr_line' id='line_1_113' title="bbox 2169 4939 3744 5010; baseline 0.001 -18"><span class='ocrx_word' id='word_1_923' title='bbox 2169 4953 2308 4992; x_wconf 91' lang='lat' dir='ltr'><strong>nunc</strong></span> <span class='ocrx_word' id='word_1_924' title='bbox 2338 4949 2460 4992; x_wconf 91' lang='lat' dir='ltr'><strong>sunt</strong></span> <span class='ocrx_word' id='word_1_925' title='bbox 2487 4939 2675 4999; x_wconf 88' lang='lat' dir='ltr'><strong>inflati.</strong></span> <span class='ocrx_word' id='word_1_926' title='bbox 2705 4955 2825 4993; x_wconf 89' lang='lat' dir='ltr'><strong>cum</strong></span> <span class='ocrx_word' id='word_1_927' title='bbox 2854 4939 3142 5004; x_wconf 88' lang='lat' dir='ltr'><strong>advenero,</strong></span> <span class='ocrx_word' id='word_1_928' title='bbox 3167 4940 3451 4993; x_wconf 84' lang='lat' dir='ltr'><strong>ostendant</strong></span> <span class='ocrx_word' id='word_1_929' title='bbox 3470 4982 3484 4999; x_wconf 79' lang='lat'><strong>.</strong></span> <span class='ocrx_word' id='word_1_930' title='bbox 3517 4940 3560 4993; x_wconf 89' lang='lat' dir='ltr'><strong>si</strong></span> <span class='ocrx_word' id='word_1_931' title='bbox 3585 4956 3744 5010; x_wconf 87' lang='lat' dir='ltr'><strong>quam</strong></span> 
     </span>
    </p>
   </div>
   <div class='ocr_carea' id='block_1_114' title="bbox 2168 5030 3746 5100">
    <p class='ocr_par' dir='ltr' id='par_1_114' title="bbox 2168 5030 3746 5100">
     <span class='ocr_line' id='line_1_114' title="bbox 2168 5030 3746 5100; baseline -0.001 -16"><span class='ocrx_word' id='word_1_932' title='bbox 2168 5032 2327 5085; x_wconf 87' lang='lat' dir='ltr'><strong>talem</strong></span> <span class='ocrx_word' id='word_1_933' title='bbox 2375 5032 2623 5085; x_wconf 83' lang='lat' dir='ltr'><strong>virtutem</strong></span> <span class='ocrx_word' id='word_1_934' title='bbox 2677 5031 2907 5085; x_wconf 83' lang='lat' dir='ltr'><strong>habeant</strong></span> <span class='ocrx_word' id='word_1_935' title='bbox 2939 5047 2952 5094; x_wconf 91' lang='lat'><strong>;</strong></span> <span class='ocrx_word' id='word_1_936' title='bbox 2983 5047 3158 5100; x_wconf 91' lang='lat' dir='ltr'><strong>neque</strong></span> <span class='ocrx_word' id='word_1_937' title='bbox 3207 5031 3491 5084; x_wconf 84' lang='lat' dir='ltr'><strong>verborum</strong></span> <span class='ocrx_word' id='word_1_938' title='bbox 3551 5030 3746 5084; x_wconf 87' lang='lat' dir='ltr'><strong>fastmn</strong></span> 
     </span>
    </p>
   </div>
   <div class='ocr_carea' id='block_1_115' title="bbox 2170 5117 3753 5186">
    <p class='ocr_par' dir='ltr' id='par_1_115' title="bbox 2170 5117 3753 5186">
     <span class='ocr_line' id='line_1_115' title="bbox 2170 5117 3753 5186; baseline -0.003 -11"><span class='ocrx_word' id='word_1_939' title='bbox 2170 5122 2298 5175; x_wconf 91' lang='lat' dir='ltr'><strong>mihi</strong></span> <span class='ocrx_word' id='word_1_940' title='bbox 2331 5122 2626 5176; x_wconf 88' lang='lat' dir='ltr'><strong>obtemlaut</strong></span> <span class='ocrx_word' id='word_1_941' title='bbox 2658 5140 2670 5175; x_wconf 93' lang='lat'>:</span> <span class='ocrx_word' id='word_1_942' title='bbox 2704 5137 2793 5175; x_wconf 91' lang='lat' dir='ltr'><strong>ars</strong></span> <span class='ocrx_word' id='word_1_943' title='bbox 2822 5123 2963 5174; x_wconf 91' lang='lat' dir='ltr'><strong>enim</strong></span> <span class='ocrx_word' id='word_1_944' title='bbox 2995 5122 3078 5174; x_wconf 89' lang='lat' dir='ltr'><strong>illa</strong></span> <span class='ocrx_word' id='word_1_945' title='bbox 3102 5121 3231 5174; x_wconf 89' lang='lat' dir='ltr'><strong>nihil</strong></span> <span class='ocrx_word' id='word_1_946' title='bbox 3260 5120 3325 5173; x_wconf 90' lang='lat' dir='ltr'><strong>ad</strong></span> <span class='ocrx_word' id='word_1_947' title='bbox 3351 5135 3467 5173; x_wconf 89' lang='lat' dir='ltr'><strong>nos.</strong></span> <span class='ocrx_word' id='word_1_948' title='bbox 3497 5119 3588 5174; x_wconf 72' lang='lat'><strong>2|.</strong></span> <span class='ocrx_word' id='word_1_949' title='bbox 3612 5117 3753 5186; x_wconf 79' lang='lat' dir='ltr'><strong>Quid</strong></span> 
     </span>
    </p>
   </div>
   <div class='ocr_carea' id='block_1_116' title="bbox 2163 5197 3748 5281">
    <p class='ocr_par' dir='ltr' id='par_1_116' title="bbox 2163 5197 3748 5281">
     <span class='ocr_line' id='line_1_116' title="bbox 2163 5197 3748 5281; baseline 0 -17"><span class='ocrx_word' id='word_1_950' title='bbox 2163 5197 2317 5265; x_wconf 45' lang='lat' dir='ltr'><strong>&#39;t&#39;ultis</strong></span> <span class='ocrx_word' id='word_1_951' title='bbox 2339 5213 2364 5265; x_wconf 69' lang='lat'><strong>.9</strong></span> <span class='ocrx_word' id='word_1_952' title='bbox 2387 5213 2438 5265; x_wconf 90' lang='lat' dir='ltr'><strong>in</strong></span> <span class='ocrx_word' id='word_1_953' title='bbox 2463 5213 2600 5281; x_wconf 82' lang='lat' dir='ltr'><strong>rirga</strong></span> <span class='ocrx_word' id='word_1_954' title='bbox 2629 5213 2820 5264; x_wconf 76' lang='lat' dir='ltr'><strong>veniam</strong></span> <span class='ocrx_word' id='word_1_955' title='bbox 2852 5212 2918 5264; x_wconf 89' lang='lat' dir='ltr'><strong>atl</strong></span> <span class='ocrx_word' id='word_1_956' title='bbox 2949 5230 3052 5277; x_wconf 80' lang='lat' dir='ltr'><strong>vos,</strong></span> <span class='ocrx_word' id='word_1_957' title='bbox 3084 5229 3148 5265; x_wconf 87' lang='lat' dir='ltr'><strong>an</strong></span> <span class='ocrx_word' id='word_1_958' title='bbox 3176 5213 3227 5264; x_wconf 86' lang='lat' dir='ltr'><strong>in</strong></span> <span class='ocrx_word' id='word_1_959' title='bbox 3247 5213 3461 5264; x_wconf 71' lang='lat' dir='ltr'><strong>caritate</strong></span> <span class='ocrx_word' id='word_1_960' title='bbox 3486 5221 3531 5264; x_wconf 83' lang='lat' dir='ltr'><strong>et</strong></span> <span class='ocrx_word' id='word_1_961' title='bbox 3563 5212 3748 5280; x_wconf 76' lang='lat' dir='ltr'><strong>spiritu</strong></span> 
     </span>
    </p>
   </div>
   <div class='ocr_carea' id='block_1_117' title="bbox 2167 5302 3750 5357">
    <p class='ocr_par' dir='ltr' id='par_1_117' title="bbox 2167 5302 3750 5357">
     <span class='ocr_line' id='line_1_117' title="bbox 2167 5302 3750 5357; baseline -0.001 -1"><span class='ocrx_word' id='word_1_962' title='bbox 2167 5304 2568 5356; x_wconf 76' lang='lat' dir='ltr'><strong>mansuetudinis</strong></span> <span class='ocrx_word' id='word_1_963' title='bbox 2596 5303 2620 5355; x_wconf 81' lang='lat'><strong>.’</strong></span> <span class='ocrx_word' id='word_1_964' title='bbox 2645 5302 2866 5356; x_wconf 78' lang='lat' dir='ltr'><strong>Multum</strong></span> <span class='ocrx_word' id='word_1_965' title='bbox 2899 5304 3116 5357; x_wconf 83' lang='lat' dir='ltr'><strong>terroris</strong></span> <span class='ocrx_word' id='word_1_966' title='bbox 3146 5311 3200 5357; x_wconf 90' lang='lat' dir='ltr'><strong>et</strong></span> <span class='ocrx_word' id='word_1_967' title='bbox 3241 5303 3463 5356; x_wconf 90' lang='lat' dir='ltr'><strong>multum</strong></span> <span class='ocrx_word' id='word_1_968' title='bbox 3511 5303 3750 5355; x_wconf 86' lang='lat' dir='ltr'><strong>lenitatis</strong></span> 
     </span>
    </p>
   </div>
   <div class='ocr_carea' id='block_1_118' title="bbox 2169 5391 3754 5462">
    <p class='ocr_par' dir='ltr' id='par_1_118' title="bbox 2169 5391 3754 5462">
     <span class='ocr_line' id='line_1_118' title="bbox 2169 5391 3754 5462; baseline -0.001 -14"><span class='ocrx_word' id='word_1_969' title='bbox 2169 5395 2254 5448; x_wconf 90' lang='lat' dir='ltr'><strong>hic</strong></span> <span class='ocrx_word' id='word_1_970' title='bbox 2280 5410 2457 5449; x_wconf 92' lang='lat' dir='ltr'><strong>sermo</strong></span> <span class='ocrx_word' id='word_1_971' title='bbox 2486 5408 2592 5462; x_wconf 67' lang='lat' dir='ltr'><strong>pra:</strong></span> <span class='ocrx_word' id='word_1_972' title='bbox 2619 5408 2678 5446; x_wconf 90' lang='lat' dir='ltr'><strong>se</strong></span> <span class='ocrx_word' id='word_1_973' title='bbox 2705 5391 2826 5446; x_wconf 85' lang='lat' dir='ltr'><strong>fert.</strong></span> <span class='ocrx_word' id='word_1_974' title='bbox 2865 5393 3050 5448; x_wconf 86' lang='lat' dir='ltr'><strong>Dicere</strong></span> <span class='ocrx_word' id='word_1_975' title='bbox 3075 5397 3240 5458; x_wconf 86' lang='lat' dir='ltr'><strong>enim,</strong></span> <span class='ocrx_word' id='word_1_976' title='bbox 3269 5391 3604 5462; x_wconf 81' lang='lat' dir='ltr'><strong>Caguoscam,</strong></span> <span class='ocrx_word' id='word_1_977' title='bbox 3626 5406 3754 5446; x_wconf 84' lang='lat' dir='ltr'><strong>sese</strong></span> 
     </span>
    </p>
   </div>
   <div class='ocr_carea' id='block_1_119' title="bbox 2167 5483 3754 5551">
    <p class='ocr_par' dir='ltr' id='par_1_119' title="bbox 2167 5483 3754 5551">
     <span class='ocr_line' id='line_1_119' title="bbox 2167 5483 3754 5551; baseline -0.005 -11"><span class='ocrx_word' id='word_1_978' title='bbox 2167 5485 2487 5540; x_wconf 89' lang='lat' dir='ltr'><strong>continentis</strong></span> <span class='ocrx_word' id='word_1_979' title='bbox 2517 5492 2634 5537; x_wconf 82' lang='lat' dir='ltr'><strong>erat</strong></span> <span class='ocrx_word' id='word_1_980' title='bbox 2657 5501 2670 5546; x_wconf 88' lang='lat'><strong>;</strong></span> <span class='ocrx_word' id='word_1_981' title='bbox 2700 5484 2878 5540; x_wconf 89' lang='lat' dir='ltr'><strong>dicere</strong></span> <span class='ocrx_word' id='word_1_982' title='bbox 2904 5497 3079 5538; x_wconf 88' lang='lat' dir='ltr'><strong>autem</strong></span> <span class='ocrx_word' id='word_1_983' title='bbox 3107 5503 3119 5537; x_wconf 94' lang='lat'><strong>:</strong></span> <span class='ocrx_word' id='word_1_984' title='bbox 3147 5483 3282 5549; x_wconf 84' lang='lat' dir='ltr'><strong>Quid</strong></span> <span class='ocrx_word' id='word_1_985' title='bbox 3316 5483 3506 5536; x_wconf 82' lang='lat' dir='ltr'><strong>vultis?</strong></span> <span class='ocrx_word' id='word_1_986' title='bbox 3534 5484 3586 5535; x_wconf 87' lang='lat' dir='ltr'><strong>in</strong></span> <span class='ocrx_word' id='word_1_987' title='bbox 3607 5483 3754 5551; x_wconf 68' lang='lat' dir='ltr'><strong>virga</strong></span> 
     </span>
    </p>
   </div>
   <div class='ocr_carea' id='block_1_120' title="bbox 2167 5574 3757 5644">
    <p class='ocr_par' dir='ltr' id='par_1_120' title="bbox 2167 5574 3757 5644">
     <span class='ocr_line' id='line_1_120' title="bbox 2167 5574 3757 5644; baseline -0.004 -14"><span class='ocrx_word' id='word_1_988' title='bbox 2167 5575 2444 5630; x_wconf 76' lang='lat' dir='ltr'><strong>ocuiamad</strong></span> <span class='ocrx_word' id='word_1_989' title='bbox 2465 5576 2590 5629; x_wconf 78' lang='lat' dir='ltr'><strong>vos?</strong></span> <span class='ocrx_word' id='word_1_990' title='bbox 2615 5575 2731 5644; x_wconf 89' lang='lat' dir='ltr'><strong>ejus</strong></span> <span class='ocrx_word' id='word_1_991' title='bbox 2755 5584 2837 5630; x_wconf 89' lang='lat' dir='ltr'><strong>est</strong></span> <span class='ocrx_word' id='word_1_992' title='bbox 2859 5575 2947 5644; x_wconf 84' lang='lat' dir='ltr'><strong>qui</strong></span> <span class='ocrx_word' id='word_1_993' title='bbox 2977 5576 3027 5628; x_wconf 91' lang='lat' dir='ltr'><strong>in</strong></span> <span class='ocrx_word' id='word_1_994' title='bbox 3054 5575 3310 5628; x_wconf 65' lang='lat' dir='ltr'><strong>doctrinae</strong></span> <span class='ocrx_word' id='word_1_995' title='bbox 3337 5574 3528 5626; x_wconf 84' lang='lat' dir='ltr'><strong>solium</strong></span> <span class='ocrx_word' id='word_1_996' title='bbox 3555 5587 3757 5625; x_wconf 78' lang='lat' dir='ltr'><strong>ascen-</strong></span> 
     </span>
    </p>
   </div>
   <div class='ocr_carea' id='block_1_121' title="bbox 2175 5664 3753 5738">
    <p class='ocr_par' dir='ltr' id='par_1_121' title="bbox 2175 5664 3753 5738">
     <span class='ocr_line' id='line_1_121' title="bbox 2175 5664 3753 5738; baseline -0.008 -9"><span class='ocrx_word' id='word_1_997' title='bbox 2175 5673 2273 5736; x_wconf 87' lang='lat' dir='ltr'><strong>dit,</strong></span> <span class='ocrx_word' id='word_1_998' title='bbox 2301 5682 2348 5728; x_wconf 89' lang='lat' dir='ltr'><strong>et</strong></span> <span class='ocrx_word' id='word_1_999' title='bbox 2382 5670 2503 5727; x_wconf 89' lang='lat' dir='ltr'><strong>inde</strong></span> <span class='ocrx_word' id='word_1_1000' title='bbox 2527 5668 2782 5737; x_wconf 81' lang='lat' dir='ltr'><strong>disserit,</strong></span> <span class='ocrx_word' id='word_1_1001' title='bbox 2817 5678 3084 5738; x_wconf 85' lang='lat' dir='ltr'><strong>totamque</strong></span> <span class='ocrx_word' id='word_1_1002' title='bbox 3107 5667 3474 5721; x_wconf 85' lang='lat' dir='ltr'><strong>auctoritatem</strong></span> <span class='ocrx_word' id='word_1_1003' title='bbox 3514 5664 3753 5732; x_wconf 62' lang='lat' dir='ltr'><strong>accepit,</strong></span> 
     </span>
    </p>
   </div>
  </div>
