  <div class='ocr_page' id='page_1' title='image "/cluster/home/n/w/nwhite01/storage/ocr_20150623/61/mdp.39015008622618/122.png"; bbox 0 0 3986 6202; ppageno 0'>
   <div class='ocr_carea' id='block_1_1' title="bbox 376 338 478 394">
    <p class='ocr_par' dir='ltr' id='par_1_1' title="bbox 376 338 478 394">
     <span class='ocr_line' id='line_1_1' title="bbox 376 338 478 394; baseline 0.01 -1"><span class='ocrx_word' id='word_1_1' title='bbox 376 338 478 394; x_wconf 81' lang='lat' dir='ltr'><strong>H5</strong></span> 
     </span>
    </p>
   </div>
   <div class='ocr_carea' id='block_1_2' title="bbox 368 448 1934 523">
    <p class='ocr_par' dir='ltr' id='par_1_2' title="bbox 368 448 1934 523">
     <span class='ocr_line' id='line_1_2' title="bbox 368 448 1934 523; baseline 0.004 -19"><span class='ocrx_word' id='word_1_2' title='bbox 368 450 483 521; x_wconf 81' lang='grc' dir='ltr'>γὰρ</span> <span class='ocrx_word' id='word_1_3' title='bbox 504 491 522 515; x_wconf 93' lang='grc'>,</span> <span class='ocrx_word' id='word_1_4' title='bbox 563 451 753 521; x_wconf 74' lang='grc' dir='ltr'>φησὶν.</span> <span class='ocrx_word' id='word_1_5' title='bbox 783 448 1019 521; x_wconf 67' lang='grc' dir='ltr'>ἔπεμψα</span> <span class='ocrx_word' id='word_1_6' title='bbox 1062 451 1206 521; x_wconf 82' lang='grc' dir='ltr'>ὑμῖν</span> <span class='ocrx_word' id='word_1_7' title='bbox 1247 456 1542 523; x_wconf 80' lang='grc' dir='ltr'>Τιμόθεον.</span> <span class='ocrx_word' id='word_1_8' title='bbox 1572 456 1675 510; x_wconf 84' lang='grc' dir='ltr'>Διὰ</span> <span class='ocrx_word' id='word_1_9' title='bbox 1716 457 1893 511; x_wconf 78' lang='grc' dir='ltr'>τοῦτο</span> <span class='ocrx_word' id='word_1_10' title='bbox 1912 470 1934 487; x_wconf 74' lang='grc'><em>⁸</em></span> 
     </span>
    </p>
   </div>
   <div class='ocr_carea' id='block_1_3' title="bbox 372 535 1938 609">
    <p class='ocr_par' dir='ltr' id='par_1_3' title="bbox 372 535 1938 609">
     <span class='ocr_line' id='line_1_3' title="bbox 372 535 1938 609; baseline 0.003 -22"><span class='ocrx_word' id='word_1_11' title='bbox 372 536 565 597; x_wconf 77' lang='grc' dir='ltr'>ποῖονς</span> <span class='ocrx_word' id='word_1_12' title='bbox 607 535 822 604; x_wconf 78' lang='grc' dir='ltr'>Ἐπειδὴ</span> <span class='ocrx_word' id='word_1_13' title='bbox 853 535 923 598; x_wconf 76' lang='grc' dir='ltr'>ὡς</span> <span class='ocrx_word' id='word_1_14' title='bbox 964 536 1168 590; x_wconf 86' lang='grc' dir='ltr'>παίδων</span> <span class='ocrx_word' id='word_1_15' title='bbox 1207 538 1477 609; x_wconf 82' lang='grc' dir='ltr'>κήδομαι,</span> <span class='ocrx_word' id='word_1_16' title='bbox 1509 540 1601 593; x_wconf 77' lang='grc' dir='ltr'>καὶ</span> <span class='ocrx_word' id='word_1_17' title='bbox 1630 542 1708 603; x_wconf 84' lang='grc' dir='ltr'>ὡς</span> <span class='ocrx_word' id='word_1_18' title='bbox 1748 557 1938 608; x_wconf 90' lang='grc' dir='ltr'>γεγεν-</span> 
     </span>
    </p>
   </div>
   <div class='ocr_carea' id='block_1_4' title="bbox 374 615 1934 693">
    <p class='ocr_par' dir='ltr' id='par_1_4' title="bbox 374 615 1934 693">
     <span class='ocr_line' id='line_1_4' title="bbox 374 615 1934 693; baseline 0.004 -24"><span class='ocrx_word' id='word_1_19' title='bbox 374 615 580 685; x_wconf 81' lang='grc' dir='ltr'>νηκώς.</span> <span class='ocrx_word' id='word_1_20' title='bbox 630 617 737 670; x_wconf 83' lang='lat' dir='ltr'>Kal</span> <span class='ocrx_word' id='word_1_21' title='bbox 780 617 916 686; x_wconf 75' lang='grc' dir='ltr'>μετὰ</span> <span class='ocrx_word' id='word_1_22' title='bbox 941 618 1040 691; x_wconf 85' lang='grc' dir='ltr'>τῆς</span> <span class='ocrx_word' id='word_1_23' title='bbox 1088 621 1398 684; x_wconf 81' lang='grc' dir='ltr'>συστάσεως</span> <span class='ocrx_word' id='word_1_24' title='bbox 1426 620 1522 675; x_wconf 79' lang='grc' dir='ltr'>τοῦ</span> <span class='ocrx_word' id='word_1_25' title='bbox 1554 623 1866 693; x_wconf 77' lang='grc' dir='ltr'>προσώπου,</span> <span class='ocrx_word' id='word_1_26' title='bbox 1898 623 1934 693; x_wconf 83' lang='grc' dir='ltr'>ή</span> 
     </span>
    </p>
   </div>
   <div class='ocr_carea' id='block_1_5' title="bbox 388 696 1945 773">
    <p class='ocr_par' dir='ltr' id='par_1_5' title="bbox 388 696 1945 773">
     <span class='ocr_line' id='line_1_5' title="bbox 388 696 1945 773; baseline 0.004 -23"><span class='ocrx_word' id='word_1_27' title='bbox 388 696 696 770; x_wconf 86' lang='grc' dir='ltr'>Ἐπιστολή·</span> <span class='ocrx_word' id='word_1_28' title='bbox 714 700 820 765; x_wconf 71' lang='lat' dir='ltr'>&quot;Oc</span> <span class='ocrx_word' id='word_1_29' title='bbox 839 699 975 753; x_wconf 86' lang='grc' dir='ltr'>ἐστί</span> <span class='ocrx_word' id='word_1_30' title='bbox 993 718 1113 770; x_wconf 89' lang='grc' dir='ltr'>μου</span> <span class='ocrx_word' id='word_1_31' title='bbox 1144 701 1361 757; x_wconf 81' lang='grc' dir='ltr'>τέκνον</span> <span class='ocrx_word' id='word_1_32' title='bbox 1385 703 1696 773; x_wconf 74' lang='grc' dir='ltr'>ἀγαπητὸν</span> <span class='ocrx_word' id='word_1_33' title='bbox 1721 706 1820 758; x_wconf 65' lang='grc' dir='ltr'>καὶ</span> <span class='ocrx_word' id='word_1_34' title='bbox 1850 718 1945 757; x_wconf 77' lang='grc' dir='ltr'>πι-</span> 
     </span>
    </p>
   </div>
   <div class='ocr_carea' id='block_1_6' title="bbox 375 779 1950 857">
    <p class='ocr_par' dir='ltr' id='par_1_6' title="bbox 375 779 1950 857">
     <span class='ocr_line' id='line_1_6' title="bbox 375 779 1950 857; baseline 0.003 -23"><span class='ocrx_word' id='word_1_35' title='bbox 375 780 531 834; x_wconf 82' lang='grc' dir='ltr'>στόν</span> <span class='ocrx_word' id='word_1_36' title='bbox 554 779 624 835; x_wconf 76' lang='grc' dir='ltr'>ἐν</span> <span class='ocrx_word' id='word_1_37' title='bbox 644 783 855 851; x_wconf 82' lang='grc' dir='ltr'>Κυρίῳ.</span> <span class='ocrx_word' id='word_1_38' title='bbox 879 782 1052 837; x_wconf 80' lang='grc' dir='ltr'>Τοῦτο</span> <span class='ocrx_word' id='word_1_39' title='bbox 1079 784 1135 838; x_wconf 79' lang='grc' dir='ltr'>δὲ</span> <span class='ocrx_word' id='word_1_40' title='bbox 1156 780 1304 851; x_wconf 84' lang='grc' dir='ltr'>εἶπε,</span> <span class='ocrx_word' id='word_1_41' title='bbox 1324 788 1423 856; x_wconf 88' lang='grc' dir='ltr'>τήν</span> <span class='ocrx_word' id='word_1_42' title='bbox 1452 804 1512 839; x_wconf 88' lang='grc' dir='ltr'>τε</span> <span class='ocrx_word' id='word_1_43' title='bbox 1545 787 1709 841; x_wconf 81' lang='grc' dir='ltr'>αὐτοῦ</span> <span class='ocrx_word' id='word_1_44' title='bbox 1730 788 1950 857; x_wconf 83' lang='grc' dir='ltr'>ἀγάπην</span> 
     </span>
    </p>
   </div>
   <div class='ocr_carea' id='block_1_7' title="bbox 376 862 1950 939">
    <p class='ocr_par' dir='ltr' id='par_1_7' title="bbox 376 862 1950 939">
     <span class='ocr_line' id='line_1_7' title="bbox 376 862 1950 939; baseline 0.005 -24"><span class='ocrx_word' id='word_1_45' title='bbox 376 862 674 932; x_wconf 78' lang='grc' dir='ltr'>ἐμφαίνων,</span> <span class='ocrx_word' id='word_1_46' title='bbox 695 865 985 928; x_wconf 86' lang='grc' dir='ltr'>κάκείνους</span> <span class='ocrx_word' id='word_1_47' title='bbox 1006 870 1440 936; x_wconf 74' lang='grc' dir='ltr'>παρασκευάζων</span> <span class='ocrx_word' id='word_1_48' title='bbox 1469 868 1764 939; x_wconf 82' lang='grc' dir='ltr'>αἰδεσίμως</span> <span class='ocrx_word' id='word_1_49' title='bbox 1785 869 1950 923; x_wconf 80' lang='grc' dir='ltr'>αὐτὸν</span> 
     </span>
    </p>
   </div>
   <div class='ocr_carea' id='block_1_8' title="bbox 380 943 1940 1019">
    <p class='ocr_par' dir='ltr' id='par_1_8' title="bbox 380 943 1940 1019">
     <span class='ocr_line' id='line_1_8' title="bbox 380 943 1940 1019; baseline 0.004 -23"><span class='ocrx_word' id='word_1_50' title='bbox 380 943 524 999; x_wconf 85' lang='grc' dir='ltr'>ίδεῖν.</span> <span class='ocrx_word' id='word_1_51' title='bbox 564 946 672 998; x_wconf 85' lang='lat' dir='ltr'>Kal</span> <span class='ocrx_word' id='word_1_52' title='bbox 698 947 798 1017; x_wconf 89' lang='grc' dir='ltr'>οὐχ</span> <span class='ocrx_word' id='word_1_53' title='bbox 818 947 1005 1011; x_wconf 83' lang='grc' dir='ltr'>ἁπλῶς</span> <span class='ocrx_word' id='word_1_54' title='bbox 1046 948 1258 1016; x_wconf 81' lang='grc' dir='ltr'>πιστὸν,</span> <span class='ocrx_word' id='word_1_55' title='bbox 1285 950 1400 1004; x_wconf 84' lang='grc' dir='ltr'>ἀλλ’</span> <span class='ocrx_word' id='word_1_56' title='bbox 1430 952 1525 1004; x_wconf 85' lang='grc' dir='ltr'>Ἐν</span> <span class='ocrx_word' id='word_1_57' title='bbox 1553 953 1766 1019; x_wconf 84' lang='grc' dir='ltr'>Κυρίῳ,</span> <span class='ocrx_word' id='word_1_58' title='bbox 1793 968 1940 1004; x_wconf 82' lang='grc' dir='ltr'>τουτ-</span> 
     </span>
    </p>
   </div>
   <div class='ocr_carea' id='block_1_9' title="bbox 375 1026 1949 1105">
    <p class='ocr_par' dir='ltr' id='par_1_9' title="bbox 375 1026 1949 1105">
     <span class='ocr_line' id='line_1_9' title="bbox 375 1026 1949 1105; baseline 0.005 -25"><span class='ocrx_word' id='word_1_59' title='bbox 375 1026 538 1091; x_wconf 84' lang='grc' dir='ltr'>έστιν,</span> <span class='ocrx_word' id='word_1_60' title='bbox 570 1028 630 1081; x_wconf 78' lang='grc' dir='ltr'>ἐν</span> <span class='ocrx_word' id='word_1_61' title='bbox 660 1032 775 1094; x_wconf 83' lang='grc' dir='ltr'>τοῖς</span> <span class='ocrx_word' id='word_1_62' title='bbox 802 1031 943 1084; x_wconf 89' lang='grc' dir='ltr'>κατά</span> <span class='ocrx_word' id='word_1_63' title='bbox 967 1032 1170 1104; x_wconf 78' lang='grc' dir='ltr'>Κύριον</span> <span class='ocrx_word' id='word_1_64' title='bbox 1203 1034 1541 1105; x_wconf 87' lang='grc' dir='ltr'>πράγμασιν.</span> <span class='ocrx_word' id='word_1_65' title='bbox 1577 1035 1640 1089; x_wconf 77' lang='lat' dir='ltr'><strong><em>El</em></strong></span> <span class='ocrx_word' id='word_1_66' title='bbox 1688 1035 1747 1088; x_wconf 79' lang='grc' dir='ltr'>δὲ</span> <span class='ocrx_word' id='word_1_67' title='bbox 1779 1034 1841 1089; x_wconf 90' lang='lat'>:0</span> <span class='ocrx_word' id='word_1_68' title='bbox 1888 1037 1949 1088; x_wconf 73' lang='grc' dir='ltr'>ἐν</span> 
     </span>
    </p>
   </div>
   <div class='ocr_carea' id='block_1_10' title="bbox 372 1110 1947 1189">
    <p class='ocr_par' dir='ltr' id='par_1_10' title="bbox 372 1110 1947 1189">
     <span class='ocr_line' id='line_1_10' title="bbox 372 1110 1947 1189; baseline 0.004 -26"><span class='ocrx_word' id='word_1_69' title='bbox 372 1113 485 1174; x_wconf 88' lang='grc' dir='ltr'>τοῖς</span> <span class='ocrx_word' id='word_1_70' title='bbox 517 1111 792 1182; x_wconf 81' lang='grc' dir='ltr'>βιωτικοῖς</span> <span class='ocrx_word' id='word_1_71' title='bbox 836 1110 978 1168; x_wconf 79' lang='grc' dir='ltr'>εἷναί</span> <span class='ocrx_word' id='word_1_72' title='bbox 1014 1133 1134 1170; x_wconf 90' lang='grc' dir='ltr'>τινα</span> <span class='ocrx_word' id='word_1_73' title='bbox 1166 1118 1372 1177; x_wconf 77' lang='grc' dir='ltr'>πιστὸν,</span> <span class='ocrx_word' id='word_1_74' title='bbox 1424 1118 1721 1187; x_wconf 72' lang='grc' dir='ltr'>ἐγκώμιον,</span> <span class='ocrx_word' id='word_1_75' title='bbox 1764 1116 1947 1189; x_wconf 88' lang='grc' dir='ltr'>πολλῷ</span> 
     </span>
    </p>
   </div>
   <div class='ocr_carea' id='block_1_11' title="bbox 378 1193 1947 1272">
    <p class='ocr_par' dir='ltr' id='par_1_11' title="bbox 378 1193 1947 1272">
     <span class='ocr_line' id='line_1_11' title="bbox 378 1193 1947 1272; baseline 0.006 -27"><span class='ocrx_word' id='word_1_76' title='bbox 378 1193 577 1263; x_wconf 76' lang='grc' dir='ltr'>μᾶλλον</span> <span class='ocrx_word' id='word_1_77' title='bbox 615 1196 674 1249; x_wconf 82' lang='grc' dir='ltr'>ἐν</span> <span class='ocrx_word' id='word_1_78' title='bbox 721 1198 836 1258; x_wconf 87' lang='grc' dir='ltr'>τοῖς</span> <span class='ocrx_word' id='word_1_79' title='bbox 881 1202 1294 1268; x_wconf 85' lang='grc' dir='ltr'>πνευματικοῖς.</span> <span class='ocrx_word' id='word_1_80' title='bbox 1330 1201 1393 1253; x_wconf 77' lang='lat' dir='ltr'>El</span> <span class='ocrx_word' id='word_1_81' title='bbox 1442 1201 1617 1254; x_wconf 88' lang='grc' dir='ltr'>τοίνυν</span> <span class='ocrx_word' id='word_1_82' title='bbox 1663 1202 1947 1272; x_wconf 75' lang='grc' dir='ltr'>ἀγαπητὸν</span> 
     </span>
    </p>
   </div>
   <div class='ocr_carea' id='block_1_12' title="bbox 374 1273 1945 1355">
    <p class='ocr_par' dir='ltr' id='par_1_12' title="bbox 374 1273 1945 1355">
     <span class='ocr_line' id='line_1_12' title="bbox 374 1273 1945 1355; baseline 0.007 -28"><span class='ocrx_word' id='word_1_83' title='bbox 374 1273 538 1328; x_wconf 81' lang='grc' dir='ltr'>αὐτοῦ</span> <span class='ocrx_word' id='word_1_84' title='bbox 569 1276 780 1341; x_wconf 86' lang='grc' dir='ltr'>τέκνον,</span> <span class='ocrx_word' id='word_1_85' title='bbox 816 1280 1071 1350; x_wconf 78' lang='grc' dir='ltr'>ἐννόησον</span> <span class='ocrx_word' id='word_1_86' title='bbox 1098 1283 1238 1353; x_wconf 86' lang='grc' dir='ltr'>πόση</span> <span class='ocrx_word' id='word_1_87' title='bbox 1277 1283 1372 1336; x_wconf 84' lang='grc' dir='ltr'>τοῦ</span> <span class='ocrx_word' id='word_1_88' title='bbox 1419 1285 1631 1338; x_wconf 82' lang='grc' dir='ltr'>Παύλου</span> <span class='ocrx_word' id='word_1_89' title='bbox 1664 1287 1697 1355; x_wconf 83' lang='grc' dir='ltr'>ή</span> <span class='ocrx_word' id='word_1_90' title='bbox 1731 1284 1945 1353; x_wconf 87' lang='grc' dir='ltr'>ἀγάπη,</span> 
     </span>
    </p>
   </div>
   <div class='ocr_carea' id='block_1_13' title="bbox 372 1359 1948 1438">
    <p class='ocr_par' dir='ltr' id='par_1_13' title="bbox 372 1359 1948 1438">
     <span class='ocr_line' id='line_1_13' title="bbox 372 1359 1948 1438; baseline 0.004 -26"><span class='ocrx_word' id='word_1_91' title='bbox 372 1359 455 1412; x_wconf 84' lang='grc' dir='ltr'>ὄτι</span> <span class='ocrx_word' id='word_1_92' title='bbox 479 1359 651 1412; x_wconf 82' lang='grc' dir='ltr'>εἵλετο</span> <span class='ocrx_word' id='word_1_93' title='bbox 670 1360 834 1413; x_wconf 81' lang='grc' dir='ltr'>αὐτοῦ</span> <span class='ocrx_word' id='word_1_94' title='bbox 852 1362 1185 1433; x_wconf 78' lang='grc' dir='ltr'>χωρισθῆναι</span> <span class='ocrx_word' id='word_1_95' title='bbox 1206 1366 1294 1419; x_wconf 87' lang='grc' dir='ltr'>διά</span> <span class='ocrx_word' id='word_1_96' title='bbox 1317 1367 1655 1438; x_wconf 81' lang='grc' dir='ltr'>Κορινθίους.</span> <span class='ocrx_word' id='word_1_97' title='bbox 1684 1369 1747 1422; x_wconf 77' lang='grc' dir='ltr'><strong>Εἰ</strong></span> <span class='ocrx_word' id='word_1_98' title='bbox 1771 1368 1828 1420; x_wconf 79' lang='grc' dir='ltr'>δὲ</span> <span class='ocrx_word' id='word_1_99' title='bbox 1853 1367 1948 1420; x_wconf 77' lang='grc' dir='ltr'>καὶ</span> 
     </span>
    </p>
   </div>
   <div class='ocr_carea' id='block_1_14' title="bbox 374 1441 1948 1522">
    <p class='ocr_par' dir='ltr' id='par_1_14' title="bbox 374 1441 1948 1522">
     <span class='ocr_line' id='line_1_14' title="bbox 374 1441 1948 1522; baseline 0.005 -28"><span class='ocrx_word' id='word_1_100' title='bbox 374 1441 606 1508; x_wconf 74' lang='grc' dir='ltr'>πιστὸν,</span> <span class='ocrx_word' id='word_1_101' title='bbox 655 1443 911 1513; x_wconf 82' lang='grc' dir='ltr'>ἀλήπτως</span> <span class='ocrx_word' id='word_1_102' title='bbox 949 1444 1255 1517; x_wconf 72' lang='grc' dir='ltr'>διακονήσει</span> <span class='ocrx_word' id='word_1_103' title='bbox 1296 1452 1410 1511; x_wconf 86' lang='grc' dir='ltr'>τοῖς</span> <span class='ocrx_word' id='word_1_104' title='bbox 1455 1452 1800 1522; x_wconf 76' lang='grc' dir='ltr'>πράγμασιν.</span> <span class='ocrx_word' id='word_1_105' title='bbox 1847 1451 1948 1514; x_wconf 82' lang='grc' dir='ltr'>Ὃς</span> 
     </span>
    </p>
   </div>
   <div class='ocr_carea' id='block_1_15' title="bbox 372 1522 1948 1605">
    <p class='ocr_par' dir='ltr' id='par_1_15' title="bbox 372 1522 1948 1605">
     <span class='ocr_line' id='line_1_15' title="bbox 372 1522 1948 1605; baseline 0.006 -28"><span class='ocrx_word' id='word_1_106' title='bbox 372 1522 532 1594; x_wconf 85' lang='grc' dir='ltr'>ὑμᾶς</span> <span class='ocrx_word' id='word_1_107' title='bbox 572 1524 927 1595; x_wconf 79' lang='grc' dir='ltr'>ἀναμνήσει.</span> <span class='ocrx_word' id='word_1_108' title='bbox 967 1528 1078 1582; x_wconf 86' lang='grc' dir='ltr'>Οὐκ</span> <span class='ocrx_word' id='word_1_109' title='bbox 1109 1526 1259 1593; x_wconf 73' lang='grc' dir='ltr'>εἶπε,</span> <span class='ocrx_word' id='word_1_110' title='bbox 1290 1532 1531 1599; x_wconf 78' lang='grc' dir='ltr'>Διδάξει,</span> <span class='ocrx_word' id='word_1_111' title='bbox 1564 1534 1654 1588; x_wconf 78' lang='grc' dir='ltr'>ἵνα</span> <span class='ocrx_word' id='word_1_112' title='bbox 1702 1534 1780 1605; x_wconf 85' lang='grc' dir='ltr'>μὴ</span> <span class='ocrx_word' id='word_1_113' title='bbox 1821 1534 1948 1586; x_wconf 85' lang='grc' dir='ltr'>δυσ-</span> 
     </span>
    </p>
   </div>
   <div class='ocr_carea' id='block_1_16' title="bbox 374 1609 1948 1684">
    <p class='ocr_par' dir='ltr' id='par_1_16' title="bbox 374 1609 1948 1684">
     <span class='ocr_line' id='line_1_16' title="bbox 374 1609 1948 1684; baseline 0.006 -23"><span class='ocrx_word' id='word_1_114' title='bbox 374 1609 776 1677; x_wconf 83' lang='grc' dir='ltr'>ανασχετῶσιν,</span> <span class='ocrx_word' id='word_1_115' title='bbox 808 1610 883 1673; x_wconf 82' lang='grc' dir='ltr'>ὡς</span> <span class='ocrx_word' id='word_1_116' title='bbox 918 1612 1044 1681; x_wconf 81' lang='grc' dir='ltr'>παρ’</span> <span class='ocrx_word' id='word_1_117' title='bbox 1076 1613 1240 1667; x_wconf 80' lang='grc' dir='ltr'>αὐτοῦ</span> <span class='ocrx_word' id='word_1_118' title='bbox 1268 1615 1644 1684; x_wconf 85' lang='grc' dir='ltr'>μανθάνοντες.</span> <span class='ocrx_word' id='word_1_119' title='bbox 1669 1619 1768 1672; x_wconf 81' lang='grc' dir='ltr'>Διά</span> <span class='ocrx_word' id='word_1_120' title='bbox 1794 1616 1948 1671; x_wconf 78' lang='grc' dir='ltr'>τοῦτο</span> 
     </span>
    </p>
   </div>
   <div class='ocr_carea' id='block_1_17' title="bbox 378 1691 1947 1769">
    <p class='ocr_par' dir='ltr' id='par_1_17' title="bbox 378 1691 1947 1769">
     <span class='ocr_line' id='line_1_17' title="bbox 378 1691 1947 1769; baseline 0.007 -27"><span class='ocrx_word' id='word_1_121' title='bbox 378 1691 477 1743; x_wconf 69' lang='grc' dir='ltr'>καὶ</span> <span class='ocrx_word' id='word_1_122' title='bbox 505 1691 642 1762; x_wconf 81' lang='grc' dir='ltr'>πρὸς</span> <span class='ocrx_word' id='word_1_123' title='bbox 665 1691 743 1761; x_wconf 82' lang='grc' dir='ltr'>τῷ</span> <span class='ocrx_word' id='word_1_124' title='bbox 768 1693 909 1746; x_wconf 86' lang='grc' dir='ltr'>τέλει</span> <span class='ocrx_word' id='word_1_125' title='bbox 942 1693 1104 1763; x_wconf 78' lang='grc' dir='ltr'>φησί’</span> <span class='ocrx_word' id='word_1_126' title='bbox 1143 1697 1213 1750; x_wconf 79' lang='grc' dir='ltr'>Τὸ</span> <span class='ocrx_word' id='word_1_127' title='bbox 1240 1697 1348 1766; x_wconf 76' lang='grc' dir='ltr'>γὰρ</span> <span class='ocrx_word' id='word_1_128' title='bbox 1390 1699 1568 1769; x_wconf 78' lang='grc' dir='ltr'>ἔργον</span> <span class='ocrx_word' id='word_1_129' title='bbox 1609 1702 1829 1768; x_wconf 81' lang='grc' dir='ltr'>Κυρίου</span> <span class='ocrx_word' id='word_1_130' title='bbox 1853 1700 1947 1769; x_wconf 80' lang='grc' dir='ltr'>ἔρ-</span> 
     </span>
    </p>
   </div>
   <div class='ocr_carea' id='block_1_18' title="bbox 377 1772 1949 1852">
    <p class='ocr_par' dir='ltr' id='par_1_18' title="bbox 377 1772 1949 1852">
     <span class='ocr_line' id='line_1_18' title="bbox 377 1772 1949 1852; baseline 0.006 -26"><span class='ocrx_word' id='word_1_131' title='bbox 377 1772 632 1842; x_wconf 77' lang='grc' dir='ltr'>γάζεται,</span> <span class='ocrx_word' id='word_1_132' title='bbox 669 1775 865 1842; x_wconf 85' lang='grc' dir='ltr'>καθὼς</span> <span class='ocrx_word' id='word_1_133' title='bbox 893 1777 991 1830; x_wconf 80' lang='grc' dir='ltr'>καί</span> <span class='ocrx_word' id='word_1_134' title='bbox 1016 1777 1128 1847; x_wconf 80' lang='grc' dir='ltr'>ἐγώ</span> <span class='ocrx_word' id='word_1_135' title='bbox 1159 1796 1172 1810; x_wconf 90' lang='grc'><strong>·</strong></span> <span class='ocrx_word' id='word_1_136' title='bbox 1215 1782 1289 1852; x_wconf 88' lang='grc' dir='ltr'>μή</span> <span class='ocrx_word' id='word_1_137' title='bbox 1316 1799 1396 1844; x_wconf 91' lang='grc' dir='ltr'>τις</span> <span class='ocrx_word' id='word_1_138' title='bbox 1426 1778 1520 1836; x_wconf 77' lang='grc' dir='ltr'>οὖν</span> <span class='ocrx_word' id='word_1_139' title='bbox 1549 1783 1712 1837; x_wconf 75' lang='grc' dir='ltr'>αὐτὸν</span> <span class='ocrx_word' id='word_1_140' title='bbox 1741 1783 1949 1849; x_wconf 81' lang='grc' dir='ltr'>ἐξουθε-</span> 
     </span>
    </p>
   </div>
   <div class='ocr_carea' id='block_1_19' title="bbox 378 1856 1949 1934">
    <p class='ocr_par' dir='ltr' id='par_1_19' title="bbox 378 1856 1949 1934">
     <span class='ocr_line' id='line_1_19' title="bbox 378 1856 1949 1934; baseline 0.006 -24"><span class='ocrx_word' id='word_1_141' title='bbox 378 1859 541 1927; x_wconf 82' lang='grc' dir='ltr'>νήσῃ.</span> <span class='ocrx_word' id='word_1_142' title='bbox 584 1857 775 1922; x_wconf 82' lang='grc' dir='ltr'>Οὐδεὶς</span> <span class='ocrx_word' id='word_1_143' title='bbox 810 1859 925 1931; x_wconf 83' lang='grc' dir='ltr'>γάρ</span> <span class='ocrx_word' id='word_1_144' title='bbox 957 1856 1024 1931; x_wconf 82' lang='grc' dir='ltr'>ἦν</span> <span class='ocrx_word' id='word_1_145' title='bbox 1073 1862 1132 1916; x_wconf 82' lang='grc' dir='ltr'>ἐν</span> <span class='ocrx_word' id='word_1_146' title='bbox 1182 1863 1498 1930; x_wconf 82' lang='grc' dir='ltr'>ἀποστόλοις</span> <span class='ocrx_word' id='word_1_147' title='bbox 1554 1866 1764 1934; x_wconf 84' lang='grc' dir='ltr'>φθόνος,</span> <span class='ocrx_word' id='word_1_148' title='bbox 1816 1865 1949 1920; x_wconf 85' lang='grc' dir='ltr'>ἀλλά</span> 
     </span>
    </p>
   </div>
   <div class='ocr_carea' id='block_1_20' title="bbox 375 1939 1943 2018">
    <p class='ocr_par' dir='ltr' id='par_1_20' title="bbox 375 1939 1943 2018">
     <span class='ocr_line' id='line_1_20' title="bbox 375 1939 1943 2018; baseline 0.006 -25"><span class='ocrx_word' id='word_1_149' title='bbox 375 1940 518 2009; x_wconf 86' lang='grc' dir='ltr'>πρὸς</span> <span class='ocrx_word' id='word_1_150' title='bbox 554 1939 614 1992; x_wconf 76' lang='grc' dir='ltr'>ἐν</span> <span class='ocrx_word' id='word_1_151' title='bbox 639 1939 849 2009; x_wconf 74' lang='grc' dir='ltr'>ἑώρων,</span> <span class='ocrx_word' id='word_1_152' title='bbox 884 1943 984 2011; x_wconf 83' lang='grc' dir='ltr'>τῆς</span> <span class='ocrx_word' id='word_1_153' title='bbox 1020 1943 1347 2015; x_wconf 84' lang='grc' dir='ltr'>Ἐκκλησίας</span> <span class='ocrx_word' id='word_1_154' title='bbox 1374 1946 1473 2018; x_wconf 79' lang='grc' dir='ltr'>τὴν</span> <span class='ocrx_word' id='word_1_155' title='bbox 1502 1948 1819 2018; x_wconf 84' lang='grc' dir='ltr'>οίκοδομήν·</span> <span class='ocrx_word' id='word_1_156' title='bbox 1854 1949 1943 2002; x_wconf 70' lang='grc' dir='ltr'>καὶ</span> 
     </span>
    </p>
   </div>
   <div class='ocr_carea' id='block_1_21' title="bbox 374 2018 1948 2101">
    <p class='ocr_par' dir='ltr' id='par_1_21' title="bbox 374 2018 1948 2101">
     <span class='ocr_line' id='line_1_21' title="bbox 374 2018 1948 2101; baseline 0.006 -27"><span class='ocrx_word' id='word_1_157' title='bbox 374 2022 424 2074; x_wconf 83' lang='grc' dir='ltr'>εί</span> <span class='ocrx_word' id='word_1_158' title='bbox 439 2019 682 2075; x_wconf 62' lang='grc' dir='ltr'>ἐλάττων</span> <span class='ocrx_word' id='word_1_159' title='bbox 700 2018 771 2092; x_wconf 81' lang='grc' dir='ltr'>ἧν</span> <span class='ocrx_word' id='word_1_160' title='bbox 795 2026 824 2076; x_wconf 92' lang='grc' dir='ltr'>ό</span> <span class='ocrx_word' id='word_1_161' title='bbox 846 2025 1232 2095; x_wconf 75' lang='grc' dir='ltr'>ἐργαζόμενος,</span> <span class='ocrx_word' id='word_1_162' title='bbox 1252 2031 1607 2101; x_wconf 83' lang='grc' dir='ltr'>συνεκρότουν</span> <span class='ocrx_word' id='word_1_163' title='bbox 1628 2030 1789 2083; x_wconf 83' lang='grc' dir='ltr'>αὐτὸν</span> <span class='ocrx_word' id='word_1_164' title='bbox 1808 2030 1948 2099; x_wconf 89' lang='grc' dir='ltr'>μετά</span> 
     </span>
    </p>
   </div>
   <div class='ocr_carea' id='block_1_22' title="bbox 376 2105 1943 2184">
    <p class='ocr_par' dir='ltr' id='par_1_22' title="bbox 376 2105 1943 2184">
     <span class='ocr_line' id='line_1_22' title="bbox 376 2105 1943 2184; baseline 0.004 -27"><span class='ocrx_word' id='word_1_165' title='bbox 376 2105 612 2175; x_wconf 81' lang='grc' dir='ltr'>σπουδῆς</span> <span class='ocrx_word' id='word_1_166' title='bbox 643 2106 885 2177; x_wconf 87' lang='grc' dir='ltr'>ἀπάσης.</span> <span class='ocrx_word' id='word_1_167' title='bbox 915 2108 1011 2161; x_wconf 83' lang='grc' dir='ltr'>Διά</span> <span class='ocrx_word' id='word_1_168' title='bbox 1033 2107 1190 2163; x_wconf 84' lang='grc' dir='ltr'>τοῦτο</span> <span class='ocrx_word' id='word_1_169' title='bbox 1221 2111 1341 2164; x_wconf 82' lang='grc' dir='ltr'>οὐδὲ</span> <span class='ocrx_word' id='word_1_170' title='bbox 1375 2112 1613 2184; x_wconf 77' lang='grc' dir='ltr'>ἠρκέσθη</span> <span class='ocrx_word' id='word_1_171' title='bbox 1647 2112 1724 2183; x_wconf 82' lang='grc' dir='ltr'>τῷ</span> <span class='ocrx_word' id='word_1_172' title='bbox 1748 2113 1943 2177; x_wconf 73' lang='grc' dir='ltr'>εἰπεῖν,</span> 
     </span>
    </p>
   </div>
   <div class='ocr_carea' id='block_1_23' title="bbox 374 2187 1946 2263">
    <p class='ocr_par' dir='ltr' id='par_1_23' title="bbox 374 2187 1946 2263">
     <span class='ocr_line' id='line_1_23' title="bbox 374 2187 1946 2263; baseline 0.006 -24"><span class='ocrx_word' id='word_1_173' title='bbox 374 2187 757 2256; x_wconf 77' lang='grc' dir='ltr'>Ἀναμνήσει,</span> <span class='ocrx_word' id='word_1_174' title='bbox 789 2190 906 2243; x_wconf 78' lang='grc' dir='ltr'>ἀλλ’</span> <span class='ocrx_word' id='word_1_175' title='bbox 931 2191 1024 2244; x_wconf 76' lang='grc' dir='ltr'>ἐπὶ</span> <span class='ocrx_word' id='word_1_176' title='bbox 1043 2191 1205 2244; x_wconf 81' lang='grc' dir='ltr'>πλέον</span> <span class='ocrx_word' id='word_1_177' title='bbox 1224 2194 1348 2260; x_wconf 81' lang='grc' dir='ltr'>ἀγει</span> <span class='ocrx_word' id='word_1_178' title='bbox 1373 2195 1462 2247; x_wconf 86' lang='grc' dir='ltr'>τὸν</span> <span class='ocrx_word' id='word_1_179' title='bbox 1490 2195 1646 2263; x_wconf 86' lang='grc' dir='ltr'>λόγον</span> <span class='ocrx_word' id='word_1_180' title='bbox 1672 2207 1722 2260; x_wconf 76' lang='grc' dir='ltr'>ι,</span> <span class='ocrx_word' id='word_1_181' title='bbox 1746 2196 1946 2248; x_wconf 76' lang='grc' dir='ltr'>ὑποτέ-</span> 
     </span>
    </p>
   </div>
   <div class='ocr_carea' id='block_1_24' title="bbox 384 2269 1946 2349">
    <p class='ocr_par' dir='ltr' id='par_1_24' title="bbox 384 2269 1946 2349">
     <span class='ocr_line' id='line_1_24' title="bbox 384 2269 1946 2349; baseline 0.007 -29"><span class='ocrx_word' id='word_1_182' title='bbox 384 2269 611 2337; x_wconf 79' lang='grc' dir='ltr'>μνεσθαι</span> <span class='ocrx_word' id='word_1_183' title='bbox 656 2270 976 2341; x_wconf 87' lang='grc' dir='ltr'>βουλόμενος</span> <span class='ocrx_word' id='word_1_184' title='bbox 1025 2273 1208 2328; x_wconf 81' lang='grc' dir='ltr'>αὐτῶν</span> <span class='ocrx_word' id='word_1_185' title='bbox 1253 2276 1343 2329; x_wconf 76' lang='grc' dir='ltr'>τὸν</span> <span class='ocrx_word' id='word_1_186' title='bbox 1381 2275 1574 2345; x_wconf 81' lang='grc' dir='ltr'>φθόνον</span> <span class='ocrx_word' id='word_1_187' title='bbox 1608 2278 1723 2345; x_wconf 77' lang='grc' dir='ltr'>(καὶ</span> <span class='ocrx_word' id='word_1_188' title='bbox 1747 2278 1856 2349; x_wconf 78' lang='grc' dir='ltr'>γὰρ</span> <span class='ocrx_word' id='word_1_189' title='bbox 1878 2272 1946 2347; x_wconf 78' lang='grc' dir='ltr'>ἦν</span> 
     </span>
    </p>
   </div>
   <div class='ocr_carea' id='block_1_25' title="bbox 375 2352 1946 2431">
    <p class='ocr_par' dir='ltr' id='par_1_25' title="bbox 375 2352 1946 2431">
     <span class='ocr_line' id='line_1_25' title="bbox 375 2352 1946 2431; baseline 0.006 -27"><span class='ocrx_word' id='word_1_190' title='bbox 375 2352 491 2415; x_wconf 87' lang='grc' dir='ltr'>νέος</span> <span class='ocrx_word' id='word_1_191' title='bbox 511 2355 539 2407; x_wconf 87' lang='grc' dir='ltr'>ό</span> <span class='ocrx_word' id='word_1_192' title='bbox 569 2352 875 2425; x_wconf 66' lang='grc' dir='ltr'>Τιμόθεοςγ</span> <span class='ocrx_word' id='word_1_193' title='bbox 904 2356 985 2410; x_wconf 83' lang='grc' dir='ltr'>διὸ</span> <span class='ocrx_word' id='word_1_194' title='bbox 1018 2358 1263 2429; x_wconf 71' lang='grc' dir='ltr'>ἐπήγαγε</span> <span class='ocrx_word' id='word_1_195' title='bbox 1285 2376 1299 2391; x_wconf 77' lang='grc' dir='ltr'><strong>ο</strong></span> <span class='ocrx_word' id='word_1_196' title='bbox 1338 2360 1449 2426; x_wconf 84' lang='grc' dir='ltr'>Τὰς</span> <span class='ocrx_word' id='word_1_197' title='bbox 1486 2360 1668 2428; x_wconf 78' lang='grc' dir='ltr'>ὁδούς</span> <span class='ocrx_word' id='word_1_198' title='bbox 1694 2379 1834 2431; x_wconf 84' lang='grc' dir='ltr'>μου.</span> <span class='ocrx_word' id='word_1_199' title='bbox 1868 2360 1946 2414; x_wconf 89' lang='grc' dir='ltr'>Οὐ</span> 
     </span>
    </p>
   </div>
   <div class='ocr_carea' id='block_1_26' title="bbox 374 2434 1946 2518">
    <p class='ocr_par' dir='ltr' id='par_1_26' title="bbox 374 2434 1946 2518">
     <span class='ocr_line' id='line_1_26' title="bbox 374 2434 1946 2518; baseline 0.008 -29"><span class='ocrx_word' id='word_1_200' title='bbox 374 2434 472 2500; x_wconf 78' lang='grc' dir='ltr'>τὰς</span> <span class='ocrx_word' id='word_1_201' title='bbox 504 2437 692 2505; x_wconf 86' lang='grc' dir='ltr'>αὐτοῦ,</span> <span class='ocrx_word' id='word_1_202' title='bbox 726 2439 860 2493; x_wconf 85' lang='grc' dir='ltr'>ἀλλά</span> <span class='ocrx_word' id='word_1_203' title='bbox 878 2440 976 2505; x_wconf 70' lang='grc' dir='ltr'>τὰς</span> <span class='ocrx_word' id='word_1_204' title='bbox 1010 2443 1169 2512; x_wconf 79' lang='grc' dir='ltr'>ἐμὰς,</span> <span class='ocrx_word' id='word_1_205' title='bbox 1192 2444 1458 2510; x_wconf 80' lang='grc' dir='ltr'>τουτέστι,</span> <span class='ocrx_word' id='word_1_206' title='bbox 1484 2446 1585 2509; x_wconf 83' lang='grc' dir='ltr'>τὰς</span> <span class='ocrx_word' id='word_1_207' title='bbox 1612 2447 1946 2518; x_wconf 75' lang='grc' dir='ltr'>οἰκονομίας,</span> 
     </span>
    </p>
   </div>
   <div class='ocr_carea' id='block_1_27' title="bbox 374 2521 1945 2602">
    <p class='ocr_par' dir='ltr' id='par_1_27' title="bbox 374 2521 1945 2602">
     <span class='ocr_line' id='line_1_27' title="bbox 374 2521 1945 2602; baseline 0.009 -31"><span class='ocrx_word' id='word_1_208' title='bbox 374 2521 500 2584; x_wconf 81' lang='grc' dir='ltr'>τοὺς</span> <span class='ocrx_word' id='word_1_209' title='bbox 528 2522 827 2587; x_wconf 84' lang='grc' dir='ltr'>κινδύνους,</span> <span class='ocrx_word' id='word_1_210' title='bbox 866 2525 932 2577; x_wconf 86' lang='grc' dir='ltr'>τά</span> <span class='ocrx_word' id='word_1_211' title='bbox 961 2523 1055 2594; x_wconf 74' lang='grc' dir='ltr'>ἔθη</span> <span class='ocrx_word' id='word_1_212' title='bbox 1074 2565 1089 2589; x_wconf 92' lang='grc'>,</span> <span class='ocrx_word' id='word_1_213' title='bbox 1130 2527 1255 2590; x_wconf 81' lang='grc' dir='ltr'>τοὺς</span> <span class='ocrx_word' id='word_1_214' title='bbox 1291 2529 1508 2599; x_wconf 84' lang='grc' dir='ltr'>νόμους,</span> <span class='ocrx_word' id='word_1_215' title='bbox 1536 2531 1662 2595; x_wconf 82' lang='grc' dir='ltr'>τοὺς</span> <span class='ocrx_word' id='word_1_216' title='bbox 1690 2530 1945 2602; x_wconf 79' lang='grc' dir='ltr'>θεσμοὺς,</span> 
     </span>
    </p>
   </div>
   <div class='ocr_carea' id='block_1_28' title="bbox 374 2602 1944 2674">
    <p class='ocr_par' dir='ltr' id='par_1_28' title="bbox 374 2602 1944 2674">
     <span class='ocr_line' id='line_1_28' title="bbox 374 2602 1944 2674; baseline 0.01 -21"><span class='ocrx_word' id='word_1_217' title='bbox 374 2602 501 2664; x_wconf 81' lang='grc' dir='ltr'>τοὺς</span> <span class='ocrx_word' id='word_1_218' title='bbox 551 2603 779 2667; x_wconf 81' lang='grc' dir='ltr'>κανόνας</span> <span class='ocrx_word' id='word_1_219' title='bbox 830 2606 957 2669; x_wconf 80' lang='grc' dir='ltr'>τοὺς</span> <span class='ocrx_word' id='word_1_220' title='bbox 982 2607 1394 2674; x_wconf 71' lang='grc' dir='ltr'>ἀποπολικούς,</span> <span class='ocrx_word' id='word_1_221' title='bbox 1440 2611 1511 2664; x_wconf 84' lang='grc' dir='ltr'>τά</span> <span class='ocrx_word' id='word_1_222' title='bbox 1560 2612 1696 2666; x_wconf 84' lang='grc' dir='ltr'>ἀλλα</span> <span class='ocrx_word' id='word_1_223' title='bbox 1745 2615 1944 2670; x_wconf 88' lang='grc' dir='ltr'>πάντα.</span> 
     </span>
    </p>
   </div>
   <div class='ocr_carea' id='block_1_29' title="bbox 387 2682 1950 2766">
    <p class='ocr_par' dir='ltr' id='par_1_29' title="bbox 387 2682 1950 2766">
     <span class='ocr_line' id='line_1_29' title="bbox 387 2682 1950 2766; baseline 0.01 -30"><span class='ocrx_word' id='word_1_224' title='bbox 387 2682 611 2756; x_wconf 78' lang='grc' dir='ltr'>Ἐπειδὴ</span> <span class='ocrx_word' id='word_1_225' title='bbox 658 2685 764 2758; x_wconf 69' lang='grc' dir='ltr'>γὰρ</span> <span class='ocrx_word' id='word_1_226' title='bbox 820 2683 957 2751; x_wconf 81' lang='grc' dir='ltr'>εἶπε,</span> <span class='ocrx_word' id='word_1_227' title='bbox 996 2691 1459 2761; x_wconf 82' lang='grc' dir='ltr'>Γυμνητεύομεν</span> <span class='ocrx_word' id='word_1_228' title='bbox 1499 2695 1599 2749; x_wconf 76' lang='grc' dir='ltr'>καὶ</span> <span class='ocrx_word' id='word_1_229' title='bbox 1638 2696 1950 2766; x_wconf 73' lang='grc' dir='ltr'>κολαφιζό-</span> 
     </span>
    </p>
   </div>
   <div class='ocr_carea' id='block_1_30' title="bbox 368 2768 1949 2850">
    <p class='ocr_par' dir='ltr' id='par_1_30' title="bbox 368 2768 1949 2850">
     <span class='ocr_line' id='line_1_30' title="bbox 368 2768 1949 2850; baseline 0.01 -32"><span class='ocrx_word' id='word_1_230' title='bbox 368 2770 528 2850; x_wconf 74' lang='grc' dir='ltr'>μεθα</span> <span class='ocrx_word' id='word_1_231' title='bbox 548 2768 648 2821; x_wconf 75' lang='grc' dir='ltr'>καὶ</span> <span class='ocrx_word' id='word_1_232' title='bbox 671 2769 1059 2840; x_wconf 79' lang='grc' dir='ltr'>ἀστατοῦμεν,</span> <span class='ocrx_word' id='word_1_233' title='bbox 1088 2774 1182 2828; x_wconf 80' lang='grc' dir='ltr'>καὶ</span> <span class='ocrx_word' id='word_1_234' title='bbox 1204 2774 1397 2841; x_wconf 83' lang='grc' dir='ltr'>ταῦτα,</span> <span class='ocrx_word' id='word_1_235' title='bbox 1420 2777 1575 2848; x_wconf 74' lang='grc' dir='ltr'>φησι,</span> <span class='ocrx_word' id='word_1_236' title='bbox 1601 2780 1778 2833; x_wconf 89' lang='grc' dir='ltr'>πάντα</span> <span class='ocrx_word' id='word_1_237' title='bbox 1807 2781 1949 2850; x_wconf 78' lang='grc' dir='ltr'>ὑμᾶς</span> 
     </span>
    </p>
   </div>
   <div class='ocr_carea' id='block_1_31' title="bbox 373 2849 1948 2932">
    <p class='ocr_par' dir='ltr' id='par_1_31' title="bbox 373 2849 1948 2932">
     <span class='ocr_line' id='line_1_31' title="bbox 373 2849 1948 2932; baseline 0.01 -30"><span class='ocrx_word' id='word_1_238' title='bbox 373 2849 683 2921; x_wconf 73' lang='grc' dir='ltr'>ἀναμνήσει</span> <span class='ocrx_word' id='word_1_239' title='bbox 712 2853 804 2905; x_wconf 78' lang='grc' dir='ltr'>καὶ</span> <span class='ocrx_word' id='word_1_240' title='bbox 832 2854 958 2918; x_wconf 80' lang='grc' dir='ltr'>τοὺς</span> <span class='ocrx_word' id='word_1_241' title='bbox 981 2855 1180 2926; x_wconf 88' lang='grc' dir='ltr'>νόμους</span> <span class='ocrx_word' id='word_1_242' title='bbox 1218 2858 1344 2923; x_wconf 81' lang='grc' dir='ltr'>τοὺς</span> <span class='ocrx_word' id='word_1_243' title='bbox 1367 2859 1459 2913; x_wconf 82' lang='grc' dir='ltr'>τοῦ</span> <span class='ocrx_word' id='word_1_244' title='bbox 1489 2860 1723 2932; x_wconf 77' lang='grc' dir='ltr'>Χριστοῦ</span> <span class='ocrx_word' id='word_1_245' title='bbox 1744 2902 1759 2927; x_wconf 92' lang='grc'>,</span> <span class='ocrx_word' id='word_1_246' title='bbox 1806 2862 1948 2916; x_wconf 80' lang='grc' dir='ltr'>ὥστε</span> 
     </span>
    </p>
   </div>
   <div class='ocr_carea' id='block_1_32' title="bbox 370 2931 1949 3015">
    <p class='ocr_par' dir='ltr' id='par_1_32' title="bbox 370 2931 1949 3015">
     <span class='ocr_line' id='line_1_32' title="bbox 370 2931 1949 3015; baseline 0.011 -31"><span class='ocrx_word' id='word_1_247' title='bbox 370 2931 476 2995; x_wconf 76' lang='grc' dir='ltr'>τάς</span> <span class='ocrx_word' id='word_1_248' title='bbox 508 2935 749 3004; x_wconf 74' lang='grc' dir='ltr'>αἱρέσεις</span> <span class='ocrx_word' id='word_1_249' title='bbox 774 2936 1000 2994; x_wconf 89' lang='grc' dir='ltr'>ἀνελεῖν.</span> <span class='ocrx_word' id='word_1_250' title='bbox 1042 2934 1173 2992; x_wconf 76' lang='grc' dir='ltr'>Εἶτα</span> <span class='ocrx_word' id='word_1_251' title='bbox 1205 2941 1459 3013; x_wconf 76' lang='grc' dir='ltr'>ἀνωτέρω</span> <span class='ocrx_word' id='word_1_252' title='bbox 1503 2931 1592 2998; x_wconf 79' lang='grc' dir='ltr'>τδν</span> <span class='ocrx_word' id='word_1_253' title='bbox 1636 2945 1794 3015; x_wconf 89' lang='grc' dir='ltr'>λόγον</span> <span class='ocrx_word' id='word_1_254' title='bbox 1856 2947 1949 3000; x_wconf 85' lang='grc' dir='ltr'>ἀν-</span> 
     </span>
    </p>
   </div>
   <div class='ocr_carea' id='block_1_33' title="bbox 373 3015 1947 3094">
    <p class='ocr_par' dir='ltr' id='par_1_33' title="bbox 373 3015 1947 3094">
     <span class='ocr_line' id='line_1_33' title="bbox 373 3015 1947 3094; baseline 0.008 -24"><span class='ocrx_word' id='word_1_255' title='bbox 373 3015 600 3085; x_wconf 82' lang='grc' dir='ltr'>αγαγὼν</span> <span class='ocrx_word' id='word_1_256' title='bbox 623 3020 871 3089; x_wconf 75' lang='grc' dir='ltr'>ἐπήγαγε</span> <span class='ocrx_word' id='word_1_257' title='bbox 896 3034 911 3050; x_wconf 85' lang='grc'><strong>·</strong></span> <span class='ocrx_word' id='word_1_258' title='bbox 942 3020 1019 3075; x_wconf 85' lang='grc' dir='ltr'><em>Τὰ</em></span> <span class='ocrx_word' id='word_1_259' title='bbox 1049 3022 1364 3093; x_wconf 79' lang='grc' dir='ltr'>ένΧριστῷ</span> <span class='ocrx_word' id='word_1_260' title='bbox 1381 3044 1398 3059; x_wconf 86' lang='grc'><strong>·</strong></span> <span class='ocrx_word' id='word_1_261' title='bbox 1430 3027 1712 3093; x_wconf 86' lang='grc' dir='ltr'>πάντα,ὼς</span> <span class='ocrx_word' id='word_1_262' title='bbox 1737 3029 1947 3094; x_wconf 77' lang='grc' dir='ltr'>εἴωθεν,</span> 
     </span>
    </p>
   </div>
   <div class='ocr_carea' id='block_1_34' title="bbox 372 3101 1949 3184">
    <p class='ocr_par' dir='ltr' id='par_1_34' title="bbox 372 3101 1949 3184">
     <span class='ocr_line' id='line_1_34' title="bbox 372 3101 1949 3184; baseline 0.01 -31"><span class='ocrx_word' id='word_1_263' title='bbox 372 3101 651 3165; x_wconf 80' lang='grc' dir='ltr'>ἀνατιθεὶς</span> <span class='ocrx_word' id='word_1_264' title='bbox 696 3102 774 3173; x_wconf 84' lang='grc' dir='ltr'>τῷ</span> <span class='ocrx_word' id='word_1_265' title='bbox 798 3104 1066 3177; x_wconf 84' lang='grc' dir='ltr'>Δεσπότῃ,</span> <span class='ocrx_word' id='word_1_266' title='bbox 1106 3107 1200 3160; x_wconf 73' lang='grc' dir='ltr'>καὶ</span> <span class='ocrx_word' id='word_1_267' title='bbox 1244 3109 1305 3161; x_wconf 88' lang='lat'>:0</span> <span class='ocrx_word' id='word_1_268' title='bbox 1339 3110 1651 3176; x_wconf 78' lang='grc' dir='ltr'>ἀξιόπιστον</span> <span class='ocrx_word' id='word_1_269' title='bbox 1682 3113 1789 3166; x_wconf 83' lang='grc' dir='ltr'>τῶν</span> <span class='ocrx_word' id='word_1_270' title='bbox 1823 3114 1949 3184; x_wconf 77' lang='grc' dir='ltr'>ἑξῆς</span> 
     </span>
    </p>
   </div>
   <div class='ocr_carea' id='block_1_35' title="bbox 373 3184 1943 3265">
    <p class='ocr_par' dir='ltr' id='par_1_35' title="bbox 373 3184 1943 3265">
     <span class='ocr_line' id='line_1_35' title="bbox 373 3184 1943 3265; baseline 0.008 -28"><span class='ocrx_word' id='word_1_271' title='bbox 373 3184 628 3239; x_wconf 82' lang='grc' dir='ltr'>ἐντεῦθεν</span> <span class='ocrx_word' id='word_1_272' title='bbox 688 3190 1115 3254; x_wconf 76' lang='grc' dir='ltr'>κατασκευάζων</span> <span class='ocrx_word' id='word_1_273' title='bbox 1149 3206 1163 3220; x_wconf 80' lang='grc'><strong>⁸</strong></span> <span class='ocrx_word' id='word_1_274' title='bbox 1224 3190 1375 3265; x_wconf 79' lang='grc'><strong>[118]</strong></span> <span class='ocrx_word' id='word_1_275' title='bbox 1426 3195 1508 3249; x_wconf 85' lang='grc' dir='ltr'>διδ</span> <span class='ocrx_word' id='word_1_276' title='bbox 1561 3198 1657 3250; x_wconf 84' lang='grc' dir='ltr'>καὶ</span> <span class='ocrx_word' id='word_1_277' title='bbox 1708 3197 1943 3265; x_wconf 72' lang='grc' dir='ltr'>ἐπάγεισ</span> 
     </span>
    </p>
   </div>
   <div class='ocr_carea' id='block_1_36' title="bbox 371 3269 1949 3348">
    <p class='ocr_par' dir='ltr' id='par_1_36' title="bbox 371 3269 1949 3348">
     <span class='ocr_line' id='line_1_36' title="bbox 371 3269 1949 3348; baseline 0.008 -27"><span class='ocrx_word' id='word_1_278' title='bbox 371 3269 581 3335; x_wconf 80' lang='grc' dir='ltr'>Καθὼς</span> <span class='ocrx_word' id='word_1_279' title='bbox 599 3272 913 3341; x_wconf 76' lang='grc' dir='ltr'>πανταχοῦ</span> <span class='ocrx_word' id='word_1_280' title='bbox 939 3274 1009 3327; x_wconf 88' lang='grc' dir='ltr'>ἐν</span> <span class='ocrx_word' id='word_1_281' title='bbox 1029 3274 1198 3344; x_wconf 77' lang='grc' dir='ltr'>πάσῃ</span> <span class='ocrx_word' id='word_1_282' title='bbox 1213 3278 1536 3348; x_wconf 72' lang='grc' dir='ltr'>Ἐκκλησία</span> <span class='ocrx_word' id='word_1_283' title='bbox 1558 3278 1949 3335; x_wconf 78' lang='grc' dir='ltr'>διδάσκω.οὐ-</span> 
     </span>
    </p>
   </div>
   <div class='ocr_carea' id='block_1_37' title="bbox 371 3350 1948 3432">
    <p class='ocr_par' dir='ltr' id='par_1_37' title="bbox 371 3350 1948 3432">
     <span class='ocr_line' id='line_1_37' title="bbox 371 3350 1948 3432; baseline 0.008 -29"><span class='ocrx_word' id='word_1_284' title='bbox 371 3350 464 3404; x_wconf 80' lang='grc' dir='ltr'>δὲν</span> <span class='ocrx_word' id='word_1_285' title='bbox 491 3353 630 3427; x_wconf 82' lang='grc' dir='ltr'>πρὸς</span> <span class='ocrx_word' id='word_1_286' title='bbox 664 3355 808 3424; x_wconf 78' lang='grc' dir='ltr'>ὑμᾶς</span> <span class='ocrx_word' id='word_1_287' title='bbox 840 3358 1027 3411; x_wconf 75' lang='grc' dir='ltr'>καινὸν</span> <span class='ocrx_word' id='word_1_288' title='bbox 1057 3355 1242 3414; x_wconf 78' lang='grc' dir='ltr'>εἶπονο</span> <span class='ocrx_word' id='word_1_289' title='bbox 1273 3360 1445 3416; x_wconf 76' lang='grc' dir='ltr'>ταῦτά</span> <span class='ocrx_word' id='word_1_290' title='bbox 1468 3380 1557 3432; x_wconf 90' lang='grc' dir='ltr'>μοι</span> <span class='ocrx_word' id='word_1_291' title='bbox 1588 3363 1837 3415; x_wconf 88' lang='grc' dir='ltr'>συνίσασι</span> <span class='ocrx_word' id='word_1_292' title='bbox 1854 3363 1948 3416; x_wconf 75' lang='grc' dir='ltr'>καὶ</span> 
     </span>
    </p>
   </div>
   <div class='ocr_carea' id='block_1_38' title="bbox 373 3434 1948 3513">
    <p class='ocr_par' dir='ltr' id='par_1_38' title="bbox 373 3434 1948 3513">
     <span class='ocr_line' id='line_1_38' title="bbox 373 3434 1948 3513; baseline 0.008 -25"><span class='ocrx_word' id='word_1_293' title='bbox 373 3435 433 3488; x_wconf 83' lang='grc' dir='ltr'>αἱ</span> <span class='ocrx_word' id='word_1_294' title='bbox 458 3434 645 3490; x_wconf 78' lang='grc' dir='ltr'>λοιπαὶ</span> <span class='ocrx_word' id='word_1_295' title='bbox 683 3439 1001 3511; x_wconf 84' lang='grc' dir='ltr'>Ἐκκλησίαι</span> <span class='ocrx_word' id='word_1_296' title='bbox 1028 3446 1217 3498; x_wconf 81' lang='grc' dir='ltr'>πᾶσαι.</span> <span class='ocrx_word' id='word_1_297' title='bbox 1255 3444 1435 3509; x_wconf 83' lang='grc' dir='ltr'>Ὁδοὺς</span> <span class='ocrx_word' id='word_1_298' title='bbox 1465 3446 1521 3500; x_wconf 81' lang='grc' dir='ltr'>δὲ</span> <span class='ocrx_word' id='word_1_299' title='bbox 1539 3445 1709 3511; x_wconf 81' lang='grc' dir='ltr'>αὐτὰς</span> <span class='ocrx_word' id='word_1_300' title='bbox 1731 3449 1789 3499; x_wconf 76' lang='grc' dir='ltr'>έν</span> <span class='ocrx_word' id='word_1_301' title='bbox 1812 3447 1948 3513; x_wconf 80' lang='grc' dir='ltr'>Χρι-</span> 
     </span>
    </p>
   </div>
   <div class='ocr_carea' id='block_1_39' title="bbox 376 3517 1949 3601">
    <p class='ocr_par' dir='ltr' id='par_1_39' title="bbox 376 3517 1949 3601">
     <span class='ocr_line' id='line_1_39' title="bbox 376 3517 1949 3601; baseline 0.008 -31"><span class='ocrx_word' id='word_1_302' title='bbox 376 3517 493 3588; x_wconf 81' lang='grc' dir='ltr'>στῷ</span> <span class='ocrx_word' id='word_1_303' title='bbox 518 3536 675 3589; x_wconf 77' lang='grc' dir='ltr'>φησι,</span> <span class='ocrx_word' id='word_1_304' title='bbox 709 3521 918 3586; x_wconf 81' lang='grc' dir='ltr'>δεικνὺς</span> <span class='ocrx_word' id='word_1_305' title='bbox 943 3526 1026 3579; x_wconf 87' lang='grc' dir='ltr'>ὃτι</span> <span class='ocrx_word' id='word_1_306' title='bbox 1048 3526 1199 3580; x_wconf 77' lang='grc' dir='ltr'>οὐδὲν</span> <span class='ocrx_word' id='word_1_307' title='bbox 1225 3526 1439 3599; x_wconf 75' lang='grc' dir='ltr'>ἔχουσιν</span> <span class='ocrx_word' id='word_1_308' title='bbox 1460 3530 1820 3601; x_wconf 72' lang='grc' dir='ltr'>ἀνθρώπινον,</span> <span class='ocrx_word' id='word_1_309' title='bbox 1855 3531 1949 3583; x_wconf 81' lang='grc' dir='ltr'>καὶ</span> 
     </span>
    </p>
   </div>
   <div class='ocr_carea' id='block_1_40' title="bbox 373 3602 1946 3682">
    <p class='ocr_par' dir='ltr' id='par_1_40' title="bbox 373 3602 1946 3682">
     <span class='ocr_line' id='line_1_40' title="bbox 373 3602 1946 3682; baseline 0.008 -29"><span class='ocrx_word' id='word_1_310' title='bbox 373 3603 459 3655; x_wconf 79' lang='grc' dir='ltr'>ὅτι</span> <span class='ocrx_word' id='word_1_311' title='bbox 498 3602 642 3667; x_wconf 85' lang='grc' dir='ltr'>μετά</span> <span class='ocrx_word' id='word_1_312' title='bbox 671 3602 769 3672; x_wconf 76' lang='grc' dir='ltr'>τῆς</span> <span class='ocrx_word' id='word_1_313' title='bbox 815 3604 1019 3660; x_wconf 75' lang='grc' dir='ltr'>ἐκεῖθεν</span> <span class='ocrx_word' id='word_1_314' title='bbox 1066 3609 1318 3680; x_wconf 79' lang='grc' dir='ltr'>βοηθείας</span> <span class='ocrx_word' id='word_1_315' title='bbox 1347 3611 1413 3664; x_wconf 73' lang='grc' dir='ltr'>τὰ</span> <span class='ocrx_word' id='word_1_316' title='bbox 1463 3613 1637 3666; x_wconf 86' lang='grc' dir='ltr'>πάντα</span> <span class='ocrx_word' id='word_1_317' title='bbox 1672 3611 1946 3682; x_wconf 79' lang='grc' dir='ltr'>κατορθοῖ.</span> 
     </span>
    </p>
   </div>
   <div class='ocr_carea' id='block_1_41' title="bbox 377 3682 1949 3765">
    <p class='ocr_par' dir='ltr' id='par_1_41' title="bbox 377 3682 1949 3765">
     <span class='ocr_line' id='line_1_41' title="bbox 377 3682 1949 3765; baseline 0.008 -30"><span class='ocrx_word' id='word_1_318' title='bbox 377 3682 568 3736; x_wconf 73' lang='grc' dir='ltr'>Εἰπὼν</span> <span class='ocrx_word' id='word_1_319' title='bbox 582 3684 640 3737; x_wconf 82' lang='grc' dir='ltr'>δὲ</span> <span class='ocrx_word' id='word_1_320' title='bbox 659 3683 834 3741; x_wconf 82' lang='grc' dir='ltr'>ταῦτα</span> <span class='ocrx_word' id='word_1_321' title='bbox 850 3689 942 3741; x_wconf 78' lang='grc' dir='ltr'>καὶ</span> <span class='ocrx_word' id='word_1_322' title='bbox 965 3690 1309 3761; x_wconf 86' lang='grc' dir='ltr'>θεραπεύσας</span> <span class='ocrx_word' id='word_1_323' title='bbox 1330 3695 1593 3757; x_wconf 79' lang='grc' dir='ltr'>ἐκείνους,</span> <span class='ocrx_word' id='word_1_324' title='bbox 1620 3695 1716 3747; x_wconf 69' lang='grc' dir='ltr'>καὶ</span> <span class='ocrx_word' id='word_1_325' title='bbox 1743 3696 1949 3765; x_wconf 79' lang='grc' dir='ltr'>μέλλων</span> 
     </span>
    </p>
   </div>
   <div class='ocr_carea' id='block_1_42' title="bbox 374 3767 1945 3847">
    <p class='ocr_par' dir='ltr' id='par_1_42' title="bbox 374 3767 1945 3847">
     <span class='ocr_line' id='line_1_42' title="bbox 374 3767 1945 3847; baseline 0.007 -28"><span class='ocrx_word' id='word_1_326' title='bbox 374 3767 671 3837; x_wconf 70' lang='grc' dir='ltr'>ἐμϐάλλειν</span> <span class='ocrx_word' id='word_1_327' title='bbox 711 3771 794 3834; x_wconf 83' lang='grc' dir='ltr'>είς</span> <span class='ocrx_word' id='word_1_328' title='bbox 838 3771 937 3844; x_wconf 79' lang='grc' dir='ltr'>τὴν</span> <span class='ocrx_word' id='word_1_329' title='bbox 982 3775 1317 3846; x_wconf 79' lang='grc' dir='ltr'>κατηγορίαν</span> <span class='ocrx_word' id='word_1_330' title='bbox 1346 3776 1440 3828; x_wconf 74' lang='grc' dir='ltr'>τού</span> <span class='ocrx_word' id='word_1_331' title='bbox 1492 3778 1945 3847; x_wconf 83' lang='grc' dir='ltr'>πεπορνευκότος,</span> 
     </span>
    </p>
   </div>
   <div class='ocr_carea' id='block_1_43' title="bbox 374 3850 1950 3927">
    <p class='ocr_par' dir='ltr' id='par_1_43' title="bbox 374 3850 1950 3927">
     <span class='ocr_line' id='line_1_43' title="bbox 374 3850 1950 3927; baseline 0.008 -25"><span class='ocrx_word' id='word_1_332' title='bbox 374 3850 537 3905; x_wconf 85' lang='grc' dir='ltr'>πάλιν</span> <span class='ocrx_word' id='word_1_333' title='bbox 568 3851 745 3922; x_wconf 75' lang='grc' dir='ltr'>θυμοῦ</span> <span class='ocrx_word' id='word_1_334' title='bbox 785 3853 1054 3925; x_wconf 80' lang='grc' dir='ltr'>γέμοντας</span> <span class='ocrx_word' id='word_1_335' title='bbox 1094 3858 1284 3926; x_wconf 87' lang='grc' dir='ltr'>λόγους</span> <span class='ocrx_word' id='word_1_336' title='bbox 1332 3859 1578 3927; x_wconf 68' lang='grc' dir='ltr'>ἀφίησιν,</span> <span class='ocrx_word' id='word_1_337' title='bbox 1633 3861 1734 3913; x_wconf 90' lang='grc' dir='ltr'>οὐκ</span> <span class='ocrx_word' id='word_1_338' title='bbox 1787 3861 1950 3922; x_wconf 81' lang='grc' dir='ltr'>αὐτὸς</span> 
     </span>
    </p>
   </div>
   <div class='ocr_carea' id='block_1_44' title="bbox 374 3933 1949 4011">
    <p class='ocr_par' dir='ltr' id='par_1_44' title="bbox 374 3933 1949 4011">
     <span class='ocr_line' id='line_1_44' title="bbox 374 3933 1949 4011; baseline 0.006 -25"><span class='ocrx_word' id='word_1_339' title='bbox 374 3933 544 3989; x_wconf 78' lang='grc' dir='ltr'>ταῦτα</span> <span class='ocrx_word' id='word_1_340' title='bbox 575 3936 827 4006; x_wconf 86' lang='grc' dir='ltr'>πάσχων,</span> <span class='ocrx_word' id='word_1_341' title='bbox 847 3937 961 3991; x_wconf 81' lang='grc' dir='ltr'>ἀλλ’</span> <span class='ocrx_word' id='word_1_342' title='bbox 990 3938 1233 4004; x_wconf 78' lang='grc' dir='ltr'>ἐκείνους</span> <span class='ocrx_word' id='word_1_343' title='bbox 1273 3941 1653 4011; x_wconf 87' lang='grc' dir='ltr'>διορθούμενος</span> <span class='ocrx_word' id='word_1_344' title='bbox 1679 3959 1692 3971; x_wconf 88' lang='grc'><strong>·</strong></span> <span class='ocrx_word' id='word_1_345' title='bbox 1737 3944 1828 3995; x_wconf 71' lang='grc' dir='ltr'>καὶ</span> <span class='ocrx_word' id='word_1_346' title='bbox 1857 3943 1949 3996; x_wconf 68' lang='grc' dir='ltr'>τὸν</span> 
     </span>
    </p>
   </div>
   <div class='ocr_carea' id='block_1_45' title="bbox 376 4021 1948 4093">
    <p class='ocr_par' dir='ltr' id='par_1_45' title="bbox 376 4021 1948 4093">
     <span class='ocr_line' id='line_1_45' title="bbox 376 4021 1948 4093; baseline 0.007 -24"><span class='ocrx_word' id='word_1_347' title='bbox 376 4024 786 4088; x_wconf 85' lang='grc' dir='ltr'>πεπορνευκότα</span> <span class='ocrx_word' id='word_1_348' title='bbox 808 4021 1104 4089; x_wconf 76' lang='grc' dir='ltr'>ἀφεὶς,τοῖς</span> <span class='ocrx_word' id='word_1_349' title='bbox 1125 4021 1306 4087; x_wconf 84' lang='grc' dir='ltr'>ἀλλοις</span> <span class='ocrx_word' id='word_1_350' title='bbox 1324 4023 1648 4093; x_wconf 82' lang='grc' dir='ltr'>διαλέγεται,</span> <span class='ocrx_word' id='word_1_351' title='bbox 1665 4026 1765 4079; x_wconf 91' lang='grc' dir='ltr'>οὐκ</span> <span class='ocrx_word' id='word_1_352' title='bbox 1784 4027 1948 4091; x_wconf 80' lang='grc' dir='ltr'>ἀξιῶν</span> 
     </span>
    </p>
   </div>
   <div class='ocr_carea' id='block_1_46' title="bbox 376 4098 1949 4179">
    <p class='ocr_par' dir='ltr' id='par_1_46' title="bbox 376 4098 1949 4179">
     <span class='ocr_line' id='line_1_46' title="bbox 376 4098 1949 4179; baseline 0.008 -29"><span class='ocrx_word' id='word_1_353' title='bbox 376 4098 588 4153; x_wconf 78' lang='grc' dir='ltr'>ἐκεῖνον</span> <span class='ocrx_word' id='word_1_354' title='bbox 620 4099 743 4154; x_wconf 77' lang='grc' dir='ltr'>οὗτε</span> <span class='ocrx_word' id='word_1_355' title='bbox 792 4102 903 4156; x_wconf 84' lang='grc' dir='ltr'>τῶν</span> <span class='ocrx_word' id='word_1_356' title='bbox 932 4104 1063 4173; x_wconf 85' lang='grc' dir='ltr'>παρ’</span> <span class='ocrx_word' id='word_1_357' title='bbox 1094 4104 1260 4158; x_wconf 77' lang='grc' dir='ltr'>αὐτοῦ</span> <span class='ocrx_word' id='word_1_358' title='bbox 1306 4105 1478 4175; x_wconf 88' lang='grc' dir='ltr'>λόγων</span> <span class='ocrx_word' id='word_1_359' title='bbox 1498 4124 1513 4139; x_wconf 89' lang='grc'><strong>·</strong></span> <span class='ocrx_word' id='word_1_360' title='bbox 1542 4109 1677 4179; x_wconf 84' lang='grc' dir='ltr'>ὅπερ</span> <span class='ocrx_word' id='word_1_361' title='bbox 1707 4110 1801 4162; x_wconf 78' lang='grc' dir='ltr'>ἐπὶ</span> <span class='ocrx_word' id='word_1_362' title='bbox 1839 4111 1949 4163; x_wconf 87' lang='grc' dir='ltr'>τῶν</span> 
     </span>
    </p>
   </div>
   <div class='ocr_carea' id='block_1_47' title="bbox 376 4183 1949 4262">
    <p class='ocr_par' dir='ltr' id='par_1_47' title="bbox 376 4183 1949 4262">
     <span class='ocr_line' id='line_1_47' title="bbox 376 4183 1949 4262; baseline 0.008 -27"><span class='ocrx_word' id='word_1_363' title='bbox 376 4183 610 4236; x_wconf 83' lang='grc' dir='ltr'>οἰκετῶν</span> <span class='ocrx_word' id='word_1_364' title='bbox 633 4185 738 4238; x_wconf 83' lang='grc' dir='ltr'>τῶν</span> <span class='ocrx_word' id='word_1_365' title='bbox 760 4186 963 4260; x_wconf 84' lang='grc' dir='ltr'>σφόδρα</span> <span class='ocrx_word' id='word_1_366' title='bbox 994 4190 1511 4261; x_wconf 77' lang='grc' dir='ltr'>προσκεκρουκότων</span> <span class='ocrx_word' id='word_1_367' title='bbox 1533 4192 1807 4262; x_wconf 83' lang='grc' dir='ltr'>ποιοῦμεν.</span> <span class='ocrx_word' id='word_1_368' title='bbox 1839 4195 1949 4249; x_wconf 87' lang='lat' dir='ltr'>Kal</span> 
     </span>
    </p>
   </div>
   <div class='ocr_carea' id='block_1_48' title="bbox 379 4262 1948 4346">
    <p class='ocr_par' dir='ltr' id='par_1_48' title="bbox 379 4262 1948 4346">
     <span class='ocr_line' id='line_1_48' title="bbox 379 4262 1948 4346; baseline 0.008 -29"><span class='ocrx_word' id='word_1_369' title='bbox 379 4264 573 4337; x_wconf 78' lang='grc' dir='ltr'>ἐπειδὴ</span> <span class='ocrx_word' id='word_1_370' title='bbox 600 4262 772 4333; x_wconf 76' lang='grc' dir='ltr'>εἶπεν,</span> <span class='ocrx_word' id='word_1_371' title='bbox 797 4270 878 4323; x_wconf 82' lang='grc' dir='ltr'>ὅτι</span> <span class='ocrx_word' id='word_1_372' title='bbox 903 4270 1169 4341; x_wconf 77' lang='grc' dir='ltr'>Τιμόθεον</span> <span class='ocrx_word' id='word_1_373' title='bbox 1200 4274 1424 4341; x_wconf 80' lang='grc' dir='ltr'>πέμπω,</span> <span class='ocrx_word' id='word_1_374' title='bbox 1449 4273 1534 4326; x_wconf 78' lang='grc' dir='ltr'>ἵνα</span> <span class='ocrx_word' id='word_1_375' title='bbox 1567 4276 1639 4343; x_wconf 76' lang='grc' dir='ltr'>μὴ</span> <span class='ocrx_word' id='word_1_376' title='bbox 1656 4274 1830 4346; x_wconf 86' lang='grc' dir='ltr'>τούτῳ</span> <span class='ocrx_word' id='word_1_377' title='bbox 1851 4278 1948 4346; x_wconf 61' lang='lat'><strong>9;-</strong></span> 
     </span>
    </p>
   </div>
   <div class='ocr_carea' id='block_1_49' title="bbox 380 4347 1949 4426">
    <p class='ocr_par' dir='ltr' id='par_1_49' title="bbox 380 4347 1949 4426">
     <span class='ocr_line' id='line_1_49' title="bbox 380 4347 1949 4426; baseline 0.008 -28"><span class='ocrx_word' id='word_1_378' title='bbox 380 4347 669 4420; x_wconf 88' lang='grc' dir='ltr'>θυμότεροι</span> <span class='ocrx_word' id='word_1_379' title='bbox 690 4351 972 4418; x_wconf 79' lang='grc' dir='ltr'>γένωνται,</span> <span class='ocrx_word' id='word_1_380' title='bbox 999 4353 1100 4423; x_wconf 84' lang='grc' dir='ltr'>ὅρα</span> <span class='ocrx_word' id='word_1_381' title='bbox 1128 4352 1182 4406; x_wconf 87' lang='grc' dir='ltr'>τί</span> <span class='ocrx_word' id='word_1_382' title='bbox 1217 4371 1381 4423; x_wconf 80' lang='grc' dir='ltr'>φησιν</span> <span class='ocrx_word' id='word_1_383' title='bbox 1402 4370 1416 4384; x_wconf 74' lang='grc'><strong>⁸</strong></span> <span class='ocrx_word' id='word_1_384' title='bbox 1458 4356 1553 4418; x_wconf 85' lang='grc' dir='ltr'>Ὠς</span> <span class='ocrx_word' id='word_1_385' title='bbox 1592 4356 1680 4425; x_wconf 81' lang='grc' dir='ltr'>μὴ</span> <span class='ocrx_word' id='word_1_386' title='bbox 1708 4356 1949 4426; x_wconf 80' lang='grc' dir='ltr'>ἐρχομέ-</span> 
     </span>
    </p>
   </div>
   <div class='ocr_carea' id='block_1_50' title="bbox 380 4430 1951 4506">
    <p class='ocr_par' dir='ltr' id='par_1_50' title="bbox 380 4430 1951 4506">
     <span class='ocr_line' id='line_1_50' title="bbox 380 4430 1951 4506; baseline 0.007 -23"><span class='ocrx_word' id='word_1_387' title='bbox 380 4446 490 4483; x_wconf 90' lang='grc' dir='ltr'>νου</span> <span class='ocrx_word' id='word_1_388' title='bbox 522 4430 592 4484; x_wconf 83' lang='grc' dir='ltr'>δέ</span> <span class='ocrx_word' id='word_1_389' title='bbox 620 4450 742 4500; x_wconf 88' lang='grc' dir='ltr'>μου</span> <span class='ocrx_word' id='word_1_390' title='bbox 771 4434 922 4501; x_wconf 79' lang='grc' dir='ltr'>πρὸς</span> <span class='ocrx_word' id='word_1_391' title='bbox 954 4433 1129 4505; x_wconf 84' lang='grc' dir='ltr'>ὑμᾶς,</span> <span class='ocrx_word' id='word_1_392' title='bbox 1155 4437 1584 4506; x_wconf 68' lang='grc' dir='ltr'>ἐφυσιώθησάν</span> <span class='ocrx_word' id='word_1_393' title='bbox 1616 4455 1793 4505; x_wconf 86' lang='grc' dir='ltr'>τινες.</span> <span class='ocrx_word' id='word_1_394' title='bbox 1837 4440 1951 4494; x_wconf 81' lang='grc' dir='ltr'>Ἐν-</span> 
     </span>
    </p>
   </div>
   <div class='ocr_carea' id='block_1_51' title="bbox 380 4514 1947 4594">
    <p class='ocr_par' dir='ltr' id='par_1_51' title="bbox 380 4514 1947 4594">
     <span class='ocr_line' id='line_1_51' title="bbox 380 4514 1947 4594; baseline 0.007 -28"><span class='ocrx_word' id='word_1_395' title='bbox 380 4514 552 4567; x_wconf 79' lang='grc' dir='ltr'>ταῦθα</span> <span class='ocrx_word' id='word_1_396' title='bbox 572 4516 682 4585; x_wconf 80' lang='grc' dir='ltr'>γὰρ</span> <span class='ocrx_word' id='word_1_397' title='bbox 706 4519 800 4569; x_wconf 73' lang='grc' dir='ltr'>καὶ</span> <span class='ocrx_word' id='word_1_398' title='bbox 824 4518 1050 4573; x_wconf 75' lang='grc' dir='ltr'>ἐκείνων</span> <span class='ocrx_word' id='word_1_399' title='bbox 1077 4520 1416 4576; x_wconf 85' lang='grc' dir='ltr'>καθάπτεται</span> <span class='ocrx_word' id='word_1_400' title='bbox 1437 4522 1527 4575; x_wconf 78' lang='grc' dir='ltr'>καὶ</span> <span class='ocrx_word' id='word_1_401' title='bbox 1547 4522 1746 4594; x_wconf 79' lang='grc' dir='ltr'>ἐτέρων</span> <span class='ocrx_word' id='word_1_402' title='bbox 1768 4525 1947 4591; x_wconf 81' lang='grc' dir='ltr'>τινῶν,</span> 
     </span>
    </p>
   </div>
   <div class='ocr_carea' id='block_1_52' title="bbox 384 4599 1953 4678">
    <p class='ocr_par' dir='ltr' id='par_1_52' title="bbox 384 4599 1953 4678">
     <span class='ocr_line' id='line_1_52' title="bbox 384 4599 1953 4678; baseline 0.006 -28"><span class='ocrx_word' id='word_1_403' title='bbox 384 4599 688 4652; x_wconf 85' lang='grc' dir='ltr'>κατασείων</span> <span class='ocrx_word' id='word_1_404' title='bbox 711 4600 890 4654; x_wconf 82' lang='grc' dir='ltr'>αὐτῶν</span> <span class='ocrx_word' id='word_1_405' title='bbox 917 4602 978 4654; x_wconf 83' lang='lat'>:0</span> <span class='ocrx_word' id='word_1_406' title='bbox 1011 4604 1284 4674; x_wconf 85' lang='grc' dir='ltr'>φρόνημα.</span> <span class='ocrx_word' id='word_1_407' title='bbox 1309 4604 1599 4676; x_wconf 82' lang='grc' dir='ltr'>Φιλαρχίας</span> <span class='ocrx_word' id='word_1_408' title='bbox 1638 4609 1746 4678; x_wconf 84' lang='grc' dir='ltr'>γὰρ</span> <span class='ocrx_word' id='word_1_409' title='bbox 1782 4606 1843 4660; x_wconf 89' lang='lat'>:0</span> <span class='ocrx_word' id='word_1_410' title='bbox 1862 4607 1953 4676; x_wconf 73' lang='grc' dir='ltr'>εγ-</span> 
     </span>
    </p>
   </div>
   <div class='ocr_carea' id='block_1_53' title="bbox 384 4680 1953 4754">
    <p class='ocr_par' dir='ltr' id='par_1_53' title="bbox 384 4680 1953 4754">
     <span class='ocr_line' id='line_1_53' title="bbox 384 4680 1953 4754; baseline 0.006 -20"><span class='ocrx_word' id='word_1_411' title='bbox 384 4680 590 4751; x_wconf 82' lang='grc' dir='ltr'>κλημα,</span> <span class='ocrx_word' id='word_1_412' title='bbox 616 4683 682 4751; x_wconf 80' lang='grc' dir='ltr'>τῇ</span> <span class='ocrx_word' id='word_1_413' title='bbox 710 4683 915 4754; x_wconf 76' lang='grc' dir='ltr'>ἐρημίᾳ</span> <span class='ocrx_word' id='word_1_414' title='bbox 944 4684 1040 4737; x_wconf 83' lang='grc' dir='ltr'>τοῦ</span> <span class='ocrx_word' id='word_1_415' title='bbox 1070 4685 1392 4740; x_wconf 83' lang='grc' dir='ltr'>διδασκάλου</span> <span class='ocrx_word' id='word_1_416' title='bbox 1426 4689 1506 4751; x_wconf 86' lang='grc' dir='ltr'>είς</span> <span class='ocrx_word' id='word_1_417' title='bbox 1553 4689 1812 4743; x_wconf 83' lang='grc' dir='ltr'>ἀπόνοιαν</span> <span class='ocrx_word' id='word_1_418' title='bbox 1861 4707 1953 4744; x_wconf 91' lang='grc' dir='ltr'>κε-</span> 
     </span>
    </p>
   </div>
   <div class='ocr_carea' id='block_1_54' title="bbox 384 4762 1951 4843">
    <p class='ocr_par' dir='ltr' id='par_1_54' title="bbox 384 4762 1951 4843">
     <span class='ocr_line' id='line_1_54' title="bbox 384 4762 1951 4843; baseline -0.003 -25"><span class='ocrx_word' id='word_1_419' title='bbox 384 4763 638 4834; x_wconf 83' lang='grc' dir='ltr'>χρῆσθαι.</span> <span class='ocrx_word' id='word_1_420' title='bbox 675 4764 845 4819; x_wconf 82' lang='grc' dir='ltr'>Ὅταν</span> <span class='ocrx_word' id='word_1_421' title='bbox 873 4766 972 4835; x_wconf 80' lang='grc' dir='ltr'>μὲν</span> <span class='ocrx_word' id='word_1_422' title='bbox 996 4762 1088 4820; x_wconf 83' lang='grc' dir='ltr'>οὖν</span> <span class='ocrx_word' id='word_1_423' title='bbox 1110 4768 1246 4839; x_wconf 76' lang='grc' dir='ltr'>πρὸς</span> <span class='ocrx_word' id='word_1_424' title='bbox 1274 4770 1401 4832; x_wconf 78' lang='grc' dir='ltr'>τοὺς</span> <span class='ocrx_word' id='word_1_425' title='bbox 1439 4771 1666 4835; x_wconf 80' lang='grc' dir='ltr'>πολλοὺς</span> <span class='ocrx_word' id='word_1_426' title='bbox 1697 4771 1951 4843; x_wconf 83' lang='grc' dir='ltr'>διαλέγη.</span> 
     </span>
    </p>
   </div>
   <div class='ocr_carea' id='block_1_55' title="bbox 383 4847 1954 4920">
    <p class='ocr_par' dir='ltr' id='par_1_55' title="bbox 383 4847 1954 4920">
     <span class='ocr_line' id='line_1_55' title="bbox 383 4847 1954 4920; baseline 0.007 -21"><span class='ocrx_word' id='word_1_427' title='bbox 383 4863 491 4912; x_wconf 87' lang='grc' dir='ltr'>ται,</span> <span class='ocrx_word' id='word_1_428' title='bbox 521 4847 714 4900; x_wconf 88' lang='grc' dir='ltr'>σκόπει</span> <span class='ocrx_word' id='word_1_429' title='bbox 743 4847 860 4912; x_wconf 84' lang='grc' dir='ltr'>πῶς</span> <span class='ocrx_word' id='word_1_430' title='bbox 907 4848 1276 4920; x_wconf 87' lang='grc' dir='ltr'>ἐντρεπτικῶς</span> <span class='ocrx_word' id='word_1_431' title='bbox 1325 4852 1457 4905; x_wconf 82' lang='grc' dir='ltr'>αὐτὸ</span> <span class='ocrx_word' id='word_1_432' title='bbox 1489 4857 1665 4907; x_wconf 67' lang='grc' dir='ltr'>ποιεῖν</span> <span class='ocrx_word' id='word_1_433' title='bbox 1719 4856 1846 4909; x_wconf 82' lang='grc' dir='ltr'>ὅταν</span> <span class='ocrx_word' id='word_1_434' title='bbox 1897 4857 1954 4909; x_wconf 81' lang='grc' dir='ltr'>δὲ</span> 
     </span>
    </p>
   </div>
   <div class='ocr_carea' id='block_1_56' title="bbox 384 4930 1955 5009">
    <p class='ocr_par' dir='ltr' id='par_1_56' title="bbox 384 4930 1955 5009">
     <span class='ocr_line' id='line_1_56' title="bbox 384 4930 1955 5009; baseline 0.007 -27"><span class='ocrx_word' id='word_1_435' title='bbox 384 4930 517 5001; x_wconf 85' lang='grc' dir='ltr'>πρὸς</span> <span class='ocrx_word' id='word_1_436' title='bbox 545 4932 675 4994; x_wconf 77' lang='grc' dir='ltr'>τοὺς</span> <span class='ocrx_word' id='word_1_437' title='bbox 699 4932 931 4998; x_wconf 85' lang='grc' dir='ltr'>αἰτίους,</span> <span class='ocrx_word' id='word_1_438' title='bbox 966 4932 1501 5006; x_wconf 79' lang='grc' dir='ltr'>καταφορικώτερον.</span> <span class='ocrx_word' id='word_1_439' title='bbox 1546 4937 1805 5002; x_wconf 88' lang='grc' dir='ltr'>Ἐκείνοις</span> <span class='ocrx_word' id='word_1_440' title='bbox 1859 4940 1955 5009; x_wconf 79' lang='grc' dir='ltr'>μὲν</span> 
     </span>
    </p>
   </div>
   <div class='ocr_carea' id='block_1_57' title="bbox 383 5013 1993 5091">
    <p class='ocr_par' dir='ltr' id='par_1_57' title="bbox 383 5013 1993 5091">
     <span class='ocr_line' id='line_1_57' title="bbox 383 5013 1993 5091; baseline 0.005 -26"><span class='ocrx_word' id='word_1_441' title='bbox 383 5013 486 5083; x_wconf 75' lang='grc' dir='ltr'>γάρ</span> <span class='ocrx_word' id='word_1_442' title='bbox 519 5013 693 5079; x_wconf 87' lang='grc' dir='ltr'>λέγει,</span> <span class='ocrx_word' id='word_1_443' title='bbox 722 5013 969 5068; x_wconf 80' lang='grc' dir='ltr'>Πάντων</span> <span class='ocrx_word' id='word_1_444' title='bbox 1002 5017 1345 5087; x_wconf 68' lang='grc' dir='ltr'>περίψημα,</span> <span class='ocrx_word' id='word_1_445' title='bbox 1374 5018 1468 5071; x_wconf 78' lang='grc' dir='ltr'>καὶ</span> <span class='ocrx_word' id='word_1_446' title='bbox 1511 5018 1827 5089; x_wconf 88' lang='grc' dir='ltr'>θεραπεύων</span> <span class='ocrx_word' id='word_1_447' title='bbox 1862 5022 1950 5073; x_wconf 83' lang='grc' dir='ltr'>αὐ·</span> <span class='ocrx_word' id='word_1_448' title='bbox 1980 5086 1993 5091; x_wconf 18' lang='grc' dir='ltr'><strong>ἡ</strong></span> 
     </span>
    </p>
   </div>
   <div class='ocr_carea' id='block_1_58' title="bbox 384 5097 1952 5171">
    <p class='ocr_par' dir='ltr' id='par_1_58' title="bbox 384 5097 1952 5171">
     <span class='ocr_line' id='line_1_58' title="bbox 384 5097 1952 5171; baseline 0.006 -25"><span class='ocrx_word' id='word_1_449' title='bbox 384 5097 504 5158; x_wconf 88' lang='grc' dir='ltr'>τούς</span> <span class='ocrx_word' id='word_1_450' title='bbox 538 5111 730 5166; x_wconf 85' lang='grc' dir='ltr'>φησιν·</span> <span class='ocrx_word' id='word_1_451' title='bbox 764 5098 885 5150; x_wconf 83' lang='grc' dir='ltr'>Οὐκ</span> <span class='ocrx_word' id='word_1_452' title='bbox 941 5098 1241 5166; x_wconf 79' lang='grc' dir='ltr'>ἐντρέπων</span> <span class='ocrx_word' id='word_1_453' title='bbox 1275 5100 1451 5169; x_wconf 86' lang='grc' dir='ltr'>ὑμᾶς,</span> <span class='ocrx_word' id='word_1_454' title='bbox 1488 5100 1686 5171; x_wconf 66' lang='grc' dir='ltr'>’γράφω</span> <span class='ocrx_word' id='word_1_455' title='bbox 1735 5105 1952 5156; x_wconf 78' lang='grc' dir='ltr'>ταῦτα’</span> 
     </span>
    </p>
   </div>
   <div class='ocr_carea' id='block_1_59' title="bbox 385 5178 1952 5255">
    <p class='ocr_par' dir='ltr' id='par_1_59' title="bbox 385 5178 1952 5255">
     <span class='ocr_line' id='line_1_59' title="bbox 385 5178 1952 5255; baseline 0.008 -26"><span class='ocrx_word' id='word_1_456' title='bbox 385 5178 590 5242; x_wconf 79' lang='grc' dir='ltr'>τούτοις</span> <span class='ocrx_word' id='word_1_457' title='bbox 614 5179 695 5241; x_wconf 76' lang='grc' dir='ltr'>δὲ,</span> <span class='ocrx_word' id='word_1_458' title='bbox 737 5178 829 5245; x_wconf 84' lang='grc' dir='ltr'>Ὡς</span> <span class='ocrx_word' id='word_1_459' title='bbox 853 5180 940 5249; x_wconf 78' lang='grc' dir='ltr'>μὴ</span> <span class='ocrx_word' id='word_1_460' title='bbox 974 5181 1301 5251; x_wconf 83' lang='grc' dir='ltr'>ἐρχομένου</span> <span class='ocrx_word' id='word_1_461' title='bbox 1330 5183 1398 5237; x_wconf 82' lang='grc' dir='ltr'>δέ</span> <span class='ocrx_word' id='word_1_462' title='bbox 1423 5200 1543 5253; x_wconf 84' lang='grc' dir='ltr'>μου</span> <span class='ocrx_word' id='word_1_463' title='bbox 1579 5186 1727 5253; x_wconf 79' lang='grc' dir='ltr'>πρὸς</span> <span class='ocrx_word' id='word_1_464' title='bbox 1776 5186 1952 5255; x_wconf 77' lang='grc' dir='ltr'>ὑμᾶς,</span> 
     </span>
    </p>
   </div>
   <div class='ocr_carea' id='block_1_60' title="bbox 387 5262 1954 5339">
    <p class='ocr_par' dir='ltr' id='par_1_60' title="bbox 387 5262 1954 5339">
     <span class='ocr_line' id='line_1_60' title="bbox 387 5262 1954 5339; baseline 0.006 -25"><span class='ocrx_word' id='word_1_465' title='bbox 387 5262 812 5331; x_wconf 71' lang='grc' dir='ltr'>ἐφυσιώθησάν</span> <span class='ocrx_word' id='word_1_466' title='bbox 844 5281 999 5332; x_wconf 82' lang='grc' dir='ltr'>τινες</span> <span class='ocrx_word' id='word_1_467' title='bbox 1018 5305 1033 5331; x_wconf 95' lang='grc'>,</span> <span class='ocrx_word' id='word_1_468' title='bbox 1064 5266 1279 5333; x_wconf 73' lang='grc' dir='ltr'>δεικνὺς</span> <span class='ocrx_word' id='word_1_469' title='bbox 1306 5270 1387 5322; x_wconf 85' lang='grc' dir='ltr'>ὅτι</span> <span class='ocrx_word' id='word_1_470' title='bbox 1436 5268 1690 5339; x_wconf 73' lang='grc' dir='ltr'>παιδικῆς</span> <span class='ocrx_word' id='word_1_471' title='bbox 1722 5271 1954 5337; x_wconf 75' lang='grc' dir='ltr'>διανοίας</span> 
     </span>
    </p>
   </div>
   <div class='ocr_carea' id='block_1_61' title="bbox 388 5346 1955 5422">
    <p class='ocr_par' dir='ltr' id='par_1_61' title="bbox 388 5346 1955 5422">
     <span class='ocr_line' id='line_1_61' title="bbox 388 5346 1955 5422; baseline 0.008 -25"><span class='ocrx_word' id='word_1_472' title='bbox 388 5346 667 5413; x_wconf 62' lang='grc' dir='ltr'>¹ίξέιπόνοια.</span> <span class='ocrx_word' id='word_1_473' title='bbox 691 5362 704 5375; x_wconf 81' lang='lat'>&#39;</span> <span class='ocrx_word' id='word_1_474' title='bbox 738 5347 831 5400; x_wconf 81' lang='grc' dir='ltr'>καὶ</span> <span class='ocrx_word' id='word_1_475' title='bbox 858 5348 968 5418; x_wconf 81' lang='grc' dir='ltr'>γὰρ</span> <span class='ocrx_word' id='word_1_476' title='bbox 992 5350 1043 5401; x_wconf 78' lang='grc' dir='ltr'>οἱ</span> <span class='ocrx_word' id='word_1_477' title='bbox 1076 5351 1263 5414; x_wconf 85' lang='grc' dir='ltr'>παῖδες</span> <span class='ocrx_word' id='word_1_478' title='bbox 1303 5353 1370 5421; x_wconf 85' lang='grc' dir='ltr'>τῇ</span> <span class='ocrx_word' id='word_1_479' title='bbox 1402 5351 1641 5422; x_wconf 77' lang='grc' dir='ltr'>ἀπουσίᾳ</span> <span class='ocrx_word' id='word_1_480' title='bbox 1671 5353 1763 5406; x_wconf 84' lang='grc' dir='ltr'>τοῦ</span> <span class='ocrx_word' id='word_1_481' title='bbox 1810 5356 1955 5408; x_wconf 85' lang='grc' dir='ltr'>διδα-</span> 
     </span>
    </p>
   </div>
   <div class='ocr_carea' id='block_1_62' title="bbox 390 5429 1958 5505">
    <p class='ocr_par' dir='ltr' id='par_1_62' title="bbox 390 5429 1958 5505">
     <span class='ocr_line' id='line_1_62' title="bbox 390 5429 1958 5505; baseline 0.008 -24"><span class='ocrx_word' id='word_1_482' title='bbox 390 5429 583 5483; x_wconf 77' lang='grc' dir='ltr'>σκάλου</span> <span class='ocrx_word' id='word_1_483' title='bbox 617 5431 980 5505; x_wconf 78' lang='grc' dir='ltr'>ῥᾳθυμότεροι</span> <span class='ocrx_word' id='word_1_484' title='bbox 1014 5433 1276 5501; x_wconf 80' lang='grc' dir='ltr'>γίνονται.</span> <span class='ocrx_word' id='word_1_485' title='bbox 1302 5436 1473 5488; x_wconf 78' lang='grc' dir='ltr'>Τοῦτο</span> <span class='ocrx_word' id='word_1_486' title='bbox 1495 5435 1550 5488; x_wconf 84' lang='grc' dir='ltr'>δὲ</span> <span class='ocrx_word' id='word_1_487' title='bbox 1582 5433 1674 5491; x_wconf 80' lang='grc' dir='ltr'>οὖν</span> <span class='ocrx_word' id='word_1_488' title='bbox 1696 5439 1958 5493; x_wconf 80' lang='grc' dir='ltr'>ἐνδείκνυ-</span> 
     </span>
    </p>
   </div>
   <div class='ocr_carea' id='block_1_63' title="bbox 390 5516 1777 5593">
    <p class='ocr_par' dir='ltr' id='par_1_63' title="bbox 390 5516 1777 5593">
     <span class='ocr_line' id='line_1_63' title="bbox 390 5516 1777 5593; baseline 0.009 -27"><span class='ocrx_word' id='word_1_489' title='bbox 390 5527 491 5576; x_wconf 84' lang='grc' dir='ltr'>ται,</span> <span class='ocrx_word' id='word_1_490' title='bbox 521 5516 618 5569; x_wconf 79' lang='grc' dir='ltr'>καὶ</span> <span class='ocrx_word' id='word_1_491' title='bbox 644 5517 727 5569; x_wconf 84' lang='grc' dir='ltr'>ὅτι</span> <span class='ocrx_word' id='word_1_492' title='bbox 764 5519 926 5587; x_wconf 88' lang='grc' dir='ltr'>ἀρκεῖ</span> <span class='ocrx_word' id='word_1_493' title='bbox 955 5518 1091 5587; x_wconf 81' lang='grc' dir='ltr'>πρὸς</span> <span class='ocrx_word' id='word_1_494' title='bbox 1112 5517 1449 5590; x_wconf 86' lang='grc' dir='ltr'>διόρθωσινή</span> <span class='ocrx_word' id='word_1_495' title='bbox 1487 5523 1777 5593; x_wconf 84' lang='grc' dir='ltr'>παρουσία.</span> 
     </span>
    </p>
   </div>
   <div class='ocr_carea' id='block_1_64' title="bbox 453 5595 1957 5671">
    <p class='ocr_par' dir='ltr' id='par_1_64' title="bbox 453 5595 1957 5671">
     <span class='ocr_line' id='line_1_64' title="bbox 453 5595 1957 5671; baseline 0.005 -20"><span class='ocrx_word' id='word_1_496' title='bbox 453 5595 519 5666; x_wconf 83' lang='grc' dir='ltr'>β’.</span> <span class='ocrx_word' id='word_1_497' title='bbox 546 5597 816 5669; x_wconf 79' lang='grc' dir='ltr'>Καθάπερ</span> <span class='ocrx_word' id='word_1_498' title='bbox 843 5601 950 5670; x_wconf 80' lang='grc' dir='ltr'>γὰρ</span> <span class='ocrx_word' id='word_1_499' title='bbox 1006 5600 1222 5664; x_wconf 86' lang='grc' dir='ltr'>λέοντος</span> <span class='ocrx_word' id='word_1_500' title='bbox 1261 5604 1526 5671; x_wconf 82' lang='grc' dir='ltr'>παρουσία</span> <span class='ocrx_word' id='word_1_501' title='bbox 1557 5604 1765 5658; x_wconf 76' lang='grc' dir='ltr'>ἅπαντα</span> <span class='ocrx_word' id='word_1_502' title='bbox 1816 5609 1957 5659; x_wconf 82' lang='grc' dir='ltr'>ποιεῖ</span> 
     </span>
    </p>
   </div>
   <div class='ocr_carea' id='block_1_65' title="bbox 394 5681 1956 5753">
    <p class='ocr_par' dir='ltr' id='par_1_65' title="bbox 394 5681 1956 5753">
     <span class='ocr_line' id='line_1_65' title="bbox 394 5681 1956 5753; baseline 0.006 -21"><span class='ocrx_word' id='word_1_503' title='bbox 394 5681 794 5752; x_wconf 70' lang='grc' dir='ltr'>κατεπτηχέναι</span> <span class='ocrx_word' id='word_1_504' title='bbox 819 5684 887 5736; x_wconf 74' lang='grc' dir='ltr'>τά</span> <span class='ocrx_word' id='word_1_505' title='bbox 910 5683 1024 5749; x_wconf 80' lang='grc' dir='ltr'>ζῶα</span> <span class='ocrx_word' id='word_1_506' title='bbox 1042 5700 1055 5713; x_wconf 85' lang='lat'><strong>&#39;</strong></span> <span class='ocrx_word' id='word_1_507' title='bbox 1088 5681 1231 5736; x_wconf 79' lang='grc' dir='ltr'>οὕτω</span> <span class='ocrx_word' id='word_1_508' title='bbox 1260 5683 1352 5736; x_wconf 73' lang='grc' dir='ltr'>καὶ</span> <span class='ocrx_word' id='word_1_509' title='bbox 1378 5686 1411 5753; x_wconf 82' lang='grc' dir='ltr'>ἡ</span> <span class='ocrx_word' id='word_1_510' title='bbox 1438 5685 1643 5740; x_wconf 80' lang='grc' dir='ltr'>Παύλου</span> <span class='ocrx_word' id='word_1_511' title='bbox 1684 5690 1808 5752; x_wconf 76' lang='grc' dir='ltr'>τοὺς</span> <span class='ocrx_word' id='word_1_512' title='bbox 1841 5688 1956 5741; x_wconf 70' lang='grc' dir='ltr'>διαο</span> 
     </span>
    </p>
   </div>
   <div class='ocr_carea' id='block_1_66' title="bbox 457 5872 1343 5938">
    <p class='ocr_par' dir='ltr' id='par_1_66' title="bbox 457 5872 1343 5938">
     <span class='ocr_line' id='line_1_66' title="bbox 457 5872 1343 5938; baseline 0 -14"><span class='ocrx_word' id='word_1_513' title='bbox 457 5875 474 5896; x_wconf 90' lang='grc'><strong><em>⁸</em></strong></span> <span class='ocrx_word' id='word_1_514' title='bbox 499 5872 709 5927; x_wconf 70' lang='lat' dir='ltr'>Deerant</span> <span class='ocrx_word' id='word_1_515' title='bbox 745 5875 911 5938; x_wconf 72' lang='lat' dir='ltr'>verba,</span> <span class='ocrx_word' id='word_1_516' title='bbox 938 5876 1037 5937; x_wconf 79' lang='grc' dir='ltr'>ἄγει</span> <span class='ocrx_word' id='word_1_517' title='bbox 1092 5875 1343 5937; x_wconf 69' lang='grc' dir='ltr'>τὸνλόγον.</span> 
     </span>
    </p>
   </div>
   <div class='ocr_carea' id='block_1_67' title="bbox 1391 343 2563 406">
    <p class='ocr_par' dir='ltr' id='par_1_67' title="bbox 1391 343 2563 406">
     <span class='ocr_line' id='line_1_67' title="bbox 1391 343 2563 406; baseline 0.006 -7"><span class='ocrx_word' id='word_1_518' title='bbox 1391 344 1460 399; x_wconf 79' lang='lat' dir='ltr'>IN</span> <span class='ocrx_word' id='word_1_519' title='bbox 1505 344 1729 402; x_wconf 76' lang='lat' dir='ltr'>EPIST.</span> <span class='ocrx_word' id='word_1_520' title='bbox 1771 344 1789 398; x_wconf 88' lang='grc'>1</span> <span class='ocrx_word' id='word_1_521' title='bbox 1825 344 1917 399; x_wconf 76' lang='lat' dir='ltr'>AD</span> <span class='ocrx_word' id='word_1_522' title='bbox 1951 343 2112 401; x_wconf 69' lang='lat' dir='ltr'>C0“.</span> <span class='ocrx_word' id='word_1_523' title='bbox 2153 346 2390 406; x_wconf 73' lang='lat' dir='ltr'>HOMIL.</span> <span class='ocrx_word' id='word_1_524' title='bbox 2428 349 2563 406; x_wconf 77' lang='lat' dir='ltr'>XIV.</span> 
     </span>
    </p>
   </div>
   <div class='ocr_carea' id='block_1_68' title="bbox 2043 457 3615 534">
    <p class='ocr_par' dir='ltr' id='par_1_68' title="bbox 2043 457 3615 534">
     <span class='ocr_line' id='line_1_68' title="bbox 2043 457 3615 534; baseline 0.009 -26"><span class='ocrx_word' id='word_1_525' title='bbox 2043 457 2374 530; x_wconf 82' lang='grc' dir='ltr'>φθείραντας</span> <span class='ocrx_word' id='word_1_526' title='bbox 2402 460 2500 533; x_wconf 82' lang='grc' dir='ltr'>τὴν</span> <span class='ocrx_word' id='word_1_527' title='bbox 2531 459 2876 533; x_wconf 83' lang='grc' dir='ltr'>Ἐκκλησίαν.</span> <span class='ocrx_word' id='word_1_528' title='bbox 2903 462 2997 517; x_wconf 80' lang='grc' dir='ltr'>Διδ</span> <span class='ocrx_word' id='word_1_529' title='bbox 3021 464 3114 519; x_wconf 65' lang='grc' dir='ltr'>καὶ</span> <span class='ocrx_word' id='word_1_530' title='bbox 3154 463 3349 534; x_wconf 72' lang='grc' dir='ltr'>ξπάγει</span> <span class='ocrx_word' id='word_1_531' title='bbox 3371 481 3383 496; x_wconf 89' lang='grc'><strong>·</strong></span> <span class='ocrx_word' id='word_1_532' title='bbox 3415 465 3615 522; x_wconf 63' lang='lat' dir='ltr'>F1815-</span> 
     </span>
    </p>
   </div>
   <div class='ocr_carea' id='block_1_69' title="bbox 2042 543 3611 619">
    <p class='ocr_par' dir='ltr' id='par_1_69' title="bbox 2042 543 3611 619">
     <span class='ocr_line' id='line_1_69' title="bbox 2042 543 3611 619; baseline 0.009 -26"><span class='ocrx_word' id='word_1_533' title='bbox 2042 556 2224 609; x_wconf 77' lang='grc' dir='ltr'>σομιιι</span> <span class='ocrx_word' id='word_1_534' title='bbox 2244 543 2313 595; x_wconf 75' lang='grc' dir='ltr'>δὲ</span> <span class='ocrx_word' id='word_1_535' title='bbox 2337 545 2562 613; x_wconf 79' lang='grc' dir='ltr'>ταχέως</span> <span class='ocrx_word' id='word_1_536' title='bbox 2581 545 2733 613; x_wconf 81' lang='grc' dir='ltr'>πρὸς</span> <span class='ocrx_word' id='word_1_537' title='bbox 2757 546 2931 615; x_wconf 79' lang='grc' dir='ltr'>ὑμᾶς,</span> <span class='ocrx_word' id='word_1_538' title='bbox 2954 548 3063 602; x_wconf 75' lang='grc' dir='ltr'>ἐὰν</span> <span class='ocrx_word' id='word_1_539' title='bbox 3076 551 3109 603; x_wconf 82' lang='grc' dir='ltr'>ό</span> <span class='ocrx_word' id='word_1_540' title='bbox 3129 550 3335 618; x_wconf 80' lang='grc' dir='ltr'>Κύριος</span> <span class='ocrx_word' id='word_1_541' title='bbox 3355 551 3611 619; x_wconf 76' lang='grc' dir='ltr'>θελήσῃ.</span> 
     </span>
    </p>
   </div>
   <div class='ocr_carea' id='block_1_70' title="bbox 2059 623 3614 704">
    <p class='ocr_par' dir='ltr' id='par_1_70' title="bbox 2059 623 3614 704">
     <span class='ocr_line' id='line_1_70' title="bbox 2059 623 3614 704; baseline 0.007 -29"><span class='ocrx_word' id='word_1_542' title='bbox 2059 623 2220 677; x_wconf 83' lang='grc' dir='ltr'>Ἀλλά</span> <span class='ocrx_word' id='word_1_543' title='bbox 2256 625 2314 678; x_wconf 89' lang='lat'>:0</span> <span class='ocrx_word' id='word_1_544' title='bbox 2346 626 2446 695; x_wconf 85' lang='grc' dir='ltr'>μὲν</span> <span class='ocrx_word' id='word_1_545' title='bbox 2481 626 2641 680; x_wconf 82' lang='grc' dir='ltr'>τοῦτο</span> <span class='ocrx_word' id='word_1_546' title='bbox 2665 629 2839 682; x_wconf 78' lang='grc' dir='ltr'>εἰπεῖν</span> <span class='ocrx_word' id='word_1_547' title='bbox 2870 630 3242 700; x_wconf 75' lang='grc' dir='ltr'>μόνον,ἐδώιει</span> <span class='ocrx_word' id='word_1_548' title='bbox 3273 632 3502 704; x_wconf 76' lang='grc' dir='ltr'>ἀπειλῆς</span> <span class='ocrx_word' id='word_1_549' title='bbox 3533 629 3614 686; x_wconf 77' lang='grc' dir='ltr'>εί-</span> 
     </span>
    </p>
   </div>
   <div class='ocr_carea' id='block_1_71' title="bbox 2044 706 3614 783">
    <p class='ocr_par' dir='ltr' id='par_1_71' title="bbox 2044 706 3614 783">
     <span class='ocr_line' id='line_1_71' title="bbox 2044 706 3614 783; baseline 0.007 -25"><span class='ocrx_word' id='word_1_550' title='bbox 2044 722 2131 758; x_wconf 89' lang='grc' dir='ltr'>ναι</span> <span class='ocrx_word' id='word_1_551' title='bbox 2151 724 2164 737; x_wconf 92' lang='grc'><strong>·</strong></span> <span class='ocrx_word' id='word_1_552' title='bbox 2202 706 2262 760; x_wconf 79' lang='grc' dir='ltr'>τὸ</span> <span class='ocrx_word' id='word_1_553' title='bbox 2290 706 2348 759; x_wconf 67' lang='grc' dir='ltr'>δέ</span> <span class='ocrx_word' id='word_1_554' title='bbox 2371 708 2466 761; x_wconf 81' lang='grc' dir='ltr'>καὶ</span> <span class='ocrx_word' id='word_1_555' title='bbox 2497 709 2597 778; x_wconf 80' lang='grc' dir='ltr'>τὴν</span> <span class='ocrx_word' id='word_1_556' title='bbox 2625 711 2732 763; x_wconf 85' lang='grc' dir='ltr'>ἀπὸ</span> <span class='ocrx_word' id='word_1_557' title='bbox 2761 711 2871 765; x_wconf 82' lang='grc' dir='ltr'>τῶν</span> <span class='ocrx_word' id='word_1_558' title='bbox 2897 712 3074 783; x_wconf 69' lang='grc' dir='ltr'>ἔργων</span> <span class='ocrx_word' id='word_1_559' title='bbox 3101 713 3373 779; x_wconf 81' lang='grc' dir='ltr'>ἀπόδειξιν</span> <span class='ocrx_word' id='word_1_560' title='bbox 3398 717 3491 769; x_wconf 78' lang='grc' dir='ltr'>καὶ</span> <span class='ocrx_word' id='word_1_561' title='bbox 3513 718 3614 769; x_wconf 89' lang='grc' dir='ltr'>αὐ-</span> 
     </span>
    </p>
   </div>
   <div class='ocr_carea' id='block_1_72' title="bbox 2044 786 3617 869">
    <p class='ocr_par' dir='ltr' id='par_1_72' title="bbox 2044 786 3617 869">
     <span class='ocr_line' id='line_1_72' title="bbox 2044 786 3617 869; baseline 0.008 -29"><span class='ocrx_word' id='word_1_562' title='bbox 2044 786 2135 841; x_wconf 74' lang='grc' dir='ltr'>τὸν</span> <span class='ocrx_word' id='word_1_563' title='bbox 2183 789 2633 857; x_wconf 69' lang='grc' dir='ltr'>ἐπαγγείλασθαι,</span> <span class='ocrx_word' id='word_1_564' title='bbox 2682 794 2974 859; x_wconf 83' lang='grc' dir='ltr'>κάκείνους</span> <span class='ocrx_word' id='word_1_565' title='bbox 3023 796 3293 860; x_wconf 71' lang='grc' dir='ltr'>ἀπαιτεῖν,</span> <span class='ocrx_word' id='word_1_566' title='bbox 3348 796 3504 851; x_wconf 79' lang='grc' dir='ltr'>τοῦτο</span> <span class='ocrx_word' id='word_1_567' title='bbox 3545 793 3617 869; x_wconf 76' lang='grc' dir='ltr'>ἧν</span> 
     </span>
    </p>
   </div>
   <div class='ocr_carea' id='block_1_73' title="bbox 2047 871 3615 949">
    <p class='ocr_par' dir='ltr' id='par_1_73' title="bbox 2047 871 3615 949">
     <span class='ocr_line' id='line_1_73' title="bbox 2047 871 3615 949; baseline 0.006 -26"><span class='ocrx_word' id='word_1_568' title='bbox 2047 871 2449 940; x_wconf 73' lang='grc' dir='ltr'>μεγαλόφρονος</span> <span class='ocrx_word' id='word_1_569' title='bbox 2473 873 2737 940; x_wconf 82' lang='grc' dir='ltr'>διανοίας.</span> <span class='ocrx_word' id='word_1_570' title='bbox 2771 878 2972 949; x_wconf 80' lang='grc' dir='ltr'>Διόπερ</span> <span class='ocrx_word' id='word_1_571' title='bbox 3004 879 3100 932; x_wconf 83' lang='grc' dir='ltr'>καὶ</span> <span class='ocrx_word' id='word_1_572' title='bbox 3127 878 3408 949; x_wconf 82' lang='grc' dir='ltr'>πρσέθηκε</span> <span class='ocrx_word' id='word_1_573' title='bbox 3436 878 3615 943; x_wconf 82' lang='grc' dir='ltr'>τοῦτο,</span> 
     </span>
    </p>
   </div>
   <div class='ocr_carea' id='block_1_74' title="bbox 2043 954 3616 1032">
    <p class='ocr_par' dir='ltr' id='par_1_74' title="bbox 2043 954 3616 1032">
     <span class='ocr_line' id='line_1_74' title="bbox 2043 954 3616 1032; baseline 0.006 -25"><span class='ocrx_word' id='word_1_574' title='bbox 2043 954 2214 1008; x_wconf 85' lang='grc' dir='ltr'>εἰπών</span> <span class='ocrx_word' id='word_1_575' title='bbox 2238 971 2253 986; x_wconf 84' lang='lat'><strong><em>°</em></strong></span> <span class='ocrx_word' id='word_1_576' title='bbox 2285 957 2393 1011; x_wconf 75' lang='lat' dir='ltr'>Kal</span> <span class='ocrx_word' id='word_1_577' title='bbox 2419 957 2721 1029; x_wconf 79' lang='grc' dir='ltr'>γνώσομαι</span> <span class='ocrx_word' id='word_1_578' title='bbox 2741 963 2813 1016; x_wconf 87' lang='grc' dir='ltr'>οὐ</span> <span class='ocrx_word' id='word_1_579' title='bbox 2834 962 2942 1015; x_wconf 82' lang='grc' dir='ltr'>τὸν</span> <span class='ocrx_word' id='word_1_580' title='bbox 2960 964 3148 1030; x_wconf 75' lang='grc' dir='ltr'>λόγον</span> <span class='ocrx_word' id='word_1_581' title='bbox 3172 962 3293 1016; x_wconf 83' lang='grc' dir='ltr'>τῶν</span> <span class='ocrx_word' id='word_1_582' title='bbox 3311 979 3616 1032; x_wconf 67' lang='grc' dir='ltr'>πεφυσιω-</span> 
     </span>
    </p>
   </div>
   <div class='ocr_carea' id='block_1_75' title="bbox 2038 1034 3615 1116">
    <p class='ocr_par' dir='ltr' id='par_1_75' title="bbox 2038 1034 3615 1116">
     <span class='ocr_line' id='line_1_75' title="bbox 2038 1034 3615 1116; baseline 0.005 -26"><span class='ocrx_word' id='word_1_583' title='bbox 2038 1034 2260 1104; x_wconf 83' lang='grc' dir='ltr'>μένων,</span> <span class='ocrx_word' id='word_1_584' title='bbox 2297 1039 2461 1094; x_wconf 77' lang='grc' dir='ltr'>ἀλλά</span> <span class='ocrx_word' id='word_1_585' title='bbox 2485 1041 2601 1109; x_wconf 81' lang='grc' dir='ltr'>τὴν</span> <span class='ocrx_word' id='word_1_586' title='bbox 2622 1041 2899 1113; x_wconf 83' lang='grc' dir='ltr'>δύναμιν.</span> <span class='ocrx_word' id='word_1_587' title='bbox 2936 1044 3073 1098; x_wconf 66' lang='grc' dir='ltr'>Οὐδὲ</span> <span class='ocrx_word' id='word_1_588' title='bbox 3120 1045 3230 1116; x_wconf 90' lang='grc' dir='ltr'>γάρ</span> <span class='ocrx_word' id='word_1_589' title='bbox 3270 1046 3380 1099; x_wconf 82' lang='grc' dir='ltr'>ἀπὸ</span> <span class='ocrx_word' id='word_1_590' title='bbox 3418 1063 3615 1115; x_wconf 74' lang='grc' dir='ltr'>κατορο</span> 
     </span>
    </p>
   </div>
   <div class='ocr_carea' id='block_1_76' title="bbox 2044 1118 3615 1198">
    <p class='ocr_par' dir='ltr' id='par_1_76' title="bbox 2044 1118 3615 1198">
     <span class='ocr_line' id='line_1_76' title="bbox 2044 1118 3615 1198; baseline 0.006 -25"><span class='ocrx_word' id='word_1_591' title='bbox 2044 1118 2313 1191; x_wconf 88' lang='grc' dir='ltr'>θωμάτων</span> <span class='ocrx_word' id='word_1_592' title='bbox 2360 1124 2577 1178; x_wconf 71' lang='grc' dir='ltr'>οίκείων</span> <span class='ocrx_word' id='word_1_593' title='bbox 2600 1167 2615 1192; x_wconf 90' lang='grc'>,</span> <span class='ocrx_word' id='word_1_594' title='bbox 2661 1127 2776 1181; x_wconf 84' lang='grc' dir='ltr'>ἀλλ’</span> <span class='ocrx_word' id='word_1_595' title='bbox 2827 1129 2936 1182; x_wconf 83' lang='grc' dir='ltr'>ἀπὸ</span> <span class='ocrx_word' id='word_1_596' title='bbox 2988 1129 3091 1198; x_wconf 84' lang='grc' dir='ltr'>τῆς</span> <span class='ocrx_word' id='word_1_597' title='bbox 3138 1129 3233 1183; x_wconf 83' lang='grc' dir='ltr'>τοῦ</span> <span class='ocrx_word' id='word_1_598' title='bbox 3294 1130 3615 1185; x_wconf 86' lang='grc' dir='ltr'>διδασκάλου</span> 
     </span>
    </p>
   </div>
   <div class='ocr_carea' id='block_1_77' title="bbox 2042 1203 3615 1286">
    <p class='ocr_par' dir='ltr' id='par_1_77' title="bbox 2042 1203 3615 1286">
     <span class='ocr_line' id='line_1_77' title="bbox 2042 1203 3615 1286; baseline 0.008 -30"><span class='ocrx_word' id='word_1_599' title='bbox 2042 1203 2311 1268; x_wconf 87' lang='grc' dir='ltr'>ἀπουσίας</span> <span class='ocrx_word' id='word_1_600' title='bbox 2354 1206 2386 1275; x_wconf 87' lang='grc' dir='ltr'>ή</span> <span class='ocrx_word' id='word_1_601' title='bbox 2420 1207 2652 1261; x_wconf 87' lang='grc' dir='ltr'>ἀπόνοια</span> <span class='ocrx_word' id='word_1_602' title='bbox 2679 1205 2748 1281; x_wconf 79' lang='grc' dir='ltr'>ἦν</span> <span class='ocrx_word' id='word_1_603' title='bbox 2768 1228 2783 1242; x_wconf 86' lang='grc'>·</span> <span class='ocrx_word' id='word_1_604' title='bbox 2813 1212 2950 1282; x_wconf 87' lang='grc' dir='ltr'>ὅπερ</span> <span class='ocrx_word' id='word_1_605' title='bbox 2984 1213 3079 1265; x_wconf 79' lang='grc' dir='ltr'>καὶ</span> <span class='ocrx_word' id='word_1_606' title='bbox 3112 1213 3242 1266; x_wconf 73' lang='grc' dir='ltr'>αὐτὸ</span> <span class='ocrx_word' id='word_1_607' title='bbox 3292 1214 3516 1286; x_wconf 80' lang='grc' dir='ltr'>γνώμης</span> <span class='ocrx_word' id='word_1_608' title='bbox 3546 1209 3615 1283; x_wconf 74' lang='grc' dir='ltr'>ἦν</span> 
     </span>
    </p>
   </div>
   <div class='ocr_carea' id='block_1_78' title="bbox 2042 1288 3612 1364">
    <p class='ocr_par' dir='ltr' id='par_1_78' title="bbox 2042 1288 3612 1364">
     <span class='ocr_line' id='line_1_78' title="bbox 2042 1288 3612 1364; baseline 0.006 -27"><span class='ocrx_word' id='word_1_609' title='bbox 2042 1288 2546 1358; x_wconf 58' lang='grc' dir='ltr'>καταφροητικῆς.</span> <span class='ocrx_word' id='word_1_610' title='bbox 2572 1289 2671 1343; x_wconf 89' lang='grc' dir='ltr'>Διά</span> <span class='ocrx_word' id='word_1_611' title='bbox 2705 1291 2864 1346; x_wconf 80' lang='grc' dir='ltr'>τοῦτο</span> <span class='ocrx_word' id='word_1_612' title='bbox 2890 1293 3079 1360; x_wconf 78' lang='grc' dir='ltr'>εἰπὼν,</span> <span class='ocrx_word' id='word_1_613' title='bbox 3111 1295 3396 1363; x_wconf 72' lang='grc' dir='ltr'>Ἐπεμψα</span> <span class='ocrx_word' id='word_1_614' title='bbox 3449 1299 3612 1364; x_wconf 74' lang='grc' dir='ltr'>Υιμό-</span> 
     </span>
    </p>
   </div>
   <div class='ocr_carea' id='block_1_79' title="bbox 2044 1369 3616 1448">
    <p class='ocr_par' dir='ltr' id='par_1_79' title="bbox 2044 1369 3616 1448">
     <span class='ocr_line' id='line_1_79' title="bbox 2044 1369 3616 1448; baseline 0.006 -28"><span class='ocrx_word' id='word_1_615' title='bbox 2044 1370 2202 1431; x_wconf 86' lang='grc' dir='ltr'>θεον,</span> <span class='ocrx_word' id='word_1_616' title='bbox 2226 1370 2325 1422; x_wconf 88' lang='grc' dir='ltr'>οὐκ</span> <span class='ocrx_word' id='word_1_617' title='bbox 2352 1370 2554 1434; x_wconf 87' lang='grc' dir='ltr'>εὐθέως</span> <span class='ocrx_word' id='word_1_618' title='bbox 2581 1369 2754 1439; x_wconf 78' lang='grc' dir='ltr'>εἶπεν,</span> <span class='ocrx_word' id='word_1_619' title='bbox 2800 1375 3119 1447; x_wconf 77' lang='grc' dir='ltr'>Ἐλεύσομαι</span> <span class='ocrx_word' id='word_1_620' title='bbox 3141 1418 3157 1443; x_wconf 94' lang='grc'>,</span> <span class='ocrx_word' id='word_1_621' title='bbox 3186 1376 3322 1430; x_wconf 80' lang='grc' dir='ltr'>ἀλλὰ</span> <span class='ocrx_word' id='word_1_622' title='bbox 3350 1378 3616 1448; x_wconf 80' lang='grc' dir='ltr'>πρότερον</span> 
     </span>
    </p>
   </div>
   <div class='ocr_carea' id='block_1_80' title="bbox 2044 1451 3613 1530">
    <p class='ocr_par' dir='ltr' id='par_1_80' title="bbox 2044 1451 3613 1530">
     <span class='ocr_line' id='line_1_80' title="bbox 2044 1451 3613 1530; baseline 0.004 -26"><span class='ocrx_word' id='word_1_623' title='bbox 2044 1451 2225 1504; x_wconf 79' lang='grc' dir='ltr'>αὐτῶν</span> <span class='ocrx_word' id='word_1_624' title='bbox 2253 1456 2668 1525; x_wconf 78' lang='grc' dir='ltr'>κατηγορήσας,</span> <span class='ocrx_word' id='word_1_625' title='bbox 2707 1457 2788 1511; x_wconf 86' lang='grc' dir='ltr'>δτι</span> <span class='ocrx_word' id='word_1_626' title='bbox 2814 1458 3225 1530; x_wconf 71' lang='grc' dir='ltr'>ἐφυσιώθησάν,</span> <span class='ocrx_word' id='word_1_627' title='bbox 3255 1460 3375 1513; x_wconf 81' lang='grc' dir='ltr'>τότε</span> <span class='ocrx_word' id='word_1_628' title='bbox 3425 1461 3613 1530; x_wconf 73' lang='grc' dir='ltr'>φησιν’</span> 
     </span>
    </p>
   </div>
   <div class='ocr_carea' id='block_1_81' title="bbox 2057 1534 3616 1613">
    <p class='ocr_par' dir='ltr' id='par_1_81' title="bbox 2057 1534 3616 1613">
     <span class='ocr_line' id='line_1_81' title="bbox 2057 1534 3616 1613; baseline 0.007 -27"><span class='ocrx_word' id='word_1_629' title='bbox 2057 1534 2431 1605; x_wconf 70' lang='grc' dir='ltr'>Ἐλεύσομαι.</span> <span class='ocrx_word' id='word_1_630' title='bbox 2483 1540 2546 1592; x_wconf 78' lang='lat' dir='ltr'><strong><em>El</em></strong></span> <span class='ocrx_word' id='word_1_631' title='bbox 2597 1540 2694 1610; x_wconf 70' lang='grc' dir='ltr'>μὲν</span> <span class='ocrx_word' id='word_1_632' title='bbox 2722 1540 2830 1612; x_wconf 80' lang='grc' dir='ltr'>γάρ</span> <span class='ocrx_word' id='word_1_633' title='bbox 2860 1541 2968 1612; x_wconf 81' lang='grc' dir='ltr'>πρὸ</span> <span class='ocrx_word' id='word_1_634' title='bbox 2991 1542 3090 1613; x_wconf 85' lang='grc' dir='ltr'>τῆς</span> <span class='ocrx_word' id='word_1_635' title='bbox 3111 1543 3444 1613; x_wconf 72' lang='grc' dir='ltr'>κατηγορίας</span> <span class='ocrx_word' id='word_1_636' title='bbox 3480 1544 3616 1597; x_wconf 78' lang='grc' dir='ltr'>αὐτὸ</span> 
     </span>
    </p>
   </div>
   <div class='ocr_carea' id='block_1_82' title="bbox 2042 1616 3613 1693">
    <p class='ocr_par' dir='ltr' id='par_1_82' title="bbox 2042 1616 3613 1693">
     <span class='ocr_line' id='line_1_82' title="bbox 2042 1616 3613 1693; baseline 0.007 -25"><span class='ocrx_word' id='word_1_637' title='bbox 2042 1616 2305 1682; x_wconf 77' lang='grc' dir='ltr'>τέθεικεν,</span> <span class='ocrx_word' id='word_1_638' title='bbox 2328 1620 2596 1689; x_wconf 87' lang='grc' dir='ltr'>ἀπολογία</span> <span class='ocrx_word' id='word_1_639' title='bbox 2619 1622 2818 1693; x_wconf 77' lang='grc' dir='ltr'>μᾶλλον</span> <span class='ocrx_word' id='word_1_640' title='bbox 2838 1625 3052 1693; x_wconf 66' lang='grc' dir='ltr'>ἐγένετο</span> <span class='ocrx_word' id='word_1_641' title='bbox 3074 1624 3240 1678; x_wconf 84' lang='grc' dir='ltr'>αὐτοῦ</span> <span class='ocrx_word' id='word_1_642' title='bbox 3261 1625 3337 1687; x_wconf 83' lang='grc' dir='ltr'>ὡς</span> <span class='ocrx_word' id='word_1_643' title='bbox 3353 1626 3454 1679; x_wconf 89' lang='grc' dir='ltr'>οὐκ</span> <span class='ocrx_word' id='word_1_644' title='bbox 3478 1628 3613 1679; x_wconf 81' lang='grc' dir='ltr'>ἀπο-</span> 
     </span>
    </p>
   </div>
   <div class='ocr_carea' id='block_1_83' title="bbox 2043 1696 3613 1776">
    <p class='ocr_par' dir='ltr' id='par_1_83' title="bbox 2043 1696 3613 1776">
     <span class='ocr_line' id='line_1_83' title="bbox 2043 1696 3613 1776; baseline 0.008 -26"><span class='ocrx_word' id='word_1_645' title='bbox 2043 1696 2373 1769; x_wconf 78' lang='grc' dir='ltr'>λειφθέντος,</span> <span class='ocrx_word' id='word_1_646' title='bbox 2404 1703 2499 1756; x_wconf 81' lang='grc' dir='ltr'>καὶ</span> <span class='ocrx_word' id='word_1_647' title='bbox 2526 1704 2626 1758; x_wconf 88' lang='grc' dir='ltr'>οὐκ</span> <span class='ocrx_word' id='word_1_648' title='bbox 2654 1705 2873 1776; x_wconf 83' lang='grc' dir='ltr'>ἀπειλὴ,</span> <span class='ocrx_word' id='word_1_649' title='bbox 2906 1710 3002 1762; x_wconf 80' lang='grc' dir='ltr'>καὶ</span> <span class='ocrx_word' id='word_1_650' title='bbox 3031 1708 3152 1762; x_wconf 70' lang='grc' dir='ltr'>οὐδὲ</span> <span class='ocrx_word' id='word_1_651' title='bbox 3176 1702 3332 1771; x_wconf 74' lang='grc' dir='ltr'>οὗτος</span> <span class='ocrx_word' id='word_1_652' title='bbox 3359 1708 3388 1748; x_wconf 75' lang='grc' dir='ltr'>ιι</span> <span class='ocrx_word' id='word_1_653' title='bbox 3420 1712 3613 1773; x_wconf 75' lang='grc' dir='ltr'>πιστὸς</span> 
     </span>
    </p>
   </div>
   <div class='ocr_carea' id='block_1_84' title="bbox 2041 1778 3612 1860">
    <p class='ocr_par' dir='ltr' id='par_1_84' title="bbox 2041 1778 3612 1860">
     <span class='ocr_line' id='line_1_84' title="bbox 2041 1778 3612 1860; baseline 0.008 -28"><span class='ocrx_word' id='word_1_654' title='bbox 2041 1782 2070 1833; x_wconf 86' lang='grc' dir='ltr'><strong>ὀ</strong></span> <span class='ocrx_word' id='word_1_655' title='bbox 2103 1779 2259 1849; x_wconf 87' lang='grc' dir='ltr'>λόγος</span> <span class='ocrx_word' id='word_1_656' title='bbox 2284 1778 2350 1853; x_wconf 76' lang='grc' dir='ltr'>ἦν</span> <span class='ocrx_word' id='word_1_657' title='bbox 2373 1798 2387 1813; x_wconf 89' lang='grc'><strong>·</strong></span> <span class='ocrx_word' id='word_1_658' title='bbox 2418 1785 2536 1838; x_wconf 80' lang='grc' dir='ltr'>νυνὶ</span> <span class='ocrx_word' id='word_1_659' title='bbox 2567 1786 2624 1839; x_wconf 75' lang='grc' dir='ltr'>δὲ</span> <span class='ocrx_word' id='word_1_660' title='bbox 2660 1787 2799 1857; x_wconf 87' lang='grc' dir='ltr'>μετά</span> <span class='ocrx_word' id='word_1_661' title='bbox 2830 1790 2931 1860; x_wconf 79' lang='grc' dir='ltr'>τὴν</span> <span class='ocrx_word' id='word_1_662' title='bbox 2978 1789 3311 1860; x_wconf 86' lang='grc' dir='ltr'>κατηγορίαν</span> <span class='ocrx_word' id='word_1_663' title='bbox 3343 1788 3477 1853; x_wconf 78' lang='grc' dir='ltr'>θεὶς,</span> <span class='ocrx_word' id='word_1_664' title='bbox 3516 1794 3612 1844; x_wconf 71' lang='grc' dir='ltr'>καὶ</span> 
     </span>
    </p>
   </div>
   <div class='ocr_carea' id='block_1_85' title="bbox 2043 1862 3610 1941">
    <p class='ocr_par' dir='ltr' id='par_1_85' title="bbox 2043 1862 3610 1941">
     <span class='ocr_line' id='line_1_85' title="bbox 2043 1862 3610 1941; baseline 0.004 -25"><span class='ocrx_word' id='word_1_665' title='bbox 2043 1862 2357 1926; x_wconf 83' lang='grc' dir='ltr'>ἀξιόπιστον</span> <span class='ocrx_word' id='word_1_666' title='bbox 2381 1866 2544 1919; x_wconf 76' lang='grc' dir='ltr'>αὐτὸν</span> <span class='ocrx_word' id='word_1_667' title='bbox 2564 1869 2655 1921; x_wconf 79' lang='grc' dir='ltr'>καὶ</span> <span class='ocrx_word' id='word_1_668' title='bbox 2676 1869 2905 1940; x_wconf 73' lang='grc' dir='ltr'>φοϐερὸν</span> <span class='ocrx_word' id='word_1_669' title='bbox 2926 1870 3167 1940; x_wconf 72' lang='grc' dir='ltr'>έποίησε.</span> <span class='ocrx_word' id='word_1_670' title='bbox 3190 1870 3300 1924; x_wconf 89' lang='lat' dir='ltr'>Kal</span> <span class='ocrx_word' id='word_1_671' title='bbox 3319 1870 3421 1941; x_wconf 82' lang='grc' dir='ltr'>δρα</span> <span class='ocrx_word' id='word_1_672' title='bbox 3445 1870 3610 1923; x_wconf 79' lang='grc' dir='ltr'>αὐτοῦ</span> 
     </span>
    </p>
   </div>
   <div class='ocr_carea' id='block_1_86' title="bbox 2041 1942 3614 2022">
    <p class='ocr_par' dir='ltr' id='par_1_86' title="bbox 2041 1942 3614 2022">
     <span class='ocr_line' id='line_1_86' title="bbox 2041 1942 3614 2022; baseline 0.004 -25"><span class='ocrx_word' id='word_1_673' title='bbox 2041 1942 2104 1997; x_wconf 82' lang='grc' dir='ltr'>τὸ</span> <span class='ocrx_word' id='word_1_674' title='bbox 2127 1944 2346 2014; x_wconf 88' lang='grc' dir='ltr'>βέϐαιον</span> <span class='ocrx_word' id='word_1_675' title='bbox 2367 1949 2459 2001; x_wconf 63' lang='grc' dir='ltr'>καὶ⁸</span> <span class='ocrx_word' id='word_1_676' title='bbox 2488 1949 2747 2020; x_wconf 78' lang='grc' dir='ltr'>ἀσφαλές.</span> <span class='ocrx_word' id='word_1_677' title='bbox 2780 1952 2855 2004; x_wconf 84' lang='grc' dir='ltr'>Οὐ</span> <span class='ocrx_word' id='word_1_678' title='bbox 2882 1951 2990 2022; x_wconf 82' lang='grc' dir='ltr'>γὰρ</span> <span class='ocrx_word' id='word_1_679' title='bbox 3005 1950 3190 2015; x_wconf 79' lang='grc' dir='ltr'>ἁπλῶς</span> <span class='ocrx_word' id='word_1_680' title='bbox 3217 1946 3393 2014; x_wconf 69' lang='grc' dir='ltr'>εἶπεν,</span> <span class='ocrx_word' id='word_1_681' title='bbox 3410 1950 3614 2006; x_wconf 78' lang='grc' dir='ltr'>Ἐλεύ-</span> 
     </span>
    </p>
   </div>
   <div class='ocr_carea' id='block_1_87' title="bbox 2045 2028 3615 2104">
    <p class='ocr_par' dir='ltr' id='par_1_87' title="bbox 2045 2028 3615 2104">
     <span class='ocr_line' id='line_1_87' title="bbox 2045 2028 3615 2104; baseline 0.005 -25"><span class='ocrx_word' id='word_1_682' title='bbox 2045 2040 2247 2095; x_wconf 76' lang='grc' dir='ltr'>σομαι,</span> <span class='ocrx_word' id='word_1_683' title='bbox 2285 2028 2424 2093; x_wconf 83' lang='grc' dir='ltr'>ἀλλ’,</span> <span class='ocrx_word' id='word_1_684' title='bbox 2465 2030 2604 2086; x_wconf 79' lang='grc' dir='ltr'>ἐὰν</span> <span class='ocrx_word' id='word_1_685' title='bbox 2623 2036 2657 2087; x_wconf 87' lang='grc' dir='ltr'>ό</span> <span class='ocrx_word' id='word_1_686' title='bbox 2676 2034 2892 2102; x_wconf 72' lang='grc' dir='ltr'>Κύριος</span> <span class='ocrx_word' id='word_1_687' title='bbox 2926 2033 3158 2102; x_wconf 80' lang='grc' dir='ltr'>θελήσῃ</span> <span class='ocrx_word' id='word_1_688' title='bbox 3178 2048 3192 2063; x_wconf 74' lang='grc' dir='ltr'><strong>ο</strong></span> <span class='ocrx_word' id='word_1_689' title='bbox 3224 2033 3318 2086; x_wconf 75' lang='grc' dir='ltr'>καὶ</span> <span class='ocrx_word' id='word_1_690' title='bbox 3348 2033 3410 2086; x_wconf 93' lang='grc' dir='ltr'>οὐ</span> <span class='ocrx_word' id='word_1_691' title='bbox 3434 2033 3615 2104; x_wconf 82' lang='grc' dir='ltr'>τίθησι</span> 
     </span>
    </p>
   </div>
   <div class='ocr_carea' id='block_1_88' title="bbox 2043 2109 3618 2188">
    <p class='ocr_par' dir='ltr' id='par_1_88' title="bbox 2043 2109 3618 2188">
     <span class='ocr_line' id='line_1_88' title="bbox 2043 2109 3618 2188; baseline 0.005 -28"><span class='ocrx_word' id='word_1_692' title='bbox 2043 2109 2237 2180; x_wconf 86' lang='grc' dir='ltr'>χρόνον</span> <span class='ocrx_word' id='word_1_693' title='bbox 2270 2110 2595 2183; x_wconf 84' lang='grc' dir='ltr'>ὡρισμένον.</span> <span class='ocrx_word' id='word_1_694' title='bbox 2659 2115 2878 2188; x_wconf 74' lang='grc' dir='ltr'>Ἐπειδὴ</span> <span class='ocrx_word' id='word_1_695' title='bbox 2933 2116 3042 2187; x_wconf 71' lang='grc' dir='ltr'>γὰρ</span> <span class='ocrx_word' id='word_1_696' title='bbox 3097 2115 3411 2170; x_wconf 84' lang='grc' dir='ltr'>συνέϐαινεν</span> <span class='ocrx_word' id='word_1_697' title='bbox 3455 2115 3618 2169; x_wconf 77' lang='grc' dir='ltr'>αὐτὸν</span> 
     </span>
    </p>
   </div>
   <div class='ocr_carea' id='block_1_89' title="bbox 2045 2189 3615 2271">
    <p class='ocr_par' dir='ltr' id='par_1_89' title="bbox 2045 2189 3615 2271">
     <span class='ocr_line' id='line_1_89' title="bbox 2045 2189 3615 2271; baseline 0.005 -29"><span class='ocrx_word' id='word_1_698' title='bbox 2045 2189 2288 2261; x_wconf 87' lang='grc' dir='ltr'>βραδέως</span> <span class='ocrx_word' id='word_1_699' title='bbox 2316 2197 2723 2265; x_wconf 83' lang='grc' dir='ltr'>παραγενέσθαι</span> <span class='ocrx_word' id='word_1_700' title='bbox 2751 2239 2767 2262; x_wconf 91' lang='grc'>,</span> <span class='ocrx_word' id='word_1_701' title='bbox 2797 2202 2865 2271; x_wconf 75' lang='grc' dir='ltr'>τῇ</span> <span class='ocrx_word' id='word_1_702' title='bbox 2895 2197 3090 2268; x_wconf 72' lang='grc' dir='ltr'>ἀδηλία</span> <span class='ocrx_word' id='word_1_703' title='bbox 3126 2197 3373 2268; x_wconf 88' lang='grc' dir='ltr'>βούλεται</span> <span class='ocrx_word' id='word_1_704' title='bbox 3418 2197 3615 2261; x_wconf 68' lang='grc' dir='ltr'>αὐτοὺς</span> 
     </span>
    </p>
   </div>
   <div class='ocr_carea' id='block_1_90' title="bbox 2042 2276 3614 2353">
    <p class='ocr_par' dir='ltr' id='par_1_90' title="bbox 2042 2276 3614 2353">
     <span class='ocr_line' id='line_1_90' title="bbox 2042 2276 3614 2353; baseline 0.004 -26"><span class='ocrx_word' id='word_1_705' title='bbox 2042 2276 2368 2345; x_wconf 73' lang='grc' dir='ltr'>ἐναγωνίους</span> <span class='ocrx_word' id='word_1_706' title='bbox 2401 2283 2639 2351; x_wconf 77' lang='grc' dir='ltr'>ποιῆσαι.</span> <span class='ocrx_word' id='word_1_707' title='bbox 2662 2282 2775 2336; x_wconf 87' lang='lat' dir='ltr'>Kal</span> <span class='ocrx_word' id='word_1_708' title='bbox 2802 2283 2891 2335; x_wconf 83' lang='lat' dir='ltr'><strong><em>l&#39;va</em></strong></span> <span class='ocrx_word' id='word_1_709' title='bbox 2917 2281 2991 2353; x_wconf 81' lang='grc' dir='ltr'>μὴ</span> <span class='ocrx_word' id='word_1_710' title='bbox 3014 2281 3101 2336; x_wconf 87' lang='grc' dir='ltr'>διά</span> <span class='ocrx_word' id='word_1_711' title='bbox 3123 2282 3280 2334; x_wconf 78' lang='grc' dir='ltr'>τοῦτο</span> <span class='ocrx_word' id='word_1_712' title='bbox 3298 2280 3462 2334; x_wconf 88' lang='grc' dir='ltr'>πάλιν</span> <span class='ocrx_word' id='word_1_713' title='bbox 3481 2281 3584 2333; x_wconf 83' lang='grc' dir='ltr'>ἀνα</span> <span class='ocrx_word' id='word_1_714' title='bbox 3605 2309 3614 2316; x_wconf 94' lang='grc'><strong><em>-</em></strong></span> 
     </span>
    </p>
   </div>
   <div class='ocr_carea' id='block_1_91' title="bbox 2043 2359 3616 2435">
    <p class='ocr_par' dir='ltr' id='par_1_91' title="bbox 2043 2359 3616 2435">
     <span class='ocr_line' id='line_1_91' title="bbox 2043 2359 3616 2435; baseline 0.003 -24"><span class='ocrx_word' id='word_1_715' title='bbox 2043 2359 2273 2427; x_wconf 88' lang='grc' dir='ltr'>πέσωσι,</span> <span class='ocrx_word' id='word_1_716' title='bbox 2317 2362 2648 2434; x_wconf 85' lang='grc' dir='ltr'>προσέθηκε·</span> <span class='ocrx_word' id='word_1_717' title='bbox 2703 2364 2955 2435; x_wconf 79' lang='grc' dir='ltr'>Ταχέως.</span> <span class='ocrx_word' id='word_1_718' title='bbox 3004 2364 3115 2420; x_wconf 75' lang='grc' dir='ltr'>Καὶ</span> <span class='ocrx_word' id='word_1_719' title='bbox 3148 2363 3452 2433; x_wconf 78' lang='grc' dir='ltr'>γνώσομαι</span> <span class='ocrx_word' id='word_1_720' title='bbox 3478 2401 3494 2428; x_wconf 94' lang='grc'>,</span> <span class='ocrx_word' id='word_1_721' title='bbox 3542 2366 3616 2416; x_wconf 81' lang='grc' dir='ltr'>οὐ</span> 
     </span>
    </p>
   </div>
   <div class='ocr_carea' id='block_1_92' title="bbox 2043 2445 3616 2520">
    <p class='ocr_par' dir='ltr' id='par_1_92' title="bbox 2043 2445 3616 2520">
     <span class='ocr_line' id='line_1_92' title="bbox 2043 2445 3616 2520; baseline 0.002 -23"><span class='ocrx_word' id='word_1_722' title='bbox 2043 2445 2152 2497; x_wconf 82' lang='grc' dir='ltr'>τὸν</span> <span class='ocrx_word' id='word_1_723' title='bbox 2184 2446 2372 2514; x_wconf 79' lang='grc' dir='ltr'>λόγον</span> <span class='ocrx_word' id='word_1_724' title='bbox 2402 2445 2520 2501; x_wconf 78' lang='grc' dir='ltr'>τῶν</span> <span class='ocrx_word' id='word_1_725' title='bbox 2548 2449 3037 2520; x_wconf 65' lang='grc' dir='ltr'>πεφυσιωμένων,</span> <span class='ocrx_word' id='word_1_726' title='bbox 3072 2449 3232 2503; x_wconf 80' lang='grc' dir='ltr'>ἀλλὰ</span> <span class='ocrx_word' id='word_1_727' title='bbox 3267 2448 3383 2515; x_wconf 80' lang='grc' dir='ltr'>τὴν</span> <span class='ocrx_word' id='word_1_728' title='bbox 3430 2448 3616 2501; x_wconf 72' lang='grc' dir='ltr'>δύνασ-</span> 
     </span>
    </p>
   </div>
   <div class='ocr_carea' id='block_1_93' title="bbox 2039 2524 3615 2604">
    <p class='ocr_par' dir='ltr' id='par_1_93' title="bbox 2039 2524 3615 2604">
     <span class='ocr_line' id='line_1_93' title="bbox 2039 2524 3615 2604; baseline 0.001 -24"><span class='ocrx_word' id='word_1_729' title='bbox 2039 2543 2167 2596; x_wconf 88' lang='grc' dir='ltr'>μιν.</span> <span class='ocrx_word' id='word_1_730' title='bbox 2198 2529 2310 2582; x_wconf 90' lang='grc' dir='ltr'>Οὐκ</span> <span class='ocrx_word' id='word_1_731' title='bbox 2330 2524 2505 2594; x_wconf 72' lang='grc' dir='ltr'>εἶπεν,</span> <span class='ocrx_word' id='word_1_732' title='bbox 2532 2531 2613 2584; x_wconf 84' lang='grc' dir='ltr'>ὅτι</span> <span class='ocrx_word' id='word_1_733' title='bbox 2646 2532 2929 2604; x_wconf 84' lang='grc' dir='ltr'>Γνώσομαι</span> <span class='ocrx_word' id='word_1_734' title='bbox 2957 2531 3055 2604; x_wconf 81' lang='grc' dir='ltr'>τὴν</span> <span class='ocrx_word' id='word_1_735' title='bbox 3089 2529 3299 2601; x_wconf 81' lang='grc' dir='ltr'>σοφίαν,</span> <span class='ocrx_word' id='word_1_736' title='bbox 3327 2528 3615 2602; x_wconf 57' lang='grc' dir='ltr'>[11910⁷3δέ</span> 
     </span>
    </p>
   </div>
   <div class='ocr_carea' id='block_1_94' title="bbox 2044 2608 3617 2685">
    <p class='ocr_par' dir='ltr' id='par_1_94' title="bbox 2044 2608 3617 2685">
     <span class='ocr_line' id='line_1_94' title="bbox 2044 2608 3617 2685; baseline 0.004 -23"><span class='ocrx_word' id='word_1_737' title='bbox 2044 2608 2111 2663; x_wconf 78' lang='grc' dir='ltr'>τὰ</span> <span class='ocrx_word' id='word_1_738' title='bbox 2141 2614 2364 2681; x_wconf 81' lang='grc' dir='ltr'>σημεῖα,</span> <span class='ocrx_word' id='word_1_739' title='bbox 2409 2613 2543 2667; x_wconf 86' lang='grc' dir='ltr'>ἀλλά</span> <span class='ocrx_word' id='word_1_740' title='bbox 2565 2615 2619 2667; x_wconf 86' lang='grc' dir='ltr'>τί</span> <span class='ocrx_word' id='word_1_741' title='bbox 2640 2631 2655 2680; x_wconf 88' lang='grc'><strong>;</strong></span> <span class='ocrx_word' id='word_1_742' title='bbox 2681 2617 2764 2669; x_wconf 83' lang='grc' dir='ltr'>Οὐ</span> <span class='ocrx_word' id='word_1_743' title='bbox 2793 2616 2900 2669; x_wconf 82' lang='grc' dir='ltr'>τὸν</span> <span class='ocrx_word' id='word_1_744' title='bbox 2917 2618 3132 2685; x_wconf 75' lang='grc' dir='ltr'>λόγον·</span> <span class='ocrx_word' id='word_1_745' title='bbox 3155 2617 3377 2668; x_wconf 80' lang='grc' dir='ltr'>κάκεῖνο</span> <span class='ocrx_word' id='word_1_746' title='bbox 3402 2613 3478 2683; x_wconf 84' lang='grc' dir='ltr'>τῷ</span> <span class='ocrx_word' id='word_1_747' title='bbox 3499 2614 3617 2668; x_wconf 81' lang='grc' dir='ltr'>ὀνό-</span> 
     </span>
    </p>
   </div>
   <div class='ocr_carea' id='block_1_95' title="bbox 2047 2695 3615 2767">
    <p class='ocr_par' dir='ltr' id='par_1_95' title="bbox 2047 2695 3615 2767">
     <span class='ocr_line' id='line_1_95' title="bbox 2047 2695 3615 2767; baseline 0.003 -22"><span class='ocrx_word' id='word_1_748' title='bbox 2047 2708 2179 2761; x_wconf 88' lang='grc' dir='ltr'>ματι</span> <span class='ocrx_word' id='word_1_749' title='bbox 2203 2695 2554 2767; x_wconf 81' lang='grc' dir='ltr'>καταφέρων,</span> <span class='ocrx_word' id='word_1_750' title='bbox 2587 2698 2862 2750; x_wconf 76' lang='grc' dir='ltr'>καὶτοῦτο</span> <span class='ocrx_word' id='word_1_751' title='bbox 2888 2697 3153 2767; x_wconf 72' lang='grc' dir='ltr'>έπαίρων.</span> <span class='ocrx_word' id='word_1_752' title='bbox 3181 2696 3294 2750; x_wconf 86' lang='lat' dir='ltr'>Kal</span> <span class='ocrx_word' id='word_1_753' title='bbox 3318 2697 3453 2760; x_wconf 86' lang='grc' dir='ltr'>τέως</span> <span class='ocrx_word' id='word_1_754' title='bbox 3478 2696 3615 2767; x_wconf 77' lang='grc' dir='ltr'>πρὸς</span> 
     </span>
    </p>
   </div>
   <div class='ocr_carea' id='block_1_96' title="bbox 2044 2778 3617 2851">
    <p class='ocr_par' dir='ltr' id='par_1_96' title="bbox 2044 2778 3617 2851">
     <span class='ocr_line' id='line_1_96' title="bbox 2044 2778 3617 2851; baseline 0.001 -22"><span class='ocrx_word' id='word_1_755' title='bbox 2044 2779 2171 2841; x_wconf 84' lang='grc' dir='ltr'>τοὺς</span> <span class='ocrx_word' id='word_1_756' title='bbox 2203 2778 2397 2843; x_wconf 82' lang='grc' dir='ltr'>ἄλλους</span> <span class='ocrx_word' id='word_1_757' title='bbox 2426 2781 2771 2836; x_wconf 88' lang='grc' dir='ltr'>ἀποτείνεται</span> <span class='ocrx_word' id='word_1_758' title='bbox 2799 2782 2926 2844; x_wconf 81' lang='grc' dir='ltr'>τοὺς</span> <span class='ocrx_word' id='word_1_759' title='bbox 2950 2779 3381 2851; x_wconf 77' lang='grc' dir='ltr'>συγκροτούντας</span> <span class='ocrx_word' id='word_1_760' title='bbox 3410 2780 3501 2832; x_wconf 79' lang='grc' dir='ltr'>τὸν</span> <span class='ocrx_word' id='word_1_761' title='bbox 3525 2797 3617 2834; x_wconf 82' lang='grc' dir='ltr'>πε·</span> 
     </span>
    </p>
   </div>
   <div class='ocr_carea' id='block_1_97' title="bbox 2046 2856 3615 2936">
    <p class='ocr_par' dir='ltr' id='par_1_97' title="bbox 2046 2856 3615 2936">
     <span class='ocr_line' id='line_1_97' title="bbox 2046 2856 3615 2936; baseline 0.003 -25"><span class='ocrx_word' id='word_1_762' title='bbox 2046 2862 2405 2931; x_wconf 87' lang='grc' dir='ltr'>πορνευκότα.</span> <span class='ocrx_word' id='word_1_763' title='bbox 2439 2863 2501 2917; x_wconf 71' lang='lat' dir='ltr'>Et</span> <span class='ocrx_word' id='word_1_764' title='bbox 2524 2864 2633 2936; x_wconf 82' lang='grc' dir='ltr'>γὰρ</span> <span class='ocrx_word' id='word_1_765' title='bbox 2656 2865 2791 2935; x_wconf 75' lang='grc' dir='ltr'>πρὸς</span> <span class='ocrx_word' id='word_1_766' title='bbox 2823 2865 3029 2917; x_wconf 82' lang='grc' dir='ltr'>ἐκεῖνον</span> <span class='ocrx_word' id='word_1_767' title='bbox 3048 2862 3251 2930; x_wconf 79' lang='grc' dir='ltr'>ἔλεγεν,</span> <span class='ocrx_word' id='word_1_768' title='bbox 3280 2863 3379 2914; x_wconf 88' lang='grc' dir='ltr'>οὐκ</span> <span class='ocrx_word' id='word_1_769' title='bbox 3405 2862 3470 2914; x_wconf 84' lang='grc' dir='ltr'>ἂν</span> <span class='ocrx_word' id='word_1_770' title='bbox 3493 2856 3615 2916; x_wconf 83' lang='grc' dir='ltr'>εἶπε</span> 
     </span>
    </p>
   </div>
   <div class='ocr_carea' id='block_1_98' title="bbox 2044 2941 3614 3019">
    <p class='ocr_par' dir='ltr' id='par_1_98' title="bbox 2044 2941 3614 3019">
     <span class='ocr_line' id='line_1_98' title="bbox 2044 2941 3614 3019; baseline 0.003 -24"><span class='ocrx_word' id='word_1_771' title='bbox 2044 2943 2143 3015; x_wconf 81' lang='grc' dir='ltr'>τὴν</span> <span class='ocrx_word' id='word_1_772' title='bbox 2176 2944 2423 3017; x_wconf 90' lang='grc' dir='ltr'>δύναμιν,</span> <span class='ocrx_word' id='word_1_773' title='bbox 2454 2947 2591 3003; x_wconf 87' lang='grc' dir='ltr'>ἀλλά</span> <span class='ocrx_word' id='word_1_774' title='bbox 2616 2948 2684 3003; x_wconf 85' lang='grc' dir='ltr'>τὰ</span> <span class='ocrx_word' id='word_1_775' title='bbox 2728 2949 2886 3019; x_wconf 77' lang='grc' dir='ltr'>ἔργα,</span> <span class='ocrx_word' id='word_1_776' title='bbox 2920 2948 3062 3017; x_wconf 83' lang='grc' dir='ltr'>ἆπερ</span> <span class='ocrx_word' id='word_1_777' title='bbox 3094 2941 3161 3016; x_wconf 79' lang='grc' dir='ltr'>ἦν</span> <span class='ocrx_word' id='word_1_778' title='bbox 3192 2945 3338 3015; x_wconf 80' lang='grc' dir='ltr'>αὐτῷ</span> <span class='ocrx_word' id='word_1_779' title='bbox 3358 2944 3614 3015; x_wconf 55' lang='grc' dir='ltr'>διεεθαρ·</span> 
     </span>
    </p>
   </div>
   <div class='ocr_carea' id='block_1_99' title="bbox 2048 3028 3615 3101">
    <p class='ocr_par' dir='ltr' id='par_1_99' title="bbox 2048 3028 3615 3101">
     <span class='ocr_line' id='line_1_99' title="bbox 2048 3028 3615 3101; baseline 0 -21"><span class='ocrx_word' id='word_1_780' title='bbox 2048 3028 2207 3098; x_wconf 86' lang='grc' dir='ltr'>μένα.</span> <span class='ocrx_word' id='word_1_781' title='bbox 2254 3031 2363 3083; x_wconf 88' lang='lat' dir='ltr'>Kal</span> <span class='ocrx_word' id='word_1_782' title='bbox 2400 3029 2487 3084; x_wconf 87' lang='grc' dir='ltr'>διά</span> <span class='ocrx_word' id='word_1_783' title='bbox 2513 3030 2565 3084; x_wconf 85' lang='grc' dir='ltr'>τί</span> <span class='ocrx_word' id='word_1_784' title='bbox 2614 3031 2674 3085; x_wconf 90' lang='grc' dir='ltr'>οὐ</span> <span class='ocrx_word' id='word_1_785' title='bbox 2722 3030 2903 3101; x_wconf 80' lang='grc' dir='ltr'>ζητεῖς</span> <span class='ocrx_word' id='word_1_786' title='bbox 2935 3031 3027 3084; x_wconf 73' lang='grc' dir='ltr'>τὸν</span> <span class='ocrx_word' id='word_1_787' title='bbox 3063 3029 3250 3097; x_wconf 77' lang='grc' dir='ltr'>λόγονς</span> <span class='ocrx_word' id='word_1_788' title='bbox 3282 3029 3393 3081; x_wconf 88' lang='grc' dir='ltr'>Οὐκ</span> <span class='ocrx_word' id='word_1_789' title='bbox 3428 3028 3615 3098; x_wconf 75' lang='grc' dir='ltr'>ἐπειδὴ</span> 
     </span>
    </p>
   </div>
   <div class='ocr_carea' id='block_1_100' title="bbox 2045 3109 3611 3185">
    <p class='ocr_par' dir='ltr' id='par_1_100' title="bbox 2045 3109 3611 3185">
     <span class='ocr_line' id='line_1_100' title="bbox 2045 3109 3611 3185; baseline 0.001 -23"><span class='ocrx_word' id='word_1_790' title='bbox 2045 3109 2235 3181; x_wconf 86' lang='grc' dir='ltr'>ἀπορῶ</span> <span class='ocrx_word' id='word_1_791' title='bbox 2262 3112 2440 3181; x_wconf 87' lang='grc' dir='ltr'>λόγου,</span> <span class='ocrx_word' id='word_1_792' title='bbox 2475 3113 2591 3169; x_wconf 86' lang='grc' dir='ltr'>ἀλλ’</span> <span class='ocrx_word' id='word_1_793' title='bbox 2621 3114 2809 3185; x_wconf 82' lang='grc' dir='ltr'>ἐπειδὴ</span> <span class='ocrx_word' id='word_1_794' title='bbox 2864 3115 2922 3167; x_wconf 76' lang='grc' dir='ltr'>ἐν</span> <span class='ocrx_word' id='word_1_795' title='bbox 2971 3114 3197 3183; x_wconf 85' lang='grc' dir='ltr'>δυνάμει</span> <span class='ocrx_word' id='word_1_796' title='bbox 3235 3110 3305 3163; x_wconf 78' lang='grc' dir='ltr'>τά</span> <span class='ocrx_word' id='word_1_797' title='bbox 3337 3109 3611 3181; x_wconf 80' lang='grc' dir='ltr'>ἡμέτερα.</span> 
     </span>
    </p>
   </div>
   <div class='ocr_carea' id='block_1_101' title="bbox 2046 3192 3617 3270">
    <p class='ocr_par' dir='ltr' id='par_1_101' title="bbox 2046 3192 3617 3270">
     <span class='ocr_line' id='line_1_101' title="bbox 2046 3192 3617 3270; baseline 0.001 -23"><span class='ocrx_word' id='word_1_798' title='bbox 2046 3194 2311 3267; x_wconf 85' lang='grc' dir='ltr'>Καθάπερ</span> <span class='ocrx_word' id='word_1_799' title='bbox 2334 3192 2426 3250; x_wconf 85' lang='grc' dir='ltr'>οὖν</span> <span class='ocrx_word' id='word_1_800' title='bbox 2458 3198 2517 3252; x_wconf 76' lang='grc' dir='ltr'>ἐν</span> <span class='ocrx_word' id='word_1_801' title='bbox 2561 3197 2781 3270; x_wconf 85' lang='grc' dir='ltr'>πολέμῳ</span> <span class='ocrx_word' id='word_1_802' title='bbox 2807 3198 2869 3251; x_wconf 91' lang='grc' dir='ltr'>οὐ</span> <span class='ocrx_word' id='word_1_803' title='bbox 2904 3199 3011 3251; x_wconf 79' lang='grc' dir='ltr'>τῶν</span> <span class='ocrx_word' id='word_1_804' title='bbox 3036 3198 3203 3251; x_wconf 88' lang='grc' dir='ltr'>πολλά</span> <span class='ocrx_word' id='word_1_805' title='bbox 3230 3195 3617 3267; x_wconf 82' lang='grc' dir='ltr'>φθεγγομένων</span> 
     </span>
    </p>
   </div>
   <div class='ocr_carea' id='block_1_102' title="bbox 2044 3278 3618 3353">
    <p class='ocr_par' dir='ltr' id='par_1_102' title="bbox 2044 3278 3618 3353">
     <span class='ocr_line' id='line_1_102' title="bbox 2044 3278 3618 3353; baseline 0.001 -24"><span class='ocrx_word' id='word_1_806' title='bbox 2044 3278 2103 3329; x_wconf 88' lang='lat'>:0</span> <span class='ocrx_word' id='word_1_807' title='bbox 2134 3279 2454 3349; x_wconf 77' lang='grc' dir='ltr'>κατορθοῦν,</span> <span class='ocrx_word' id='word_1_808' title='bbox 2498 3281 2634 3334; x_wconf 81' lang='grc' dir='ltr'>ἀλλά</span> <span class='ocrx_word' id='word_1_809' title='bbox 2665 3282 2772 3335; x_wconf 79' lang='grc' dir='ltr'>τῶν</span> <span class='ocrx_word' id='word_1_810' title='bbox 2805 3280 2972 3334; x_wconf 87' lang='grc' dir='ltr'>πολλά</span> <span class='ocrx_word' id='word_1_811' title='bbox 3018 3280 3431 3353; x_wconf 65' lang='grc' dir='ltr'>ἐργαζομένων*</span> <span class='ocrx_word' id='word_1_812' title='bbox 3472 3278 3618 3332; x_wconf 76' lang='grc' dir='ltr'>οὕτω</span> 
     </span>
    </p>
   </div>
   <div class='ocr_carea' id='block_1_103' title="bbox 2042 3357 3615 3430">
    <p class='ocr_par' dir='ltr' id='par_1_103' title="bbox 2042 3357 3615 3430">
     <span class='ocr_line' id='line_1_103' title="bbox 2042 3357 3615 3430; baseline 0.002 -20"><span class='ocrx_word' id='word_1_813' title='bbox 2042 3357 2107 3428; x_wconf 78' lang='grc' dir='ltr'>δὴ</span> <span class='ocrx_word' id='word_1_814' title='bbox 2129 3362 2224 3415; x_wconf 71' lang='grc' dir='ltr'>καὶ</span> <span class='ocrx_word' id='word_1_815' title='bbox 2253 3362 2507 3425; x_wconf 70' lang='grc' dir='ltr'>ἐνταῦθα,</span> <span class='ocrx_word' id='word_1_816' title='bbox 2527 3365 2587 3416; x_wconf 86' lang='grc' dir='ltr'>οὐ</span> <span class='ocrx_word' id='word_1_817' title='bbox 2616 3364 2723 3416; x_wconf 81' lang='grc' dir='ltr'>τῶν</span> <span class='ocrx_word' id='word_1_818' title='bbox 2746 3362 3070 3430; x_wconf 84' lang='grc' dir='ltr'>λαλούντων,</span> <span class='ocrx_word' id='word_1_819' title='bbox 3099 3364 3236 3418; x_wconf 84' lang='grc' dir='ltr'>ἀλλά</span> <span class='ocrx_word' id='word_1_820' title='bbox 3257 3364 3366 3417; x_wconf 84' lang='grc' dir='ltr'>τῶν</span> <span class='ocrx_word' id='word_1_821' title='bbox 3394 3362 3615 3415; x_wconf 82' lang='grc' dir='ltr'>ποιούν-</span> 
     </span>
    </p>
   </div>
   <div class='ocr_carea' id='block_1_104' title="bbox 2043 3443 3613 3517">
    <p class='ocr_par' dir='ltr' id='par_1_104' title="bbox 2043 3443 3613 3517">
     <span class='ocr_line' id='line_1_104' title="bbox 2043 3443 3613 3517; baseline -0.001 -22"><span class='ocrx_word' id='word_1_822' title='bbox 2043 3460 2152 3496; x_wconf 90' lang='grc' dir='ltr'>των</span> <span class='ocrx_word' id='word_1_823' title='bbox 2182 3447 2215 3515; x_wconf 86' lang='grc' dir='ltr'>ή</span> <span class='ocrx_word' id='word_1_824' title='bbox 2268 3446 2414 3515; x_wconf 85' lang='grc' dir='ltr'>νίκη.</span> <span class='ocrx_word' id='word_1_825' title='bbox 2448 3446 2607 3512; x_wconf 81' lang='grc' dir='ltr'>Μέγα</span> <span class='ocrx_word' id='word_1_826' title='bbox 2644 3448 2861 3517; x_wconf 81' lang='grc' dir='ltr'>φρονεῖς</span> <span class='ocrx_word' id='word_1_827' title='bbox 2909 3447 3003 3498; x_wconf 75' lang='grc' dir='ltr'>ἐπὶ</span> <span class='ocrx_word' id='word_1_828' title='bbox 3049 3446 3370 3516; x_wconf 78' lang='grc' dir='ltr'>εὐγλωττίᾳ,</span> <span class='ocrx_word' id='word_1_829' title='bbox 3414 3443 3613 3514; x_wconf 83' lang='grc' dir='ltr'>φησίν⁶</span> 
     </span>
    </p>
   </div>
   <div class='ocr_carea' id='block_1_105' title="bbox 2043 3526 3617 3598">
    <p class='ocr_par' dir='ltr' id='par_1_105' title="bbox 2043 3526 3617 3598">
     <span class='ocr_line' id='line_1_105' title="bbox 2043 3526 3617 3598; baseline -0.001 -18"><span class='ocrx_word' id='word_1_830' title='bbox 2043 3526 2160 3580; x_wconf 82' lang='grc' dir='ltr'>ἀλλ’</span> <span class='ocrx_word' id='word_1_831' title='bbox 2186 3530 2234 3581; x_wconf 83' lang='grc' dir='ltr'>εί</span> <span class='ocrx_word' id='word_1_832' title='bbox 2269 3528 2367 3597; x_wconf 83' lang='grc' dir='ltr'>μὲν</span> <span class='ocrx_word' id='word_1_833' title='bbox 2398 3528 2644 3598; x_wconf 80' lang='grc' dir='ltr'>ρητόρων</span> <span class='ocrx_word' id='word_1_834' title='bbox 2669 3528 2697 3578; x_wconf 84' lang='lat'><strong>0</strong></span> <span class='ocrx_word' id='word_1_835' title='bbox 2726 3527 2875 3594; x_wconf 84' lang='grc' dir='ltr'>ἀγὼν</span> <span class='ocrx_word' id='word_1_836' title='bbox 2901 3528 2996 3580; x_wconf 76' lang='grc' dir='ltr'>καὶ</span> <span class='ocrx_word' id='word_1_837' title='bbox 3015 3529 3043 3580; x_wconf 85' lang='grc' dir='ltr'>δ</span> <span class='ocrx_word' id='word_1_838' title='bbox 3068 3527 3279 3597; x_wconf 77' lang='grc' dir='ltr'>καιρὸς,</span> <span class='ocrx_word' id='word_1_839' title='bbox 3321 3528 3501 3588; x_wconf 85' lang='grc' dir='ltr'>καλῶς</span> <span class='ocrx_word' id='word_1_840' title='bbox 3529 3527 3617 3578; x_wconf 78' lang='grc' dir='ltr'>έν-</span> 
     </span>
    </p>
   </div>
   <div class='ocr_carea' id='block_1_106' title="bbox 2044 3608 3614 3680">
    <p class='ocr_par' dir='ltr' id='par_1_106' title="bbox 2044 3608 3614 3680">
     <span class='ocr_line' id='line_1_106' title="bbox 2044 3608 3614 3680; baseline 0.001 -20"><span class='ocrx_word' id='word_1_841' title='bbox 2044 3608 2233 3661; x_wconf 83' lang='grc' dir='ltr'>τεῦθεν</span> <span class='ocrx_word' id='word_1_842' title='bbox 2263 3610 2539 3680; x_wconf 81' lang='grc' dir='ltr'>ἐφρόνεις·</span> <span class='ocrx_word' id='word_1_843' title='bbox 2582 3612 2630 3661; x_wconf 86' lang='grc' dir='ltr'>εί</span> <span class='ocrx_word' id='word_1_844' title='bbox 2672 3609 2729 3661; x_wconf 80' lang='grc' dir='ltr'>δὲ</span> <span class='ocrx_word' id='word_1_845' title='bbox 2764 3609 3075 3662; x_wconf 87' lang='grc' dir='ltr'>ἀποστόλων</span> <span class='ocrx_word' id='word_1_846' title='bbox 3108 3609 3365 3679; x_wconf 86' lang='grc' dir='ltr'>ἀλήθειαν</span> <span class='ocrx_word' id='word_1_847' title='bbox 3411 3624 3614 3675; x_wconf 86' lang='grc' dir='ltr'>καταγ-</span> 
     </span>
    </p>
   </div>
   <div class='ocr_carea' id='block_1_107' title="bbox 2046 3690 3617 3762">
    <p class='ocr_par' dir='ltr' id='par_1_107' title="bbox 2046 3690 3617 3762">
     <span class='ocr_line' id='line_1_107' title="bbox 2046 3690 3617 3762; baseline -0.001 -19"><span class='ocrx_word' id='word_1_848' title='bbox 2046 3691 2363 3759; x_wconf 86' lang='grc' dir='ltr'>γελλόντων,</span> <span class='ocrx_word' id='word_1_849' title='bbox 2404 3692 2498 3745; x_wconf 73' lang='grc' dir='ltr'>καὶ</span> <span class='ocrx_word' id='word_1_850' title='bbox 2530 3692 2778 3761; x_wconf 83' lang='grc' dir='ltr'>σημείοις</span> <span class='ocrx_word' id='word_1_851' title='bbox 2810 3690 3012 3761; x_wconf 88' lang='grc' dir='ltr'>ταύτην</span> <span class='ocrx_word' id='word_1_852' title='bbox 3038 3691 3417 3762; x_wconf 87' lang='grc' dir='ltr'>βεϐαιούντων,</span> <span class='ocrx_word' id='word_1_853' title='bbox 3443 3691 3495 3743; x_wconf 87' lang='grc' dir='ltr'>τί</span> <span class='ocrx_word' id='word_1_854' title='bbox 3521 3708 3617 3742; x_wconf 87' lang='grc' dir='ltr'>πε-</span> 
     </span>
    </p>
   </div>
   <div class='ocr_carea' id='block_1_108' title="bbox 2048 3772 3615 3847">
    <p class='ocr_par' dir='ltr' id='par_1_108' title="bbox 2048 3772 3615 3847">
     <span class='ocr_line' id='line_1_108' title="bbox 2048 3772 3615 3847; baseline 0.001 -21"><span class='ocrx_word' id='word_1_855' title='bbox 2048 3774 2287 3845; x_wconf 85' lang='grc' dir='ltr'>φύσησαι</span> <span class='ocrx_word' id='word_1_856' title='bbox 2317 3777 2409 3827; x_wconf 70' lang='grc' dir='ltr'>ἐπὶ</span> <span class='ocrx_word' id='word_1_857' title='bbox 2435 3775 2721 3847; x_wconf 86' lang='grc' dir='ltr'>πράγματι</span> <span class='ocrx_word' id='word_1_858' title='bbox 2745 3775 2986 3846; x_wconf 82' lang='grc' dir='ltr'>περιττῷ</span> <span class='ocrx_word' id='word_1_859' title='bbox 3016 3776 3110 3829; x_wconf 77' lang='lat' dir='ltr'><strong><em>xal</em></strong></span> <span class='ocrx_word' id='word_1_860' title='bbox 3137 3773 3289 3827; x_wconf 77' lang='grc' dir='ltr'>οὐδὲν</span> <span class='ocrx_word' id='word_1_861' title='bbox 3329 3772 3463 3836; x_wconf 82' lang='grc' dir='ltr'>δντι,</span> <span class='ocrx_word' id='word_1_862' title='bbox 3494 3773 3615 3827; x_wconf 65' lang='grc' dir='ltr'>οὐδὲ</span> 
     </span>
    </p>
   </div>
   <div class='ocr_carea' id='block_1_109' title="bbox 2047 3855 3619 3928">
    <p class='ocr_par' dir='ltr' id='par_1_109' title="bbox 2047 3855 3619 3928">
     <span class='ocr_line' id='line_1_109' title="bbox 2047 3855 3619 3928; baseline -0.001 -19"><span class='ocrx_word' id='word_1_863' title='bbox 2047 3858 2128 3918; x_wconf 83' lang='grc' dir='ltr'>είς</span> <span class='ocrx_word' id='word_1_864' title='bbox 2158 3856 2227 3909; x_wconf 79' lang='grc' dir='ltr'>τά</span> <span class='ocrx_word' id='word_1_865' title='bbox 2260 3858 2499 3927; x_wconf 88' lang='grc' dir='ltr'>παρόντα</span> <span class='ocrx_word' id='word_1_866' title='bbox 2528 3875 2577 3911; x_wconf 91' lang='grc' dir='ltr'>τι</span> <span class='ocrx_word' id='word_1_867' title='bbox 2603 3858 2915 3911; x_wconf 85' lang='grc' dir='ltr'>συντελέσαι</span> <span class='ocrx_word' id='word_1_868' title='bbox 2945 3857 3266 3928; x_wconf 74' lang='grc' dir='ltr'>δυναμένῳς</span> <span class='ocrx_word' id='word_1_869' title='bbox 3296 3855 3361 3909; x_wconf 87' lang='grc' dir='ltr'>Τί</span> <span class='ocrx_word' id='word_1_870' title='bbox 3390 3857 3499 3925; x_wconf 84' lang='grc' dir='ltr'>γὰρ</span> <span class='ocrx_word' id='word_1_871' title='bbox 3532 3855 3619 3908; x_wconf 87' lang='grc' dir='ltr'>λό-</span> 
     </span>
    </p>
   </div>
   <div class='ocr_carea' id='block_1_110' title="bbox 2047 3939 3615 4013">
    <p class='ocr_par' dir='ltr' id='par_1_110' title="bbox 2047 3939 3615 4013">
     <span class='ocr_line' id='line_1_110' title="bbox 2047 3939 3615 4013; baseline -0.001 -22"><span class='ocrx_word' id='word_1_872' title='bbox 2047 3955 2159 4008; x_wconf 89' lang='grc' dir='ltr'>γων</span> <span class='ocrx_word' id='word_1_873' title='bbox 2185 3939 2441 4005; x_wconf 75' lang='grc' dir='ltr'>ἐπίδειξις</span> <span class='ocrx_word' id='word_1_874' title='bbox 2466 3940 2669 3994; x_wconf 79' lang='grc' dir='ltr'>δύναιτ’</span> <span class='ocrx_word' id='word_1_875' title='bbox 2704 3941 2771 3995; x_wconf 78' lang='grc' dir='ltr'>ἂν</span> <span class='ocrx_word' id='word_1_876' title='bbox 2802 3941 2937 4013; x_wconf 84' lang='grc' dir='ltr'>πρὸς</span> <span class='ocrx_word' id='word_1_877' title='bbox 2965 3941 3025 3994; x_wconf 86' lang='grc' dir='ltr'>τὺ</span> <span class='ocrx_word' id='word_1_878' title='bbox 3061 3941 3252 4011; x_wconf 85' lang='grc' dir='ltr'>νεκρὸν</span> <span class='ocrx_word' id='word_1_879' title='bbox 3286 3939 3615 4009; x_wconf 80' lang='grc' dir='ltr'>ἀναστῆσαι,</span> 
     </span>
    </p>
   </div>
   <div class='ocr_carea' id='block_1_111' title="bbox 2046 4021 3616 4094">
    <p class='ocr_par' dir='ltr' id='par_1_111' title="bbox 2046 4021 3616 4094">
     <span class='ocr_line' id='line_1_111' title="bbox 2046 4021 3616 4094; baseline -0.001 -20"><span class='ocrx_word' id='word_1_880' title='bbox 2046 4022 2081 4094; x_wconf 74' lang='grc' dir='ltr'>ἢ</span> <span class='ocrx_word' id='word_1_881' title='bbox 2108 4022 2361 4094; x_wconf 84' lang='grc' dir='ltr'>δαίμονας</span> <span class='ocrx_word' id='word_1_882' title='bbox 2387 4024 2599 4086; x_wconf 79' lang='grc' dir='ltr'>ἐλάσαι,</span> <span class='ocrx_word' id='word_1_883' title='bbox 2625 4025 2657 4093; x_wconf 74' lang='grc' dir='ltr'>ἦ</span> <span class='ocrx_word' id='word_1_884' title='bbox 2677 4024 2843 4093; x_wconf 88' lang='grc' dir='ltr'>ἀλλην</span> <span class='ocrx_word' id='word_1_885' title='bbox 2864 4024 2983 4078; x_wconf 73' lang='grc' dir='ltr'>τινα</span> <span class='ocrx_word' id='word_1_886' title='bbox 3004 4023 3258 4093; x_wconf 87' lang='grc' dir='ltr'>τοιαύτην</span> <span class='ocrx_word' id='word_1_887' title='bbox 3277 4021 3616 4093; x_wconf 74' lang='grc' dir='ltr'>ἐργάσασθαι</span> 
     </span>
    </p>
   </div>
   <div class='ocr_carea' id='block_1_112' title="bbox 2048 4104 3619 4180">
    <p class='ocr_par' dir='ltr' id='par_1_112' title="bbox 2048 4104 3619 4180">
     <span class='ocr_line' id='line_1_112' title="bbox 2048 4104 3619 4180; baseline -0.003 -21"><span class='ocrx_word' id='word_1_888' title='bbox 2048 4104 2326 4177; x_wconf 89' lang='grc' dir='ltr'>θαυματου</span> <span class='ocrx_word' id='word_1_889' title='bbox 2336 4109 2491 4179; x_wconf 88' lang='grc' dir='ltr'>ργίαν</span> <span class='ocrx_word' id='word_1_890' title='bbox 2514 4124 2529 4169; x_wconf 86' lang='lat'><strong>;</strong></span> <span class='ocrx_word' id='word_1_891' title='bbox 2548 4107 2765 4162; x_wconf 87' lang='grc' dir='ltr'>Τούτων</span> <span class='ocrx_word' id='word_1_892' title='bbox 2790 4107 2846 4160; x_wconf 81' lang='grc' dir='ltr'>δὲ</span> <span class='ocrx_word' id='word_1_893' title='bbox 2864 4106 3025 4180; x_wconf 83' lang='grc' dir='ltr'>χρεία</span> <span class='ocrx_word' id='word_1_894' title='bbox 3045 4105 3161 4173; x_wconf 84' lang='grc' dir='ltr'>νῦν,</span> <span class='ocrx_word' id='word_1_895' title='bbox 3185 4105 3279 4159; x_wconf 67' lang='grc' dir='ltr'>καὶ</span> <span class='ocrx_word' id='word_1_896' title='bbox 3302 4105 3391 4158; x_wconf 76' lang='grc' dir='ltr'>διὰ</span> <span class='ocrx_word' id='word_1_897' title='bbox 3412 4106 3619 4158; x_wconf 88' lang='grc' dir='ltr'>τούτων</span> 
     </span>
    </p>
   </div>
   <div class='ocr_carea' id='block_1_113' title="bbox 2048 4185 3620 4261">
    <p class='ocr_par' dir='ltr' id='par_1_113' title="bbox 2048 4185 3620 4261">
     <span class='ocr_line' id='line_1_113' title="bbox 2048 4185 3620 4261; baseline -0.001 -19"><span class='ocrx_word' id='word_1_898' title='bbox 2048 4188 2116 4242; x_wconf 89' lang='grc' dir='ltr'>τά</span> <span class='ocrx_word' id='word_1_899' title='bbox 2141 4190 2383 4261; x_wconf 81' lang='grc' dir='ltr'>ἡμέτερα</span> <span class='ocrx_word' id='word_1_900' title='bbox 2409 4190 2744 4245; x_wconf 88' lang='grc' dir='ltr'>συνίσταται.</span> <span class='ocrx_word' id='word_1_901' title='bbox 2781 4189 2873 4242; x_wconf 86' lang='grc' dir='ltr'>Διδ</span> <span class='ocrx_word' id='word_1_902' title='bbox 2900 4189 2996 4243; x_wconf 73' lang='grc' dir='ltr'>καὶ</span> <span class='ocrx_word' id='word_1_903' title='bbox 3030 4189 3309 4258; x_wconf 74' lang='grc' dir='ltr'>ἐπήγαγεν</span> <span class='ocrx_word' id='word_1_904' title='bbox 3335 4203 3347 4216; x_wconf 89' lang='grc'><strong>·</strong></span> <span class='ocrx_word' id='word_1_905' title='bbox 3379 4190 3459 4241; x_wconf 88' lang='grc' dir='ltr'>Οὐ</span> <span class='ocrx_word' id='word_1_906' title='bbox 3509 4185 3620 4254; x_wconf 67' lang='grc' dir='ltr'>γὰρ</span> 
     </span>
    </p>
   </div>
   <div class='ocr_carea' id='block_1_114' title="bbox 2048 4269 3616 4341">
    <p class='ocr_par' dir='ltr' id='par_1_114' title="bbox 2048 4269 3616 4341">
     <span class='ocr_line' id='line_1_114' title="bbox 2048 4269 3616 4341; baseline -0.003 -15"><span class='ocrx_word' id='word_1_907' title='bbox 2048 4271 2118 4325; x_wconf 83' lang='grc' dir='ltr'>ἐν</span> <span class='ocrx_word' id='word_1_908' title='bbox 2140 4275 2301 4341; x_wconf 77' lang='grc' dir='ltr'>λόγῳ</span> <span class='ocrx_word' id='word_1_909' title='bbox 2336 4275 2374 4340; x_wconf 78' lang='grc' dir='ltr'><em>ὴ</em></span> <span class='ocrx_word' id='word_1_910' title='bbox 2401 4274 2690 4338; x_wconf 75' lang='grc' dir='ltr'>βασιλεία</span> <span class='ocrx_word' id='word_1_911' title='bbox 2725 4272 2831 4326; x_wconf 83' lang='grc' dir='ltr'>τοῦ</span> <span class='ocrx_word' id='word_1_912' title='bbox 2873 4274 3043 4338; x_wconf 85' lang='grc' dir='ltr'>Θεοῦ,</span> <span class='ocrx_word' id='word_1_913' title='bbox 3073 4272 3212 4326; x_wconf 79' lang='grc' dir='ltr'>ἀλλ’</span> <span class='ocrx_word' id='word_1_914' title='bbox 3240 4270 3310 4323; x_wconf 84' lang='grc' dir='ltr'>ἐν</span> <span class='ocrx_word' id='word_1_915' title='bbox 3347 4269 3616 4338; x_wconf 80' lang='grc' dir='ltr'>δυνάμει.</span> 
     </span>
    </p>
   </div>
   <div class='ocr_carea' id='block_1_115' title="bbox 2048 4354 3617 4425">
    <p class='ocr_par' dir='ltr' id='par_1_115' title="bbox 2048 4354 3617 4425">
     <span class='ocr_line' id='line_1_115' title="bbox 2048 4354 3617 4425; baseline -0.003 -19"><span class='ocrx_word' id='word_1_916' title='bbox 2048 4355 2147 4408; x_wconf 70' lang='grc' dir='ltr'>Διά</span> <span class='ocrx_word' id='word_1_917' title='bbox 2185 4355 2444 4425; x_wconf 79' lang='grc' dir='ltr'>σημείων,</span> <span class='ocrx_word' id='word_1_918' title='bbox 2470 4357 2653 4425; x_wconf 74' lang='grc' dir='ltr'>φησὶν,</span> <span class='ocrx_word' id='word_1_919' title='bbox 2677 4356 2736 4407; x_wconf 90' lang='grc' dir='ltr'>οὐ</span> <span class='ocrx_word' id='word_1_920' title='bbox 2764 4356 2829 4407; x_wconf 78' lang='grc' dir='ltr'>δι’</span> <span class='ocrx_word' id='word_1_921' title='bbox 2853 4356 3183 4425; x_wconf 77' lang='grc' dir='ltr'>εὐγλωττίας</span> <span class='ocrx_word' id='word_1_922' title='bbox 3215 4354 3617 4423; x_wconf 84' lang='grc' dir='ltr'>ἐκρατήσαμεν,</span> 
     </span>
    </p>
   </div>
   <div class='ocr_carea' id='block_1_116' title="bbox 2052 4435 3622 4506">
    <p class='ocr_par' dir='ltr' id='par_1_116' title="bbox 2052 4435 3622 4506">
     <span class='ocr_line' id='line_1_116' title="bbox 2052 4435 3622 4506; baseline -0.004 -15"><span class='ocrx_word' id='word_1_923' title='bbox 2052 4439 2147 4492; x_wconf 73' lang='grc' dir='ltr'>καὶ</span> <span class='ocrx_word' id='word_1_924' title='bbox 2175 4438 2269 4491; x_wconf 81' lang='grc' dir='ltr'>τοῦ</span> <span class='ocrx_word' id='word_1_925' title='bbox 2304 4438 2453 4491; x_wconf 87' lang='grc' dir='ltr'>θείαν</span> <span class='ocrx_word' id='word_1_926' title='bbox 2474 4435 2610 4490; x_wconf 86' lang='grc' dir='ltr'>εἶναι</span> <span class='ocrx_word' id='word_1_927' title='bbox 2642 4439 2741 4506; x_wconf 83' lang='grc' dir='ltr'>τὴν</span> <span class='ocrx_word' id='word_1_928' title='bbox 2770 4438 3111 4491; x_wconf 87' lang='grc' dir='ltr'>διδασκαλίαν</span> <span class='ocrx_word' id='word_1_929' title='bbox 3144 4438 3320 4506; x_wconf 82' lang='grc' dir='ltr'>ἡμῶν,</span> <span class='ocrx_word' id='word_1_930' title='bbox 3346 4435 3437 4488; x_wconf 86' lang='grc' dir='ltr'>καί</span> <span class='ocrx_word' id='word_1_931' title='bbox 3468 4435 3622 4502; x_wconf 86' lang='grc' dir='ltr'>βασι-</span> 
     </span>
    </p>
   </div>
   <div class='ocr_carea' id='block_1_117' title="bbox 2052 4517 3619 4591">
    <p class='ocr_par' dir='ltr' id='par_1_117' title="bbox 2052 4517 3619 4591">
     <span class='ocr_line' id='line_1_117' title="bbox 2052 4517 3619 4591; baseline -0.003 -17"><span class='ocrx_word' id='word_1_932' title='bbox 2052 4522 2204 4576; x_wconf 90' lang='grc' dir='ltr'>λείαν</span> <span class='ocrx_word' id='word_1_933' title='bbox 2252 4520 2641 4590; x_wconf 84' lang='grc' dir='ltr'>καταγγέλλειν</span> <span class='ocrx_word' id='word_1_934' title='bbox 2699 4521 2978 4591; x_wconf 82' lang='grc' dir='ltr'>οὐρανῶν,</span> <span class='ocrx_word' id='word_1_935' title='bbox 3038 4520 3302 4591; x_wconf 87' lang='grc' dir='ltr'>μεγίστην</span> <span class='ocrx_word' id='word_1_936' title='bbox 3347 4517 3619 4583; x_wconf 85' lang='grc' dir='ltr'>ἀπόδειξιν</span> 
     </span>
    </p>
   </div>
   <div class='ocr_carea' id='block_1_118' title="bbox 2056 4601 3621 4675">
    <p class='ocr_par' dir='ltr' id='par_1_118' title="bbox 2056 4601 3621 4675">
     <span class='ocr_line' id='line_1_118' title="bbox 2056 4601 3621 4675; baseline -0.004 -17"><span class='ocrx_word' id='word_1_937' title='bbox 2056 4604 2421 4675; x_wconf 88' lang='grc' dir='ltr'>παρεχόμενοι</span> <span class='ocrx_word' id='word_1_938' title='bbox 2450 4603 2517 4656; x_wconf 84' lang='grc' dir='ltr'>τὰ</span> <span class='ocrx_word' id='word_1_939' title='bbox 2552 4606 2774 4673; x_wconf 84' lang='grc' dir='ltr'>σημεῖα,</span> <span class='ocrx_word' id='word_1_940' title='bbox 2814 4604 2956 4675; x_wconf 80' lang='grc' dir='ltr'>άπερ</span> <span class='ocrx_word' id='word_1_941' title='bbox 2995 4601 3256 4672; x_wconf 83' lang='grc' dir='ltr'>ποιοῦμεν</span> <span class='ocrx_word' id='word_1_942' title='bbox 3294 4603 3360 4673; x_wconf 79' lang='grc' dir='ltr'>τῇ</span> <span class='ocrx_word' id='word_1_943' title='bbox 3395 4601 3621 4670; x_wconf 89' lang='grc' dir='ltr'>δυνάμει</span> 
     </span>
    </p>
   </div>
   <div class='ocr_carea' id='block_1_119' title="bbox 2053 4682 3623 4760">
    <p class='ocr_par' dir='ltr' id='par_1_119' title="bbox 2053 4682 3623 4760">
     <span class='ocr_line' id='line_1_119' title="bbox 2053 4682 3623 4760; baseline -0.002 -17"><span class='ocrx_word' id='word_1_944' title='bbox 2053 4689 2147 4743; x_wconf 82' lang='grc' dir='ltr'>τοῦ</span> <span class='ocrx_word' id='word_1_945' title='bbox 2171 4688 2505 4760; x_wconf 89' lang='grc' dir='ltr'>Πνεύματος.</span> <span class='ocrx_word' id='word_1_946' title='bbox 2538 4687 2598 4740; x_wconf 73' lang='lat' dir='ltr'><strong><em>El</em></strong></span> <span class='ocrx_word' id='word_1_947' title='bbox 2622 4685 2799 4740; x_wconf 91' lang='grc' dir='ltr'>τοίνυν</span> <span class='ocrx_word' id='word_1_948' title='bbox 2826 4686 3049 4757; x_wconf 90' lang='grc' dir='ltr'>μεγάλοι</span> <span class='ocrx_word' id='word_1_949' title='bbox 3082 4687 3224 4749; x_wconf 86' lang='grc' dir='ltr'>τινὲς</span> <span class='ocrx_word' id='word_1_950' title='bbox 3250 4682 3385 4739; x_wconf 76' lang='grc' dir='ltr'>εἶναι</span> <span class='ocrx_word' id='word_1_951' title='bbox 3407 4685 3623 4757; x_wconf 86' lang='grc' dir='ltr'>βούλον-</span> 
     </span>
    </p>
   </div>
   <div class='ocr_carea' id='block_1_120' title="bbox 2053 4769 3620 4843">
    <p class='ocr_par' dir='ltr' id='par_1_120' title="bbox 2053 4769 3620 4843">
     <span class='ocr_line' id='line_1_120' title="bbox 2053 4769 3620 4843; baseline -0.005 -15"><span class='ocrx_word' id='word_1_952' title='bbox 2053 4791 2143 4828; x_wconf 88' lang='grc' dir='ltr'>ται</span> <span class='ocrx_word' id='word_1_953' title='bbox 2174 4775 2221 4827; x_wconf 89' lang='grc' dir='ltr'>οἱ</span> <span class='ocrx_word' id='word_1_954' title='bbox 2250 4771 2654 4843; x_wconf 87' lang='grc' dir='ltr'>πεφυσιωμένοι</span> <span class='ocrx_word' id='word_1_955' title='bbox 2673 4769 2790 4835; x_wconf 81' lang='grc' dir='ltr'>νῦν,</span> <span class='ocrx_word' id='word_1_956' title='bbox 2824 4770 3041 4824; x_wconf 75' lang='grc' dir='ltr'>ἐπειδὰν</span> <span class='ocrx_word' id='word_1_957' title='bbox 3072 4769 3489 4841; x_wconf 87' lang='grc' dir='ltr'>παραγένωμαι,</span> <span class='ocrx_word' id='word_1_958' title='bbox 3511 4769 3620 4821; x_wconf 89' lang='grc' dir='ltr'>δει-</span> 
     </span>
    </p>
   </div>
   <div class='ocr_carea' id='block_1_121' title="bbox 2054 4852 3619 4925">
    <p class='ocr_par' dir='ltr' id='par_1_121' title="bbox 2054 4852 3619 4925">
     <span class='ocr_line' id='line_1_121' title="bbox 2054 4852 3619 4925; baseline -0.003 -15"><span class='ocrx_word' id='word_1_959' title='bbox 2054 4856 2326 4924; x_wconf 81' lang='grc' dir='ltr'>ξάτωσαν,</span> <span class='ocrx_word' id='word_1_960' title='bbox 2373 4854 2426 4907; x_wconf 80' lang='grc' dir='ltr'>εἴ</span> <span class='ocrx_word' id='word_1_961' title='bbox 2459 4870 2582 4907; x_wconf 86' lang='grc' dir='ltr'>τινα</span> <span class='ocrx_word' id='word_1_962' title='bbox 2612 4853 2842 4925; x_wconf 88' lang='grc' dir='ltr'>δύναμιν</span> <span class='ocrx_word' id='word_1_963' title='bbox 2873 4852 3132 4925; x_wconf 87' lang='grc' dir='ltr'>τοιαύτην</span> <span class='ocrx_word' id='word_1_964' title='bbox 3165 4853 3381 4924; x_wconf 76' lang='grc' dir='ltr'>ἔχουσι’</span> <span class='ocrx_word' id='word_1_965' title='bbox 3418 4852 3512 4905; x_wconf 78' lang='grc' dir='ltr'>καὶ</span> <span class='ocrx_word' id='word_1_966' title='bbox 3545 4852 3619 4921; x_wconf 81' lang='grc' dir='ltr'>μή</span> 
     </span>
    </p>
   </div>
   <div class='ocr_carea' id='block_1_122' title="bbox 2055 4935 3621 5011">
    <p class='ocr_par' dir='ltr' id='par_1_122' title="bbox 2055 4935 3621 5011">
     <span class='ocr_line' id='line_1_122' title="bbox 2055 4935 3621 5011; baseline -0.004 -17"><span class='ocrx_word' id='word_1_967' title='bbox 2055 4958 2145 5011; x_wconf 89' lang='grc' dir='ltr'>μοι</span> <span class='ocrx_word' id='word_1_968' title='bbox 2190 4938 2451 5010; x_wconf 80' lang='grc' dir='ltr'>ῥημάτων</span> <span class='ocrx_word' id='word_1_969' title='bbox 2485 4937 2974 5009; x_wconf 86' lang='grc' dir='ltr'>προϐαλλέσθωσαν</span> <span class='ocrx_word' id='word_1_970' title='bbox 3018 4936 3265 5007; x_wconf 89' lang='grc' dir='ltr'>κόμπους</span> <span class='ocrx_word' id='word_1_971' title='bbox 3286 4953 3299 4967; x_wconf 82' lang='grc'><em>’</em></span> <span class='ocrx_word' id='word_1_972' title='bbox 3333 4935 3483 4989; x_wconf 76' lang='grc' dir='ltr'>οὐδὲν</span> <span class='ocrx_word' id='word_1_973' title='bbox 3511 4936 3621 5003; x_wconf 81' lang='grc' dir='ltr'>γάρ</span> 
     </span>
    </p>
   </div>
   <div class='ocr_carea' id='block_1_123' title="bbox 2024 5017 3623 5094">
    <p class='ocr_par' dir='ltr' id='par_1_123' title="bbox 2024 5017 3623 5094">
     <span class='ocr_line' id='line_1_123' title="bbox 2024 5017 3623 5094; baseline -0.003 -19"><span class='ocrx_word' id='word_1_974' title='bbox 2024 5025 2235 5092; x_wconf 70' lang='grc' dir='ltr'>εκείνη</span> <span class='ocrx_word' id='word_1_975' title='bbox 2273 5022 2409 5092; x_wconf 80' lang='grc' dir='ltr'>πρὸς</span> <span class='ocrx_word' id='word_1_976' title='bbox 2453 5023 2600 5091; x_wconf 78' lang='grc' dir='ltr'>ἡμᾶς</span> <span class='ocrx_word' id='word_1_977' title='bbox 2632 5024 2665 5094; x_wconf 85' lang='grc' dir='ltr'>ή</span> <span class='ocrx_word' id='word_1_978' title='bbox 2695 5023 2877 5094; x_wconf 87' lang='grc' dir='ltr'>τέχνη.</span> <span class='ocrx_word' id='word_1_979' title='bbox 2916 5022 2976 5075; x_wconf 84' lang='grc' dir='ltr'>Τί</span> <span class='ocrx_word' id='word_1_980' title='bbox 3021 5021 3259 5083; x_wconf 59' lang='lat' dir='ltr'>ﬂuere;</span> <span class='ocrx_word' id='word_1_981' title='bbox 3317 5019 3388 5072; x_wconf 83' lang='grc' dir='ltr'>έν</span> <span class='ocrx_word' id='word_1_982' title='bbox 3422 5017 3623 5085; x_wconf 71' lang='grc' dir='ltr'>ῥάϐδῳ</span> 
     </span>
    </p>
   </div>
   <div class='ocr_carea' id='block_1_124' title="bbox 2052 5103 3621 5175">
    <p class='ocr_par' dir='ltr' id='par_1_124' title="bbox 2052 5103 3621 5175">
     <span class='ocr_line' id='line_1_124' title="bbox 2052 5103 3621 5175; baseline -0.001 -18"><span class='ocrx_word' id='word_1_983' title='bbox 2052 5104 2207 5159; x_wconf 77' lang='grc' dir='ltr'>ἔλθω</span> <span class='ocrx_word' id='word_1_984' title='bbox 2225 5105 2373 5173; x_wconf 75' lang='grc' dir='ltr'>πρὸς</span> <span class='ocrx_word' id='word_1_985' title='bbox 2402 5104 2578 5175; x_wconf 83' lang='grc' dir='ltr'>ὑμᾶς,</span> <span class='ocrx_word' id='word_1_986' title='bbox 2605 5107 2643 5173; x_wconf 78' lang='grc' dir='ltr'>ἣ</span> <span class='ocrx_word' id='word_1_987' title='bbox 2672 5106 2740 5158; x_wconf 79' lang='grc' dir='ltr'>ἐν</span> <span class='ocrx_word' id='word_1_988' title='bbox 2766 5105 2967 5173; x_wconf 73' lang='grc' dir='ltr'>ἀγάπῃ</span> <span class='ocrx_word' id='word_1_989' title='bbox 3012 5103 3305 5172; x_wconf 79' lang='grc' dir='ltr'>πνεύματί</span> <span class='ocrx_word' id='word_1_990' title='bbox 3339 5117 3404 5155; x_wconf 84' lang='grc' dir='ltr'>τε</span> <span class='ocrx_word' id='word_1_991' title='bbox 3439 5105 3621 5169; x_wconf 83' lang='grc' dir='ltr'>πραό-</span> 
     </span>
    </p>
   </div>
   <div class='ocr_carea' id='block_1_125' title="bbox 2054 5185 3622 5256">
    <p class='ocr_par' dir='ltr' id='par_1_125' title="bbox 2054 5185 3622 5256">
     <span class='ocr_line' id='line_1_125' title="bbox 2054 5185 3622 5256; baseline -0.002 -16"><span class='ocrx_word' id='word_1_992' title='bbox 2054 5203 2264 5255; x_wconf 72' lang='grc' dir='ltr'>τητοςξ</span> <span class='ocrx_word' id='word_1_993' title='bbox 2305 5188 2443 5240; x_wconf 83' lang='grc' dir='ltr'>Πολὺ</span> <span class='ocrx_word' id='word_1_994' title='bbox 2473 5189 2566 5240; x_wconf 71' lang='grc' dir='ltr'>καὶ</span> <span class='ocrx_word' id='word_1_995' title='bbox 2593 5188 2654 5239; x_wconf 83' lang='grc' dir='ltr'>τὸ</span> <span class='ocrx_word' id='word_1_996' title='bbox 2680 5188 2910 5256; x_wconf 72' lang='grc' dir='ltr'>φοϐερὸν</span> <span class='ocrx_word' id='word_1_997' title='bbox 2957 5187 3067 5255; x_wconf 77' lang='grc' dir='ltr'>ἔχει</span> <span class='ocrx_word' id='word_1_998' title='bbox 3094 5188 3185 5238; x_wconf 79' lang='lat' dir='ltr'><strong><em>xal</em></strong></span> <span class='ocrx_word' id='word_1_999' title='bbox 3212 5185 3273 5237; x_wconf 88' lang='lat'>:0</span> <span class='ocrx_word' id='word_1_1000' title='bbox 3306 5186 3573 5255; x_wconf 82' lang='grc' dir='ltr'>προσηνὲς</span> <span class='ocrx_word' id='word_1_1001' title='bbox 3595 5187 3622 5237; x_wconf 82' lang='grc' dir='ltr'>ό</span> 
     </span>
    </p>
   </div>
   <div class='ocr_carea' id='block_1_126' title="bbox 2056 5263 3621 5339">
    <p class='ocr_par' dir='ltr' id='par_1_126' title="bbox 2056 5263 3621 5339">
     <span class='ocr_line' id='line_1_126' title="bbox 2056 5263 3621 5339; baseline -0.005 -15"><span class='ocrx_word' id='word_1_1002' title='bbox 2056 5271 2213 5339; x_wconf 82' lang='grc' dir='ltr'>λόγος</span> <span class='ocrx_word' id='word_1_1003' title='bbox 2244 5263 2417 5332; x_wconf 76' lang='grc' dir='ltr'>οὗτος.</span> <span class='ocrx_word' id='word_1_1004' title='bbox 2454 5270 2525 5321; x_wconf 85' lang='grc' dir='ltr'>Τὸ</span> <span class='ocrx_word' id='word_1_1005' title='bbox 2562 5268 2787 5339; x_wconf 84' lang='grc' dir='ltr'>μὲνγὰρ</span> <span class='ocrx_word' id='word_1_1006' title='bbox 2823 5269 3025 5330; x_wconf 81' lang='grc' dir='ltr'>εἰπεῖν,</span> <span class='ocrx_word' id='word_1_1007' title='bbox 3058 5267 3137 5320; x_wconf 84' lang='grc' dir='ltr'>δτι</span> <span class='ocrx_word' id='word_1_1008' title='bbox 3166 5266 3499 5336; x_wconf 82' lang='grc' dir='ltr'>Γνώσομαι,</span> <span class='ocrx_word' id='word_1_1009' title='bbox 3541 5268 3621 5317; x_wconf 79' lang='grc' dir='ltr'>ἔτι</span> 
     </span>
    </p>
   </div>
   <div class='ocr_carea' id='block_1_127' title="bbox 2061 5347 3623 5423">
    <p class='ocr_par' dir='ltr' id='par_1_127' title="bbox 2061 5347 3623 5423">
     <span class='ocr_line' id='line_1_127' title="bbox 2061 5347 3623 5423; baseline -0.006 -16"><span class='ocrx_word' id='word_1_1010' title='bbox 2061 5353 2463 5423; x_wconf 78' lang='grc' dir='ltr'>ὑπεσταλμένον</span> <span class='ocrx_word' id='word_1_1011' title='bbox 2485 5347 2553 5421; x_wconf 79' lang='grc' dir='ltr'>ἦν</span> <span class='ocrx_word' id='word_1_1012' title='bbox 2576 5367 2589 5380; x_wconf 91' lang='grc'><strong>·</strong></span> <span class='ocrx_word' id='word_1_1013' title='bbox 2614 5350 2675 5403; x_wconf 87' lang='lat'>:0</span> <span class='ocrx_word' id='word_1_1014' title='bbox 2702 5351 2756 5403; x_wconf 84' lang='grc' dir='ltr'>δὲ</span> <span class='ocrx_word' id='word_1_1015' title='bbox 2782 5352 2976 5414; x_wconf 73' lang='grc' dir='ltr'>εἰπεῖν,</span> <span class='ocrx_word' id='word_1_1016' title='bbox 3002 5349 3062 5403; x_wconf 79' lang='grc' dir='ltr'>Τι’</span> <span class='ocrx_word' id='word_1_1017' title='bbox 3080 5349 3315 5413; x_wconf 83' lang='grc' dir='ltr'>θέλετε;</span> <span class='ocrx_word' id='word_1_1018' title='bbox 3341 5350 3410 5401; x_wconf 83' lang='grc' dir='ltr'>ἐν</span> <span class='ocrx_word' id='word_1_1019' title='bbox 3429 5348 3623 5415; x_wconf 82' lang='grc' dir='ltr'>ῥάϐδῳ</span> 
     </span>
    </p>
   </div>
   <div class='ocr_carea' id='block_1_128' title="bbox 2057 5430 3624 5503">
    <p class='ocr_par' dir='ltr' id='par_1_128' title="bbox 2057 5430 3624 5503">
     <span class='ocr_line' id='line_1_128' title="bbox 2057 5430 3624 5503; baseline -0.006 -15"><span class='ocrx_word' id='word_1_1020' title='bbox 2057 5435 2211 5490; x_wconf 75' lang='grc' dir='ltr'>ἔλθω</span> <span class='ocrx_word' id='word_1_1021' title='bbox 2234 5434 2383 5503; x_wconf 81' lang='grc' dir='ltr'>πρὸς</span> <span class='ocrx_word' id='word_1_1022' title='bbox 2414 5432 2607 5503; x_wconf 83' lang='grc' dir='ltr'>ὑμᾶς;</span> <span class='ocrx_word' id='word_1_1023' title='bbox 2638 5436 2728 5487; x_wconf 70' lang='grc' dir='ltr'>ἐπὶ</span> <span class='ocrx_word' id='word_1_1024' title='bbox 2756 5433 2847 5486; x_wconf 82' lang='grc' dir='ltr'>τὸν</span> <span class='ocrx_word' id='word_1_1025' title='bbox 2878 5432 3251 5486; x_wconf 77' lang='grc' dir='ltr'>διδασκαλικὸν</span> <span class='ocrx_word' id='word_1_1026' title='bbox 3283 5430 3467 5483; x_wconf 81' lang='grc' dir='ltr'>λοιπὸν</span> <span class='ocrx_word' id='word_1_1027' title='bbox 3490 5430 3624 5480; x_wconf 90' lang='grc' dir='ltr'>ἀνα-</span> 
     </span>
    </p>
   </div>
   <div class='ocr_carea' id='block_1_129' title="bbox 2059 5512 3623 5602">
    <p class='ocr_par' dir='ltr' id='par_1_129' title="bbox 2059 5512 3623 5602">
     <span class='ocr_line' id='line_1_129' title="bbox 2059 5512 3623 5602; baseline -0.004 -31"><span class='ocrx_word' id='word_1_1028' title='bbox 2059 5519 2335 5580; x_wconf 88' lang='grc' dir='ltr'>ϐαίνοντος</span> <span class='ocrx_word' id='word_1_1029' title='bbox 2359 5518 2549 5589; x_wconf 84' lang='grc' dir='ltr'>θρόνον</span> <span class='ocrx_word' id='word_1_1030' title='bbox 2578 5518 2830 5573; x_wconf 84' lang='grc' dir='ltr'>κάκεῖθεν</span> <span class='ocrx_word' id='word_1_1031' title='bbox 2854 5518 3038 5579; x_wconf 88' lang='grc' dir='ltr'>αὐτοῖς</span> <span class='ocrx_word' id='word_1_1032' title='bbox 3074 5515 3452 5602; x_wconf 63' lang='grc' dir='ltr'>διαλεγομένου</span> <span class='ocrx_word' id='word_1_1033' title='bbox 3474 5550 3489 5573; x_wconf 86' lang='grc'>,</span> 
     </span>
    </p>
   </div>
   <div class='ocr_carea' id='block_1_130' title="bbox 2057 5592 3624 5679">
    <p class='ocr_par' dir='ltr' id='par_1_130' title="bbox 2057 5592 3624 5679">
     <span class='ocr_line' id='line_1_130' title="bbox 2057 5592 3624 5679; baseline -0.006 -23"><span class='ocrx_word' id='word_1_1034' title='bbox 2057 5604 2156 5672; x_wconf 81' lang='grc' dir='ltr'>τὴν</span> <span class='ocrx_word' id='word_1_1035' title='bbox 2187 5602 2431 5666; x_wconf 80' lang='grc' dir='ltr'>ἐξουσίαν</span> <span class='ocrx_word' id='word_1_1036' title='bbox 2459 5601 2816 5663; x_wconf 82' lang='grc' dir='ltr'>ἀναλαϐόντος</span> <span class='ocrx_word' id='word_1_1037' title='bbox 2848 5604 3047 5655; x_wconf 78' lang='grc' dir='ltr'>πᾶσαν.</span> <span class='ocrx_word' id='word_1_1038' title='bbox 3079 5602 3143 5653; x_wconf 82' lang='grc' dir='ltr'>Τί</span> <span class='ocrx_word' id='word_1_1039' title='bbox 3177 5603 3342 5660; x_wconf 85' lang='grc' dir='ltr'>ἐστιν,</span> <span class='ocrx_word' id='word_1_1040' title='bbox 3515 5592 3624 5679; x_wconf 56' lang='grc' dir='ltr'>ριξ-</span> 
     </span>
    </p>
   </div>
   <div class='ocr_carea' id='block_1_131' title="bbox 2061 5673 3626 5755">
    <p class='ocr_par' dir='ltr' id='par_1_131' title="bbox 2061 5673 3626 5755">
     <span class='ocr_line' id='line_1_131' title="bbox 2061 5673 3626 5755; baseline -0.004 -17"><span class='ocrx_word' id='word_1_1041' title='bbox 2061 5687 2216 5749; x_wconf 78' lang='grc' dir='ltr'>6δῳ;</span> <span class='ocrx_word' id='word_1_1042' title='bbox 2254 5687 2343 5739; x_wconf 81' lang='grc' dir='ltr'>Ἐν</span> <span class='ocrx_word' id='word_1_1043' title='bbox 2371 5686 2611 5747; x_wconf 75' lang='grc' dir='ltr'>κολάσει,</span> <span class='ocrx_word' id='word_1_1044' title='bbox 2652 5687 2708 5738; x_wconf 83' lang='grc' dir='ltr'>ὲν</span> <span class='ocrx_word' id='word_1_1045' title='bbox 2747 5686 2998 5755; x_wconf 72' lang='grc' dir='ltr'>τιμωρία,</span> <span class='ocrx_word' id='word_1_1046' title='bbox 3042 5685 3350 5738; x_wconf 76' lang='grc' dir='ltr'>τουτέστιν,</span> <span class='ocrx_word' id='word_1_1047' title='bbox 3403 5673 3626 5732; x_wconf 71' lang='grc' dir='ltr'>’Λνελων</span> 
     </span>
    </p>
   </div>
   <div class='ocr_carea' id='block_1_132' title="bbox 2128 5877 2631 5939">
    <p class='ocr_par' dir='ltr' id='par_1_132' title="bbox 2128 5877 2631 5939">
     <span class='ocr_line' id='line_1_132' title="bbox 2128 5877 2631 5939; baseline -0.006 -15"><span class='ocrx_word' id='word_1_1048' title='bbox 2128 5879 2152 5916; x_wconf 75' lang='lat' dir='ltr'><strong>b</strong></span> <span class='ocrx_word' id='word_1_1049' title='bbox 2187 5877 2327 5939; x_wconf 71' lang='lat' dir='ltr'>Rr‘g.,</span> <span class='ocrx_word' id='word_1_1050' title='bbox 2357 5877 2460 5923; x_wconf 67' lang='grc' dir='ltr'>οὑίὲ</span> <span class='ocrx_word' id='word_1_1051' title='bbox 2490 5878 2631 5929; x_wconf 57' lang='grc' dir='ltr'>οὕτως</span> 
     </span>
    </p>
   </div>
  </div>
