3986 6202
153 6012 239 6093 ι

431 291 531 347 117
1139 291 1198 347 S.
1236 289 1524 347 JOANNIS
1558 288 2047 346 CHRYSOSTOMI
2085 288 2405 347 ARCIHEP.
2446 290 2996 349 CONSTANTINOP.
3597 294 3699 353 H8

431 406 675 476 πηρώσω
697 423 713 442 ο
734 406 873 480 ὅπερ
896 409 990 462 ἐπὶ
1010 408 1111 478 τῆς
1144 408 1462 479 Σαπφείρας
1512 412 1541 463 ὀ
1579 408 1789 481 Πέτρος
1824 407 2012 480 ἐποίη-

431 510 527 545 σεν
589 491 726 563 ὅπερ
756 492 920 555 αὐτὸς
950 493 1042 546 ἐπὶ
1076 491 1280 561 Ἐλύμα
1307 492 1403 545 τοῦ
1440 492 1638 562 μάγου.
1672 492 1871 546 Οὐκέτι
1900 492 2011 563 γάρ

433 574 619 627 λοιπὸν
643 573 718 637 ὡς
739 574 1125 645 παρεξετάζων
1160 575 1392 640 ἐκείνοις
1441 576 1634 629 ἑαυτὸν
1677 576 1849 644 λέγει,
1893 573 2008 628 ἀλλ’

431 656 784 719 αὐθεντικῶς.
822 659 931 710 Καὶ
950 660 1013 711 ἐν
1033 662 1097 730 τῇ
1131 657 1363 729 δευτέρᾳ
1390 659 1449 711 δὲ
1481 658 1771 730 Ἐπιστολῇ
1797 658 1858 711 τὸ
1880 656 2015 710 αὐτό

430 740 591 793 τοῦτο
640 741 890 809 φαίνεται
923 741 1129 809 λέγων,
1171 742 1299 795 ὃταν
1333 741 1498 814 λέγῃ·
1548 742 1707 796 Ἐπεί
1759 738 2016 810 δοκιμὴν

431 824 652 888 ζητεῖτε
679 825 788 878 τοῦ
819 826 891 878 ἐν
914 826 1046 896 ἐμοὶ
1070 824 1414 893 λαλοῦντος
1451 827 1734 895 Χριστοῦ.
1791 826 1896 881 Ἐν
1912 825 2016 893 ρἁ

429 907 549 972 ὔδφ
567 908 741 974 ἔλθω,
772 908 812 977 ἢ
846 910 917 963 ἐν
942 909 1185 979 ἀγάπης
1213 910 1266 964 τί
1296 910 1429 982 γὰρ,
1475 911 1537 964 ἐν
1578 910 1761 982 ῥάϐδῳ
1801 908 1976 963 ἐλθεῖν
1995 951 2010 976 ,

426 992 528 1045 οὐκ
558 986 626 1063 ἦν
648 993 902 1062 ἀγάπης;
956 994 1204 1066 Ἀγάπης
1234 994 1333 1065 μὲν
1362 991 1462 1067 ἦν⁹
1514 994 1630 1049 ἀλλ’
1667 993 1856 1065 ἐπειδὴ
1887 994 2017 1062 σφό-

426 1076 532 1145 δρα
572 1077 807 1144 ἀγαπῶν
859 1078 1151 1133 ἀναδύεται
1197 1078 1338 1150 πρὸς
1382 1080 1695 1151 τιμωρίαν,
1734 1079 1823 1132 διὰ
1858 1078 2017 1132 τοῦτο

428 1158 572 1212 οὕτω
599 1161 782 1229 φησίν.
819 1162 948 1214 Ὅτε
980 1162 1078 1231 μὲν
1104 1157 1199 1215 οὖν
1228 1163 1358 1233 περὶ
1387 1164 1660 1234 τιμωρίας
1681 1162 1887 1231 ἔλεγεν,
1915 1162 2017 1215 οὐκ

430 1238 576 1307 εἷπε,
622 1244 898 1313 Πνευματί
932 1262 992 1298 τε
1028 1246 1354 1317 πραότητος,
1379 1245 1517 1301 ἀλλά
1557 1245 1803 1313 Ῥάϐδῳ.
1825 1245 2015 1300 Καίτοι

431 1326 654 1379 κάκεῖνο
675 1327 954 1397 Πνεύματι
982 1329 1218 1397 ἐγίνετοο
1250 1331 1365 1384 ἐστι
1390 1330 1496 1401 γὰρ
1526 1329 1746 1399 πνεῦμα
1768 1329 2015 1401 πραότη-

430 1425 543 1471 τος,
602 1410 697 1462 καὶ
752 1411 968 1481 πνεῦμα
1026 1414 1465 1485 αὐστηρότητοςο
1496 1413 1613 1467 ἀλλ’
1660 1414 1722 1467 οὐ
1768 1412 2016 1484 βούλεται

430 1490 604 1554 οὕτως
626 1492 759 1545 αὐτό
791 1493 995 1557 καλεῖν,
1023 1494 1139 1548 ἀλλ’
1168 1496 1277 1550 ἀπὸ
1320 1497 1429 1550 τῶν
1473 1497 1872 1570 χρηστοτέρων.
1915 1496 2015 1550 Διά

432 1573 702 1629 τοῦτοκαὶ
738 1577 767 1628 ὀ
794 1576 927 1640 Θεὸς
964 1578 1144 1633 καίτοι
1175 1597 1238 1648 γε
1287 1579 1702 1652 τιμωρούμενος
1728 1621 1740 1644 ,
1796 1581 1878 1633 ὅτι
1914 1580 2013 1650 μὲν

431 1655 679 1727 ἐλεήμων
708 1660 824 1711 ἐστὶ
846 1660 938 1712 καὶ
965 1662 1319 1733 μακρόθυμος
1353 1664 1446 1716 καὶ
1486 1662 1743 1726 πλούσιος
1791 1663 1849 1714 ἐν
1875 1662 2013 1716 ἐλέει

430 1740 524 1794 καί⁹
554 1743 877 1813 οίκτιρμοῖς,
904 1744 1058 1818 [120]
1086 1745 1355 1816 πολλαχοῦ
1380 1748 1600 1816 λέγεται
1617 1762 1631 1777 ο
1664 1748 1746 1800 ὅτι
1770 1746 1828 1800 δὲ
1852 1746 2014 1802 κολα-

431 1824 633 1888 στικός,
677 1825 824 1892 ama
870 1844 974 1880 που
1014 1831 1105 1882 καὶ
1139 1830 1393 1903 δεύτερον
1424 1832 1519 1886 καὶ
1554 1831 1848 1895 σπανιάκις
1870 1869 1883 1893 ,
1918 1831 2015 1884 καὶ

427 1904 603 1960 ταῦτα
631 1910 729 1977 τῆς
755 1909 936 1974 αίτίας
974 1916 1429 1985 κατεπειγούσης.
1461 1915 1572 1969 Kal
1595 1915 1787 1968 σκόπει
1820 1914 2013 1983 σοφίαν

427 1989 662 2045 Παύλου.
690 1994 800 2064 Τὴν
826 1994 1076 2059 ἐξουσίαν
1098 1998 1261 2062 αὐτὸς
1290 1998 1451 2069 ἔχων,
1482 1999 1576 2052 καὶ
1605 1998 1796 2052 τούτου
1820 1999 2014 2052 κάκεί-

425 2090 519 2125 νου
554 2076 776 2147 ἐτέρους
810 2079 958 2131 ποιεῖ
974 2080 1197 2149 κυρίους
1222 2081 1418 2149 λέγων,
1455 2084 1517 2136 Τί
1532 2083 1770 2147 θέλετε;
1799 2084 1858 2136 ἐν
1882 2082 2012 2152 ὑμῖν

424 2156 486 2208 τὸ
506 2159 740 2229 πρᾶγμα
774 2162 972 2215 κεῖται.
1014 2164 1123 2217 Kal
1145 2165 1254 2234 γάρ
1284 2166 1444 2234 ἡμεῖς
1471 2166 1641 2235 ἐσμεν
1682 2165 1778 2219 καὶ
1813 2164 2009 2217 τούτου

426 2240 683 2293 κάκείνου
715 2242 916 2312 κύριοι,
954 2245 1049 2298 καλ⁵
1096 2245 1190 2298 τοῦ
1228 2248 1307 2310 εἰς
1339 2248 1570 2315 γέενναν
1606 2250 1893 2318 ἐμπεσεῖν,
1916 2246 2010 2301 καὶ

423 2320 519 2373 τοῦ
546 2322 820 2392 βασιλείας
851 2326 1156 2397 ἐπιτυχεῖν·
1184 2328 1371 2400 ἐπειδὴ
1396 2330 1425 2382 ὀ
1458 2328 1588 2392 Θεὸς
1618 2331 1793 2394 οὕτως
1812 2331 2011 2402 ἠθέλη-

429 2422 541 2458 σεν.
580 2405 736 2461 Ἰδοὺ
767 2409 896 2481 γὰρ,
916 2412 1069 2479 φησι,
1090 2412 1209 2480 πῦρ
1228 2413 1326 2467 καί
1359 2413 1516 2483 ὕδωρ
1543 2432 1556 2446 ’
1585 2411 1657 2471 οὗ
1678 2415 1788 2469 ἐὰν
1802 2415 2006 2486 θέλῃς,

424 2488 692 2555 ἐκτενεῖς
724 2491 840 2557 τὴν
885 2492 1057 2562 χεῖρά
1107 2510 1256 2550 σου·
1310 2498 1426 2560 καὶ,
1468 2498 1605 2551 Ἐὰν
1628 2497 1863 2566 θέλητε,
1909 2498 2007 2553 καὶ

424 2574 829 2643 είσακούσητέ
854 2593 997 2646 μου,
1029 2578 1102 2633 τὰ
1132 2578 1325 2649 ἁγαοὰ
1350 2580 1461 2650 τῆς
1488 2580 1602 2652 γῆς
1631 2580 1896 2653 φάγεσθε
1922 2595 1972 2639 ιι.

493 2748 565 2810 γ’.
597 2743 738 2796 Ἀλλ’
771 2744 904 2810 ἴσως
932 2746 1050 2816 ἐρεῖ
1071 2764 1178 2814 τις,
1200 2746 1281 2802 ὅτι
1312 2748 1482 2803 Θέλω.
1502 2750 1614 2804 Kal
1631 2749 1805 2815 οὐδεὶς
1833 2751 2008 2816 οὕτως

422 2828 672 2900 ἀνόητος,
709 2828 849 2883 ὥστε
882 2830 957 2901 μὴ
1004 2831 1212 2886 θέλειν⁶
1247 2832 1482 2887 ἀλλὀὐκ
1509 2837 1671 2906 ἀρκεῖ
1706 2854 1797 2906 μοι
1824 2838 1883 2891 τὸ
1916 2838 2009 2890 θέ-

420 2911 559 2966 λειν.
593 2912 707 2966 Kal
739 2912 847 2983 μὴν
876 2913 1057 2983 ἀρκεῖ,
1094 2914 1191 2968 ἐὰν
1214 2914 1289 2977 ὡς
1321 2915 1427 2989 χρὴ
1453 2917 1640 2990 θέλῃς,
1682 2920 1777 2974 καὶ
1810 2920 1881 2973 τὰ
1911 2920 2006 2975 τοῦ

422 2994 667 3058 Θέλοντος
701 2999 860 3067 ποιῇς
880 3012 893 3027 ·
927 2997 1041 3049 νυνὶ
1069 2997 1126 3050 δὲ
1156 2998 1217 3051 οὐ
1256 2999 1460 3069 σφόδρα
1487 3000 1683 3064 θέλεις.
1715 3004 1825 3057 Kal
1847 3003 2009 3059 τοῦτο

421 3081 515 3133 ἐπὶ
540 3081 649 3134 τῶν
673 3079 847 3135 ἀλλων
870 3082 1265 3153 γυμνάσωμεν,
1297 3086 1345 3135 εί
1368 3084 1536 3139 δοκεῖ.
1566 3087 1701 3140 Εἰπέ
1745 3088 1854 3159 γάρ
1891 3107 2004 3159 μοι,

420 3165 449 3217 ὀ
476 3163 796 3235 βουλόμενος
812 3167 1046 3234 γυναῖκα
1068 3166 1397 3236 ἀγαγέσθαι,
1420 3170 1672 3240 ἀρκεῖται
1697 3173 1775 3244 τῷ
1800 3174 2004 3242 θέλειν;

421 3247 708 3317 Οὐδαμῶς,
744 3248 879 3302 ἀλλά
912 3248 1006 3303 καὶ
1034 3251 1448 3321 προμνηστρίας
1476 3252 1749 3325 ἐπιζητεῖ,
1789 3259 1884 3311 καὶ
1919 3259 2008 3329 φίο

419 3330 545 3395 λους
595 3330 740 3398 ἀξιοῖ
788 3334 1261 3404 ωναγρυπνῆσαι,
1314 3336 1408 3389 καὶ
1464 3338 1720 3408 χρήματα
1757 3341 2003 3411 συνάγει.

421 3414 590 3470 Πάλιν
619 3417 648 3469 ὀ
695 3415 937 3489 ἔμπορος
987 3417 1086 3471 οὐκ
1128 3419 1267 3473 οἴκοι
1303 3418 1614 3492 καθήμενος
1647 3423 1898 3494 ἀρκεῖται
1928 3427 2006 3498 τῷ

418 3498 665 3570 θελῆσαι,
699 3500 834 3554 ἀλλά
867 3500 961 3553 καὶ
996 3500 1182 3554 πλοῖον
1215 3502 1524 3573 μισθοῦται,
1563 3506 1658 3560 καὶ
1682 3507 1885 3575 ναύτας
1907 3510 2006 3565 καὶ

418 3582 750 3655 κωπηλάτας
779 3583 1091 3651 καταλέγει,
1124 3584 1216 3637 καὶ
1244 3585 1509 3659 ἀργύριον
1548 3588 1876 3655 δανείζεται.
1909 3595 2005 3648 καὶ

417 3667 604 3740 χώραν
631 3667 1058 3739 περιεργάζεται
1099 3669 1194 3721 καὶ
1216 3667 1396 3724 ὠνίων
1426 3672 1616 3743 τιμάς.
1641 3674 1767 3740 Πῶς
1788 3671 1882 3731 οὗν
1901 3678 2005 3731 οὐκ

416 3752 618 3806 ἄτοπον
649 3754 728 3814 εἰς
757 3752 855 3819 μὲν
881 3753 947 3804 τα
980 3754 1080 3821 τῆς
1104 3752 1211 3821 γῆς
1235 3753 1506 3825 τοσαύτην
1538 3760 1775 3832 σπουδὴν
1801 3763 2006 3817 ἐπιδεί-

417 3833 669 3900 κνυσθαι,
701 3833 791 3885 τὸν
822 3832 878 3917 δὲ
910 3833 1139 3917 οὐρανὸν
1171 3835 1575 3905 ἐμπορεύεσθαι
1613 3840 1905 3910 μέλλοντας
1926 3846 2006 3917 τῷ

419 3919 595 3971 θέλειν
621 3915 912 3998 ἀρκεῖσθαι
941 3915 1103 3985 μόνον
1130 3932 1145 3982 ;
1183 3917 1381 3986 μᾶλλον
1408 3918 1466 3972 δὲ
1501 3922 1638 3993 μηδὲ
1665 3924 1822 3979 τοῦτο
1864 3915 2005 3998 μετά

416 4001 517 4064 τῆς
554 3997 942 4069 προσηκούσης
992 3998 1399 4054 ἐπιδείκνυσθαι
1457 4005 1728 4075 σπουδῆςὲ
1788 3997 2009 4082 ὀίγάρ

420 4086 591 4140 θέλων
628 4084 702 4148 ὡς
735 4084 836 4147 δεῖ,
867 4082 1091 4136 καὶτῶν
1124 4084 1468 4155 πραγμάτων
1495 4088 1726 4145 ἀπτεται
1760 4092 1872 4147 τῶν
1911 4098 2004 4151 ἐπὶ

420 4170 577 4223 τοῦτο
608 4168 850 4236 ἀγόντων
876 4167 906 4220 ὀ
939 4166 1082 4221 θέλει
1140 4168 1248 4220 Καὶ
1275 4167 1385 4241 γὰρ
1412 4170 1631 4229 ἐπειδάν
1664 4175 1725 4228 τὸ
1748 4178 2003 4249 πεινῆσαι

421 4250 812 4325 καταναγκαζῃ
834 4251 1129 4323 τραφῆναι,
1173 4250 1233 4304 οὐ
1269 4252 1585 4324 περιμένεις
1624 4257 1910 4330 αὐτόματα
1935 4263 2005 4316 τὰ

420 4341 565 4395 σιτία
600 4340 735 4411 πρὸς
768 4337 827 4391 σὲ
870 4336 1078 4402 ἐλθεῖν,
1113 4335 1251 4391 ἀλλά
1281 4338 1460 4392 πάντα
1498 4344 1672 4407 ποιεῖς
1721 4344 1863 4417 ὑπὲρ
1904 4346 2001 4402 τοῦ

420 4430 515 4501 τὴν
564 4427 771 4499 τροφὴν
824 4428 1180 4494 συναγαγεῖν
1215 4426 1307 4480 καὶ⁸
1341 4427 1433 4482 ἐπὶ
1463 4428 1557 4483 τοῦ
1584 4429 1743 4503 διψῇν
1785 4434 1881 4488 καὶ
1910 4436 2003 4490 ἐπὶ

420 4512 513 4567 τοῦ
544 4510 733 4590 ῥιγοῦν
760 4511 851 4562 καὶ
879 4510 969 4561 ἐπὶ
989 4510 1095 4562 τῶν
1122 4509 1297 4563 ἄλλων
1337 4510 1595 4564 ἀπάντων
1621 4515 1822 4584 ὁμοίως
1850 4519 2003 4590 ἐνερ-

421 4596 514 4665 γὸς
547 4589 600 4647 εἶ
643 4594 737 4645 καὶ
781 4592 1266 4662 παρατεταγμένος
1314 4593 1453 4662 πρὸς
1477 4593 1573 4664 τὴν
1614 4596 1709 4648 τοῦ
1751 4589 2003 4669 σώματος

421 4676 759 4748 ἐπιμέλειαν.
787 4675 958 4728 Τοῦτο
986 4675 1164 4727 τοίνυν
1186 4675 1279 4727 καὶ
1300 4676 1392 4728 ἐπὶ
1414 4676 1513 4745 τῆς
1534 4679 1810 4747 βασιλείας
1836 4686 1999 4746 ποίει,

422 4763 517 4817 καὶ
548 4761 763 4822 πάντως
790 4758 959 4828 αὐτῆς
985 4758 1263 4830 ἐπιτεύξῃ.
1297 4759 1397 4812 Διά
1424 4759 1583 4814 τοῦτο
1629 4764 1738 4835 γάρ
1785 4783 1844 4819 σε
1875 4769 2003 4822 αὐτ.

420 4845 661 4911 εξούσιον
685 4844 938 4912 ἐποίησεν
959 4844 987 4895 ὀ
1018 4843 1170 4906 Θεδς,
1202 4844 1287 4895 ἵνα
1320 4844 1394 4915 μὴ
1420 4842 1644 4923 ὕστερον
1675 4850 1912 4923 ἐγκαλῇς
1926 4852 2004 4923 τῷ

418 4929 537 4999 Θεῷ
565 4928 640 4992 ὡς
668 4928 884 4997 ἀνάγκη
902 4923 1095 4988 δεθείς.
1122 4926 1194 4978 Σύ
1224 4926 1281 4980 δέ
1302 4927 1444 4995 ὑπὲρ
1473 4922 1549 4983 ὧν
1571 4932 1739 5002 τιμῆς
1765 4922 2004 4990 ἀπέλαυὲ

425 5031 540 5078 σας,
566 5011 706 5083 ὑπὲρ
727 5009 934 5064 τούτων
950 5008 1309 5078 ἀγανακτεῖς;
1335 5010 1444 5064 Kal
1469 5012 1579 5085 γὰρ
1590 5016 1813 5072 πολλῶν
1838 5018 2004 5091 ἤκου-

426 5113 491 5149 σα
520 5095 810 5163 λεγόντων*
837 5095 936 5148 Διά
959 5094 1011 5146 τί
1040 5092 1148 5165 γάρ
1174 5111 1241 5165 με
1268 5093 1455 5167 κύριον
1477 5096 1731 5169 ἐποίησεν
1759 5102 2000 5175 ἀρετῆςς

433 5179 595 5233 Ἀλλά
622 5179 738 5240 πῶς
767 5180 874 5232 ἔδει
908 5178 1251 5249 κοιμώμενον
1288 5182 1385 5233 καὶ
1411 5184 1740 5248 νυστάζοντα
1780 5188 1877 5240 καὶ
1902 5190 2003 5260 τῆς

423 5264 619 5326 κακίας
657 5263 947 5333 ἐφιέμενον
989 5263 1084 5315 καὶ
1118 5263 1409 5334 τρυφῶντα
1447 5266 1544 5321 καὶ⁵
1574 5269 2003 5343 γαστριζόμενοι)

421 5348 515 5401 ἐπὶ
558 5346 649 5401 τὸν
698 5345 1296 5429 οὐρανόνᾲάναγαγεῖνς
1346 5349 1485 5403 Ἀλλ’
1517 5351 1618 5405 οὐκ
1660 5352 1728 5406 ἂν
1758 5354 2002 5429 ἀπέστης

421 5431 639 5495 κακίας.
674 5431 735 5483 Εἰ
764 5429 872 5499 γάρ
901 5427 1025 5489 νῦν,
1061 5429 1295 5499 ἀπειλῆς
1335 5433 1596 5504 κειμένης
1620 5476 1636 5499 ,
1676 5436 1799 5490 οὐδέ
1828 5427 1999 5503 οὕτως

380 5516 720 5587 ’ἀφίστασαι
768 5513 866 5582 τῆς
898 5512 1195 5584 πονηρίας·
1251 5515 1302 5567 εί
1333 5516 1428 5568 καὶ
1480 5517 1574 5570 τὸν
1633 5521 1865 5593 οὐρανόν
1919 5540 2002 5577 σοι

421 5599 763 5671 προσέθηκεν
793 5596 1047 5658 ἔπαθλον,
1074 5597 1203 5680 πότε
1240 5597 1307 5651 ἂν
1338 5599 1563 5654 ἐπαύσω
1592 5604 1879 5675 γενόμενος
1902 5609 2001 5680 ρᾳ-

423 5683 721 5755 θυμότερος
742 5682 833 5735 καὶ
862 5681 1059 5751 χείρων
1086 5679 1266 5751 πολλῷ
1287 5681 1344 5747 b;
1371 5684 1506 5738 οὐδὲ
1531 5686 1638 5757 γὰρ
1664 5690 1839 5743 ἐκεῖνο
1860 5679 2003 5757 ἔξεις

484 5862 508 5888 ιι
541 5849 645 5898 Duo
664 5851 800 5919 (mla.
824 5850 1024 5903 addunt.
1049 5849 1129 5919 ἐᾲν
1150 5850 1199 5898 δὲ
1221 5852 1283 5919 μὴ
1301 5852 1479 5919 θέλητε.
1504 5853 1712 5919 μάχαιρα
1729 5855 1848 5919 ὑμᾶς
1886 5875 2000 5909 κατ-

428 5916 597 5963 έδεται.
669 5915 693 5951 ιι
720 5915 979 5975 “gramm
1015 5915 1184 5976 χιὶρων
1206 5916 1410 5964 πολλῶν.

2118 409 2315 472 εἰπεῖν,
2343 412 2425 465 ὃτι
2461 411 2675 479 Ἐδειξε
2712 411 2812 482 μὲν
2838 411 2909 464 τὰ
2942 409 3146 481 ἀγαθὰ,
3185 412 3286 467 οὐκ
3313 410 3580 484 ἐϐοήθησε
3605 409 3660 466 δέ
3686 425 3701 442 ⁶

2118 492 2341 563 καὶγὰρ
2361 493 2563 565 πολλὴν
2590 492 2930 564 ὑπισχνεῖταί
2960 511 3042 547 σοι
3064 494 3163 565 τὴν
3190 495 3529 566 συμμαχίαν.
3561 494 3701 547 Ἀλλ’

2115 577 2149 646 ἡ
2186 575 2286 644 μὲν
2315 577 2507 646 ἀρετὴ,
2541 577 2725 648 φησὶν,
2755 576 2997 647 ἐπαχθὴς
3020 578 3115 631 καὶ
3141 578 3395 649 φορτική,
3421 580 3487 649 τῇ
3524 578 3580 631 δὲ
3601 596 3701 633 κα-

2114 659 2210 729 κίᾳ
2235 659 2396 730 ἡδονὴ
2431 661 2801 733 συγκέκραται
2827 661 2997 732 πολλή
3023 678 3037 693 ·
3074 663 3171 715 καὶ
3203 663 3236 733 ἡ
3274 662 3375 729 μὲν
3411 658 3527 714 ἐστι
3568 661 3703 714 πλασ-

2113 744 2234 795 τεῖα
2264 743 2358 797 καὶ
2376 742 2708 816 εὐρύχωρος,
2729 746 2764 816 ἡ
2785 744 2842 797 δὲ
2873 746 3034 815 στενὴ
3060 745 3157 800 καὶ
3181 744 3538 817 τεθλιμμένη.
3556 740 3703 817 Ἀρα

2113 824 2310 883 διόλου.
2342 826 2466 880 εἰπέ
2504 845 2615 897 μοι,
2651 827 2685 897 ἢ
2714 828 2823 883 ἀπὸ
2849 828 2949 897 τῆς
2976 829 3151 901 ἀρχῆς
3180 830 3487 900 ἀμφότεραι
3516 829 3704 883 τοιαῦ-

2112 924 2205 961 ται
2229 924 2243 969 ;
2269 910 2377 962 Kal
2395 908 2503 981 γάρ
2528 910 2624 964 καὶ
2643 910 2794 965 ἀκων
2822 912 2962 983 ὑπὲρ
2983 912 3083 981 τῆς
3104 912 3304 982 ἀρετῆς
3319 911 3499 981 λέγεις
3530 911 3705 965 ταῦτα

2113 991 2150 1047 ἃ
2176 992 2356 1061 λέγεις
2381 1010 2395 1024 ο
2427 992 2603 1058 οὕτως
2631 993 2851 1065 ίσχυρόν
2898 996 2931 1064 ἠ
2966 994 3216 1065 ἀλήθεια.
3265 994 3376 1049 Καὶ
3397 995 3506 1067 γάρ
3539 996 3586 1047 εί
3613 993 3707 1048 δύο

2112 1070 2254 1147 ἦσαν
2279 1076 2413 1141 ὀδοὶ,
2465 1078 2500 1148 ἡ
2530 1077 2630 1147 μὲν
2665 1077 2758 1130 ἐπὶ
2786 1077 3039 1148 κάμινον,
3076 1080 3109 1149 ἠ
3141 1078 3197 1131 δὲ
3229 1077 3323 1131 ἐπὶ
3375 1079 3704 1151 παράδεισον

2114 1162 2378 1230 φέρουσα,
2400 1161 2494 1213 καὶ
2518 1161 2552 1230 ἡ
2586 1161 2685 1231 μὲν
2712 1155 2781 1231 ἦν
2815 1160 3045 1215 πλατεῖα.
3076 1159 3226 1233 [ﬁl]
3268 1162 3300 1232 ἡ
3345 1162 3438 1215 ἐπὶ
3475 1164 3576 1224 τὴν
3604 1163 3700 1217 κά-

2118 1259 2291 1312 μινον,
2325 1244 2358 1311 ὴ
2382 1242 2439 1297 δὲ
2492 1242 2652 1315 στενὴ
2699 1245 2734 1315 ἡ
2766 1243 2859 1296 ἐπὶ
2887 1244 2981 1297 τὸν
3029 1243 3362 1314 παράδεισον
3390 1286 3404 1307 ,
3443 1244 3604 1298 ποίαν
3637 1252 3702 1298 ἀν

2115 1326 2260 1378 εἵλου
2294 1325 2496 1396 μᾶλλον
2521 1326 2638 1380 ὀδόν
2665 1343 2680 1391 ;
2711 1327 2831 1381 Κᾶν
2870 1327 2982 1399 γὰρ
3023 1326 3121 1381 νῦν
3156 1326 3481 1396 φιλονεικῶν
3521 1328 3700 1382 ἀντεί-

2115 1425 2246 1482 πῃς,
2294 1409 2430 1463 ἀλλά
2474 1412 2586 1472 τοῖς
2614 1406 2819 1480 σφόδρα
2845 1409 3291 1481 ὡμολογημένοις
3312 1452 3327 1477 ,
3361 1410 3463 1464 κᾶν
3499 1411 3702 1481 σφόδρα

2116 1493 2501 1565 ἀναισχυντῇς,
2524 1495 2799 1547 ἀντειπεῖν
2828 1494 2890 1547 οὐ
2920 1493 3145 1567 δυνήσῃ.
3174 1495 3296 1548 Ὀτι
3320 1495 3418 1564 μέν
3436 1494 3544 1565 γὰρ
3563 1494 3699 1565 αὕτη

2118 1576 2319 1646 μᾶλλόν
2360 1578 2509 1629 ἐστιν
2546 1576 2737 1646 αἱρετὴ
2772 1576 2807 1647 ἡ
2832 1577 2933 1648 τὴν
2980 1577 3156 1649 ἀρχὴν
3201 1575 3399 1646 ἔχουσα
3436 1577 3698 1649 χαλεπὴν,

2114 1660 2250 1715 ἀλλά
2277 1661 2351 1731 μὴ
2379 1661 2439 1713 τὸ
2463 1659 2616 1723 τέλος
2636 1699 2650 1722 ,
2687 1660 2796 1713 ἀπὸ
2836 1660 2947 1714 τῶν
2990 1662 3049 1714 ἐν
3096 1662 3285 1731 χερσὶν
3317 1661 3462 1732 ὑμᾶς
3495 1661 3701 1725 διδάξαι

2114 1744 2471 1814 πειράσομαι.
2500 1744 2630 1807 Kal,
2660 1743 2710 1796 εί
2742 1741 3022 1812 βούλεσθε,
3066 1743 3167 1807 τάς
3216 1743 3415 1814 τέχνας
3450 1760 3701 1815 μεταχει-

2118 1826 2357 1899 ρίσωμεν
2399 1825 2617 1897 πρῶτον
2643 1839 2657 1854 ⁸
2700 1819 2997 1898 αὗταιγὰρ
3039 1825 3140 1897 τὴν
3173 1826 3286 1896 ’μὲν
3325 1825 3501 1898 ἀρχὴν
3539 1827 3700 1879 πόνου

2112 1907 2390 1978 γέμουσαν
2414 1908 2619 1979 έχουσι,
2645 1909 2707 1962 τὸ
2724 1908 2781 1962 δὲ
2809 1908 2963 1972 τέλος
2986 1909 3297 1979 ὲπικερδές.
3339 1909 3479 1962 Ἀλλ’
3502 1909 3697 1972 οὐδεὶς.

2114 1994 2302 2063 φησὶν,
2350 1993 2530 2062 ἥψατο
2580 1993 2778 2063 τέχνης
2828 1993 2904 2065 μὴ
2952 1992 3044 2046 τὸν
3108 1992 3492 2061 ἀναγκάζοντα
3539 1994 3694 2063 έχων.

2126 2075 2379 2129 Ἐπειδὰν
2402 2075 2510 2145 γὰρ
2609 2076 2800 2146 κύριος
2824 2075 3039 2139 ἐαυτοῦ,
3082 2076 3271 2146 φησιν,
3303 2077 3332 2129 ὀ
3373 2076 3528 2139 νέος,
3563 2077 3699 2145 μᾶλ-

2111 2156 2202 2212 λον
2236 2157 2524 2228 αἱρήσεται
2566 2160 2780 2230 τρυφᾷν
2823 2161 2881 2212 ἐν
2910 2159 3052 2230 ἀρχῇ
3081 2200 3095 2224 ,
3130 2159 3226 2212 καὶ
3277 2160 3414 2230 πρὸς
3443 2158 3523 2229 τῷ
3560 2159 3702 2213 τέλει

2114 2239 2287 2311 μυρία
2314 2239 2508 2293 παθεῖν
2535 2241 2601 2293 τά
2633 2240 2780 2294 κακά
2800 2283 2815 2306 ,
2853 2241 2887 2312 ἢ
2919 2241 3389 2313 ταλαιπωρεῖσθαι
3419 2244 3476 2296 ἐν
3517 2260 3701 2313 1:900;-

2114 2322 2278 2395 μίοις,
2302 2324 2399 2378 καὶ
2420 2323 2760 2396 καρποῦσθαι
2786 2324 2926 2395 μετά
2945 2324 3117 2379 ταῦτα
3139 2315 3203 2381 ἐκ
3225 2326 3334 2381 τῶν
3355 2328 3535 2381 πόνων
3555 2327 3699 2381 ἐκεί-

2109 2423 2237 2461 νων.
2274 2405 2486 2461 Οὐκοῦν
2530 2408 2592 2461 τὸ
2622 2407 2850 2462 τοιαῦτα
2884 2408 3187 2479 αἱρεῖσθαι,
3243 2411 3549 2483 ὀρφανικῆς
3584 2414 3701 2465 ἐστι

2108 2492 2348 2555 διανοίας
2374 2491 2471 2545 xal
2499 2491 2757 2562 παιδικῆς
2811 2492 3087 2563 ῥᾳθυμίας
3113 2508 3126 2524 ·
3156 2492 3218 2547 τὸ
3260 2494 3344 2554 δὲ.
3368 2496 3434 2549 τὰ
3457 2494 3697 2556 ἐναντία,

2110 2576 2383 2639 συνέσεως
2411 2578 2503 2628 xal
2531 2575 2806 2647 ἀνδρείας.
2837 2575 2994 2629 Οὕτω
3017 2576 3196 2629 τοίνυν
3218 2578 3311 2629 καὶ
3331 2579 3514 2648 ἡμεῖς,
3545 2579 3595 2631 εί
3623 2579 3697 2650 μὴ

2106 2656 2252 2731 ἦμεν
2285 2659 2475 2720 παῖδες
2500 2659 2594 2712 τὸν
2616 2657 2764 2725 νοῦν,
2796 2658 2895 2712 οὐκ
2920 2658 2985 2712 ἂν
3018 2659 3212 2730 ἐκείνῳ
3245 2659 3323 2731 τῷ
3350 2660 3573 2731 ὀρφανῷ
3606 2662 3699 2714 καὶ

2107 2744 2341 2814 ἀνοήτῳ,
2382 2742 2519 2797 ἀλλά
2548 2742 2627 2813 τῷ
2657 2742 2871 2815 πατέρα
2919 2743 3103 2811 ἔχοντι
3144 2742 3573 2815 ἐξωμοιώθημεν
3611 2747 3693 2800 ἀν.

2108 2828 2201 2880 Δεῖ
2225 2827 2406 2880 τοίνυν
2434 2826 2532 2897 τὴν
2568 2826 2824 2897 παιδικὴν
2851 2826 3105 2880 ἐκϐαλεῖν
3130 2827 3371 2881 διάνοιαν
3394 2867 3409 2891 ,
3444 2827 3582 2880 ἀλλά
3618 2829 3694 2898 μὴ

2106 2910 2175 2964 τὰ
2204 2910 2507 2982 πράγματα
2541 2911 2819 2963 αἰτιᾶσθαι
2841 2926 2855 2940 ο
2898 2909 2993 2963 καὶ
3024 2910 3115 2963 τὸν
3150 2911 3364 2983 ἡνίοχον
3402 2912 3697 2983 ἐπιστῆσαι

2105 2996 2172 3064 τῇ
2202 2993 2526 3064 συνειδήσει,
2564 2992 2623 3056 ὃς
2649 2994 2748 3046 οὐκ
2773 2992 2924 3045 ἐάσει
2955 2993 3371 3065 γαστρίζεσθαι,
3412 2995 3549 3048 ἀλλά
3575 2995 3697 3065 τρέ-

2105 3095 2224 3149 χειν
2271 3076 2366 3131 καὶ
2411 3077 2793 3147 ἀγωνίζεσθαι.
2859 3078 2986 3141 Πῶς
3023 3079 3133 3149 γὰρ
3173 3079 3272 3132 οὐκ
3315 3078 3537 3143 ἄτοπον,
3570 3079 3696 3141 τοὺς

2110 3160 2212 3231 μὲν
2244 3160 2440 3224 παῖδας
2473 3161 2612 3232 μετά
2644 3160 3024 3231 ταλαιπωρίας
3063 3161 3218 3229 ἀγειν
3261 3162 3361 3231 τὴν
3393 3164 3571 3234 ἀρχὴν
3605 3165 3698 3219 ἐπὶ

2108 3244 2411 3313 πράγματα
2434 3244 2697 3314 προοίμια
2725 3244 2823 3313 μὲν
2848 3243 3040 3313 ἔχοντα
3063 3244 3358 3314 ἐπίμοχθα,
3378 3246 3438 3298 τὸ
3463 3246 3519 3298 δέ
3542 3246 3697 3310 τέλος

2106 3329 2373 3400 χρηστόν’
2414 3330 2562 3400 ἡμᾶς
2591 3329 2647 3381 δὲ
2680 3329 2877 3390 αὐτοὺς
2915 3329 3243 3391 ἀπεναντίας
3271 3329 3499 3382 ἐπὶτῶν
3532 3347 3699 3383 πνευ-

2110 3410 2356 3482 ματικῶν
2397 3410 2701 3465 διακεῖσθαι
2738 3410 3119 3481 πραγμάτων;
3154 3409 3329 3465 καίτοι
3357 3428 3418 3479 γε
3451 3413 3575 3465 οὐδέ
3602 3415 3695 3466 ἐπὶ

2105 3494 2214 3547 τῶν
2245 3494 2516 3564 βιωτικῶν
2561 3494 2780 3557 πάντως
2834 3494 2992 3565 δῆλον
3045 3495 3126 3547 ὅτι
3170 3494 3405 3565 χρηστὸν
3447 3494 3603 3549 ἔσται
3634 3496 3694 3549 τὸ

2104 3577 2279 3642 τέλος.
2311 3579 2422 3632 Kal
2453 3579 2563 3650 γὰρ
2596 3578 2772 3649 ἄωρος
2801 3577 3030 3641 θάνατος
3068 3578 3163 3632 καὶ
3191 3578 3353 3632 πενία
3403 3580 3500 3633 καὶ
3534 3597 3693 3634 συκο-

2106 3661 2305 3731 φαντία
2332 3664 2424 3715 καὶ
2455 3662 2725 3734 μεταϐολὴ
2754 3662 3131 3733 πραγμάτων,
3169 3662 3264 3716 xal
3312 3662 3485 3716 πολλά
3528 3665 3693 3734 ἔτερα

2104 3745 2351 3810 τοιαῦτα,
2388 3747 2525 3817 μετὰ
2550 3746 2676 3808 τοὺς
2705 3744 2933 3808 πολλοὺς
2962 3744 3159 3808 πόνους
3187 3744 3296 3798 τῶν
3311 3745 3542 3819 καρπῶν
3563 3748 3693 3801 ἀπο-

2106 3829 2437 3899 στερηθῆναι
2466 3827 2711 3898 ἐποίησε.
2755 3827 2873 3881 Κᾶν
2903 3826 3203 3898 ἐπιτύχωσι
3225 3828 3281 3881 δὲ
3310 3831 3356 3881 οἱ
3387 3831 3686 3898 μετιόντες,

2104 3910 2261 3963 οὐδὲν
2291 3909 2435 3980 μέγα
2458 3909 2846 3981 καρπώσονται
2870 3926 2881 3939 ·
2908 3909 2986 3980 τῷ
3006 3910 3116 3983 γὰρ
3140 3911 3369 3982 παρόντι
3387 3912 3486 3983 βίῳ
3512 3913 3692 3966 πάντα

2107 3993 2542 4062 συγκαταλύεται
2575 3994 2775 4045 ἐκεῖνα.
2820 3992 3086 4047 Ἐνταῦθα
3115 3992 3316 4047 δὲούδέ
3349 3995 3492 4066 ὑπὲρ
3513 3996 3690 4049 τοιού-

2104 4093 2212 4130 των
2246 4076 2513 4149 τρέχομεν
2543 4075 2767 4146 ψυχρῶν
2814 4076 2907 4128 καί¹
2944 4077 3259 4149 ἐπικήρων,
3292 4077 3416 4131 οὕτε
3444 4079 3687 4133 δεδοίκα-

2108 4176 2208 4230 μεν
2240 4159 2381 4230 ύπὲρ
2413 4158 2507 4211 τοῦ
2530 4158 2737 4222 τέλους,
2771 4158 2906 4212 ἀλλά
2940 4160 3036 4211 καὶ
3079 4161 3284 4231 μείζων
3332 4163 3427 4215 καὶ
3451 4162 3689 4232 ἀσφαλε-

2107 4243 2274 4314 στέρα
2305 4241 2515 4316 ήέλπὶς
2546 4242 2684 4312 μετά
2703 4242 2801 4311 τὴν
2830 4241 3081 4295 ἐντεῦθεν
3109 4243 3442 4314 ἀποδημίαν.
3475 4244 3572 4308 Τίς
3596 4241 3688 4299 οὖν

2105 4326 2259 4380 ἔσται
2300 4325 2638 4397 συγγνώμης
2688 4325 2772 4388 τίς
2807 4324 2863 4377 δὲ
2894 4324 3165 4395 ἀπολογία
3215 4325 3290 4397 μὴ
3343 4326 3687 4397 βουλομένοις

2104 4410 2434 4465 ἀποδύεσθαι
2480 4408 2618 4477 πρὸς
2674 4411 2801 4473 τοὺς
2836 4409 2979 4482 ὑπὲρ
3022 4410 3224 4481 ἀρετῆς
3273 4411 3503 4477 πόνουςς
3548 4412 3686 4465 Ἀλλ’

2104 4494 2382 4566 ἐρωτῶσιν
2411 4493 2511 4546 ἔτιο
2543 4491 2643 4545 Διά
2668 4492 2718 4543 τί
2743 4492 2903 4563 στενὴ
2943 4494 2975 4563 ἡ
3009 4493 3163 4558 ὀδός;
3200 4493 3312 4547 Kal
3339 4494 3420 4557 είς
3463 4494 3565 4565 μὲν
3594 4495 3686 4566 βα-

2107 4578 2280 4631 σίλεια
2302 4578 2369 4629 τὰ
2398 4577 2616 4644 ἐπίγεια
2645 4575 2753 4627 τῶν
2791 4575 3004 4643 πὸρνων
3032 4579 3125 4629 καὶ
3164 4576 3273 4628 τῶν
3318 4576 3627 4647 μεθυόντων
3661 4590 3684 4617 ε

2104 4662 2199 4716 καὶ
2224 4659 2333 4712 τῶν
2376 4659 2589 4728 λάγνων
2612 4658 2712 4711 οὐκ
2736 4658 2908 4725 ἀξιοῖς
2939 4659 3169 4713 είσιέναι
3209 4660 3332 4713 τινά
3356 4675 3370 4690 ·
3406 4661 3486 4724 είς
3510 4659 3569 4714 δὲ
3596 4660 3688 4714 τὸν

2103 4743 2331 4815 οὐρανὸν
2350 4742 2512 4795 αὐτὸν
2539 4742 2678 4814 μετά
2700 4742 2882 4805 ἀδείας
2912 4742 3007 4795 καὶ
3029 4743 3237 4814 τρυφῆς
3266 4742 3359 4795 καὶ⁵
3395 4742 3571 4814 μέθης
3596 4746 3688 4798 καὶ

2106 4826 2420 4894 πλεονεξίας
2448 4826 2543 4880 καὶ
2577 4825 2777 4889 κακίας
2805 4825 3021 4894 ἀπάσης
3057 4826 3187 4887 τοὺς
3228 4824 3549 4898 ἀνθρώπους
3581 4828 3690 4882 εἰσ-

2104 4912 2334 4983 άγεσθαι
2365 4911 2570 4977 ἀξιοῖς;
2599 4909 2694 4965 καί
2725 4909 2828 4962 πού
2858 4908 3032 4963 ταῦτα
3065 4909 3398 4982 συγγνώμης
3435 4910 3598 4978 dita;

2171 5072 2233 5127 δ’.
2262 5072 2402 5126 Ἀλλ’
2430 5071 2492 5125 οὐ
2521 5071 2701 5135 τοῦτο,
2730 5069 2886 5141 φησι,
2908 5069 3076 5141 λέγω,
3095 5071 3229 5125 ἀλλά
3246 5072 3334 5126 διά
3355 5072 3410 5125 τί
3434 5073 3509 5147 μὴ
3526 5075 3689 5147 εὐρύ-

2103 5174 2277 5229 χωρος
2306 5152 2374 5227 ἦν
2400 5157 2432 5225 ὴ
2457 5156 2650 5226 ἀρετή.
2684 5154 2794 5208 Καὶ
2821 5152 2927 5224 μὴν
2948 5154 3043 5207 ἐὰν
3074 5155 3335 5225 θέλωμεν,
3359 5146 3686 5229 καῖ’σφόδρα

2106 5241 2253 5294 ἐστὶν
2287 5238 2539 5301 εὔκολος·
2569 5238 2633 5290 Τί
2668 5237 2778 5308 γάρ
2799 5235 3186 5309 εὐκολώτερον,
3222 5238 3342 5291 είπέ
3367 5255 3480 5309 μοι,
3511 5239 3572 5293 τὸ
3610 5241 3688 5294 δι-

2103 5323 2291 5398 ορύξαι
2335 5325 2536 5392 τοῖχον,
2569 5320 2662 5372 καὶ
2707 5320 2942 5374 λαϐόντα
2985 5320 3054 5373 τά
3104 5321 3306 5391 ἐτέρων
3338 5320 3567 5393 ὕστερον
3607 5326 3686 5388 εἰς

2102 5405 2477 5476 δεσμωτήριον
2499 5404 2781 5472 ἐμπεσεῖν,
2809 5403 2842 5474 ἦ
2874 5405 2987 5466 τοῖς
3009 5398 3160 5457 οὖσιν
3185 5403 3527 5475 ἀρκούμενον
3550 5424 3687 5460 παν-

2101 5490 2191 5552 τὸς
2216 5487 2561 5560 ἀπηλλάχθαι
2598 5485 2798 5553 φόϐους
2834 5488 3029 5541 Καίτοι
3064 5503 3129 5556 γε
3170 5487 3233 5539 οὐ
3271 5486 3333 5539 τὸ
3372 5489 3480 5542 πᾶν
3507 5484 3682 5543 εἶπον.

2103 5571 2169 5626 Τί
2191 5571 2299 5641 γὰρ
2319 5567 2706 5640 εὐκολώτερον,
2734 5569 2854 5623 είπέ
2878 5586 2991 5640 μοι,
3016 5572 3084 5624 τὰ
3109 5571 3327 5623 πάντων
3355 5568 3685 5643 ὑφελόμενον
3738 5628 3741 5629 ,

2104 5656 2199 5708 καὶ
2227 5654 2425 5723 ὀλίγοις
2453 5653 2867 5724 ἐντρυφήσαντα
2906 5653 3095 5723 χρόνον
3127 5651 3355 5723 βραχὺν,
3394 5655 3686 5725 στρεϐλοῠο

2110 5917 2119 5927 .
2168 5855 2351 5969 ‘ulla‘c,
2379 5856 2458 5905 καὶ
2498 5856 2593 5905 τῶν
2618 5853 2898 5918 μεθυόντων,
2923 5854 3133 5907 deerant
3179 5855 3227 5904 in
3248 5855 3416 5920 editis,
3444 5855 3534 5909 sed
3566 5865 3684 5912 sunt

2110 5933 2158 5969 ιιι
2228 5934 2308 5969 ιλιι.

2107 5933 2158 5969 ιιι
2186 5933 2308 5982 ιιιικ.
