3986 6202
358 409 450 462 117

352 521 488 589 Quid
522 529 608 576 est
638 560 655 588 ,
683 519 747 573 In
774 518 957 589 virga!
986 516 1035 572 id
1067 525 1148 571 est
1170 556 1186 580 ,
1214 516 1267 571 in
1294 514 1642 586 castigatione
1670 554 1687 578 ,
1716 512 1771 567 in
1791 523 1913 578 sup-

354 614 512 680 p'icio
542 629 558 677 ;
588 612 687 666 hoc
714 619 793 664 est
816 652 831 676 ,
867 609 941 663 De
964 607 1140 663 medio
1167 606 1347 662 tollam
1379 647 1395 671 ,
1422 604 1702 661 excaecabo
1733 620 1746 657 :
1779 600 1922 672 quod

356 701 409 756 in
435 697 693 772 Sapphira
716 701 906 755 Petrus
936 698 1079 764 fecit,
1104 709 1155 753 et
1176 699 1294 767 ipse
1315 699 1366 751 in
1395 697 1580 768 Elyma
1610 709 1788 765 mago.
1810 692 1926 747 Non

354 792 499 847 enim
530 791 637 860 jam
667 791 835 858 dicit,
868 799 1136 860 tamquam
1175 805 1235 844 sc
1276 804 1396 843 cum
1438 787 1547 841 illis
1585 798 1925 855 comparans,

354 882 449 938 sed
487 898 604 937 cum
648 884 991 938 auctoritate.
1020 881 1086 935 Et
1109 883 1160 935 in
1191 879 1424 935 secunda
1460 879 1688 949 cpistola
1719 877 1820 932 hoc
1851 877 1930 945 ip-

352 990 469 1029 sum
496 975 670 1030 dicere
697 973 1119 1044 deprehenditur
1146 1014 1162 1037 ,
1205 987 1325 1027 cum
1355 972 1431 1025 ait
1458 988 1471 1023 :
1498 971 1578 1024 An
1616 969 1929 1039 experiamu-

352 1077 454 1120 tum
474 1066 692 1136 quwritis
717 1068 827 1137 ejus
852 1107 868 1133 ,
896 1067 983 1136 qui
1004 1067 1058 1119 in
1078 1081 1157 1118 me
1183 1064 1404 1134 loquitur
1422 1105 1435 1128 ,
1459 1061 1643 1117 Christi
1669 1061 1686 1129 (
1716 1060 1770 1114 2.
1807 1058 1924 1112 Cor.

350 1162 437 1215 15.
467 1160 566 1231 5)?
594 1159 659 1214 In
678 1161 823 1230 virga
845 1160 1041 1215 veniam
1072 1201 1087 1225 ,
1116 1175 1182 1211 an
1207 1159 1257 1210 in
1287 1157 1493 1210 caritate
1517 1155 1542 1207 .’
1567 1152 1704 1221 Quid
1735 1152 1876 1207 enim
1908 1190 1924 1216 ,

346 1251 399 1305 in
429 1252 573 1321 virga
617 1252 802 1307 venire
832 1291 848 1313 ,
880 1265 1056 1304 annon
1087 1249 1324 1303 caritatis
1351 1246 1374 1301 ?
1417 1244 1664 1300 Caritatis
1707 1242 1925 1312 quidem

346 1352 490 1407 erat;
519 1342 614 1397 sed
650 1344 771 1412 quia
797 1342 885 1411 qui
915 1342 1085 1410 diligit
1116 1380 1132 1407 ,
1165 1340 1245 1393 vix
1277 1338 1341 1391 ad
1372 1352 1580 1405 poenam
1609 1333 1924 1390 sumendam

344 1430 561 1487 ducitur
583 1473 598 1500 ,
624 1433 744 1487 ideo
766 1433 838 1487 ita
864 1432 1116 1501 loquitur.
1139 1430 1271 1485 Cum
1299 1443 1427 1498 ergo
1453 1430 1519 1482 de
1542 1426 1808 1496 supplicio
1837 1423 1922 1479 di-

343 1522 528 1586 cebat,
574 1537 676 1576 non
722 1521 875 1589 dixit,
930 1522 994 1576 Et
1032 1520 1220 1591 Spiritu
1269 1517 1541 1580 lenitatis,
1590 1516 1704 1580 sed,
1749 1513 1921 1583 Virga.

343 1614 606 1682 Quamvis
629 1614 757 1669 illud
780 1629 989 1684 quoque
1003 1613 1203 1682 Spiritu
1224 1610 1373 1665 fieret
1395 1630 1408 1665 :
1434 1619 1515 1665 est
1535 1610 1675 1664 enim
1704 1606 1923 1678 spiritus

344 1704 776 1760 mansuetudinis
804 1714 859 1758 et
879 1704 1094 1773 spiritus
1122 1702 1452 1767 severitatis;
1482 1716 1666 1755 verum
1684 1714 1790 1752 non
1813 1697 1924 1751 vult

342 1797 506 1852 illum
557 1798 628 1851 ita
656 1837 672 1861 ,
704 1797 798 1852 sed
854 1812 884 1851 a
932 1795 1325 1866 benignioribus
1370 1808 1584 1849 vocare.
1635 1792 1920 1859 Propterea

345 1890 497 1945 Deus
537 1904 748 1960 quoque
790 1890 999 1943 etiamsi
1042 1888 1261 1958 puniat,
1288 1886 1430 1957 quod
1458 1888 1529 1942 sit
1572 1885 1875 1939 misericors
1900 1924 1917 1948 ,

337 1981 665 2051 longanimis
681 1990 728 2034 et
754 1979 975 2034 diresin
998 1979 1361 2033 misericordia
1384 1988 1438 2032 et
1467 1975 1914 2041 miserationibus,

334 2088 486 2143 saepe
510 2072 742 2136 dicitur;
773 2071 916 2142 quod
939 2086 1070 2125 vero
1097 2072 1276 2140 puniat
1308 2113 1324 2137 ,
1355 2070 1519 2125 semel
1570 2079 1662 2123 aut
1698 2068 1778 2123 bis
1824 2076 1913 2122 aut

333 2174 489 2219 certe
518 2179 640 2217 raro
663 2205 677 2225 ,
704 2161 864 2231 idquc
890 2170 1110 2231 urgente
1132 2176 1310 2217 causa.
1355 2161 1417 2214 Et
1454 2159 1572 2213 vide
1597 2160 1913 2230 sapientiam

333 2255 512 2309 Pauli.
556 2253 689 2308 Cum
720 2262 1035 2322 potestatem
1064 2253 1281 2308 haberet
1312 2295 1327 2318 ,
1356 2254 1665 2307 alterutritts
1708 2252 1783 2307 rei
1823 2252 1917 2306 dat

338 2346 473 2415 ipsis
527 2346 796 2413 optionem
817 2387 832 2408 ,
862 2343 1047 2399 dicens
1080 2362 1093 2398 :
1128 2343 1266 2411 Quid
1298 2345 1443 2398 cultis
1470 2345 1494 2397 .9
1519 2358 1605 2398 res
1633 2352 1714 2399 est
1741 2343 1913 2413 posita

331 2438 388 2492 in
424 2447 594 2492 vestra
621 2446 902 2508 potestate.
932 2437 1142 2492 Etenim
1167 2445 1222 2492 et
1252 2437 1353 2491 hoc
1373 2446 1423 2490 ct
1442 2436 1566 2491 illud
1584 2444 1665 2492 est
1683 2436 1911 2505 positum

331 2529 394 2583 in
431 2539 609 2584 nostra
641 2538 906 2598 potestate
929 2571 944 2596 ,
976 2537 1034 2583 ut
1064 2528 1146 2583 vel
1175 2528 1226 2582 itt
1254 2528 1550 2597 gehennam
1573 2528 1868 2583 incidamus
1895 2568 1911 2595 ,

326 2620 424 2675 vel
453 2635 676 2689 regnum
703 2634 1091 2690 consequamur
1122 2637 1134 2672 :
1167 2620 1417 2690 quoniam
1451 2620 1592 2675 Deus
1620 2621 1697 2676 sic
1726 2621 1909 2674 voluit.

325 2710 473 2765 Ecce
494 2711 661 2775 enim,
693 2711 860 2780 inquit
877 2752 891 2776 ,
921 2713 1085 2781 ignem
1112 2720 1156 2764 et
1181 2727 1364 2780 aquam
1396 2726 1415 2762 :
1441 2711 1510 2764 ad
1536 2712 1673 2779 quod
1696 2712 1912 2765 volueris

322 2801 579 2857 extendes
602 2818 804 2855 manum
829 2812 965 2853 luant
986 2801 1170 2870 (Exli.
1197 2802 1282 2855 15.
1312 2801 1399 2856 16.
1426 2802 1477 2854 tu
1506 2799 1725 2872 Grazco);
1754 2811 1830 2867 et,
1852 2801 1913 2856 Si

324 2893 599 2948 volueritis
623 2934 639 2958 ,
669 2901 716 2946 et
754 2909 831 2946 me
874 2892 1136 2947 audieritis
1167 2932 1182 2958 ,
1234 2892 1362 2946 bona
1396 2902 1543 2946 terra:
1599 2892 1864 2946 comedetis
1894 2894 1908 2923 ¹

322 2987 489 3059 (ιεαξ.
526 2987 576 3039 t.
609 2984 719 3058 19).

400 3080 454 3134 5.
492 3077 725 3148 Regnum
772 3076 1010 3131 victorum
1051 3076 1300 3146 quomodo
1343 3076 1722 3147 (requirendum.
1749 3107 1818 3116 —
1844 3077 1914 3130 At

320 3171 564 3227 fortasse
585 3170 724 3225 dicet
747 3168 1032 3239 quispiam,
1056 3166 1209 3222 Volo.
1242 3169 1306 3222 Et
1329 3183 1491 3222 nemo
1518 3168 1589 3221 ita
1612 3169 1805 3223 stultus
1828 3177 1911 3222 est

322 3275 381 3319 ut
412 3263 545 3318 nolit
581 3305 594 3325 ,
624 3261 719 3316 sed
748 3276 852 3316 non
876 3261 1073 3316 sufﬁcit
1099 3261 1225 3315 mihi
1251 3262 1406 3316 velle.
1442 3260 1733 3316 Enimvero
1759 3260 1908 3315 suffi-

319 3355 421 3419 cit,
448 3354 491 3407 si
521 3350 654 3407 velis
676 3361 734 3405 ut
758 3360 990 3421 Oportet,
1018 3358 1071 3405 et
1098 3366 1158 3405 ea
1188 3349 1350 3405 facias
1374 3366 1491 3420 qute
1513 3351 1739 3405 volentis
1760 3359 1906 3405 sunt:

320 3459 472 3498 nunc
500 3442 677 3496 autem
708 3457 813 3495 non
842 3441 1128 3496 admodum
1154 3442 1253 3498 vis.
1286 3441 1351 3495 Et
1377 3441 1477 3496 hoc
1502 3442 1553 3495 itt
1582 3442 1701 3497 aliis
1728 3443 1912 3513 explo-

314 3550 517 3591 remus
548 3574 563 3597 ,
595 3534 639 3587 si
673 3533 864 3602 placet.
899 3533 992 3587 Dic
1022 3533 1163 3588 enim
1191 3533 1320 3587 mihi
1355 3574 1368 3596 ,
1414 3535 1503 3603 qui
1533 3534 1644 3588 vult
1688 3550 1909 3588 uxorem

313 3629 533 3682 ducere
568 3667 583 3689 ,
626 3626 826 3680 satisne
856 3624 1011 3680 habet
1051 3624 1190 3694 quod
1219 3626 1381 3679 velit?
1407 3623 1746 3695 Nequaquam
1774 3642 1788 3690 ;
1816 3625 1910 3679 sed

316 3720 488 3773 etiam
516 3717 790 3787 pronubas
815 3717 1001 3787 quaerit
1028 3757 1044 3783 ,
1073 3725 1128 3772 et
1153 3717 1354 3771 amicos
1386 3725 1538 3786 rogat
1566 3730 1745 3770 secum
1774 3716 1909 3787 vigi-

315 3810 437 3864 lent
455 3852 470 3877 ,
504 3808 868 3879 pecuniasque
893 3808 1108 3878 colligit.
1134 3807 1337 3862 Rursus
1360 3817 1643 3871 mercator,
1676 3823 1779 3861 non
1810 3807 1909 3861 do-

316 3901 391 3953 mi
417 3899 617 3954 sedens
639 3899 773 3954 satis
797 3899 956 3954 habet
979 3899 1119 3969 quod
1136 3899 1281 3965 velit,
1313 3898 1405 3953 sed
1428 3913 1615 3953 navem
1638 3897 1907 3963 conducit,

311 4000 371 4042 ct
396 3998 590 4043 nautas
613 3990 950 4061 remigesque
970 3990 1213 4061 colligit,
1246 3990 1520 4058 pecuniam
1551 3989 1641 4044 dat
1670 3989 1858 4046 faenori
1891 4031 1906 4056 ,

312 4083 462 4135 etde
486 4082 654 4147 locis,
677 4081 851 4152 deque
873 4098 1054 4138 rerum
1081 4081 1348 4138 venalium
1380 4081 1552 4151 pretio
1589 4082 1801 4136 curiose
1830 4082 1910 4135 in-

310 4173 508 4240 quirit.
529 4170 808 4237 Quomodo
826 4173 983 4245 igitur
999 4188 1103 4227 non
1132 4172 1417 4227 absurdum
1435 4171 1588 4227 fuerit
1608 4172 1658 4226 in
1682 4173 1909 4228 terrenis

313 4271 532 4316 tantam
565 4262 819 4319 adbibere
850 4280 1066 4331 curam;
1092 4264 1283 4319 caelum
1313 4273 1491 4319 autem
1521 4279 1699 4319 emere
1722 4265 1907 4319 volen-

312 4358 431 4415 tes,
456 4350 571 4405 sola
595 4351 862 4408 voluntate
890 4363 1171 4408 contentos
1199 4353 1363 4409 esse?
1404 4354 1513 4407 imo
1538 4369 1667 4408 vero
1710 4369 1777 4407 ne
1807 4353 1909 4409 hoc

314 4439 500 4509 ipsum
527 4458 650 4497 cum
696 4445 1008 4513 congruenti
1036 4445 1307 4516 diligentia
1337 4446 1626 4517 praestare?
1666 4445 1793 4500 Nam
1820 4446 1910 4516 qui

311 4530 442 4582 vult
471 4539 527 4584 ut
553 4541 787 4599 Oportet,
820 4548 907 4587 res
929 4548 1140 4603 quoque
1172 4536 1493 4605 aggreditur,
1541 4549 1658 4605 qua:
1698 4535 1763 4589 ad
1795 4551 1907 4590 rem

312 4622 615 4689 expetitum
643 4623 860 4678 ducunt.
891 4624 1105 4680 Etenim
1137 4628 1347 4696 quando
1376 4628 1582 4683 esuries
1618 4629 1913 4684 necessita-

316 4723 436 4768 tem
464 4714 620 4769 aﬂ‘crt
648 4716 774 4780 cibi,
819 4734 924 4773 non
949 4728 1227 4789 exspectas
1249 4731 1304 4774 ut
1328 4722 1574 4777 alimenta
1604 4728 1794 4791 sponte
1816 4736 1911 4778 sua

314 4804 387 4859 ad
426 4814 478 4860 te
506 4806 748 4873 veniant,
773 4808 867 4862 sed
898 4809 1030 4863 nihil
1059 4826 1164 4864 non
1192 4811 1305 4881 agis
1343 4819 1400 4865 ut
1439 4828 1614 4867 escam
1642 4814 1862 4883 colligas
1894 4829 1908 4866 :

311 4906 369 4951 et
408 4897 464 4951 in
488 4898 577 4953 siti
598 4908 655 4954 et
683 4901 734 4954 in
774 4898 991 4971 frigore,
1035 4903 1087 4955 in
1115 4903 1339 4973 aliisque
1385 4905 1631 4960 omnibus
1660 4922 1825 4961 navus
1852 4921 1912 4962 es

310 4996 371 5038 et
406 4988 476 5040 ad
503 5003 687 5042 curam
712 4988 954 5058 corporis
980 5002 1211 5061 paratus.
1243 4992 1355 5048 [loc
1373 5009 1501 5064 ergo
1519 4995 1658 5050 circa
1686 5012 1911 5066 regnum

313 5077 583 5131 cartorum
617 5079 800 5147 facito,
828 5089 883 5135 et
911 5083 1131 5138 omnino
1160 5085 1332 5154 ipsum
1373 5088 1739 5155 consequeris.
1792 5087 1914 5143 ldeo

313 5176 560 5237 namque
587 5176 641 5222 te
669 5168 841 5225 libero
860 5171 1077 5227 arbitrio
1105 5174 1381 5243 praetfttum
1412 5174 1538 5230 fecit
1568 5176 1733 5241 Deus,
1764 5186 1821 5231 ut
1847 5193 1915 5232 ne

317 5264 516 5325 postea
557 5274 785 5318 accuses
813 5278 935 5319 eum
964 5267 1113 5336 quasi
1144 5267 1465 5322 necessitate
1494 5267 1792 5337 colligatus.
1831 5269 1912 5325 Tu

322 5358 469 5411 vero
493 5356 559 5411 de
589 5357 675 5421 iis,
706 5364 934 5428 quorum
958 5360 1215 5418 honoiem
1243 5377 1302 5418 es
1330 5370 1712 5433 consequutus,
1743 5363 1809 5418 de
1829 5364 1914 5429 iis,

314 5447 571 5517 inquam,
595 5450 889 5523 indignaris
909 5448 935 5507 7
953 5454 1084 5509 Nam
1108 5456 1302 5513 multos
1325 5456 1500 5512 audivi
1521 5457 1785 5521 dicentes,
1813 5457 1918 5512 Cur

320 5553 420 5595 me
452 5537 578 5596 fecit
611 5541 847 5611 virtutis,
870 5542 919 5599 si
962 5545 1144 5613 velim,
1189 5549 1531 5618 compotem?
1558 5546 1664 5603 Sed
1705 5557 1919 5618 oporte-

367 5825 377 5831 .
397 5766 417 5799 ⁸
433 5763 547 5836 Duo
566 5768 954 5836 godd._al_terum
971 5770 1212 5836 addentes
1232 5769 1523 5823 versiculum
1546 5771 1719 5836 legunt
1744 5786 1757 5825 :
1785 5769 1918 5832 Quod

331 5828 377 5873 at
395 5828 662 5891 nolueritis,
681 5828 881 5893 gladius
905 5831 1149 5881 deterabit
1172 5844 1270 5882 rex.

652 5911 927 5970 Parnm.
973 5910 1089 5970 Gn.
1144 5909 1296 5970 LXI.

1393 398 1457 454 ΙΝ
1496 396 1708 453 EPIST.
1752 396 1769 450 l
1833 394 1927 450 AD
1964 392 2118 450 (20R.
2163 392 2391 449 IlOMlL.
2435 396 2576 452 XIV.

3520 402 3618 453 H8

2032 508 2192 564 batne
2213 518 2267 565 te
2292 510 2646 566 dormientem
2663 518 2718 566 et
2737 511 3135 575 dormitantem,
3155 511 3298 566 vitiis
3318 512 3611 567 addictum.

2034 599 2397 667 deliciantem,
2428 602 2598 657 ventri
2630 601 2994 672 indulgentem
3027 603 3079 658 in
3104 604 3292 659 ctelum
3322 603 3616 660 inducere?

2033 693 2102 747 At
2128 708 2159 747 a
2189 693 2316 748 vitio
2342 708 2450 748 non
2471 694 2848 751 abstinuisses.
2879 695 2935 750 Si
2965 697 3106 751 enim
3132 712 3273 752 nunc
3294 697 3615 753 instantibus

2032 782 2211 849 minis,
2242 799 2417 853 neque
2444 785 2522 840 sic
2548 801 2580 838 a
2605 786 2841 854 nequitia
2868 786 3106 845 abstines
3124 828 3141 854 ,
3188 789 3396 845 etiamsi
3423 790 3611 846 caelum

2034 873 2125 928 tibi
2177 875 2452 943 praemium
2494 877 2879 945 proposuisset,
2907 879 3245 947 quandouam
3292 882 3614 938 ccssavisses

2034 962 2149 1018 fieri
2178 965 2457 1021 socordior
2479 975 2535 1020 et
2566 967 2737 1022 multo
2766 968 3040 1024 deterior?
3075 969 3190 1024 Non
3238 972 3382 1025 enim
3437 972 3614 1028 dicere

2030 1057 2226 1123 possis,
2258 1055 2503 1111 Ostendit
2529 1058 2743 1126 quidem
2774 1058 2937 1125 bona,
2980 1060 3076 1115 sed
3103 1076 3258 1130 opem
3300 1079 3405 1117 non
3448 1064 3563 1117 tulit
3596 1081 3609 1116 :

2032 1146 2256 1202 multum
2288 1149 2431 1203 enim
2457 1150 2637 1204 auxilii
2675 1151 2767 1205 tibi
2798 1153 3099 1220 pollicetur.
3131 1155 3237 1209 Sed
3291 1156 3480 1221 virtus,
3529 1158 3608 1212 in-

2031 1239 2200 1307 quies,
2224 1254 2449 1295 onerosa
2479 1249 2563 1295 est
2588 1251 2643 1297 ct
2671 1243 2930 1308 molesta;
2960 1259 3082 1299 cum
3111 1245 3238 1300 vitio
3262 1257 3441 1303 autem
3474 1249 3611 1303 ntul-

2031 1338 2141 1383 tum
2172 1332 2550 1386 commiscetur
2581 1333 2896 1401 voluptatis;
2945 1344 2998 1389 ct
3043 1335 3145 1391 hoc
3185 1338 3399 1406 quidem
3446 1340 3606 1394 latum

2028 1430 2109 1474 est
2137 1430 2189 1474 ct
2217 1421 2529 1490 spatiosum,
2552 1428 2719 1478 virtus
2733 1435 2911 1480 autem
2938 1435 3082 1481 arcta
3104 1436 3158 1481 et
3184 1440 3424 1498 angusta.
3446 1430 3603 1493 Num,

2027 1528 2230 1581 quzcso,
2262 1528 2477 1584 semper
2500 1531 2565 1569 an
2603 1517 2670 1571 ab
2701 1518 2851 1571 initio
2876 1519 3035 1575 ambo
3064 1519 3327 1589 ejusmodi
3361 1520 3606 1577 fuerunt?

2029 1604 2101 1659 De
2131 1606 2322 1661 virtute
2352 1608 2494 1661 enim
2528 1606 2725 1662 invitus
2749 1608 2882 1664 dicis
2911 1624 2973 1665 ea
3000 1627 3118 1680 qua:
3135 1612 3300 1679 dicis;
3322 1613 3393 1668 ita
3416 1622 3605 1684 potens

2024 1704 2105 1749 est
2128 1697 2342 1751 veritas.
2369 1696 2499 1750 Nam
2535 1699 2578 1752 si
2609 1699 2726 1754 dua:
2770 1710 2950 1756 essent
2989 1702 3108 1768 vim,
3152 1719 3375 1772 quarum
3408 1705 3507 1759 alia
3538 1706 3603 1758 ad

2024 1784 2317 1852 fornacem,
2348 1788 2449 1843 alia
2474 1789 2539 1844 ad
2569 1791 2872 1859 paradisum
2900 1793 3142 1861 duceret,
3177 1806 3228 1850 et
3257 1796 3362 1850 lata
3388 1798 3600 1867 quidem

2022 1880 2087 1934 ad
2126 1881 2417 1945 fornacem,
2451 1890 2596 1936 arcta
2618 1898 2746 1939 vero
2766 1884 2831 1940 ad
2856 1886 3155 1953 paradisum
3189 1904 3203 1941 :
3236 1897 3409 1942 utram
3437 1890 3601 1958 elige-

2020 1986 2108 2026 res
2140 1972 2323 2028 viam?
2352 1972 2574 2029 Etiamsi
2601 1974 2746 2029 enim
2774 1990 2914 2030 nunc
2942 1976 3218 2045 disputans
3237 1978 3568 2034 contradicas
3586 2022 3599 2043 ,

2020 2064 2359 2132 quantumvis
2385 2064 2668 2134 impudens
2687 2065 2873 2132 fueris,
2900 2067 2966 2122 iis
2984 2083 3100 2138 quae
3126 2068 3178 2123 in
3208 2070 3455 2126 confesso
3480 2082 3604 2126 sunt

2019 2170 2127 2208 non
2156 2156 2355 2224 poteris
2394 2158 2782 2213 contradicere.
2826 2157 2961 2213 Nam
3014 2158 3159 2229 quod
3209 2176 3271 2215 ea
3316 2161 3385 2215 sit
3435 2164 3600 2232 magis

2019 2247 2284 2317 eligenda,
2311 2264 2428 2317 qua:
2452 2249 2816 2305 habetdurum
2840 2251 3067 2318 initium,
3091 2266 3196 2307 non
3217 2262 3394 2308 autem
3415 2252 3595 2313 tinem.

2019 2338 2177 2392 abiis
2204 2354 2322 2409 quae
2374 2340 2424 2392 in
2456 2349 2702 2410 promptu
2752 2351 2877 2397 sunt
2915 2340 3111 2397 docere
3160 2345 3414 2399 conabor.
3448 2345 3516 2400 Et
3553 2346 3596 2400 si

2019 2430 2210 2498 placet,
2242 2440 2385 2486 artes
2416 2433 2643 2501 primum
2671 2443 2993 2491 tractemus:
3016 2436 3119 2492 illtc
3140 2452 3369 2506 namque
3391 2438 3596 2493 initium

2021 2520 2201 2575 labore
2229 2523 2438 2592 plenum
2471 2523 2690 2593 habent,
2736 2525 2896 2581 finem
2938 2542 3067 2583 vero
3116 2538 3500 2600 qumstuosum.
3532 2532 3598 2584 At

2018 2628 2195 2679 nemo,
2226 2614 2453 2684 inquies,
2486 2624 2658 2671 artem
2684 2619 2879 2689 attigit,
2907 2620 3008 2675 nisi
3034 2637 3062 2675 a
3101 2625 3350 2692 quapiam
3378 2639 3596 2695 cogere-

2018 2715 2121 2759 tur.
2150 2705 2279 2758 Nam
2312 2706 2354 2759 si
2380 2721 2509 2774 puer
2529 2707 2608 2761 sui
2631 2708 2767 2776 juris
2797 2711 2887 2775 sit,
2910 2711 3075 2767 malet
3104 2712 3155 2766 in
3185 2713 3390 2768 deliciis
3420 2716 3595 2769 vivere

2017 2794 2189 2861 initio,
2208 2796 2331 2850 etin
2355 2797 2460 2851 line
2482 2780 2754 2853 innumera
2772 2802 2976 2869 perpeti
3006 2802 3164 2869 mala,
3190 2818 3347 2872 quam
3378 2804 3429 2858 itt
3454 2805 3597 2874 prin-

2015 2888 2154 2957 cipio
2201 2889 2397 2944 misere
2446 2891 2654 2957 vivere,
2702 2900 2757 2946 et
2805 2892 3048 2948 laborum
3102 2894 3313 2949 illorum
3364 2895 3592 2949 fructum

2016 2992 2197 3051 postea
2222 2984 2453 3053 assequi.
2481 2984 2621 3055 Ergo
2639 2985 2727 3039 illa
2753 2985 2954 3056 eligere
2982 2986 3384 3056 estorpltanicre
3404 2988 3595 3043 mentis

2015 3084 2070 3129 et
2099 3076 2313 3144 puerilis
2336 3077 2599 3133 socordiae
2623 3096 2638 3141 ;
2666 3080 2938 3134 contraria
2980 3093 3110 3134 vero
3135 3079 3409 3149 prudentis
3436 3089 3491 3136 et
3517 3080 3596 3134 vi-

2014 3166 2128 3219 rilis
2154 3167 2334 3221 animi.
2362 3168 2453 3223 Sic
2478 3169 2636 3240 igitur
2662 3180 2715 3225 et
2742 3184 2860 3235 nos,
2894 3169 2997 3225 nisi
3025 3169 3206 3224 animo
3232 3170 3377 3239 pueri
3403 3171 3590 3238 simus,

2015 3273 2119 3313 non
2152 3259 2227 3314 illi
2264 3260 2504 3330 orphano
2532 3270 2587 3316 et
2637 3262 2844 3326 insano,
2883 3262 2977 3317 sed
3027 3262 3351 3332 illi‘patrem
3380 3263 3592 3319 habenti

2014 3350 2214 3405 similes
2258 3352 2478 3405 erimus.
2504 3350 2727 3421 Oportet
2750 3368 2877 3423 ergo
2919 3353 3174 3423 puerilem
3201 3362 3434 3409 mentem
3462 3353 3596 3425 abji—

2013 3454 2157 3507 cere,
2182 3456 2286 3495 non
2316 3450 2491 3496 autem
2520 3457 2607 3496 res
2637 3443 2778 3513 ipsas
2801 3458 3076 3510 accusare,
3106 3453 3160 3499 et
3200 3447 3435 3515 aurigam
3465 3461 3593 3500 con-

2014 3530 2249 3584 scientiae
2284 3532 2592 3600 imponere;
2636 3533 2724 3600 qui
2751 3548 2857 3586 non
2902 3533 3042 3587 sinat
3067 3535 3242 3588 ventri
3280 3535 3551 3603 indulgere
3576 3577 3590 3594 .

2015 3618 2107 3674 sed
2135 3635 2349 3674 currere
2380 3628 2432 3674 et
2458 3620 2758 3675 decertare.
2800 3620 3079 3686 Quomodo
3114 3621 3253 3675 enim
3308 3622 3592 3677 absurdum

2015 3726 2120 3767 non
2149 3711 2329 3776 fuerit,
2361 3726 2556 3780 pueros
2603 3727 2723 3766 cum
2756 3712 2938 3767 labore
2967 3720 3021 3767 et
3041 3711 3237 3767 sudore
3268 3713 3470 3767 initium
3497 3713 3594 3768 du-

2015 3816 2138 3857 cere
2165 3802 2215 3855 in
2256 3802 2413 3856 rebus
2443 3818 2560 3873 qua:
2585 3803 2845 3873 principia
2874 3801 3073 3858 habent
3114 3804 3396 3868 laboriosa,
3433 3804 3590 3860 finem

2014 3901 2190 3947 autem
2240 3893 2528 3963 gratiosum
2558 3912 2571 3959 ;
2601 3909 2697 3949 nos
2724 3904 2899 3950 autem
2928 3897 3200 3951 contrario
3245 3897 3406 3952 modo
3454 3898 3591 3953 allici

2014 4001 2137 4057 erga
2166 4001 2251 4040 res
2278 3987 2627 4056 spirituales?
2680 3988 2903 4044 Etiamsi
2950 3988 3004 4045 in
3041 3989 3200 4045 rebus
3251 3989 3594 4046 saecularibus

2013 4093 2118 4132 non
2152 4078 2368 4132 omnino
2392 4090 2597 4134 certum
2647 4081 2717 4134 sit
2766 4080 2924 4135 finem
2953 4082 3067 4137 fore
3093 4081 3313 4136 bonum.
3343 4082 3474 4137 Nam
3499 4084 3599 4138 im—

2013 4178 2217 4223 matura
2242 4184 2408 4237 mors,
2429 4179 2732 4240 paupertas,
2753 4171 3124 4242 sycophantia,
3150 4188 3327 4227 rerum
3348 4176 3596 4228 mutatio.

2013 4273 2108 4314 nes
2136 4268 2189 4313 et
2218 4260 2409 4314 similia
2441 4261 2628 4326 multa,
2673 4270 2794 4332 post
2820 4263 3019 4317 multos
3062 4262 3274 4318 labores
3319 4275 3377 4317 ut
3420 4264 3595 4319 fructu

2014 4352 2286 4421 privemur
2310 4350 2567 4406 efficiunt.
2592 4352 2647 4408 Si
2672 4369 2797 4407 vero
2819 4354 2976 4409 iidem
3006 4353 3145 4421 quod
3176 4361 3423 4423 qurerunt
3445 4368 3595 4409 asse~

2014 4452 2265 4511 quantur,
2285 4458 2387 4496 non
2412 4457 2658 4512 magnum
2682 4444 2974 4512 percipient
2997 4443 3253 4508 fructum;
3275 4444 3325 4497 in
3346 4446 3595 4513 praasent'v

2016 4548 2245 4603 namque
2271 4533 2374 4585 vita
2406 4532 2494 4586 illa
2524 4533 2701 4587 omnia
2731 4532 3115 4588 dissolvuntur.
3146 4534 3242 4589 llic
3290 4545 3469 4589 autem
3486 4550 3593 4590 non

2015 4627 2278 4680 currimus
2296 4640 2391 4694 pro
2414 4624 2718 4695 hujusmodi
2748 4626 2906 4681 rebus
2925 4625 3128 4697 frigidis
3149 4635 3203 4681 ct
3224 4627 3401 4694 ﬂuxis,
3428 4642 3597 4698 neque

2017 4713 2083 4769 de
2114 4714 2214 4768 fine
2247 4716 2523 4779 timemus;
2556 4715 2648 4769 sed
2678 4716 2848 4786 major
2874 4724 2926 4770 et
2950 4717 3190 4772 securior
3216 4733 3341 4788 Spes
3367 4728 3449 4773 est
3481 4728 3599 4787 post

2017 4807 2307 4864 discessum
2334 4825 2397 4863 ex
2429 4807 2527 4863 hac
2556 4808 2681 4863 vita.
2711 4809 2966 4877 Quaenam
2993 4825 3119 4879 ergo
3145 4812 3297 4864 venia
3329 4811 3451 4877 erit,
3481 4826 3599 4882 quae

2018 4902 2289 4955 excusatio
2321 4899 2624 4954 nolentibus
2653 4900 2800 4956 adire
2831 4901 3038 4956 labores
3065 4918 3163 4973 pro
3192 4904 3389 4958 virtute
3424 4903 3597 4959 susci-

2020 4992 2280 5061 piendos?
2306 4990 2407 5045 Sed
2440 4990 2613 5045 adhuc
2631 4992 2979 5063 interrogant,
3002 4995 3108 5049 Cur
3133 5004 3353 5064 angusta
3380 4995 3599 5049 estvia?

2019 5084 2099 5139 Ad
2123 5085 2294 5154 regias
2318 5085 2462 5138 aedes
2491 5092 2728 5139 terrenas
2755 5100 2856 5140 non
2881 5086 3014 5140 sinis
3034 5086 3231 5141 intrare
3251 5095 3600 5142 scortatorem

2020 5191 2337 5246 quemquam
2383 5175 2466 5230 vel
2517 5172 2721 5229 ebrium
2775 5186 2866 5230 aut.
2922 5176 3168 5241 mollem;
3213 5185 3267 5231 et
3310 5178 3361 5230 in
3413 5178 3600 5233 caelum

2022 5266 2194 5336 ipsum
2217 5282 2338 5322 cum
2367 5265 2600 5330 licentia,
2630 5264 2857 5331 deliciis,
2883 5265 3162 5332 ebrietate,
3193 5266 3410 5322 avaritia
3429 5268 3601 5323 vitiis-

2022 5373 2125 5429 que
2148 5359 2413 5423 omnibus,
2448 5356 2692 5411 homines
2728 5350 2903 5412 induci
2959 5358 3151 5428 rogas?
3197 5374 3262 5413 an
3316 5360 3419 5415 hoc
3449 5360 3598 5414 venia

2024 5451 2239 5517 dignum
2278 5450 2391 5504 est?

2095 5543 2148 5595 4.
2178 5539 2292 5596 Νοη
2319 5542 2442 5605 hoc,
2471 5541 2701 5612 inquies,
2729 5538 2995 5608 dico;st
3017 5558 3113 5597 cur
3138 5543 3303 5597 virtus
3327 5557 3433 5595 non
3460 5538 3598 5592 viam

2027 5636 2190 5689 latam
2217 5634 2415 5689 habet?
2440 5636 2597 5707 Atqui
2639 5637 2683 5690 si
2710 5637 2952 5702 velimus,
2983 5630 3267 5691 admodum
3296 5631 3462 5687 facilis
3485 5628 3601 5682 erit.

2035 5728 2169 5796 Quid
2199 5729 2364 5792 enim,
2395 5743 2597 5798 quatso,
2644 5729 2850 5784 facilius
2873 5737 2974 5793 est,
3005 5740 3284 5781 murumne
3310 5719 3602 5791 perforare.

2035 5830 2086 5875 et
2114 5822 2337 5876 alierum
2367 5822 2518 5876 bonis
2544 5821 2766 5893 direptis
2791 5823 2840 5875 in
2865 5834 3134 5874 carcerem
3155 5812 3342 5881 conjici
3365 5827 3377 5874 ἱ
3408 5823 3472 5861 an
3500 5808 3610 5863 Si“5

3211 5913 3248 5973 8
