3986 6202
374 255 477 313 ΗΘ

372 378 682 430 contentum
727 365 869 421 omni
913 371 1057 420 metu
1084 375 1203 414 csse
1233 353 1497 413 liberum?
1524 353 1682 424 Atqui
1709 366 1815 407 non
1842 351 1951 409 dixi

374 474 565 519 totum.
588 459 725 528 Quid
754 458 898 515 enim
928 453 1158 518 facilius,
1187 449 1273 505 die
1299 447 1451 509 mihi,
1481 461 1546 500 an
1565 460 1690 500 cum
1716 442 1956 497 omnium

375 557 514 611 bona
542 548 873 623 snbripncris
897 587 914 613 ,
958 556 1013 599 et
1036 558 1106 600 ex
1136 540 1321 612 paucis
1356 538 1521 593 breve
1548 545 1757 606 tempus
1784 533 1837 587 in
1865 531 1961 587 de-

374 646 514 702 liciis
536 641 734 714 egeris,
764 634 1139 694 immortaliter
1165 629 1397 702 torqueri
1423 636 1477 683 et
1504 627 1681 697 flagris
1706 623 1863 689 credi,
1891 638 1958 677 an

377 753 498 793 cum
523 738 579 790 in
605 734 745 805 iusta
783 735 1093 801 paupertate
1131 723 1329 778 vixeris
1355 733 1517 791 parvo
1547 730 1807 787 tempore,
1836 729 1959 783 per-

375 837 538 898 petuo
567 833 749 895 postea
774 821 827 875 in
853 817 1063 875 deliciis
1101 814 1300 886 agere?
1324 810 1561 866 nondum
1596 807 1962 863 examinemus

375 917 501 990 quid
523 915 595 972 sit
619 912 966 976 fructuosius,
993 906 1089 962 sed
1129 906 1340 961 interim
1371 899 1497 973 quid
1539 901 1609 955 sit
1636 898 1865 952 facilius.

460 1009 760 1065 Virtus-non
792 1014 880 1059 est
921 1015 1125 1070 aspera.
1153 1026 1225 1040 -—
1251 995 1387 1069 Quid
1430 991 1718 1063 jucundius
1755 995 1964 1058 gratum

376 1101 559 1156 videre
575 1096 863 1157 somnium,
879 1100 934 1148 et
950 1105 1077 1146 vere
1099 1087 1359 1158 supplicio
1378 1084 1515 1139 afliei
1536 1100 1551 1149 ;
1573 1090 1664 1136 aut
1683 1078 1968 1134 molestum

382 1194 651 1251 somnium
681 1188 900 1255 vidisse,
930 1194 983 1241 ct
1010 1197 1137 1238 vere
1163 1179 1441 1237 deliciari?
1468 1191 1643 1231 annon
1684 1175 1856 1245 palam
1885 1180 1969 1228 est

383 1281 793 1353 hoejucundins
816 1275 977 1333 esse?
996 1272 1280 1343 Quomodo
1306 1270 1484 1342 igitur,
1512 1268 1598 1323 dic
1626 1265 1754 1321 mihi
1771 1306 1789 1332 ,
1817 1279 1972 1334 aspe-

386 1392 501 1431 ram
535 1384 694 1428 vocas
720 1367 1021 1426 virtutem?
1063 1378 1255 1436 aspera
1281 1362 1481 1416 ctenim
1513 1367 1626 1425 est,
1658 1358 1701 1412 si
1729 1372 1848 1410 cum
1879 1370 1971 1410 nec

386 1466 639 1538 gligeutia
667 1470 851 1519 nostra
895 1468 1256 1528 comparetur.
1290 1452 1442 1523 Quod
1470 1451 1610 1506 enim
1632 1450 1701 1503 sit
1728 1446 1894 1503 facilis
1917 1455 1973 1502 et

389 1559 590 1625 suavis,
618 1555 741 1610 audi
766 1552 891 1624 quid
918 1551 1060 1607 dicat
1087 1548 1336 1605 Christus
1367 1563 1381 1600 :
1410 1543 1603 1612 Iugum
1628 1556 1795 1594 meum
1821 1553 1975 1594 suave

387 1661 482 1714 cst,
512 1658 558 1702 ct
589 1662 720 1701 onus
746 1660 913 1698 meum
936 1642 1041 1697 leve
1066 1638 1292 1711 (Matth.
1316 1637 1402 1692 11.
1421 1636 1548 1703 ΞΟ).
1578 1632 1633 1689 Si
1659 1640 1837 1686 autem
1866 1644 1971 1684 non

390 1743 560 1797 scutis
585 1739 876 1801 levitatem,
903 1734 1243 1805 perspicuum
1267 1740 1347 1785 est
1373 1738 1423 1783 te
1454 1744 1558 1781 non
1584 1724 1863 1779 robustum
1882 1722 1977 1777 ba-

392 1836 519 1889 berc
544 1833 801 1886 animum.
829 1827 979 1884 Sicut
1005 1826 1149 1881 enim
1176 1837 1297 1878 eum
1341 1819 1500 1874 talem
1532 1818 1717 1881 babes,
1750 1828 1976 1871 onerosa

392 1926 527 1980 levia
557 1933 681 1979 sunt
707 1940 721 1976 :
751 1921 830 1977 sic
852 1935 973 1975 cum
1005 1933 1111 1972 non
1164 1914 1354 1980 habes,
1386 1912 1523 1967 levia
1566 1919 1691 1964 sunt
1723 1922 1975 1964 onerosa.

391 2017 529 2087 Quid
576 2015 743 2078 enim,
800 2024 1005 2084 quasso,
1059 2008 1274 2063 suavius
1318 2013 1455 2068 erat,
1501 2017 1659 2073 quam
1700 2013 1885 2055 mensa
1913 2013 1980 2054 ex

396 2123 612 2175 manna,
641 2106 767 2179 quid
795 2113 981 2177 paratu
1010 2099 1257 2157 facilius?
1281 2096 1384 2154 Sed
1414 2111 1554 2166 a-gre
1603 2093 1845 2150 ferebant
1883 2090 1980 2147 Ju-

393 2201 495 2256 (Ιτρί
539 2198 734 2254 talibus
783 2196 1020 2251 fruentes
1069 2191 1296 2248 deliciis.
1344 2188 1480 2256 Quid
1534 2186 1675 2241 fame
1700 2184 1980 2250 acerbius,

399 2305 609 2348 necnon
648 2289 769 2343 aliis
810 2284 1113 2352 laboriosis,
1160 2298 1280 2354 qum
1308 2295 1495 2352 passus
1521 2287 1606 2335 est
1654 2277 1890 2332 Paulus?
1921 2279 1987 2330 At

400 2384 492 2439 ille
515 2380 836 2445 exsultabat,
865 2375 1234 2434 delectabatur
1256 2389 1321 2429 ac
1346 2372 1588 2428 diccbat:
1613 2369 1764 2423 Num:
1789 2367 1985 2440 gaudeo

402 2479 455 2530 in
486 2474 806 2545 passionibus
834 2471 956 2526 meis
986 2469 1122 2541 (Col.
1158 2469 1207 2523 1.
1236 2466 1354 2539 24).
1377 2467 1506 2535 Qua:
1533 2475 1610 2521 est
1639 2479 1767 2533 ergo
1792 2461 1987 2518 causa?

402 2566 580 2622 Animi
606 2563 926 2620 differentia.
956 2560 1012 2617 Si
1040 2560 1200 2631 igitur
1243 2558 1479 2612 animum
1521 2565 1577 2609 ut
1603 2564 1811 2625 oportet
1833 2553 1991 2607 ador-

408 2659 638 2723 naveris,
681 2656 891 2711 virtutis
941 2653 1247 2709 facilitatem
1290 2649 1514 2706 videbis.
1558 2648 1694 2715 Quid
1723 2661 1873 2716 ergo,
1912 2646 1992 2700 in-

402 2753 580 2822 quies,
601 2750 791 2806 talisne
808 2749 867 2804 fit
880 2763 946 2804 ex
967 2761 1153 2803 eorum
1179 2745 1267 2816 qui
1291 2743 1434 2798 illam
1450 2739 1747 2812 suscipiunt
1761 2738 1993 2793 affectu?

407 2842 524 2897 Non
556 2857 623 2896 ex
649 2840 842 2896 affectu
872 2838 1036 2893 animi
1061 2837 1258 2902 solum,
1281 2834 1374 2889 scd
1407 2840 1593 2887 natura
1619 2846 1710 2886 sua
1742 2830 1863 2885 talis
1888 2838 1990 2885 cst.

411 2932 625 2987 Etenim
683 2931 727 2985 si
772 2943 986 3000 semper
1043 2928 1132 2981 illa
1176 2934 1320 2981 esset
1374 2923 1661 2987 laboriosa,
1716 2930 1770 2977 et
1806 2921 1991 2975 vitium

411 3025 634 3079 omnino
679 3031 907 3090 contra,
958 3021 1077 3092 jure
1126 3020 1245 3090 quis
1295 3033 1480 3074 eorum
1538 3018 1627 3088 qui
1691 3016 1822 3087 lapsi
1872 3023 1997 3070 sunt

415 3117 617 3172 diceret
662 3115 852 3169 vitium
901 3128 1023 3169 esse
1075 3112 1283 3166 facilius
1336 3111 1532 3165 virtute
1588 3128 1601 3164 :
1648 3109 1692 3164 si
1746 3123 1875 3164 vero
1919 3111 1998 3163 in-

419 3208 569 3262 itium
612 3205 845 3261 habeant
896 3204 984 3259 illa
1032 3203 1247 3269 durum,
1289 3201 1391 3257 hoc
1416 3215 1612 3266 suave;
1658 3199 1779 3253 linis
1817 3209 1995 3254 autem

418 3308 654 3354 aeternus
711 3296 855 3352 illius
909 3296 981 3352 sit
1030 3295 1252 3362 suavis,
1306 3291 1464 3362 hujus
1517 3293 1730 3363 gravis,
1777 3304 1994 3357 utrum,

416 3406 640 3463 qumso,
692 3398 752 3448 ut.
814 3387 1025 3443 facilius
1081 3386 1291 3454 eligas?
1351 3383 1461 3441 Cur
1508 3399 1636 3454 ergo
1690 3383 1838 3437 multi
1893 3399 1999 3437 non

414 3487 616 3556 eligunt
644 3482 696 3538 id
740 3481 885 3554 quod
917 3479 1123 3536 facilius
1175 3480 1300 3534 est?
1347 3477 1483 3545 Quia
1528 3478 1618 3531 alii
1649 3478 1861 3548 quidem
1895 3493 2000 3532 non

415 3574 677 3640 credunt;
718 3573 807 3628 alii
833 3586 963 3629 vero
991 3570 1114 3627 licet
1139 3570 1440 3634 credentes,
1468 3579 1778 3639 corruptum
1809 3569 2004 3625 itabcul

417 3669 653 3722 animum
675 3708 690 3733 ,
718 3675 774 3722 et
803 3674 1202 3735 temporaneam
1224 3664 1549 3733 voluptatem
1575 3672 1790 3718 aeternas
1811 3671 2007 3734 przctu-

420 3760 597 3815 leriut.
627 3757 724 3811 Est
748 3771 877 3827 ergo
917 3756 1022 3811 hoc
1057 3754 1251 3810 facile?
1280 3755 1393 3808 Non
1418 3754 1591 3818 facile,
1615 3755 1708 3810 sed
1738 3770 1802 3809 ex
1833 3755 2005 3809 imbe-

421 3850 546 3903 cillo
571 3847 750 3901 animo
789 3847 892 3902 hoc
942 3847 1205 3915 provenit.
1257 3847 1336 3901 Ac
1378 3845 1827 3915 quemadmodum
1873 3845 2004 3901 febri

424 3939 746 4004 laborantes,
799 3950 905 3991 non
946 3936 1069 4007 quia
1111 3935 1395 4006 iucundius
1433 3945 1514 3991 est
1568 3936 1717 3991 brevi
1769 3946 2008 4008 tempore

423 4029 687 4096 deliciari,
717 4043 875 4099 quam
903 4041 1120 4098 semper
1143 4028 1249 4092 uri,
1280 4026 1401 4082 ideo
1425 4037 1606 4083 amant
1650 4037 1833 4097 potum
1859 4043 2009 4098 aquae

404 4120 652 4194 J‘rigidze,
675 4120 769 4176 sed
786 4121 907 4192 quia
933 4120 1217 4176 absurdam
1236 4119 1577 4190 cupiditatem
1600 4119 1877 4174 continere
1903 4136 2008 4175 non

426 4223 650 4285 possunt
681 4232 695 4269 :
724 4212 801 4267 sic
825 4221 881 4269 et
907 4212 1013 4267 isti.
1047 4211 1206 4283 Atqui
1237 4212 1281 4267 si
1307 4209 1428 4283 quis
1456 4210 1519 4265 ad
1548 4210 1866 4282 supplicium
1891 4211 2011 4268 illos

423 4324 544 4364 cum
579 4307 849 4380 voluptate
881 4307 1123 4373 duceret,
1164 4323 1497 4380 nequaquam
1529 4308 1700 4380 ipsum
1734 4307 2007 4379 eligerent.

424 4403 670 4460 Vidistin‘
686 4404 956 4475 quomodo
972 4419 1080 4460 non
1103 4403 1258 4460 facile
1282 4407 1355 4460 sit
1378 4404 1605 4479 vitium?
1634 4404 1687 4459 Si
1710 4404 1789 4483 vis
1810 4413 2010 4465 autem,

428 4497 531 4552 hoc
561 4498 757 4552 iterum
803 4498 857 4552 in
896 4499 1026 4570 ipsis
1075 4497 1237 4554 rebus
1266 4499 1621 4554 excutiamus.
1657 4497 1794 4565 Quid
1843 4498 2011 4563 enim,

426 4603 632 4659 quaeso,
661 4587 890 4656 dulcius,
918 4590 1045 4664 quid
1087 4590 1294 4647 facilius
1313 4590 1432 4645 est?
1462 4589 1567 4645 Sed
1595 4605 1661 4645 ne
1689 4591 1881 4645 iterum
1927 4605 2015 4645 res

429 4697 494 4735 ex
528 4680 814 4735 multorum
855 4681 1146 4751 cupiditate
1186 4681 1491 4752 judicemus
1534 4698 1548 4736 :
1582 4696 1755 4751 neque
1780 4683 1921 4737 enim
1947 4683 2014 4738 ab

431 4771 832 4842 trgi-ulantibus,
860 4771 956 4826 sed
1004 4787 1033 4824 a
1062 4772 1198 4827 bene
1240 4770 1539 4827 valentibus
1579 4771 1839 4827 calculum
1876 4772 2018 4830 ferre

432 4870 665 4932 oportet.
700 4860 894 4933 Neque
936 4862 1080 4916 enim
1110 4862 1153 4915 si
1197 4861 1445 4918 millenos
1475 4862 1603 4917 mihi
1654 4861 2017 4920 febricitantes

430 4953 705 5022 ostendas,
756 4954 849 5028 qui
902 4953 1114 5009 sanitati
1142 4956 1411 5010 contraria
1451 4964 1712 5030 qumrant,
1744 4964 1799 5010 et
1832 4955 2019 5011 malint

434 5056 618 5118 postea
666 5046 930 5119 supplicio
980 5044 1151 5113 affici,
1206 5046 1363 5100 talem
1419 5061 1670 5116 umquam
1709 5045 2018 5101 admiserim

433 5131 731 5210 optionem.
780 5140 916 5211 Quid
944 5138 1185 5207 facilius,
1215 5139 1466 5212 inquam,
1496 5139 1584 5196 die
1613 5140 1778 5208 mihi,
1824 5140 2019 5196 multas

435 5231 817 5300 concupiscere
845 5234 1127 5304 pecunias,
1172 5249 1239 5290 an
1275 5233 1375 5289 hac
1399 5233 1690 5303 cupiditate
1718 5248 1839 5288 esse
1858 5247 2019 5303 supe-

434 5323 672 5379 riorem?
721 5323 833 5379 lloc
886 5333 1035 5381 certe
1086 5333 1435 5395 postremum,
1487 5333 1546 5379 ut
1584 5323 1716 5379 mihi
1762 5323 2017 5379 videtur:

431 5422 478 5477 si
525 5428 705 5475 autem
756 5420 869 5491 ipse
913 5434 1020 5476 non
1073 5420 1271 5486 credis,
1320 5420 1387 5474 ad
1424 5433 1513 5475 res
1545 5420 1691 5491 ipsas
1712 5433 2014 5476 sermonem

432 5516 716 5572 ducamus.
746 5514 814 5570 Et
859 5514 932 5570 sit
976 5514 1244 5586 quispiam
1270 5513 1361 5584 qui
1391 5512 1585 5567 multas
1626 5513 1833 5585 cupiat,
1883 5512 2020 5568 alius

435 5622 568 5663 vero
613 5607 703 5678 qui
757 5607 931 5663 nullas
958 5622 973 5662 :
997 5606 1124 5679 quid
1152 5620 1283 5677 ergo
1326 5602 1521 5661 melius
1545 5645 1560 5671 ,
1589 5604 1674 5660 die
1700 5606 1829 5663 mihi
1850 5646 1865 5671 ,
1893 5602 2020 5674 quid

435 5699 753 5756 honestius?

1149 246 1208 302 S.
1247 241 1523 299 JO.\N.\'lS
1556 236 2023 295 CiiRYSllSTOMl
2063 237 2377 296 ARCHiEP.
2415 237 2944 297 CONSTANTINOP.

3526 200 3646 291 'tsu

2134 350 2191 407 5.
2225 347 2572 411 Pecuniurnm
2611 356 2865 428 cupiditas
2909 363 3096 428 quanta
3140 354 3348 409 inducat
3391 355 3547 408 uiola.
3577 385 3651 396 «-

2062 443 2168 501 Sed
2194 443 2298 501 hoc
2322 445 2536 516 quidem
2568 450 2789 505 mitatur
2834 465 2848 504 :
2880 448 2932 503 in
2958 445 3204 503 confesso
3219 447 3359 501 enim
3381 456 3482 515 est,
3510 447 3652 517 quod

2063 533 2154 591 hic
2180 549 2482 607 postremus
2535 539 2606 594 sit
2657 540 2751 595 illo
2806 540 3080 595 honestior
3107 555 3122 594 :
3157 553 3329 609 neque
3356 538 3427 593 de
3459 539 3559 594 hac
3592 556 3653 594 rc

2065 628 2291 697 qurestio
2331 628 2442 697 jam
2493 638 2597 698 est,
2646 630 2743 686 sed
2800 641 2920 686 uter
2953 630 3242 686 faciliorem
3271 640 3319 686 el
3348 631 3651 685 suaviorem

2066 718 2227 775 ducat
2252 719 2439 776 vitam.
2469 722 2675 777 Avarus
2694 731 2841 778 certe
2862 738 2929 778 ne
2979 722 3046 777 iis
3085 722 3297 793 quidem
3327 738 3446 794 quae
3497 723 3655 779 habet

2069 809 2263 865 fruitur
2304 827 2466 866 :nam
2497 813 2637 882 quod
2666 823 2832 878 amat,
2873 830 2979 868 non
3024 815 3336 884 impendere
3384 815 3649 882 voluerit,

2070 900 2165 956 sed
2182 901 2434 957 libentius
2446 903 2679 973 seipsum
2699 904 3041 968 conscidcrit,
3061 915 3112 960 et
3135 920 3325 961 carnes
3350 906 3652 976 proiecerit,

2071 1006 2229 1060 quam
2251 1007 2438 1050 aurum
2468 1009 2483 1048 :
2511 995 2599 1064 qui
2631 1007 2808 1050 autem
2838 997 3092 1064 pecunias
3120 996 3365 1065 despicit,
3390 997 3494 1052 hoc
3523 999 3658 1054 intc-

2073 1082 2173 1137 rim
2204 1082 2457 1149 lucratur,
2487 1085 2628 1155 quod
2670 1086 2736 1139 iis
2783 1101 2903 1157 qua:
2932 1086 3091 1141 habet
3132 1088 3300 1144 libere
3353 1104 3417 1144 ac
3469 1105 3657 1145 secure

2074 1172 2299 1241 fruatur,
2328 1191 2494 1247 seque
2523 1177 2628 1231 illis
2656 1179 2925 1247 praeferat.
2970 1177 3106 1245 Quid
3154 1194 3282 1248 ergo
3308 1182 3526 1235 suavius
3554 1190 3655 1243 est,

2074 1267 2244 1325 libere
2265 1267 2366 1323 frui
2408 1269 2564 1324 bonis
2587 1310 2601 1334 ,
2631 1278 2724 1324 aut
2749 1270 2848 1325 sub
2877 1269 3109 1324 dominis
3142 1270 3342 1325 divitiis
3366 1272 3660 1332 viventem,

2078 1358 2207 1412 nihil
2248 1373 2466 1414 suorum
2495 1361 2804 1432 contingere
2833 1362 3068 1417 audere?
3090 1362 3318 1418 Perinde
3355 1364 3498 1417 enim
3530 1361 3656 1417 mihi

2078 1452 2289 1506 videtur
2313 1466 2435 1508 esse
2463 1468 2524 1507 ac
2550 1454 2594 1506 si
2621 1454 2719 1509 viri
2749 1454 2963 1524 quidam
2994 1454 3128 1509 duas
3157 1453 3414 1510 habentes
3442 1472 3658 1521 unxores,

2078 1555 2133 1600 et
2172 1545 2456 1600 admodum
2486 1546 2627 1615 ipsas
2661 1556 2924 1613 amantes,
2957 1562 3061 1601 non
3093 1546 3281 1601 eodem
3328 1547 3489 1602 modo
3534 1548 3661 1617 ipsis

2079 1645 2323 1701 utantur;
2347 1634 2443 1690 sed
2472 1638 2622 1691 alteri
2644 1636 2855 1707 quidem
2876 1653 3097 1693 uxorem
3119 1639 3431 1708 contingere
3458 1648 3514 1694 et
3540 1654 3660 1693 cum

2080 1725 2170 1780 illa
2202 1726 2420 1791 versari,
2446 1727 2600 1782 alteri
2629 1742 2756 1782 vero
2792 1742 2859 1782 ne
2889 1743 3053 1798 prepe
3079 1727 3294 1797 quidem
3324 1728 3484 1783 liccat
3505 1744 3662 1783 accc-

2080 1817 2229 1873 dere.
2250 1819 2428 1873 Dieant
2446 1829 2502 1874 et
2522 1819 2688 1887 aliud,
2711 1834 2818 1890 quo
2837 1820 3057 1875 alterius
3078 1821 3427 1889 voluptatem,
3446 1821 3665 1876 alterius

2082 1924 2368 1965 maerorem
2421 1920 2860 1966 eommonstrem.
2911 1913 3117 1966 Avarus
3173 1927 3460 1981 numquam
3514 1913 3668 1967 sistet

2086 2002 2224 2056 hanc
2246 2002 2614 2072 calliditatem,
2643 2020 2750 2058 non
2780 2003 2942 2059 modo
2968 2004 3110 2075 quod
3157 2013 3388 2075 nequeat
3425 2006 3665 2060 omnium

2086 2094 2224 2150 bona
2254 2095 2525 2160 invadere,
2553 2096 2645 2150 sed
2670 2096 2830 2151 etiam
2853 2097 2993 2167 quod
3025 2105 3450 2167 quantacumque
3482 2111 3668 2166 posse-

2087 2188 2247 2254 derit,
2276 2205 2337 2244 sc
2380 2188 2512 2243 nihil
2544 2189 2741 2244 habere
2768 2198 2917 2260 putet
2946 2209 2960 2243 :
2990 2191 3079 2261 qui
3107 2205 3235 2244 vero
3271 2191 3522 2259 pecunias
3573 2191 3667 2244 de«

2088 2282 2262 2353 spicit,
2294 2280 2560 2353 superﬂua
2605 2283 2782 2337 omnia
2832 2283 3178 2346 existimabit,
3229 2297 3399 2352 neque
3449 2284 3671 2336 infinitis

2088 2373 2471 2444 cupiditatibus
2499 2373 2730 2427 animam
2761 2374 3042 2428 cruciabit.
3062 2372 3202 2427 Nihil
3232 2379 3373 2427 enim
3401 2382 3484 2428 est
3530 2376 3672 2443 quod

2091 2466 2334 2536 supplicii
2358 2465 2617 2521 rationem
2646 2467 2715 2519 ita
2761 2465 2975 2531 habeat,
3016 2474 3076 2519 ut
3104 2465 3534 2534 concupiscentia
3578 2482 3672 2519 ttsu

2093 2566 2149 2612 et
2178 2556 2348 2611 fructu
2373 2556 2598 2626 privata,
2628 2555 2679 2609 id
2707 2555 2847 2624 quod
2873 2555 3101 2611 maxime
3129 2571 3436 2625 perversam
3455 2557 3678 2611 exhibet

2093 2659 2350 2706 mentem.
2398 2650 2689 2705 Considera
2740 2660 2916 2704 autem
2953 2666 2965 2704 :
2998 2649 3085 2720 qui
3134 2649 3383 2719 pecunias
3429 2651 3572 2719 cupit
3625 2659 3678 2703 et

2095 2742 2289 2796 multas
2314 2741 2574 2812 possidet,
2610 2741 2680 2794 ita
2717 2740 2939 2797 affectus
2963 2751 3066 2806 est,
3096 2755 3158 2794 ac
3189 2741 3231 2795 si
3272 2741 3402 2794 nihil
3433 2742 3676 2796 haberet.

2096 2834 2329 2892 Hoccine
2358 2832 2545 2888 morbo
2592 2833 2894 2901 perplexius
2928 2831 3054 2901 quid
3094 2847 3213 2887 esse
3244 2832 3451 2901 potest?
3494 2829 3680 2901 Neque

2099 2929 2201 2984 hoc
2246 2929 2418 2982 solum
2469 2942 2630 2996 grave
2654 2936 2755 2991 est,
2786 2926 2880 2980 sed
2912 2929 3072 2979 etiam
3118 2926 3257 2995 quod
3289 2926 3376 2994 qui
3410 2925 3591 2991 habet,
3618 2941 3680 2980 ea

2099 3021 2211 3091 ipsa
2240 3036 2358 3091 qua:
2384 3029 2528 3074 tenet
2553 3035 2657 3073 non
2685 3018 2883 3073 habere
2900 3019 3142 3071 videatur
3171 3035 3183 3069 :
3215 3017 3423 3071 etiamsi
3442 3019 3681 3070 muniunt

2099 3115 2237 3169 bona
2267 3114 2557 3183 acceperit,
2604 3114 2773 3183 magis
2796 3112 3091 3177 cruciatur;
3116 3112 3321 3165 cliatttsi
3352 3123 3569 3164 centum
3602 3120 3682 3163 ta-

2102 3207 2243 3263 lenta
2273 3207 2562 3277 possideat.
2588 3204 2728 3275 quod
2754 3204 2897 3258 mille
2919 3219 3023 3257 non
3053 3202 3248 3257 habeat
3272 3202 3451 3267 dolet;
3476 3202 3520 3255 si
3541 3202 3687 3255 mille

2102 3299 2313 3364 habeat,
2343 3297 2484 3368 quod
2510 3297 2691 3352 decies
2731 3295 2876 3351 mille
2908 3312 3015 3351 non
3046 3294 3237 3350 habeat
3286 3296 3591 3360 mordetur;
3644 3294 3686 3347 si

2103 3391 2282 3447 decies
2304 3390 2449 3445 mille
2469 3389 2752 3457 acceperit,
2776 3388 2918 3458 quod
2945 3402 3049 3441 non
3068 3387 3246 3442 decies
3270 3386 3416 3456 plura
3435 3386 3686 3441 obtinue-

2104 3485 2174 3539 rit
2203 3484 2417 3554 angitur
2450 3499 2463 3536 :
2498 3482 2774 3553 majorque
2818 3480 3099 3549 acquisitio
3130 3480 3188 3533 fit
3232 3479 3306 3534 illi
3359 3482 3689 3550 paupertatis

2106 3576 2345 3631 accessio
2378 3593 2391 3630 :
2424 3589 2544 3627 nam
2582 3583 2781 3644 quanto
2808 3572 2961 3642 plura
3012 3573 3300 3642 acceperit,
3336 3580 3486 3625 tanto
3536 3571 3689 3641 plura

2106 3668 2394 3724 desiderat.
2427 3668 2566 3738 Ergo
2591 3677 2789 3737 quanto
2821 3666 2968 3735 plura
2999 3664 3287 3735 acceperit,
3323 3672 3470 3717 tanto
3525 3668 3688 3733 tt'agis

2110 3777 2312 3832 pauper
2337 3759 2514 3815 evadit
2548 3777 2561 3813 :
2590 3759 2678 3829 qui
2706 3758 2848 3813 enim
2871 3757 3022 3829 plura
3045 3757 3334 3823 desiderat,
3366 3756 3537 3826 magis
3564 3771 3691 3826 pau-

2109 3871 2205 3926 per
2227 3864 2327 3909 est.
2350 3852 2481 3907 Cum
2513 3853 2670 3924 igitur
2695 3860 2906 3906 centum
2943 3851 3134 3905 talenta
3155 3849 3420 3914 habuerit,
3453 3850 3689 3903 nomium

2113 3955 2220 3999 tam
2248 3945 2524 3999 mendicus
2571 3952 2687 4008 est;
2719 3958 2841 3997 nam
2879 3943 3024 3997 mille
3052 3942 3350 4007 desiderat;
3398 3956 3518 3997 cum
3550 3942 3693 3995 mille

2111 4035 2398 4106 acceperit,
2428 4043 2555 4089 tunc
2582 4034 2749 4105 magis
2781 4050 2979 4105 pauper
3035 4033 3247 4101 evadit;
3281 4050 3385 4087 non
3414 4036 3519 4105 jam
3551 4034 3691 4089 eniut

2113 4128 2259 4183 mille
2305 4136 2363 4182 ut
2412 4128 2555 4197 prius
2585 4129 2795 4197 quaerit,
2825 4127 2920 4182 sed
2969 4127 3151 4182 decies
3182 4126 3406 4181 millium
3434 4127 3534 4181 sibi
3564 4140 3694 4192 opus

2112 4234 2232 4276 esse
2278 4218 2428 4275 dicit.
2482 4218 2633 4286 Quod
2677 4220 2723 4274 si
2774 4220 3156 4289 concupiscere
3198 4227 3254 4273 et
3297 4233 3404 4272 non
3441 4217 3694 4286 consequi

2113 4315 2442 4385 voluptatem
2471 4328 2591 4369 esse
2635 4313 2803 4379 dicas,
2835 4312 3121 4383 voluptatis
3158 4324 3399 4366 naturam
3432 4311 3564 4365 mihi
3598 4309 3692 4363 ad-

2114 4407 2331 4463 modum
2356 4407 2598 4476 ignorare
2614 4404 2829 4459 videris.
2850 4404 3002 4471 Quod
3019 4404 3162 4459 enim
3185 4404 3287 4458 hoc
3303 4420 3408 4458 non
3427 4402 3694 4472 voluptas,

2118 4499 2210 4555 sed
2234 4498 2553 4569 supplicium
2578 4499 2665 4562 sit,
2689 4512 2801 4551 rem
2853 4496 2919 4551 ad
2950 4496 3093 4551 aliud
3141 4512 3326 4551 rursus
3371 4495 3701 4550 adducentes

2118 4592 2503 4647 examinemus.
2554 4589 2778 4656 Quando
2807 4589 3036 4657 sitimus,
3085 4603 3189 4645 non
3219 4588 3340 4644 ideo
3373 4587 3702 4644 delectamur

2119 4684 2362 4740 bibentes
2406 4683 2547 4754 quod
2601 4684 2743 4737 sitim
2786 4683 3057 4750 sedemus,
3102 4692 3155 4737 et
3187 4682 3308 4736 ideo
3344 4680 3591 4749 voluptas
3620 4688 3705 4733 est

2122 4784 2296 4847 potus,
2329 4775 2467 4846 quod
2486 4790 2514 4828 a
2538 4789 2729 4845 magno
2750 4789 2847 4829 nos
2878 4774 3065 4829 liberet
3085 4774 3344 4839 cruciatu,
3362 4787 3392 4826 a
3414 4771 3706 4841 cupiditate

2122 4865 2336 4921 bibendi
2364 4868 2591 4936 nempe?
2623 4865 2725 4921 hoc
2745 4865 2916 4920 cuivis
2946 4865 3283 4935 perspicuum
3324 4874 3426 4918 est.
3458 4862 3609 4933 Quod
3659 4864 3708 4916 si

2122 4959 2174 5013 in
2205 4958 2294 5014 tali
2331 4959 2565 5029 appetitu
2608 4972 2820 5027 semper
2859 4957 3095 5011 mansuri
3136 4970 3396 5019 essemus,
3437 4969 3542 5008 non
3593 4969 3712 5008 me~

2123 5053 2241 5107 liori
2272 5050 2580 5107 conditione
2610 5063 2854 5106 essemus
2875 5064 3034 5119 quam
3062 5047 3214 5103 dives
3240 5048 3328 5102 ille
3347 5088 3362 5114 ,
3395 5045 3487 5116 qui
3519 5045 3712 5100 Lazari

2122 5161 2229 5200 non
2261 5145 2510 5199 misertus
2533 5151 2637 5205 est,
2669 5152 2924 5211 quantum
2953 5138 3158 5195 scilicet
3183 5137 3249 5193 ad
3273 5136 3516 5206 supplicii
3545 5135 3719 5190 ratio-

2123 5253 2282 5293 nem:
2317 5253 2437 5292 nam
2468 5244 2522 5291 et
2542 5235 2616 5289 illi
2639 5233 2740 5289 hoc
2767 5233 3083 5303 supplicium
3106 5238 3162 5286 et
3182 5229 3385 5300 punitio
3405 5235 3541 5291 erat,
3566 5226 3717 5297 quod

2124 5345 2248 5385 cum
2298 5330 2497 5383 stillam
2552 5340 2768 5396 parvam
2814 5333 3061 5396 cuperet,
3109 5336 3216 5378 non
3268 5328 3589 5390 assequutus
3618 5318 3719 5376 sit.

2126 5420 2180 5476 ld
2237 5420 2379 5491 quod
2434 5415 2563 5473 mihi
2602 5417 2747 5472 avari
2784 5426 3043 5488 perpetuo
3087 5412 3197 5485 pati
3221 5411 3492 5476 videntur,
3521 5418 3580 5465 et
3636 5409 3724 5464 illi

2126 5511 2332 5567 similes
2373 5523 2496 5566 esse
2540 5510 2628 5581 qui
2671 5507 2893 5579 rogabat
2937 5516 2996 5563 ut
3031 5507 3167 5562 Stilla
3197 5506 3484 5570 frueretur,
3536 5517 3731 5571 neque

2127 5610 2444 5673 assequutus
2500 5612 2584 5657 est
2615 5621 2628 5657 :
2659 5602 2767 5657 imo
2806 5601 2977 5673 magis
3028 5613 3309 5654 avarorum
3335 5638 3350 5662 ,
3400 5610 3561 5666 quam
3629 5600 3730 5647 ai-

2134 5693 2257 5749 vitis
2304 5693 2480 5762 illius,
2556 5695 2730 5749 anima
2794 5690 3146 5747 comburitur.
3200 5690 3267 5745 Et
3312 5686 3534 5761 pulchre
3583 5685 3735 5741 dixit
