3986 6202
337 193 433 247 121

340 321 485 372 στου,
522 307 616 361 καὶ
647 307 741 361 τοῦ
772 308 1237 380 καταφρονοῦντος
1269 308 1567 379 χρημάτων
1594 309 1688 362 καὶ
1710 308 1804 361 τοῦ
1843 309 1916 380 μὴ

336 398 824 469 καταφρονοῦντος·
862 401 954 453 καὶ
990 400 1107 469 ὄψει
1137 401 1218 454 ὅτι
1245 402 1274 453 ὁ
1310 402 1408 470 μὲν
1432 402 1546 464 τοῖς
1570 401 1914 471 μαινομένοις

337 488 532 556 ἔοικεν,
563 488 712 544 οὐδὲν
752 488 874 543 οὔτε
910 491 1038 544 ἰδεῖν
1065 490 1187 544 οὔτε
1221 490 1449 545 ἀκοῦσαι
1496 491 1814 561 βουλόμενος
1835 507 1847 519 ο
1888 491 1916 542 ὁ

334 579 391 633 δὲ
440 580 620 651 λιμένι
675 580 964 652 προσέοικε
1023 583 1285 652 κυμάτων
1344 581 1772 653 ἀπηλλαγμένῳ,
1823 582 1916 634 καὶ

336 669 552 724 πάντων
604 672 721 724 ἐστὶ
772 672 944 740 φίλος,
976 671 1164 743 ῶσπερ
1223 674 1426 737 ἐκεῖνος
1476 673 1689 743 ἐχθρός.
1732 673 1831 726 “Av
1856 689 1915 726 τε

333 761 441 830 γάρ
474 760 616 834 λάϐῃ
645 778 749 828 τις,
786 762 887 815 οὐκ
915 761 1207 834 ἐλύπησεν,
1235 763 1300 817 ἄν
1328 780 1386 817 τε
1416 764 1491 835 δῷ
1522 763 1682 818 πάλιν
1708 781 1792 827 τις
1820 764 1916 817 αύ-

331 854 428 926 τῷ,
453 853 551 906 οὐκ
579 854 876 924 ἐφύσησεν,
899 854 1036 908 ἀλλά
1065 853 1146 917 τίς
1171 855 1319 907 ἐστιν
1353 853 1634 926 ἐλευθερία
1659 853 1788 927 παρ’
1814 855 1914 907 αὑ-

331 943 409 1014 τῷ
435 944 614 998 πᾶσαν
644 944 827 999 ἄδειαν
857 945 1082 1016 έχουσαο
1113 946 1208 1000 καὶ
1231 946 1259 999 ὀ
1285 946 1384 1018 μὲν
1406 947 1614 1010 πάντας
1636 946 1732 1001 καὶ
1758 946 1916 1001 κολα-

332 1033 511 1088 κεύειν
542 1037 635 1090 καὶ
660 1037 1050 1108 ὑποκρίνεσθαι
1104 1038 1493 1106 ἀναγκάζεται,
1524 1030 1680 1101 οῦτος
1703 1037 1761 1090 δὲ
1817 1036 1911 1090 οὐ·

329 1123 737 1181 δένα.Είτοίνυν
758 1127 852 1182 καὶ
870 1127 1038 1200 πένης
1061 1129 1208 1182 ἐστὶν
1227 1130 1253 1181 ό
1277 1129 1611 1200 φιλάργυρος
1629 1129 1723 1183 καὶ
1745 1128 1915 1193 δειλὸς

1002 195 1066 251 S.
1102 192 1382 252 JOANNIS
1417 193 1904 250 CIIRYSOSTOMI
1939 196 2255 254 ARCIIIEP.
2291 196 2831 254 CONSTANTINOP.

3492 174 3600 257 129:

2002 310 2113 367 ,καὶ
2158 310 2319 381 εἴρων
2354 311 2446 365 καὶ
2476 311 2794 384 ὑποκριτὴς,
2827 312 2919 364 καὶ
2966 311 3145 380 φόϐων
3180 311 3340 382 γέμει
3386 313 3480 366 καὶ
3507 330 3595 366 τι-

2021 402 2230 473 μωρίας
2261 401 2459 473 πολλῆς
2481 401 2577 456 καὶ
2606 401 2904 466 κολάσεως,
2932 403 2960 455 ὁ
2995 402 3052 455 δὲ
3077 401 3431 473 καταφρονῶν
3456 420 3593 474 χρη-

2021 493 2230 563 μάτων,
2270 494 2379 547 τῶν
2408 494 2664 548 ἐναντίων
2687 493 2945 547 ἀπολαύει
2974 496 3210 559 πάντων,
3244 495 3345 548 οὐκ
3372 494 3594 566 εὔδηλον

2017 586 2098 639 ὅτι
2125 587 2287 656 ήδίων
2310 589 2342 657 ή
2383 587 2550 658 ἀρετή
2580 605 2594 653 ;
2629 587 2738 641 Καὶ
2758 589 2868 651 τοῖς
2889 587 3097 650 λοιποῖς
3121 587 3178 640 δὲ
3212 586 3277 641 ἂν
3302 586 3595 658 ἐπεξήλθοο

2021 694 2119 746 μεν
2153 678 2362 741 κακοῖς,
2417 676 2485 728 δι’
2533 670 2607 730 ὧν
2634 675 2905 729 δείκνυται
2946 675 3027 728 ὅτι
3073 674 3224 727 οὐδέν
3265 676 3379 727 ἐστι
3423 675 3593 730 κακὸν

2013 768 2203 841 ήδονὴν
2253 767 2395 838 ἔχον,
2445 769 2494 820 εί
2545 765 2819 837 μὴπολλά
2865 764 3342 837 ἡμῖν’ἔμπροσθεν
3383 766 3587 835 εἴρητο.

2013 858 2177 912 Ταῦτ’
2210 855 2302 912 οὖν
2336 858 2559 921 εἰδότες,
2591 855 2841 927 ἑλώμεθα
2869 856 2969 928 τὴν
2996 856 3217 927 ἀρετὴν,
3252 855 3336 908 ἴνα
3368 855 3463 908 καὶ
3488 855 3601 928 τῆς.

2012 948 2244 1003 ἐνταῦθα
2289 948 2480 1019 ἡδονῆς
2523 947 2941 1017 ἀπολαύσωμεν,
2999 946 3094 1000 καὶ
3141 945 3247 1000 τῶν
3289 945 3592 1015 μελλόντων

2012 1038 2227 1106 ἀγαθῶν
2264 1039 2630 1109 ὲπιτύχωμεν,
2654 1037 2837 1109 χάριτι
2860 1038 2954 1093 καὶ
2980 1035 3380 1107 φιλανθρωπίᾳ,
3406 1034 3499 1088 καὶ
3522 1033 3591 1087 τά

2012 1129 2163 1200 ἑξῆς.

1834 1495 2074 1551 ΟΜῙΛΙᾹ
2109 1497 2210 1550 IE'.

330 1655 521 1722 ὀλως
558 1656 837 1732 ἀκούεται
881 1660 953 1715 ὲν
997 1663 1139 1732 ὑμῖν
1179 1665 1447 1730 πορνεία,
1494 1663 1592 1717 καὶ
1663 1662 1904 1732 τοιαύτη

396 1728 662 1800 πορνεία,
710 1728 845 1795 ἥτις
884 1728 1132 1786 οὺδέἐν
1176 1728 1300 1799 τοῖς
1343 1734 1588 1786 ἔθνεσιν
1631 1729 1906 1800 ὀνομάζε-

396 1794 701 1871 ταιηῶστε
738 1794 993 1871 γυναῖκα
1028 1804 1160 1857 τινὰ
1185 1794 1292 1857 τοῧ
1322 1802 1545 1870 πατρὸς
1572 1794 1753 1871 ἔχειὴ
1794 1801 1907 1855 Kal

394 1865 575 1952 ρμεῖς
598 1865 1059 1952 ,πεφυσιωμένοι
1112 1872 1278 1952 ἐστε,
1331 1865 1450 1952 καί
1477 1865 1640 1952 οὗχῖ
1653 1870 1907 1952 ’μᾶλλον

393 1934 787 2013 ἐπενθήσατε,
811 1934 911 1992 ἵνα
950 1940 1177 2013 ἐξαρθῇ
1223 1934 1293 1996 ἐκ
1335 1941 1529 2013 μέσου
1552 1934 1724 2011 ὖμῶν
1758 1945 1791 1995 ὀ
1836 1939 1905 1994 τὸ

394 2004 575 2073 ἔργον
610 2006 788 2061 τοῦτο
824 2004 1107 2078 ποιήσας.

389 2133 459 2181 α’.
489 2128 616 2181 Ὅτε
649 2130 748 2200 μὲν
777 2132 904 2202 περὶ
921 2130 1015 2185 τοῦ
1042 2133 1360 2190 διεσπάσθαι
1392 2135 1590 2197 αὐτοὺς
1615 2132 1902 2202 διελέγετο,

319 2217 420 2270 οὐκ
453 2218 654 2283 εὐθέως
708 2222 1094 2291 καταφορικῶς
1144 2224 1415 2296 ἐχρήσατο
1444 2225 1524 2297 τῷ
1563 2225 1726 2296 λόγῳ,
1769 2225 1905 2281 ἀλλὰ

321 2311 654 2380 προσηνέστε
665 2328 755 2381 ρον
781 2313 1062 2385 πρότερον,
1097 2315 1191 2368 καὶ
1218 2315 1444 2387 ὕστερον
1468 2319 1547 2380 είς
1570 2318 1904 2388 κατηγορίαν

322 2398 690 2468 ἐτελεύτησεν,
714 2401 888 2467 οὕτως
917 2403 1108 2458 εἰπών·
1147 2405 1444 2474 Ὲδηλὼθη
1486 2407 1597 2478 γάρ
1633 2425 1732 2477 μοι
1769 2408 1903 2476 περὶ

320 2488 508 2558 ὑμῶν,
545 2491 797 2561 ἀδελφοί
831 2512 970 2563 μου,
1014 2496 1132 2551 ὑπὸ
1177 2496 1295 2551 τῶν
1328 2500 1548 2566 Χλόης,
1584 2498 1673 2553 ὅτι
1712 2499 1902 2568 ἔριδες

318 2579 391 2632 ἐν
435 2581 578 2650 ὑμῖν
608 2585 782 2639 εἰσιν.
818 2583 968 2658 [125]
1005 2588 1266 2643 Ἐνταῦθα
1303 2590 1359 2643 δὲ
1390 2591 1487 2661 οὐχ
1544 2590 1750 2654 οὕτως,
1784 2591 1900 2645 ἀλλ’

319 2671 525 2736 εὐθέως
553 2673 887 2746 πληκτικῶς,
923 2679 1015 2732 καὶ
1041 2683 1213 2734 κοινοῖ
1254 2680 1330 2745 ὡς
1372 2678 1483 2735 οἷόν
1513 2699 1570 2734 τε
1611 2682 1673 2735 τὸ
1699 2682 1902 2747 ὄνειδος

318 2761 413 2816 τοῦ
440 2764 808 2837 ἐγκλήματος.
841 2770 915 2822 Οὐ
942 2771 1051 2841 γὰρ
1082 2768 1221 2838 εἶπε,
1258 2773 1358 2827 Διά
1392 2774 1447 2828 τί
1489 2777 1517 2829 ὁ
1545 2775 1692 2830 δεῖνα
1733 2777 1898 2849 ἐπόρ-

320 2870 545 2923 νευσεν;
581 2857 716 2924 ἀλλ’,
756 2859 950 2927 Ὅλως
990 2862 1265 2918 ἀκούεται
1320 2865 1391 2918 ἐν
1434 2867 1577 2935 ὑμῖν
1628 2870 1894 2937 πορνεία·

320 2943 407 3000 ῖνα
433 2946 508 3019 μὴ
530 2947 606 3011 ὡς
643 2949 913 3022 ἀλλότριοι
944 2952 1121 3023 πάντη
1153 2955 1252 3025 τῆς
1277 2957 1609 3027 κατηγορίας
1632 2958 1782 3023 ὄντες
1805 2961 1901 3031 ρᾳ-

320 3034 654 3107 θυμήσωσιν,
690 3039 806 3093 ἀλλ’
830 3040 905 3104 ὡς
928 3041 1021 3095 τοῦ
1053 3044 1233 3097 κοινοῦ
1268 3046 1566 3116 πληγέντος
1590 3059 1638 3110 ιι,
1667 3047 1762 3101 καὶ
1799 3049 1900 3118 τῆς

333 3123 658 3195 Ἐκκλησίας
691 3128 1091 3202 διαϐληθείσης,
1114 3132 1255 3186 οὕτω
1288 3134 1558 3203 γένωνται
1593 3136 1897 3206 ὲναγώνιοι.

321 3215 514 3280 Οὐδεὶς
560 3218 670 3290 γὰρ
714 3220 849 3290 ἐρεῖ,
892 3224 1079 3292 φησὶν,
1121 3225 1204 3278 ὅτι
1244 3227 1305 3279 '0
1348 3227 1496 3281 δεῖνα
1547 3228 1892 3300 ὲπόρνευσεν,

319 3303 456 3371 ἀλλ’,
479 3305 560 3359 ὅτι
593 3306 681 3360 Ἐν
697 3310 761 3379 τῇ
790 3310 1093 3382 Κορινθίων
1122 3313 1415 3388 Ἐκκλησία
1434 3315 1625 3386 γέγονε
1643 3319 1703 3371 τὸ
1725 3321 1897 3392 ἁμάρ-

318 3413 490 3467 τημα.
557 3399 670 3453 Καὶ
729 3400 830 3455 οὐκ
899 3397 1043 3470 εἷπε,
1085 3404 1363 3477 Τολμᾶται
1424 3410 1681 3479 πορνεία,
1735 3412 1894 3480 ἀλλὰ,

332 3488 653 3555 Ἀκούεται,
687 3491 820 3560 ἥτις
868 3494 1016 3550 οὐδὲ
1064 3497 1135 3550 ἐν
1180 3497 1307 3564 τοῖς
1342 3497 1587 3554 ἔθνεσιν
1624 3501 1896 3571 ὀνομάζε-

317 3592 431 3633 ται.
473 3581 581 3635 Καὶ
611 3581 720 3652 γὰρ
746 3584 832 3637 ἀεὶ
858 3585 965 3638 ἀπὸ
996 3586 1105 3640 τῶν
1135 3586 1364 3642 ἐθνικῶν
1391 3588 1637 3654 ὀνειδίζει
1662 3593 1776 3655 τοῖς
1811 3611 1897 3646 πι-

320 3673 482 3735 στοῖς·
512 3673 607 3725 καὶ
634 3674 1088 3731 Θεσσαλονικεῦσι
1111 3680 1338 3750 γράφων
1373 3681 1577 3751 ἕλεγεψ
1605 3680 1897 3751 Ἕκαστος

316 3760 385 3813 τὸ
408 3761 626 3817 ἑαυτοῦ
647 3765 870 3832 σκεῦος
896 3766 1133 3831 κτάσθω
1156 3770 1227 3823 ἐν
1255 3771 1544 3842 ἁγιασμῷ,
1564 3775 1651 3844 μὴ
1689 3777 1760 3830 ἐν
1787 3777 1898 3831 πά-

319 3855 405 3905 θει
437 3851 774 3922 ἐπιθυμίας,
804 3856 999 3923 καθὼς
1022 3858 1119 3911 καί
1146 3857 1219 3911 τὰ
1250 3860 1436 3914 λοιπὰ
1472 3862 1637 3931 ἕθνη’
1669 3866 1762 3920 καὶ
1792 3867 1898 3919 Κο-

317 3943 612 3998 λασσαεῦσι
647 3946 741 3999 καὶ
775 3947 1063 4015 Ἐφεσίοις·
1088 3948 1313 4019 Μηκέτι
1344 3952 1499 4020 ὑμᾶς
1528 3959 1894 4023 περιπατεῖν,

317 4033 513 4099 καθὼς
552 4034 650 4089 καί
693 4034 765 4091 τὰ
798 4039 984 4095 λοιπὰ
1018 4038 1163 4108 ἔθνη
1203 4042 1530 4110 περιπατεῖ.
1567 4045 1627 4097 Et
1655 4045 1709 4098 δὲ
1735 4046 1797 4099 τὸ
1828 4050 1897 4107 τά

317 4121 458 4174 αὐτὰ
490 4122 689 4187 αὐτοὺς
720 4124 1055 4197 ἁμαρτάνειν
1093 4127 1499 4198 ἀσύγγνωστον,
1520 4132 1581 4186 τὸ
1601 4134 1695 4188 καὶ
1724 4136 1895 4207 ὑπερ-

318 4209 524 4267 ϐαίνειν
552 4215 679 4278 τοὺς
707 4215 971 4281 έθνικοὺς,
998 4217 1100 4272 ποῦ
1123 4217 1383 4291 θήσομεν,
1423 4223 1544 4276 είπέ
1575 4241 1698 4294 μοις
1739 4227 1899 4298 Παρά

317 4302 424 4374 γὰρ
459 4305 709 4374 ἐκείνοις,
744 4309 931 4381 φησὶν,
964 4310 1024 4364 οὐ
1071 4310 1232 4382 μόνον
1260 4314 1322 4367 ού
1350 4313 1617 4386 τολμᾶταί
1643 4335 1697 4370 τι
1721 4317 1899 4374 τοιοῦ-

316 4412 427 4457 τον.
454 4398 569 4453 ἀλλ’
601 4400 722 4454 οὐδὲ
745 4401 1090 4473 ὀνομάζεται.
1123 4400 1279 4469 Εἶδες
1311 4405 1415 4460 ποῦ
1449 4407 1509 4461 τὸ
1533 4408 1781 4482 ἔγκλημα
1801 4412 1899 4465 έπ-

316 4489 484 4560 ῆρεν;
525 4491 693 4545 Ὅταν
736 4493 846 4563 γὰρ
885 4494 1162 4559 τοιούτους
1213 4497 1510 4564 φαίνωνται
1555 4501 1901 4570 εὑρίσκοντες

316 4581 606 4649 ἀσελγείας
654 4584 911 4655 τρόπους,
952 4584 1047 4649 οὒς
1081 4586 1143 4638 οὐ
1182 4586 1340 4656 μόνον
1374 4588 1435 4640 οὒ
1460 4589 1751 4659 τολμῶσιν,
1783 4593 1899 4647 ἀλλ’

316 4672 436 4726 οὐδὲ
464 4674 644 4726 ῐσασιν
655 4674 721 4726 ιοί
752 4674 991 4741 ἄπιστοι,
1019 4676 1224 4745 ἄφατος
1247 4676 1347 4745 τῆς
1373 4678 1645 4749 ἁμαρτίας
1669 4682 1701 4752 ή
1732 4683 1901 4754 ὑπερ-

315 4764 594 4835 ϐολή.Καὶ
622 4763 684 4817 τὸ
725 4765 821 4817 Ἐν
848 4765 989 4835 ὑμῖν
1018 4767 1097 4831 δὲ,
1136 4769 1448 4840 ὲμφατικῶς
1481 4771 1718 4843 εἴρηται,
1744 4791 1900 4828 τουτ-

315 4856 483 4923 έστιν,
526 4855 616 4910 Ἐν
650 4855 779 4927 ὑμῖν
823 4860 936 4921 τοῖς
970 4861 1201 4923 πιστοῖς,
1241 4862 1356 4925 τοῖς
1391 4862 1659 4919 τοσούτων
1704 4866 1901 4921 ἀπολε-

315 4946 540 5015 λαυκόσι
577 4946 915 5020 μυστηρίων,
950 4949 1065 5012 τοῖς
1093 4948 1421 5022 ἀπορρήτων
1450 4955 1896 5026 κεκοινωνηκόσι,

318 5041 428 5102 τοῖς
467 5039 560 5093 ἐπὶ
587 5039 680 5094 τὸν
721 5040 948 5112 οὐρανὸν
979 5037 1274 5110 κληθεῖσιν.
1322 5041 1488 5114 Ὁρᾷς
1522 5045 1694 5116 πόσης
1730 5045 1898 5119 βαρυ-

316 5130 515 5201 θυμίας
537 5131 566 5183 ὁ
593 5130 750 5199 λόγος
773 5133 966 5204 γέμει;
998 5133 1164 5189 πόσου
1197 5133 1369 5205 θυμοῦ
1393 5136 1534 5205 κατά
1566 5137 1813 5207 πάντων;
1836 5140 1900 5194 Εί

316 5223 424 5296 γὰρ
464 5224 541 5294 μὴ
569 5222 770 5294 πολλῆς
801 5226 969 5297 ὀργῆς
998 5227 1325 5298 ἑπέπληστο,
1360 5228 1495 5299 μηδὲ
1521 5230 1657 5301 πρὸς
1692 5231 1900 5296 πάντας

316 5316 653 5381 ἀπετείνετο,
705 5315 877 5380 οὕτως
925 5317 992 5372 ἂν
1025 5314 1197 5371 εἶπεν·
1237 5320 1453 5392 Ἐπειδὴ
1495 5323 1705 5393 ἥκουσα
1745 5324 1825 5377 ὅτι
1870 5325 1902 5378 6

317 5406 464 5461 δεῖνα
491 5407 810 5478 ὲπόρνευσε,
839 5408 1103 5461 κολάσατε
1134 5407 1313 5461 αὐτόν·
1344 5411 1440 5463 νῦν
1468 5411 1526 5465 δὲ
1572 5415 1670 5485 οὐχ
1699 5412 1896 5480 οὕτως,

323 5498 457 5552 ἀλλά
482 5499 618 5571 πρὸς
642 5498 847 5552 πάντας
873 5499 1186 5555 ἀποδύεται.
1217 5500 1324 5553 Καὶ
1352 5501 1461 5575 γὰρ
1487 5506 1533 5558 εί
1563 5508 1661 5577 μὲν
1692 5509 1896 5581 προλα-

387 5670 414 5701 ⁸
442 5669 549 5732 Reg
574 5708 585 5729 ,
611 5670 878 5733 βληθέντος.

2012 1660 2198 1725 δόντες
2227 1660 2494 1730 ἔγραψαν,
2520 1660 2701 1713 ἐκεῖνα
2736 1658 2801 1712 ἂν
2831 1652 3005 1711 εἶπενο
3037 1656 3223 1729 ἐπειδὴ
3257 1658 3315 1711 δὲ
3339 1659 3401 1712 οὐ
3430 1659 3588 1731 μόνον

2007 1748 2109 1801 οὐκ
2132 1748 2396 1821 ἔγραψαν,
2425 1749 2561 1803 ἀλλά
2589 1750 2683 1802 καὶ
2714 1747 3075 1801 συνεσκίασαν
3098 1749 3158 1800 τὸ
3184 1748 3431 1820 σφάλμα,
3457 1750 3584 1804 τού-

2005 1860 2099 1896 του
2127 1844 2285 1913 χάριν
2317 1842 2668 1913 σφοδρότερον
2697 1839 2961 1910 κέχρηται
2991 1838 3068 1910 τῷ
3092 1838 3256 1909 λόγῳ.
3283 1839 3465 1895 Ὥστε
3485 1859 3587 1910 γυ-

2004 1934 2183 1988 ναῖκα
2215 1933 2347 1988 τινὰ
2383 1933 2490 1987 τοῦ
2527 1933 2753 2003 πατρὸς
2804 1930 2986 1999 ἔχειν.
3022 1927 3122 1982 Διά
3168 1930 3221 1983 τί
3277 1930 3353 2002 μὴ
3407 1925 3583 1998 εἶπεν,

2007 2026 2169 2080 Ὥστε
2217 2026 2498 2096 πορνεύειν
2555 2026 2636 2087 είς
2689 2024 2955 2093 γυναῖκας
3000 2021 3073 2074 Τὸ
3120 2021 3322 2092 σφόδρα
3362 2023 3597 2094 αἰσχρὸν

2004 2119 2379 2190 παρῃτήσατο.
2407 2117 2496 2170 Διὸ
2518 2114 2859 2186 σεμνοτέρως
2881 2113 3010 2168 αὐτὸ
3030 2113 3397 2185 παρέδραμεν,
3425 2114 3502 2177 ὠς
3527 2115 3585 2169 ἐν

2003 2211 2117 2272 τοῖς
2171 2206 2480 2282 ἔμπροσθεν
2530 2204 2921 2277 δεδηλωμένον,
2963 2205 3063 2259 κάν
3106 2204 3280 2275 τούτῳ
3305 2205 3484 2271 αὔξων
3523 2204 3587 2260 τὸ

2004 2298 2252 2370 ἔγκλημα
2293 2297 2476 2363 πάλιν,
2520 2297 2616 2350 καὶ
2659 2297 2872 2359 δεικνὺς
2925 2297 3006 2349 ὅτι
3053 2295 3281 2350 τοιαῦτα
3314 2296 3585 2366 τολμᾶται

2005 2388 2136 2458 παρ’
2163 2388 2367 2453 αὐτοῖς,
2390 2387 2427 2442 ἀ
2454 2387 2575 2440 οὐδὲ
2599 2388 2771 2439 εἰπεῖν
2796 2384 2984 2455 σαφῶς
3010 2384 3235 2439 ἀνεκτὸν
3261 2384 3341 2456 τῷ
3363 2385 3583 2457 Παύλῳ.

2003 2479 2102 2533 Διά
2131 2481 2289 2533 τοῦτο
2333 2477 2428 2532 καλ⁵
2458 2476 2663 2549 προῖὼν
2690 2477 2770 2548 τῷ
2803 2476 2951 2548 αὐτῷ
2991 2476 3251 2549 κέχρηται
3284 2477 3471 2548 τρόπῳ
3499 2477 3586 2530 λέ-

2001 2581 2134 2633 γων·
2178 2564 2290 2618 Τὸν
2316 2565 2470 2618 οὕτω
2508 2564 2684 2619 τοῦτο
2711 2565 3266 2635 κατεργασάμενον·
3298 2566 3392 2619 καὶ
3423 2565 3585 2619 πάλιν

2002 2654 2319 2725 αἰσχύνεται
2352 2654 2446 2707 καὶ
2479 2653 2707 2725 ἐρυθριᾷ
2739 2654 2925 2722 σαφῶς
2954 2656 3146 2718 εἰπεῖν,
3177 2656 3313 2725 ὅπερ
3339 2654 3435 2708 καὶ
3453 2656 3584 2725 ἡμῖν

2002 2740 2125 2804 έθος
2164 2741 2256 2794 ἐπὶ
2284 2741 2392 2794 τῶν
2432 2742 2635 2811 σφόδρα
2664 2737 2912 2813 αἰσχρῶν
2942 2744 3137 2796 ποιεῖν.
3161 2742 3271 2796 Καὶ
3308 2744 3408 2797 οὐκ
3439 2740 3582 2811 εἶπε,

2000 2830 2310 2903 Μητρυιάν,
2340 2831 2494 2897 ἀλλά,
2528 2832 2798 2887 Γυναῖκα
2825 2832 3067 2902 πατρὸς,
3108 2834 3247 2888 ὥστε
3278 2834 3458 2906 πολλῷ
3483 2852 3583 2906 χα-

1997 2922 2303 2994 λεπώτερον
2335 2922 2555 2994 πλῆξαι.
2593 2923 2704 2976 Καὶ
2747 2923 2856 2995 γὰρ
2894 2925 3023 2978 ὅταν
3055 2925 3121 2978 τὰ
3163 2924 3402 2995 ὀνόματα
3438 2928 3582 2997 ἀρκῇ

2000 3012 2137 3089 πρὸς
2162 3013 2520 3083 κατηγορίαν,
2561 3012 2628 3066 δι’
2659 3012 2839 3066 αὐτῶν
2871 3014 3135 3085 πρόεισιν,
3168 3015 3320 3069 οὐδὲν
3356 3033 3583 3087 προστι-

2001 3104 2133 3175 θείς.
2169 3106 2277 3159 Καὶ
2308 3106 2383 3177 μή
2436 3123 2526 3177 μοι
2573 3107 2753 3177 εἴπῃς,
2796 3107 2980 3177 φησὶν,
3022 3108 3102 3160 ὅτι
3142 3104 3223 3171 είς
3246 3110 3392 3161 ἐστιν
3420 3110 3449 3161 ό
3487 3125 3584 3163 πε-

1999 3196 2334 3269 πορνευκώς”
2367 3197 2543 3250 κοινὸν
2578 3197 2795 3251 πάντων
2842 3198 2900 3250 τὸ
2948 3197 3196 3268 ἔγκλημα
3247 3199 3457 3267 γέγονε.
3493 3199 3586 3253 Διδ

2000 3289 2098 3341 καὶ
2137 3290 2406 3359 ἐπήγαγε
2439 3288 2551 3343 Kal
2588 3289 2758 3357 ὑμεῖς
2805 3288 3247 3358 πεφυσιωμένοι
3277 3289 3440 3344 ἐστέ.
3469 3290 3587 3344 Οὐκ

2000 3375 2146 3446 εἷπε,
2177 3379 2256 3449 τῷ
2282 3379 2645 3450 ἁμαρτήματι
2677 3378 2856 3451 (τοῦτο
2889 3380 2998 3451 γὰρ
3027 3380 3250 3448 ἀλογίας
3275 3380 3434 3451 ἐστὶ),
3467 3379 3588 3434 ἀλλ’

1999 3471 2092 3525 ἐπὶ
2116 3473 2187 3555 τῇ
2205 3469 2521 3541 διδασκαλίᾳ
2549 3474 2613 3542 τῇ
2646 3471 2778 3543 παρ’
2802 3472 3029 3525 ἐκείνου.
3064 3470 3212 3543 [126]
3236 3472 3406 3535 Αὐτὸς
3438 3472 3497 3524 δὲ
3523 3472 3584 3524 οὗ

1998 3561 2158 3616 τοῦτο
2188 3560 2453 3626 τέθεικεν,
2482 3561 2596 3614 ἀλλ’
2632 3562 2845 3631 ἀφῆκεν
2883 3562 3017 3615 αὐτὸ
3070 3562 3255 3631 μέσον,
3288 3563 3377 3618 ἵνα
3406 3561 3583 3632 πλήξῃ

2003 3654 2285 3724 μειζόνως.
2315 3653 2426 3706 Kal
2448 3653 2641 3706 σκόπει
2674 3653 2772 3724 τὴν
2802 3652 3016 3707 σύνεσιν
3043 3652 3280 3708 Παύλου.
3309 3654 3587 3725 Πρότερον

2001 3742 2244 3799 καθελὼν
2267 3745 2367 3815 τὴν
2399 3743 2588 3813 σοφίαν
2615 3744 2713 3816 τὴν
2741 3743 2958 3809 ἔξωθεν,
2989 3745 3080 3797 καὶ
3104 3744 3284 3810 δείξας
3316 3745 3467 3799 οὐδὲν
3494 3740 3585 3800 οῦ-

2003 3852 2100 3889 σαν
2129 3834 2250 3888 καθ’
2286 3834 2502 3905 ἑαυτὴν,
2528 3836 2631 3888 κᾶν
2661 3835 2734 3904 μὴ
2766 3835 3069 3907 ἁμάρτημα
3162 3836 3580 3906 προσκείμενον,

2003 3927 2122 3980 τότε
2164 3926 2348 3979 λοιπὸν
2381 3926 2476 3979 καὶ
2518 3926 2768 3996 περὶτοῦ
2815 3927 3213 3998 ἁμαρτήματος
3250 3927 3580 3996 διαλέγεται.

2004 4015 2067 4067 Εί
2097 4015 2197 4085 μὲν
2232 4014 2340 4086 γὰρ
2377 4014 2515 4085 πρὸς
2545 4015 2833 4086 σύγκρισιν
2872 4013 2969 4069 τοῦ
3009 4017 3460 4085 πεπορνευκότος,
3493 4033 3584 4070 σο-

2003 4105 2105 4175 φοῦ
2129 4122 2272 4168 τινος
2299 4107 2428 4168 ἴσως
2456 4105 2625 4170 ὄντος,
2658 4107 2800 4177 μέγα
2825 4102 3040 4161 εἶναιτὸ
3061 4108 3307 4178 χάρισμα
3337 4107 3398 4160 τὸ
3425 4125 3583 4161 πνευο

2003 4196 2230 4267 ματικὸν
2263 4196 2485 4267 ἔφησεν,
2517 4196 2670 4250 οὐδὲν
2699 4196 2764 4250 ἂν
2797 4197 2941 4267 μέγα
2970 4197 3160 4250 ἐποίειο
3184 4196 3245 4250 τὸ
3269 4195 3325 4249 δὲ
3354 4198 3447 4251 καὶ
3478 4216 3582 4269 χω-

2003 4288 2086 4359 ρὶς
2133 4288 2407 4360 ἁμαρτίας
2453 4286 2721 4351 καθελεῖν,
2768 4287 2861 4341 καὶ
2902 4287 3069 4358 μηδὲν
3099 4283 3263 4343 οὖσαν
3305 4288 3582 4359 ἀποφῆναι

1999 4377 2099 4446 τὴν
2134 4376 2324 4445 σοφίαν
2369 4374 2467 4447 τὴν
2498 4375 2716 4441 ἔξωθεν,
2748 4374 2906 4428 τοῦτο
2943 4371 3011 4447 ἦν
3049 4376 3219 4441 δεῖξαι
3250 4378 3456 4449 σφόδρα
3489 4377 3583 4432 εύ-

1999 4467 2129 4540 τελῆ
2170 4469 2341 4538 αὐτὴν
2367 4464 2552 4521 οὖσαν.
2581 4467 2672 4521 Διὸ
2699 4468 2963 4538 πρότερον
2988 4467 3132 4521 οὕτω
3165 4469 3265 4538 τὴν
3297 4467 3583 4539 σύγκρισιν

2001 4557 2388 4628 ποιησάμενος,
2418 4556 2537 4610 τότε
2580 4557 2672 4609 καὶ
2703 4557 2796 4609 τοῦ
2822 4557 3139 4626 σφάλματος
3171 4554 3338 4610 αὐτοῦ
3373 4556 3584 4627 μέμνη-

2000 4666 2110 4703 ται.
2154 4648 2408 4716 Κάκείνῳ
2451 4647 2547 4718 μὲν
2577 4649 2677 4701 οὐκ
2715 4646 2858 4712 ἀξιοῖ
2882 4646 3225 4716 διαλέγεσθαι
3260 4646 3384 4716 (κάν
3410 4646 3584 4717 τούτῳ

2000 4742 2242 4795 δείκνυσι
2275 4741 2374 4808 τὴν
2403 4739 2709 4811 ὑπερϐολὴν
2729 4739 2828 4810 τῆς
2853 4736 3120 4810 ἀτιμίας)·
3156 4737 3366 4800 τούτοις
3389 4738 3449 4791 δέ
3480 4756 3586 4810 φη-

2003 4850 2108 4899 σιν,
2138 4834 2222 4887 ὅτι
2252 4833 2399 4887 Ἔδει
2420 4832 2633 4885 πενθεῖν
2668 4832 2813 4899 ὑμᾶς
2847 4832 2941 4885 καὶ
2970 4830 3189 4901 θρηνεῖν
3229 4831 3324 4883 καὶ
3349 4830 3584 4897 ἐγκαλύ-

2001 4925 2253 4980 πτεσθαι·
2287 4925 2382 4980 νῦν
2407 4924 2465 4978 δὲ
2489 4924 2795 4978 τούναντίον
2821 4925 3047 4976 ποιεῖτε·
3077 4922 3158 4976 διὸ
3181 4922 3275 4975 καὶ
3309 4922 3581 4993 ὲπήγαγε’

2000 5016 2110 5074 Καὶ
2144 5017 2316 5087 ὑμεῖς
2362 5015 2808 5086 πεφυσιωμένοι
2833 5014 2996 5079 ἐστὲ,
3025 5013 3125 5068 καί
3169 5013 3306 5082 οὐχί
3340 5010 3586 5082 μᾶλλον

2000 5109 2393 5177 ἐπενθήσατε.
2413 5109 2524 5162 Καὶ
2546 5107 2605 5161 τί
2618 5107 2842 5176 γέγονεν
2868 5108 2954 5161 ἵνα
2979 5105 3359 5177 πενθήσωμεν,
3383 5106 3549 5177 φησίν
3569 5122 3584 5171 ;

2002 5201 2127 5254 Ὅτι
2148 5201 2226 5264 είς
2249 5198 2310 5253 τὸ
2341 5199 2518 5252 κοινὸν
2549 5200 2582 5269 ἡ
2608 5196 2827 5268 διαϐολὴ
2853 5198 2952 5269 τῆς
2987 5197 3314 5267 Ἐκκλησίας
3336 5197 3585 5269 προεχὼ

2005 5309 2158 5365 ρησε.
2206 5293 2316 5345 Καὶ
2352 5292 2439 5345 ἴνα
2471 5290 2524 5341 τί
2553 5288 2989 5361 κατορθώσωμεν
3014 5288 3411 5359 πενθήσαντεςς
3449 5290 3587 5344 Ἵνα

2002 5383 2225 5453 ἐξαρθῇ
2257 5383 2327 5448 ἐξ
2356 5381 2525 5452 ὑμῶν
2566 5384 2598 5435 ό
2624 5380 2912 5448 τοιοῦτος.
2954 5381 3064 5435 Καὶ
3092 5379 3214 5433 οὐδὲ
3239 5379 3474 5435 ἐνταῦθα
3500 5382 3584 5434 τί-

2004 5479 2161 5549 θησιν
2190 5474 2355 5529 αὐτοῦ
2382 5474 2442 5526 τὸ
2477 5473 2669 5543 ὃνομα,
2715 5473 2912 5544 μᾶλλον
2943 5472 3001 5526 δὲ
3032 5470 3291 5542 οὐδαμοῦ,
3319 5473 3457 5544 ὅπερ
3490 5473 3584 5527 ἐπὶ

2001 5586 2109 5623 των
2144 5566 2349 5637 σφόδρα
2375 5565 2591 5619 ἀτόπων
2620 5567 2792 5619 ποιεῖν
2818 5564 3103 5635 εἰώθαμεν,
3135 5563 3246 5617 Kal
3277 5563 3376 5616 οὐκ
3404 5558 3580 5629 εἶπεν,

2002 5657 2135 5729 Οὐχὶ
2166 5653 2368 5727 μᾶλλον
2407 5652 2709 5726 ἐξεϐάλετε,
2744 5655 2880 5723 ἀλλ’,
2916 5655 2988 5719 ὡς
3015 5654 3107 5708 ἐπὶ
3130 5654 3287 5710 νόσου
3316 5654 3459 5719 τινὸς
3484 5657 3578 5709 καὶ
