3986 6202
422 502 517 560 111

420 615 681 688 quispiam
741 624 931 668 avaros
987 623 1106 666 esse
1155 605 1497 679 hydropicus.
1543 601 1998 672 Quemadmodum

424 708 567 765 enim
594 706 667 761 illi
694 704 914 759 multam
936 702 990 757 in
1018 714 1246 770 corpore
1270 706 1541 769 gestantes
1576 712 1788 765 aquam,
1830 695 1999 765 magis

423 803 713 851 exuruntur
740 811 755 848 :
786 794 865 849 sic
891 801 945 847 et
978 791 1122 845 avari
1151 789 1347 844 multas
1375 785 1810 843 circundercntes
1837 801 1999 854 pecu-

421 888 533 940 nias
556 926 572 950 ,
620 885 800 954 plures
849 883 1258 952 concupiscunt.
1284 877 1455 934 Causa
1498 887 1673 933 autem
1703 877 1817 931 hare
1866 887 1947 932 est
1979 893 1994 932 :

419 992 586 1047 neque
612 977 686 1030 illi
716 977 768 1030 in
791 974 1210 1044 c0ugruentibus
1239 972 1369 1027 locis
1388 987 1554 1042 aquas
1580 970 1796 1036 habent,
1825 985 1998 1040 neque

416 1070 499 1123 isti
524 1068 577 1123 in
605 1067 1026 1137 congruentibus
1052 1064 1460 1134 cogitationibus
1487 1063 1992 1132 concupiscentiam.

414 1159 698 1230 Fugiamus
727 1174 858 1229 ergo
902 1159 1042 1212 hunc
1087 1157 1322 1212 alienum
1372 1167 1428 1211 et
1475 1156 1685 1210 inanem
1714 1155 1994 1221 morbum,

414 1253 675 1322 fugiamus
704 1251 939 1307 radicem
969 1251 1248 1312 malorum,
1276 1249 1534 1319 fugiamus
1564 1257 1880 1318 prtesentem
1905 1262 1993 1318 ge-

414 1344 678 1407 hennam;
718 1342 960 1413 gebenna
982 1343 1123 1398 enim
1152 1350 1234 1396 est
1254 1355 1438 1396 eorum
1469 1340 1753 1410 cupiditas.
1776 1340 1993 1409 Explica

413 1450 543 1505 ergo
562 1435 820 1505 cujusque
849 1434 1112 1497 animam,
1143 1441 1198 1488 et
1219 1433 1335 1502 ejus
1364 1432 1454 1503 qui
1471 1432 1726 1503 pecunias
1744 1431 1995 1502 despicit,

417 1536 475 1581 et
503 1526 617 1595 ejus
638 1527 727 1597 qui
754 1542 860 1581 non
883 1524 1143 1595 despicit;
1168 1535 1222 1580 et
1251 1525 1452 1580 videbis
1468 1566 1481 1575 .
1501 1525 1643 1580 hunc
1673 1524 1885 1594 quidem
1913 1525 1993 1579 fu~

423 1618 661 1673 rentibus
688 1632 809 1673 esse
833 1617 1085 1681 similem,
1112 1618 1197 1687 qui
1229 1616 1358 1671 nihil
1389 1617 1469 1671 vel
1493 1616 1673 1670 videre
1698 1616 1780 1670 vel
1803 1614 1992 1671 audire

423 1710 586 1770 velit;
610 1708 750 1763 hunc
764 1722 895 1764 vero
918 1708 1087 1777 portui
1112 1723 1142 1760 a
1166 1706 1411 1763 ﬂuctibus
1428 1708 1598 1762 libero
1620 1724 1633 1761 :
1654 1706 1741 1762 hic
1755 1707 1991 1762 omnium

420 1809 507 1855 est
534 1800 757 1862 amicus,
789 1807 847 1853 ut
875 1798 963 1852 ille
992 1798 1176 1852 hostis.
1197 1796 1328 1851 Nam
1355 1798 1466 1869 etsi
1496 1798 1612 1868 quis
1641 1798 1860 1867 accepit,
1883 1813 1987 1852 non

1440 491 1503 547 IN
1540 490 1753 546 EPIST.
1796 488 1816 544 1
1878 487 1969 545 AD
2000 488 2159 544 (30R.
2200 486 2433 544 IIOMIL.
2476 489 2590 547 XV.

3585 493 3686 549 ’23

2107 602 2252 656 illum
2278 600 2441 658 afficit
2465 602 2742 669 molestia;
2764 602 2951 675 siquis
2970 618 3179 660 rursum
3204 605 3301 676 ipsi
3321 606 3553 672 dederit.
3577 624 3685 667 non

2106 695 2342 760 inflavit;
2374 695 2467 750 sed
2488 704 2572 750 est
2597 695 2840 766 quaedam
2862 696 3000 766 apud
3037 698 3185 754 illum
3222 700 3445 756 libertas
3466 716 3682 757 omnem

2104 784 2307 841 habens
2330 785 2672 841 securitatem
2703 804 2718 842 :
2763 795 2819 842 et
2843 787 2931 843 hic
2965 788 3183 860 quidem
3208 790 3459 846 omnibus
3476 790 3681 847 adulari

2102 891 2223 931 cum
2271 876 2698 934 dissimulatione
2749 879 2979 950 cogitur,
3031 880 3124 937 ille
3150 891 3329 938 autem
3356 884 3576 940 nemini.
3624 885 3680 942 Si

2102 982 2229 1036 ergo
2258 976 2312 1022 et
2343 983 2544 1038 pauper
2569 978 2653 1024 est
2682 984 2875 1025 avarus
2919 979 2974 1026 et
3026 972 3265 1038 timidus,
3307 975 3585 1031 simulator
3629 988 3683 1032 et

2100 1059 2399 1132 hypocrita,
2430 1076 2495 1117 ac
2535 1061 2830 1118 terroribus
2862 1063 3068 1132 plenus,
3096 1066 3334 1121 cruciatu
3362 1077 3522 1137 atque
3549 1085 3680 1137 sup-

2101 1152 2296 1221 plicio;
2325 1152 2415 1223 qui
2447 1167 2573 1208 vero
2611 1153 2862 1222 pecunias
2889 1153 3135 1223 despicit,
3177 1158 3460 1213 contrariis
3491 1159 3683 1215 frnitnr

2099 1242 2346 1298 omnibus
2373 1258 2586 1299 :aunon
2619 1244 2794 1314 palam
2821 1256 2904 1301 est
2930 1246 3182 1303 virtutem
3203 1263 3324 1305 esse
3341 1252 3680 1307 suaviorem?

2097 1336 2176 1390 Ac
2200 1335 2403 1404 reliqua
2451 1335 2609 1390 etiam
2642 1336 3030 1393 inseetaremur
3062 1338 3227 1407 mala,
3257 1341 3411 1411 queis
3440 1346 3680 1398 ostendi-

2099 1435 2204 1493 tur,
2231 1426 2361 1482 nihil
2376 1427 2517 1498 quod
2538 1427 2732 1483 malum
2753 1429 2825 1484 sit
2847 1429 3042 1486 habere
3062 1430 3414 1502 voluptatem,
3442 1435 3542 1489 nisi
3565 1436 3674 1504 jam

2096 1521 2262 1576 multa
2289 1535 2319 1575 a
2351 1521 2506 1578 nobis
2532 1522 2778 1592 superius
2805 1522 2950 1579 dicta
2979 1524 3221 1581 fuissent.
3250 1525 3374 1582 [late
3401 1542 3530 1597 ergo
3553 1544 3675 1584 cum

2096 1612 2362 1680 sciamus,
2407 1612 2668 1683 eligamus
2717 1613 3011 1683 virtutem,
3066 1624 3128 1672 ut
3172 1626 3228 1672 et
3270 1616 3356 1674 hic
3405 1619 3677 1689 voluptate

2094 1702 2353 1768 fruamur,
2375 1712 2430 1758 et
2451 1703 2623 1759 futura
2645 1720 3037 1777 consequamur
3060 1708 3219 1775 bona,
3243 1710 3415 1780 gratia
3433 1719 3492 1767 et
3519 1711 3673 1767 beni-

2091 1795 2291 1868 gnitate
2307 1838 2324 1865 ,
2350 1805 2455 1853 etc.

424 1930 3657 1955 mw

1753 2008 2098 2071 HOMILIA
2140 2007 2284 2069 XV.

406 2155 536 2211 Car.
566 2156 620 2211 ὅ.
648 2171 699 2208 v.
738 2157 788 2210 1.
825 2156 1043 2210 Omnino
1080 2154 1285 2209 auditur
1319 2155 1449 2225 inter
1481 2169 1566 2208 vos
1605 2154 1872 2225 fornicatio
1893 2194 1906 2216 ,
1940 2162 1987 2208 et

480 2248 594 2302 talis
622 2248 893 2317 [ornicatio
913 2289 928 2311 ,
958 2263 1070 2316 qua:
1092 2263 1193 2300 non
1221 2247 1349 2300 inter
1373 2255 1542 2316 gentes
1571 2246 1860 2299 nominatur
1882 2286 1897 2308 ,
1930 2254 1986 2298 ut

478 2356 681 2394 uxorem
721 2340 881 2408 patris
917 2339 1002 2392 sui
1042 2339 1222 2406 aliquis
1253 2337 1450 2391 habeat.
1491 2336 1545 2390 2.
1590 2335 1654 2389 Et
1694 2350 1780 2390 vos
1819 2336 1986 2405 inﬂati

478 2435 613 2495 estis,
643 2442 688 2487 et
715 2449 815 2487 non
843 2433 1003 2503 magis
1035 2432 1233 2486 [aristis
1258 2473 1273 2499 ,
1301 2439 1354 2484 ut
1384 2429 1592 2484 tollatur
1621 2429 1683 2483 de
1707 2428 1871 2483 medio
1897 2445 1982 2483 ve-

475 2536 631 2580 strum
655 2527 738 2593 qui
763 2524 857 2578 hoc
885 2541 1013 2595 opus
1038 2523 1174 2592 fecit.

478 2616 531 2669 1.
562 2614 785 2681 Quando
809 2614 1107 2669 disserebat
1129 2613 1197 2668 de
1226 2613 1438 2667 illorum
1470 2611 1806 2667 dissensione
1831 2650 1845 2675 ,
1874 2624 1982 2666 non

398 2707 586 2761 statim
614 2705 912 2761 vehementi
940 2720 1069 2760 usus
1098 2714 1181 2760 est
1214 2718 1461 2759 sermone
1483 2743 1500 2770 ,
1530 2702 1623 2758 sed
1652 2702 1982 2759 mansuetius

403 2797 584 2867 primo
621 2797 811 2862 oravit,
842 2796 1162 2867 demumque
1204 2797 1257 2850 in
1298 2796 1694 2851 accusationem
1718 2794 1877 2849 desiit
1899 2794 1982 2849 his

402 2888 585 2944 verbis
614 2905 627 2941 :
661 2888 1012 2958 Signiﬁcatum
1059 2888 1192 2941 enim
1229 2895 1300 2942 est
1340 2886 1465 2941 mihi
1503 2886 1567 2941 de
1607 2886 1760 2954 vobis,
1797 2885 1981 2955 fratres

398 2979 536 3044 mei,
576 2978 637 3032 ab
659 2978 721 3031 iis
749 2980 834 3048 qui
861 2988 976 3033 sunt
1014 2978 1227 3043 Chloes,
1264 2977 1399 3048 quod
1426 2977 1765 3032 contentiones
1794 2977 1893 3031 sint
1928 2976 1980 3030 in

395 3070 539 3124 vobis
574 3069 650 3140 (1.
684 3068 804 3125 Cor.
837 3069 887 3126 1.
917 3067 1031 3139 11).
1061 3068 1159 3124 Hic
1186 3078 1361 3123 autem
1394 3084 1497 3122 non
1527 3068 1604 3122 sic
1626 3109 1641 3131 ,
1675 3066 1768 3123 sed
1798 3067 1978 3121 statim

394 3160 612 3231 pnngit;
644 3169 698 3214 et
726 3168 985 3229 quantum
1027 3160 1140 3214 fieri
1183 3167 1356 3229 potest
1377 3199 1390 3222 ,
1419 3158 1657 3214 criminis
1685 3156 1978 3228 exprobra-

394 3253 595 3304 tionem
617 3265 956 3304 communem
981 3248 1169 3303 reddit.
1202 3248 1380 3319 Neque
1405 3249 1546 3303 enim
1568 3249 1699 3303 dixit
1722 3266 1735 3302 :
1759 3247 1866 3303 Cur
1888 3247 1978 3302 ille

394 3342 689 3396 fornicatus
710 3341 830 3397 est?
850 3341 966 3407 sed,
987 3340 1206 3395 Omnino
1229 3341 1432 3396 auditur
1448 3342 1500 3395 in
1522 3340 1657 3395 vobis
1674 3340 1941 3412 fornicatio
1957 3354 1977 3392 :

392 3443 455 3488 ut
483 3449 548 3487 ne
574 3432 725 3503 quasi
755 3432 910 3486 alieni
940 3432 1159 3486 omnino
1187 3446 1215 3486 a
1242 3432 1607 3488 criminatione
1649 3432 1977 3502 negligenter

390 3532 640 3592 agerent,
685 3523 779 3577 sed
824 3523 876 3576 in
920 3523 1187 3577 communi
1229 3524 1498 3592 percussi,
1548 3531 1603 3578 et
1644 3524 1881 3577 Ecclesia
1923 3523 1974 3577 in

390 3615 606 3670 crimen
639 3622 823 3667 vocata
846 3655 861 3678 ,
892 3616 967 3668 sic
989 3614 1202 3670 solliciti
1234 3615 1605 3669 redderentur.
1638 3615 1803 3668 Nemo
1832 3614 1972 3669 enim

388 3705 560 3771 dicet,
592 3703 783 3774 inquit,
809 3704 898 3758 Ille
928 3703 1211 3760 fornicatus
1232 3715 1346 3770 est;
1376 3706 1471 3760 sed
1501 3707 1551 3758 in
1578 3704 1973 3760 Corinthiorum

388 3793 636 3850 Ecclesia
671 3794 865 3849 factum
885 3805 967 3851 est
995 3806 1285 3866 peccatum.
1317 3797 1427 3852 Nec
1451 3797 1603 3861 dixit,
1638 3797 2001 3865 Perpctratur.

388 3885 708 3951 fornicatio;
759 3885 853 3941 sed
892 3886 1130 3955 Auditur,
1163 3904 1278 3959 qua:
1318 3904 1381 3942 ne
1413 3888 1613 3958 quidem
1652 3888 1781 3940 inter
1806 3896 1974 3958 gentes

386 3977 720 4030 nominatur.
748 3976 971 4046 Semper
998 3977 1141 4032 enim
1170 3993 1234 4031 ex
1271 3978 1517 4047 gentibus
1555 3976 1744 4047 probra
1781 3978 1973 4047 ingerit

390 4068 674 4133 fidelibus;
718 4078 774 4124 et
818 4055 1386 4124 Thessalonicensibus
1430 4070 1669 4125 scribens
1717 4070 1968 4126 dicebat:

389 4160 753 4229 Unusquisque
804 4177 889 4216 vas
934 4179 1083 4215 suum
1131 4162 1383 4233 possideat
1431 4164 1484 4217 in
1538 4164 1969 4231 sanctificatione,

386 4269 498 4305 non
553 4253 607 4304 in
659 4252 888 4320 passione
942 4253 1215 4319 desiderii,
1266 4254 1391 4307 sicut
1446 4264 1492 4306 et
1554 4263 1745 4308 caetera:
1802 4264 1972 4324 gentes

386 4344 473 4415 (1.
500 4342 681 4398 Thess.
703 4345 759 4399 4.
786 4345 838 4399 4.
865 4344 955 4414 5);
983 4342 1388 4399 Colossensibus
1412 4354 1584 4399 autem
1609 4352 1661 4398 et
1684 4345 1929 4414 Ephesiis
1956 4363 1968 4399 :

389 4435 478 4489 Ne
538 4437 676 4490 ultra
727 4437 990 4492 ambuletis
1048 4439 1177 4492 sicut
1232 4437 1440 4506 reliqua:
1488 4446 1656 4508 gentes
1714 4437 1973 4491 ambulant

386 4527 611 4597 (Ep/tes.
635 4528 690 4582 4.
716 4528 828 4599 17).
859 4528 913 4584 Si
942 4538 1119 4585 autem
1143 4528 1328 4585 eadem
1355 4529 1467 4600 ipsa
1495 4545 1612 4599 quae
1640 4537 1825 4601 gentes
1851 4544 1974 4599 pee-

383 4632 515 4670 care
540 4618 745 4687 ignosci
777 4619 978 4688 nequit,
1009 4620 1233 4688 gentiles
1263 4620 1406 4690 ipsos
1433 4634 1496 4674 ea
1525 4619 1575 4673 in
1608 4634 1665 4674 re
1694 4635 1971 4690 superare,

382 4722 647 4776 quonam,
680 4724 883 4779 quaeso,
918 4711 971 4764 in
998 4712 1116 4765 loco
1143 4711 1436 4780 ponemus?
1467 4710 1619 4781 Apud
1649 4712 1770 4767 illos
1804 4712 1970 4782 enim,

383 4799 585 4870 inquit,
610 4815 718 4855 non
739 4801 900 4856 modo
923 4802 1052 4855 nihil
1079 4810 1418 4872 perpetratur
1439 4801 1764 4871 hujusmodi,
1790 4804 1883 4860 sed
1907 4819 1974 4859 ne

380 4892 698 4944 nominatur
722 4891 956 4961 quidem.
985 4891 1226 4946 Vidistin’
1248 4907 1522 4963 quousque
1547 4894 1748 4949 crimen
1770 4894 1974 4949 extule-

380 4980 497 5033 rit?
521 4980 656 5034 Cum
681 4983 821 5035 enim
851 4982 986 5037 tales
1010 4991 1302 5037 cernuntur
1329 4984 1596 5039 invenisse
1622 4986 1843 5040 luxuria:
1866 5001 1975 5042 mo-

378 5072 506 5135 dos,
533 5085 675 5143 quos
704 5072 950 5128 infideles
971 5089 1076 5129 non
1102 5075 1263 5129 modo
1284 5084 1591 5146 perpetrare
1621 5092 1724 5131 non
1750 5079 1969 5147 audent,

375 5164 479 5216 sed
510 5178 579 5219 ne
607 5174 806 5218 norunt
834 5166 1049 5235 quidem
1072 5208 1086 5234 ,
1122 5167 1405 5223 ineffabilia
1429 5177 1509 5223 est
1537 5170 1736 5238 peccati
1765 5173 1973 5242 magni-

379 5254 535 5309 tudo.
580 5255 715 5310 lllud
753 5266 955 5326 autem,
984 5257 1130 5312 Inter
1165 5277 1271 5327 vos,
1314 5274 1411 5330 per
1453 5259 1730 5329 emphasin
1773 5262 1973 5318 dictum

376 5355 501 5410 est;
535 5345 640 5401 hoc
665 5356 769 5412 est,
809 5348 951 5402 inter
981 5364 1074 5405 vos
1109 5349 1311 5418 ﬁdeles,
1349 5350 1438 5421 qui
1481 5358 1624 5405 tanta
1662 5354 1974 5422 percepistis

379 5439 669 5510 mysteria,
711 5440 804 5510 qui
843 5455 1164 5495 arcanorum
1205 5443 1490 5512 participes
1529 5426 1741 5509 fuistis,
1779 5443 1866 5513 qui
1908 5445 1975 5498 ad

376 5530 578 5586 cadum
595 5531 769 5586 vocati
791 5533 941 5588 estis.
970 5532 1159 5587 Viden‘
1185 5543 1377 5603 quanta
1402 5534 1764 5605 indignatione
1788 5538 1974 5605 plenus

377 5622 460 5674 sit
495 5638 708 5689 sermo,
740 5635 939 5695 quanta
970 5625 1047 5678 ira
1075 5635 1260 5677 contra
1287 5639 1491 5680 omnes.
1524 5626 1656 5681 Nam
1687 5626 1731 5681 si
1761 5641 1867 5681 non
1898 5630 1974 5680 ira

381 5714 553 5768 multa
575 5716 830 5771 incensus
851 5715 1060 5780 fuisset,
1090 5728 1263 5784 neque
1288 5715 1541 5770 adversus
1563 5731 1750 5772 omnes
1778 5717 1866 5771 illa
1892 5732 1977 5771 ex-

386 5807 719 5876 tenderetur,
758 5809 839 5864 sic
888 5808 1074 5878 utique
1118 5806 1386 5862 dixisset:
1434 5808 1787 5882 Quiaaudivi
1833 5810 1974 5880 quod

386 5897 485 5954 ille
504 5902 617 5958 talis
636 5902 936 5960 fornicatus
957 5901 1049 5970 sit,
1074 5901 1328 5972 castigate
1356 5899 1522 5956 illum.
1549 5902 1697 5959 Nunc
1721 5920 1846 5958 vero
1871 5918 1973 5959 non

2092 2152 2193 2221 sic,
2240 2152 2337 2209 sed
2375 2154 2534 2209 etiam
2578 2154 2837 2210 adversus
2874 2167 3062 2210 omnes
3100 2163 3357 2210 armatur.
3390 2154 3597 2211 Etenim
3622 2156 3667 2211 si

2090 2244 2297 2312 priores
2325 2245 2401 2299 illi
2431 2247 2812 2316 scripsissent,
2847 2245 2936 2300 illa
2964 2245 3184 2302 dixisset
3216 2264 3230 2299 :
3264 2247 3386 2316 quia
3409 2262 3535 2302 vero
3562 2262 3666 2303 non

2089 2334 2262 2389 solum
2303 2350 2409 2389 non
2451 2337 2798 2405 scripserunt,
2830 2336 2926 2391 sed
2960 2335 3121 2391 etiam
3150 2336 3325 2393 scelus
3352 2336 3483 2392 illud
3513 2346 3668 2393 texe-

2089 2435 2213 2481 runt
2239 2435 2293 2482 et
2316 2428 2701 2483 obumbrarunt
2724 2470 2740 2495 ,
2780 2429 2902 2483 ideo
2930 2428 3319 2485 vehementiori
3351 2430 3518 2483 utitur
3546 2445 3665 2484 ser-

2089 2532 2266 2573 mone.
2299 2517 2365 2574 Ut
2393 2536 2600 2574 uxorem
2626 2521 2783 2591 patris
2810 2522 2888 2574 sui
2915 2521 3097 2590 aliquis
3123 2520 3321 2575 habent.
3353 2520 3527 2588 Quare
3557 2535 3663 2575 non

2086 2607 2236 2674 dixit,
2270 2608 2336 2664 Ut
2363 2609 2652 2665 forniectur
2680 2625 2800 2665 eum
2842 2611 3100 2665 muliere?
3128 2611 3186 2665 1d
3212 2611 3351 2682 quod
3374 2610 3661 2666 admodum

2090 2707 2239 2769 turpe
2259 2709 2373 2755 erat
2392 2702 2595 2771 respuit
2619 2719 2631 2754 :
2653 2717 2817 2771 quare
2849 2701 3124 2758 honestius
3150 2701 3253 2757 huc
3277 2705 3658 2773 praetercurrit,

2088 2799 2145 2846 ut
2189 2793 2331 2863 quod
2375 2794 2428 2848 in
2475 2794 2841 2864 superioribus
2885 2802 3029 2849 esset
3073 2794 3437 2860 declaratum;
3478 2795 3529 2849 in
3561 2794 3662 2849 hoc

2085 2884 2245 2938 etiam
2268 2900 2452 2939 rursus
2475 2899 2673 2955 augens
2700 2884 2922 2951 crimen,
2954 2885 3349 2956 ostendensque
3378 2884 3516 2954 apud
3544 2885 3661 2940 illos

2087 2978 2208 3032 talia
2251 2979 2578 3049 perpetrari,
2610 2994 2729 3050 qua:
2767 2993 2836 3033 ne
2873 2979 3017 3035 clare
3046 2979 3225 3035 dicere
3251 2976 3464 3050 quidem
3497 2977 3660 3033 Paulo

2083 3068 2260 3126 liceat.
2308 3071 2434 3127 Ideo
2479 3072 2532 3126 in
2574 3072 2922 3143 sequentibus
2965 3072 3152 3129 eodem
3197 3072 3364 3129 utitur
3409 3070 3661 3142 loquendi

2081 3160 2242 3216 modo
2270 3159 2476 3226 dicens,
2506 3160 2639 3215 Eum
2667 3161 2752 3232 qui
2781 3163 2875 3216 hoc
2900 3164 2969 3217 ita
2998 3162 3153 3235 fecit:
3182 3169 3239 3218 et
3264 3177 3448 3217 rursus
3469 3162 3658 3217 erube-

2080 3252 2180 3307 scit
2210 3260 2261 3307 et
2293 3252 2455 3322 pudet
2482 3269 2603 3307 eum
2632 3263 2816 3324 aperte
2842 3254 3044 3323 dicere,
3067 3254 3142 3309 uti
3164 3254 3397 3311 solemus
3420 3255 3472 3309 in
3497 3253 3657 3309 rebus

2080 3344 2365 3400 admodum
2396 3346 2657 3415 turpibus.
2703 3347 2812 3403 Nec
2850 3347 3021 3412 dixit,
3052 3346 3363 3415 Novercam,
3392 3347 3484 3401 sed
3517 3345 3660 3401 Uxo-

2079 3452 2185 3489 rem
2221 3437 2397 3506 patris,
2438 3443 2496 3490 ut
2533 3437 2747 3507 gravius
2785 3437 2989 3493 feriret.
3032 3437 3246 3492 Etenim
3284 3453 3404 3492 cum
3444 3436 3658 3491 nomina

2080 3524 2353 3580 sufficiunt
2391 3526 2457 3580 ad
2487 3526 2866 3591 accusandum,
2897 3541 2991 3595 per
3020 3541 3080 3581 ea
3110 3527 3383 3595 procedit,
3423 3526 3659 3595 nihilque

2080 3616 2246 3672 addit.
2293 3616 2403 3671 Nec
2447 3616 2577 3670 mihi
2616 3617 2786 3680 dicas,
2820 3617 3011 3686 inquit,
3034 3631 3199 3669 unum
3223 3629 3342 3671 esse
3371 3614 3659 3669 fornicato-

2080 3722 2226 3771 rem;
2276 3721 2560 3760 commune
2606 3705 2853 3761 omnibus
2896 3705 3091 3761 factum
3133 3714 3216 3760 est
3258 3705 3483 3761 crimen.
3531 3704 3660 3759 Ideo

2080 3798 2238 3851 etiam
2270 3795 2545 3865 subjunxit
2572 3815 2585 3850 :
2615 3796 2685 3850 Et
2724 3812 2811 3851 eos
2851 3796 3019 3868 inflati
3060 3798 3198 3851 estis.
3231 3796 3346 3851 Non
3371 3796 3504 3851 dixit
3532 3810 3658 3866 pro-

2079 3897 2198 3958 pter
2239 3896 2515 3958 peccatum
2570 3905 2583 3942 :
2630 3888 2731 3943 hoc
2774 3888 2914 3943 enim
2956 3887 3319 3943 irrationabile
3359 3894 3521 3952 esset,
3563 3884 3658 3941 sed

2079 3987 2296 4048 propter
2321 3977 2459 4031 illius
2484 3977 2801 4032 doctrinam.
2830 3977 2950 4049 Ipse
2974 3986 3150 4032 autem
3183 3977 3286 4033 hoc
3310 3992 3413 4031 non
3441 3975 3655 4047 posuit,

2077 4068 2171 4122 sed
2204 4067 2434 4123 medium
2463 4069 2708 4139 reliquit,
2741 4077 2797 4123 ut
2828 4070 2992 4139 magis
3029 4068 3232 4125 feriret.
3273 4068 3340 4123 Et
3377 4068 3659 4124 considera

2078 4158 2223 4212 Pauli
2267 4159 2626 4229 prudentiam.
2671 4157 2802 4214 Cum
2836 4160 3006 4230 primo
3034 4170 3310 4215 externam
3341 4161 3658 4230 sapientiam

2077 4250 2378 4319 dejecisset,
2426 4250 2855 4322 ostendissetque
2898 4252 3042 4305 illam
3092 4267 3189 4321 per
3230 4265 3289 4306 se
3340 4252 3471 4305 nihil
3513 4266 3654 4317 esse,

2076 4341 2282 4395 etiamsi
2330 4350 2604 4410 peccatum
2651 4356 2758 4395 non
2802 4342 2872 4395 sit
2915 4341 3209 4410 adjectum;
3267 4352 3391 4396 tunc
3443 4340 3656 4396 demum

2077 4433 2235 4487 etiam
2265 4433 2329 4485 de
2358 4443 2573 4501 peccato
2598 4433 2849 4502 loquitur.
2883 4432 3012 4486 Nam
3039 4433 3083 4486 si
3113 4433 3178 4486 ad
3206 4433 3658 4502 comparationem

2078 4522 2434 4588 fornicatoris,
2458 4522 2546 4592 qui
2578 4521 2805 4576 fortasse
2833 4522 3049 4591 sapiens
3077 4522 3337 4592 quispiam
3367 4531 3503 4589 erat,
3536 4538 3653 4577 nta-

2077 4630 2238 4684 gnum
2279 4629 2399 4669 esse
2436 4615 2710 4685 Spiritnale
2735 4614 2934 4669 donum
2963 4614 3216 4683 dixisset,
3249 4615 3379 4671 nihil
3406 4631 3655 4686 magnum

2077 4706 2323 4775 fecisset;
2354 4707 2446 4762 sed
2478 4709 2636 4763 etiam
2664 4708 2865 4777 absque
2897 4716 3115 4778 peccato
3153 4708 3382 4776 dejicere
3427 4718 3480 4763 et
3523 4710 3656 4763 nihil

2078 4815 2197 4857 esse
2245 4799 2614 4856 demonstrare
2665 4801 2981 4870 sapientiam
3029 4811 3302 4856 externam
3331 4843 3345 4866 ,
3394 4801 3495 4856 hoc
3543 4810 3655 4855 erat

2077 4892 2361 4949 ostendere
2390 4893 2534 4947 illam
2561 4892 2847 4947 admodum
2885 4908 3005 4950 esse
3041 4895 3221 4950 vilem.
3268 4894 3392 4949 Ideo
3424 4909 3545 4948 cum
3578 4895 3656 4948 sic

2079 4986 2224 5056 prius
2248 4985 2696 5055 comparationem
2722 4985 2949 5051 fecisset,
2978 4996 3105 5042 tunc
3124 4982 3283 5042 etiam
3313 4986 3513 5055 peccati
3543 5001 3654 5042 me-

2078 5078 2270 5132 minit:
2300 5084 2354 5131 et
2379 5091 2500 5131 eum
2531 5076 2622 5133 illo
2650 5078 2862 5148 quidem
2888 5079 3155 5133 disserere
3177 5094 3281 5133 non
3305 5078 3571 5147 dignatur,
3600 5086 3654 5134 et

2079 5170 2132 5223 in
2165 5169 2265 5223 hoc
2305 5183 2567 5222 summam
2620 5171 2857 5224 ostendit
2884 5169 3190 5235 infundant;
3236 5170 3317 5224 his
3354 5181 3528 5226 autem
3571 5171 3653 5226 di-

2079 5262 2152 5315 cit
2179 5277 2191 5313 :
2219 5259 2514 5330 Oportebat
2538 5273 2635 5313 vos
2662 5259 2828 5325 flere,
2860 5260 3042 5329 lugere
3078 5268 3131 5314 et
3174 5276 3281 5330 pne
3328 5263 3529 5333 pudore
3574 5262 3654 5317 la-

2080 5351 2340 5416 mentari;
2392 5365 2535 5406 nunc
2583 5358 2761 5406 autem
2802 5353 3128 5407 contrarium
3173 5353 3391 5411 facitis:
3431 5356 3656 5425 ideoque

2081 5441 2398 5510 subjunxit:
2433 5440 2501 5494 Et
2544 5457 2628 5495 vos
2672 5442 2839 5511 inﬂati
2878 5445 3017 5511 estis,
3044 5454 3089 5499 et
3129 5463 3230 5502 non
3267 5450 3427 5519 magis
3467 5449 3653 5502 luctum

2081 5532 2345 5586 habuistis.
2375 5533 2442 5586 Et
2466 5533 2589 5602 quid
2620 5533 2813 5589 factum
2841 5544 2923 5590 est
2942 5577 2958 5602 ,
2988 5535 3196 5606 inquies
3215 5579 3228 5602 ,
3262 5546 3321 5593 ut
3346 5553 3444 5592 nos
3470 5538 3651 5603 lugea-

2080 5627 2237 5680 mus?
2274 5625 2423 5692 Quod
2463 5627 2513 5682 in
2550 5643 2833 5684 commune
2862 5629 3114 5684 Ecclesia:
3140 5644 3419 5700 progressa
3452 5627 3521 5680 sit
3550 5627 3651 5680 cri-

2083 5718 2322 5772 minatio.
2355 5718 2423 5772 Et
2447 5734 2542 5774 cur
2566 5720 2704 5776 bene
2736 5723 2988 5775 faciemus
3018 5723 3297 5792 lugentes?
3336 5718 3405 5772 Ut
3447 5717 3653 5771 tottatm-

2085 5827 2147 5865 ex
2170 5809 2304 5863 vobis
2328 5812 2414 5880 qui
2439 5824 2511 5867 est
2540 5814 2676 5867 talis.
2715 5813 2780 5867 Et
2809 5829 2979 5882 neque
3009 5816 3095 5868 Inc
3118 5827 3311 5866 nomen
3342 5809 3457 5879 ejus
3486 5811 3648 5879 punit,

2091 5919 2265 5973 neque
2296 5906 2518 5973 uspiam,
2548 5914 2602 5957 ut
2631 5904 2855 5959 solemus
2882 5906 3050 5958 facete
3081 5904 3130 5958 in
3159 5902 3221 5957 iis
3251 5918 3364 5972 qua:
3386 5898 3535 5956 valde
3568 5899 3661 5952 ab~
