3986 6202
338 398 441 460 iam

335 519 499 575 surda
527 530 580 575 et
610 519 822 590 indigna
850 529 990 575 sunt.
1023 519 1133 576 Nec
1159 520 1315 584 dixit,
1339 520 1408 576 Et
1431 535 1537 574 non
1560 518 1728 589 magis
1754 515 1916 588 ejeci-

335 611 468 676 stis;
500 611 592 665 sed
637 612 774 665 sicut
819 610 871 665 in
919 612 1106 667 morbo
1150 609 1329 681 aliquo
1366 620 1423 665 et
1462 610 1514 664 in
1566 619 1732 678 peste,
1775 608 1917 662 luctu

335 712 471 772 opus
496 713 578 759 est
602 713 655 757 et
683 703 887 757 intcnsa
917 703 1300 774 supplicatione
1318 745 1333 768 ,
1363 700 1432 759 Ut
1457 703 1681 769 tollatur,
1708 701 1876 769 inquit
1899 716 1916 768 ;

336 804 391 848 et
421 795 723 863 prccatitme
743 794 809 849 ad
833 794 934 849 hoe
957 795 1209 877 utgndum
1234 805 1337 860 est,
1363 793 1598 864 nihilque
1628 807 1732 847 non
1758 808 1921 862 agen-

336 887 462 941 dutn
508 898 565 942 ut
609 889 698 943 ille
736 888 1100 944 abscindatur.
1151 888 1334 959 Neque
1372 895 1586 943 accusat
1625 901 1738 947 eos,
1779 884 1920 954 quod

343 983 442 1034 hoc
465 979 562 1031 sibi
598 994 702 1034 non
737 980 1040 1044 iudicarint,
1063 980 1156 1035 scd
1178 983 1299 1050 quia
1322 995 1428 1034 non
1457 980 1725 1041 luxerunt,
1750 986 1803 1031 ut
1831 977 1922 1032 ille

342 1069 409 1123 de
441 1070 618 1124 medio
647 1070 925 1125 tolleretur
954 1088 967 1125 :
997 1071 1286 1126 ostendens
1314 1070 1365 1126 id
1394 1071 1510 1125 sine
1537 1070 1757 1125 doctore
1781 1082 1921 1137 pne—

343 1159 595 1214 standum
619 1160 784 1216 fuisse
806 1162 875 1216 ob
894 1161 1074 1217 delicti
1091 1161 1432 1217 evidentiam.
1455 1162 1509 1216 5.
1532 1159 1670 1214 Nam
1699 1176 1790 1231 ego
1811 1158 1924 1229 qui-

341 1252 454 1305 dem
491 1263 749 1322 tamquam
780 1252 959 1308 absens
996 1269 1226 1324 corpore,
1259 1269 1477 1322 praesens
1512 1263 1679 1306 autem
1717 1251 1921 1317 spiritu.

411 1344 469 1398 2.
496 1342 624 1400 Cum
646 1344 845 1414 publica
874 1346 1179 1415 fornicatore
1203 1345 1452 1415 quomodo
1476 1353 1594 1415 agat
1620 1343 1838 1397 Paulus.
1854 1371 1926 1382 —

345 1436 481 1493 Vide
505 1436 738 1491 animum
770 1455 783 1490 :
811 1452 878 1491 ne
902 1437 1030 1491 sinit
1055 1436 1271 1507 quidem
1299 1447 1610 1506 exspectare
1634 1438 1923 1491 adventum

343 1544 499 1584 suum
521 1567 537 1592 ,
567 1535 627 1582 ut
652 1528 765 1597 ipse
791 1527 983 1597 ligetur
1003 1569 1017 1592 ,
1044 1528 1137 1583 sed
1168 1537 1436 1599 tamquam
1467 1538 1666 1597 pe3tem
1694 1528 1924 1598 aliquam

344 1622 687 1690 expulsurus,
702 1621 1005 1691 priusquam
1020 1620 1344 1676 diﬂ'undatur
1358 1621 1408 1676 in
1424 1623 1686 1692 reliquum
1704 1636 1921 1690 corpus,

344 1710 488 1765 illam
532 1711 774 1767 detinere
809 1721 1059 1782 pr0perat
1088 1730 1102 1766 :
1136 1712 1364 1783 ideoque
1396 1713 1579 1782 adjicit
1606 1729 1619 1765 :
1642 1711 1764 1766 lam
1782 1712 1925 1784 judi-

345 1802 455 1856 (ιιιιὶ
496 1811 549 1856 ut
588 1817 828 1872 prcsens.
871 1802 997 1857 llu‘c
1032 1812 1212 1857 autem
1241 1803 1472 1869 diccbat,
1506 1820 1610 1858 non
1642 1804 1803 1859 tnodo
1833 1820 1925 1858 ur-

346 1907 480 1964 gens
505 1893 626 1949 illos
651 1892 718 1948 ad
745 1893 1066 1948 sententiam
1107 1893 1387 1949 terendum
1413 1935 1429 1961 ,
1461 1910 1633 1965 neque
1659 1897 1841 1950 sinens
1872 1904 1929 1949 ut

346 1984 490 2039 aliud
519 1985 729 2041 consilii
758 1986 1002 2054 capiant;
1034 1985 1127 2040 sed
1154 1987 1315 2040 etiam
1345 1996 1552 2041 terrens
1575 2028 1589 2053 ,
1616 1997 1672 2041 ut
1700 1988 1787 2057 qui
1818 1988 1927 2041 sci—

348 2088 431 2132 ret
457 2077 545 2132 illa
570 2093 690 2148 quae
716 2077 791 2132 ibi
819 2089 1001 2133 essent
1024 2077 1216 2134 httura.
1268 2079 1404 2134 Illud
1433 2079 1577 2135 cuitu
1618 2087 1703 2134 est
1737 2079 1963 2134 adesse'

349 2173 571 2242 spiritu;
600 2185 657 2228 ut
684 2173 911 2229 Elizzcus
934 2174 1081 2231 Giezi
1114 2189 1354 2244 prtesens
1376 2184 1430 2229 et
1457 2174 1669 2229 dicebat
1698 2191 1713 2231 :
1743 2172 1932 2229 Nonne

348 2283 437 2319 cor
462 2280 628 2321 meum
650 2277 759 2322 erat
785 2277 945 2322 tecum
972 2267 993 2338 (
1017 2268 1070 2323 4.
1103 2269 1228 2338 Reg.
1258 2269 1312 2323 5.
1338 2266 1411 2321 26
1431 2266 1492 2338 )?
1520 2267 1698 2338 Papze,
1732 2276 1928 2338 quanta

350 2365 435 2410 est
461 2357 629 2411 virtus
655 2357 1011 2423 charismatis,
1042 2374 1162 2413 eum
1191 2373 1378 2413 omnes
1399 2357 1557 2412 simul
1580 2367 1932 2428 congregatos

353 2456 590 2515 prmstet,
615 2457 668 2502 et
693 2464 755 2503 ea
777 2466 895 2517 qua:
923 2448 1101 2518 procul
1130 2449 1262 2503 ﬁunt
1288 2458 1409 2502 nota
1437 2448 1626 2503 iaciat!
1659 2447 1934 2520 Jamjudi-

353 2539 463 2592 cavi
488 2548 541 2591 ut
577 2556 816 2604 prwscns.
855 2539 970 2594 Non
1015 2541 1141 2594 sinit
1167 2555 1261 2595 eos
1286 2540 1430 2595 aliud
1467 2541 1753 2611 quidquam
1780 2542 1930 2612 cogi-

355 2645 468 2685 tare
498 2648 510 2680 :
544 2630 674 2686 Nam
704 2633 1021 2687 sententiam
1052 2633 1142 2687 tuli
1174 2643 1229 2687 ut
1256 2648 1492 2704 praesens
1523 2652 1536 2688 :
1563 2649 1630 2688 ne
1658 2634 1786 2688 mihi
1819 2650 1934 2687 ιιιο-

355 2735 440 2777 ras
461 2733 515 2778 et
554 2724 1060 2794 procrastinationes
1089 2725 1270 2792 dicas;
1319 2726 1449 2779 nihil
1477 2726 1619 2780 enim
1645 2726 1785 2779 aliud
1816 2724 1932 2780 ﬁcri

355 2825 584 2883 oportet.
633 2817 837 2873 Deinde
863 2834 928 2873 ne
960 2833 1147 2889 magna
1174 2818 1446 2873 videretur
1475 2834 1591 2873 esse
1620 2820 1931 2887 auctoritas,

357 2921 527 2975 neque
552 2909 890 2977 arrogantius
916 2909 1116 2964 dictum
1144 2923 1265 2964 esse
1293 2920 1625 2976 censeretur,
1661 2910 1777 2965 vide
1802 2926 1935 2980 quo-

359 2999 517 3053 modo
543 3010 597 3054 et
616 3001 761 3070 ipsos
786 2999 971 3070 judicii
1002 3001 1177 3056 socios
1201 3000 1378 3055 faciat.
1402 3000 1533 3055 Nam
1567 3018 1690 3057 cum
1713 3003 1936 3058 dixisset

353 3090 590 3146 Judicaui
610 3134 625 3157 ,
656 3092 833 3147 intulit
862 3110 875 3147 :
910 3093 1037 3147 lium
1064 3094 1246 3164 quisic
1273 3105 1507 3161 operatus
1532 3105 1636 3161 est,
1666 3096 1720 3150 4.
1753 3096 1805 3149 in
1839 3113 1933 3149 no-

358 3187 491 3239 mine
527 3185 736 3240 Domini
772 3186 931 3240 nostri
963 3184 1087 3240 Jesu
1121 3186 1331 3252 Christi,
1363 3189 1678 3258 congregatis
1714 3186 1849 3241 robis
1890 3196 1935 3242 et

356 3296 466 3333 tttt’O
508 3279 724 3349 spiritu,
766 3295 877 3333 cum
916 3280 1093 3333 virtute
1131 3278 1337 3334 Domini
1384 3281 1543 3334 nostri
1581 3279 1708 3335 Jesu
1748 3278 1936 3335 Citriin

354 3372 406 3428 5.
439 3375 638 3428 tradere
665 3373 956 3445 hujusmodi
977 3374 1228 3428 hominem
1250 3383 1459 3428 satanoe.
1498 3374 1563 3430 Et
1590 3374 1716 3445 quid
1746 3383 1848 3439 est,
1869 3372 1936 3427 In

354 3465 556 3519 nomine
587 3463 789 3518 Domini
815 3465 971 3518 nostri
996 3462 1120 3519 Jesu
1146 3464 1335 3521 Christi
1356 3466 1382 3518 ?
1407 3464 1710 3520 Secundum
1743 3465 1932 3530 Deum,

355 3572 459 3610 non
497 3553 731 3611 humano
768 3555 967 3611 detenti
1007 3554 1334 3626 pracjudicio.
1383 3556 1608 3625 Quidam
1648 3564 1826 3611 autent
1855 3556 1934 3612 sie

354 3646 535 3717 legunt
566 3666 577 3699 :
610 3643 745 3700 Eum
783 3648 868 3717 qui
904 3646 976 3703 sic
1014 3654 1250 3718 operatus
1290 3656 1363 3702 est
1402 3648 1454 3700 in
1492 3649 1692 3702 nomine
1725 3646 1936 3703 Domini

357 3739 513 3792 ηυδινι
555 3737 679 3793 Jesu
723 3737 913 3792 Christi
934 3746 1021 3792 :et
1055 3750 1252 3807 puncto
1293 3736 1379 3793 hie
1418 3739 1663 3809 apposito
1694 3754 1788 3793 seu
1820 3739 1934 3792 vir-

353 3831 495 3898 gula,
529 3829 613 3884 his
641 3831 815 3886 verbis
838 3838 1083 3899 pergunt,
1115 3829 1440 3901 Congregatis
1466 3830 1600 3885 vobis
1625 3841 1671 3884 et
1697 3848 1806 3885 meo
1829 3831 1938 3900 spi-

353 3923 455 3975 ritu
501 3921 699 3975 tradi-re
744 3923 1038 3993 hujusmodi
1085 3922 1336 3977 hominem
1380 3932 1591 3976 solante.
1641 3921 1711 3978 Et
1752 3922 1937 3978 dicunt

356 4012 514 4081 hujus
546 4012 785 4066 lectionis
810 4011 950 4066 hunc
978 4026 1098 4067 esse
1117 4027 1331 4068 sensum
1359 4033 1371 4068 :
1401 4009 1535 4066 Eum
1562 4013 1650 4082 qui
1684 4014 1786 4067 hoc
1808 4028 1938 4082 0pc-

357 4112 504 4157 t'atus
533 4112 616 4157 est
644 4103 696 4157 in
730 4104 945 4157 nomine
973 4102 1170 4158 Christi
1197 4144 1212 4169 ,
1247 4099 1437 4157 tradite
1466 4113 1702 4170 satante;
1736 4103 1786 4157 id
1815 4113 1894 4159 est
1916 4146 1931 4170 ,

354 4206 476 4252 cunt
503 4196 591 4266 qui
621 4212 812 4250 nomen
840 4195 1039 4252 Christi
1075 4193 1394 4249 contumelia
1425 4194 1599 4249 all'ecit
1621 4237 1635 4260 ,
1668 4195 1758 4265 qui
1793 4203 1938 4265 post-

352 4305 512 4357 quam
541 4288 715 4343 fidelis
746 4287 914 4343 factus
943 4297 1020 4342 est
1041 4328 1056 4352 ,
1085 4295 1139 4341 et
1165 4301 1459 4357 cognomen
1490 4286 1695 4355 accepit
1734 4287 1803 4342 ab
1844 4286 1936 4341 illo

354 4380 567 4436 tlutuiue
591 4422 606 4447 ,
648 4380 767 4434 talia
808 4388 890 4433 est
932 4395 1094 4433 ausus
1116 4421 1129 4444 ,
1162 4378 1303 4433 hunc
1334 4376 1527 4434 tradite
1556 4387 1777 4434 satame.
1808 4373 1935 4433 Mihi

356 4483 531 4527 autem
572 4472 715 4540 prior
742 4471 899 4526 lectio
928 4471 1101 4525 verior
1130 4487 1249 4525 csse
1279 4470 1506 4525 videtur.
1550 4471 1802 4538 Quzcnatn
1846 4468 1934 4525 illa

355 4565 475 4619 est?
523 4561 590 4616 In
632 4562 832 4616 nomine
881 4562 1084 4616 Domini
1113 4564 1426 4633 congregatis
1474 4562 1647 4624 vobis;
1691 4562 1792 4619 hoc
1830 4572 1933 4630 est,

356 4651 486 4727 Ejus
513 4656 729 4711 nomine
748 4671 841 4709 vos
866 4666 1243 4724 congregante,
1271 4669 1368 4723 pro
1395 4670 1503 4723 quo
1523 4654 1836 4709 convenitis.
1866 4652 1935 4708 Et

353 4750 538 4819 spiritu
580 4764 710 4801 meo.
757 4746 963 4802 Rursus
1001 4745 1234 4816 seipsum
1260 4762 1380 4800 cum
1409 4745 1514 4801 illis
1538 4746 1847 4808 constituit,
1878 4753 1938 4800 ut

356 4857 476 4896 cum
511 4839 869 4910 judicaverint
892 4840 1041 4909 quasi
1074 4838 1189 4907 ipso
1217 4847 1483 4909 praesente
1502 4881 1516 4902 ,
1556 4840 1633 4892 sic
1662 4837 1808 4893 illum
1837 4838 1933 4893 ab-

353 4933 621 4999 scindunt,
649 4941 704 4987 et
731 4946 890 4986 nemo
920 4930 1059 4985 ausit
1087 4929 1260 4999 ipsum
1284 4930 1435 4985 venia
1466 4930 1682 5002 dignum
1714 4930 1931 4997 habere,

352 5025 529 5079 sciens
556 5024 670 5080 fore
698 5033 753 5078 ut
785 5023 979 5078 Paulus
1013 5023 1146 5078 sciat
1173 5036 1236 5077 ea
1263 5037 1381 5092 qua:
1407 5018 1544 5076 facta
1570 5020 1785 5076 fuerint.
1831 5022 1934 5077 De-

356 5112 479 5169 inde
504 5120 561 5168 ut
587 5128 698 5169 rem
726 5114 979 5170 exhibeat
1009 5112 1421 5179 terribiliorem,
1461 5112 1536 5167 ait
1565 5131 1577 5166 :
1605 5113 1730 5167 Cum
1760 5114 1938 5168 virtute

353 5204 562 5261 Domini
587 5206 745 5258 nostri
778 5201 903 5261 Iesu
939 5206 1145 5261 Christi.
1177 5204 1231 5260 Id
1260 5213 1382 5269 est,
1410 5205 1493 5261 vel
1522 5204 1663 5276 quod
1689 5204 1935 5260 Christus

354 5297 522 5366 possit
556 5310 674 5351 eam
703 5296 855 5351 vobis
888 5297 1110 5366 gratiam
1147 5294 1276 5352 dare
1296 5337 1312 5360 ,
1342 5305 1399 5351 ut
1427 5296 1641 5366 possitis
1669 5309 1792 5351 eum
1820 5296 1934 5352 dia-

357 5389 481 5444 bolo
508 5385 755 5451 tradere;
784 5387 867 5441 vel
897 5385 1036 5456 quod
1066 5386 1179 5456 ipse
1204 5385 1477 5441 vobiscum
1500 5388 1703 5441 laturus
1726 5386 1795 5442 sit
1813 5404 1937 5444 sen-

358 5482 598 5536 tentiam.
629 5477 744 5533 Non
774 5477 909 5533 dixit
933 5486 1133 5541 autem,
1163 5477 1334 5547 ipsum
1361 5477 1558 5533 dedere
1582 5487 1809 5542 satame;
1840 5477 1935 5534 sed

356 5568 598 5634 Tradere,
631 5569 734 5639 ipsi
761 5569 1008 5639 aperiens
1032 5567 1358 5639 poenitentia:
1388 5567 1558 5633 fores,
1588 5578 1644 5623 et
1668 5569 1767 5638 ipsi
1797 5578 1934 5624 tam-

354 5660 835 5732 tpzam'ptcdagogo
864 5659 1020 5715 talem
1050 5659 1321 5715 hominem
1356 5658 1590 5714 tradens.
1624 5662 1687 5714 Et
1714 5676 1932 5727 rursus,

356 5752 503 5806 talem
523 5794 535 5817 ,
569 5768 666 5806 nec.
696 5768 917 5823 usquam
945 5754 1053 5807 vult
1081 5752 1227 5807 illum
1256 5769 1351 5807 suo
1383 5751 1597 5806 nomine
1628 5767 1836 5806 vocare.
1872 5750 1934 5805 In

352 5843 605 5896 interitum
634 5844 820 5900 carnis.
852 5844 1001 5902 Sicut
1028 5854 1081 5902 et
1113 5846 1163 5899 in
1194 5843 1348 5899 beato
1369 5841 1469 5899 Job
1495 5842 1689 5900 factum
1713 5850 1812 5911 cst,
1838 5842 1930 5898 sed

1084 370 1141 460 ε.
1170 399 1447 461 ιοειΝΝιε
1481 394 1954 458 ειιιιγευετυιιι
1978 396 2295 458 Αιιειιιιςιι.
2335 396 2865 464 cous'rsu'uaoe.

3500 410 3599 470 {2t

2025 533 2130 572 non
2160 518 2347 575 eadem
2378 520 2447 577 de
2471 538 2652 578 causa.
2700 524 2829 579 Nam
2871 524 2977 579 illic
3017 540 3113 593 pro
3149 527 3603 596 splendidioribus

2023 609 2259 675 coronis,
2293 611 2380 667 hic
2404 628 2500 681 pro
2529 626 2863 684 peccatorum
2891 616 3241 683 remissione;
3280 628 3340 674 ut
3374 619 3605 692 ﬂagellet

2024 717 2147 756 eum
2176 705 2315 758 malo
2347 706 2523 762 ulcere
2549 718 2641 763 aut
2668 709 2774 764 alio
2799 710 3009 766 morbo.
3053 712 3212 781 Atqui
3248 713 3374 768 alibi
3413 714 3489 767 ait
3519 733 3532 768 :
3560 717 3601 769 Α

2027 791 2246 849 Domino
2264 797 2563 865 jndicamur
2586 799 2702 855 haec
2733 802 3016 871 patientes.
3050 803 3119 857 At
3149 805 3234 860 hic
3260 806 3430 875 magis
3457 808 3603 860 illum

2027 897 2263 953 pungere
2309 887 2536 954 volens,
2585 901 2785 947 satame
2825 892 3006 949 tradit.
3052 894 3119 950 Et
3166 895 3267 951 hoc
3308 908 3456 952 certe
3500 897 3611 952 ilco

2027 975 2277 1043 placitum
2305 976 2419 1044 fuit,
2454 988 2507 1034 ιιι
2533 984 2880 1052 castigarctur
2900 984 3017 1055 ejus
3036 1000 3180 1041 caro.
3206 987 3339 1055 Quia
3367 989 3510 1044 enim
3540 1004 3607 1044 ex

2027 1068 2242 1136 crapula
2271 1079 2325 1124 et
2348 1069 2554 1127 deliciis
2581 1075 2883 1130 carnalibus
2909 1079 3352 1147 concupiscentia:
3375 1096 3610 1136 nascun-

2030 1167 2135 1221 tur,
2159 1174 2374 1216 carnem
2395 1164 2637 1233 CaSIigat.
2674 1163 2743 1219 Ut
2769 1166 2995 1234 Spiritus
3022 1169 3193 1223 salvus
3219 1171 3283 1223 sit
3308 1172 3361 1224 in
3386 1172 3470 1225 die
3498 1171 3608 1225 Do-

2030 1251 2153 1303 ntim
2190 1249 2338 1306 Iesu.
2386 1252 2440 1307 Id
2482 1263 2584 1319 est,
2625 1256 2799 1310 anima
2835 1275 2849 1311 :
2882 1274 2985 1312 non
3023 1260 3163 1329 quod
3196 1261 3282 1315 illa
3315 1264 3428 1316 Sola
3461 1264 3606 1317 salva

2028 1342 2118 1408 sit,
2146 1343 2241 1398 sed
2269 1347 2419 1414 quasi
2452 1346 2503 1401 id
2531 1334 2584 1401 in
2613 1349 2859 1404 confesso
2881 1351 2971 1415 sit,
2996 1353 3136 1422 quod
3169 1353 3254 1407 illa
3290 1355 3456 1420 salva,
3488 1356 3607 1411 sine

2033 1434 2136 1488 ulla
2166 1438 2588 1495 contradictione
2609 1456 2805 1511 corpus
2825 1444 3011 1499 salutis
3036 1446 3302 1517 particeps
3323 1448 3446 1504 erit.
3475 1446 3609 1504 Nam

2033 1526 2258 1581 mortale
2289 1529 2484 1585 factum
2507 1541 2587 1586 est
2610 1541 2829 1604 propter
2855 1536 3023 1602 ipsam
3043 1552 3163 1607 qua:
3188 1548 3531 1607 peccaverat;
3557 1549 3614 1596 et

2030 1615 2078 1670 si
2108 1616 2198 1671 illa
2221 1619 2482 1689 justitiam
2508 1625 2846 1693 exercuerit,
2885 1643 3069 1683 rursus
3110 1640 3164 1684 et
3204 1645 3403 1701 corpus
3438 1633 3611 1702 ipsum

2034 1723 2221 1779 magna
2262 1710 2470 1768 fruetur
2507 1716 2694 1786 gloria.
2734 1717 2960 1786 Quidam
2993 1736 3123 1776 vero
3150 1723 3398 1792 Spiritum
3429 1726 3616 1782 dicunt

2032 1814 2152 1854 esse
2193 1801 2453 1858 charisma
2503 1822 2597 1861 seu
2643 1808 2866 1875 donum,
2895 1811 3035 1880 quod
3077 1814 3233 1868 nobis
3273 1818 3615 1884 peccantibus

2033 1892 2405 1963 exstinguitur.
2429 1896 2507 1951 Ne
2528 1899 2684 1968 igitur
2705 1900 2807 1955 hoc
2827 1901 2940 1968 ﬁat,
2959 1902 3146 1973 inquit,
3169 1907 3438 1974 puniatur,
3464 1910 3617 1964 utsic

2034 1985 2224 2040 melior
2250 1987 2435 2055 l'actus,
2464 1991 2696 2046 attrahat
2721 1994 2969 2064 gratiam,
3001 2004 3055 2049 et
3082 1994 3383 2052 inveniatur
3410 2000 3613 2054 saivam

2037 2076 2204 2144 ipsam
2245 2080 2502 2136 exhibens
2544 2082 2595 2136 in
2636 2084 2729 2140 illo
2766 2083 2874 2140 die.
2917 2084 3099 2157 Itaque
3129 2088 3295 2156 magis
3319 2099 3405 2145 est
3429 2108 3614 2146 curant

2035 2170 2268 2236 gerentis
2296 2186 2358 2224 ac
2389 2173 2671 2241 medentis,
2714 2192 2874 2246 quam
2914 2180 3151 2235 secantis
3192 2182 3274 2235 vel
3321 2190 3525 2238 temere
3563 2194 3617 2238 et

2038 2258 2432 2318 inconsiderate
2482 2266 2771 2334 punientis.
2824 2268 2991 2339 Majas
3039 2272 3234 2342 quippe
3280 2272 3487 2327 lucrum
3536 2288 3618 2329 est

2038 2364 2195 2420 paena
2227 2369 2240 2407 :
2271 2368 2391 2407 nam
2424 2354 2512 2409 illa
2542 2366 2883 2427 temporanea
2913 2371 3013 2422 ρει,
3047 2360 3251 2416 lucrum
3279 2373 3455 2418 autem
3491 2378 3623 2433 per--

2039 2451 2275 2511 petitum.
2308 2444 2415 2501 Nec
2444 2447 2755 2518 simpliciter
2778 2451 2929 2515 dixit,
2963 2452 3030 2507 Ut
3067 2452 3276 2525 spiritus
3316 2455 3487 2511 salvus
3522 2459 3620 2522 sit;

2037 2534 2135 2589 sed
2154 2577 2169 2601 ,
2200 2534 2266 2590 In
2294 2538 2384 2592 illo
2418 2540 2518 2595 die.
2550 2541 2724 2597 Probe
2749 2542 2856 2598 illis
2886 2553 2938 2599 et
2966 2556 3267 2615 opportune
3294 2548 3435 2603 diem
3467 2549 3616 2604 illum

2038 2643 2441 2701 commemorat,
2470 2643 2530 2689 ut
2556 2647 2609 2691 et
2636 2636 2735 2706 ipsi
2764 2640 3087 2708 promptiore
3106 2641 3287 2696 animo
3307 2641 3372 2696 ad
3400 2642 3621 2697 medici-

2040 2735 2161 2776 nam
2182 2724 2520 2792 accederent,
2545 2735 2599 2781 et
2623 2728 2713 2782 ille
2740 2729 2930 2785 melius
2956 2733 3271 2799 susciperet,
3302 2750 3406 2787 non
3444 2746 3499 2786 ut
3528 2736 3620 2788 ira:

2040 2814 2219 2881 verba,
2259 2816 2354 2870 sed
2400 2826 2455 2869 ut
2497 2817 2662 2888 patris
2696 2834 2879 2874 curam
2922 2822 3158 2891 gerentis
3208 2820 3617 2892 providentiam.

2039 2903 2165 2962 Ideo
2192 2909 2355 2971 enirn.
2383 2907 2445 2963 In
2473 2910 2725 2965 interitum
2751 2913 2939 2979 carnis,
2967 2913 3142 2978 dixit;
3167 2914 3277 2984 jam
3304 2916 3520 2971 diabolo
3545 2917 3623 2972 le«

2038 3012 2132 3068 ges
2163 3014 2386 3069 ponens,
2415 3017 2513 3056 nec
2548 3004 2731 3056 sinens
2761 3002 2932 3073 ipsum
2971 3005 3194 3060 ulterius
3237 3008 3484 3077 progredi
3519 3027 3531 3060 :
3566 3015 3626 3063 ut

2038 3089 2107 3145 de
2145 3090 2280 3146 Jobo
2318 3091 2530 3148 diccbat
2571 3094 2823 3150 Dominus
2844 3135 2859 3162 ,
2895 3093 3139 3150 Ca'terum
3167 3098 3392 3151 animam
3421 3101 3533 3164 eius
3563 3112 3628 3153 ne

2041 3192 2219 3256 tangas
2251 3184 2368 3256 (Job
2411 3186 2446 3239 Ξ).
2490 3185 2570 3257 6).

2112 3275 2165 3330 5.
2194 3274 2395 3330 Deinde
2424 3290 2544 3331 cum
2570 3278 2889 3334 sententiam
2917 3279 3233 3336 absolvisset
3263 3290 3317 3336 et
3343 3296 3461 3336 eam
3477 3298 3621 3352 pau-

2040 3366 2120 3421 cis
2155 3366 2378 3422 dixisset
2405 3383 2504 3424 nec
2528 3369 2843 3426 immoratus
2869 3380 3015 3427 esset
3036 3413 3051 3435 .
3078 3389 3265 3428 rursus
3296 3374 3622 3442 increpatio-

2042 3473 2164 3513 nem
2195 3457 2416 3526 inducit,
2446 3460 2567 3516 illos
2595 3462 2873 3534 alloquens
2904 3481 2917 3518 :
2949 3466 3002 3519 6.
3035 3461 3155 3519 Non
3176 3464 3307 3518 bona
3334 3475 3407 3519 est
3435 3467 3623 3537 gloria-

2041 3550 2111 3604 tio
2132 3560 2331 3615 vestra;
2359 3553 2648 3608 ostendens
2675 3554 2796 3609 illos
2824 3553 2891 3609 ad
2916 3553 3053 3609 istud
3082 3567 3249 3626 usque
3281 3565 3494 3624 tempus
3518 3573 3619 3610 non

2043 3641 2232 3698 sivisse
2261 3658 2383 3698 eum
2416 3645 2678 3713 pteuitcre
2701 3686 2718 3708 ,
2747 3644 2817 3700 de
2848 3645 2938 3700 illo
2961 3646 3270 3716 gloriantes.
3306 3647 3507 3701 Deinde
3528 3647 3621 3701 de-

2041 3732 2210 3787 clarat
2236 3748 2296 3788 se
2321 3747 2425 3787 non
2458 3734 2531 3789 illi
2560 3733 2719 3789 modo
2745 3743 3052 3804 parcentem
3083 3737 3182 3790 hoc
3211 3737 3387 3792 tacere
3405 3778 3421 3803 ,
3452 3736 3548 3791 sed
3572 3743 3626 3790 ct

2042 3822 2172 3892 ipsis
2213 3839 2228 3875 :
2269 3823 2494 3892 ideoque
2541 3824 2813 3895 subjungit
2861 3843 2875 3878 :
2923 3824 3146 3879 Nescitis
3189 3829 3326 3895 quod
3372 3828 3625 3880 modicum

2042 3912 2343 3981 fermentum
2374 3922 2530 3967 totout
2553 3930 2771 3968 massam
2795 3917 3074 3987 corrumpit
3091 3915 3118 3970 .’
3139 3915 3288 3971 Licet
3314 3917 3458 3971 enim
3487 3917 3627 3971 illius

2042 4002 2105 4057 sit
2132 4012 2426 4074 peccatum,
2447 4004 2637 4074 inquit,
2658 4005 2751 4060 sed
2774 4007 3068 4078 neglectum
3095 4017 3269 4078 potest
3287 4017 3342 4063 et
3365 4008 3624 4077 reliquum

2044 4094 2299 4149 Ecclesia:
2334 4110 2530 4165 corpus
2558 4110 2920 4166 corrumpere.
2953 4098 3082 4151 Cum
3113 4097 3255 4151 enim
3288 4099 3330 4151 is
3361 4100 3449 4167 qui
3484 4100 3629 4167 prior

2043 4186 2285 4254 peccavit
2320 4202 2425 4241 non
2454 4185 2601 4241 dedit
2634 4203 2853 4256 pinnas,
2887 4189 2993 4243 cito
3014 4197 3069 4244 et
3094 4186 3180 4243 alii
3212 4189 3399 4244 eadem
3432 4207 3627 4259 νει-ρυ-

2045 4279 2278 4334 trabuut.
2307 4280 2432 4335 ilice
2458 4291 2634 4335 autem
2664 4281 2825 4344 dicit,
2855 4283 3144 4337 ostendens
3176 4298 3272 4351 pro
3305 4291 3412 4336 tota
3441 4281 3629 4338 Eccles

2042 4369 2139 4437 sia,
2166 4388 2270 4427 non
2302 4389 2396 4442 pro
2424 4388 2528 4427 uno
2557 4374 2655 4429 sibi
2683 4383 2954 4430 certamen
2983 4384 3037 4430 et
3064 4377 3358 4445 perieulum
3391 4377 3622 4434 adesse:

2043 4479 2208 4530 quare
2233 4462 2481 4519 fermcutl
2510 4465 2858 4521 similitudine
2892 4483 3027 4537 opus
3063 4468 3266 4523 habuit.
3308 4469 3460 4525 Sicut
3484 4472 3625 4526 enim

2044 4553 2386 4619 fermentum,
2419 4556 2605 4626 inquit,
2638 4573 2757 4611 cum
2790 4558 3054 4613 modicum
3081 4559 3169 4623 sit,
3201 4568 3364 4615 totam
3395 4577 3627 4616 massam

2044 4645 2096 4698 in
2127 4661 2186 4700 se
2216 4656 2559 4713 transmutat;
2602 4650 2671 4703 ita
2700 4660 2755 4705 et
2782 4650 2900 4717 hic,
2940 4648 2988 4705 si
3014 4652 3306 4723 impunitus
3333 4662 3550 4707 maneat
3577 4666 3628 4710 ct

2044 4734 2269 4789 multum
2298 4736 2367 4791 sit
2396 4748 2694 4806 peccatum,
2726 4751 2953 4796 caeteros
2976 4753 3304 4813 corrmnpel.
3336 4741 3390 4798 7.
3425 4744 3631 4815 Expur-

2043 4836 2156 4898 gate
2180 4836 2317 4881 vetus
2345 4831 2661 4901 fermentum.
2708 4831 2762 4886 ld
2807 4840 2906 4898 est,
2952 4833 3093 4889 hunc
3135 4834 3473 4904 improbum;
3521 4836 3629 4892 imo

2043 4920 2221 4988 potius
2248 4935 2353 4973 non
2384 4920 2453 4975 de
2481 4922 2581 4977 hoc
2612 4932 2812 4977 tantum
2842 4924 3102 4992 loquitur,
3135 4925 3230 4980 sed
3253 4937 3305 4979 et
3330 4926 3469 4980 alios
3497 4927 3630 4981 sub-

2043 5012 2260 5067 indicat.
2290 5013 2402 5069 Non
2424 5014 2564 5068 enim
2594 5014 2874 5069 foruicatio
2905 5022 3106 5069 tantum
3125 5027 3278 5072 vetus
3305 5015 3627 5072 fertneuttnn

2044 5114 2146 5171 est,
2175 5105 2269 5161 sed
2306 5115 2361 5161 et
2393 5108 2568 5161 omnis
2611 5106 2864 5175 nequitia.
2909 5106 3018 5161 Nec
3054 5107 3207 5173 dixit,
3249 5108 3499 5179 Purgate,
3533 5110 3629 5166 sed

2045 5198 2372 5270 Expurgate;
2400 5214 2521 5254 cum
2543 5197 2880 5254 accuratione
2903 5209 3141 5271 purgate,
3157 5211 3212 5254 ut
3235 5215 3332 5253 nec
3355 5202 3628 5258 residuum

2047 5307 2145 5347 nec
2185 5292 2369 5347 umbra
2410 5293 2533 5347 talis
2571 5291 2646 5345 rei
2687 5300 2919 5347 maneat.
2943 5292 3078 5347 Cum
3100 5292 3229 5348 dicit
3247 5308 3395 5363 ergo,
3423 5291 3629 5363 Expur~

2044 5391 2157 5453 gate
2176 5424 2191 5448 ,
2222 5382 2459 5438 ostendit
2490 5380 2666 5437 adhuc
2693 5385 2980 5453 nequitiam
3009 5382 3149 5453 apud
3178 5382 3300 5437 illos
3326 5398 3477 5448 esse;
3507 5400 3630 5440 curn

2044 5483 2222 5529 autem
2246 5474 2392 5538 dicit,
2421 5473 2488 5526 Ut
2513 5475 2623 5528 sitis
2650 5491 2777 5529 nova
2801 5476 3110 5547 conspersio,
3133 5476 3263 5529 sicut
3282 5475 3399 5529 estis
3426 5477 3594 5547 azgmi
3615 5489 3635 5534 .'

2049 5565 2282 5623 declarat
2318 5577 2373 5621 et
2412 5566 2643 5633 indicat,
2677 5584 2783 5624 non
2812 5570 2881 5625 ita
2910 5569 3094 5625 multis
3119 5568 3305 5623 vitium
3338 5569 3629 5624 dominari.

2042 5658 2098 5716 Si
2138 5675 2267 5714 vero
2312 5658 2474 5724 dicat,
2525 5659 2673 5716 Sicut
2718 5666 2838 5718 estis
2875 5663 3077 5732 asymi;
3126 5679 3231 5717 non
3278 5663 3346 5717 ita
3395 5663 3633 5732 loquitur

2043 5752 2194 5821 quasi
2221 5767 2406 5807 omnes
2434 5753 2546 5821 puri
2578 5764 2779 5815 essent.
2813 5753 2906 5809 scd
2946 5762 3003 5808 ut
3045 5754 3204 5809 decet
3234 5771 3331 5809 vos
3357 5770 3498 5809 esse.
3535 5753 3628 5806 lit-

2047 5844 2174 5897 cnim
2206 5843 2391 5914 pascha
2419 5855 2642 5900 nostrum
2673 5863 2762 5915 pro
2791 5845 2929 5901 nobis
2956 5847 3245 5901 immolatus
3272 5857 3343 5901 est
3371 5844 3626 5901 Christus.
