3986 6202
414 236 516 302 125

408 359 558 431 δηλοί
584 361 677 415 καὶ
707 362 958 433 ἐμφαίνει
984 365 1045 419 οὐ
1075 371 1279 443 σφόδρα
1302 373 1512 428 πολλῶν
1539 371 1844 444 κρατοῦσαν
1876 371 1973 441 τὴν

410 444 628 501 κακίαν.
661 445 722 501 Εἰ
750 449 806 501 δέ
842 448 1007 519 λέγει,
1046 457 1246 521 Καθὼς
1283 457 1425 512 ἐστε
1460 457 1682 526 ἄζυμοι,
1729 455 1787 508 οὐ
1818 454 1975 507 τοῦτο

410 529 579 610 λέγει.
606 531 685 584 ὅτι
726 534 926 597 πάντες
953 530 1093 605 ἦσαν
1121 538 1370 610 καθαροὶ,
1396 540 1532 594 ἀλλὰ
1558 540 1740 603 καθὼς
1773 538 1976 610 πρέπει

410 609 545 667 εἶναι
593 615 756 684 ὑμᾶς.
792 617 899 671 Καὶ
932 617 1042 687 γὰρ
1080 620 1147 673 τὸ
1188 609 1397 692 πάσχα
1428 623 1596 693 ἡμῶν
1626 623 1779 691 ὑπὲρ
1812 620 1982 690 ἡμῶν

407 697 608 763 ἐτύθη,
651 699 924 767 Χριστός.
965 702 1145 758 Ὥστε
1195 706 1557 777 ἑορτάζωμεν
1586 708 1672 777 μὴ
1712 707 1783 761 ἐν
1832 706 1978 777 ζύμῃ

408 777 657 845 παλαιᾷ,
690 781 847 849 μηδὲ
865 784 935 836 ἐν
956 783 1102 855 ζύμῃ
1131 789 1345 854 κακίας
1367 790 1464 843 καὶ
1495 792 1806 858 πονηρίας,
1839 789 1978 844 ἀλλ’

407 864 476 917 ἐν
505 864 745 934 ἀζύμοις
771 869 1149 936 εὶλικρινείας
1175 873 1273 927 καὶ
1305 874 1608 941 ἀληθείας.
1645 873 1801 927 Οὕτω
1831 875 1924 927 καὶ
1950 876 1979 927 6

408 947 641 1016 Χριστὸς
670 948 850 1022 ζύμην
878 952 975 1021 τὴν
997 953 1341 1009 διδασκαλίαν
1372 957 1617 1011 ἐκάλεσε.
1665 958 1776 1011 Καὶ
1817 956 1978 1019 αὐτὸς

406 1029 464 1082 δὲ
512 1033 760 1103 ἐπιμένει
804 1037 869 1106 τῇ
914 1039 1215 1110 μεταφορᾷ,
1258 1040 1689 1111 ἀναμιμνήσκων
1742 1040 1977 1103 παλαιᾶς

407 1113 604 1177 αὐτοὺς
653 1116 912 1187 ἱστορίας,
963 1121 1056 1172 καὶ
1106 1123 1289 1192 πάσχα
1322 1125 1416 1175 καὶ
1465 1122 1692 1193 ἀζύμων
1723 1123 1816 1176 καὶ¹
1868 1121 1977 1175 τῶν

408 1197 737 1270 εὐεργεσιῶν
760 1202 869 1254 τῶν
898 1203 1016 1256 τότε
1041 1205 1135 1258 καὶ
1160 1207 1269 1260 τῶν
1297 1207 1412 1271 νῦν,
1440 1207 1532 1263 καὶ
1561 1207 1669 1261 τῶν
1704 1206 1976 1261 κολάσεων

408 1282 501 1334 καὶ
529 1282 636 1336 τῶν
665 1287 964 1358 τιμωριῶν.

493 1372 717 1444 Ἐορτῆς
745 1376 855 1445 ἀρα
893 1376 1135 1449 όπαρὼν
1187 1380 1397 1450 καιρός.
1458 1380 1567 1434 Καὶ
1624 1381 1732 1452 7&9
1779 1379 1969 1445 εἰπὼν,

419 1455 833 1526 Ἐὀρτάζωμεν,
885 1461 985 1514 οὐκ
1062 1462 1261 1535 ἐπειδὴ
1303 1464 1499 1535 Πάσχα
1579 1467 1798 1536 παρῆν,
1853 1464 1974 1517 οὐδὲ

407 1538 595 1609 ἐπειδὴ
628 1541 660 1611 ἡ
686 1541 1054 1616 Πεντηκοστὴ,
1092 1545 1300 1614 ἔλεγεν,
1357 1547 1494 1600 ἀλλά
1521 1547 1737 1611 δεικνὺς
1762 1548 1843 1599 ὅτι
1866 1547 1974 1609 πᾶς

406 1622 435 1672 ό
473 1624 663 1693 χρόνος
715 1625 906 1698 ἑορτῆς
956 1629 1071 1680 ἐστι
1124 1629 1313 1701 καιρὸς
1362 1634 1473 1693 τοῖς
1517 1632 1862 1701 Χριστιανοῖς
1887 1630 1974 1684 διὰ

408 1703 503 1774 τὴν
532 1706 834 1778 ὑπερϐολὴν
858 1709 968 1762 τῶν
998 1710 1257 1765 δοθέντων
1277 1712 1516 1780 ἀγαθῶν.
1551 1713 1616 1766 Τί
1645 1712 1753 1783 γὰρ
1783 1713 1844 1766 οὐ
1881 1712 1974 1781 γέ-

406 1804 562 1852 γονεν
602 1789 844 1856 ἀγαθόν;
898 1795 926 1845 6
966 1793 1093 1859 Υἱὸς
1141 1796 1231 1848 τοῦ
1268 1795 1402 1849 Θεοῦ
1445 1796 1729 1867 ἄνθρωπος
1784 1797 1974 1864 γέγονε

406 1870 492 1924 διά
554 1873 651 1926 σέ·
722 1873 952 1930 Θανάτου
1015 1895 1074 1930 σε
1134 1879 1477 1951 ἀπήλλαξεν,
1555 1881 1635 1944 εἰς
1696 1879 1973 1949 βασιλείαν

406 1955 682 2010 ἐκάλεσεν.
731 1959 788 2012 '0
821 1961 1076 2015 τοιούτων
1096 1964 1277 2017 τοίνυν
1319 1963 1593 2033 ἐπιτυχὼν
1629 1965 1692 2017 σὺ
1725 1965 1818 2016 καὶ
1850 1965 1973 2017 ἐπι-

405 2040 705 2111 τυγχάνων,
744 2043 859 2107 πῶς
880 2045 980 2097 ούκ
1029 2045 1267 2115 ὀφείλεις
1319 2047 1600 2119 ἑορτάζειν
1656 2047 1833 2101 πάντα
1883 2047 1973 2101 τὸν

409 2123 550 2194 βίον;
579 2124 729 2199 [129]
768 2127 975 2198 Μηδεὶς
1008 2129 1188 2182 τοίνυν
1219 2130 1359 2183 ἔστω
1393 2131 1644 2201 κατηφὴς
1673 2131 1766 2183 ἐπὶ
1810 2127 1974 2200 πενία

407 2207 502 2259 καί
525 2208 666 2281 νόσῳ
689 2210 784 2265 καί
817 2210 1080 2281 ἐπιϐουλῇ
1106 2229 1118 2242 ·
1145 2213 1341 2283 ἑορτῆς
1370 2211 1479 2283 7&9
1524 2212 1681 2283 ήμῶν
1718 2212 1746 2263 ὁ
1784 2213 1975 2283 καιρὸς

404 2293 570 2358 ἄπας.
615 2294 706 2347 Διό
756 2298 978 2364 φησινὸ
1037 2296 1274 2359 Παῦλος·
1337 2297 1579 2364 Χαίρετε
1633 2297 1703 2350 ἑν
1757 2297 1972 2365 Κυρίῳ,

408 2380 663 2445 χαίρετε,
692 2375 880 2429 πάλιν
907 2377 1041 2447 ἐρῶ,
1077 2379 1332 2447 χαίρετε.
1374 2379 1465 2431 Ἐν
1494 2381 1615 2442 ταῖς
1647 2380 1860 2451 ἑορταῖς
1884 2380 1974 2431 οὺ-

405 2459 515 2528 651;
545 2462 769 2533 ῥυπαρά
789 2460 1059 2514 ἐνδέδυται
1080 2463 1271 2532 ἱμάτια
1298 2479 1311 2492 ·
1333 2462 1406 2535 μὴ
1435 2462 1612 2516 τοίνυν
1628 2463 1760 2533 μηδέ
1790 2466 1970 2534 ἡμεῖς·

407 2543 578 2613 γάμοι
602 2543 709 2612 γὰρ
739 2544 1017 2612 γεγόνασι,
1046 2546 1214 2617 γάμοι
1258 2545 1638 2614 πνευματικοί.
1691 2545 1974 2614 Ὡμοιώθη

404 2624 533 2696 7&9,
572 2627 754 2697 φησὶν,
786 2627 824 2694 ἡ
852 2628 1145 2691 ,βασιλεία
1174 2628 1294 2682 τῶν
1331 2629 1602 2699 οἰφανῶν
1627 2640 1650 2669 ⁸
1686 2630 1976 2697 ἀνθρώπῳ

401 2709 666 2772 βασιλεῖ.
712 2711 882 2777 ὅστις
907 2710 1171 2780 ἠθέλησε
1199 2710 1448 2781 ποιῆσαι
1476 2712 1704 2783 γάμους
1735 2712 1814 2778 τῷ
1867 2710 1976 2786 υίῷ

405 2792 611 2846 αὑτοῦ.
646 2793 815 2847 Ἔνθα
852 2795 907 2847 δὲ
945 2794 1198 2864 βασιλεὺς
1231 2795 1442 2864 γάμους
1467 2798 1630 2859 ποιεῖ,
1651 2797 1743 2849 καί.
1759 2794 1975 2865 γάμους

405 2875 481 2946 τῷ
504 2875 624 2942 υἱῷ,
652 2877 705 2929 τί
733 2877 916 2946 μεῖζον
953 2878 1018 2931 ἂν
1074 2880 1284 2948 γένοιτο
1342 2879 1440 2948 τῆς
1492 2880 1683 2953 ἑορτῆς
1729 2877 1970 2950 ταύτης;

406 2958 614 3027 Μηδεὶς
676 2959 855 3011 τοίνυν
915 2960 1080 3030 ῥάκια
1117 2961 1581 3033 περιϐεϐλημένος
1629 2963 1834 3017 εἰσίτω.
1899 2964 1972 3015 Ού

409 3039 538 3110 περὶ
556 3034 799 3110 ίματίων
825 3044 954 3113 ἡμῖν
981 3046 1007 3096 ὁ
1036 3043 1214 3111 λόγος,
1252 3044 1386 3098 ἀλλά
1416 3047 1542 3117 περὶ
1566 3045 1821 3116 πράξεων
1842 3045 1977 3098 ἀκα-

408 3124 638 3194 θάρτων.
672 3125 734 3179 Εἰ
764 3125 892 3196 γὰρ.
938 3126 1156 3181 πάντων
1195 3126 1422 3198 λαμπρά
1476 3129 1863 3200 ἐνδεδυμένων,
1895 3122 1976 3192 εἷς

411 3206 569 3283 μόνος
593 3207 834 3277 εὑρεθεὶς
864 3210 944 3271 εἰς
973 3210 1063 3261 τὸν
1083 3210 1258 3279 γάμον
1272 3211 1491 3281 ῥυπαρὰ
1516 3210 1677 3281 ἔχων,
1696 3212 1975 3283 ἀπερρίφη

413 3288 551 3357 μετά
575 3290 820 3359 ἀτιμίας,
848 3291 1102 3365 ἐννόησον
1134 3293 1266 3365 ὅσην
1295 3293 1514 3347 ἀπαιτεῖ
1556 3294 1653 3364 τὴν
1691 3295 1977 3367 ἀκρίϐειαν

409 3372 504 3424 καὶ
529 3372 626 3443 τὴν
648 3372 1001 3445 καθαρότητα
1026 3378 1056 3445 ή
1096 3377 1177 3439 είς
1207 3376 1297 3428 τὸν
1328 3377 1505 3446 γάμον
1525 3379 1730 3431 ἐκεῖνον
1750 3377 1975 3442 εἴσοδος.

409 3455 485 3507 Οὐ
516 3453 605 3508 διὰ
633 3455 806 3510 ταῦτα
836 3457 893 3510 δὲ
949 3456 1145 3519 αὐτοὺς
1193 3459 1352 3530 μόνον
1408 3460 1821 3531 ὑπομιμνήσκει
1867 3460 1976 3513 τῶν

409 3536 654 3607 ἀζύμων,
692 3539 826 3593 ἀλλά
858 3543 949 3594 καὶ
980 3540 1194 3603 δεικνὺς
1242 3543 1341 3611 τὴν
1381 3544 1704 3611 συγγένειαν
1734 3545 1833 3613 τῆς
1864 3546 1975 3597 Πα-

408 3623 564 3677 λαιᾶς
587 3623 725 3695 πρὸς
740 3623 841 3695 τὴν
875 3625 1107 3695 Καινὴν,
1144 3625 1360 3690 δεικνὺς
1399 3626 1456 3679 δὲ
1489 3628 1583 3682 καὶ
1633 3628 1717 3681 ὅτι
1749 3629 1850 3681 οὐκ
1896 3627 1976 3681 ἔνι

412 3705 552 3775 μετά
585 3706 653 3759 τά
680 3706 865 3777 ἄζυμα
921 3708 1085 3762 πάλιν
1117 3709 1196 3773 εἰς
1227 3710 1496 3776 Αἴγυπτον
1543 3712 1825 3777 εἰσελθεῖν,
1862 3711 1975 3765 ἀλλ’

407 3788 473 3841 ἂν
499 3788 834 3858 ὑποστρέψαι
868 3789 1103 3862 βουληθῇ
1136 3808 1240 3854 τις,
1271 3791 1341 3846 τὰ
1379 3793 1517 3847 αὐτὰ
1556 3795 1803 3847 πείσεται
1831 3795 1977 3848 ἐκεί-

410 3886 542 3933 νοις·
580 3870 708 3922 σκιά
757 3870 866 3940 7&9
924 3872 1110 3926 ἐκεῖνα
1153 3872 1376 3941 τούτων,
1432 3876 1534 3928 κᾶν
1582 3877 1912 3948 ἀναισχυντῇ
1950 3880 1978 3931 ὁ

422 3952 692 4015 Ἰουδαῖος.
740 3955 939 4022 Διόπερ
969 3955 1072 4008 κᾶν
1115 3955 1397 4025 ἐρωτήσῃς
1439 3956 1621 4018 αὐτὸν,
1651 3958 1803 4010 οὐδὲν
1837 3960 1977 4028 μέγα

411 4041 544 4109 ἐρεῖ·
576 4039 777 4108 μᾶλλον
793 4040 850 4093 δὲ
883 4041 1028 4111 μέγα
1063 4042 1161 4111 μὲν
1200 4042 1338 4113 ἐρεῖ,
1369 4042 1484 4096 ἀλλ’
1525 4044 1679 4097 οὐδὲν
1741 4045 1978 4099 τοιοῦτον

408 4116 521 4176 οἷον
550 4124 734 4192 ἡμεῖς,
772 4123 960 4194 ἐπειδὴ
995 4124 1093 4192 τὴν
1116 4123 1374 4193 ἀλήθειαν
1402 4125 1502 4180 οὐκ
1542 4121 1701 4179 οἶδεν.
1738 4127 1978 4192 Ἐκεῖνος

413 4206 511 4274 μὲν
548 4205 658 4277 7&9
693 4208 830 4277 ἐρεῖ,
855 4208 938 4260 ὅτι
967 4208 1095 4269 τοὺς
1119 4206 1447 4277 κατέχοντας
1484 4209 1812 4276 Αἰγυπτίους
1836 4209 1978 4264 οὕτω

412 4289 708 4361 μετέϐαλεν
754 4292 783 4344 ὁ
818 4291 975 4357 Θεὸς,
1013 4289 1155 4344 ὥστε
1206 4292 1403 4354 αὐτοὺς
1431 4293 1580 4363 ἡμᾶς
1614 4292 1978 4364 προσεξωθεῖν

410 4374 536 4438 τοὺς
569 4376 676 4447 πρὸ
708 4375 903 4429 τούτου
959 4376 1293 4445 κατέχοντας
1334 4375 1483 4445 ἡμᾶς
1525 4376 1662 4446 πρὸς
1692 4376 1836 4446 βίαν,
1886 4379 1980 4430 καὶ

413 4460 489 4529 μὴ
520 4462 985 4531 συγχωρήσαντας
1020 4460 1269 4531 ζυμῶσαι
1298 4460 1357 4514 16
1382 4462 1631 4530 φύραμα.
1664 4463 1762 4514 Ἂν
1798 4461 1855 4514 δέ
1877 4462 1978 4532 ἐμέ

410 4560 491 4604 τις
513 4542 727 4612 ἔρηται,
750 4543 852 4596 οὐκ
881 4544 1155 4609 Αἴγυπτον
1188 4543 1478 4596 ἀκούσεται
1500 4542 1618 4595 οὐδὲ
1644 4543 1733 4595 τὸν
1754 4542 1975 4613 Φαραὼ,

410 4623 546 4679 ἀλλά
576 4625 675 4695 τὴν
705 4624 1021 4694 ἐλευθερίαν
1041 4625 1139 4694 τῆς
1175 4625 1385 4695 πλάνης
1430 4623 1539 4676 τῶν
1582 4624 1853 4693 δαιμόνων
1884 4627 1980 4679 καὶ

410 4708 503 4763 τοῦ
537 4709 762 4769 σκότους
812 4708 908 4761 τοῦ
956 4709 1224 4762 διαϐόλου·
1268 4709 1387 4777 οὐχὶ
1420 4706 1676 4768 Μωῦσέα,
1721 4708 1860 4762 ἀλλά
1890 4710 1978 4764 τὸν

409 4792 506 4846 τοῦ
531 4792 666 4846 Θεοῦ
698 4793 846 4847 Υἰόν·
862 4794 982 4864 οὐχὶ
999 4794 1270 4864 Ἐρυθρὰν
1294 4793 1591 4859 θάλασσαν,
1620 4792 1757 4847 ἀλλὰ
1788 4793 1981 4863 βάπτι-

412 4893 526 4947 σμα
545 4876 756 4949 μυρίων
783 4877 955 4947 γέμον
981 4876 1223 4944 ἀγαθῶν,
1254 4875 1381 4930 ἔνθα
1404 4875 1671 4939 ὀπαλαιδς
1694 4876 1979 4947 ἄνθρωπος

409 4960 710 5032 ἀπεπνίγη.
736 4959 909 5014 Πάλιν
952 4959 1045 5013 τὸν
1089 4958 1337 5013 Ἰουδαῖον
1368 4958 1436 5012 ἂν
1467 4960 1772 5030 ἐρωτήσῃς,
1835 4960 1981 5024 τίνος

411 5041 596 5098 ἕνεκεν
622 5044 898 5112 ἐξελαύνει
929 5044 1148 5099 πάντων
1174 5042 1283 5096 τῶν
1317 5042 1482 5115 ὁρίων
1533 5040 1631 5112 τήν
1666 5041 1865 5114 ζύμην,
1889 5044 1978 5096 ἐν-

413 5126 585 5180 ταῦθα
608 5130 700 5195 καὶ
735 5131 1021 5199 σιγήσεται
1072 5130 1167 5183 καί
1203 5128 1323 5182 ούδέ
1365 5125 1544 5181 αἰτίαν
1575 5128 1708 5197 ἐρεῖ.
1760 5126 1979 5198 Ἐπειδὴ

410 5210 522 5279 γὰρ
554 5208 622 5262 τά
652 5212 751 5280 μέν
788 5212 948 5266 τύποι
994 5212 1102 5266 τῶν
1152 5212 1452 5284 μελλόντων
1479 5204 1640 5279 ἦσαν,
1674 5210 1769 5265 καί⁹
1801 5209 1979 5273 αἰτίας

410 5290 525 5365 εἶχε
552 5293 661 5347 τῶν
714 5297 1034 5365 γινομένων,
1071 5297 1139 5350 τά
1190 5297 1247 5349 δὲ
1277 5297 1482 5359 οὐκέτι,
1508 5294 1595 5347 ἵνα
1625 5293 1701 5364 μὴ
1750 5293 1844 5365 ἐξῇ
1877 5310 1977 5347 κα-

412 5379 670 5448 κουργεῖν
708 5377 1002 5442 Ἰουδαίοις,
1035 5380 1124 5433 ἵνα
1169 5379 1243 5449 μή
1293 5377 1594 5447 ἐπιμένωσι
1622 5379 1689 5448 τῇ
1734 5378 1880 5448 σκιᾷ.
1914 5377 1981 5429 Τί

411 5462 545 5536 γὰρ,
579 5464 704 5518 εἰπέ
743 5481 856 5535 μοι,
888 5464 1138 5535 βούλεται
1164 5463 1226 5516 τὸ
1258 5463 1469 5532 ἄρσεν,
1507 5461 1684 5514 καὶτὸ
1716 5460 1977 5530 ἄμωμον,

414 5553 509 5602 καὶ
535 5548 597 5602 τὸ
625 5546 1020 5612 ἐνιαυσιαῖον,
1049 5548 1145 5600 καὶ
1177 5545 1256 5611 τὸ,
1303 5543 1557 5598 Ὀστοῦν
1606 5546 1677 5596 οὺ
1726 5560 1983 5611 συντρι-

418 5630 697 5697 Merum;
719 5632 847 5686 τίδὲ
874 5631 1124 5701 βούλεται
1151 5631 1213 5684 τὸ
1241 5633 1333 5683 καὶ
1352 5631 1481 5691 τοὺς
1505 5628 1747 5694 γείτονας
1767 5629 1978 5692 καλεῖν;

420 5716 451 5779 ἢ
485 5716 561 5776 τὸ.
598 5717 857 5782 ἑστῶτας,
891 5717 1010 5789 ῆτὺ
1047 5719 1103 5771 ἐν
1156 5716 1364 5786 ἑσπέρα
1412 5713 1652 5775 ἐσθίειν;
1704 5713 1735 5781 ἢ
1789 5714 1867 5777 τὸ,
1904 5712 1981 5782 τῷ

486 5809 512 5837 ⁸
536 5808 607 5858 ιιι
629 5810 747 5873 Reg.
774 5809 903 5861 Edili
920 5824 1058 5872 vero,
1081 5813 1109 5867 ἡ
1131 5809 1348 5873 βασιλεία
1379 5804 1463 5856 τοῦ
1502 5802 1643 5854 Θεοῦ.

1117 254 1171 308 5.
1213 254 1494 312 JOANNIS
1530 257 2010 319 CHRYSOSTOEII
2045 257 2361 322 ARCHIEP.
2398 267 2941 328 CONSTANTINOP.

3549 282 3649 339 I26

2081 373 2272 445 αἵματι
2300 380 2624 451 τειχίζεσθαι
2649 385 2746 457 τὴν
2774 386 2984 453 οἰκίαν;
3018 385 3183 440 Οὐδὲν
3209 385 3396 459 ἕτερον
3434 392 3646 459 ἐκεῖνος

2083 459 2219 530 ἐρεῖ,
2249 463 2363 517 ἀλλ’
2394 466 2506 520 ἄνω
2559 468 2654 522 καὶ
2703 471 2854 524 κάτω
2898 469 2997 541 τὴν
3054 470 3349 538 Αἴγυπτον.
3389 474 3532 542 Ἐγὼ
3585 477 3643 531 δέ

2081 542 2191 627 ἐρῶ
2224 546 2315 599 καὶ
2346 548 2406 601 16
2433 543 2574 620 αἷμα
2596 551 2649 604 τί
2695 550 2964 622 βούλεται,
2997 553 3090 606 καί
3123 555 3156 622 ἡ
3203 555 3433 627 ἑσπέρα,
3465 559 3647 614 καὶτὸ

2078 625 2283 691 πάντας
2308 629 2508 684 ἐσθίειν
2534 633 2691 703 ὁμοῦ,
2721 634 2816 687 καὶ
2843 633 2904 687 16
2928 634 3168 699 ἑστῶτας
3196 625 3426 702 πάντας.

2143 706 2206 791 δ’.
2224 710 2493 782 Πρότερον
2507 713 2563 767 δὲ
2575 715 2838 786 εἴπωμεν,
2853 716 2939 769 διά
2951 717 3004 769 τί
3031 718 3095 769 ἐκ
3114 719 3220 774 τῶν
3247 721 3412 791 ὁρίων
3429 722 3659 779 πάντων.

2077 788 2357 846 ἐλαύνεται
2380 798 2412 863 ἡ
2443 794 2610 867 ζύμη.
2643 797 2707 849 Τί
2737 792 2830 851 οὖν
2864 799 2980 852 ἐστι
3026 801 3088 853 16
3133 788 3398 873 afvz79a;
3457 808 3645 875 Πάσης

2077 877 2352 963 ποιζηρίας.
2395 879 2765 963 ἀπηλλάχθαι-
2792 882 2890 963 δεῖ
2913 883 3003 937 τὸν
3034 887 3248 941 πιστόν.
3291 890 3502 948 Ὥσπερ
3535 891 3646 963 γὰρ

2075 952 2280 1040 ἐκεῖνος
2316 957 2644 1040 ἀπόλλυται,
2686 959 2815 1014 ἔνθα.
2865 961 2931 1015 ἂν
2970 964 3167 1036 εὑρεθῇ
3205 966 3414 1021 παλαιά
3469 952 3643 1040 ζύμη,

2073 1038 2215 1125 οῦτω
2242 1039 2496 1125 καὶ-παρ’
2525 1042 2654 1125 ἡμῖν
2679 1042 2810 1095 ἔνθα
2829 1041 2894 1095 ἂν
2921 1045 3117 1117 εὑρεθῇ
3143 1050 3397 1118 πονηρία.
3423 1053 3499 1104 Οὐ

2072 1123 2243 1192 δήπου
2276 1121 2368 1173 ἐπὶ
2391 1122 2490 1192 μὲν
2516 1124 2615 1193 τῆς
2638 1125 2798 1186 σκιᾶς
2834 1125 3069 1197 τοσαύτη
3102 1130 3404 1199 ήκόλασις,
3439 1134 3534 1187 ἐπὶ
3585 1121 3642 1188 δέ

2075 1206 2107 1274 ή
2116 1202 2231 1274 μῶν
2256 1204 2318 1257 οὐ
2344 1203 2523 1274 πολλῷ
2542 1204 2917 1280 μείζων.[150]
2941 1208 3002 1261 Εἰ
3026 1210 3136 1281 7&9
3156 1212 3254 1275 τὰς
3280 1216 3642 1280 οἰκίαςοῦτως

2075 1285 2588 1371 ἐκκαθαίρουσιῌτῆς
2626 1286 2825 1359 ζύμης,
2858 1291 2951 1343 καὶ
2986 1292 3137 1360 μυῶν
3164 1294 3302 1359 ὀπὰς
3336 1304 3641 1371 περιεργά-

2075 1370 2274 1435 ζονται,
2310 1368 2495 1451 πολλῷ,
2522 1370 2719 1440 μᾶλλον
2744 1373 2893 1442 ἡμᾶς
2922 1373 3022 1442 τήν
3051 1374 3227 1446 ψυχήν
3260 1368 3639 1451 διερευνάσθαι

2072 1451 2173 1515 δεῖ,
2232 1451 2371 1505 ὥστε
2427 1450 2604 1506 πάντα
2656 1453 2913 1523 λογισμὸν
2968 1457 3275 1529 ἀκάθαρτον
3332 1450 3636 1528 ἐκϐάλλειν.

2086 1534 2245 1597 Ἀλλᾲ
2270 1533 2427 1587 τοῦτο
2456 1537 2586 1604 παρ’
2629 1536 2811 1599 αὐτοῖς
2834 1535 3026 1609 πρώην
3059 1539 3159 1609 μὲν
3194 1543 3425 1610 ἐγίνετο,
3452 1548 3552 1604 νῦν
3583 1553 3640 1606 δὲ

2072 1615 2275 1669 οὐκέτι·
2330 1615 2606 1686 πανταχοῦ
2660 1617 2771 1687 γὰρ
2826 1616 2971 1689 ζύμη
3026 1621 3160 1675 ὅπου
3224 1625 3497 1692 Ἰουδαῖος·
3553 1634 3640 1687 Ἐν

2077 1697 2268 1781 μέσαις
2292 1696 2403 1769 7&9
2417 1701 2544 1781 ταῖς
2572 1700 2761 1752 πόλεσι
2786 1700 2844 1753 16
2876 1700 3084 1773 ἄζυμον
3105 1705 3334 1772 γίνεται,
3353 1711 3492 1781 ὅπερ
3521 1714 3642 1768 ἐστὶ

2074 1780 2298 1866 παίγνια
2333 1780 2557 1852 μᾶλλον,
2588 1782 2620 1853 ἢ
2655 1783 2816 1854 νόμος
2839 1783 3046 1840 λοιπόν.
3090 1789 3310 1860 Ἐπειδὴ
3333 1793 3441 1864 7&9
3462 1780 3639 1866 ἦλθεν

2072 1869 2105 1939 ή
2136 1864 2386 1935 ἀλήθεια,
2425 1866 2611 1921 οὐκέτι
2640 1866 2824 1937 χώραν
2849 1868 3065 1938 ἔχουσιν
3080 1873 3129 1924 οἰ
3155 1872 3337 1927 τύποι.
3370 1864 3534 1931 Ὥστε
3550 1884 3641 1934 καὶ

2071 1947 2161 2033 διά
2194 1948 2286 2033 τοῦ
2322 1948 2764 2033 παραδείγματος
2790 1950 2982 2003 τούτου
3006 1953 3212 2024 σφόδρα
3238 1956 3515 2023 ἐξελαύνει
3542 1964 3643 2033 τῆς

2086 2030 2413 2114 Ἐκκλησίας
2463 2031 2554 2114 τὸν
2609 2033 3036 2114 πεπορνευκότα.
3068 2037 3143 2088 υὺ
3185 2038 3296 2110 7&9
3341 2041 3406 2112 δὴ
3460 2030 3640 2114 μόνον,

2074 2113 2258 2197 φησὶν,
2304 2113 2455 2197 ούδὲν
2503 2110 2706 2197 ώφελεί
2734 2114 2947 2197 παρών,
2980 2116 3115 2171 ἀλλά
3140 2119 3236 2171 καὶ
3283 2110 3534 2190 βλάπτει,
3565 2128 3641 2197 τῷ

2072 2194 2236 2265 κοινῷ
2257 2194 2418 2248 πάλιν
2445 2193 2540 2247 τοῦ
2570 2194 2819 2263 σώματος
2847 2196 3259 2270 λυμαινόμενος.
3296 2205 3371 2258 Οὐ
3402 2206 3512 2277 γὰρ
3534 2193 3640 2261 οἵδέ

2071 2294 2155 2340 τις
2188 2277 2413 2348 πόθενὴ
2460 2277 2711 2344 δυσωδία,
2760 2281 3142 2351 κρυπτομένου
3185 2284 3279 2338 τοῦ
3319 2291 3641 2360 σεσηπότος,

2072 2358 2207 2413 ἀλλὰ
2242 2358 2319 2430 τῷ
2346 2358 2507 2429 κοινῷ
2538 2360 2741 2431 ταύτην
2774 2361 3068 2430 λογίζεται.
3096 2366 3184 2418 Διὸ
3201 2368 3294 2420 καὶ
3324 2358 3644 2442 κατεπείγει

2075 2443 2280 2528 σφόδρα
2308 2443 2505 2528 αὐτοὺς
2529 2444 2833 2528 ἐκκαθᾶραι
2854 2445 2951 2516 τὴν
2970 2446 3171 2518 ζύμην·
3197 2450 3322 2505 Ἵνα
3338 2450 3464 2525 ἦτε,
3488 2458 3641 2528 φησὶ,

2071 2525 2216 2581 νέον
2237 2527 2500 2595 φύραμα,
2553 2526 2745 2593 καθώς
2794 2528 2934 2582 ἐστε
2975 2529 3215 2599 ἄζυμοι·
3251 2536 3348 2589 καί
3411 2537 3522 2607 γὰρ
3551 2525 3642 2594 ’τὸ

2072 2608 2281 2679 πάσχα
2328 2607 2498 2678 ἡμῶν
2546 2609 2698 2679 ὑπὲρ
2746 2610 2915 2679 ήμῶν
2966 2612 3147 2682 ἐτύθη
3205 2618 3479 2686 Χριστός.
3532 2622 3645 2675 Οὐκ

2073 2688 2248 2755 εἶπεν,
2288 2691 2601 2774 Ἀπέθανεν,
2644 2692 2757 2745 ἀλλ’
2804 2693 3130 2767 οἰκειότερον
3167 2698 3243 2768 τῷ
3274 2704 3640 2774 προκειμένῳ.

2086 2775 2322 2842 Ἐτύθη.
2362 2775 2452 2844 Μὴ
2504 2773 2657 2845 ζήτει
2707 2774 2886 2829 τοίνυν
2920 2776 3103 2847 ἄζυμα
3159 2781 3407 2848 τοιαῦτα,
3457 2773 3645 2857 ἐπειδὴ

2076 2857 2212 2928 μηδέ
2247 2857 2418 2929 ἀμνὸν
2451 2857 2592 2928 ἔχεις
2607 2857 2868 2913 τοιοῦτον·
2888 2859 2963 2930 μὴ
2984 2861 3135 2931 ζήτει
3156 2862 3334 2934 ζύμην
3362 2867 3643 2938 τοιαύτην,

2074 2941 2261 3012 ἐπειδὴ
2302 2943 2438 3013 μηδέ
2476 2942 2545 2996 τά
2600 2942 2787 3011 ἄζυμά
2833 2961 2924 2997 σου
2985 2944 3231 3001 τοιαῦτα.
3278 2946 3402 3001 Ἐπί
3431 2950 3533 3021 μὲν
3554 2948 3645 3005 οὖν

2072 3025 2173 3095 τῆς
2197 3025 2377 3096 ζύμης
2407 3025 2505 3096 τῆς
2556 3026 2823 3095 αἰσθητῆς
2856 3026 2915 3078 τὸ
2961 3026 3060 3097 μὲν
3104 3026 3313 3098 ἄζυμον
3351 3031 3551 3099 γένοιτ’
3580 3034 3647 3088 ἂν

2076 3106 2347 3178 ζυμωτὸν,
2372 3109 2430 3160 16
2467 3108 2522 3160 δὲ
2554 3107 2802 3178 ζυμωτὸν
2844 3108 3021 3161 οὐκέτ’
3071 3108 3137 3163 ἂν
3173 3110 3369 3179 γένοιτ’
3398 3115 3607 3187 ἄζυμον
3628 3134 3640 3145 ·

2075 3190 2312 3244 ἐνταῦθα
2353 3191 2408 3244 δὲ
2469 3190 2548 3245 ἔνι
2594 3190 2905 3244 τούναντίον
2935 3191 3124 3244 τούτου
3157 3194 3412 3261 γενέσθαι
3443 3200 3608 3255 πάλιν
3629 3219 3642 3232 ·

2074 3274 2187 3328 ἀλλ’
2215 3276 2365 3346 ὅμως
2398 3274 2530 3328 αὐτὸ
2558 3275 2659 3328 οὐκ
2689 3274 2943 3344 ἐδήλωσε.

2143 3374 2255 3427 Καὶ
2300 3373 2397 3426 θέα
2422 3372 2768 3456 τὴννσύνεσιν
2792 3388 2805 3402 ·
2852 3374 2943 3425 Ἐν
2975 3377 3041 3444 τῇ
3074 3377 3317 3448 προτέρᾳ
3357 3379 3645 3456 Ἐπιστολῇ

2074 3458 2135 3510 οὐ
2162 3457 2375 3510 δίδωσιν
2403 3455 2624 3518 ἐλπίδας
2647 3456 2906 3510 ἐπανόδου
2938 3456 3015 3526 τῷ
3050 3461 3473 3528 πεπορνευκότι,
3509 3455 3648 3519 ἀλλά

2075 3540 2253 3593 πάντα
2284 3538 2449 3593 αὑτοῦ
2477 3538 2567 3593 τὸν
2611 3537 2723 3607 βίον
2746 3539 2802 3591 ἐν
2831 3540 3090 3610 μετανοίᾳ
3125 3541 3338 3597 κελεύει
3363 3548 3641 3613 γενέσθαι,

2075 3624 2160 3676 ἵνα
2194 3623 2268 3694 μὴ
2302 3622 2671 3695 ῥαθυμότερον
2697 3621 2861 3674 αὑτὸν
2891 3623 3194 3693 ἐργάσηται
3225 3627 3291 3696 τῇ
3328 3628 3642 3700 ὑποσχέσει.

2075 3707 2150 3759 Οὐ
2186 3705 2294 3777 γὰρ
2327 3704 2467 3772 εἷπε,
2492 3704 2958 3775 Παράδοτεναὺτὸν
2988 3705 3064 3775 τῷ
3096 3710 3323 3777 σατανᾷ,
3353 3710 3439 3763 ἶνα
3472 3728 3645 3780 μετα-

2077 3793 2275 3863 νοήσας
2306 3790 2467 3845 πάλιν
2492 3793 2557 3860 τῇ
2601 3787 2895 3857 Ἐκκλησία
2917 3788 3215 3860 παραδοθῇ,
3242 3791 3380 3846 ἀλλά
3400 3794 3453 3845 τί
3477 3812 3492 3860 ;
3515 3796 3649 3851 Ἵνα

2075 3874 2241 3944 σωθῇ
2263 3878 2318 3927 ἐν
2346 3876 2411 3943 τῇ
2445 3872 2647 3941 ἐσχάτῃ
2681 3873 2881 3942 ἡμέρᾳ.
2922 3872 3292 3942 Παραπέμπει
3332 3876 3440 3947 γὰρ
3485 3880 3648 3933 αὑτὸν

2076 3960 2156 4020 εἰς
2183 3958 2389 4009 ἐκεῖνον
2409 3955 2500 4007 τὸν
2528 3953 2738 4022 καιρὸν,
2775 3953 2863 4006 ἵνα
2895 3954 3057 4007 αὐτὸν
3087 3955 3378 4023 ἐναγώνιον
3404 3961 3646 4032 ἐργάση-

2076 4056 2184 4093 ται·
2214 4040 2307 4091 καὶ
2336 4039 2471 4108 ὅπερ
2530 4035 2752 4106 ἔμελλεν
2795 4034 2943 4105 αὐτῷ
2998 4036 3315 4107 χαρίζεσθαι
3373 4044 3513 4110 μετά
3549 4044 3646 4116 τὴν

2080 4122 2390 4194 μετάνοιαν,
2436 4120 2536 4173 οὐκ
2583 4118 2936 4183 ἐκκαλύπτει,
2994 4119 3084 4171 τὸν
3136 4121 3328 4174 ἐαυτοῦ
3371 4127 3647 4198 Δεσπότην

2081 4204 2436 4276 μιμούμενος.
2469 4203 2680 4272 Ὥσπερ
2704 4202 2811 4272 7&9
2847 4203 2875 4254 6
2918 4201 3051 4264 Θεός
3086 4218 3273 4273 φησιν,
3312 4205 3435 4260 Ἔτι
3493 4212 3647 4276 τρεῖς

2079 4287 2312 4357 ἡμέραι,
2331 4286 2429 4339 καὶ
2451 4285 2657 4339 Νινευῖ
2687 4285 3267 4353 καταστραερήσεται,
3287 4288 3382 4341 καὶ
3398 4293 3459 4344 οὐ
3476 4310 3647 4361 προσ-

2078 4372 2295 4442 έθηκεν,
2340 4368 2466 4422 Ἐὰν
2521 4368 2577 4420 δὲ
2611 4369 2955 4438 μετανοήσῃ,
2999 4367 3325 4436 σωθήσεται·
3358 4372 3503 4427 οὕτω
3552 4377 3648 4429 καὶ

2080 4447 2239 4516 οὗτος
2271 4454 2373 4505 οὐκ
2400 4447 2577 4514 εἶπεν,
2628 4451 2753 4502 Ἐὰν
2810 4449 2866 4501 δὲ
2900 4451 3206 4522 μετανθήσῖ]
3241 4452 3428 4518 ἀξίως)
3471 4457 3647 4528 κυρῶ·

2081 4555 2246 4607 σομεν
2279 4540 2357 4599 εἰς
2395 4536 2554 4589 αὑτὸν
2573 4534 2814 4603 ἀγάπην·
2845 4533 2960 4585 ἀλλ’
2982 4536 3242 4606 ἀναμένει
3281 4537 3505 4605 ποιῆσαι
3548 4541 3645 4593 αὐ-

2077 4621 2169 4674 τὸν
2189 4619 2249 4671 16
2299 4618 2481 4688 ἔργον,
2514 4617 2609 4670 καί⁹
2633 4617 2756 4669 τότε
2789 4616 2973 4670 λαϐεῖν
3014 4617 3174 4670 αὐτὸν
3227 4617 3324 4688 τὴν
3366 4621 3549 4691 χάριν,
3589 4626 3649 4677 Εἰ

2080 4706 2188 4776 γάρ
2219 4703 2277 4767 ἐξ
2308 4702 2485 4773 ἀρχῆς
2539 4700 2697 4754 τοῦτο
2738 4696 2911 4764 εἶπεν,
2958 4701 3207 4768 ἐξέλυσεν
3253 4703 3318 4755 ἂν
3362 4706 3527 4760 αὑτοῦ
3560 4709 3650 4762 τὸν

2081 4790 2244 4857 φόϐον
2266 4804 2278 4817 ·
2304 4787 2494 4857 διόπερ
2520 4786 2578 4838 οὐ
2613 4785 2772 4855 μόνον
2810 4786 2870 4837 ού
2905 4788 3050 4837 ποιεῖ
3075 4786 3249 4851 τοῦτο,
3275 4785 3411 4840 ἀλλά
3431 4788 3521 4842 διὰ
3552 4793 3649 4846 τοῦ

2080 4870 2519 4944 παραδείγματος
2549 4869 2649 4938 τῆς
2671 4867 2849 4938 ζύμης
2880 4868 3000 4920 ούδέ
3056 4869 3279 4939 ἀφίησιν
3306 4870 3469 4924 αὑτὸν
3496 4872 3649 4928 ἐλπί-

2082 4975 2172 5012 σαι
2202 4954 2478 5018 ἐπάνοδον,
2529 4952 2643 5006 ἀλλ⁹
2691 4952 2872 5023 ἐκείνῃ
2905 4954 3062 5022 τηρεῖ
3112 4955 3179 5023 τῇ
3230 4953 3413 5025 ήμέρςι
3463 4956 3647 5023 αὑτὸν,

2080 5036 2706 5107 Ἐκκαθάρατε,λέγων,
2732 5034 2847 5102 τὴν
2871 5033 3135 5087 παλαιὰν
3167 5033 3375 5103 ζύμην,
3401 5039 3517 5100 καὶ,
3552 5041 3650 5110 Μὴ

2080 5124 2441 5196 ἑορτάζωμεν
2463 5121 2532 5174 ἐν
2566 5120 2711 5187 ζύμῃ
2730 5117 2975 5184 παλαιᾷ.
3011 5116 3229 5188 Ἐπειδὴ
3256 5118 3312 5171 δὲ
3331 5123 3650 5193 μετενόησε,

2084 5210 2223 5283 μετά
2288 5208 2468 5276 πάσης
2514 5204 2674 5256 αὐτὸν
2726 5203 2989 5273 εἰσήγαγε
3045 5202 3207 5255 πάλιν
3240 5203 3340 5272 τῆς
3389 5208 3649 5277 σπουδῆς.

2081 5292 2182 5347 Διά
2212 5290 2341 5344 τίδὲ
2369 5285 2604 5341 παλαιάν
2650 5284 2844 5348 καλεῖς
2882 5286 2952 5337 ’Ἡ
2999 5284 3086 5338 διὰ
3134 5284 3197 5338 τὸ
3240 5284 3331 5336 τὸν
3384 5287 3656 5357 πρότεριν

2082 5376 2239 5449 ἡμῶν
2271 5374 2384 5445 βίον
2412 5368 2650 5424 τοιοῦτον
2676 5364 2833 5420 εἶναι·
2865 5369 2897 5439 ἢ
2933 5368 3020 5421 διά
3054 5368 3114 5421 16
3140 5368 3201 5420 τὸ
3225 5366 3455 5423 παλαιὸν
3482 5371 3657 5438 ἐγγὺς

2083 5458 2224 5515 εἶναι
2257 5451 2595 5526 ἀφανισμοῦ,
2658 5452 2753 5504 καὶ
2789 5452 3024 5516 δυσῶδες
3076 5451 3210 5522 ὁμοῦ
3253 5452 3349 5504 καὶ
3399 5454 3652 5524 alo-196v,

2081 5539 2190 5596 οἷόν
2224 5543 2370 5592 ἐστιν
2402 5538 2433 5604 ή
2471 5534 2715 5605 ἁμαρτία
2738 5552 2752 5565 ·
2783 5534 2904 5588 οὔτε
2935 5535 3043 5605 7&9
3064 5534 3252 5597 ἁπλῶς
3297 5534 3656 5604 διαϐέϐληται

2080 5626 2141 5679 τὸ
2168 5620 2417 5680 παλαιὸν,
2449 5634 2572 5670 οι..ε
2601 5617 2785 5680 ἁπλῶς
2817 5620 3119 5670 ἐπαινεῖται
3163 5617 3224 5669 τὸ
3267 5616 3472 5681 καινὸν,
3510 5617 3654 5670 ἀλλὰ

2083 5712 2219 5781 πρὸς
2264 5704 2331 5760 τὰ
2390 5701 2743 5771 ὑποκείμενα.
2804 5702 2913 5755 Καὶ
2980 5704 3090 5771 γὰρ
3145 5701 3378 5771 ἀλλαχοῦ
3437 5716 3650 5768 φησιν·

2085 5789 2425 5858 Οἶνοςνέος,
2483 5786 2659 5855 φίλος
2693 5782 2846 5849 νέος·
2900 5783 3007 5838 ἐὰν
3035 5784 3104 5838 δὲ
3150 5781 3476 5851 multume
3510 5782 3650 5837 τότε
