3986 6202
125 19 1811 110 MM

304 373 402 429 H5

292 488 340 542 8.
368 484 547 556 Itaque
573 488 755 554 festum
779 482 1074 539 celebremus
1094 523 1110 548 ,
1151 496 1253 535 non
1292 480 1345 532 in
1384 480 1627 546 fermento
1662 472 1812 530 ueteri
1831 511 1849 538 ,

289 592 437 644 neque
477 575 534 628 in
580 579 821 644 fermento
861 573 1070 625 malitis:
1094 579 1142 623 et
1168 569 1405 638 nequitia:
1423 609 1438 634 ,
1476 570 1562 620 sed
1585 563 1639 619 in
1665 562 1856 633 azymis

289 665 582 721 sinceritatis
619 673 666 717 et
701 662 936 717 veritatis.
984 661 1075 715 Sic
1115 659 1359 714 Christus
1406 657 1724 712 fermentum
1763 653 1860 709 do-

291 760 509 816 ctrinam
533 756 753 811 vocavit.
786 754 901 821 Ipse
928 761 1105 808 autem
1129 752 1182 807 in
1204 749 1516 819 metaphora
1541 756 1741 812 manet,
1768 761 1857 801 ve-

292 862 456 905 terem
485 849 755 903 historiam
786 847 912 915 ipsis
934 846 987 900 in
1014 845 1328 899 memoriam
1351 855 1629 904 revocans,
1651 852 1857 893 necnon

291 941 480 1013 pascha
505 950 558 996 et
582 953 768 1012 azyma
800 947 854 991 et
879 935 1159 999 beneﬁcia,
1183 949 1304 1005 quae
1333 941 1457 987 tunc
1481 939 1535 986 et
1569 944 1685 1001 qua:
1719 943 1858 983 nunc

289 1034 474 1089 collata
498 1042 641 1097 sunt,
669 1040 727 1086 et
751 1029 1006 1100 supplicia
1035 1041 1325 1099 poenasque
1357 1026 1634 1095 irrogatas.

355 1124 658 1181 Christianis
687 1139 833 1177 omne
862 1132 1055 1191 tempus
1084 1121 1192 1174 dies
1214 1123 1371 1189 festus
1391 1126 1567 1171 est.—
1588 1115 1683 1169 Est
1719 1128 1848 1184 ergo

288 1215 390 1271 diei
425 1214 545 1269 festi
589 1226 828 1284 pra-sena
866 1222 1095 1281 tempus.
1142 1209 1273 1264 Cum
1306 1208 1447 1264 enim
1469 1206 1623 1272 dixit,
1657 1203 1863 1258 Festum

295 1307 594 1361 celebremus
610 1325 628 1371 ;
658 1320 768 1360 non
791 1304 932 1374 quod
963 1303 1164 1359 Pascha
1182 1344 1195 1367 ,
1223 1317 1330 1357 non
1376 1300 1517 1371 quod
1549 1301 1864 1355 Pentecoste

286 1397 519 1462 adesset,
565 1396 669 1451 hoc
715 1395 946 1469 dicebat,
983 1394 1078 1450 sed
1129 1395 1417 1449 ostendens
1464 1401 1677 1460 tempus
1703 1404 1865 1444 omne

286 1488 393 1542 dici
415 1489 537 1542 festi
566 1496 776 1555 tempus
796 1500 918 1541 esse
949 1483 1292 1549 Christianis,
1318 1483 1389 1539 ob
1419 1483 1720 1536 ubertatem
1748 1479 1863 1534 col-

287 1579 526 1631 laturum
556 1575 841 1631 bonorum.
871 1575 1003 1630 Nam
1045 1574 1186 1645 quod
1232 1560 1431 1630 bénum
1470 1587 1579 1628 non
1606 1572 1814 1627 exstitit
1841 1572 1866 1625 ἲ

286 1667 462 1721 Filius
498 1667 592 1720 Dei
638 1667 802 1721 homo
846 1666 1016 1721 factus
1054 1676 1135 1721 est
1165 1674 1385 1735 propter
1417 1674 1509 1729 te;
1551 1672 1604 1720 te
1634 1680 1664 1718 a
1695 1670 1866 1717 morte

287 1761 569 1827 liberavit,
601 1759 669 1814 ad
696 1774 918 1830 regnum
949 1759 1173 1814 vocavit.
1213 1758 1293 1812 Tu
1322 1773 1451 1829 ergo
1471 1757 1558 1826 qui
1590 1757 1715 1810 talia
1741 1770 1869 1810 con-

285 1864 559 1925 sequutus
586 1868 647 1908 es
664 1861 721 1908 et
744 1852 1110 1923 consequeris,
1137 1850 1405 1920 quomodo
1433 1865 1537 1904 non
1568 1848 1762 1904 debeas
1779 1863 1872 1917 per

1325 365 1389 423 IN
1429 362 1641 422 EPIST.
1681 360 1703 416 l
1765 359 1859 416 AD
1894 355 2048 415 (ΞΟΠ.
2090 356 2319 413 ilOMlL.
2361 355 2478 412 XV.

288 1957 473 2002 totam
518 1944 682 2000 vitam
709 1941 905 1998 festum
933 1942 1133 2011 agere?
1177 1940 1343 1995 Nemo
1389 1941 1569 2010 itaque
1606 1940 1677 1992 sit
1707 1936 1871 1993 tristis

284 2046 519 2110 propter
572 2047 945 2108 paupertatem
987 2037 1072 2091 vel
1102 2037 1343 2091 morbum
1381 2034 1466 2089 vel
1496 2033 1713 2088 insidias
1737 2045 1870 2110 :_no-

285 2107 464 2184 vstrum
491 2130 638 2184 enim
685 2107 908 2199 tempus
953 2136 1118 2183 totum
1162 2134 1246 2182 est
1279 2125 1599 2180 festivitatis.
1647 2107 1773 2179 Ideo
1798 2122 1874 2176 ait

284 2222 533 2277 Paulus:
563 2219 795 2275 Gaudete
830 2222 884 2274 in
909 2218 1129 2273 Domino
1154 2259 1169 2284 ,
1212 2217 1467 2288 gaudete;
1504 2219 1687 2270 iterum
1712 2214 1827 2267 dico
1852 2254 1869 2280 ,

286 2314 511 2382 gaudete
532 2311 793 2381 (Philipp.
824 2312 878 2365 4.
905 2311 989 2380 4).
1009 2309 1067 2364 In
1096 2308 1251 2363 festis
1280 2320 1438 2361 nemo
1464 2304 1695 2360 sordidis
1715 2302 1873 2357 indu-

286 2411 381 2458 tus
408 2411 495 2458 est
523 2402 778 2470 vestibus,
814 2415 989 2471 neque
1034 2413 1133 2455 nos
1161 2400 1321 2454 etiam
1357 2417 1369 2452 :
1397 2397 1597 2466 nuptiae
1610 2395 1767 2450 enim
1797 2394 1874 2448 fa-

285 2502 396 2548 ctas
427 2503 572 2561 sunt,
596 2494 797 2563 nuptiae
828 2492 1155 2562 spirituales.
1190 2488 1544 2555 Simileenim,
1569 2487 1758 2557 inquit,
1791 2488 1875 2555 {a-

282 2596 439 2638 ctum
477 2593 547 2638 est
574 2600 786 2654 regnum
829 2568 1070 2638 cwlorum
1097 2583 1286 2636 homini
1316 2584 1419 2651 regi
1441 2620 1456 2643 ,
1481 2579 1565 2650 qui
1595 2576 1752 2631 voluit
1777 2592 1875 2629 nu—

283 2676 436 2747 ptias
466 2680 636 2746 facere
666 2676 771 2744 ﬁlio
791 2691 880 2729 suo
909 2674 1121 2745 (Matth.
1144 2673 1234 2726 2‘2.
1262 2672 1339 2742 Ξ).
1367 2670 1470 2727 Ubi
1496 2686 1622 2725 vero
1653 2685 1745 2724 rex
1777 2683 1878 2721 nu-

280 2769 448 2837 ptias
478 2767 605 2820 facit
632 2774 687 2821 et
713 2767 923 2836 nuptias
935 2766 1042 2821 lilio
1065 2779 1188 2830 suo,
1207 2763 1333 2833 quid
1354 2762 1525 2831 majus
1553 2759 1713 2815 fuerit
1739 2760 1875 2813 festo

282 2860 393 2914 illo
418 2860 448 2916 ?
478 2858 650 2915 Nemo
676 2859 851 2930 itaque
891 2860 1083 2930 pannis
1128 2858 1319 2912 laceris
1363 2855 1577 2910 indutus
1626 2854 1873 2908 introeat.

281 2950 420 3007 Non
454 2951 525 3006 de
550 2950 881 3006 vestimentis
906 2951 1061 3005 nobis
1091 2964 1269 3005 sermo
1297 2956 1379 3002 est
1401 2989 1415 3011 ,
1445 2947 1537 3001 scd
1574 2945 1640 3000 de
1675 2944 1884 2999 actibus

284 3043 558 3113 impuris.
584 3041 640 3097 Si
668 3043 811 3096 enim
836 3056 956 3095 cum
975 3054 1162 3095 omnes
1188 3038 1480 3110 splendidis
1509 3036 1678 3090 induti
1708 3044 1885 3091 essent

286 3133 574 3199 vestibus,
602 3147 738 3188 unus
764 3133 913 3188 solus
943 3134 995 3186 in
1025 3130 1222 3200 nuptiis
1254 3140 1519 3200 repertus,
1550 3129 1738 3183 laceris
1757 3142 1888 3197 pan-

285 3228 381 3283 nis
451 3229 697 3295 vcstitus,
754 3228 999 3298 abjectus
1052 3228 1149 3282 fuit
1193 3243 1312 3282 cum
1343 3226 1661 3296 ignominia;
1712 3225 1886 3293 cogita

282 3326 563 3388 quantam
594 3318 834 3388 requirat
854 3318 1246 3374 observantiam
1274 3327 1328 3372 et
1354 3318 1637 3388 puritatem
1669 3316 1881 3385 ingres-

282 3422 393 3463 sus
420 3409 481 3462 in
499 3408 713 3477 nuptias
730 3408 869 3465 illas.
889 3407 1006 3462 Non
1025 3407 1146 3462 ideo
1164 3418 1339 3461 autem
1359 3416 1559 3461 tantum
1582 3406 1686 3460 illis
1707 3419 1890 3475 azyma

284 3507 738 3563 commemorat;
759 3500 853 3553 sed
875 3499 1165 3554 ostendens
1188 3499 1394 3552 Veteris
1412 3496 1745 3551 Tcstamenti
1769 3510 1889 3550 cum

281 3588 469 3644 Novo
496 3589 893 3657 cognationem,
919 3589 1406 3659 demonstransque
1449 3602 1555 3641 non
1578 3587 1740 3641 licere
1774 3593 1895 3656 post

283 3696 511 3754 azyma
564 3681 617 3734 in
647 3679 929 3752 Egyptum
971 3682 1205 3752 ingredi;
1236 3681 1329 3735 sed
1357 3681 1400 3734 si
1431 3681 1549 3750 quis
1572 3679 1766 3732 reverti
1803 3692 1896 3732 vo-

286 3775 504 3839 luerit,
530 3772 721 3827 cadcm
750 3787 1026 3842 passurum
1057 3788 1177 3827 esse
1204 3787 1324 3843 qua:
1355 3771 1430 3824 illi
1457 3790 1469 3826 :
1499 3770 1587 3822 illa
1617 3769 1758 3823 enim
1784 3783 1898 3821 um-

289 3863 399 3917 bra
431 3864 634 3916 horum
665 3872 816 3915 crant
836 3901 851 3926 ,
878 3863 1081 3917 etiamsi
1108 3862 1387 3932 impudens
1415 3861 1485 3915 sit
1505 3858 1739 3914 Ιιιᾱωιιε.
1762 3859 1902 3923 Qua-

285 3964 547 4024 propter
573 3953 622 4008 si
667 3954 1078 4024 interrogaveris
1104 3969 1249 4018 eum,
1280 3952 1413 4007 nihil
1440 3965 1691 4021 magnum
1720 3949 1860 4003 dicet
1884 3965 1898 4014 ;

284 4045 419 4099 imo
469 4058 721 4113 magnum
771 4043 1039 4113 quidpiam
1085 4044 1248 4107 dicet,
1302 4042 1396 4096 sed
1426 4041 1556 4096 nihil
1589 4040 1713 4103 tale,
1747 4039 1903 4108 quale

284 4153 408 4193 nos
433 4177 455 4202 ,
492 4136 620 4206 quia
651 4139 923 4190 veritatem
950 4151 1057 4190 non
1107 4135 1273 4189 novit.
1319 4133 1410 4189 llle
1459 4148 1687 4203 namque
1735 4132 1899 4200 dicet,

285 4229 462 4301 quod
497 4244 561 4284 se
581 4229 877 4285 detinentes
902 4229 1181 4301 Egyptios
1205 4229 1275 4282 ita
1295 4228 1519 4283 mutavit
1548 4227 1712 4291 Deus,
1731 4235 1788 4279 ut
1804 4225 1903 4295 ipsi

282 4338 407 4379 nos
445 4320 832 4392 depellerent,
862 4337 996 4390 quos
1024 4328 1180 4374 antea
1204 4319 1255 4373 vi
1280 4319 1611 4382 detinebant,
1656 4333 1756 4371 nec
1787 4333 1907 4386 pcr-

286 4416 592 4470 miserant
613 4428 713 4469 nos
731 4428 961 4468 massam
987 4411 1327 4467 fermentare.
1357 4410 1460 4465 Sed
1484 4410 1531 4464 si
1562 4410 1679 4478 quis
1699 4424 1783 4463 me
1825 4410 1909 4462 in-

286 4514 591 4576 terroget,
622 4519 728 4560 non
755 4504 1045 4574 Egyptum
1075 4503 1275 4568 audiet,
1298 4518 1401 4557 non
1427 4501 1782 4565 Pharaonem,
1815 4498 1911 4552 sed

288 4600 641 4654 libertatem
679 4597 748 4650 ab
794 4610 980 4651 errore
1013 4595 1317 4649 daemonum
1353 4603 1408 4649 et
1458 4608 1489 4647 a
1533 4591 1769 4647 tenebris
1809 4589 1916 4644 dia-

288 4689 423 4745 boli
457 4707 477 4755 ;
528 4703 638 4742 non
661 4687 920 4757 Moysem,
948 4686 1043 4742 sed
1073 4685 1169 4741 Dei
1195 4686 1386 4740 Filium
1412 4702 1428 4750 ;
1459 4701 1564 4740 non
1611 4700 1759 4740 mare
1798 4684 1914 4738 Ru-

287 4783 485 4837 brum
514 4819 532 4844 ,
564 4778 663 4834 sed
709 4778 974 4847 baptisma
1026 4778 1320 4832 innumeris
1366 4777 1579 4846 plenum
1613 4778 1787 4840 bonis,
1825 4775 1915 4830 ubi

289 4881 483 4928 vetus
516 4869 684 4925 homo
703 4868 998 4922 sull‘ocatus
1024 4877 1129 4923 est.
1162 4868 1368 4923 Rursus
1399 4868 1443 4922 si
1477 4868 1718 4923 Judmum
1750 4869 1918 4921 inter-

288 4976 517 5033 roges,
551 4975 650 5015 cur
678 4975 745 5013 ex
789 4959 1044 5013 omnibus
1097 4959 1292 5013 ﬁnibus
1347 4959 1670 5014 fermentum
1702 4959 1916 5029 cjiciat;

289 5054 396 5110 llic
429 5065 504 5108 et.
535 5051 720 5106 silebit
755 5060 810 5106 ct
852 5066 1068 5105 causam
1122 5067 1225 5119 non
1256 5050 1419 5106 dicet.
1463 5051 1598 5116 Quia
1623 5052 1766 5106 enim
1819 5051 1920 5104 alia

288 5146 557 5216 quidem
598 5151 759 5199 erant
786 5145 967 5214 figura:
998 5144 1316 5211 futurorum,
1359 5154 1417 5199 ct
1444 5158 1632 5197 causas
1656 5143 1924 5198 habebant

289 5250 529 5293 eorum
557 5248 683 5303 qua:
723 5232 895 5299 ﬁunt;
923 5233 1025 5288 alia
1068 5250 1196 5289 vero
1225 5251 1330 5288 non
1363 5234 1486 5288 item
1506 5274 1519 5297 ,
1544 5244 1729 5287 utnon
1760 5233 1919 5288 liceat

289 5328 543 5385 Judmis
579 5326 814 5395 maligne
837 5340 1017 5395 agere,
1052 5335 1110 5381 ut
1136 5342 1203 5382 ne
1229 5327 1301 5380 illi
1332 5332 1680 5396 permaneant
1707 5325 1761 5378 in
1809 5340 1926 5377 um-

287 5420 430 5474 bra.
500 5415 650 5484 Quid
680 5416 829 5471 enim
850 5458 867 5483 ,
901 5433 1085 5487 qumso
1109 5460 1123 5484 ,
1154 5419 1253 5473 sibi
1287 5419 1418 5483 vult,
1471 5416 1782 5480 Masculum,
1819 5417 1927 5469 sine

288 5510 569 5573 macula,
620 5509 775 5563 unius
806 5511 927 5563 anni
953 5552 968 5575 ,
1017 5519 1072 5564 et
1129 5510 1276 5574 illud,
1336 5510 1406 5563 Us
1436 5526 1533 5562 non
1564 5508 1927 5562 comminuetur

291 5602 539 5672 (Exod.
565 5598 653 5654 12.
684 5601 738 5656 5.
772 5602 903 5671 46)?
923 5602 1050 5672 quid
1083 5601 1182 5654 sibi
1208 5602 1319 5655 vult
1348 5601 1549 5654 vicinos
1574 5600 1809 5655 vocare?
1839 5607 1929 5651 aut

290 5693 476 5759 illud,
508 5701 730 5758 stantes,
761 5703 854 5745 aut
883 5694 933 5744 in
964 5706 1187 5760 vespera
1215 5690 1535 5746 comedere?
1564 5691 1927 5761 autsanguinc

291 5784 558 5841 munire
604 5782 875 5839 domum?
914 5782 1064 5837 Nihil
1114 5781 1255 5837 aliud
1303 5780 1442 5837 dicet
1472 5781 1578 5847 ille,
1635 5800 1791 5855 quant
1834 5799 1924 5840 sus

3436 368 3537 426 ηδ

1965 473 2138 542 deque
2168 471 2454 544 .‘Egyptum
2485 491 2498 527 :
2529 487 2628 544 ego
2652 488 2779 528 vero
2821 474 2994 531 dicam
3048 487 3102 533 et
3148 476 3273 550 quid
3324 484 3541 554 sanguis

1961 568 2247 641 signiﬁcet,
2277 566 2402 637 quid
2429 582 2673 639 vespera,
2705 571 2832 639 quid
2860 586 3045 629 armies
3072 577 3356 633 comedere
3380 580 3540 636 simul

1963 675 2261 730 omnesque
2288 668 2510 713 stantes.

2033 757 2085 811 4.
2134 755 2290 810 Prius
2338 765 2517 811 autem
2570 756 2808 814 dicamus
2858 777 2954 817 cur
2979 780 3042 820 ex
3072 768 3319 825 omnibus
3348 767 3541 823 ﬁnibus

1962 845 2204 914 ejiciatur
2244 844 2588 902 fermentum.
2620 849 2901 914 Quodnam
2955 870 3084 926 ergo
3135 868 3220 913 est
3268 860 3542 929 mnigtna?

1963 935 2117 991 Omni
2148 937 2381 1006 nequitia
2424 937 2651 994 liberum
2680 952 2733 995 et
2760 944 2996 1000 solutum
3027 959 3242 1017 oportet
3263 967 3383 1006 esse
3411 951 3542 1006 fido-

1965 1027 2090 1082 lem.
2120 1027 2270 1083 Sicut
2295 1029 2436 1084 enim
2464 1029 2554 1086 ille
2583 1032 2740 1100 perit,
2768 1036 2907 1102 apud
2936 1054 3093 1106 quem
3122 1040 3395 1098 inventum
3427 1043 3544 1098 fue-

1965 1118 2037 1172 rit
2063 1127 2216 1173 vetus
2232 1119 2548 1175 fermentum
2577 1124 2691 1180 :sic
2719 1134 2771 1177 et
2794 1129 2932 1192 apud
2965 1144 3062 1184 nos
3094 1132 3179 1185 ubi
3202 1134 3412 1188 inventa
3439 1135 3545 1190 fuc-

1965 1210 2039 1264 rit
2066 1211 2320 1280 nequitia.
2350 1211 2464 1267 Non
2486 1214 2630 1268 enim
2662 1216 2714 1269 in
2743 1218 2929 1272 umbra
2959 1227 3102 1274 tanta
3121 1220 3275 1277 fuerit
3306 1226 3545 1293 punitio;

1967 1302 2105 1372 apud
2135 1318 2230 1357 nos
2254 1312 2432 1360 autem
2462 1320 2567 1360 non
2598 1308 2763 1363 multo
2791 1311 2981 1381 major.
3012 1312 3142 1367 Nam
3170 1317 3212 1369 si
3240 1316 3428 1372 domos
3466 1322 3546 1375 sic

1970 1401 2267 1463 expurgant
2296 1410 2326 1448 a
2382 1394 2669 1465 fermento,
2702 1409 2757 1455 et
2780 1402 2847 1458 de
2895 1407 3126 1463 murium
3183 1410 3535 1468 foraminibus

1971 1490 2096 1536 sunt
2120 1483 2353 1548 solliciti,
2401 1488 2568 1542 multo
2599 1493 2766 1560 magis
2795 1509 2893 1550 nos
2936 1498 3170 1555 animam
3217 1507 3541 1570 perscrutari

1971 1582 2217 1640 oportet,
2245 1582 2301 1627 ut
2329 1589 2540 1631 omnem
2560 1580 2821 1649 impuram
2849 1586 3126 1653 ejiciamus
3145 1592 3542 1661 cogitationem.

1970 1662 2166 1719 Verum
2195 1665 2297 1721 hoc
2322 1669 2460 1739 apud
2486 1670 2603 1726 illos
2632 1690 2801 1744 nuper
2828 1675 3022 1735 factum
3046 1692 3125 1736 est
3149 1699 3164 1746 ;
3198 1700 3340 1742 nunc
3366 1697 3544 1744 autem

1973 1770 2078 1809 non
2109 1757 2340 1826 amplius
2375 1776 2388 1812 :
2419 1760 2618 1831 ubique
2657 1766 2800 1819 enim
2844 1766 3162 1827 fermentum
3204 1786 3307 1839 est,
3340 1778 3429 1833 ubi
3457 1791 3541 1834 est

1972 1845 2206 1901 Judzeus.
2256 1848 2311 1902 in
2342 1851 2534 1907 mediis
2560 1854 2701 1907 enim
2733 1857 3038 1914 civitatibus
3078 1862 3208 1917 llunt
3234 1879 3417 1937 azyma
3450 1886 3464 1922 :
3496 1870 3548 1923 id

1973 1937 2116 2007 quod
2135 1938 2244 2007 jam
2276 1941 2442 2012 magis
2471 1942 2671 1998 ludicra
2698 1961 2786 2001 res
2813 1957 2912 2012 est,
2948 1966 3105 2020 quam
3128 1954 3233 2009 les.
3252 1957 3383 2023 Quia
3406 1961 3548 2015 enim

1980 2030 2122 2120 venit
2147 2031 2363 2098 veritas,
2388 2047 2492 2088 non
2517 2035 2653 2090 ultra
2682 2037 2858 2092 locum
2884 2040 3082 2097 habent
3108 2046 3238 2116 typi.
3265 2046 3443 2117 Itaque
3460 2067 3553 2120 per

1978 2118 2079 2175 hoc
2107 2136 2321 2192 quoque
2350 2126 2652 2195 exemplum
2702 2129 2934 2185 maxime
2982 2132 3126 2201 ejicit
3182 2151 3247 2191 ex
3304 2118 3550 2195 Ecclesia

1979 2214 2380 2271 fornicatorcm.
2448 2217 2563 2272 Non
2612 2219 2785 2275 solum
2841 2223 3026 2291 enim,
3071 2227 3264 2297 inquit,
3307 2245 3546 2299 prmsens

1982 2303 2112 2357 nihil
2146 2304 2403 2374 prodest,
2446 2308 2542 2363 sed
2589 2309 2748 2365 etiam
2796 2323 2993 2381 nocet,
3031 2330 3313 2376 commune
3361 2337 3554 2391 corpus

1981 2393 2175 2449 deinde
2226 2411 2595 2468 corrumpens.
2640 2400 2817 2456 Nescit
2842 2405 2985 2458 enim
3023 2407 3196 2476 quivis
3221 2410 3363 2465 unde
3395 2412 3555 2469 [αξιοι-

1982 2487 2204 2552 oriatur,
2228 2489 2273 2542 si
2301 2492 2567 2545 occultum
2591 2493 2658 2546 sit
2684 2492 2735 2547 id
2751 2495 2892 2565 quod
2914 2509 2997 2552 est
3020 2502 3309 2568 putridum,
3337 2504 3431 2559 sed
3459 2508 3554 2560 toti

1983 2579 2142 2633 ctetui
2171 2580 2318 2635 illum
2352 2582 2598 2650 imputat.
2636 2582 2761 2640 Ideo
2786 2586 2904 2640 illos
2936 2589 3085 2645 valde
3115 2604 3265 2662 urget
3289 2603 3555 2665 utexpur-

1982 2679 2110 2740 gent
2153 2670 2513 2727 fermentum:
2544 2672 2609 2727 Ut
2657 2676 2766 2728 sitis
2789 2716 2804 2743 ,
2838 2677 3029 2746 inquit,
3059 2696 3190 2745 nova
3225 2688 3514 2754 conspersio
3538 2729 3554 2753 ,

1984 2761 2115 2814 sicut
2155 2761 2273 2814 estis
2325 2763 2493 2832 azgmi
2520 2779 2537 2816 :
2566 2764 2749 2817 etenim
2778 2763 2981 2819 Pascha
3008 2779 3237 2823 nostrum
3268 2774 3558 2829 immolatus

1988 2869 2080 2922 pro
2110 2853 2251 2906 nobis
2298 2861 2368 2906 est
2399 2852 2648 2908 Christus.
2683 2855 2797 2910 Non
2842 2857 3013 2923 dixit,
3045 2859 3286 2917 Mortuus
3304 2874 3428 2929 est;
3463 2867 3558 2921 sed

1988 2945 2261 3014 proposito
2306 2946 2741 3013 convenientius,
2796 2946 3100 3006 Immolatus
3121 2962 3213 3010 est.
3260 2953 3337 3009 Ne
3382 2971 3563 3025 quam:

1989 3035 2151 3105 igitur
2180 3051 2366 3108 azyma
2412 3037 2716 3107 lmjusmodi
2746 3082 2762 3106 ,
2795 3044 2916 3111 quia
2948 3057 3121 3113 neque
3170 3060 3362 3116 agnum
3393 3046 3560 3102 habes

1993 3126 2148 3179 talem
2173 3144 2187 3180 :
2211 3142 2278 3181 ne
2303 3142 2509 3197 quatras
2532 3128 2847 3185 fermentum
2871 3133 2993 3197 tale,
3014 3136 3134 3204 quia
3152 3151 3336 3207 azyma
3360 3148 3444 3192 tua
3460 3157 3564 3195 non

1995 3217 2116 3271 talia
2166 3227 2308 3273 sunt.
2354 3217 2408 3272 ln
2456 3222 2695 3275 sensibili
2749 3223 2964 3293 quidem
3002 3226 3265 3282 fermento
3316 3246 3562 3302 azymum

1994 3307 2110 3362 ﬁeri
2144 3320 2320 3379 potest
2351 3310 2769 3379 fermentatum;
2813 3315 3189 3372 fermentatum
3242 3336 3373 3376 vero
3415 3340 3568 3378 nutu-

1994 3416 2150 3471 quam
2178 3404 2346 3472 possit
2375 3404 2488 3459 fieri
2510 3421 2755 3476 azymum
2789 3425 2802 3460 :
2832 3408 2919 3463 hic
2940 3420 3116 3465 autem
3140 3414 3466 3469 contrarium
3493 3432 3572 3471 rc-

1998 3494 2236 3563 peritur;
2268 3495 2364 3549 sed
2394 3503 2572 3550 tamen
2602 3496 2706 3550 hoc
2736 3514 2839 3551 non
2872 3499 3144 3555 indicavit.

2072 3583 2226 3639 Pauli
2249 3587 2533 3655 prudentia.
2567 3618 2626 3626 —
2666 3588 2735 3641 Et
2763 3588 2881 3642 vide
2904 3592 3240 3657 prudentiam
3268 3611 3281 3645 :
3315 3594 3365 3648 in
3401 3596 3575 3665 priore

2002 3676 2227 3745 cpistola
2263 3692 2412 3746 spem
2466 3678 2793 3732 reversionis
2841 3694 2944 3733 non
2975 3680 3067 3734 dat
3114 3681 3454 3752 fornicatori;
3483 3690 3577 3744 sed

2004 3768 2165 3821 vitam
2198 3776 2362 3821 totam
2395 3767 2563 3836 ipsius
2590 3768 2641 3821 in
2671 3768 2978 3836 poenitentia
3003 3771 3154 3839 jubet
3180 3788 3330 3836 esse,
3358 3791 3426 3831 ne
3452 3792 3579 3847 pro-

2005 3858 2258 3913 missione
2310 3857 2461 3911 illum
2524 3859 2822 3928 segniorem
2873 3861 3140 3917 redderet.
3191 3863 3371 3935 Neque
3434 3869 3575 3922 enim

2006 3949 2161 4016 dixit,
2210 3949 2428 4005 Tradite
2478 3950 2626 4005 illum
2681 3944 2916 4020 satanie,
2951 3964 3153 4011 utcum
3204 3960 3569 4027 ptenitentiam

2009 4042 2196 4110 egerit,
2228 4057 2413 4096 rursus
2441 4042 2696 4098 Ecclesia:
2726 4045 2963 4100 tradatur
2989 4064 3002 4111 ;
3031 4048 3125 4101 scd
3161 4049 3330 4118 quid?
3366 4052 3432 4107 Ut
3477 4055 3579 4108 sal-

2009 4149 2097 4187 vus
2125 4134 2188 4187 sit
2219 4134 2269 4187 in
2302 4134 2489 4188 ultimo
2542 4133 2650 4189 dic.
2690 4135 2848 4190 Mittit
2875 4138 3046 4207 ipsum
3080 4140 3131 4194 in
3186 4151 3397 4212 tempus
3428 4146 3577 4208 illud.

2011 4231 2069 4277 ut
2117 4224 2407 4279 sollicitum
2435 4224 2684 4281 redderet
2720 4237 2811 4281 :ct
2840 4229 2982 4298 quod
3037 4241 3156 4299 post
3217 4235 3584 4302 paenitentiam

2014 4315 2301 4385 largiturus
2322 4316 2419 4384 ipsi
2443 4324 2576 4378 erat,
2608 4332 2715 4371 non
2744 4320 2935 4386 aperit,
2971 4321 3253 4376 Dominum
3277 4340 3430 4379 suum
3458 4327 3578 4379 imi-

2017 4414 2154 4459 tans.
2208 4405 2666 4472 Quemadmodum
2700 4408 2839 4459 enim
2875 4410 3013 4463 Deus
3058 4410 3231 4476 dicit,
3283 4413 3460 4467 Adhuc
3491 4424 3589 4471 tres

2018 4494 2143 4558 dies,
2188 4502 2235 4545 et
2285 4493 2474 4545 Ninive
2517 4492 2825 4547 subvertelur
2864 4495 3073 4565 (Jonas
3129 4501 3181 4553 5.
3233 4504 3267 4555 4
3298 4502 3359 4570 );
3414 4521 3587 4577 nequo

2020 4584 2241 4649 addidit,
2273 4586 2329 4640 Si
2381 4594 2557 4640 autem
2614 4590 2978 4656 pmnitcntiam
3024 4593 3210 4658 egerit,
3243 4596 3586 4653 servabitur:

2021 4679 2098 4734 sic
2126 4689 2179 4734 et
2208 4679 2305 4733 iste
2335 4694 2438 4733 non
2467 4678 2620 4745 dixit,
2674 4678 2730 4733 Si
2779 4679 2937 4748 digne
2984 4684 3347 4750 pmnitentiam
3399 4689 3590 4758 egerit,

2023 4770 2454 4826 confirmabimus
2513 4771 2564 4823 in
2611 4770 2757 4825 illum
2814 4772 3120 4839 caritatem;
3178 4776 3271 4830 sed
3319 4789 3594 4847 exspectat

2026 4874 2082 4918 ut
2112 4864 2223 4932 ipse
2258 4877 2391 4931 opus
2441 4861 2570 4915 illud
2612 4861 2791 4927 faciat,
2828 4872 2885 4915 ut
2918 4873 3041 4917 tunc
3088 4868 3311 4934 gratiam
3339 4870 3585 4939 accipiat.

2024 4957 2154 5011 Nam
2205 4956 2249 5010 si
2304 4955 2371 5009 ab
2413 4954 2564 5007 initio
2604 4953 2705 5008 hoc
2757 4955 3009 5021 dixisset,
3050 4957 3187 5013 forte
3228 4972 3424 5014 metum
3477 4962 3592 5030 ejus

2028 5048 2275 5101 solvisset
2314 5063 2326 5098 :
2357 5054 2683 5115 quapropter
2709 5062 2812 5099 non
2846 5048 3005 5101 modo
3035 5066 3139 5101 non
3192 5051 3291 5103 huc
3323 5052 3468 5116 facit,
3499 5053 3593 5107 scd

2030 5154 2125 5208 per
2150 5138 2451 5205 exemplum
2482 5134 2726 5189 fcrmenti
2758 5154 2823 5191 ne
2850 5139 2978 5191 sinit
3008 5141 3218 5205 quidem
3249 5142 3418 5209 ipsum
3452 5144 3596 5198 redi-

2034 5241 2142 5284 tum
2175 5245 2410 5299 spcrare,
2442 5228 2534 5282 sed
2562 5244 2681 5282 eum
2705 5229 2768 5282 ad
2794 5229 2932 5282 diem
2958 5230 3103 5283 illum
3132 5244 3368 5287 reservat
3394 5236 3597 5302 dicens,

2034 5321 2327 5390 Expurgate
2351 5330 2487 5372 vetus
2519 5322 2820 5389 fermentum
2845 5334 2863 5381 ;
2885 5326 2958 5385 ct,
2995 5318 3076 5373 Ne
3103 5325 3283 5391 festum
3305 5326 3602 5379 celebremus

2034 5415 2085 5466 in
2146 5417 2389 5482 fermento
2430 5409 2599 5463 veteri.
2654 5409 2938 5478 Postquam
2987 5420 3164 5466 autem
3239 5417 3601 5483 ptBnitcttliatu

2034 5505 2161 5572 egit,
2209 5519 2327 5557 cum
2370 5501 2515 5555 omni
2548 5501 2721 5555 studio
2764 5502 2910 5556 illum
2942 5503 3251 5558 introduxit.
3289 5506 3396 5558 Cur
3423 5517 3597 5556 autem

2036 5602 2188 5648 vetus
2234 5594 2428 5646 vocat?
2463 5592 2554 5646 Vel
2585 5593 2706 5663 quia
2754 5604 2902 5647 vetus
2955 5596 3057 5648 vita
3112 5606 3290 5648 nostra
3336 5604 3450 5647 erat
3497 5592 3596 5643 hu-

2035 5686 2265 5757 jnsmodi
2324 5703 2336 5737 :
2399 5686 2479 5739 vel
2530 5686 2649 5755 quia
2702 5695 2851 5739 vetus
2908 5687 3033 5739 illud
3086 5687 3380 5755 proximum
3437 5683 3600 5733 inter-

2042 5782 2130 5836 ittti
2178 5791 2289 5846 cst,
2338 5780 2574 5835 fmtitlum
2614 5788 2668 5833 ct
2723 5790 2915 5847 turpe,
2956 5780 3109 5847 quale
3159 5786 3236 5830 est
3285 5780 3559 5843 peceatuttt
