3986 6202
452 303 549 360 ΗΠ

449 439 623 491 linque
662 419 802 472 enim
839 416 954 472 sine
997 431 1153 470 causa
1203 425 1353 468 vetus
1383 415 1734 480 vituperatur,
1783 425 1882 464 nec
1911 409 2026 463 sine

449 529 607 567 causa
640 526 835 566 novum
887 508 1195 571 damnatur,
1244 505 1336 558 sed
1387 504 1590 556 ratione
1619 502 1796 555 habita
1840 515 2027 554 eorum

449 605 516 656 de
566 603 757 672 quibus
804 599 998 668 agitur.
1066 596 1196 650 Nam
1239 594 1362 648 alibi
1417 593 1532 645 ait:
1581 591 1758 644 l’inum
1810 605 2024 654 novum,

449 711 604 747 novus
645 693 834 745 amicus
859 706 878 744 :
906 689 947 744 si
975 699 1141 742 autem
1186 686 1553 748 inveteraverit,
1602 695 1719 736 tunc
1745 699 1858 735 cum
1900 681 2028 734 lteri-

445 788 518 838 tia
563 786 694 838 bibes
743 784 910 852 ipsum
957 780 1145 851 (Eccli.
1193 780 1246 833 9.
1306 777 1446 846 15);
1499 777 1550 830 in
1588 775 1819 828 amicitia
1862 772 2028 841 magis

447 878 670 930 laudans
694 885 1034 938 vetustatem,
1063 889 1220 944 quam
1249 874 1558 926 novitatem.
1594 870 1662 922 Et
1690 883 1892 933 rursus,
1923 867 2030 920 An-

445 971 612 1039 tiquus
637 971 831 1021 dierum
876 967 1076 1020 sedebat
1106 964 1264 1035 (Dan.
1300 964 1348 1015 7.
1385 961 1489 1030 9);
1525 960 1608 1014 hic
1635 974 1850 1030 quoque
1875 959 2030 1011 anti—

446 1078 612 1129 quum
665 1075 883 1114 sumens
940 1073 1034 1126 pro
1086 1056 1303 1124 majoris
1353 1054 1535 1124 glorite
1589 1051 1855 1106 encomio.
1888 1051 2026 1104 Alibi

445 1164 623 1204 autem
652 1149 925 1218 Scriptura
946 1148 1219 1216 antiquum
1247 1161 1342 1213 pro
1365 1144 1628 1212 vituperio
1654 1142 1864 1210 accipit.
1896 1140 2026 1193 Nam

445 1243 570 1312 quia
595 1257 684 1296 res
715 1241 873 1293 varia:
894 1254 958 1292 ex
992 1237 1170 1290 multis
1201 1235 1512 1305 composita:
1543 1243 1686 1297 sunt,
1716 1245 1769 1285 et
1798 1232 1849 1284 in
1878 1230 2029 1284 bonis

447 1344 503 1386 et
535 1333 586 1386 in
618 1332 770 1385 malis
798 1329 983 1384 iisdem
1013 1328 1196 1388 tttitur,
1222 1341 1324 1380 non
1356 1323 1647 1378 secundum
1677 1321 1923 1374 eamdetn
1946 1321 2020 1373 si-

449 1424 872 1494 gniﬁcationem.
908 1419 1039 1474 Vide
1065 1435 1192 1486 ergo
1213 1428 1266 1472 et
1296 1417 1419 1470 alibi
1449 1425 1602 1468 vetus
1632 1413 1900 1482 vituperio
1931 1416 2028 1465 da-

459 1527 572 1569 tutn
601 1534 612 1568 :
641 1513 1057 1568 Inveterarerunt
1084 1519 1129 1563 et
1164 1509 1574 1561 claudicavcrunt
1605 1522 1634 1558 a
1665 1505 1853 1558 semitis
1879 1505 1981 1557 suis
2009 1520 2028 1568 ;

447 1624 501 1662 e’.
528 1624 733 1670 rursus,
767 1605 1052 1660 [τείνειεναυί
1089 1604 1216 1656 inter
1246 1618 1416 1656 omnes
1444 1600 1676 1653 inimicos
1697 1613 1830 1650 meos
1857 1594 2026 1665 (Psal.

450 1704 536 1756 Π.
571 1701 660 1755 46.
701 1711 746 1754 et
783 1699 836 1754 6.
871 1699 924 1768 8)
952 1714 967 1762 ;
992 1706 1047 1752 el.
1074 1698 1285 1760 iterum,
1319 1693 1600 1748 Inveterate
1645 1691 1839 1745 dierum
1866 1689 2030 1743 malo-

449 1813 561 1847 rum
594 1793 754 1863 (Dan.
789 1793 878 1846 15.
905 1790 1018 1862 5‘2).
1047 1791 1121 1844 Ita
1144 1798 1197 1843 et
1225 1789 1543 1841 fermentum
1571 1800 1712 1854 saepe
1742 1799 1839 1853 pro
1867 1797 2030 1851 regno

449 1889 701 1938 cazlorum
737 1884 1019 1953 accipitur,
1050 1881 1257 1936 etiamsi
1282 1879 1367 1934 hic
1397 1883 1764 1948 vituperetur:
1793 1877 1889 1931 sed
1918 1876 2028 1929 illic

447 1980 514 2032 ad
540 1977 702 2038 aliud,
735 1977 820 2031 hic
848 1977 911 2029 ad
941 1973 1083 2028 aliud
1113 1972 1358 2027 refertur.

519 2073 570 2126 5.
600 2070 827 2122 Avaritia
857 2080 995 2122 vetus
1026 2071 1326 2137 fermentum
1356 2066 1628 2130 quomodo.
1649 2090 1719 2100 —
1739 2058 1862 2112 Mihi
1905 2071 2030 2110 vero

449 2163 682 2214 maxime
702 2160 912 2212 videtur
947 2158 1018 2216 id,
1050 2156 1192 2226 quod
1221 2155 1290 2208 de
1317 2154 1586 2206 fermento
1615 2151 1833 2214 dicitur,
1866 2148 2026 2202 etiam

451 2253 516 2303 ad
549 2251 858 2322 sacerdotes
897 2248 1128 2308 referri,
1157 2244 1246 2313 qui
1302 2243 1483 2296 sinunt
1535 2241 1857 2293 intrinsecus
1911 2253 2030 2292 esse

453 2342 677 2394 inultum
717 2338 963 2391 fcrtncnti
995 2335 1214 2399 veteris,
1236 2350 1338 2386 tton
1367 2341 1724 2401 cxpurgantcs
1755 2347 1820 2385 ex
1851 2331 2032 2383 termi-

455 2435 559 2497 nis,
596 2432 770 2490 idest,
801 2445 864 2482 ex
892 2427 1127 2481 Ecclesia
1153 2467 1169 2490 ,
1201 2441 1391 2478 avaros
1412 2466 1424 2482 .
1464 2434 1708 2490 raptores
1732 2463 1748 2489 ,
1781 2431 1833 2474 et
1861 2422 2029 2489 quod-

449 2539 678 2591 cumque
709 2538 771 2575 ex
804 2536 968 2589 reg:.o
985 2520 1235 2574 Caeterum
1260 2516 1512 2570 excludit.
1540 2514 1670 2568 Nam
1707 2515 1924 2567 avaritia
1949 2525 2032 2567 est

451 2625 604 2666 vetus
647 2614 1004 2672 fermentum,
1029 2618 1082 2662 et
1112 2624 1447 2679 quocumque
1478 2607 1754 2668 ceciderit,
1789 2620 1947 2674 atque
1978 2608 2028 2658 itt

449 2718 841 2773 quamcumque
872 2701 1085 2755 domum
1111 2700 1395 2761 inciderit,
1432 2698 1759 2750 immundam
1785 2698 1926 2750 illam
1955 2698 2033 2750 el-

451 2797 581 2850 ticit.
611 2795 824 2848 Etiamsi
858 2808 1016 2861 parva
1067 2808 1130 2845 cx
1164 2790 1421 2858 injustitia
1469 2788 1726 2853 luet-eris,
1783 2789 1831 2840 id
1866 2799 2029 2840 totam

451 2901 594 2942 tuam
623 2886 975 2941 substantiam
1009 2884 1368 2936 fermentavit.
1405 2880 1528 2934 Ideo
1551 2896 1694 2948 saepe
1722 2880 1936 2943 accidit,
1971 2888 2028 2932 ιιι

451 2983 657 3036 modica
688 2980 825 3032 male
850 2977 1084 3038 inducta,
1110 2977 1272 3027 multa
1299 2990 1416 3043 qu:e
1447 2973 1582 3026 bene
1608 2972 1828 3024 eollecta
1855 2971 2034 3040 jacent

450 3074 730 3143 ejeceriut.
781 3071 921 3125 Nihil
961 3071 1104 3124 enim
1143 3080 1225 3123 est
1253 3069 1419 3136 magis
1451 3065 1720 3136 putridum
1765 3065 1988 3117 avaritia
2014 3104 2028 3117 .

451 3167 660 3221 etiamsi
736 3167 880 3220 enim
945 3165 1095 3218 ccllte
1144 3162 1412 3232 penuarite
1459 3161 1665 3212 clavem
1713 3157 2029 3221 induxeris,

453 3260 662 3314 etiamsi
689 3259 907 3328 januam
938 3266 992 3311 et
1020 3267 1226 3310 vectem
1255 3297 1268 3320 ,
1299 3253 1493 3306 frustra
1534 3253 1648 3306 haec
1675 3250 1825 3315 lacis,
1860 3250 2033 3304 avari-

455 3355 579 3406 tiam
611 3349 1124 3421 perniciosissimum
1168 3347 1338 3400 forent
1401 3345 1543 3398 intus
1593 3341 1871 3396 includens
1897 3382 1911 3407 ,
1943 3341 2034 3410 qui

450 3445 630 3497 omnia
658 3442 868 3496 auferre
891 3440 1077 3510 possit.
1100 3437 1235 3505 Quid
1269 3438 1446 3505 igitur,
1475 3435 1707 3505 inquies,
1735 3449 1854 3487 cum
1882 3431 2034 3485 multi

451 3539 597 3590 avari
647 3536 756 3589 ltzec
783 3549 890 3588 non
945 3534 1254 3602 patiantur?
1282 3530 1438 3583 Certe
1482 3529 1769 3597 patientur,
1796 3525 1896 3580 etsi
1925 3541 2033 3579 non

452 3632 631 3685 statim
687 3631 791 3683 illis
836 3627 1081 3681 accidat:
1116 3627 1159 3678 si
1211 3639 1337 3678 vero
1398 3637 1539 3676 nunc
1588 3621 1867 3689 eﬂ'ugiant,
1907 3628 2036 3673 tunc

454 3730 624 3793 magis
655 3725 879 3783 timeto;
917 3719 982 3772 ad
1015 3718 1185 3785 majus
1212 3717 1356 3771 enim
1389 3713 1712 3784 supplicium
1741 3727 2032 3766 reservan-

459 3833 564 3868 tur.
596 3814 706 3866 luto
726 3827 851 3864 vero
874 3810 917 3862 si
951 3811 1049 3878 ipsi
1097 3808 1372 3874 ell‘ugiant,
1416 3816 1470 3858 at
1498 3805 1723 3859 heredes
1757 3820 1942 3858 eorum
1972 3816 2036 3856 ea

458 3908 570 3975 ipsa
605 3905 891 3975 patientur.
920 3901 983 3952 lit
1003 3899 1292 3968 quomodo,
1319 3898 1546 3966 inquies,
1575 3895 1894 3963 hoejustum
1924 3895 2037 3948 fuc-

459 3999 524 4050 rit
550 3996 574 4049 ?
605 3996 760 4048 Certe
788 3992 941 4044 valde
963 3989 1187 4059 justum.
1221 3987 1352 4039 Nam
1383 3986 1472 4054 qui
1515 3985 1733 4053 excepit
1765 3983 2033 4037 heredita-

461 4099 566 4142 tem
597 4085 847 4156 injaslitia
883 4082 1115 4151 plenam,
1138 4079 1347 4133 etiamsi
1378 4081 1488 4145 ipse
1520 4094 1623 4130 non
1658 4075 1931 4145 rapuerit,
1963 4086 2036 4129 at-

463 4191 634 4233 tamen
653 4178 822 4232 aliena
853 4174 1044 4228 retinet
1073 4189 1085 4224 :
1121 4181 1174 4226 et
1205 4169 1305 4222 hoc
1333 4168 1485 4238 plane
1512 4183 1828 4237 persuasum
1857 4167 2035 4232 habet,

461 4273 684 4342 ideoque
706 4285 919 4338 azquutn
942 4274 1024 4320 est
1055 4275 1108 4318 ut
1141 4263 1388 4334 patiatur.
1413 4259 1466 4316 Si
1489 4261 1630 4314 enim
1663 4260 1750 4313 illo
1797 4260 2038 4329 rapiente

461 4375 516 4417 ttt
537 4362 838 4429 acceperis,
872 4357 1174 4427 deindeque
1201 4353 1464 4408 accedens
1491 4354 1533 4406 is
1560 4353 1642 4406 cui
1678 4362 1888 4422 raptum
1918 4351 2034 4416 fuit,

463 4455 511 4507 id
546 4463 748 4520 repetat
778 4467 793 4503 :
825 4467 949 4503 ntun
982 4449 1110 4502 satis
1137 4446 1304 4500 estad
1330 4446 1402 4498 tui
1437 4445 1826 4513 purgationem,
1850 4453 1900 4497 te
1933 4460 2038 4496 ttott

462 4543 746 4611 rapuisse?
799 4538 1202 4608 Minimezqnid
1257 4537 1448 4599 enim,
1505 4549 1708 4603 qua:so,
1758 4547 2039 4588 accUsatus

465 4636 664 4689 dixeris
686 4634 711 4684 ?
739 4632 882 4701 quod
911 4631 1046 4683 alius
1071 4627 1351 4698 Spoliarit?
1375 4623 1468 4678 sed
1493 4633 1546 4677 tu
1575 4625 1775 4678 retines
1812 4642 1824 4678 :
1857 4625 1944 4678 ille
1964 4641 2041 4678 ra-

465 4729 608 4796 puit?
663 4724 755 4778 sed
790 4731 844 4775 tu
877 4721 1092 4775 frueris.
1125 4719 1248 4772 "tu:
1275 4733 1437 4787 porro
1479 4717 1640 4769 etiam
1667 4716 1841 4768 sciunt
1863 4726 2041 4768 exter-

461 4836 651 4874 norum
679 4819 845 4887 leges,
886 4831 1005 4884 qua:
1047 4813 1110 4865 iis
1137 4810 1372 4865 dimissis
1395 4810 1484 4879 qtti
1513 4816 1804 4878 rapuerunt
1829 4819 1882 4861 et
1909 4809 2036 4862 abs-

463 4914 726 4972 tulerunt,
783 4909 850 4960 ab
904 4907 1006 4960 illis
1056 4904 1245 4969 jttbent
1295 4915 1566 4971 expetere.
1615 4900 1754 4972 apud
1781 4917 1916 4970 quos
1945 4917 2039 4955 sua

465 5003 640 5054 omnia
671 4999 912 5070 deposita
943 4997 1258 5066 repercrint.
1291 4993 1344 5047 Si
1375 5010 1502 5063 ergo
1525 4994 1664 5047 nosti
1692 5007 1808 5057 eos,
1842 4993 1932 5061 qui
1959 4993 2040 5045 itt-

460 5093 719 5162 justitiam
745 5091 883 5159 passi
912 5098 1053 5154 sunt,
1076 5087 1238 5142 redde
1258 5098 1310 5140 et
1335 5086 1415 5139 fac
1440 5084 1578 5155 quod
1610 5084 1732 5137 fecit
1755 5083 2042 5137 Zacchzeus

464 5197 588 5236 cum
634 5182 796 5234 multa
849 5179 1156 5233 accessione
1192 5197 1205 5232 :
1235 5178 1278 5231 si
1321 5187 1499 5230 autem
1534 5177 1770 5244 ignoras,
1817 5175 2040 5228 alteram

473 5273 570 5326 tibi
604 5272 673 5325 do
703 5272 862 5334 viam,
893 5285 989 5322 nec
1015 5268 1242 5323 excludo
1273 5276 1325 5321 te
1347 5285 1375 5321 a
1404 5267 1644 5321 remedio
1675 5284 1688 5319 :
1723 5265 1838 5319 ιιωο
1863 5266 2044 5319 omnia

469 5363 801 5435 pauperibus
821 5360 1104 5424 distribue,
1130 5368 1182 5411 et
1203 5358 1281 5411 sic
1309 5361 1503 5410 malum
1535 5357 1770 5411 curabis.
1800 5355 1951 5422 Quod
1999 5355 2044 5410 si

463 5456 556 5525 qtti
587 5455 702 5508 lucc
742 5453 792 5506 in
830 5451 966 5504 ﬁlios
986 5461 1038 5504 et
1073 5449 1123 5502 itt
1154 5457 1374 5516 nepotes
1402 5449 1836 5511 transmiserunt;
1867 5447 2042 5500 atalia

468 5564 565 5618 pro
596 5547 678 5600 liis
715 5543 854 5598 mala
903 5543 1042 5610 passi
1073 5549 1218 5594 sunt.
1254 5539 1452 5606 Ecquid
1498 5540 1686 5607 loquor
1709 5539 1775 5593 de
1808 5540 1891 5602 iis,
1923 5552 2044 5607 qua:

468 5639 554 5692 hic
606 5635 894 5692 accidunt?
923 5633 1035 5688 Non
1089 5631 1232 5684 enim
1281 5630 1330 5683 itt
1365 5630 1454 5682 illo
1484 5629 1570 5681 die
1612 5629 1726 5682 ha'c
1775 5628 2041 5692 dicentur,

465 5729 678 5798 quando
704 5730 862 5784 ambo
894 5725 1018 5782 tittdi
1041 5721 1392 5794 apparebunt,
1414 5720 1444 5773 ii
1476 5719 1666 5790 quibus
1700 5727 1908 5788 raptmn
1938 5728 2040 5784 cst,

1153 299 1208 356 S.
1249 295 1522 356 JOANNIS
1555 287 2030 351 CllllYSUSTOMl

2142 291 2384 348 lCllllSP.
2426 289 2954 350 (ΣΟΧΒἸᾺΧΤΞᾸΟΡ.

3613 295 3712 352 ίὲδ

2138 416 2193 462 et
2222 408 2256 462 ii
2304 409 2392 479 qui
2426 418 2720 477 rapuerunt
2749 411 2894 464 :imo
2941 425 3071 466 vero
3120 425 3225 465 non
3257 411 3506 466 similiter
3537 422 3706 469 nudi:

2134 514 2257 553 nam
2310 499 2551 571 pecuniis
2579 499 2740 554 ambo
2770 501 2966 569 pariter
3011 500 3134 554 nudi
3185 510 3382 565 erunt;
3417 503 3555 556 alter
3583 521 3712 559 veto

2133 589 2321 660 plenus
2349 591 2688 658 criminibus,
2711 608 2832 662 qu:e
2859 608 2921 646 ex
2954 593 3019 646 iis
3046 602 3162 646 orta
3193 604 3339 647 sunt.
3392 595 3531 662 Quid
3582 613 3715 668 ergo

2135 681 2394 736 faciemus
2421 683 2516 737 illo
2539 683 2648 748 die,
2678 684 2894 753 quando
2928 694 3054 737 ante
3079 685 3309 738 tribunal
3330 686 3460 739 illud
3487 685 3716 742 horren-

2132 771 2256 824 dum
2288 773 2352 837 is,
2398 775 2485 842 qui
2515 773 2652 828 male
2681 789 2869 842 passus
2901 786 2983 829 est
3009 785 3064 829 et
3089 777 3268 829 omnia
3317 791 3413 831 sua
3443 780 3674 846 perdidit
3699 823 3715 844 ,

2133 866 2428 919 adducetur
2455 867 2506 920 in
2539 866 2794 932 medium,
2828 877 2878 920 te
2908 869 3109 921 nullum
3143 868 3371 922 habente
3395 873 3719 936 patronum?

2133 959 2256 1027 quid
2286 958 2456 1012 Jndici
2486 959 2667 1013 dices?
2694 959 2844 1014 Nunc
2869 961 3010 1014 enim
3031 959 3579 1030 judiciumhominum
3603 980 3714 1018 cor-

2135 1065 2383 1118 rumpere
2413 1051 2632 1118 poteris,
2664 1051 2788 1104 illttd
2819 1067 2946 1104 vero
2972 1049 3232 1120 judicium
3264 1069 3370 1106 non
3414 1055 3539 1107 item
3568 1073 3581 1108 :
3608 1057 3717 1108 ituo

2133 1157 2262 1194 Vero
2293 1158 2463 1211 neque
2487 1137 2626 1196 nunc
2652 1159 2664 1206 ;
2699 1159 2836 1197 nunc
2860 1143 3002 1198 enim
3031 1161 3243 1213 quoque
3271 1145 3428 1199 adest
3451 1146 3714 1215 judicium

2135 1230 2285 1284 illud.
2315 1231 2444 1284 Nam
2482 1232 2620 1284 [lens
2648 1233 2824 1286 omnia
2855 1249 2972 1302 qua:
2993 1244 3252 1301 geruntur
3274 1235 3438 1295 videt,
3466 1247 3520 1289 et
3550 1252 3717 1306 protio

2134 1324 2255 1377 illos
2281 1333 2361 1378 est
2390 1325 2479 1395 qui
2509 1326 2698 1392 injuria
2739 1325 3064 1390 afficiuntur,
3094 1327 3303 1381 etiamsi
3335 1345 3436 1380 non
3467 1338 3714 1384 vocetur.

2134 1415 2266 1469 Nam
2297 1417 2387 1485 qui
2441 1418 2582 1471 malo
2614 1418 2861 1480 afficitur,
2895 1418 3102 1471 etiamsi
3135 1417 3382 1486 indignus
3411 1419 3478 1472 sit
3518 1422 3609 1490 qui
3638 1421 3718 1474 ul-

2136 1507 2334 1559 tionem
2367 1508 2738 1571 nanciscatur;
2764 1517 2998 1560 attamen
3026 1509 3146 1577 quia
3179 1525 3263 1562 rcs
3280 1521 3444 1577 gesta:
3476 1510 3587 1564 Deo
3609 1528 3714 1566 non

2135 1597 2368 1666 placent,
2401 1598 2559 1651 habet
2587 1598 2675 1652 ille
2706 1608 2851 1652 certe
2883 1600 3129 1654 ultorem.
3156 1601 3435 1665 Quomodo
3455 1616 3606 1671 ergo,
3637 1604 3721 1656 in-

2134 1689 2306 1758 quies,
2339 1689 2430 1744 ille
2459 1691 2723 1758 quiSpiam
2770 1706 3025 1758 pros-pere
3071 1692 3210 1759 agit,
3246 1692 3366 1746 licet
3394 1695 3465 1746 sit
3494 1695 3669 1748 malus
3694 1699 3718 1746 τ

2135 1782 2240 1836 Sed
2272 1799 2376 1834 non
2409 1798 2578 1850 usque
2607 1782 2657 1835 in
2694 1782 2873 1836 linem.
2909 1782 3045 1836 Audi
3073 1783 3202 1852 quid
3231 1783 3376 1838 dicat
3403 1787 3668 1855 propheta
3700 1806 3714 1840 ε

2136 1872 2264 1925 Noli
2301 1873 2534 1926 cumulari
2583 1875 2633 1925 in
2672 1863 3110 1943 indignantibus,
3164 1877 3406 1944 quoniam
3461 1889 3721 1948 tamquam

2145 1969 2330 2036 [tritum
2359 1965 2592 2017 velociter
2621 1977 2844 2018 mearent
2875 1965 3046 2036 (Psul.
3080 1967 3169 2022 '56.
3205 1970 3258 2021 1.
3285 1968 3366 2038 ‘2).
3400 1969 3500 2024 Ubi
3533 1973 3676 2025 enim
3703 2013 3718 2037 ,

2133 2074 2335 2125 «ιιιςυδο,
2366 2067 2447 2111 est
2497 2060 2541 2111 is
2570 2060 2659 2126 qui
2716 2060 2928 2127 rapuit,
2986 2071 3267 2129 postquam
3301 2061 3426 2117 hinc
3452 2063 3721 2118 abductus

2135 2147 2273 2202 fuit?
2307 2150 2392 2202 ubi
2424 2165 2547 2218 spes
2611 2151 2941 2218 entispirua?
2974 2152 3060 2204 ubi
3111 2151 3425 2207 honorabile
3479 2157 3720 2208 nomen?

2135 2257 2311 2294 annon
2349 2242 2528 2294 omnia
2563 2245 2934 2296 transierunt?
2962 2259 3140 2297 nonne
3173 2247 3351 2298 omnia
3388 2246 3541 2300 illuttt
3590 2264 3718 2317 spe-

2135 2335 2329 2386 ctantia
2353 2336 2618 2388 somnium
2648 2345 2772 2388 stitit
2793 2345 2846 2389 et
2872 2337 3056 2389 umbra
3081 2338 3103 2387 ?
3135 2337 3244 2391 lloc
3267 2338 3438 2406 ipsum
3467 2350 3720 2408 exspecta

2135 2425 2201 2478 de
2231 2425 2457 2494 singulis
2485 2426 2573 2495 qui
2607 2426 2912 2495 hujnsmodi
2945 2438 3090 2491 sunt,
3123 2428 3188 2481 de
3211 2430 3444 2494 vivente,
3469 2441 3523 2484 et
3551 2430 3619 2486 de
3649 2449 3715 2485 eo

2135 2517 2222 2584 qui
2281 2529 2400 2584 post
2451 2517 2658 2569 iuturus
2689 2527 2791 2570 est.
2825 2519 2894 2570 At
2926 2518 3047 2570 talia
3079 2534 3183 2571 non
3239 2529 3361 2571 sunt
3389 2535 3451 2573 ea
3483 2536 3604 2589 qu:e
3651 2521 3720 2574 ad

2136 2618 2350 2660 sanctos
2391 2606 2534 2660 viros
2556 2617 2798 2675 spectant
2825 2624 2836 2667 ;
2865 2624 3038 2676 neque
3069 2612 3270 2677 poteris
3297 2609 3484 2666 eadem
3518 2612 3586 2664 de
3615 2612 3719 2666 illis

2136 2702 2333 2762 dicere,
2363 2702 2504 2771 quod
2555 2702 2767 2770 quaead
2815 2703 2934 2755 illos
2982 2703 3252 2770 pertinent
3303 2703 3488 2757 umbra
3519 2706 3626 2758 sint
3668 2715 3720 2758 et

2137 2794 2404 2845 Somnium
2459 2802 2514 2846 et
2558 2794 2753 2846 l'abnla.
2789 2793 2922 2846 Etsi
2981 2794 3058 2846 vis
3089 2794 3236 2848 illum
3278 2795 3368 2863 qui
3412 2796 3528 2851 haec
3559 2798 3715 2861 dixit,

2139 2885 2488 2937 tentoriorum
2519 2885 2784 2952 opilicetn,
2810 2885 3052 2949 CiliCem,
3085 2885 3238 2951 cujus
3270 2901 3336 2940 ne
3369 2898 3573 2955 patrem
3599 2890 3722 2955 qui-

2135 2975 2255 3028 dem
2287 2986 2434 3029 certo
2463 2975 2727 3040 novimus,
2761 2975 2810 3028 in
2840 2975 3075 3028 medimn
3103 2976 3454 3030 adducamus.
3493 2979 3558 3031 Et
3587 2996 3724 3049 quo-

2139 3068 2316 3132 modo,
2379 3067 2614 3136 inquies,
2670 3069 2786 3121 lieri
2847 3070 3014 3138 possit
3063 3078 3120 3122 tit
3172 3070 3389 3140 quidatu
3429 3072 3555 3125 talis
3609 3074 3724 3126 sit?

2135 3156 2368 3210 Omnino
2423 3174 2551 3226 ergo
2601 3157 2915 3222 desideras,
2972 3161 3194 3214 omnino
3243 3161 3322 3213 vis
3377 3177 3501 3216 esse
3559 3163 3722 3217 talis?

2138 3250 2344 3316 Etiam,
2391 3249 2490 3302 ais.
2527 3250 2665 3317 Ergo
2697 3251 2832 3301 viam
2867 3249 3166 3320 ingredere,
3196 3268 3351 3321 quam
3377 3253 3465 3306 ille
3512 3255 3723 3323 ingres-

2137 3355 2229 3395 sus
2256 3350 2359 3404 est,
2387 3350 2439 3393 et
2465 3340 2553 3408 qtti
2583 3354 2702 3393 cmn
2733 3340 2823 3393 illo
2844 3350 3012 3393 erant.
3040 3341 3104 3394 Et
3127 3358 3283 3410 quam
3309 3343 3358 3394 in
3380 3343 3522 3396 viam
3550 3348 3724 3399 venit?

2138 3431 2230 3487 Ille
2249 3433 2464 3503 quidem
2501 3433 2594 3496 ait,
2627 3431 2693 3485 In
2715 3437 2850 3503 fame
2875 3445 2918 3486 et
2937 3434 3020 3487 siti
3043 3444 3089 3486 et
3117 3437 3350 3488 nuditate
3375 3436 3450 3507 (Ξ.
3483 3437 3607 3492 Cor.
3637 3443 3720 3496 11.

2137 3526 2228 3598 27)
2258 3543 2272 3590 ;
2305 3526 2395 3580 ille
2422 3541 2569 3590 vero,
2607 3527 2882 3595 Argentum
2909 3535 2952 3578 et
2987 3542 3171 3578 aurum
3201 3544 3299 3580 non
3328 3539 3398 3581 est
3425 3530 3552 3581 milii
3580 3532 3717 3598 (Act.

2140 3622 2192 3675 5.
2227 3620 2306 3690 6).
2331 3619 2420 3674 Sic
2444 3619 2518 3672 illi
2551 3617 2686 3672 nihil
2715 3617 3005 3684 habebant,
3036 3627 3090 3671 et
3115 3628 3292 3674 tamen
3319 3622 3502 3674 omnia
3550 3624 3722 3692 possi-

2141 3713 2352 3766 delituit.

2213 3804 2264 3856 6.
2299 3803 2435 3870 Quid
2461 3803 2560 3856 hac
2580 3817 2711 3856 voce
2738 3801 3148 3857 honorabilius?
3178 3804 3303 3874 quid
3334 3806 3546 3860 beatius
3577 3815 3632 3860 et
3655 3807 3726 3860 lo-

2142 3895 2408 3962 cupletius
2429 3896 2452 3946 ?
2478 3894 2608 3946 Nam
2637 3894 2726 3947 alii
2755 3895 2967 3964 quidem
3017 3897 3068 3949 in
3105 3899 3390 3950 contrariis
3418 3899 3725 3968 gloriaban-

2145 3995 2230 4036 tur
2257 3985 2496 4039 direutes
2526 4002 2539 4038 :
2573 3985 2756 4040 Habeo
2789 3995 2865 4040 tot
2894 3995 2946 4040 et
2975 3997 3048 4040 tot
3076 3988 3190 4041 auri
3223 3989 3442 4050 talenta,
3466 3992 3723 4060 etjugt-ra

2148 4086 2302 4128 terra:
2358 4077 2652 4139 immensa,
2706 4089 2758 4132 et
2787 4079 2978 4132 domos
3008 4089 3064 4133 et
3096 4081 3358 4149 mancipia
3390 4100 3402 4133 :
3436 4082 3524 4135 hic
3554 4100 3680 4137 vero
3706 4125 3721 4148 ,

2145 4167 2284 4234 quod
2329 4168 2398 4221 sit
2449 4167 2696 4221 omnibus
2727 4170 2990 4222 nudatus:
3030 4185 3200 4239 neque
3256 4187 3315 4224 se
3369 4173 3606 4228 occultat
3657 4175 3725 4228 ob

2147 4270 2529 4328 panpcttaiem,
2559 4262 2698 4330 quod
2726 4263 2869 4316 stulti
2901 4261 3118 4328 faciunt,
3153 4279 3325 4332 neque
3355 4266 3519 4333 pudet
3557 4267 3723 4328 illam,

2145 4354 2236 4407 Sed
2265 4357 2425 4407 etiam
2456 4354 2734 4422 gloriatur.
2766 4354 2865 4409 Ubi
2897 4364 3021 4409 sunt
3049 4371 3189 4409 nunc
3219 4355 3436 4418 divites,
3472 4357 3567 4426 qui
3595 4375 3726 4412 usu-

2148 4461 2232 4498 ras
2250 4455 2553 4510 numerant,
2583 4456 2636 4500 et
2665 4461 2854 4500 usuras
2881 4461 3185 4512 usurarum,
3210 4449 3296 4517 qui
3317 4449 3556 4502 omnium
3588 4450 3727 4502 bona

2149 4535 2406 4588 invadunt
2433 4546 2488 4589 et
2516 4553 2802 4606 numquam
2857 4538 3156 4592 satiantur?
3205 4539 3430 4592 audistis
3461 4539 3606 4593 Petri
3637 4557 3732 4594 vo—

2146 4642 2286 4688 cem,
2319 4643 2437 4694 qu:e
2467 4639 2828 4696 paupertatem
2858 4638 3120 4682 monstrat
3143 4629 3446 4683 divitiarum
3478 4642 3729 4697 matrem,

2149 4733 2266 4785 qu:e
2299 4717 2430 4770 nihil
2464 4718 2662 4782 habet,
2709 4727 2762 4770 et
2813 4719 2878 4771 iis
2911 4719 3002 4789 qui
3029 4719 3329 4775 diademate
3373 4720 3734 4776 redimiuntur

2149 4807 2450 4875 opulentior
2493 4808 2615 4862 est?
2648 4808 2771 4862 lla-c
2816 4808 3010 4878 quippe
3057 4809 3186 4863 nihil
3232 4810 3435 4865 habens
3487 4823 3734 4866 mortuos

2149 4899 2457 4966 soscitabat,
2481 4899 2701 4954 claudos
2727 4901 2984 4976 erigebat,
3014 4901 3286 4956 dzeutonas
3315 4903 3569 4971 pellebat,
3593 4916 3650 4958 et
3667 4921 3736 4958 ea

2149 4991 2491 5060 largiebatur,
2519 5009 2636 5061 qua:
2660 4992 2692 5045 ii
2723 4994 2810 5059 qui
2845 5008 3073 5062 purpura
3095 4994 3485 5048 amiciunturet
3509 5009 3739 5064 magnos

2151 5084 2567 5153 treinendosque
2598 5086 2869 5139 exercitus
2895 5085 3120 5152 ducunt,
3151 5102 3441 5155 numquam
3473 5096 3740 5158 prmstarc

2153 5185 2459 5242 potuerunt.
2520 5175 2646 5229 llazc
2673 5191 2773 5229 vox
2805 5186 2887 5230 est
2933 5193 3141 5242 eorum,
3173 5178 3261 5246 qui
3289 5178 3398 5247 jam
3444 5180 3496 5231 in
3539 5180 3739 5233 είυιιιιιι

2154 5268 2393 5320 translati
2447 5275 2611 5332 sunt,
2663 5277 2716 5320 et
2750 5269 3002 5322 verticem
3044 5270 3192 5323 illum
3244 5279 3596 5338 occuparunt.
3647 5271 3743 5324 Sic

2155 5365 2325 5423 potest
2359 5357 2404 5410 is
2434 5357 2522 5424 qui
2556 5357 2688 5409 nihil
2742 5359 2901 5412 habet
2925 5399 2941 5425 ,
2969 5360 3207 5412 onmium
3263 5375 3527 5429 occupare
3558 5360 3700 5412 bona
3727 5379 3743 5424 ;

2152 5456 2202 5499 et
2235 5462 2354 5515 qua:
2396 5455 2518 5498 sunt
2559 5449 2798 5502 omniutn
2839 5449 3131 5518 possidere.
3166 5448 3221 5504 Si
3275 5465 3403 5503 vero
3451 5466 3514 5503 ea
3566 5451 3748 5518 possi-

2153 5535 2373 5588 dcamus
2397 5551 2514 5602 qua:
2540 5548 2664 5590 sunt
2699 5539 2956 5602 omnium,
2985 5539 3234 5592 omnibus
3289 5540 3476 5608 privati
3525 5555 3745 5594 sumus.

2154 5624 2418 5680 Fortassis
2447 5627 2670 5697 :enigtna
2703 5629 2943 5683 videatur
2982 5644 3103 5683 esse
3159 5629 3286 5684 illud
3314 5671 3328 5692 ,
3362 5629 3504 5697 quod
3534 5629 3749 5683 dictum

2161 5728 2280 5776 est.
2331 5719 2425 5775 sed
2473 5737 2576 5774 non
2639 5731 2739 5776 est.
2793 5720 2896 5777 Sed
2934 5720 3220 5791 quomodo,
3271 5721 3498 5790 inquies,
3548 5721 3593 5775 is
3649 5723 3750 5791 qui
