3986 6202
491 226 595 283 ἰὲθ

490 342 585 397 καὶ
608 341 788 412 ἐκείνη
822 341 1068 414 καθάπερ
1095 344 1414 414 θεραπαινὶς
1438 344 1505 398 τά
1524 345 1722 414 ἐαυτῆς
1745 342 2054 415 προῦθηκεο

494 426 584 479 καὶ
617 427 753 494 πρὸς
778 425 869 476 τὸν
895 425 1296 495 δεσμοφύλακα,
1336 430 1586 490 κάκεῖνος
1618 428 1715 496 τὴν
1751 426 1927 479 οἰκίαν
1958 426 2057 477 αύ-

493 509 601 568 τοίς
653 506 885 581 ἀνέῳξεν
932 506 1148 560 ἃπασαν
1175 523 1188 537 ’
1230 514 1327 561 καὶ
1370 508 1506 578 πρὸς
1550 509 1774 577 ἐτέρους
1808 507 2055 577 μυρίους.

490 588 646 641 Οὕτω
677 587 853 642 πάντα
893 585 1057 659 εἰχον,
1102 592 1196 644 καὶ
1234 592 1385 644 οὐδὲν
1423 589 1589 661 εἶχον.
1624 592 1789 643 υὺδὲν
1818 591 1927 660 γάρ
1951 590 2059 642 τῶν

489 672 838 741 ὑπαρχόντων
869 672 1051 741 ἔλεγον
1092 676 1222 728 ίδιον
1261 671 1400 728 εἶναι
1423 690 1438 705 ⁸
1471 675 1562 728 διὰ
1598 675 1755 728 τοῦτο
1788 676 1963 727 πάντα
1990 670 2059 744 ἦν

485 755 685 808 αὐτῶν.
727 755 783 808 '0
809 756 916 825 γάρ
955 757 1107 810 κοινά
1137 759 1205 811 τὰ
1230 757 1361 810 ὄντα
1386 759 1706 827 ἡγούμενος,
1729 758 1790 809 οὑ
1820 760 1932 820 τοῖς
1959 758 2057 809 αὑ-

484 837 577 891 τοῦ
607 839 784 909 μόνον,
819 839 954 892 ἀλλά
986 843 1079 892 καὶ
1102 843 1212 904 τοῖς
1243 840 1445 910 ἐτέρων
1477 842 1739 910 χρήσεται
1770 839 1845 902 ὡς
1870 840 2018 901 ἰδίοις
2041 856 2054 870 ⁸

481 924 510 974 ὁ
543 922 599 975 δέ
632 921 963 991 ἀποσχίζων,
998 924 1093 977 καὶ
1121 924 1288 976 ποιῶν
1322 923 1513 976 ἑαυτὸν
1537 924 1727 992 κύριον
1753 923 1860 975 τῶν
1892 923 2057 976 αὑτοῦ

487 1006 683 1075 μόνων,
732 1005 851 1059 οὐδὲ
897 1005 1101 1059 τούτων
1140 1006 1292 1059 ἔσται
1339 1007 1548 1075 κύριος.
1608 1007 1714 1058 Καὶ
1751 1005 1910 1058 τοῦτο
1951 1006 2059 1059 ἀπὸ

485 1089 881 1157 ὑποδείγματος
937 1087 1115 1157 δῆλον.
1176 1088 1233 1139 '0
1276 1088 1444 1158 μηδὲν
1514 1089 1650 1151 ὅλως
1699 1089 2055 1157 κεκτημένος,

489 1170 623 1240 μήτε
651 1171 828 1221 οἰκίαν
854 1170 988 1238 μήτε
1033 1168 1310 1240 τράπεζαν
1345 1171 1480 1240 μήτε
1515 1170 1768 1239 περιττὸν
1820 1169 2056 1239 ἱμάτιον,

484 1253 620 1306 ἀλλά
649 1253 737 1305 διὰ
762 1253 853 1306 τὸν
889 1253 1020 1305 Θεὸν
1057 1253 1276 1306 πάντων
1301 1253 1765 1323 ἀπεστερημένος,
1800 1254 1873 1316 ὡς
1910 1252 2059 1315 ἰδίοις

484 1335 749 1404 κέχρηται
802 1338 913 1398 τοῖς
959 1338 1179 1397 κοινοῖς,
1216 1336 1311 1388 καὶ
1360 1337 1511 1405 παρά
1558 1335 1774 1387 πάντων
1805 1336 1945 1404 ἀπερ
1992 1334 2058 1387 ἂν

486 1418 637 1489 θέλῃ.
677 1417 942 1487 λήψεται·
988 1419 1080 1471 καὶ
1116 1416 1258 1470 οὕτω
1309 1419 1379 1470 τὰ
1417 1417 1633 1471 πάντων
1658 1421 1685 1471 ό
1719 1418 1882 1488 μηδὲν
1922 1417 2059 1487 ἔχων

485 1501 728 1570 κατέχει.
775 1501 830 1552 '0
850 1501 905 1553 δὲ
930 1501 1067 1570 ἔχων
1099 1501 1242 1560 τινὰ,
1272 1500 1392 1553 οῗ)δέ
1418 1500 1624 1553 τούτων
1655 1501 1808 1554 ἔσται
1839 1501 2054 1572 κύριος·

482 1580 608 1634 οὔτε
632 1582 739 1652 γὰρ
767 1582 927 1635 δώσει
959 1600 1043 1645 τις
1084 1583 1162 1651 τῷ
1201 1583 1544 1653 κεκτημένῳ,
1595 1584 1689 1636 καὶ
1720 1583 1931 1655 λῃστῶν
1964 1584 2059 1636 καὶ

484 1664 732 1717 κλεπτῶν
762 1665 854 1717 καὶ
880 1665 1230 1733 συκοφαντῶν
1261 1667 1355 1718 xal
1386 1664 1688 1734 μεταῦολῆς
1713 1664 2059 1736 πραγμάτων

486 1748 577 1800 καὶ
620 1747 835 1799 πάντων
873 1746 1072 1815 μᾶλλον
1118 1747 1293 1813 ἔσται,
1342 1748 1374 1818 ἢ
1426 1748 1657 1811 ἐκείνου,
1710 1747 1779 1800 τὰ
1825 1747 2056 1800 ἐκείνου.

484 1833 672 1885 Πᾶσαν
699 1828 829 1898 γοῦν
859 1830 957 1899 τὴν
980 1830 1306 1900 οἰκουμένην
1333 1831 1616 1902 διέδραμεν
1639 1833 1667 1885 ὁ
1706 1830 1939 1895 Παῦλος,
1966 1832 2060 1885 οὑ-

482 1914 570 1967 δέν
616 1913 1028 1983 ἐπιφερόμενος,
1069 1914 1131 1966 οὐ
1173 1913 1308 1984 πρὸς
1345 1914 1531 1983 φίλους
1573 1913 1865 1978 ἀπιὼν,οὑ
1921 1913 2058 1982 πρὸς

485 1995 734 2066 συνήθεις
751 2013 764 2027 ο
791 1995 884 2049 καὶ
911 1994 1018 2065 γὰρ
1038 1996 1216 2057 κοινὸς
1243 1997 1300 2048 ἐν
1316 1997 1456 2066 ἀρχῇ
1480 1995 1739 2064 πολέμιος
1765 1997 1929 2048 πᾶσιν
1951 1990 2019 2065 ἦν
2040 2011 2054 2026 ·

483 2079 600 2132 ἀλλ’
623 2080 773 2149 ὅμως
803 2078 874 2130 τὰ
913 2080 1130 2131 πάντων
1161 2075 1275 2148 εἶχε
1318 2080 1456 2148 μετὰ
1489 2079 1548 2132 τὸ
1587 2078 1866 2132 εἰσελθεῖν.
1913 2078 1969 2131 Ὁ
2001 2078 2059 2131 δὲ

496 2163 745 2224 ’Δνανίας
789 2162 883 2214 καὶ
922 2164 955 2231 ἡ
986 2162 1291 2231 Σάπφειρα,
1328 2161 1414 2213 ἵνα
1452 2161 1644 2231 μικρόν
1682 2178 1734 2214 τι
1776 2161 1883 2213 τῶν
1914 2160 2059 2213 ἰδίων

484 2245 793 2314 κτήσωνται
835 2243 1189 2305 σπεύσαντες,
1227 2244 1443 2295 πάντων
1488 2242 1745 2306 ἐξέπεσον
1793 2242 1929 2312 μετὰ
1967 2244 2065 2296 καὶ

486 2325 658 2395 αὑτῆς
681 2327 781 2396 τῆς
807 2326 971 2396 ζωῆς.
1016 2326 1316 2395 Ἀπόστηθι
1347 2325 1526 2379 τοίνυν
1559 2324 1667 2378 τῶν
1701 2325 1833 2390 σῶν,
1879 2326 1964 2379 ἴνα
1990 2325 2065 2389 ὡς

492 2409 643 2472 ἰδίοις
665 2411 845 2480 χρήσῃ
873 2411 986 2472 τοῖς
1007 2409 1328 2478 ἀλλοτρίοις.
1369 2407 1528 2461 Ἀλλὰ
1556 2408 1663 2478 γὰρ
1688 2408 1788 2461 οὑκ
1814 2406 1928 2461 οἶδα
1951 2407 2064 2472 πῶς

487 2493 567 2552 εἰς
590 2491 854 2561 τοσαύτην
871 2490 1162 2562 ἐξηνέχθην
1182 2491 1504 2560 ὑπερϐολὴν,
1522 2489 1833 2562 ἀνθρώποις
1844 2490 2064 2544 τοιαῦτα

489 2575 878 2645 φθεγγόμενος,
909 2570 992 2639 οἷς
1033 2575 1316 2645 ἀγαπητὸν
1347 2576 1448 2629 κᾶν
1474 2574 1583 2628 τῶν
1606 2575 1774 2628 ὄντων
1807 2572 2065 2646 μεταδοῦ-

490 2657 579 2711 ναί
606 2674 656 2710 τι
693 2659 906 2730 μικρόν.

1075 228 1133 283 S.
1168 227 1454 285 JOANNIS
1490 224 1978 283 CIIRYSOSTOMI
2013 224 2329 281 ARCHIEP.
2377 227 2923 286 CONSTANTINOP.

3640 236 3753 291 i30

2227 345 2421 417 Διόπερ
2470 344 2642 399 ταῦτα
2675 347 2774 416 μὲν
2811 347 2941 417 ἡμῖν
2985 345 3121 417 πρὸς
3164 347 3290 409 τοὺς
3320 345 3562 411 τελείους
3590 350 3746 421 εἰρή-

2160 426 2270 481 σθω
2288 445 2301 457 ·
2321 429 2452 500 πρὸς
2475 427 2529 481 δὲ
2555 430 2682 491 τοὺς
2705 429 3089 501 ἀτελεστέρους
3107 430 3291 483 ἐκεῖνα
3316 429 3566 499 λέγωμεν
3588 448 3593 453 '
3612 433 3746 486 Δότε

2156 509 2262 562 τῶν
2305 510 2471 563 ὅντων
2499 514 2613 573 τοῖς
2643 510 2916 580 δεομένοις
2937 551 2952 576 ,
3000 509 3272 580 αὑξήσατε
3305 510 3404 582 τὴν
3431 513 3641 567 οὑσίαν.
3688 513 3747 567 '0

2158 587 2267 657 γὰρ
2291 586 2497 654 διδοὺς
2524 587 2757 657 πτωχῷ,
2783 590 2935 659 φησί,
2958 589 3205 650 δανείζει
3243 590 3388 656 Θεῷ.
3417 592 3480 643 Εἰ
3513 591 3570 644 δὲ
3594 593 3749 645 ἐπεί-

2156 684 2250 742 γῃ,
2287 672 2379 722 καί⁸
2416 671 2516 723 οὐκ
2559 671 2846 739 ἀναμένεις
2876 673 2981 724 ’τὸν
3029 672 3219 744 καιρὸν
3258 673 3359 743 τῆς
3397 673 3748 735 ἀντιδόσεως,

2160 753 2326 822 ἐννόει
2352 753 2477 815 τοὺς
2500 755 2569 807 τὰ
2595 755 2851 825 χρήματα
2881 754 3191 823 ἀνθρώποις
3211 754 3580 818 δανείζοντας.
3609 756 3746 808 Οὐδὲ

2157 834 2266 904 γὰρ
2294 829 2435 888 οὗτοι
2460 838 2803 907 παραχρῆμα
2843 836 3121 906 βούλονται
3156 838 3282 900 τοὺς
3311 838 3503 902 τόκους
3539 839 3747 892 ἀπολα-

2158 917 2293 981 ϐεῖν,
2323 917 2458 970 ἀλλά
2500 919 2721 972 πλείονα
2760 919 3087 990 ἐπιθυμοῦσι
3129 921 3321 990 χρόνον
3357 924 3539 990 μεῖναι
3588 921 3746 991 παρά

2157 1003 2278 1062 ταῖς
2307 1000 2400 1053 τοῦ
2423 1000 2812 1071 δανεισαμένου
2839 1004 2994 1073 χερσὶ
3020 1003 3081 1056 τὸ
3110 1003 3423 1071 κεφάλαιον,
3462 1004 3625 1074 μόνον
3646 1005 3746 1057 ἐὰν

2158 1082 2404 1153 ἀσφαλὴς
2439 1084 2472 1153 ἡ
2502 1084 2754 1147 ἀπόδοσις
2780 1080 2836 1154 ᾖ,
2864 1085 2955 1137 καί
2982 1085 3056 1154 μὴ
3084 1085 3432 1138 ὑποπτεύωσι
3468 1086 3560 1138 τὸν
3589 1086 3743 1155 εἰλη-

2160 1167 2317 1235 φότα.
2344 1167 2513 1219 Τοῦτο
2540 1168 2717 1219 τοίνυν
2749 1168 2842 1220 καὶ
2864 1167 3099 1220 ἐνταῦθα
3127 1167 3398 1237 γινέσθωο
3438 1167 3579 1236 ἄφες
3607 1169 3746 1221 αὑτά

2161 1250 2311 1319 ποιρά
2332 1248 2407 1320 τῷ
2429 1250 2567 1320 Θεῷ,
2597 1252 2683 1303 ἵνα
2704 1251 2886 1322 ἀποδῷ
2910 1268 2989 1305 σοι
3012 1251 3103 1305 τὸν
3126 1253 3316 1322 μισθὸν
3332 1252 3743 1307 πολλαπλασίω.

2161 1332 2253 1401 Μὴ
2281 1332 2514 1385 ἐνταῦθα
2532 1334 2593 1386 τὸ
2618 1336 2724 1388 πᾶν
2755 1332 2938 1404 ζήτει·
2963 1334 3028 1388 ἂν
3044 1335 3151 1404 γὰρ
3173 1334 3407 1389 ἐνταῦθα
3428 1334 3580 1407 [154]
3612 1336 3746 1388 αὐτὸ

2159 1412 2437 1485 ἀπολάὸῃς
2452 1415 2593 1477 ὅλον,
2607 1416 2723 1479 πῶς
2739 1416 2989 1488 ἀπολήψῃ
3009 1419 3124 1470 ἐκεῖ
3138 1435 3150 1484 ;
3170 1417 3270 1470 Διά
3287 1417 3444 1470 τοῦτο
3460 1416 3555 1470 καὶ
3571 1420 3600 1470 ό
3613 1416 3748 1478 Θεὸς

2160 1497 2278 1548 ἐκεῖ
2296 1497 2633 1566 ταμιεύεται,
2662 1500 2756 1552 ἀτε
2779 1502 3047 1571 ἐπικήρου
3070 1501 3166 1553 τοῦ
3189 1500 3454 1571 παρόντος
3482 1499 3601 1569 βίου
3622 1515 3749 1566 τυγ-

2162 1578 2435 1650 χάνοντος.
2467 1581 2659 1635 Δίδωσι
2684 1583 2739 1635 δὲ
2766 1584 2860 1636 καὶ
2880 1583 3112 1636 ἐνταῦθα
3133 1599 3147 1614 '
3170 1582 3409 1650 Ζητεῖτε
3429 1582 3561 1653 γὰρ,
3586 1581 3747 1650 φησι,

2163 1660 2278 1728 τὴν
2321 1662 2651 1725 ,βασιλείαν
2684 1663 2805 1718 τῶν
2847 1665 3139 1732 οὐρανῶν,
3182 1665 3281 1719 καὶ
3320 1663 3507 1718 ταῑτα
3545 1662 3750 1718 πάντα

2163 1748 2633 1811 προστεθήσεται
2659 1746 2821 1815 ὑμῖν.
2866 1746 3007 1800 Ἀλλ’
3026 1750 3189 1817 ἡμεῖς
3215 1747 3351 1818 πρὸς
3379 1746 3596 1816 ἐκείνην
3628 1745 3751 1816 βλέ-

2166 1845 2378 1897 πωμεν,
2415 1830 2507 1881 καὶ
2533 1830 2607 1900 μὴ
2637 1829 2988 1900 ἐπειγώμεθα
3027 1832 3163 1901 πρὸς
3195 1829 3293 1902 τὴν
3312 1831 3569 1884 ἀπάντων
3596 1829 3749 1882 ἀντί-

2164 1909 2330 1974 δοσιν,
2364 1910 2451 1964 ῖνα
2481 1912 2555 1982 μὴ
2597 1912 2992 1984 ἐλαττώσωμεν
3029 1915 3128 1985 τὴν
3161 1913 3419 1984 ἀμοιϐὴν,
3448 1912 3565 1965 ἀλλ’
3610 1912 3749 1965 ἀνα-

2168 1990 2416 2062 μένωμεν
2438 1995 2529 2047 τὸν
2569 1996 2780 2067 καιρόν.
2816 1997 2888 2048 Οὑ
2918 1996 3027 2067 γὰρ
3055 1994 3284 2048 τοιοῦτοι
3316 1989 3461 2048 οὗτοι
3488 1995 3538 2047 οἰ
3569 1995 3745 2054 τόκοι.

2165 2073 2280 2127 ἀλλ’
2320 2074 2464 2138 οἴους
2507 2076 2653 2140 εἰκὸς
2707 2079 2859 2149 παρὰ
2903 2079 2997 2131 τοῦ
3037 2078 3173 2131 Θεοῦ
3208 2078 3468 2131 δίδοσθαι.
3507 2077 3748 2140 Τούτους

2166 2157 2343 2210 τοίνυν
2380 2159 2781 2226 συναγαγόντες
2827 2160 2966 2231 μετά
3001 2160 3278 2230 δαψιλείας
3312 2160 3534 2231 πολλῆς,
3570 2158 3748 2221 οὕτως

2161 2239 2411 2293 ἐντεῦθεν
2438 2242 2783 2313 ἀπέλθωμεν,
2816 2245 2903 2297 ἵνα
2937 2246 3032 2297 καὶ
3069 2244 3177 2296 τῶν
3207 2243 3491 2314 παρόντων
3516 2241 3749 2296 καὶτῶν

2165 2324 2467 2395 μελλόντων
2510 2326 2853 2397 ἑπιτύχωμεν
2899 2327 3138 2395 ἀγαθῶν,
3193 2328 3375 2398 χάριτι
3408 2326 3503 2379 καὶ
3553 2326 3750 2395 φιλαν-

2163 2406 2381 2478 θρωπίᾳ
2408 2407 2502 2460 τοῦ
2537 2409 2742 2482 Κυρίου
2792 2409 2948 2480 ἡμῶν
3010 2410 3183 2479 Ἰησοῦ
3230 2409 3494 2481 Χριστοῦ,
3532 2410 3654 2481 μεθ’
3686 2402 3752 2460 οῦ

2161 2490 2240 2562 τῷ
2289 2491 2461 2563 Πατρὶ
2524 2481 2638 2562 ἅμα
2691 2491 2767 2562 τῷ
2810 2494 2949 2563 ἁγίῳ
2995 2481 3275 2564 Πνεύματι
3326 2493 3476 2559 δόξα,
3522 2493 3753 2563 κράτος,

2162 2571 2317 2643 τιμὴ,
2352 2572 2446 2625 νῦν
2468 2574 2561 2627 καὶ
2586 2575 2692 2639 ἀεὶ,
2731 2576 2824 2627 καὶ
2862 2577 2941 2638 εἰς
2964 2577 3092 2641 τοὺς
3131 2576 3336 2641 αἰῶνας
3368 2576 3478 2631 τῶν
3511 2575 3750 2631 αἰώνων.

2176 2654 2233 2706 ’Δ
2242 2655 2371 2725 μήν.

1911 3039 2155 3091 οΜιΑιΑ
2193 3038 2310 3103 ις’.

492 3172 762 3241 Ἕξραψα
784 3168 926 3238 ὑμῖν
956 3170 1025 3224 ἐν
1057 3168 1132 3237 τῇ
1171 3168 1467 3238 ἐπιστολῇ
1488 3168 1575 3238 μὴ
1614 3171 2069 3240 συναναμίγνυ-

558 3259 700 3310 σθαι
725 3254 969 3321 πόρνοις
990 3270 1004 3283 ·
1046 3252 1146 3306 καὶ
1174 3254 1245 3306 οὐ
1267 3252 1503 3318 πάντως
1527 3251 1650 3317 τοῖς
1678 3254 1928 3321 πόρνοις
1962 3255 2067 3308 τοῦ

555 3338 787 3405 κόσμου
809 3336 1043 3401 τούτου,
1079 3337 1118 3404 ἢ
1148 3334 1540 3400 πλεονέκταις
1567 3335 1605 3404 ἢ
1637 3334 1898 3404 ἅρπαξιν
1925 3335 1963 3404 ἢ
1986 3337 2067 3389 εἰ-

556 3418 960 3487 δωλολάτραις
980 3434 995 3450 ο
1030 3418 1157 3472 ἐπεὶ
1183 3419 1452 3487 ὀφείλετε
1472 3416 1587 3485 ἄρα
1605 3418 1674 3470 ἐκ
1700 3419 1804 3473 τοῦ
1836 3419 2068 3487 κόσμου

556 3502 845 3568 ἐξελθεῖν.
879 3502 1032 3555 Νυνί
1072 3500 1140 3554 δὲ
1174 3500 1601 3570 ἐγραψωύμῖνι
1622 3501 1702 3569 μὴ
1735 3499 2068 3569 συναναμί-

557 3589 835 3659 γνυσθαι,
893 3584 1002 3639 ἐάν
1064 3603 1155 3651 τις
1210 3584 1474 3652 ἀδελφὸς
1546 3583 1977 3653 ὀνομαζόμενος
2029 3576 2071 3653 ᾗ

556 3673 780 3741 πόρνος
810 3669 846 3736 ἢ
877 3666 1243 3734 πλεονέκτης
1272 3665 1309 3735 ἢ
1339 3665 1778 3734 εἰδωλολάτρης
1810 3664 1847 3734 ἣ
1882 3665 2070 3733 μέθυ-

556 3770 671 3819 σος
698 3753 735 3819 ἢ
766 3750 1038 3819 λοίδορος
1059 3750 1095 3818 ἢ
1118 3749 1337 3818 ἅρπαξ,
1373 3749 1452 3814 τῷ
1481 3750 1726 3817 τοιούτῳ
1742 3749 1898 3820 μηδὲ
1924 3765 2071 3803 συν-

556 3836 804 3893 εσθίειν.

562 4011 632 4059 α’.
658 4002 879 4073 Ἐπειδὴ
908 4001 1013 4072 γάρ
1036 3997 1208 4065 εἶπεν,
1237 4001 1383 4071 Οὐχί
1409 3999 1650 4071 μᾶλλον
1676 4001 2070 4067 ἐπενθήσατε,

488 4092 592 4146 ἶνα
613 4084 834 4155 ἐξαρθῇ
869 4088 900 4139 ό
928 4084 1213 4149 τοιοῦτος,
1244 4084 1358 4146 καὶ,
1400 4082 1791 4150 Ἐκκαθάρατε
1823 4082 1937 4150 τὴν
1958 4100 2072 4136 πα-

488 4174 669 4232 λαιὰν
697 4172 915 4239 ζύμην,
959 4168 1055 4222 καὶ
1096 4166 1244 4231 εἰκὸς
1278 4163 1345 4238 ἦν
1384 4168 1582 4229 αὐτοὺς
1612 4165 1948 4218 ὑποπτεῦσαι
1991 4167 2072 4219 ὅτι

494 4258 699 4320 πάντας
732 4256 855 4317 τοὺς
896 4252 1124 4324 πόρνους
1149 4253 1229 4304 δεῖ
1256 4249 1477 4320 φεύγειν
1500 4253 1570 4319 (εἰ
1608 4251 1716 4320 γὰρ
1748 4251 2071 4321 μεταδίδωσι

489 4345 588 4410 τῆς
613 4341 816 4404 οἰκείας
842 4337 1018 4409 λύμης
1041 4340 1069 4390 ό
1093 4333 1429 4407 ἡμαρτηκὼς
1446 4336 1556 4398 τοῖς
1581 4335 1679 4405 οὑχ
1702 4334 2068 4404 ἡμαρτηκόσι,

491 4423 672 4493 πολλῷ
713 4422 912 4492 μᾶλλον
954 4422 1078 4483 τοὺς
1118 4419 1314 4484 ἔξωθεν
1357 4417 1798 4488 ἀποστρέφεσθαι
1831 4419 1933 4488 χρή
1964 4433 1977 4446 ο
2022 4418 2070 4469 εἰ

492 4507 600 4578 γὰρ
629 4505 725 4558 τοῦ
762 4504 964 4557 οἰκείου
995 4503 1055 4555 οὑ
1088 4502 1168 4554 δεῖ
1196 4499 1475 4569 φείδεσθαι
1503 4500 1590 4551 διὰ
1622 4500 1682 4551 τὸ
1725 4500 1979 4568 τοιαύτην
2009 4499 2070 4564 ἐξ

492 4587 656 4645 αὑτοῦ
691 4586 894 4656 βλάϐην
924 4584 1204 4652 γίνεσθαι,
1247 4581 1427 4651 πολλῷ
1461 4580 1660 4650 μᾶλλον
1701 4581 1807 4633 τῶν
1838 4582 2066 4652 ἄλλιον)·

491 4672 682 4725 τούτου
726 4670 782 4723 δὲ
821 4667 1215 4737 ὑπονοουμένου
1246 4665 1460 4733 ἀνάγκη
1502 4659 1570 4733 ἦν
1615 4662 1941 4732 χωρίζεσθαι
1978 4666 2071 4718 καὶ

490 4754 599 4809 τῶν
639 4750 769 4822 παρ’
799 4751 1023 4817 Ἕλλησι
1070 4749 1303 4818 πόρνων,
1350 4746 1444 4799 καὶ
1471 4744 1645 4808 οὕτως
1690 4748 1769 4808 εἰς
1808 4745 2071 4799 ἀδύνατον

490 4836 585 4893 τοῦ
619 4836 942 4907 πράγματος
975 4831 1426 4907 περιισταμένου,
1465 4830 1727 4901 μειζόνως
1757 4829 1822 4882 ἂν
1851 4829 2070 4900 ἐδυσχέ-

495 4905 675 4990 ρανον,
733 4920 800 4988 τῇ
861 4905 1454 4984 ἐπιδιορθώσειταύτῃ
1513 4913 1799 4985 κέχρηται,
1852 4912 2067 4979 λέγων·

496 5004 765 5071 Ἔγραψα
787 4998 929 5069 ὑμῖν
950 4997 1037 5067 μὴ
1065 4998 1631 5065 συναναμίγνυσθαι
1656 4997 1902 5063 πόρνοις
1924 5013 1935 5027 ·
1972 4996 2070 5052 καί

491 5087 563 5139 οὑ
587 5084 824 5149 πάντως
859 5081 984 5148 τοῖς
1015 5081 1262 5149 πόρνοις
1288 5079 1396 5133 τοῦ
1428 5081 1659 5147 κόσμου
1688 5080 1905 5132 τούτου
1934 5094 1946 5105 ·
1984 5080 2066 5142 τὸ,

492 5167 756 5232 Πάντως,
787 5166 862 5229 ώς
895 5169 987 5219 ἐπὶ
1016 5163 1441 5236 ὡμολογημένου
1474 5164 1662 5225 τιθείς.
1697 5162 1816 5214 Ἵνα
1843 5162 1950 5233 γάρ
1994 5163 2070 5233 μὴ

492 5248 809 5321 νομίσωσιν,
853 5250 936 5301 ὅτι
982 5248 1057 5310 ώς
1100 5249 1475 5318 ἀτελεστέροις
1529 5246 1712 5308 αὐτοῖς
1766 5243 1924 5299 τοῦτο
1969 5246 2071 5299 οὑκ

492 5329 743 5396 ἐπέταξε,
785 5331 880 5383 καὶ
911 5330 985 5393 ώς
1017 5329 1213 5382 τέλειοι
1258 5330 1416 5399 δῆθεν
1459 5330 1589 5383 αὑτὸ
1626 5324 1827 5397 πρᾶξαι
1857 5328 2068 5399 ἐπιχει-

496 5418 724 5489 ρήσωσι,
761 5412 1031 5466 δείκνυσιν
1071 5414 1153 5466 δτι
1198 5412 1319 5464 οὐδὲ
1356 5412 1576 5465 δυνατὸν
1606 5413 1763 5466 τοῦτο
1791 5412 2065 5480 γενέσθαι,

490 5503 615 5558 οὐδὲ
656 5504 705 5555 εἰ
744 5499 947 5572 σφόδρα
988 5499 1285 5569 βούλοιντο*
1331 5499 1453 5550 ἐπεὶ
1498 5500 1690 5569 ἐτέραν
1728 5498 2063 5568 ,οἰκουμένην

492 5588 598 5641 ἔδει
624 5585 874 5656 ζητῆσαι.
908 5584 996 5637 Διὸ
1023 5582 1115 5637 καὶ
1135 5584 1432 5653 ἐπήγαγεν·
1481 5581 1635 5633 Ἐπεὶ
1662 5583 1930 5649 ὀφείλετε
1952 5579 2066 5647 ἄρα

492 5670 561 5722 ὲκ
596 5668 703 5723 τοῦ
746 5669 974 5737 κόσμου
1027 5666 1311 5731 ἐξελθεῖν.
1355 5661 1504 5727 Εἶδες
1543 5663 1660 5726 πῶς
1710 5665 1854 5715 ἐστιν
1892 5665 2065 5716 ἀνεπ-

495 5753 684 5829 αχθὴς,
719 5754 809 5807 καί
855 5749 1132 5824 πανταχοῦ
1162 5751 1219 5816 οὑ
1248 5749 1305 5803 τὸ
1332 5748 1552 5803 δυνατὸν
1588 5746 1766 5818 μόνον,
1796 5748 1926 5801 ἀλλά
1973 5750 2065 5802 καὶ

2179 3172 2242 3224 τὸ
2268 3171 2489 3225 εὔκολον
2517 3174 2615 3245 τῆς
2638 3176 2959 3245 νομοθεσίας
3001 3179 3195 3230 σκοπεῖ
3217 3196 3231 3245 ;
3261 3176 3384 3241 Πῶς
3413 3179 3524 3251 γὰρ
3550 3179 3633 3234 ἒνι
3658 3183 3753 3237 ἄν·

2174 3251 2392 3324 θρωπον
2424 3255 2573 3318 ὄντα,
2619 3259 2770 3326 φησὶ,
2808 3259 2900 3311 καὶ
2938 3258 3114 3322 οἰκίας
3141 3260 3233 3313 καὶ
3264 3260 3468 3314 παίδων
3499 3266 3755 3332 προϊστά-

2175 3354 2355 3407 μενον,
2392 3341 2483 3390 καὶ
2507 3338 2576 3391 τά
2606 3340 2705 3407 τῆς
2732 3342 2936 3407 πόλεως
2976 3344 3305 3414 πράττοντα,
3335 3344 3368 3414 ἢ
3400 3348 3754 3419 χειροτέχνην

2171 3422 2320 3485 ὄντα,
2348 3421 2380 3491 ἢ
2428 3426 2872 3495 στρατευόμενον,
2908 3425 3017 3480 τῶν
3050 3427 3313 3481 πλειόνων
3354 3429 3525 3483 ὄντων
3560 3432 3754 3502 Ἑλλὴ-

2170 3523 2297 3566 νων,
2328 3507 2453 3569 τοὺς
2484 3508 2759 3579 πανταχοῦ
2792 3509 3021 3580 πόρνους
3055 3510 3275 3578 φεύγειν
3306 3529 3320 3577 ;
3372 3514 3609 3583 πόρνους
3642 3515 3753 3585 γὰρ

2174 3588 2323 3660 [155]
2352 3589 2554 3660 κόσμου
2594 3593 2720 3654 τοὺς
2750 3592 2899 3662 παρά
2934 3595 3048 3655 τοῖς
3078 3593 3303 3664 Ἕλλησι
3324 3595 3492 3663 λέγει.
3519 3598 3653 3651 Νῦν
3684 3598 3756 3651 δὲ

2171 3668 2405 3737 ἔγραψα
2454 3669 2616 3738 ὑμῖν,
2665 3670 2772 3722 ἐάν
2820 3688 2910 3735 τις
2949 3671 3214 3739 ἀδελφὸς
3249 3668 3291 3743 ᾖ
3335 3676 3623 3739 τοιοῦτος.
3672 3676 3756 3741 τῷ

2175 3753 2421 3816 τοιούτῳ
2463 3752 2619 3819 μηδὲ
2661 3755 3030 3811 συνεσθίειν.
3087 3757 3348 3810 Ἐνταῦθα
3390 3760 3485 3812 καὶ
3532 3760 3756 3831 ἐτέρους

2172 3833 2462 3886 αἰνίττεται
2502 3834 2557 3885 ἐν
2587 3835 2820 3907 πονηρίᾳ
2848 3836 3073 3901 ζῶντας.
3108 3839 3217 3892 Kal
3249 3839 3365 3904 πῶς
3401 3842 3629 3910 ἀδελφὸς
3655 3841 3753 3905 ῶν,

2173 3917 2566 3988 εἰδωλολάτρης
2603 3914 2742 3971 εἶναι
2774 3919 3029 3987 δύναταις
3078 3922 3165 3984 Ὠς
3209 3924 3303 3976 ἐπὶ
3338 3926 3447 3978 τῶν
3478 3927 3753 3998 Σαμαρει-

2172 4002 2282 4055 τῶν
2341 4001 2535 4072 συνέδη
2588 4002 2737 4066 ποτὲ,
2792 4004 2841 4056 οἳ
2893 4005 2950 4071 ἐξ
3004 4007 3259 4075 ἡμισείας
3315 4008 3411 4078 τὴν
3470 4010 3757 4073 εὐσέϐειαν

2176 4084 2434 4158 ᾑροῦντο·
2487 4085 2659 4149 ἄλλως
2697 4086 2755 4138 δὲ
2800 4088 2892 4140 καὶ
2937 4089 3443 4160 προκαταϐἀλλεται
3488 4092 3580 4145 τὸν
3627 4093 3758 4162 περὶ

2174 4170 2281 4223 τῶν
2310 4168 2671 4223 εἰδωλοθύτων
2708 4168 2884 4237 λόγον,
2924 4171 2982 4224 ὃν
3017 4172 3154 4242 μετὰ
3193 4172 3366 4227 ταῦτα
3413 4175 3601 4244 μέλλει
3659 4193 3759 4243 γυ-

2178 4250 2419 4321 μνάζειν.
2454 4252 2927 4319 Ἢπλεονέκτης.
2963 4254 3073 4306 Καὶ
3103 4255 3210 4324 γὰρ
3236 4258 3329 4308 καὶ
3364 4257 3498 4327 πρὸς
3534 4257 3758 4319 τούτους

2174 4336 2468 4388 ἀποδύεται
2495 4350 2506 4363 ·
2558 4334 2638 4388 διὸ
2684 4337 2777 4390 καὶ
2823 4337 2995 4404 ἔλεγε·
3040 4340 3143 4391 Διὰ
3176 4339 3233 4391 τί
3290 4342 3401 4393 οὐκ
3451 4339 3758 4395 ἀδικεῖσθε

2169 4417 2450 4487 μᾶλλον;
2478 4416 2574 4470 διὰ
2618 4419 2677 4471 τί
2717 4420 2828 4472 οὐκ
2884 4421 3343 4489 ἀποστερεῖσθε;
3391 4424 3530 4477 ἀλλ’
3584 4425 3758 4492 ὑμεῖς

2176 4500 2432 4554 ἀδικεῖτε
2455 4499 2553 4552 καὶ
2584 4500 3152 4569 ἀποστερεῖτε.-ἽΙ
3171 4504 3461 4573 μέθυσος.
3495 4509 3607 4561 Kal
3647 4508 3757 4577 γὰρ

2172 4583 2267 4636 καὶ
2300 4580 2458 4635 τοῦτο
2485 4582 2707 4650 ἐγκαλεῖ
2744 4584 2968 4654 προῖὼν,
3016 4586 3090 4649 ὡς
3134 4588 3261 4640 ὅταν
3302 4588 3469 4658 λέγῃ’
3508 4591 3608 4654 Ὃς
3637 4589 3760 4658 μὲν

2171 4665 2368 4733 πεινᾷ,
2404 4665 2474 4731 ὃς
2503 4665 2570 4718 δὲ
2595 4668 2801 4735 μεθύει
2821 4684 2832 4696 ’
2862 4670 2978 4735 καὶ,
3020 4669 3101 4723 Τὰ
3119 4670 3403 4739 βρώματα
3429 4669 3502 4739 τῇ
3526 4674 3756 4737 κοιλίᾳ,

2172 4751 2271 4804 καὶ
2303 4751 2340 4818 ἠ
2375 4751 2573 4803 κοιλία
2606 4750 2731 4817 τοῖς
2769 4752 3106 4821 βρώμασιν.
3143 4754 3211 4807 Ἢ
3245 4755 3546 4821 λοίδορος,
3580 4756 3618 4823 ἣ
3654 4756 3759 4823 ἆρ-

2171 4832 2315 4897 παξ.
2357 4832 2466 4885 Καὶ
2515 4832 2624 4903 γάρ
2667 4835 2757 4887 καὶ
2793 4838 3003 4898 τούτοις
3042 4837 3373 4907 ἐπετίμησεν
3418 4837 3752 4907 ἔμπροσθεν.

2170 4912 2304 4969 Εἶτα
2333 4916 2426 4968 καὶ
2450 4917 2547 4985 τὴν
2578 4917 2756 4970 αἰτίαν
2780 4916 3124 4990 προστίθησι,
3154 4920 3220 4973 δι’
3246 4921 3310 4990 ἢν
3328 4921 3389 4973 οὑ
3422 4920 3624 4974 κωλύει
3644 4923 3758 4984 τοῖς

2172 5000 2372 5067 ἔξωθεν
2402 5001 2662 5064 τοιούτοις
2697 4997 2848 5055 οὖσιν
2883 5003 3307 5073 ἀναμίγνυσθαι,
3336 5005 3555 5067 δεικνὺς
3580 5005 3666 5057 ὄτι
3693 5007 3758 5057 οὑ

2176 5085 2336 5154 μόνον
2373 5086 2431 5136 οὑ
2485 5084 2726 5147 δυνατὸν,
2761 5084 2896 5137 ἀλλά
2937 5088 3030 5138 καὶ
3067 5088 3320 5158 περιττόν
3347 5104 3360 5117 ·
3403 5085 3469 5140 Τί
3502 5089 3615 5156 γάρ
3652 5106 3762 5156 μοι

2173 5168 2272 5222 καὶ
2305 5168 2445 5233 τοὺς
2484 5168 2705 5231 ἔξωθεν
2745 5169 3003 5234 κρίνειν;
3032 5172 3159 5234 τοὺς
3198 5171 3306 5223 ἔσω
3330 5170 3426 5223 καὶ
3462 5172 3590 5232 τοὺς
3626 5170 3760 5235 ἔξω,

2173 5252 2296 5315 τοὺς
2344 5252 2700 5322 Χριστιανοὺς
2740 5252 2837 5304 καὶ
2866 5254 2991 5316 τοὺς
3025 5254 3294 5322 ’Έλληνας
3336 5253 3538 5315 καλῶν,
3569 5252 3765 5315 καθὼς

2173 5337 2267 5391 καὶ
2292 5336 2523 5404 ἀλλαχοῦ
2559 5352 2691 5403 φησι
2713 5350 2725 5363 ⁸
2759 5335 2857 5388 Δεῖ
2879 5336 2947 5389 δὲ
2975 5337 3075 5390 καὶ
3100 5338 3431 5406 μαρτυρίαν
3453 5337 3624 5404 ἔχειν
3645 5338 3765 5391 αὑ-

2170 5419 2277 5471 τὸν
2304 5418 2504 5482 καλὴν
2531 5416 2649 5471 ὑπὸ
2681 5416 2797 5470 τῶν
2832 5418 3074 5483 ἔξωθεν.
3124 5419 3235 5473 Kal
3274 5422 3331 5472 ἐν
3354 5423 3420 5487 τῇ
3446 5420 3585 5490 πρὸς
3611 5420 3761 5474 Θεσ-

2173 5499 2491 5562 σαλονικέας
2520 5499 2576 5552 δὲ
2621 5500 2905 5571 Ἐπιστολῇ
2946 5502 3007 5555 τὸ
3048 5502 3180 5555 αὑτό
3223 5520 3355 5573 φησι
3382 5503 3556 5570 λέγων
3591 5519 3603 5532 ·
3653 5502 3761 5571 Μὴ

2172 5581 2705 5650 συναναμίγνυσθε
2752 5583 2931 5649 αὐτῷ,
2970 5585 3071 5640 ἵνα
3099 5585 3364 5653 ἐντραπῇ
3385 5603 3397 5615 ·
3430 5585 3526 5639 καὶ
3549 5584 3638 5654 μὴ
3670 5586 3758 5651 ὡς

2170 5663 2386 5734 ἐχθρὸν
2442 5664 2704 5735 ἡγεῖσθε,
2749 5668 2911 5721 ἀλλὰ
2957 5668 3289 5723 νουθετεῖτε
3330 5671 3411 5735 ὡς
3453 5663 3757 5736 ἀδελφόν.

2184 5746 2445 5801 Ἐνταῦθα
2476 5750 2655 5823 μέντοι
2706 5750 2803 5820 τὴν
2852 5750 3030 5806 αἰτίαν
3076 5754 3137 5805 οὑ
3172 5753 3373 5823 τίθησι.
3418 5749 3483 5805 Τί
3514 5751 3758 5822 δήποτε;
