3986 6202
77 8 1711 88 ________/

194 302 275 361 ης

195 419 308 478 nihil
353 415 534 475 habet,
593 408 831 465 omnium
885 403 1023 459 bona
1062 399 1335 471 possidet?
1366 410 1543 452 annon
1594 394 1760 447 multo

195 509 348 581 magis
393 506 485 560 ille
532 502 625 573 qui
673 498 904 553 omnium
948 493 1085 548 bona
1135 489 1328 545 habet?
1384 487 1759 581 Nequaquam;

202 575 293 659 sed
315 609 489 656 totum
519 593 859 651 contrarium.
886 587 1017 642 Nam
1058 587 1148 656 qui
1181 582 1312 637 nihil
1359 580 1557 644 habet,
1585 575 1760 630 omni-

196 697 286 751 bus
330 694 583 760 imperat,
616 661 671 738 ut
705 693 755 738 et
785 681 857 734 illi
895 679 1160 733 faciebant
1189 693 1202 727 :
1233 686 1421 727 omnes
1470 670 1615 725 enim
1670 681 1766 735 per

192 786 371 842 orbem
417 766 607 835 domus
656 775 948 844 ipsiserant
993 777 1234 839 apertae,
1285 765 1614 835 gratiamque
1662 761 1765 814 illis

198 875 464 932 habebant
502 870 587 941 qui
618 865 953 935 excipiebant
982 863 1127 932 ipsos
1158 900 1171 923 ,
1201 868 1256 913 et
1283 868 1546 927 tamquam
1576 853 1641 907 ad
1672 868 1765 907 co-

190 973 377 1039 gnatos
420 954 472 1016 et
513 959 711 1012 amicos
766 954 1067 1009 veniebant.
1107 950 1483 1018 Veneruntque
1524 946 1590 999 ad
1638 960 1766 1013 pur-

197 1037 454 1124 purariam
478 1091 492 1116 ,
517 1059 569 1104 et
596 1048 684 1102 illa
717 1048 865 1117 quasi
889 1043 1079 1099 ancilla
1111 1056 1206 1096 sua
1230 1040 1358 1109 ipsis
1399 1037 1681 1108 apposuit;
1715 1044 1769 1091 et

196 1147 258 1200 ad
289 1143 517 1200 carceris
564 1139 842 1195 custodem
872 1178 889 1204 ,
935 1145 991 1191 et
1031 1136 1124 1190 ille
1174 1143 1334 1188 totam
1390 1131 1520 1201 ipsis
1552 1131 1768 1184 domum

198 1237 397 1305 aperuit
424 1252 438 1299 ;
471 1244 524 1288 et
552 1233 620 1287 ad
645 1233 779 1286 alios
811 1231 1139 1283 innumeros.
1171 1226 1258 1282 Sic
1284 1225 1459 1293 omnia
1480 1221 1768 1283 habebant,

199 1337 253 1384 et
303 1327 430 1382 nihil
461 1324 831 1396 possidebant.
862 1320 1008 1375 Nihil
1059 1320 1200 1375 enim
1231 1331 1446 1372 suorum
1495 1315 1597 1369 sibi
1644 1327 1772 1383 pro-

200 1421 371 1491 prium
398 1434 518 1472 esse
544 1400 793 1471 dicebant
817 1430 832 1469 :
864 1412 1092 1481 ideoque
1119 1410 1297 1465 omnia
1327 1423 1422 1462 sua
1449 1415 1623 1461 erant.
1674 1404 1776 1472 Qui

198 1512 339 1566 enim
369 1510 549 1564 omnia
578 1506 882 1562 communia
910 1513 1082 1574 putat,
1114 1517 1217 1556 non
1257 1500 1368 1555 suis
1397 1508 1601 1553 tantum
1630 1538 1645 1562 ,
1680 1494 1777 1550 sed

194 1611 251 1657 et
282 1601 479 1655 alienis
510 1607 688 1652 utetur
709 1604 767 1650 ut
804 1594 1038 1666 pr0priis
1066 1611 1078 1646 :
1103 1592 1193 1661 qui
1222 1599 1397 1645 autem
1426 1586 1698 1642 abscindit
1726 1593 1781 1639 ct

194 1708 256 1748 se
284 1706 512 1747 suorum
540 1697 747 1742 tantum
775 1686 1047 1739 dominum
1078 1682 1223 1746 facit,
1256 1695 1427 1750 neque
1457 1678 1647 1732 borum
1678 1674 1777 1728 do-

196 1783 384 1837 minus
410 1780 537 1835 erit.
564 1779 632 1832 Et
657 1776 762 1831 boc
788 1777 855 1830 ab
895 1773 1137 1843 exemplo
1161 1771 1350 1840 liquet.
1380 1768 1481 1835 Qui
1509 1766 1641 1821 nihil
1674 1780 1787 1819 om-

195 1875 332 1928 nino
360 1870 640 1941 possidet,
692 1881 867 1936 neque
894 1866 1110 1919 domum
1156 1876 1325 1931 neque
1351 1873 1588 1915 mensam
1618 1872 1788 1927 neque

196 1963 531 2034 superfluam
565 1970 803 2024 vestem,
854 1957 946 2011 sed
974 1962 1190 2025 propter
1211 1954 1376 2007 Deum
1409 1951 1653 2005 omnibus
1680 1948 1790 2019 pri-

198 2066 379 2118 vatur,
408 2050 788 2106 communibus
821 2055 879 2101 ut
902 2046 1130 2116 propriis
1161 2045 1342 2105 utitur,
1367 2053 1419 2097 et
1444 2042 1511 2096 ab
1539 2041 1788 2094 omnibus

201 2156 555 2215 quaecumque
582 2138 819 2193 voluerit
848 2138 1110 2205 accipiet:
1139 2144 1193 2189 et
1219 2134 1297 2189 sic
1326 2133 1417 2203 qui
1444 2131 1575 2187 nihil
1605 2130 1786 2195 habet,

202 2235 448 2291 omnium
480 2233 619 2287 bona
649 2231 915 2302 possidet.
943 2228 1043 2295 Qui
1076 2237 1251 2281 autem
1285 2225 1446 2280 habet
1475 2225 1651 2292 aliqua
1674 2264 1688 2284 .
1722 2241 1790 2277 ne

204 2326 403 2382 horum
427 2322 640 2394 quidem
664 2321 914 2375 dominus
945 2319 1068 2373 erit.
1102 2316 1282 2387 Neque
1308 2316 1453 2371 enim
1481 2314 1629 2369 dabit
1672 2313 1792 2385 quis

204 2415 542 2488 possidenti;
570 2422 623 2469 et
650 2412 918 2466 latronum
948 2419 1003 2464 et
1047 2408 1222 2462 furum
1259 2415 1312 2461 et
1340 2407 1791 2477 sye0phantarum

203 2518 263 2563 et
285 2504 598 2560 mutationis
640 2516 844 2565 rerum,
885 2509 939 2554 et
964 2499 1203 2553 omnium
1258 2497 1431 2567 magis
1464 2511 1623 2565 quam
1653 2495 1795 2547 illius

206 2602 331 2656 Ιιωο
354 2600 490 2653 bona
516 2604 692 2651 erunt.
721 2594 914 2648 Totum
944 2592 1089 2646 enim
1110 2592 1295 2645 orbem
1324 2589 1558 2660 pervasit
1576 2587 1793 2651 Paulus,

206 2691 352 2746 nihil
400 2703 584 2743 secum
613 2685 790 2739 ferens
815 2726 828 2749 ,
858 2699 962 2738 non
995 2683 1198 2736 amicos
1228 2679 1453 2740 adiens,
1500 2694 1606 2732 non
1654 2675 1801 2730 fami-

207 2784 417 2846 liares;
452 2788 566 2835 erat
597 2779 738 2833 enim
770 2777 822 2830 in
865 2775 1125 2845 principio
1153 2773 1403 2827 omnibus
1434 2771 1636 2824 hostis:
1664 2778 1800 2822 atta-

207 2890 341 2930 men
378 2874 655 2941 ingressus
698 2883 817 2922 cum
848 2875 1026 2933 esset,
1056 2865 1297 2919 omnium
1346 2862 1578 2917 habebat
1629 2861 1795 2914 bona.

208 2962 460 3019 Ananias
490 2974 618 3014 vero
643 2966 697 3014 et
722 2957 1005 3028 Sapphira,
1034 2964 1282 3011 curantes
1309 2961 1365 3007 ut
1393 2952 1654 3006 tantillum
1678 2948 1803 3020 quid

209 3071 277 3111 ex
304 3052 470 3109 bonis
501 3052 613 3106 suis
642 3047 745 3103 sibi
782 3047 1094 3112 retinerent,
1126 3046 1193 3101 ab
1219 3044 1469 3100 omnibus
1490 3040 1806 3098 exciderunt

1204 283 1269 339 ΙΝ
1308 281 1519 339 EI'IST.
1561 278 1580 332 I
1646 278 1735 333 AD
1773 275 1927 331 (10R.
1969 273 2193 331 llOMlL.
2237 272 2376 328 XVI.

3347 279 3447 337 150

1866 400 1919 445 et
1944 403 1972 442 a
2006 387 2111 442 vita
2139 386 2318 441 simul.
2351 384 2593 440 Abscede
2623 385 2782 455 igitur
2811 400 2841 440 a
2871 386 2994 453 tuis,
3023 396 3080 441 ut
3119 385 3317 445 alienis
3337 402 3448 447 uta.

1868 483 1941 537 ris
1970 480 2120 552 quasi
2149 478 2399 549 propriis.
2428 480 2497 532 At
2525 478 2666 533 enim
2697 478 2878 533 nescio
2897 478 3168 551 quomodo
3204 481 3256 534 in
3298 481 3437 537 hanc

1868 572 2199 645 hyperbolen
2221 571 2431 625 delatus
2462 570 2583 632 sim,
2625 570 2869 625 homines
2888 570 3184 641 alloquens,
3216 572 3305 641 qui
3340 575 3445 627 uti-

1868 680 1991 719 nam
2018 664 2102 719 vel
2127 662 2388 715 tantillum
2420 675 2644 714 suorum
2674 670 2918 731 erogent.

1941 737 2291 823 Eleanosyme
2317 753 2470 807 bona.
2502 782 2569 792 —
2593 752 2717 806 Ideo
2739 752 2854 807 haec
2886 755 3289 823 perfectioribus
3311 756 3451 812 dicta

1872 863 1900 901 a
1932 846 2086 901 nobis
2114 853 2312 910 sunto;
2346 842 2833 912 imperfectioribus
2871 860 3001 900 vero
3046 846 3132 901 illa
3163 846 3403 903 dicamus
3436 867 3449 902 :

1874 939 2003 992 Date
2048 935 2230 1006 egenis
2267 950 2334 990 ex
2375 935 2529 990 bonis
2570 934 2781 1001 vestris,
2818 946 3008 1005 augete
3054 936 3331 993 facultates
3368 953 3456 993 ve-

1874 1036 2051 1083 stras:
2084 1024 2223 1080 Nam
2275 1026 2362 1091 qui
2400 1026 2490 1077 dat
2542 1026 2789 1093 pauperi,
2822 1026 3011 1093 inquit,
3036 1030 3314 1099 [ωηεν-αἰαῖ
3345 1028 3457 1086 Deo

1878 1120 1897 1188 (
1927 1118 2076 1173 Prov.
2112 1116 2197 1171 19.
2239 1118 2356 1186 17).
2386 1116 2439 1171 Si
2472 1125 2647 1170 autem
2687 1115 2926 1183 festinas,
2953 1128 3010 1173 et
3038 1134 3142 1171 non
3174 1131 3453 1189 exspectas

1881 1221 2087 1280 tempus
2116 1209 2518 1274 retributionis;
2559 1209 2731 1277 cogita
2763 1222 2857 1263 eos
2893 1211 2980 1278 qui
3015 1211 3267 1283 pecunias
3289 1213 3460 1265 homi-

1880 1301 2037 1355 nibus
2059 1300 2383 1356 faenerantur
2411 1316 2426 1350 :
2458 1313 2555 1353 nec
2577 1298 2718 1353 enim
2753 1299 2804 1352 hi
2825 1299 3011 1353 volunt
3034 1301 3212 1355 statim
3244 1317 3460 1356 usuram

1882 1394 2144 1463 accipere,
2189 1392 2281 1446 sed
2334 1391 2554 1461 cupiunt
2594 1400 2650 1445 ut
2685 1400 2845 1461 caput
2884 1391 3075 1461 majori
3125 1402 3366 1463 tempore
3410 1395 3463 1449 in

1885 1499 2073 1538 manus
2098 1482 2356 1538 debitoris
2374 1492 2607 1546 maneat,
2628 1483 2718 1552 qui
2747 1482 2812 1537 ad
2841 1481 3016 1538 faenus
3045 1485 3269 1553 accepit,
3300 1485 3464 1540 modo

1886 1585 1994 1631 tuta
2022 1576 2092 1631 sit
2116 1574 2344 1630 redditio
2372 1589 2471 1629 nec
2496 1584 2777 1643 suspectus
2808 1575 2876 1629 sit
2902 1576 2947 1629 is
2975 1577 3065 1646 qui
3093 1578 3315 1647 accepit.
3352 1578 3466 1632 llue

1888 1666 2047 1737 igitur
2091 1666 2178 1720 hic
2209 1680 2423 1735 quoque
2461 1665 2551 1719 ﬁat
2578 1682 2592 1719 :
2620 1665 2828 1720 dimitte
2860 1666 2948 1721 illa
2991 1667 3131 1736 apud
3177 1668 3342 1723 Deum
3365 1711 3380 1731 .
3410 1679 3469 1724 ut

1890 1758 2077 1813 reddat
2110 1757 2202 1812 tibi
2250 1757 2652 1825 multiplicatam
2700 1757 3025 1811 mercedem.
3066 1758 3142 1813 Nc
3185 1759 3270 1813 hic
3300 1768 3469 1813 totum

1890 1864 2098 1919 qumras
2125 1867 2138 1902 :
2167 1848 2210 1902 si
2253 1848 2397 1902 enim
2451 1846 2539 1901 hic
2568 1856 2733 1900 totum
2764 1849 2991 1917 recipias
3017 1889 3031 1911 ,
3063 1850 3332 1918 quomodo
3361 1851 3472 1904 illic

1892 1939 2154 2009 recipies?
2200 1937 2325 1992 Ideo
2351 1946 2407 1990 et
2454 1937 2596 1991 Deus
2626 1938 2736 1991 illic
2777 1938 3108 1992 reconditum
3137 1948 3301 2007 tenet,
3328 1941 3472 2011 quod

1892 2032 1999 2086 vita
2029 2031 2145 2085 ιιωο
2175 2028 2313 2084 ﬂuxa
2344 2030 2435 2083 sit.
2482 2030 2580 2084 Dat
2621 2039 2795 2085 tamen
2846 2040 2900 2086 et
2948 2031 3035 2085 hic
3078 2048 3292 2103 quoque
3333 2052 3347 2087 :
3400 2034 3476 2088 ait

1894 2122 2043 2176 enim
2072 2140 2085 2175 ε
2122 2120 2349 2187 Quwrite
2392 2136 2600 2191 regnum
2629 2115 2892 2187 vadorum,
2919 2131 2964 2174 et
3002 2121 3108 2176 ἠως
3134 2125 3301 2176 omnia
3340 2124 3478 2195 adji-

1895 2214 2089 2268 cientur
2106 2213 2242 2267 vobis
2261 2211 2473 2283 (Matth.
2497 2213 2550 2267 6.
2576 2213 2685 2283 55).
2710 2212 2815 2267 Sed
2838 2228 2937 2269 nos
2964 2214 3028 2269 ad
3058 2215 3187 2270 illud
3220 2216 3473 2286 respicia—

1897 2320 2037 2371 mus,
2066 2314 2121 2358 et
2150 2320 2217 2358 ne
2245 2304 2557 2358 festinemus
2583 2304 2649 2359 ad
2679 2305 2917 2360 omnium
2945 2306 3353 2363 retributionem
3379 2350 3395 2375 ,
3424 2318 3483 2365 ut

1899 2410 1968 2450 ne
1998 2397 2301 2450 minuanms
2326 2395 2664 2461 mercedem;
2696 2397 2790 2451 sed
2835 2407 3045 2468 tempus
3081 2410 3477 2467 exspectemus.

1899 2485 2015 2541 Non
2045 2487 2188 2541 enim
2237 2487 2371 2542 tales
2400 2496 2525 2543 sunt
2556 2488 2637 2541 hae
2685 2503 2898 2554 usurae,
2949 2489 3043 2544 sed
3073 2491 3261 2560 quales
3300 2507 3328 2545 a
3363 2493 3472 2549 Deo

1902 2577 2015 2631 dari
2050 2594 2143 2647 par
2162 2587 2263 2632 est.
2289 2578 2382 2632 llis
2411 2579 2568 2647 igitur
2592 2593 2710 2632 cum
2735 2579 2975 2634 ubertate
3004 2596 3191 2650 magna
3222 2583 3483 2651 collectis,

1906 2668 1976 2721 ita
2001 2668 2123 2721 hinc
2144 2668 2420 2732 abeamus,
2449 2676 2507 2723 ut
2530 2678 2583 2721 ct
2605 2669 2883 2737 praesentia
2906 2678 2956 2723 et
2986 2668 3163 2725 futura
3189 2687 3489 2743 consequa-

1907 2776 2028 2815 mur
2071 2761 2234 2824 bona,
2267 2761 2437 2831 gratia
2471 2769 2524 2815 et
2549 2760 2878 2830 benignitate
2909 2762 3115 2816 Domini
3160 2767 3326 2819 nostri
3355 2766 3484 2821 Jesu

1909 2851 2127 2915 Christi,
2174 2851 2385 2920 quicum
2442 2851 2583 2906 Patri
2639 2860 2692 2906 et
2731 2867 2834 2906 una
2884 2852 3100 2922 Spiritui
3145 2865 3333 2910 saneto
3382 2858 3499 2925 glo-

1913 2941 2011 3005 ria,
2046 2943 2352 3011 imperium,
2382 2942 2571 3009 honor,
2608 2959 2748 2999 nunc
2774 2953 2827 2999 et
2855 2958 3095 3015 semper,
3128 2956 3180 3001 et
3212 2948 3264 3001 in
3306 2951 3499 3004 sarcula

1919 3033 2262 3088 smculorum.
2293 3035 2486 3089 Amen.

224 3168 3505 3205 ______________________________________________

1604 3236 1951 3300 HOMILIA
1996 3239 2168 3300 XVI.

210 3384 354 3439 (Συ).
398 3382 454 3437 5.
493 3395 543 3433 ν.
578 3378 632 3434 9.
664 3377 859 3446 Scripsi
884 3375 1019 3430 vobis
1044 3375 1096 3428 in
1121 3374 1333 3444 epistola
1361 3391 1381 3429 :
1408 3392 1470 3430 ne
1494 3378 1817 3431 commiscea-

294 3473 428 3526 miui
474 3461 798 3540 {ornicariis}
848 3467 934 3522 10.
982 3483 1084 3520 non
1127 3467 1294 3536 utique
1335 3469 1623 3539 fornicariis
1663 3470 1815 3540 hujus

298 3563 484 3617 mundi
511 3569 597 3619 aut
619 3560 783 3613 avaris
805 3567 892 3611 aut
906 3558 1171 3628 rapacibus
1190 3568 1277 3610 aut
1294 3559 1443 3613 idolis
1468 3561 1813 3614 servientibus:

300 3653 503 3723 alioqui
527 3649 816 3704 debueratis
841 3664 903 3703 es:
928 3650 1113 3702 mundo
1142 3650 1321 3703 exisse.
1353 3649 1440 3703 Η.
1473 3648 1626 3703 Nunc
1655 3660 1819 3702 autent

304 3743 492 3812 scripsi
520 3740 662 3796 vobis
705 3755 806 3793 non
834 3740 1135 3794 comm'sceri
1160 3755 1181 3793 .·
1210 3741 1323 3792 siis
1342 3782 1357 3805 ,
1403 3740 1486 3809 qui
1528 3743 1685 3809 frater
1732 3757 1824 3793 uo-

305 3838 533 3889 minatur
556 3834 691 3886 inter
709 3847 818 3897 vos,
845 3839 917 3885 est
938 3831 1218 3900 fornicator
1238 3840 1325 3884 aut
1352 3847 1534 3885 avarus
1564 3841 1649 3885 aut
1673 3831 1824 3885 idolis

306 3925 530 3981 serviens
559 3933 650 3977 aut
678 3921 902 3976 ebriosus
933 3932 1020 3976 aut
1042 3921 1322 3976 maledicus
1348 3932 1435 3976 aut
1466 3939 1632 3992 rapax
1653 3965 1667 3990 ,
1712 3939 1825 3976 cum

311 4015 611 4088 hujusmodi
640 4029 730 4068 nec
771 4013 935 4067 cibum
966 4029 1185 4068 sumere.
1348 4013 1361 4046 τ

309 4109 367 4163 Ι.
411 4109 547 4173 Quia
577 4105 724 4161 enim
747 4104 917 4170 dixit,
950 4103 1072 4158 Non
1102 4104 1270 4174 potius
1313 4104 1503 4157 luctum
1544 4106 1786 4159 habuistis
1810 4148 1824 4171 ,

210 4214 283 4256 ut
323 4201 390 4255 de
434 4198 602 4252 medio
631 4195 839 4250 tollatur
859 4197 945 4266 qui
968 4204 1043 4248 est
1067 4196 1358 4265 hujusmodi
1382 4212 1398 4259 ;
1430 4205 1503 4260 et,
1537 4196 1831 4267 Expurgate

208 4303 384 4349 velas
422 4291 773 4360 fermentum;
816 4297 868 4342 et
896 4287 1185 4342 verisimile
1227 4294 1342 4341 erat
1387 4287 1644 4356 suspicari
1672 4288 1790 4342 illos
1816 4330 1831 4352 ,

208 4385 558 4457 fugiendum
586 4398 706 4439 esse
746 4382 813 4438 ab
840 4383 1088 4439 omnibus
1134 4381 1474 4447 fornicariis;
1527 4383 1569 4437 si
1600 4382 1742 4437 enim
1790 4381 1836 4436 is

205 4477 335 4549 qui
370 4474 614 4545 peccavit
652 4474 848 4528 malum
879 4488 1034 4529 suum
1063 4474 1316 4543 impertiit
1346 4474 1409 4528 iis
1438 4474 1529 4544 qui
1574 4489 1678 4527 non
1710 4488 1837 4542 pec-

203 4575 548 4631 caverunt,
600 4565 770 4621 multo
810 4566 978 4634 magis
1014 4575 1267 4620 externos
1307 4574 1519 4635 oportet
1561 4564 1839 4619 aversari:

208 4676 378 4716 nam
405 4659 452 4712 si
484 4657 730 4712 familiari
775 4672 996 4726 parcere
1028 4672 1131 4710 nou
1163 4665 1368 4726 oportet
1395 4697 1409 4723 ,
1461 4655 1601 4726 quod
1635 4664 1840 4710 tantum

203 4754 331 4808 ille
374 4749 559 4805 damni
582 4748 793 4813 inferat,
818 4749 985 4803 multo
1006 4748 1183 4802 minus
1205 4747 1323 4802 aliis
1347 4747 1667 4817 parcendum
1703 4764 1716 4798 :
1742 4747 1843 4801 hoc

210 4843 433 4913 posito
463 4848 882 4895 consentaneum
911 4848 1028 4894 erat
1051 4838 1286 4908 separari
1310 4838 1470 4893 etiam
1500 4853 1528 4890 a
1556 4837 1842 4892 fornicato-

212 4938 404 4990 :ibus
433 4932 525 5002 qui
553 4930 696 5001 apud
720 4930 937 4987 Griecos
966 4940 1138 4995 erant;
1169 4940 1224 4985 et
1260 4930 1305 4985 si
1347 4946 1405 4984 re
1425 4929 1492 4983 ad
1520 4929 1845 4999 impossibile

204 5028 496 5090 redacta,
521 5024 693 5093 magis
707 5038 850 5093 aegre
876 5022 1127 5077 tulissent
1154 5038 1168 5077 :
1199 5024 1297 5077 hac
1323 5021 1657 5076 correctione
1682 5022 1849 5074 utitur

205 5123 477 5175 dicens:
506 5116 709 5186 Scripsi
738 5115 898 5182 vobis,
913 5131 975 5168 ne
994 5114 1415 5168 commisceamiui
1440 5112 1850 5184 fornicatoribus;

204 5224 261 5264 et
300 5224 437 5264 non
461 5208 636 5279 utique
674 5205 1069 5278 fornicatoribus
1097 5204 1248 5272 huius
1274 5205 1453 5258 mundi
1470 5221 1489 5269 ;
1520 5201 1647 5256 illud
1673 5241 1688 5266 ,
1735 5200 1851 5255 Uti-

206 5317 353 5369 que,
403 5297 561 5366 quasi
592 5297 646 5352 in
674 5294 928 5351 confesso
952 5309 1177 5364 ponens.
1206 5294 1282 5349 Ne
1308 5295 1451 5349 enim
1476 5300 1725 5362 putarent
1753 5291 1856 5346 huc

223 5395 450 5461 ipsum
496 5388 601 5445 illis
640 5402 749 5443 non
779 5387 1103 5457 praecepisse
1137 5387 1289 5457 quasi
1331 5384 1814 5455 imperfectioribus
1841 5424 1855 5446 ,

216 5498 282 5541 et
336 5496 435 5539 ne
481 5481 580 5551 ipsi
611 5491 671 5538 ut
723 5479 947 5551 perfecti
996 5479 1126 5534 illud
1174 5478 1351 5534 facere
1399 5477 1814 5549 aggrederentur
1842 5516 1857 5540 ,

221 5571 501 5632 ostendit
523 5574 626 5645 hoc
656 5573 776 5629 ﬁeri
805 5588 912 5627 non
944 5586 1103 5643 posse
1127 5610 1143 5637 ,
1188 5569 1399 5626 etiamsi
1422 5571 1475 5625 id
1505 5571 1733 5624 maxime
1764 5558 1879 5622 vc-V

228 5671 343 5727 lint
399 5685 423 5723 :
465 5675 732 5738 oporteret
798 5665 945 5721 enim
989 5665 1150 5719 alium
1200 5675 1381 5733 quaere
1488 5663 1690 5718 orbem.
1735 5661 1861 5716 Ideo

1917 3378 2215 3447 subjunxit:
2244 3380 2479 3435 Alioquin
2501 3381 2784 3436 debueratis
2806 3398 2868 3437 ea;
2888 3384 3076 3437 mundo
3097 3385 3293 3440 exiisse.
3311 3386 3497 3441 Viden‘

1919 3485 2074 3538 quam
2101 3485 2205 3523 non
2228 3471 2481 3526 molestus
2497 3473 2564 3524 sit
2589 3512 2603 3536 ,
2627 3481 2681 3526 et
2699 3473 2891 3542 ubique
2913 3489 3018 3528 non
3038 3476 3198 3529 modo
3215 3478 3356 3545 quod
3394 3480 3509 3532 fieri

1923 3562 2123 3628 possit,
2144 3560 2235 3613 sed
2258 3562 2415 3613 etiam
2460 3561 2601 3630 quod
2636 3561 2791 3615 facile
2821 3563 2889 3615 sit
2920 3562 2974 3615 in
3006 3564 3123 3633 lege
3155 3565 3365 3619 ferenda
3394 3581 3509 3634 per-

1923 3649 2144 3718 spiciat?
2169 3650 2446 3717 Quomodo
2466 3651 2606 3704 enim
2632 3660 2806 3720 potest
2828 3651 3010 3717 homo,
3031 3654 3222 3724 inquit,
3245 3655 3333 3724 qui
3351 3664 3406 3710 et
3424 3655 3515 3709 do-

1925 3741 2032 3794 mui
2058 3749 2108 3795 et
2145 3740 2326 3794 liberis
2351 3742 2656 3809 prreticitur,
2689 3751 2744 3798 et
2769 3744 3000 3797 civitatis
3021 3759 3241 3800 munera
3274 3754 3514 3815 praestat,

1926 3844 2017 3888 aut
2037 3833 2127 3903 qui
2146 3832 2336 3888 artifex
2356 3834 2437 3888 vel
2456 3834 2610 3889 miles
2633 3837 2723 3900 sit,
2746 3852 2867 3890 cum
2888 3844 2992 3892 tam
3017 3837 3167 3892 multi
3189 3837 3479 3894 sintGrmci
3498 3879 3518 3904 ,

1927 3924 2276 3979 fornicatores
2298 3927 2386 3995 qui
2410 3925 2606 3996 ubique
2631 3935 2754 3981 sunt
2774 3926 2988 3999 fugere?
3007 3927 3355 3987 fornicatores
3375 3933 3517 3987 enim

1929 4015 2112 4069 mundi
2137 4026 2291 4070 vocat
2313 4016 2452 4079 illos,
2478 4019 2565 4087 qui
2591 4018 2732 4087 apud
2748 4017 2963 4075 Graecos
2988 4029 3160 4074 erant.
3184 4018 3338 4075 Nunc
3354 4034 3520 4077 autent

1930 4107 2112 4177 scripsi
2154 4107 2290 4161 vobis
2312 4150 2327 4173 ,
2375 4110 2418 4162 si
2471 4108 2580 4178 quis
2612 4113 2768 4179 frater
2798 4110 2915 4163 talis
2956 4112 3021 4165 sit
3046 4151 3060 4175 ,
3113 4122 3168 4163 ut
3195 4129 3309 4166 cum
3340 4114 3431 4167 illo
3459 4131 3523 4169 ne

1932 4199 2133 4267 quidem
2159 4198 2450 4252 comedetis.
2482 4200 2579 4254 Hic
2612 4209 2668 4254 et
2682 4202 2815 4255 alios
2842 4201 3139 4255 subindicat
3167 4203 3219 4255 iu
3247 4202 3522 4271 iniquitate

1934 4292 2193 4345 viventes.
2222 4291 2289 4345 Et
2311 4291 2583 4361 quomodo
2610 4291 2776 4346 frater
2800 4307 2920 4345 eum
2951 4294 3049 4357 sit,
3084 4293 3368 4348 idololatra
3400 4308 3521 4348 esse

1935 4383 2153 4452 potest?
2193 4381 2262 4437 Ut
2303 4381 2441 4451 apud
2470 4382 2838 4437 Samaritanus
2874 4382 3098 4450 contigit
3136 4383 3265 4435 olim
3291 4422 3306 4445 ,
3335 4384 3427 4452 qui
3455 4398 3520 4437 ex

1939 4472 2155 4527 dimidia
2184 4480 2333 4541 parte
2359 4472 2498 4540 piam
2540 4471 2852 4540 religionem
2883 4472 3224 4526 sectabantur
3248 4489 3264 4539 :_
3289 4473 3525 4543 alioquin

1941 4565 2103 4618 etiam
2149 4562 2558 4616 fundamentum
2585 4562 2715 4631 jacit
2755 4562 2917 4617 futuri
2955 4564 3221 4618 sermonis
3253 4564 3321 4621 de
3353 4565 3528 4620 idolo-

1943 4657 2106 4731 thytis
2130 4698 2145 4723 ,
2199 4670 2354 4725 quem
2382 4655 2480 4710 sub
2505 4653 2619 4710 hinc
2646 4656 2989 4710 instituturus
3024 4665 3125 4711 est.
3167 4656 3270 4710 Aut
3314 4675 3524 4713 avarus.

1943 4748 2073 4802 Nam
2099 4746 2353 4802 adversus
2384 4747 2481 4802 hos
2510 4757 2810 4802 certaturus
2836 4759 2917 4802 est
2944 4764 2957 4814 ;
3005 4748 3230 4819 ideoque
3258 4748 3469 4805 dicebat
3497 4793 3512 4814 ,

1946 4837 2049 4892 Cur
2077 4854 2178 4892 non
2208 4839 2374 4908 potius
2400 4840 2645 4909 iujuriam
2671 4839 2950 4907 patimini?
2972 4838 3077 4893 Cur
3102 4858 3201 4893 non
3233 4842 3532 4911 privamini.’

1947 4928 2034 4983 sed
2059 4946 2144 4984 vos
2174 4931 2416 5001 injuriam
2446 4930 2613 4996 facitis
2639 4941 2685 4983 et
2714 4932 2920 4999 privatis
2965 4932 2983 5002 (
3009 4938 3057 4986 ι.
3091 4931 3209 4988 Cor.
3263 4933 3317 4988 6.
3351 4934 3404 4988 7.
3435 4932 3472 4987 8
3505 4936 3524 5003 )

1949 5020 2046 5074 Aut
2075 5021 2318 5074 ebriosus.
2360 5019 2491 5073 Nam
2520 5024 2619 5073 hac
2646 5036 2856 5093 quoque
2883 5022 2950 5077 de
2989 5038 3048 5076 re
3074 5033 3291 5077 accusat
3341 5024 3393 5078 in
3450 5040 3543 5078 se-

1950 5113 2235 5182 quentibus
2255 5153 2270 5177 ,
2323 5121 2381 5165 ut
2406 5126 2526 5165 eum
2553 5111 2684 5164 dicit
2729 5129 2744 5166 :
2777 5113 2921 5167 Alias
2947 5113 3147 5181 quidem
3179 5113 3332 5166 esurit
3359 5154 3376 5180 ,
3409 5114 3544 5169 alius

1953 5213 2116 5256 autem
2164 5203 2327 5256 ebrius
2358 5211 2432 5257 est
2466 5204 2484 5269 (
2513 5203 2536 5254 1
2588 5200 2708 5255 Cor.
2738 5203 2824 5255 ll.
2860 5202 2922 5254 2t
2953 5201 2973 5272 )
3008 5219 3020 5254 :
3052 5210 3140 5266 et,
3177 5202 3319 5257 Esca:
3341 5208 3499 5259 ventri
3527 5244 3543 5267 ,

1955 5304 1999 5349 et
2028 5304 2197 5348 venter
2239 5296 2363 5348 escis
2398 5293 2495 5364 (1.
2538 5291 2660 5346 Cor.
2711 5291 2763 5346 6.
2816 5291 2882 5345 15
2993 5292 3094 5345 Aut
3144 5294 3420 5350 maledicus
3455 5314 3539 5350 aut

1956 5404 2141 5458 rapax.
2193 5387 2325 5441 Nam
2355 5395 2409 5441 et
2436 5385 2534 5439 hos
2560 5399 2722 5455 supra
2748 5399 2959 5455 quoque
2986 5384 3297 5456 increpavit.
3344 5388 3547 5441 Deinde

1961 5479 2120 5533 etiam
2172 5491 2386 5531 causam
2437 5476 2614 5541 addit,
2667 5476 2735 5530 ob
2787 5491 2944 5546 quam
2978 5491 3084 5531 non
3129 5476 3378 5546 prohibet
3423 5491 3544 5529 eum

1967 5568 2238 5633 externis,
2268 5567 2359 5637 qui
2388 5567 2522 5622 tales
2550 5566 2679 5631 sint,
2710 5566 3049 5621 commisceri
3075 5582 3091 5631 ;
3123 5565 3410 5621 ostendens
3440 5579 3543 5616 non

1965 5660 2124 5717 modo
2147 5660 2199 5718 id
2226 5674 2332 5714 non
2359 5658 2472 5715 fieri
2494 5674 2676 5732 posse,
2708 5659 2801 5716 sed
2830 5660 2991 5714 etiam
3019 5658 3345 5731 superfluum
3376 5668 3497 5708 esse
3524 5669 3535 5711 :
