3986 6202
521 228 615 283 ira
1225 219 1278 275 s.
1319 214 1593 272 tempus
1630 209 2097 269 cuavsosroui
2141 210 2455 266 ARtlelEP.
2496 209 3024 267 CONSTANTlNOP.
3698 213 3801 270 ,τε

525 340 609 394 li.
653 336 787 406 Quid
842 333 975 390 enim
1014 331 1137 385 milii
1180 332 1241 383 de
1278 330 1341 383 iis
1367 330 1452 399 qui
1493 328 1618 397 [oris
1662 336 1779 379 sunt
1814 324 2100 394 judicare?

522 446 614 484 eos
643 428 731 498 qui
761 427 903 481 intus
939 432 994 479 et
1022 423 1110 492 qui
1143 420 1270 475 foris
1307 429 1436 475 sunt
1460 416 1796 473 Christianos
1819 429 2018 469 vocans
2046 424 2104 470 et

522 521 735 575 Grtecos
766 535 779 571 :
810 525 868 569 ut
910 523 965 570 et
1007 512 1131 567 alibi
1171 513 1242 565 ait
1276 528 1288 564 :
1321 511 1532 581 Oportet
1567 519 1732 563 autent
1771 509 1917 561 illum
1949 518 1998 560 et
2027 514 2104 560 te-

523 608 813 661 stimonium
847 602 1027 658 habere
1053 602 1237 655 bonum
1261 600 1324 654 ab
1351 600 1411 653 iis
1431 600 1517 670 qui
1546 599 1672 668 [oris
1709 606 1826 651 sunt
1865 596 1940 667 (Ι.
1970 595 2101 649 Tim.

521 702 571 757 '5.
613 701 710 767 7).
751 698 819 751 Et
864 696 915 749 in
945 694 1168 765 epistola
1212 692 1279 745 ad
1326 690 1833 745 Thessalonicenscs
1875 687 2102 756 idipsum

525 791 652 845 dicit
701 789 786 844 his
829 787 1010 843 verbis
1057 804 1070 839 :
1104 783 1185 838 Ne
1222 782 1647 837 contntisceamini
1691 798 1806 835 cum
1849 781 1962 850 ipso
1987 821 2001 844 ,
2051 788 2106 832 ut

521 881 860 954 confundatur
889 893 906 933 .'
936 887 992 933 et
1014 917 1028 942 ,
1065 874 1238 930 Nolite
1273 884 1327 927 ut
1363 874 1618 927 inimicum
1647 873 1934 927 existimare
1961 911 1976 937 ,
2017 869 2106 924 sed

526 974 790 1027 admonete
831 980 885 1024 ut
934 969 1139 1037 fratrem
1167 966 1243 1034 (2.
1271 965 1451 1018 Thess.
1481 964 1535 1018 3.
1568 964 1652 1017 Μ.
1682 964 1792 1033 15).
1822 962 1918 1016 llic
1943 976 2107 1031 porro

523 1081 739 1121 causam
771 1079 876 1119 non
902 1063 1072 1133 ponit.
1098 1060 1296 1128 Quare?
1319 1058 1451 1124 Quia
1478 1057 1585 1112 illic
1605 1056 1817 1125 quidem
1841 1054 2105 1110 consolari

525 1158 774 1221 volebat,
823 1156 908 1209 hic
939 1169 1068 1208 vero
1098 1168 1203 1206 non
1247 1152 1395 1205 item.
1455 1149 1569 1203 Non
1614 1148 1756 1201 enim
1802 1148 1943 1202 idem
1966 1161 2108 1201 nunc

450 1226 453 1227 ν
526 1259 800 1318 peccatum
842 1255 925 1301 est
966 1243 1108 1315 quod
1155 1243 1263 1297 illic
1293 1250 1446 1303 erat,
1490 1240 1585 1294 sed
1640 1240 1749 1293 illic
1779 1240 1955 1293 minus
1990 1255 2002 1291 :
2036 1237 2107 1293 de

526 1343 636 1395 otio
663 1339 805 1395 enim
833 1338 939 1392 illic
967 1340 1253 1391 accusabat
1277 1374 1293 1399 ,
1326 1335 1411 1388 hic
1431 1333 1500 1388 de
1529 1332 1879 1387 fornicatione
1905 1340 1959 1384 et
1985 1331 2108 1384 aliis

527 1433 855 1503 gravissimis
883 1428 1133 1500 peccatis.
1169 1427 1237 1480 Et
1260 1427 1305 1482 si
1348 1426 1466 1496 quis
1502 1424 1719 1480 Graecits
1764 1423 1913 1477 adire
1940 1423 2066 1476 velit
2088 1462 2104 1486 ,

530 1542 634 1580 non
657 1525 903 1597 prohibet
929 1538 1048 1578 cum
1079 1522 1181 1576 illis
1207 1519 1490 1575 comedere
1512 1561 1526 1583 ,
1564 1519 1635 1571 ob
1684 1517 1927 1572 eamdem
1956 1516 2107 1569 vide-

529 1618 654 1672 licet
678 1630 910 1670 causam.
962 1615 1050 1667 Sic
1079 1622 1133 1666 et
1175 1627 1271 1665 nos
1300 1625 1512 1680 quoque
1557 1609 1778 1664 facimus
1813 1626 1826 1661 :
1861 1623 1957 1677 pro
1985 1608 2106 1661 filiis

528 1720 583 1763 et
610 1706 860 1761 fratribus
886 1704 1014 1757 nihil
1043 1719 1147 1756 non
1175 1702 1414 1766 agimus.
1461 1700 1759 1752 alienorum
1791 1708 1966 1752 autem
2000 1710 2107 1750 non

527 1812 770 1863 magnam
803 1795 1058 1849 rationem
1083 1792 1358 1846 habemus.
1388 1790 1523 1858 Quid
1547 1791 1701 1859 ergo?
1726 1797 1977 1843 externos
2000 1802 2107 1842 non

526 1891 746 1947 curabat
788 1886 1018 1943 Paulus?
1057 1884 1332 1940 Curabat:
1385 1882 1478 1937 sed
1515 1891 1795 1953 postquam
1842 1879 2105 1949 prirdica-

528 1984 728 2038 tionem
752 1985 1085 2049 acceperant,
1120 1984 1174 2032 et
1196 1974 1396 2030 Christi
1423 1988 1543 2028 sese
1571 1973 1833 2027 doctrina:
1857 1971 2107 2040 suhjcce-

526 2089 681 2143 rant,
726 2085 853 2131 tunc
898 2075 1003 2128 illis
1041 2073 1188 2141 leges
1235 2070 1396 2124 dabat
1438 2086 1451 2123 :
1505 2067 1756 2136 quamdiu
1808 2076 1987 2120 autem
2034 2065 2107 2118 illi

527 2168 914 2240 despiciebant,
937 2162 1263 2234 superfluum
1285 2161 1490 2224 fuisset,
1512 2159 1615 2213 illis
1633 2167 1891 2227 prtecepta
1909 2155 2105 2211 Christi

526 2261 767 2332 proferre
786 2299 800 2322 ,
832 2257 920 2326 qui
951 2270 1018 2309 ne
1046 2254 1312 2308 Christum
1342 2251 1556 2320 quidem
1587 2257 1868 2303 noverant.
1922 2246 2108 2300 Nonne

523 2355 590 2407 de
616 2354 698 2413 iis,
722 2351 809 2420 qui
838 2350 973 2401 intus
998 2354 1135 2409 sunt,
1166 2359 1251 2397 vos
1268 2341 1561 2413 judicatis?
1593 2341 1676 2394 15.
1702 2338 1805 2392 Eos
1830 2349 1997 2391 autent
2022 2338 2107 2407 qui

528 2445 654 2516 {oris
673 2452 786 2497 sunt
809 2434 1222 2509 Deusjudicabit.
1245 2435 1529 2503 Postquam
1547 2432 1690 2486 enim
1713 2431 1941 2496 dixerat,
1967 2429 2105 2494 Quid

527 2535 651 2588 milii
677 2536 737 2588 de
763 2533 847 2597 iis,
873 2531 956 2598 qui
988 2528 1111 2598 {oris
1139 2535 1255 2580 sunt
1277 2566 1293 2590 ,
1329 2523 1610 2591 judicare?
1658 2537 1725 2576 ne
1750 2521 1870 2590 quis
1898 2527 2107 2590 putaret

528 2627 651 2680 illos
698 2622 986 2694 impunitos
1026 2618 1293 2688 relinqui,
1333 2615 1476 2670 aliud
1511 2614 1616 2668 illis
1661 2613 1848 2668 statuit
1875 2609 2105 2666 tribunal

528 2715 785 2772 terribile.
814 2714 923 2767 lloc
950 2718 1127 2765 autem
1155 2708 1309 2773 dixit,
1339 2717 1447 2760 tum
1476 2714 1528 2759 nt
1556 2704 1675 2759 illos
1707 2710 1962 2765 terreret,
1994 2711 2104 2756 tum

526 2820 584 2863 ut
611 2808 708 2862 bos
749 2805 1115 2861 consolaretur
1140 2842 1155 2864 ,
1203 2811 1254 2853 et
1284 2797 1520 2852 ostendit
1570 2796 1709 2850 hanc
1754 2795 2104 2866 temporalem

525 2899 854 2971 punitionem
901 2897 969 2951 ab
1010 2904 1209 2948 mterna
1238 2899 1294 2946 et
1322 2898 1573 2959 perpetua
1603 2890 1810 2958 eripere
1837 2904 1853 2954 ;
1881 2886 2023 2957 quod
2051 2893 2108 2942 et

526 2992 651 3045 alibi
678 2987 982 3044 declarabat
1008 2985 1091 3038 his
1118 2983 1298 3037 verbis
1330 2998 1344 3033 :
1374 2980 1524 3034 Nunc
1550 2988 1717 3032 autem
1757 2978 1984 3048 judicati
2017 2993 2106 3031 ca-

533 3081 802 3150 stigantur,
835 3086 891 3131 ut
933 3092 1033 3129 non
1059 3089 1172 3128 cunt
1197 3076 1384 3126 mundo
1410 3071 1706 3124 damnentur
1727 3070 1745 3142 (
1769 3070 1820 3123 l.
1863 3068 1980 3124 Cor.
2014 3070 2103 3127 H.

527 3171 635 3243 59.)
665 3190 679 3235 ;
711 3181 764 3226 ct
790 3210 806 3235 ,
851 3169 1056 3237 Auferte
1086 3166 1275 3220 malum
1302 3181 1364 3219 ex
1382 3164 1518 3218 vobis
1543 3164 1669 3232 ipsis
1693 3164 1711 3232 (
1739 3161 1890 3215 Deut.
1936 3158 2109 3230 17.7).

596 3265 652 3319 2.
695 3262 931 3318 Meminit
957 3261 1082 3315 dicti
1110 3258 1249 3330 quod
1282 3258 1334 3311 in
1364 3257 1531 3311 veteri
1558 3255 1697 3324 Lege
1720 3253 1914 3320 fertur,
1948 3252 2108 3307 simul

525 3354 810 3411 ostendens
839 3350 981 3423 quod
1012 3350 1108 3420 ipsi
1129 3348 1355 3403 maxima
1385 3348 1492 3401 sint
1522 3346 1794 3405 lucraturi.
1824 3354 1930 3397 uta
1959 3351 2107 3413 peste

525 3445 748 3516 tl'ltltlalll
773 3443 915 3514 gravi
942 3440 1146 3495 liberati
1174 3456 1189 3502 ;
1223 3437 1375 3493 simul
1405 3435 1695 3491 ostendens
1720 3435 1821 3489 hoc
1846 3451 1949 3488 non
1980 3449 2104 3491 esse

528 3539 944 3599 innovationcm,
966 3544 1016 3587 et
1033 3539 1140 3602 jam
1167 3533 1291 3586 olim
1315 3546 1344 3585 a
1368 3529 1670 3600 legislatore
1691 3527 1858 3582 visum
1910 3527 2101 3593 fuisse,

527 3637 587 3683 ut
623 3629 706 3698 qui
736 3628 866 3680 tales
891 3635 1071 3680 essent
1114 3621 1551 3678 exscinderentur
1598 3638 1612 3675 :
1643 3619 1737 3674 sed
1764 3619 1871 3674 illic
1893 3617 2106 3688 quidem

526 3718 894 3773 vehementius
918 3757 933 3780 ,
975 3715 1060 3768 hic
1099 3727 1225 3766 vero
1249 3713 1596 3767 mansuetius.
1624 3712 1964 3779 Quapropter
1987 3709 2109 3778 jure

528 3816 729 3876 quzrrat
756 3805 966 3873 aliquis,
999 3818 1093 3857 cur
1123 3812 1247 3856 tunc
1275 3801 1491 3872 quidem
1519 3818 1637 3855 cum
1667 3802 1754 3870 qui
1790 3808 2111 3870 peci'averat

530 3895 704 3967 puniri
735 3907 788 3949 et
816 3893 1045 3963 lapidari
1094 3893 1463 3961 permitteret;
1506 3891 1593 3944 hic
1620 3907 1747 3944 vero
1786 3907 1891 3945 non
1943 3891 2103 3956 item,

535 3988 630 4043 sed
659 3987 806 4041 illum
835 3985 900 4039 ad
933 3983 1293 4054 paruitentiam
1324 3989 1501 4035 vocet.
1531 3981 1640 4034 Cur
1666 3997 1792 4050 ergo
1818 3981 1970 4036 aliter
1998 3981 2107 4047 illa,

531 4079 688 4134 aliter
732 4078 829 4132 ista
874 4075 1333 4132 cffurinabantnr?
1375 4074 1457 4129 Ob
1499 4073 1630 4129 duas
1674 4073 1834 4130 hasce.
1880 4090 2106 4141 causas;

534 4175 755 4244 primam
786 4173 904 4241 quia
939 4169 1003 4223 ad
1051 4167 1222 4236 majus
1261 4174 1531 4223 certamen
1562 4165 1613 4221 bi
1643 4166 1973 4222 ducebantur
1997 4209 2012 4233 ,
2054 4175 2109 4222 et

532 4264 717 4334 majori
745 4262 925 4317 animo
954 4270 1006 4315 et
1034 4258 1285 4330 patientia
1317 4272 1451 4329 opus
1482 4257 1744 4313 habebant
1771 4273 1786 4323 ;
1818 4259 2105 4313 secundam

531 4368 709 4412 autem
730 4355 1011 4417 veriorem,
1035 4351 1156 4421 quia
1180 4350 1232 4405 bi
1250 4351 1463 4423 quidem
1484 4349 1550 4403 ab
1572 4350 1883 4420 impunitate
1907 4349 2109 4404 facilius

534 4447 937 4514 corrigi-bantur
998 4443 1063 4497 ad
1108 4442 1474 4514 paenitentiam
1520 4441 1832 4505 venientes,
1865 4439 1936 4494 illi
1981 4455 2108 4494 vero

531 4538 596 4590 ad
637 4537 890 4604 majorem
920 4535 1209 4603 nequitiam
1239 4532 1490 4602 irrepturi
1519 4541 1691 4590 erant.
1725 4532 1854 4585 Nam
1885 4535 1930 4585 si
1960 4541 2108 4600 post-

528 4641 685 4696 quam
719 4626 919 4694 primos
947 4624 1159 4693 punitos
1186 4623 1431 4678 viderant
1457 4661 1472 4684 ,
1505 4621 1556 4674 in
1589 4622 1774 4676 iisdem
1805 4638 2111 4695 persevera-

530 4720 693 4781 bant;
721 4717 765 4769 si
798 4715 1062 4769 neminem
1094 4713 1333 4784 punitum
1360 4711 1647 4778 vidissent,
1678 4715 2030 4785 multomagis
2056 4716 2107 4771 id

529 4807 717 4862 facturi
748 4814 920 4861 erant.
965 4804 1086 4859 Ideo
1118 4805 1224 4859 illic
1249 4804 1495 4858 adultero
1525 4814 1579 4859 et
1608 4804 1891 4861 homicida:
1926 4808 2106 4860 statim

529 4915 673 4956 mors
701 4898 958 4961 infertur;
994 4897 1079 4952 hic
1109 4911 1233 4951 vero
1255 4938 1270 4960 ,
1312 4897 1358 4951 si
1400 4912 1494 4966 per
1535 4898 1904 4968 pmuitentiam
1931 4900 2109 4955 absol-

526 4999 738 5055 vantur,
787 4987 1103 5058 supplicium
1148 4987 1464 5058 effugerunt.
1514 4990 1775 5045 (Steterunt
1816 4990 1976 5046 etiam
2020 4991 2108 5046 hic

527 5083 922 5138 vehementiora
946 5122 962 5147 ,
992 5081 1118 5137 etin
1150 5079 1330 5137 Veteri
1363 5082 1573 5138 mitiora
1601 5082 1782 5138 videas
1807 5083 2062 5155 supplicia
2089 5126 2104 5149 ,

536 5183 594 5226 ut
615 5188 710 5242 per
737 5174 915 5227 omnia
946 5171 1258 5228 ostendatur
1285 5174 1601 5245 cognatione
1638 5174 1816 5246 juncta
1844 5191 1963 5231 esse
1999 5176 2106 5232 Te-

533 5272 794 5320 stamenta
809 5272 864 5319 et
883 5265 1037 5321 unius
1058 5265 1400 5336 ejusdemque
1424 5281 1547 5322 esse
1570 5266 1885 5338 lcgislatoris
1908 5285 1921 5331 ;
1950 5276 2107 5335 atque

524 5364 580 5412 et
611 5355 697 5410 hic
720 5364 774 5410 et
799 5355 907 5410 illic
930 5356 1186 5426 supplicia
1208 5371 1240 5412 e
1264 5358 1489 5428 vestigio
1510 5359 1687 5429 sequi;
1716 5373 1965 5429 Sameque
1989 5370 2109 5430 post

527 5448 752 5504 multum
794 5448 1050 5516 temporis
1078 5449 1130 5502 in
1163 5458 1386 5520 utroque
1411 5489 1426 5513 ,
1472 5465 1616 5520 saepe
1655 5450 1815 5507 etiam
1848 5468 1952 5505 non
1989 5461 2108 5520 post

523 5539 746 5602 multum
786 5538 1075 5608 temporis;
1125 5539 1219 5594 sed
1262 5540 1428 5594 Deum
1469 5542 1777 5610 pmiiitentia
1806 5541 1922 5598 sola
1965 5556 2102 5597 cou-

524 5638 729 5691 tentttm
758 5644 893 5689 esse.
930 5628 1060 5684 Nam
1088 5630 1139 5683 iu
1169 5629 1344 5686 Veteri
1370 5645 1489 5686 cum
1521 5632 1682 5686 David
1706 5635 1756 5688 in
1781 5635 2104 5693 adulterium

2218 324 2491 379 incidisset
2515 333 2569 380 et
2596 324 2798 379 caedem
2830 336 3090 394 patrasset
3113 368 3129 394 ,
3164 340 3260 398 per
3290 328 3655 396 ptenitcntiam
3682 347 3805 385 ser-

2214 424 2365 470 vatus
2397 426 2514 480 est;
2562 426 2619 471 et
2664 416 2717 470 in
2765 416 2943 481 Novo,
2997 433 3119 472 cum
3152 433 3315 486 pauca
3363 434 3428 474 ex
3473 422 3585 491 agri
3628 425 3807 491 pretio

2212 506 2589 561 substraxissct
2632 508 2902 573 Ananias,
2950 522 3072 564 cum
3119 523 3284 564 uxore
3315 509 3494 579 periit.
3549 510 3702 578 Quod
3753 514 3803 567 si

2212 599 2513 666 lmjusmodi
2545 600 2695 670 plura
2721 601 3075 656 observantur
3104 602 3162 657 in
3191 601 3409 668 Veteri,
3438 611 3494 657 et
3520 606 3799 659 contraria

2210 691 2363 761 plura
2401 693 2453 745 in
2479 690 2628 746 Novo
2655 733 2670 757 ,
2722 691 3023 747 differentia
3057 707 3410 761 personarum
3437 694 3803 751 dili'ereutiam

2215 785 2332 839 talis
2359 786 2674 841 (nconomia:
2697 784 2862 840 efﬁcit
2886 784 3170 858 (Cap.6).l.
3191 785 3358 841 Audet
3371 787 3554 857 aliquis
3578 798 3803 842 vestrum

2210 876 2448 929 adversus
2467 879 2674 946 fratrem
2697 892 2841 929 suum
2865 876 3050 930 habens
3076 877 3331 947 negotium
3348 918 3363 936 .
3410 879 3639 950 judicari
3656 880 3805 947 apud

2211 967 2427 1037 iniquos,
2456 977 2502 1021 et
2527 984 2627 1021 non
2648 968 2787 1036 apud
2814 967 3056 1022 sanctos?
3082 967 3181 1022 Hic
3205 977 3366 1023 etiam
3397 971 3797 1025 accusationem

2212 1059 2415 1113 inducit
2462 1074 2645 1113 eorum
2696 1074 2816 1129 qua:
2860 1059 2913 1113 in
2939 1058 3184 1113 confesso
3218 1067 3389 1114 erant.
3438 1060 3646 1115 Etenim
3690 1062 3799 1116 illic

2211 1152 2422 1206 dicebat
2447 1170 2460 1205 :
2494 1151 2714 1206 Omnino
2738 1137 2947 1205 auditur
2971 1153 3023 1204 in
3052 1151 3186 1205 vobis
3212 1152 3526 1220 fornicatio;
3571 1163 3628 1207 et
3667 1154 3752 1206 hic
3778 1196 3795 1217 ,

2212 1242 2377 1296 Audet
2402 1244 2515 1310 quis
2541 1243 2592 1296 in
2620 1242 2755 1296 vobis
2776 1242 2802 1295 ?
2826 1242 3001 1296 statim
3029 1257 3059 1295 a
3087 1241 3346 1311 principio
3367 1243 3497 1296 iram
3529 1244 3794 1307 indicans,

2212 1342 2267 1389 et
2289 1333 2579 1389 ostendens
2605 1332 2776 1387 audax
2809 1341 2863 1387 et
2903 1333 3141 1402 iniquum
3183 1347 3304 1388 esse
3332 1331 3560 1389 facinus.
3604 1335 3668 1388 Et
3700 1350 3799 1387 cur

2212 1426 2391 1495 injecit
2419 1442 2719 1481 sermonem
2769 1425 2837 1480 de
2884 1425 3104 1480 avaritia
3145 1434 3202 1479 et
3243 1424 3384 1497 quod
3414 1441 3518 1480 non
3547 1438 3798 1496 Oporteat

2213 1518 2342 1572 foris
2363 1518 2623 1586 judicari?
2666 1517 2825 1574 Suam
2875 1515 3104 1585 impleas
3148 1516 3321 1586 legem
3353 1532 3517 1572 :nam
3557 1533 3677 1573 mos
3724 1521 3796 1573 illi

2211 1620 2329 1666 erat
2371 1627 2431 1666 ca
2480 1626 2596 1680 qua:
2644 1610 2946 1664 incidebant
2988 1607 3317 1674 emendare;
3366 1616 3426 1662 ut
3464 1609 3681 1678 quando
3727 1608 3797 1664 de

2211 1702 2583 1757 communibus
2610 1701 2808 1756 mensis
2833 1701 3122 1766 disserens,
3158 1701 3208 1754 in
3237 1714 3548 1758 sermonem
3575 1700 3646 1755 de
3675 1716 3797 1772 my-

2212 1796 2387 1848 stcriis
2428 1794 2695 1865 digressus
2726 1802 2825 1849 est.
2864 1794 2929 1847 Et
2973 1793 3057 1846 hic
3105 1793 3266 1862 igitur
3292 1834 3308 1854 ,
3358 1793 3480 1861 quia
3514 1791 3583 1848 de
3618 1798 3795 1848 avaris

2212 1884 2464 1940 fratribus
2502 1885 2826 1940 mentionem
2870 1882 3014 1949 fecit,
3049 1883 3265 1939 fervens
3291 1882 3361 1937 ob
3386 1898 3568 1937 curam
3600 1900 3797 1938 cmen-

2211 1976 2440 2029 dationis
2471 1984 2833 2045 peccatorum,
2861 1975 3102 2030 ordinem
3129 1990 3345 2030 scrvare
3377 1989 3482 2029 non
3515 1976 3791 2041 sustinet;

2211 2070 2304 2125 sed
2335 2069 2474 2139 quod
2519 2085 2583 2123 ex
2621 2070 2969 2139 consequenti
3014 2069 3067 2123 in
3109 2068 3341 2124 medium
3371 2069 3664 2125 adductum
3710 2083 3795 2126 est

2212 2172 2506 2232 peccatum,
2534 2178 2717 2217 rursus
2738 2161 3006 2227 emendat,
3031 2170 3086 2216 et
3107 2162 3187 2217 sic
3209 2161 3275 2216 ad
3307 2162 3452 2231 prius
3477 2163 3793 2217 revertitur.

2210 2253 2503 2309 Audiamus
2527 2269 2656 2324 ergo
2692 2254 2817 2326 quid
2843 2254 2909 2310 de
2938 2254 3039 2309 hoc
3069 2255 3229 2309 etiam
3261 2255 3405 2330 dicat
3435 2274 3449 2308 :
3496 2256 3666 2309 Audet
3690 2259 3794 2309 ali-

2208 2348 2320 2418 quis
2347 2356 2563 2401 vestrum
2591 2347 2777 2402 habens
2802 2348 3057 2419 negotium
3082 2347 3321 2402 adversus
3349 2352 3559 2419 fratrem
3589 2390 3604 2409 .
3646 2351 3793 2422 judi-

2209 2440 2315 2492 cari
2343 2439 2483 2508 apud
2507 2439 2739 2508 iniquos,
2789 2448 2835 2493 et
2863 2455 2964 2493 non
2998 2439 3139 2508 apud
3179 2450 3379 2495 sanctos
3401 2441 3428 2494 ?
3464 2440 3685 2496 Interim
3724 2459 3789 2497 ex

2208 2530 2509 2583 nominibus
2539 2544 2653 2583 rem
2679 2529 2877 2598 aperit,
2907 2538 2962 2584 et
2998 2533 3191 2584 avertit
3234 2539 3290 2585 et
3332 2538 3570 2585 accusat.
3614 2531 3681 2586 Et
3723 2533 3792 2588 ab

2209 2619 2358 2674 initio
2386 2620 2597 2690 quidem
2645 2637 2749 2676 non
2790 2622 2980 2676 evertit
3023 2621 3313 2690 judicium,
3362 2624 3502 2694 quod
3549 2623 3608 2678 fit
3645 2626 3788 2694 apud

2210 2711 2395 2767 fideles
2427 2729 2440 2765 :
2474 2721 2748 2784 postquam
2778 2723 2955 2769 autem
2983 2712 3104 2769 illos
3132 2714 3314 2770 multis
3338 2718 3628 2781 exterruit,
3660 2726 3789 2773 tunc

2208 2804 2426 2857 omnino
2441 2802 2698 2873 judicium
2721 2802 3023 2872 bujusmodi
3045 2805 3287 2860 abstulit.
3306 2804 3533 2863 Maxime
3547 2807 3787 2878 quidem,

2209 2896 2399 2967 inquit,
2424 2896 2468 2950 si
2489 2895 2727 2965 judicare
2747 2904 2978 2964 oportet,
3004 2896 3142 2967 apud
3164 2896 3375 2967 iniquos
3397 2914 3502 2952 non
3526 2902 3790 2969 oportuit;

2206 2989 2426 3043 omnino
2449 2997 2624 3042 autem
2653 3003 2756 3043 non
2804 2997 3017 3059 Oportet
3041 2989 3291 3059 judicari.
3332 2989 3437 3046 Sed
3472 2992 3573 3047 hoc
3604 3004 3788 3063 postea

2207 3075 2363 3146 ponit
2390 3094 2406 3132 :
2435 3077 2645 3132 interim
2678 3093 2802 3133 vero
2831 3079 3005 3147 primo
3035 3079 3085 3132 id
3115 3079 3182 3134 de
3213 3081 3392 3135 medio
3422 3082 3559 3136 tollit
3588 3125 3605 3149 ,
3639 3095 3696 3137 ut
3727 3102 3792 3141 no

2206 3164 2334 3222 foris
2353 3167 2677 3237 iudicentur.
2702 3169 2979 3237 Quomodo
3001 3170 3143 3224 enim
3171 3168 3591 3227 nou‘absurdum
3611 3175 3787 3237 fuerit.

2209 3257 2464 3313 adversus
2510 3260 2738 3314 amicum
2777 3259 3188 3330 disceptantem,
3230 3263 3496 3318 inimicum
3546 3267 3791 3336 accipere

2210 3349 2605 3404 conciliatorem
2631 3392 2648 3417 ,
2694 3350 2899 3420 inquit?
2941 3351 3212 3422 quombdo
3257 3368 3362 3408 non
3406 3364 3457 3409 te
3486 3356 3653 3425 pudet
3692 3374 3789 3411 nec

2210 3442 2479 3498 erubescis
2500 3482 2518 3510 ,
2549 3458 2669 3497 cum
2696 3443 2914 3499 Grmcus
2938 3443 3090 3498 sedet
3112 3440 3473 3499 Christianum
3495 3432 3744 3514 judicans
3767 3448 3793 3501 ἲ

2210 3536 2263 3591 Si
2292 3545 2466 3591 autem
2487 3536 2555 3591 dc
2575 3537 2732 3591 rebus
2756 3536 2975 3606 privatis
2999 3552 3104 3592 non
3127 3546 3340 3609 oportet
3361 3555 3388 3593 a
3415 3539 3622 3596 Grarcis
3639 3542 3788 3611 judi-

2211 3628 2356 3695 cari,
2401 3628 2667 3698 quomodo
2698 3628 2826 3698 ipsis
2854 3643 2940 3683 res
2980 3629 3212 3699 majores
3249 3632 3685 3687 commutemus?
3726 3635 3793 3689 Et

2211 3718 2332 3774 vide
2357 3718 2625 3791 quomodo
2653 3718 2899 3789 loquatur
2927 3736 2941 3772 :
2976 3736 3080 3774 non
3109 3719 3246 3776 dixit
3264 3764 3280 3785 .
3313 3723 3468 3792 Apud
3502 3723 3746 3780 infideles
3769 3768 3787 3789 ,

2213 3811 2306 3866 sed
2331 3853 2345 3874 ,
2376 3812 2525 3881 Apud
2552 3813 2747 3879 iniquos
2769 3852 2785 3876 ,
2830 3826 2961 3867 voce
2989 3813 3076 3867 illa
3108 3828 3233 3868 usus
3259 3830 3360 3884 qua
3390 3817 3624 3872 maxime
3654 3833 3791 3886 opus

2214 3901 2438 3956 habebat
2469 3904 2519 3955 in
2548 3903 2823 3972 proposito
2853 3915 3168 3974 argumento
3189 3946 3204 3970 ,
3233 3916 3290 3959 ut
3328 3917 3592 3962 averteret
3620 3910 3794 3963 abdu-

2212 4002 2479 4063 ceretque.
2520 3993 2657 4061 Quia
2683 3995 2822 4049 enim
2854 3996 2920 4050 de
2942 3997 3143 4065 judicio
3168 4012 3347 4053 sermo
3378 4000 3476 4070 ipsi
3507 4010 3662 4065 erat;
3697 4005 3789 4071 qui

2214 4084 2663 4153 verojudicantur
2689 4085 2815 4140 nihil
2847 4087 2984 4141 adeo
3014 4086 3294 4157 requirunt
3314 4130 3329 4155 ,
3358 4106 3517 4160 quam
3543 4103 3596 4145 ut
3625 4095 3791 4148 multa

2209 4176 2337 4245 justi
2365 4191 2493 4230 cura
2515 4186 2569 4232 et
2594 4177 2728 4231 ratio
2750 4176 3006 4232 habeatur
3033 4194 3060 4230 a
3085 4179 3446 4247 judicantibus
3479 4198 3493 4234 :
3523 4183 3648 4239 inde
3671 4186 3795 4239 illus

2213 4266 2437 4331 avertit,
2483 4265 2866 4336 propemodum
2911 4266 3096 4322 dicens
3141 4269 3307 4336 :Quo
3345 4272 3522 4342 pergis
3569 4283 3627 4327 et
3666 4277 3795 4343 quid

2215 4355 2381 4420 facis,
2434 4356 2615 4421 homo,
2647 4357 2969 4411 contrarium
3014 4360 3220 4427 patiens
3258 4376 3443 4415 eorum
3483 4378 3605 4432 qua:
3647 4365 3797 4419 desi-

2212 4447 2368 4503 deras
2390 4488 2406 4512 ,
2435 4457 2487 4503 ct
2509 4457 2566 4502 ut
2583 4448 2840 4517 justitiam
2862 4451 3184 4521 assequaris,
3210 4452 3278 4506 ad
3306 4452 3516 4523 iniquos
3543 4457 3796 4511 homines

2215 4550 2267 4595 te
2294 4540 2600 4596 convertis?
2628 4543 2691 4595 Et
2716 4542 2837 4611 quia
2867 4544 3044 4598 statim
3072 4546 3352 4601 molestum
3380 4545 3573 4602 fuisset
3603 4528 3797 4603 audire

2215 4646 2320 4689 non
2364 4632 2563 4700 judicio
2608 4632 3008 4704 disceptandum
3089 4650 3249 4703 esse,
3315 4652 3420 4691 non
3457 4639 3641 4692 statim
3698 4639 3801 4695 hoc

2215 4723 2460 4789 induxit,
2512 4724 2606 4779 sed
2685 4726 2987 4793 judicantes
3042 4727 3214 4782 solum
3271 4730 3533 4794 mutavit,
3589 4730 3661 4785 ab
3699 4745 3799 4785 ex-

2216 4816 2381 4870 ternis
2412 4815 2462 4868 in
2483 4815 2776 4870 Ecclesium
2802 4817 3057 4872 inducens
3078 4834 3173 4874 eos
3197 4819 3290 4889 qui
3311 4820 3586 4889 judicaudi
3617 4832 3791 4878 erant.

2217 4905 2418 4960 Deinde
2442 4906 2563 4974 quia
2591 4916 2898 4977 contemptu
2923 4910 3139 4979 dignum
3167 4911 3443 4966 videbatur
3466 4927 3609 4979 esse,
3644 4917 3713 4971 ab
3732 4916 3798 4970 iis

2213 4998 2302 5068 qui
2332 4998 2472 5053 intus
2499 5009 2650 5053 erant
2673 4999 2898 5068 judicari
2923 5040 2939 5066 ,
2967 5010 3023 5055 et
3053 5009 3180 5056 tunc
3212 5003 3441 5057 maxime
3474 5003 3495 5075 ζ
3515 5019 3623 5058 non
3646 5006 3800 5061 enim

2213 5099 2366 5145 erant
2403 5090 2643 5146 fortassis
2680 5091 2851 5146 idonei
2895 5093 2960 5146 ad
2996 5108 3105 5148 rem
3155 5094 3549 5164 intelligendam
3577 5137 3595 5161 ,
3629 5111 3825 5166 tie-uie

2215 5182 2347 5237 tales
2372 5182 2557 5252 quales
2595 5193 2748 5238 erant
2788 5185 2995 5240 externi
3035 5185 3278 5254 judices,
3323 5186 3499 5257 legum
3547 5191 3705 5256 periti
3746 5202 3815 5242 et

2213 5275 2429 5340 diserti,
2458 5283 2643 5344 utpote
2665 5275 2757 5345 qui
2792 5290 2857 5330 ex
2891 5277 3114 5346 privatis
3154 5285 3210 5333 et
3240 5279 3473 5334 indoctis
3507 5281 3798 5351 quamplu-

2213 5365 2334 5420 rimi
2360 5366 2580 5436 essent)
2612 5378 2629 5421 :
2664 5367 2784 5423 vide
2812 5369 3083 5438 quomodo
3106 5369 3227 5425 illos
3256 5370 3359 5426 lide
3381 5371 3575 5441 dignos
3603 5372 3761 5426 faciat
3788 5413 3805 5439 ,

2213 5456 2442 5527 primum
2466 5466 2678 5515 sanctos
2699 5474 2912 5517 vocans.
2940 5460 3045 5516 Sed
3062 5461 3187 5531 quia
3207 5461 3309 5517 hoc
3332 5463 3457 5518 vita
3480 5462 3803 5532 puritatem,

2213 5546 2309 5603 sed
2362 5562 2466 5603 non
2510 5558 2812 5604 accuratam
2862 5551 3221 5619 cognitionem
3292 5551 3358 5608 ad
3417 5552 3751 5608 audiendum
3780 5592 3800 5618 ,

2217 5637 2629 5710 testificahatur;
2677 5640 2798 5695 vide
2842 5639 3113 5714 quomodo
3157 5641 3293 5699 hanc
3339 5658 3552 5714 quoque
3598 5651 3810 5717 partem
