3986 6202
460 207 564 265 133

527 323 599 388 γ’.
631 316 705 372 Σὺ
738 304 976 371 τοίνυνδ
1013 316 1218 388 μέλλων
1249 321 1454 389 κρίνειν
1481 321 1718 384 ἐκείνους
1741 322 1882 382 τότε.
1912 322 2027 383 πῶς

455 407 545 461 ὑπ’
576 406 794 461 ἐκείνων
825 407 990 477 ἀνέχῃ
1022 408 1301 478 κρίνεσθαι
1332 409 1461 475 νῦν;
1524 409 1783 482 Κρινοῦσι
1815 412 1871 465 δὲ
1903 414 2023 482 οὐχὶ

453 498 605 550 αὐτοὶ
634 496 931 567 καθήμενοι
970 498 1062 550 καὶ
1089 498 1244 565 λόγον
1285 500 1664 566 ἀπαιτοῦντες,
1695 502 1832 556 ἀλλά
1861 520 2023 557 κατα-

1132 208 1189 264 S.
1231 209 1518 266 JOANNIS
1555 209 2046 267 (II‘IRYSOSTOMI
2087 212 2404 271 ARCIIIEP.
2441 219 2986 281 CONSTANTINOI‘.

3599 234 3699 291 IS!

2131 322 2201 376 ἐν
2266 327 2404 393 ὑμῖν
2465 331 2607 384 οὐδὲ
2662 329 2785 399 εἶς;
2854 337 3151 407 ἐπήγαγενο
3194 342 3289 405 Ὃς
3360 341 3701 414 δυνήσηται

2132 409 2423 480 διακρῖναι
2449 418 2677 485 μεταξὺ
2710 423 2817 475 τοῦ
2846 424 3114 493 ἀδελφοῦ
3143 427 3369 492 ιιὺτοῦ;
3398 409 3568 486 Ὅταν
3587 409 3702 505 ἔτερ

2128 497 2354 569 ἀδελφὸς
2398 504 2684 574 δικάζηται
2711 510 2846 578 μετὰ
2880 512 3133 582 ἀδελφοῦ,
3163 516 3284 569 οὐδὲ
3319 518 3523 587 πολλῆς
3561 497 3699 574 δέῖὲι

454 587 717 657 κρινοῦσι.
766 587 934 641 Τοῦτο
975 588 1105 655 γοῦν
1133 588 1307 661 δηλῶν
1341 591 1494 660 ἔλεγε
1517 607 1530 622 '
1568 595 1676 647 Kal
1708 597 1761 647 εί
1786 595 1856 648 ἐν
1882 594 2026 663 ὑμῖν
2259 589 2647 681 συκίέσξωςᾷἦεαὶ
2688 595 2788 665 τῆς
2819 597 3121 669 δεινότητος
3153 603 3230 673 τῷ
3264 606 3602 674 μεσιτεύοντι
3630 612 3700 681 τῇ

452 677 711 743 κρίνεται
744 680 778 730 ὁ
810 678 1058 746 κνόσμος,
1090 679 1331 744 ἀνάξιοί
1372 682 1512 735 ἐστε
1543 684 1857 751 κριτηρίων
1886 685 2024 739 ἐλα-

448 766 711 835 χίστων;
773 768 847 821 Οὐ
914 769 1023 841 γὰρ
1089 765 1263 837 εἶπεν,
1327 773 1448 841 Ὑφ’
1494 775 1668 845 ὑμῶν,
1722 775 1856 843 ἀλλ’,
1921 775 2023 831 Ἐν

445 859 608 928 ὑμῖν·
657 858 845 933 ῶσπερ
881 863 1009 915 ὅταν
1047 863 1202 937 λέγῃο
1249 868 1599 921 Βασίλισσα
1645 874 1824 924 νότου
1872 870 2017 925 ἁνα-

444 950 755 1019 στήσεται,
812 953 910 1007 καί
945 955 1295 1023 κατακρινεῖ
1332 959 1448 1026 τὴν
1490 963 1707 1030 γενεὰν
1754 963 1978 1030 ταύτην
2002 981 2016 996 ·

443 1040 561 1103 καὶ,
599 1041 839 1110 Ἄνδρες
869 1045 1169 1100 Νινευῗται
1196 1048 1669 1119 ἀναστήσονται,
1706 1054 1802 1105 καὶ
1835 1071 2017 1107 κατα-

443 1130 719 1196 κρινοῦσι
747 1132 862 1200 τὴν
896 1135 1112 1203 γενεὰν
1140 1138 1385 1204 ταύτην.
1419 1140 1589 1193 Ὅταν
1641 1142 1747 1213 γάρ
1778 1144 1868 1195 τὸν
1919 1146 2018 1198 αὐ-

439 1221 532 1274 τὸν
565 1221 714 1292 ἥλιον
745 1224 998 1294 ὁρῶντες,
1029 1227 1124 1280 καὶ
1151 1227 1259 1282 τῶν
1293 1231 1474 1286 αὐτῶν
1519 1235 1838 1305 μετέχοντες
1884 1240 2018 1293 πάν-

441 1329 569 1376 των,
613 1316 774 1384 ἡμεῖς
810 1316 906 1385 μέν
935 1319 1252 1389 εὑρεθῶμεν
1287 1325 1697 1391 πιστεύσαντες,
1727 1330 1927 1383 ἐκεῖνοι
1959 1332 2016 1384 δὲ

440 1401 826 1473 ἡπιστηκότες,
855 1408 913 1459 οὐ
945 1407 1265 1477 δυνήσονται
1286 1415 1365 1476 εἰς
1406 1415 1629 1482 ἄγνοιαν
1653 1424 2012 1489 καταφυγεῖν·

438 1498 888 1567 κατηγορήσομεν
915 1500 1024 1570 γὰρ
1044 1502 1221 1555 αὐτῶν
1245 1505 1403 1574 ἡμεῖς
1430 1506 1496 1559 δι’
1520 1509 1718 1573 αὐτῶν,
1753 1505 1826 1565 ὧν
1850 1514 2015 1583 ἐπρά·

438 1583 628 1654 ξαμεν.
662 1588 772 1640 Καὶ
811 1589 983 1643 πολλά
1011 1591 1239 1646 τοιαῦτα
1279 1596 1498 1669 εὑρήσει
1537 1617 1621 1663 τις
1671 1603 1787 1656 ἐκεῖ
1818 1607 2013 1676 κριτή-

438 1692 549 1745 ρια.
592 1675 745 1743 Εἶτα,
782 1679 868 1732 ἵνα
902 1679 975 1751 μὴ
1007 1682 1133 1755 δόξῃ
1163 1702 1246 1748 τις
1282 1689 1409 1757 περὶ
1458 1689 1633 1744 ἄλλων
1680 1691 1880 1761 λέγειν,
1911 1675 2008 1766 ὅρα

434 1767 554 1830 πῶς
580 1774 874 1823 κοινοποιεῖ
899 1772 994 1825 τὸν
1038 1773 1191 1841 λόγον
1212 1793 1225 1806 ·
1258 1779 1371 1830 Καὶ
1401 1781 1453 1832 εί
1478 1780 1546 1833 ἐν
1575 1782 1717 1850 ὑμῖν
1748 1784 2011 1851 κρίνεται

435 1856 584 1930 μό8]
638 1862 672 1912 ό
702 1860 952 1929 κόσμος,
991 1863 1230 1929 ἀνάξιοί
1274 1868 1416 1921 ἐστε
1457 1874 1779 1940 κριτηρίων
1807 1874 2011 1945 ἐλαχί-

431 1964 629 2015 στων;
654 1951 923 2021 Αἰσχύνην
958 1955 1085 2024 ὑμῖν
1140 1958 1295 2028 φέρει
1339 1959 1400 2013 τὸ
1437 1965 1689 2033 πρᾶγμα,
1726 1967 1880 2036 φησί,
1914 1968 2009 2020 καὶ

429 2040 631 2104 ὄνειδος
673 2044 898 2111 ἄφατον.
965 2047 1184 2120 Ἐπειδὴ
1232 2051 1342 2121 γὰρ
1395 2055 1544 2117 εἰκὸς
1575 2051 1643 2126 ἦν
1673 2058 1870 2121 αὐτοὺς
1905 2059 2008 2112 ὑπὸ

429 2131 537 2183 τῶν
572 2133 679 2186 ἔσω
730 2138 1084 2206 κρινομένους
1131 2145 1501 2211 αἰσχύνεσθαι,
1555 2149 1863 2204 τούναντίον
1908 2153 2006 2222 μέν

428 2217 520 2275 οὖν
545 2223 694 2276 ἐστιν
725 2225 976 2297 αἰσχύνη,
1026 2231 1213 2300 φησὶν,
1262 2233 1390 2287 ὅταν
1423 2237 1528 2289 ὑπὸ
1553 2238 1661 2289 τῶν
1690 2238 1794 2305 ἔξω
1820 2242 2004 2311 κρίνε-

430 2313 554 2365 σθε·
587 2315 772 2366 ἐκεῖνα
829 2316 939 2387 γάρ
991 2321 1137 2373 ἐστιν
1177 2322 1432 2393 ἐλάχιστα
1483 2328 1553 2380 τὰ
1602 2333 1880 2402 κριτήρια,
1942 2335 2003 2388 ού

426 2403 619 2458 ταῦτα.
654 2406 775 2460 Οὐκ
798 2407 997 2464 οἴδατε
1028 2410 1118 2466 ὅτι
1153 2413 1451 2485 ἀγγέλους
1479 2422 1820 2492 κρινοῦμεν,
1860 2424 2003 2494 μήτι

427 2515 492 2567 γε
517 2498 806 2565 βιωτικὰ;
855 2504 1014 2567 Τινὲς
1041 2506 1278 2563 ἐνταῦθά
1307 2529 1439 2580 φασι
1467 2514 1593 2578 τοὺς
1620 2517 1800 2586 ἱερέας
1830 2521 2001 2573 αἰνίτ-

423 2589 640 2642 τεσθαι·
675 2592 790 2646 ἀλλ’
816 2594 1025 2665 ἄπαγε’
1061 2600 1190 2670 περὶ
1225 2603 1333 2674 γὰρ
1362 2605 1631 2675 δαιμόνων
1659 2610 1687 2660 ὁ
1714 2608 1870 2679 λόγος
1904 2613 2002 2665 αύ-

422 2678 520 2749 τῷ.
548 2681 610 2734 EE
637 2682 746 2753 γὰρ
772 2686 900 2757 περὶ
925 2688 1119 2759 ἱερέων
1142 2689 1293 2761 ἔλεγε
1319 2694 1755 2768 διεφθαρμένων,
1778 2702 2000 2772 ᾐνίξατο

421 2770 489 2825 ἂν
516 2774 709 2840 αὐτοὺς
734 2777 845 2832 ἄνω
873 2782 1062 2846 εἰπὼν,
1093 2784 1173 2837 ὅτι
1207 2785 1309 2839 Ἔν
1335 2788 1478 2857 ὑμῖν
1504 2793 1767 2858 κρίνεται
1815 2797 1849 2847 ὁ
1893 2797 1999 2849 κό-

419 2879 592 2933 σμος’
624 2863 732 2921 οἶδε
786 2870 893 2941 γὰρ
923 2873 1127 2944 κόσμον
1154 2880 1249 2929 καὶ
1300 2882 1428 2944 τοὺς
1481 2883 1752 2953 πονηροὺς
1784 2885 1999 2959 ἀνθρώ-

421 2968 555 3017 πους
582 2955 765 3011 καλεῖν
878 2961 1068 3035 Γραφή
1096 2981 1109 2994 ·
1158 2967 1253 3019 καὶ
1295 2969 1395 3022 οὐκ
1439 2970 1504 3023 ἂν
1545 2975 1609 3025 ἐκ
1639 2955 1900 3045 δευτέρου
1937 2978 1997 3030 τὸ

419 3043 550 3096 αὐτὸ
576 3042 748 3110 εἶπεν,
780 3050 893 3102 οὐδ’
932 3051 997 3104 ἂν
1026 3053 1100 3116 ὡς
1139 3058 1325 3125 μεῖζόν
1354 3076 1406 3112 τι
1439 3059 1612 3130 λέγων
1644 3063 1868 3136 ὕστερον
1901 3070 1999 3121 αὐ-

419 3134 481 3186 τὸ
509 3135 783 3195 τέθεικεν.
823 3140 984 3197 Ἀλλά
1008 3146 1135 3216 περὶ
1166 3148 1386 3202 ἐκείνων
1415 3150 1563 3220 λέγει
1590 3155 1696 3209 τῶν
1724 3134 1991 3227 ἀγγέλων,

420 3227 549 3296 περὶ
577 3220 650 3282 ὧν
687 3246 851 3300 φησιν
888 3235 916 3286 ὁ
960 3236 1191 3304 Χριστός
1214 3253 1230 3267 '
1275 3242 1610 3307 Πορεύεσθε
1650 3248 1739 3313 είς
1875 3220 1995 3320 πῦρ

416 3317 485 3369 τὸ
521 3318 967 3388 ἡτοιμασμένοι·
1012 3324 1091 3391 τῷ
1134 3325 1390 3393 διαϐόλῳ
1423 3333 1521 3386 καὶ
1557 3335 1683 3401 τοῖς
1713 3317 1995 3410 ἀγγέλοις

415 3408 621 3461 αὑτοῦ·
663 3410 754 3462 καὶ
787 3413 815 3465 ὀ
850 3412 1079 3479 Παῦλος,
1111 3416 1192 3469 ὅτι
1228 3421 1293 3471 Οί
1316 3418 1559 3490 ἄγγελοι
1601 3427 1789 3482 αὐτοῦ
1810 3408 1991 3497 pata;

414 3501 872 3569 σχηματίζονται
912 3505 993 3569 ὡς
1050 3505 1319 3563 διάκονοι
1357 3513 1779 3587 δικαιοσύνης.
1823 3521 1993 3577 Ὅταν

412 3587 521 3658 γὰρ
558 3589 613 3641 αἱ
645 3590 927 3661 ἀσώματοι
966 3593 1228 3665 δυνάμεις
1258 3593 1419 3654 αὗται
1453 3601 1676 3658 ἔλαττον
1709 3608 1869 3678 ἡμῶν
1900 3613 1991 3664 εύ-

415 3678 643 3750 ρεθῶσιν
673 3682 894 3757 ἔχουσαι
932 3686 1041 3741 τῶν
1070 3689 1249 3758 σάρκα
1285 3694 1790 3769 περιϐεϐλημένων,
1831 3703 1995 3773 χαλε-

412 3771 665 3843 πωτέραν
710 3774 941 3827 δώσουσι
973 3776 1150 3845 δίκην.
1212 3781 1276 3833 Et
1306 3782 1363 3834 δὲ
1402 3783 1483 3837 ἔτι
1521 3771 1881 3855 φιλονεικοῖέν
1905 3811 1989 3847 τι-

411 3877 499 3925 νες
550 3862 729 3933 ἱερέας
788 3863 967 3933 λέγειν
1020 3867 1206 3934 αὑτὸν,
1253 3872 1496 3942 ἐρόμεθα
1542 3879 1731 3943 ποίους
1768 3883 1987 3953 ίερέας;

412 3951 551 4014 Τοὺς
580 3949 847 4021 βιωτικῶς
892 3960 1378 4030 περιπατήσαντας
1424 3965 1662 4031 πάντως.
1720 3972 1846 4035 Πῶς
1895 3971 1989 4028 οὖν

413 4057 598 4109 φησιν,
658 4041 967 4112 Ἀγγέλους
1024 4048 1368 4117 κρινοῦμεν,
1405 4053 1551 4122 μήτι
1601 4073 1669 4125 γε
1711 4059 1986 4129 βιωτικὰ,

412 4131 547 4201 πρὸς
575 4133 983 4208 ἀντιδιαστολὴν
1011 4137 1115 4191 τῶν
1152 4139 1428 4210 βιωτικῶν
1459 4146 1628 4211 τιθεὶς
1659 4153 1790 4215 τοὺς
1818 4154 1990 4222 ἀγγέ-

409 4212 565 4289 λουςς
620 4224 881 4291 Εξκότως,
917 4229 1012 4283 ἅτε
1049 4231 1148 4301 τῆς
1191 4232 1396 4288 τούτων
1420 4238 1608 4307 χρείας
1641 4212 1797 4307 ἐκτὸς
1832 4212 1987 4314 γενο-

410 4313 602 4383 μένους
629 4316 718 4371 διὰ
748 4318 846 4389 τὴν
876 4320 975 4389 τῆς
1011 4319 1229 4390 φύσεως
1259 4325 1556 4398 ὑπεροχήν.
1587 4334 1840 4391 Βιωτικὰ
1871 4338 1988 4407 μὲν

407 4400 520 4460 οὖν
542 4407 809 4476 κριτήρια
839 4409 948 4464 ἐὰν
972 4412 1173 4483 ἔχητε,
1203 4416 1346 4483 τοὺς
1375 4400 1891 4494 ἐξουθενιυιένους
1918 4431 1987 4485 ἐν

408 4493 480 4562 τῇ
516 4496 868 4564 Ἐκκλησία,
906 4503 1157 4570 τούτους
1186 4507 1473 4568 καθίζετε.
1503 4513 1638 4566 Μεθ’
1671 4517 1984 4590 ὑπερϐολῆς

406 4586 551 4654 ἡμᾶς
579 4585 786 4650 διδάξαι
816 4589 1161 4662 βουλόμενος,
1184 4597 1290 4663 ὃτι,
1322 4600 1435 4653 οὐδ’
1464 4601 1532 4654 ἂν
1558 4605 1737 4660 ὁτιοῦν
1779 4585 1836 4681 ᾖ,
1869 4585 1983 4677 τοῖς

405 4679 600 4745 ἔξωθεν
634 4682 861 4746 ἑαυτοὺς
905 4685 1106 4741 διδόναι
1135 4690 1265 4762 χρὴ,
1295 4694 1397 4763 τὴν
1422 4696 1689 4755 δοκοῦσαν
1715 4679 1855 4759 εἶναι
1884 4707 1984 4761 ἀν-

403 4775 610 4829 τίθεσιν
642 4780 893 4848 κινήσας,
944 4790 1378 4858 προηγουμένως
1413 4793 1625 4866 ταύτην
1670 4798 1878 4857 ἔλυσεν.
1916 4807 1981 4859 Ὃ

404 4870 511 4939 γὰρ
540 4870 709 4939 λέγει,
749 4874 991 4929 τοιοῦτόν
1017 4880 1185 4934 ἐστιν’
1222 4882 1382 4950 Ἶσως
1414 4890 1532 4958 ἐρεῖ
1559 4909 1662 4961 τις,
1690 4895 1773 4948 ὅτι
1802 4898 1981 4965 οὐδεὶς

405 4968 463 5017 ἐν
492 4969 621 5038 ὑμῖν
669 4971 832 5040 σοφὸς
861 4972 980 5027 οὐδὲ
1027 4976 1211 5043 ἱκανὸς
1248 4981 1546 5056 διακρῖναι,
1585 4990 1703 5044 ἀλλ’
1738 4996 1980 5051 εὐκατα-

405 5062 660 5135 φρόνητοι
693 5068 913 5132 πάντες.
959 5072 1070 5126 Καὶ
1096 5074 1149 5127 τί
1178 5074 1366 5146 τοῦτο;
1404 5083 1524 5138 Κᾶν
1556 5085 1666 5158 γὰρ
1707 5092 1900 5162 μηδεὶς

407 5158 589 5225 σοφὸς,
618 5162 773 5231 φησὶ,
820 5168 934 5229 τοῖς
967 5168 1273 5240 ἐλαχίστοις
1311 5175 1656 5248 ἐπιτρέπετε.
1689 5158 1869 5242 Τοῦτο
1909 5158 1979 5244 δέ

404 5253 554 5319 πρὸς
589 5255 891 5327 ἐντροπὴν
923 5263 1064 5331 ὑμῖν
1102 5267 1278 5338 λέγω.
1326 5272 1669 5345 Ἐλέγχοντός
1714 5282 1829 5336 ἐστι
1876 5285 1976 5356 τὴν

402 5343 606 5398 τούτων
632 5348 921 5416 ἀντίθεσιν,
955 5354 1033 5418 ὡς
1071 5360 1269 5428 σκῆψιν
1317 5360 1483 5419 οὖσαν
1538 5376 1839 5444 περιττήν
1892 5380 1976 5433 διὸ

404 5440 500 5492 καὶ
523 5442 803 5512 ἐπήγαγεν
821 5462 834 5476 ’
874 5449 1072 5515 Οῢτως
1101 5454 1211 5506 οὐκ
1238 5456 1328 5509 ἔνι
1355 5462 1547 5529 σοφὸς
1663 5440 1804 5538 ὑμῖν
1831 5475 1975 5528 οὐδὲ

405 5531 525 5602 εἷς;
577 5539 844 5611 Τοσαύτη,
882 5546 1067 5616 φησιν,
1097 5549 1332 5621 ἀπορία;
1379 5558 1617 5632 τοσαύτη
1658 5531 1852 5632 σπάνις
1878 5570 1971 5624 ἀν-

404 5630 543 5698 δρῶν
576 5636 808 5692 συνετῶν
839 5643 969 5711 παρ’
995 5644 1155 5713 ὖμῖνς
1183 5647 1290 5699 Καὶ
1317 5650 1349 5718 ἡ
1372 5630 1632 5728 ἐπαγωγῆ
1666 5660 1722 5714 δὲ
1747 5630 1970 5732 μείζονα

403 5723 497 5793 τὴν
517 5727 727 5802 πληγὴν
750 5731 880 5804 ἔχει·
915 5737 1083 5792 εἰπὼν
1112 5742 1239 5813 γὰρ,
1273 5744 1472 5814 οὕτως
1505 5750 1615 5804 οὐκ
1648 5752 1738 5808 έν(
1769 5760 1964 5827 σοφὸς

2125 670 2269 742 δίκῃ,
2303 677 2397 743 τῆς
2423 677 2717 745 διαθέσεως
2744 686 2838 738 καὶ
2866 686 2969 752 τῆς
2998 670 3319 757 συγγενείας
3349 693 3522 748 πολλά
3556 670 3696 769 συμῖ

2125 762 2466 833 πραττούσης
2488 768 2622 836 πρὸς
2644 767 2740 840 τὴν
2767 770 2918 827 λύσιν
2937 776 3036 843 τῆς
3060 778 3314 849 τοιαύτης
3342 781 3697 848 φιλονεικίας.

2137 846 2314 902 Ἀλλὰ
2340 842 2602 921 ἁδελφὸς
2626 861 2775 925 μετὰ
2798 861 3067 931 ἀδελφοῦ
3093 842 3377 932 κρίνεται,
3404 879 3503 923 καί
3521 842 3701 926 τουτο

2120 933 2222 986 ἐπὶ
2254 936 2541 994 ἀπίστων.
2579 940 2729 1008 Εἶδες
2770 948 2887 1011 πῶς
2926 950 2984 1003 ἐν
3013 951 3153 1023 ἀρχῇ
3185 953 3280 1022 μὲν
3311 958 3597 1028 χρησίμως
3626 959 3697 1013 δι-

2124 1019 2284 1074 έϐαλε
2315 1026 2443 1088 τοὺς
2472 1027 2812 1097 δικάζοντας,
2845 1019 3065 1101 ἀδίκους
3088 1019 3360 1104 καλέσαςῗ
3376 1019 3612 1098 ἐνταῦθα
3640 1045 3697 1098 δὲ

2122 1109 2509 1182 ἐντρεπτικῶς,
2545 1119 2807 1187 ἀπίστους
2833 1125 3033 1191 είπών;
3094 1129 3205 1183 Καὶ
3234 1132 3343 1202 γὰρ
3370 1134 3575 1204 σφόδρα
3608 1137 3695 1189 al-

2123 1198 2307 1267 σχρὸν,
2361 1203 2410 1254 εἰ
2465 1204 2598 1276 μηδέ
2640 1207 2889 1277 ἀδελφοῖς
2946 1211 3100 1287 [159]
3158 1198 3387 1273 δυνατὸν
3417 1198 3695 1290 γενέσθαι

2120 1287 2467 1362 καταλλαγῆς
2502 1294 2673 1349 αἴτιον
2702 1299 2791 1353 τὸν
2814 1302 2984 1373 ἱερέα,
3018 1305 3132 1358 ἀλλ’
3161 1306 3374 1380 ἀνάγκη
3405 1287 3543 1381 πρὸς
3566 1312 3692 1375 τοὺς

2119 1378 2223 1445 ἔξω
2270 1384 2505 1470 τρέχειν.
2531 1387 2694 1442 Ὥστε
2749 1392 2938 1456 εἰπὼν,
2969 1395 3122 1462 Τοὺς
3154 1378 3689 1470 ἐξουθενημένους,

2117 1475 2176 1527 ού
2208 1476 2365 1530 τοῦτο
2396 1469 2520 1533 εἶπε
2556 1485 3003 1553 προηγουμένως,
3035 1488 3117 1541 ὃτι
3157 1490 3282 1554 τοὺς
3332 1493 3690 1567 ἀπερριμμέ-

2117 1585 2238 1633 νους
2268 1569 2349 1623 δεῖ
2389 1573 2652 1639 καθίζειν,
2701 1576 2838 1631 ἀλλά
2884 1579 3300 1652 καθαπτόμενος
3324 1586 3529 1639 αὐτῶν.
3567 1590 3691 1643 ’Ότι

2115 1663 2224 1734 γὰρ
2252 1667 2360 1727 τοῖς
2390 1665 2707 1734 δυναμένοις
2735 1669 3031 1741 διακρίνειν
3063 1675 3379 1745 ἐπιτρέπειν
3408 1680 3537 1752 χρὴ,
3568 1682 3693 1752 ἐδήο

2113 1755 2284 1811 λωσεν
2316 1755 2507 1810 εἰπών’
2545 1760 2744 1826 Οὕτως
2776 1765 2889 1817 οὐκ
2917 1764 3009 1817 ἔνι
3046 1766 3241 1835 σοφὸς
3272 1769 3343 1822 ἐν
3368 1771 3512 1840 ὑμῖν
3547 1774 3693 1827 οὐδὲ

2112 1843 2234 1913 είς;
2266 1851 2363 1903 καὶ
2391 1852 2456 1904 ἐκ
2490 1854 2810 1922 περιουσίας
2841 1857 3209 1924 ἐπιστομίζων
3249 1863 3345 1915 καὶ
3376 1848 3573 1932 λέγων,
3608 1868 3690 1920 ὅτι

2113 1941 2161 1992 εἰ
2200 1939 2293 1993 καὶ
2327 1942 2514 2012 μηδεὶς
2540 1938 2607 2014 ἦν
2638 1945 2802 2013 σοφὸς
2832 1950 2889 2000 ἐν
2922 1949 3072 2019 ὑμῖν,
3112 1955 3227 2017 τοῖς
3250 1954 3533 2021 ἀσυνέτοις
3563 1959 3687 2012 ἐπι-

2112 2031 2335 2100 τρέπειν
2366 2035 2537 2105 ἐχρῆν
2583 2037 2782 2106 μᾶλλον
2813 2039 2910 2110 τὴν
2941 2042 3225 2112 ἀκρόασιν,
3258 2047 3290 2116 ἢ
3326 2048 3455 2112 τοὺς
3484 2048 3689 2113 ἔξωθεν

2111 2121 2371 2186 δικάζειν.
2400 2125 2522 2189 Πῶς
2549 2126 2656 2196 γὰρ
2684 2129 2785 2181 οὐκ
2811 2129 3029 2197 ἄτοπον,
3062 2135 3119 2186 ἐν
3152 2135 3302 2206 οἰκίᾳ
3331 2137 3431 2206 μὲν
3461 2141 3687 2210 γινομές-

2110 2228 2207 2280 νης
2242 2213 2441 2283 μάχης,
2479 2215 2684 2283 μηδένα
2715 2218 2823 2271 τῶν
2862 2219 3063 2284 ἔξωθεν
3096 2223 3302 2288 καλεῖν,
3342 2226 3458 2278 ἀλλ’
3493 2228 3687 2298 αἰσχύ-

2108 2305 2290 2358 νεσθαι
2322 2308 2370 2358 εί
2401 2306 2668 2381 διαδοθείη
2704 2313 2839 2381 πρὸς
2862 2314 2989 2378 τοὺς
3009 2314 3112 2379 ἔξω
3140 2317 3207 2371 τὰ
3232 2318 3379 2371 ἔνδον
3400 2320 3684 2392 γινόμενα·

2107 2395 2236 2449 ἔνθα
2267 2398 2323 2479 δέ
2358 2400 2670 2471 Ἐκκλησία,
2699 2405 2806 2457 τῶν
2829 2408 3156 2479 ἀπορρήτων
3193 2412 3511 2482 μυστηρίων
3535 2416 3564 2468 ὁ
3590 2414 3687 2486 θη-

2108 2470 2327 2561 σαυρὸς,
2378 2470 2556 2547 πάντα
2609 2470 3119 2568 ἐκφέρεσθαι’ἐξω;
3186 2470 3686 2577 ἰλλλὰηάδελεεές

2099 2582 2250 2650 μετὰ
2282 2584 2550 2654 ἀδελφοῦ
2585 2589 2867 2656 κρίνεται,
2901 2593 2997 2646 καί
3044 2594 3222 2648 τοῦτο
3249 2597 3345 2650 ἐπὶ
3381 2598 3679 2655 ἀπίστων,

2105 2674 2336 2728 Am).on
2364 2677 2424 2729 rb
2449 2677 2614 2751 ἕγκλη
2625 2697 2722 2749 μα,
2757 2681 2836 2734 ὅτι
2870 2683 3136 2754 κρίνεται,
3165 2688 3259 2740 καὶ⁸
3284 2689 3376 2742 ἐπὶ
3408 2689 3680 2750 ἀπίστων.

2102 2764 2166 2817 Εί
2221 2766 2330 2837 γὰρ
2383 2769 2477 2821 καὶ
2532 2769 2653 2823 καθ’
2684 2773 2844 2826 ἐαυτδ
2890 2775 2951 2826 τὸ
2998 2778 3234 2848 πρᾶγμα
3282 2779 3590 2851 ἁμάρτημα
3621 2783 3682 2837 rb

2104 2853 2240 2923 πρὸς
2269 2855 2494 2924 ἀδελφὸν
2519 2857 2817 2928 κρίνεσθαι,
2853 2861 2915 2915 rb
2958 2865 3049 2918 καὶ
3087 2865 3178 2917 ἐπὶ
3214 2865 3491 2932 ἐξωτικῶν
3519 2869 3683 2924 ποίαν

2102 2946 2215 3016 ἔχει
2242 2947 2602 3021 συγγνώμην;
2629 2947 2770 3021 Ἤδη
2810 2954 2927 3023 μὲν
2955 2952 3067 3010 οὖν
3092 2957 3246 3024 ὅλως
3279 2959 3512 3030 ἥττημα
3539 2962 3686 3032 ὑμῖν

2099 3038 2286 3101 ἐστιν,
2314 3038 2402 3092 ὅτι
2450 3042 2703 3111 κρίματα
2744 3044 2912 3114 ἔχετε
2935 3049 3064 3115 μεθ’
3110 3049 3356 3104 ἑαυτῶν.
3392 3048 3548 3118 Εἶδες
3579 3054 3682 3108 ποῦ

2101 3131 2232 3184 αὐτὸ
2289 3134 2562 3203 ἐτήρησε,
2606 3136 2702 3189 καὶ
2752 3138 2869 3202 πῶς
2924 3140 3197 3212 εὐκαίρως
3245 3144 3377 3197 αὐτὸ
3431 3147 3681 3215 ἀνεῖλενς

2100 3220 2266 3274 Οὔπω
2290 3224 2398 3293 γάρ
2431 3223 2595 3291 λέγω,
2634 3227 2787 3297 φησὶ,
2833 3229 2917 3292 τὶς
2959 3230 3154 3296 ἀδικεῖ,
3183 3234 3216 3304 ἢ
3249 3236 3332 3297 τἰς
3365 3234 3677 3293 ἀδικεῖται·

2097 3312 2236 3375 τέως
2267 3313 2415 3384 αύτῷ
2450 3315 2526 3386 τῷ
2562 3316 2842 3387 κρίνεσθαι
2875 3320 3135 3393 ἑκάτερος
3170 3324 3548 3397 διαϐέϐληται,
3578 3331 3682 3384 καὶ

2097 3404 2249 3457 οὐδὲν
2283 3405 2469 3476 ἔτερος
2500 3408 2689 3477 ἐτέρου
2735 3410 2960 3481 βελτίων
2999 3415 3144 3468 κατά
3177 3416 3363 3471 τοῦτο.

2165 3498 2226 3550 δ’.
2258 3498 2320 3550 Εἰ
2359 3498 2414 3550 δέ
2441 3498 2664 3563 δικαίως
2693 3501 2724 3571 ἢ
2753 3503 2951 3567 ἀδίκως
2985 3507 3251 3577 κρίνεται,
3293 3511 3480 3582 ἐτέρου
3514 3513 3676 3584 λόγου

2098 3587 2274 3642 τοῦτο.
2309 3589 2400 3660 Μὴ
2430 3592 2610 3644 τοίνυν
2653 3592 2801 3662 λέγε*
2832 3595 2927 3659 Τὶς
2970 3598 3248 3669 ἠδίκησεν·
3286 3604 3539 3659 ἐντεῦθεν
3565 3607 3678 3679 γάρ

2097 3679 2195 3749 ἤδη
2229 3698 2289 3734 σε
2324 3684 2638 3754 κατακρίνω
2669 3685 2777 3738 ἀπὸ
2808 3686 2901 3740 τοῦ
2944 3688 3279 3755 δικάζεσθαι.
3327 3695 3391 3749 Εἰ
3420 3696 3479 3752 δὲ
3505 3698 3569 3752 rb
3596 3701 3673 3773 μὴ

2094 3766 2351 3822 δύνασθαι
2387 3770 2572 3842 φέρειν
2610 3774 2918 3844 ἀδικοῦντα,
2949 3777 3219 3850 ἔγκλημα,
3250 3783 3310 3837 τὸ
3338 3787 3432 3839 καὶ
3464 3766 3673 3844 ἀδικεῖν

2096 3858 2267 3928 πόσης
2297 3861 2632 3931 κατηγορίας
2661 3863 2844 3930 ἄξιον;
2881 3868 2983 3921 Διά
3012 3870 3068 3921 τί
3105 3872 3240 3940 οὐχὶ
3264 3872 3512 3942 μᾶλλον
3546 3878 3674 3933 ἀδι-

2093 3949 2295 4004 κεῖσθε
2312 3967 2331 4015 ;
2361 3951 2459 4007 διὰ
2486 3955 2545 4007 τί
2577 3957 2712 4025 οὐχὶ
2743 3959 2987 4027 μᾶλλον
3015 3964 3494 4035 ἁποστερεῗσθε;
3526 3972 3670 4029 ἀλλ’
3698 3986 3705 3991 ·

2092 4045 2258 4098 αὐτοὶ
2290 4046 2545 4102 ἀδικεῖτε
2578 4052 2672 4103 καὶ
2708 4053 3109 4123 ἀποστερεῖτε,
3139 4060 3238 4113 καί
3272 4063 3461 4117 ταῦτα
3485 4066 3669 4122 ἁδελ-

2092 4136 2262 4203 φούς.
2298 4136 2465 4190 Πάλιν
2498 4138 2719 4194 διπλοῦν
2750 4142 2810 4196 rb
2838 4144 3108 4218 ἔγκλημα,
3151 4150 3291 4220 τάχα
3321 4152 3378 4206 δὲ
3409 4155 3503 4208 καὶ
3553 4174 3667 4229 τρι-

2092 4225 2257 4281 πλοῦν
2304 4230 2398 4283 καὶ
2446 4233 2859 4300 τετραπλάσιον.
2910 4239 3004 4291 Ἐν
3066 4240 3187 4309 μὲν,
3221 4243 3283 4296 τὸ
3339 4245 3414 4315 μὴ
3464 4225 3666 4303 ειδέναι

2089 4315 2441 4389 ἀδικούμενον
2507 4321 2727 4392 φέρειν·
2777 4324 3028 4398 δεύτερον
3055 4329 3133 4396 δὲ,
3184 4331 3246 4384 rb
3294 4336 3388 4387 καὶ
3417 4337 3664 4392 ἀδικεῖνο

2088 4408 2291 4477 τρίτον,
2321 4409 2382 4463 rb
2409 4411 2505 4463 καὶ
2537 4414 2647 4476 τοῖς
2681 4413 2889 4478 ἀδίκοις
2920 4418 3238 4489 ἐπιτρέπειν
3266 4424 3394 4494 περὶ
3428 4427 3663 4481 τούτων·

2086 4498 2362 4569 τέταρτον,
2415 4501 2476 4554 rb
2519 4504 2613 4557 καὶ
2670 4504 2916 4574 ἀδελφόν.
2981 4511 3115 4564 Οὐδὲ
3174 4513 3282 4586 γὰρ
3335 4518 3541 4586 ὁμοίως
3596 4521 3667 4574 τὰ

2088 4590 2458 4660 ἁμαρτήματα
2482 4594 2746 4664 κρίνεται,
2777 4598 2904 4651 ὅταν
2941 4602 3020 4665 είς
3046 4604 3139 4657 τὸν
3186 4607 3421 4676 τυχόντα
3458 4612 3552 4664 καὶ
3581 4614 3669 4674 είς

2084 4678 2147 4731 rb
2177 4681 2377 4733 οἰκεῖον
2398 4681 2618 4751 γίνηται
2653 4685 2834 4755 μέλος.
2878 4689 3008 4742 Ἀπὸ
3042 4692 3151 4765 γὰρ
3189 4694 3433 4761 πλείονος
3473 4700 3665 4771 ἰταμό-

2084 4786 2244 4840 τητος
2267 4770 2529 4841 τολμᾶται
2560 4776 2719 4831 τοῦτο
2737 4796 2755 4808 ο
2779 4781 2942 4835 κάκεῖ
2974 4785 3070 4853 μὲν
3100 4787 3133 4856 ἡ
3162 4786 3323 4855 φύσις
3354 4790 3450 4843 τοῦ
3478 4770 3663 4864 πράγ-

2087 4877 2254 4933 ματος
2298 4867 2755 4939 καταπεπάτηται
2794 4873 2952 4943 μόνη,
2996 4876 3229 4930 ἐνταῦθα
3272 4880 3329 4932 δέ
3369 4884 3463 4935 καὶ
3498 4884 3530 4954 ἡ
3562 4885 3660 4938 τοῦ

2082 4957 2378 5025 προσώπου
2415 4961 2652 5032 ποιότης.
2699 4962 2995 5037 Ἐντρέψας
3031 4969 3210 5024 τοίνυν
3237 4972 3346 5026 ἀπὸ
3391 4975 3503 5029 τῶν
3541 4995 3663 5031 κοι-

2080 5048 2185 5101 νῶν
2210 5049 2504 5121 λογισμῶν,
2542 5054 2636 5106 καὶ
2695 5056 2800 5126 πρὸ
2851 5057 3056 5111 τούτων
3094 5062 3201 5115 ἀπὸ
3233 5063 3342 5117 τῶν
3384 5067 3660 5137 κειμένων

2078 5141 2348 5209 ἐπάθλων,
2392 5147 2471 5207 εἰς
2533 5146 2764 5215 ἀπειλὴν
2813 5138 3123 5207 κατακλείει
3156 5155 3254 5224 τὴν
3305 5158 3661 5228 παραίνεσιν,

2082 5231 2425 5303 ἰσχυρότερον
2464 5232 2634 5287 ποιῶν
2665 5235 2755 5288 τὸν
2781 5236 2958 5308 λόγον,
2991 5242 3084 5295 καὶ
3108 5243 3249 5297 οὕτω
3276 5244 3450 5314 λέγων
3475 5264 3488 5278 ’
3531 5252 3659 5304 Οὐκ

2074 5322 2275 5376 οἴδατε
2301 5321 2388 5376 ὅτι
2415 5322 2608 5378 ἄδικοι
2631 5327 2961 5390 βασιλείαν
2995 5332 3143 5388 Θεοῦ
3173 5338 3245 5390 οὐ
3283 5341 3661 5411 κληρονομή-

2076 5426 2295 5479 σσυσι;
2321 5414 2418 5483 Μὴ
2445 5416 2761 5473 πλανᾶσθε
2782 5437 2796 5453 ο
2824 5423 2961 5477 οὔτε
2989 5425 3218 5494 πόρνοι,
3248 5429 3389 5484 οὔτε
3414 5432 3658 5489 εἰδωλο-

2075 5502 2307 5571 λάτραι,
2342 5506 2481 5560 οὔτε
2512 5510 2732 5579 μοιχοὶ,
2768 5514 2906 5568 οὔτε
2943 5520 3231 5584 μαλακοὶ,
3280 5523 3420 5577 οὔτε
3474 5526 3659 5596 ἀρσε-

2074 5595 2358 5661 νοκοῖται,
2384 5597 2522 5652 οὔτε
2565 5606 2940 5671 πλεονέκται,
2968 5611 3040 5663 οὐ
3068 5612 3343 5680 κλέπται,
3369 5618 3442 5671 οὐ
3461 5618 3655 5688 μέθυ-

2074 5700 2197 5749 σοι,
2230 5687 2302 5740 οὺ
2341 5689 2623 5760 λοίδοροι,
2659 5699 2771 5766 οὐχ
2817 5698 3084 5770 ἅρπαγες
3124 5687 3471 5768 ,ϐασιλείαν
3496 5712 3657 5768 Θεοῦ

2042 5832 2055 5837 δ
2137 5777 2161 5804 ⁸
2191 5775 2448 5837 Leqebalur
2471 5780 2556 5830 τοῦ
2589 5785 2810 5849 ἀδελφοῦ,
2831 5789 3053 5841 οὐδέποτε
3078 5794 3243 5843 δεῖται.
