3986 6202
87 0 1695 92 βλ-

332 333 432 388 133

325 456 540 514 tractet,
573 446 645 503 ita
670 442 892 501 dicens:
913 443 969 499 9..
993 444 1075 498 An
1092 441 1295 500 nescitis
1316 440 1456 511 quod
1480 440 1643 497 uncti
1664 436 1910 495 arandum

327 538 628 595 iudicabunt
645 538 672 593 ἒ

396 630 451 685 3.
482 628 564 691 Tu
591 646 739 701 ergo,
764 627 857 700 qui
873 628 1001 686 illos
1020 624 1306 697 aliquando
1322 622 1655 694 iudicaturus
1675 635 1756 684 cs,
1771 633 1910 691 quo-

329 721 493 779 modo
510 722 739 779 sustines
755 736 895 780 nunc
914 721 983 777 ab
1006 721 1117 777 illis
1143 717 1415 790 iiudicari?
1452 714 1778 774 Judicabnnt
1816 729 1909 771 au—

328 824 460 875 tem.
489 829 593 870 non
638 815 735 882 ipsi
762 814 1013 868 sedentes
1056 823 1113 868 et
1147 813 1411 866 rationem
1440 815 1746 878 repetentes
1768 846 1786 871 ,
1814 803 1908 861 sed

328 904 777 963 condemnabam.
808 905 921 960 Hoc
945 904 1089 959 enim
1132 902 1379 957 indicans
1403 900 1616 957 dicebat
1646 917 1661 954 :
1690 898 1760 954 Et
1787 899 1831 953 si
1854 898 1911 952 in

328 996 463 1051 ubis
476 997 745 1068 iudicatur
768 996 987 1049 mundus
1008 1035 1025 1061 ,
1051 995 1250 1066 indigni
1277 994 1394 1050 estis
1418 993 1640 1047 minimis
1658 992 1870 1063 judiciis
1886 992 1913 1045 .’

327 1086 442 1143 Non
462 1088 604 1142 enim
620 1087 784 1152 dixit,
813 1089 856 1142 Α
878 1086 1053 1149 vobis,
1074 1086 1192 1151 sed,
1214 1084 1360 1139 Inter
1385 1100 1505 1150 vos;
1534 1093 1591 1138 ut
1609 1099 1734 1140 eum
1758 1082 1908 1148 dicit,

329 1179 517 1244 Regina
532 1180 712 1235 Austri
723 1189 918 1251 surget,
939 1189 984 1234 et
1003 1179 1351 1234 condemnabit
1369 1180 1736 1250 generationem
1755 1178 1912 1242 hanc;

323 1280 379 1325 et
403 1269 510 1324 Viri
536 1269 784 1325 Ninivita:
807 1279 1015 1339 surgent
1031 1310 1048 1335 ,
1067 1280 1112 1324 et
1126 1270 1524 1325 condensaabtmt
1539 1271 1912 1341 generationem

324 1365 455 1417 Itane
488 1362 703 1434 (Matth.
727 1360 818 1421 12.
845 1363 937 1419 45.
964 1362 1025 1418 ιι
1043 1364 1082 1427 ).
1121 1361 1345 1429 Quando
1369 1363 1512 1419 enim
1530 1361 1792 1418 eumdem
1817 1374 1911 1415 so-

324 1454 431 1514 lem
452 1454 719 1518 ridentes,
736 1454 1114 1511 etcarumdem
1127 1470 1314 1511 mum
1334 1456 1573 1511 omnium
1593 1455 1906 1527 participes,

325 1560 433 1602 nos
454 1544 670 1613 quidem
694 1544 990 1604 credidisse
1011 1546 1207 1603 uirenti
1233 1543 1513 1611 fuerimus,
1543 1546 1621 1602 illi
1646 1560 1778 1601 .vero
1803 1561 1908 1601 non

321 1636 647 1704 credidisse,
674 1653 784 1692 non
833 1646 1082 1706 poterunt
1103 1638 1173 1692 ad
1212 1637 1573 1708 ignorantiam
1595 1637 1905 1709 confugere:

323 1744 434 1784 nos
453 1729 599 1784 enim
641 1729 766 1785 illos
803 1729 1177 1785 accusabimus
1206 1746 1303 1799 per
1339 1746 1401 1786 ea
1432 1747 1548 1799 quo
1574 1731 1815 1786 fecimus.
1838 1731 1912 1787 Et

323 1819 501 1875 multa
532 1819 637 1874 alia
664 1820 784 1893 quis
804 1821 1047 1876 inveniet
1072 1822 1142 1876 ibi
1158 1821 1378 1890 judicia.
1402 1823 1601 1877 Deinde
1620 1838 1687 1877 ne
1700 1824 1909 1879 videre-

321 1920 418 1964 tur
444 1910 678 1979 cuipiam
720 1910 790 1967 de
819 1910 947 1965 aliis
987 1910 1197 1977 dicere,
1228 1911 1351 1967 vide
1378 1913 1645 1982 quomodo
1671 1928 1908 1968 commu-

319 2018 448 2058 nem
499 2003 655 2057 faciat
683 2017 989 2059 sermonem
1016 2022 1031 2057 :
1056 2002 1197 2061 Etsi
1213 2005 1266 2057 in
1307 2006 1441 2059 vobis
1469 2006 1733 2077 iudicatur
1756 2024 1906 2062 mttu-

316 2094 444 2160 dtts,
472 2094 675 2165 indigni
698 2096 818 2150 estis
843 2097 1064 2149 minimis
1081 2097 1331 2165 judiciis?
1358 2098 1617 2154 Pudorem
1649 2101 1799 2156 vobis
1819 2115 1909 2156 res

315 2184 500 2250 τλῆθι-ι,
549 2186 743 2254 inquit,
780 2195 838 2240 ct
874 2185 1152 2245 :ineﬂabile
1189 2187 1439 2244 dedecus.
1485 2190 1614 2245 Nam
1657 2194 1805 2263 quia,
1851 2202 1910 2249 ut

315 2276 615 2332 verisimile
636 2286 742 2340 est,
762 2276 1001 2346 pudebat
1017 2292 1112 2337 eos
1129 2278 1201 2335 ab
1229 2281 1291 2334 iis
1316 2281 1406 2350 qui
1432 2281 1571 2337 intus
1593 2293 1743 2337 erant
1763 2283 1908 2353 judi-

309 2368 472 2423 cari:
521 2383 554 2425 e
580 2370 866 2424 contrario
890 2379 1070 2428 autem
1097 2371 1248 2428 vobis
1287 2382 1369 2427 est
1390 2372 1659 2440 dedecus,
1676 2392 1813 2432 .cum
1838 2377 1907 2431 ab

309 2461 382 2515 iis
409 2461 499 2529 qui
524 2459 663 2519 loris
686 2470 813 2519 sunt
834 2461 1153 2531 judieamini
1182 2482 1196 2517 :
1248 2465 1335 2520 illa
1358 2467 1502 2522 enim
1532 2468 1752 2522 minima
1776 2479 1909 2523 sunt

302 2551 541 2621 judicia,
560 2551 896 2611 nutriunto.
916 2553 1153 2611 Nescitis
1168 2558 1508 2628 quiaangelos
1520 2560 1908 2629 jndicabimus.’

302 2653 513 2711 quanto
532 2646 695 2716 magis
714 2648 1021 2701 elocutoria?
1039 2646 1265 2713 Quidam
1287 2649 1470 2704 dicum
1492 2651 1578 2705 hic
1596 2652 1908 2707 sacerdotes

299 2735 660 2791 subindicari
684 2752 697 2789 :
720 2736 814 2790 sed
835 2752 1020 2807 apage;
1040 2754 1161 2792 nam
1184 2739 1252 2794 de
1268 2738 1597 2795 dzetuonilnts
1617 2742 1746 2813 agit.
1772 2741 1906 2798 Nam

296 2818 355 2872 si
391 2818 473 2874 de
492 2820 761 2888 corruptis
786 2820 1158 2883 sacerdotibus
1185 2821 1412 2878 dixisset
1432 2865 1447 2887 ,
1474 2840 1636 2893 supra
1659 2825 1906 2881 .subindi-

294 2918 502 2966 (sisset
553 2910 674 2965 illos
710 2925 830 2967 cum
866 2911 1045 2968 dixit:
1086 2912 1161 2967 1n
1204 2915 1621 2986 uobisjudicatur
1645 2918 1864 2978 mundat:
1884 2934 1905 2983 ;

293 3004 460 3059 solet
486 3003 632 3059 enim
653 3002 929 3074 Scriptura
956 3004 1230 3075 improbos
1250 3022 1461 3077 quoque
1476 3009 1732 3064 homines
1751 3026 1904 3065 mun-

291 3093 442 3148 dum
490 3109 726 3151 vocare:
774 3110 952 3166 neque
987 3096 1179 3152 iterum
1211 3097 1312 3152 hoc
1340 3098 1511 3167 ip~tnn
1538 3099 1781 3163 dixisset,
1814 3116 1906 3157 ne-

286 3200 412 3255 que
440 3195 505 3239 ut
530 3186 704 3254 majus
723 3186 999 3256 quidpiam
1016 3187 1201 3244 dicens
1222 3187 1591 3259 ipsumpostea
1619 3192 1901 3259 posuisset.

286 3276 411 3333 Sed
433 3276 635 3333 deillis
662 3277 896 3348 loquitur
919 3279 1148 3348 angelis.
1172 3279 1243 3334 de
1260 3282 1465 3350 quibus
1482 3283 1612 3338 dicit
1632 3283 1899 3343 Christus:

278 3366 381 3423 Ite
423 3371 491 3421 in
515 3368 684 3439 ignem
731 3379 965 3438 paratum
999 3371 1204 3426 diabolo
1231 3382 1280 3426 et
1307 3374 1496 3443 angelis
1512 3376 1631 3443 .ejtts
1675 3375 1900 3447 (Matth.

275 3457 393 3513 25.
432 3458 669 3527 41);el
713 3458 935 3526 Paulus,
972 3461 1155 3533 Ληρειί
1182 3464 1291 3533 ejus
1318 3466 1749 3533 transﬁgurantur
1777 3477 1909 3521 tam-

269 3564 468 3620 quam
501 3548 719 3603 ministri
729 3552 1044 3622 ἀπωθῇ.
1071 3552 1189 3607 Cor.
1215 3555 1303 3609 il.
1328 3555 1453 3625 t5).
1482 3554 1614 3613 Cum
1635 3558 1776 3614 enim
1798 3558 1905 3615 Po-

269 3648 549 3694 testates
574 3638 682 3693 illae
709 3641 1036 3711 incorporea:
1062 3643 1291 3701 inventae
1321 3645 1521 3703 fuerint
1545 3648 1724 3704 minus
1745 3649 1907 3705 babe-

263 3748 335 3787 re
363 3746 563 3802 quam
597 3745 698 3785 nos
720 3772 735 3793 ,
766 3733 855 3801 qui
882 3748 1041 3788 carne
1068 3735 1235 3791 induti
1259 3751 1444 3793 sumus
1467 3778 1483 3803 ,
1511 3738 1787 3807 graviores
1807 3739 1906 3799 da-

261 3824 423 3881 bunt
440 3837 679 3895 prunas.
713 3823 866 3891 Quod
896 3826 941 3880 si
965 3825 1140 3882 adhuc
1163 3827 1379 3898 quidam
1402 3829 1734 3886 contendunt
1756 3831 1905 3891 illum

254 3916 338 3972 de
372 3915 785 3972 sacerdotibus
810 3917 980 3987 loqui,
1006 3919 1272 3989 interroga
1283 3921 1639 3991 bimus,.quos
1658 3924 1909 3979 sacerdo-

254 4017 355 4062 tes
372 4008 403 4062 2
435 4007 697 4067 Omnino
715 4009 1189 4079 eosquisazculari
1207 4026 1356 4065 more
1375 4011 1642 4067 vixerunt.
1669 4013 1905 4080 Quomo-

244 4099 563 4169 doergo,
611 4098 843 4169 inquies,
886 4101 1107 4171 Angelos
1126 4101 1493 4172 judicabimus,
1519 4113 1720 4173 .quanto
1746 4109 1908 4176 tttagis

241 4190 634 4246 mutarier?
654 4205 847 4261 nempe
863 4191 930 4246 ad
957 4191 1316 4249 diﬁcrentiam
1338 4195 1673 4251 saecularium
1704 4213 1907 4266 ponens

239 4280 567 4353 augelos,
596 4281 910 4337 etmerito:
937 4282 1060 4353 quia
1082 4294 1234 4338 extra
1262 4299 1448 4341 eorum
1478 4299 1631 4341 usum
1675 4299 1800 4343 sunt
1838 4290 1908 4344 ob

235 4370 693 4428 excellentiam
715 4380 936 4429 natura}.
962 4374 1022 4428 ,4.
1042 4373 1327 4429 Stecttlaria
1352 4375 1506 4445 igitur
1520 4376 1721 4445 judicia
1744 4379 1790 4431 si
1817 4378 1910 4432 Ita-

232 4461 530 4529 ἄτην-ἱεὶς,
558 4461 972 4535 contemptibiles
996 4465 1082 4534 qui
1102 4474 1218 4519 sunt
1237 4465 1291 4518 in
1319 4463 1566 4532 Ecclesia,
1584 4466 1700 4521 illos
1717 4470 1907 4523 conui-

233 4555 389 4609 tuite
416 4553 532 4613 .ad
556 4552 947 4624 judicandttm.
980 4554 1179 4612 Volens
1209 4569 1330 4610 cum
1348 4555 1652 4627 hyperbole
1679 4575 1778 4615 nos
1806 4561 1905 4615 do-

229 4661 384 4703 cere
414 4687 436 4712 ,
482 4643 899 4717 quodcumque
930 4646 1142 4702 tandem
1173 4645 1369 4712 fuerit,
1398 4664 1504 4703 non
1531 4660 1780 4719 oportere
1808 4667 1908 4713 nos

227 4739 527 4795 externis
554 4737 913 4793 committere
932 4780 949 4802 ,
975 4754 1096 4793 cum
1128 4738 1485 4808 objectionem
1516 4742 1599 4796 vel
1639 4759 1757 4813 quae
1787 4744 1908 4799 talis

225 4847 371 4888 esse
386 4830 755 4897 videbatur,
777 4832 1070 4884 movisset:
1095 4832 1242 4899 prius
1259 4831 1603 4886 illamsolvit.
1629 4832 1741 4889 Hoc
1761 4836 1904 4895 enim

225 4927 354 4979 vult
400 4920 773 4994 signiﬁcare
807 4939 820 4975 :
852 4921 1122 4981 Fortasse
1157 4923 1303 4978 dicet
1349 4926 1612 4994 quispiam
1637 4965 1654 4989 ,
1703 4928 1906 4982 nullum

221 5032 364 5074 esse
378 5013 569 5088 apud
590 5026 715 5066 vos
735 5012 1056 5080 sapientem,
1081 5029 1252 5083 neque
1269 5014 1334 5066 ad
1351 5013 1612 5084 judicium
1628 5017 1905 5075 ferendum

216 5119 437 5180 aptum
480 5149 505 5176 ,
552 5102 699 5161 .sed
749 5105 1184 5174 contemptibiles
1220 5122 1449 5162 omnes.
1502 5108 1568 5161 Et
1597 5109 1721 5176 quid
1766 5109 1907 5165 hoc?

220 5203 489 5262 Etiamsi
518 5198 712 5257 enim
736 5197 1013 5257 nullussit
1038 5201 1253 5268 sapiens
1276 5243 1292 5264 ,
1324 5200 1515 5269 inquit,
1550 5213 1643 5252 vos
1671 5198 1907 5256 minimis

218 5299 611 5366 permittite.
650 5291 716 5345 5.
742 5288 857 5344 Hoc
881 5301 1050 5345 autent
1077 5293 1144 5345 ad
1168 5294 1751 5348 verecundiamrestram
1771 5294 1902 5347 dico.

220 5391 325 5451 Est
370 5380 753 5448 refellentis
794 5382 1004 5436 illorum
1053 5385 1407 5453 objectionqu
1434 5428 1449 5450 ,
1481 5395 1537 5439 ιιι
1570 5401 1688 5454 qua:
1715 5400 1905 5454 super-

219 5486 370 5539 unus
394 5483 488 5538 sit
515 5476 825 5532 oblcntus
851 5491 865 5526 :
893 5472 1123 5544 ideoque
1142 5475 1416 5544 subjnnxit
1440 5494 1452 5528 :
1478 5476 1568 5531 Sic
1595 5492 1695 5529 non
1726 5484 1906 5531 estsa-

222 5576 377 5645 piens
403 5576 471 5631 ist
512 5567 709 5629 vobis
732 5565 1041 5635 quisquam?
1065 5566 1307 5621 Tantane
1332 5576 1432 5629 est,
1463 5569 1650 5637 inquit,
1685 5567 1907 5636 inopia?

226 5678 468 5727 ειεωηε
546 5658 739 5733 apud
791 5671 886 5712 vos
936 5657 1130 5711 raritas
1170 5659 1405 5712 virorum
1458 5659 1906 5730 intelligentiam?

223 5762 384 5833 Quod
419 5768 665 5818 autem
708 5747 1007 5819 subjungil,
1038 5748 1294 5818 majorem
1326 5748 1485 5801 infert
1512 5750 1712 5820 plagam
1742 5770 1752 5803 :
1783 5765 1903 5806 cum

627 5854 931 5915 PATROL.
982 5851 1095 5907 (in.
1156 5849 1308 5909 LXI.

1347 269 1425 384 IN.
1452 325 1667 383 EPIS'I‘.
1706 325 1759 378 l-
1795 324 1888 383 Μ)
1915 322 2073 377 CG“.
2117 319 2343 395 ΙΙΟῌΗ..
2382 318 2522 377 XVI.

3495 328 3597 386 134

2021 432 2167 488 enim
2194 430 2441 495 dixisset,
2463 431 2580 488 Non
2607 442 2690 489 est
2717 436 2931 505 “piens
2965 435 3018 491 iu
3048 436 3196 493 vobis
3222 452 3394 511 neque
3416 445 3598 499 unus?

2014 522 2334 594 subjunxit:
2378 523 2485 589 Qui
2521 525 2680 596 possit
2709 526 2951 598 judicare
2988 528 3118 587 inter
3153 530 3364 602 fratrem
3402 536 3597 591 mm?

2014 613 2148 671 Cum
2176 615 2317 683 enim
2350 614 2514 678 frater
2553 629 2675 675 cum
2717 616 2888 696 fratre.
2900 619 3107 689 judicio
3139 623 3416 685 contendit
3436 666 3455 693 ,
3478 641 3595 685 nou

2015 720 2207 776 magna
2236 706 2585 779 intelligentia
2606 717 2670 769 ,et
2692 709 2919 771 solertia
2960 721 3047 775 est
3071 727 3206 783 Opus
3237 714 3343 771 litis
3372 717 3597 785 arbitro,

2013 797 2208 855 affectu
2233 810 2288 853 et
2309 799 2627 872 cognatione
2650 816 2898 875 magnam
2926 819 3081 873 opem
3107 804 3361 867 merente
3383 811 3449 871 ad
3470 827 3601 869 con-

2016 888 2268 945 teutionis
2313 889 2432 945 talis
2462 890 2813 948 solutionem.
2860 892 2913 949 6.
2957 894 3065 950 Sed
3090 900 3255 967 frater
3292 916 3412 961 eunt
3435 902 3599 968 [rem

2004 981 2203 1051 judicio
2220 983 2493 1047 contendit,
2511 993 2557 1041 et
2580 983 2676 1043 Ito;
2689 985 2831 1053 apud
2840 985 3099 1054 inﬁdeles.
3120 988 3311 1047 Viden'
3328 997 3601 1065 quomodo

2016 1073 2068 1128 itt
2102 1074 2363 1143 principio
2388 1074 2602 1145 quidem
2633 1076 2836 1132 utiliter
2862 1077 3137 1135 incusabat
3155 1094 3250 1137 eos
3276 1084 3366 1155 qui
3389 1084 3598 1155 judica-

2014 1174 2154 1228 rent,
2185 1166 2397 1235 linquas
2422 1181 2656 1227 vocans:
2686 1166 2776 1227 hic
2794 1180 2975 1227 autem
3008 1178 3067 1229 ut
3093 1170 3218 1227 illos
3247 1175 3451 1244 pudore
3479 1178 3598 1239 am-

2014 1256 2141 1318 ciat.
2172 1255 2358 1312 dicens
2388 1257 2668 1313 inﬁdeles?
2695 1259 2904 1315 Etenim
2926 1260 3217 1319 admodum
3239 1274 3394 1337 turpe
3418 1278 3522 1337 est,
3550 1274 3597 1329 si

2016 1361 2082 1401 ne
2110 1345 2364 1403 fratribus
2390 1348 2604 1421 quidem
2627 1352 3075 1410 reconciliationis
3094 1369 3256 1413 causa
3276 1361 3453 1433 possit
3477 1377 3599 1423 esse

2013 1436 2265 1492 sacerdos
2286 1454 2301 1501 ;
2326 1439 2419 1497 sed
2451 1454 2674 1499 necesse
2701 1442 2770 1495 sit
2790 1442 2855 1499 ad
2873 1454 3128 1501 externos
3152 1461 3457 1509 accurrere.
3483 1454 3596 1512 lla-

2012 1542 2115 1597 que
2140 1543 2259 1585 cum
2281 1529 2416 1585 dixit
2438 1529 2865 1600 Contemptibiles,
2892 1550 2996 1591 non
3019 1536 3123 1593 hoc
3142 1542 3416 1613 pmcipue
3440 1544 3592 1612 dixit,

2012 1619 2155 1688 quod
2174 1619 2422 1691 .abjectos
2440 1622 2636 1680 sedere
2655 1624 2865 1693 iudices
2884 1639 3152 1698 oporteat,
3180 1632 3276 1689 sed
3318 1635 3441 1693 illos
3474 1654 3598 1713 ,per-

2012 1711 2436 1782 stringensNam
2454 1715 2593 1784 quod
2613 1716 2790 1786 iis,qui
2803 1717 3109 1781 discernere
3122 1711 3597 1792 possintcommit-

2016 1811 2130 1861 tere
2178 1814 2445 1875 oporteat,
2485 1807 2803 1877 signiﬁcavit
2829 1809 3016 1869 dicens
3050 1830 3063 1866 :
3099 1812 3192 1871 Sic
3216 1833 3318 1875 non
3363 1830 3438 1876 est
3466 1823 3595 1885 inter

2010 1909 2098 1948 vos
2121 1897 2328 1966 sapiens
2352 1898 2663 1968 quisquam?
2686 1910 2740 1955 et
2777 1915 2841 1956 ex
2866 1902 3155 1965 abundanti
3183 1922 3245 1967 os
3267 1910 3555 1973 obstructis
3576 1960 3593 1984 ,

2011 1997 2067 2041 ct
2096 1987 2282 2045 dicens
2312 2008 2326 2044 :
2355 1990 2501 2061 quod
2550 1991 2757 2047 etiamsi
2790 1994 2969 2049 nullus
2997 2007 3140 2059 esset
3170 2001 3386 2073 sapiens
3410 2007 3463 2062 in
3494 2024 3594 2071 yo—

2012 2077 2114 2147 bis,
2147 2080 2522 2150 insipientibus
2555 2085 2731 2153 potius
2768 2087 3147 2149 committenda
3182 2107 3343 2155 causa
3370 2096 3590 2167 fuisset,

2011 2186 2170 2240 quam
2190 2174 2451 2231 externis.
2481 2175 2763 2247 Quomodo
2788 2178 3061 2237 enimnon
3092 2183 3383 2249 absurdum
3410 2191 3591 2254 fuerit.

2011 2277 2131 2321 cum
2181 2263 2326 2321 domi
2354 2265 2430 2331 .lis
2446 2267 2649 2332 oritur,
2671 2278 2951 2328 externum
2963 2275 3242 2333 nemiuem
3268 2283 3469 2355 vocari,
3493 2287 3593 2347 sed

2012 2353 2218 2449 pudore
2258 2354 2435 2419 afﬁci,
2474 2357 2522 2417 si
2553 2373 2672 2429 quae
2722 2359 2866 2416 intus
2912 2362 3043 2419 fiunt
3079 2366 3210 2423 foris
3239 2353 3588 2449 mulgentur;

2011 2442 2097 2496 ubi
2124 2454 2302 2499 autem
2336 2445 2574 2503 Ecclesia
2601 2457 2707 2515 est,
2733 2465 3050 2511 arcanorum
3072 2442 3446 2528 mysteriorum
3469 2442 3592 2529 the;

2010 2546 2220 2599 saturus,
2253 2538 2430 2591 omnia
2459 2549 2609 2593 extra
2631 2540 2848 2596 ederri?
2876 2543 2982 2600 Sed
3000 2550 3160 2616 frater
3186 2566 3300 2605 cum
3323 2552 3589 2627 {ratreju-

2009 2624 2143 2679 dicio
2173 2628 2449 2705 contendit,
2478 2638 2524 2682 et
2550 2629 2647 2684 ltoc
2673 2634 2814 2701 apud
2845 2634 3091 2702 inﬁdeles.
3123 2639 3340 2709 Duplex
3370 2655 3455 2704 est
3480 2624 3591 2709 cri-

2011 2731 2132 2770 mea
2151 2757 2167 2782 ,
2214 2728 2263 2773 el
2305 2718 2446 2793 quod
2470 2719 2747 2789 judicelur
2769 2765 2784 2789 ,
2814 2734 2866 2778 et
2897 2727 3038 2796 quod
3071 2729 3210 2803 apud
3240 2732 3502 2793 infideles.
3524 2738 3591 2799 ,εἰ

2009 2810 2154 2865 enim
2172 2825 2279 2880 .per
2307 2827 2365 2866 se
2382 2823 2672 2883 peccatum
2700 2825 2782 2869 est
2812 2831 2933 2870 cum
2966 2817 3350 2889 fralrcjudicio
3370 2838 3591 2885 conten-

2008 2898 2159 2967 dere,
2194 2901 2243 2956 id
2292 2903 2431 2972 apud
2461 2913 2716 2959 externos
2754 2904 2931 2962 facere
2957 2924 3113 2978 quam
3141 2913 3352 2973 veniam
3378 2932 3591 2977 merea-

2012 2994 2139 3048 tur?
2162 2993 2214 3048 7.
2242 2992 2365 3049 Jam
2384 2996 2586 3065 quidem
2608 2997 2813 3052 omnino
2842 2998 3081 3059 delictum
3104 3013 3179 3057 est
3203 3006 3255 3059 in
3275 3006 3431 3076 vobis,
3453 3012 3591 3081 quod

2007 3086 2201 3155 iudicia
2229 3086 2420 3142 habetis
2445 3090 2576 3143 inter
2602 3106 2708 3144 vos.
2736 3090 2921 3145 Vidcn’
2949 3093 3164 3151 ubinam
3191 3096 3318 3154 illud
3346 3115 3588 3159 reserva-

2008 3178 2116 3231 rit?
2139 3186 2192 3233 et
2208 3194 2364 3246 quam
2388 3190 2685 3250 opportune
2713 3181 2815 3236 hoc
2843 3184 3153 3239 sustulerit?
3180 3186 3427 3249 Nondum
3445 3195 3588 3255 enim

2007 3267 2152 3335 dico,
2202 3269 2392 3339 inquit,
2423 3271 2614 3345 aliquis
2641 3272 2885 3343 iniuriam
2917 3274 3065 3339 facit,
3103 3279 3297 3351 aliquis
3338 3283 3590 3353 injuriam

2010 3361 2206 3428 patitur
2234 3379 2248 3415 :
2295 3362 2506 3417 interim
2529 3365 2754 3434 eoipso,
2786 3367 2927 3435 quod
2960 3369 3161 3438 judicio
3198 3378 3589 3453 contendant,

2009 3461 2234 3525 uterque
2249 3453 2597 3523 improbatur,
2617 3455 2738 3509 etin
2761 3456 2861 3509 hoc
2881 3470 3082 3519 nonest
3102 3463 3240 3518 alius
3256 3466 3362 3519 alio
3377 3469 3585 3531 melior.

2083 3545 2136 3603 ι.
2168 3546 2224 3600 Si
2255 3554 2437 3601 autem
2463 3549 2605 3616 justo
2648 3550 2729 3601 vel
2764 3548 3182 3621 injustejndicio
3226 3559 3589 3633 contenditur.

2011 3635 2112 3691 hoc
2140 3636 2207 3693 ad
2244 3635 2404 3697 aliam
2453 3639 2685 3705 pertinet
2718 3638 3156 3708 disputationem.
3188 3645 3265 3702 Ne
3307 3648 3487 3721 itaque
3511 3654 3593 3711 di-

2010 3741 2123 3791 cas,
2146 3727 2355 3797 Aliquis
2384 3727 2574 3801 injuria
2596 3727 2774 3787 allecit
2804 3748 2816 3783 :
2849 3730 2972 3789 hinc
2993 3735 3134 3797 enim
3151 3738 3264 3807 jam
3295 3749 3347 3797 te
3371 3740 3590 3823 damnq,

2009 3819 2371 3889 quodjudicio
2390 3820 2703 3881 contendas.
2728 3822 2783 3878 Si
2806 3827 3249 3898 auleminjuriatu
3275 3819 3591 3903 inferentem

2011 3907 2153 3964 ferre
2180 3925 2285 3964 non
2323 3926 2483 3981 posse
2517 3914 2722 3971 crimen
2768 3925 2871 3981 est,
2908 3917 3155 3988 injuriam
3191 3921 3367 3982 facere
3391 3940 3591 3998 quanta

2009 4000 2225 4074 dignum
2264 4003 2368 4059 crit
2400 4005 2778 4067 accusatione?
2824 4008 2993 4081 Quare
3030 4028 3129 4067 non
3159 4017 3318 4087 magis
3346 4018 3590 4089 iniuriam

2009 4092 2239 4161 accipitis
2261 4093 2287 4145 ?
2312 4109 2469 4164 quare
2496 4112 2599 4148 non
2628 4098 2788 4168 magis
2806 4098 3051 4167 fraudem
3099 4106 3370 4171 patimini?
3396 4110 3449 4167 8.
3483 4111 3592 4171 Sed

2009 4195 2095 4239 vos
2121 4183 2625 4252 injuriamjacitiset
2651 4186 3056 4254 [raudemetiam
3083 4193 3349 4261 fratribus.
3378 4198 3591 4263 Rursus

2010 4273 2228 4344 duplum
2275 4277 2519 4341 crimen;
2567 4277 2675 4335 imo
2714 4278 2851 4334 forte
2881 4281 3095 4351 triplqu
3127 4295 3179 4341 ct
3208 4288 3587 4361 quadruplum.

2012 4364 2186 4423 Unum
2207 4366 2421 4435 quidem
2451 4368 2697 4436 injuriam
2723 4369 3039 4429 inferentem
3071 4373 3213 4437 ferre
3240 4380 3477 4446 nescire;
3506 4399 3593 4439 se.

2012 4458 2243 4514 cundum
2270 4467 2470 4523 autem,
2497 4459 2658 4514 etiam
2688 4461 2934 4531 iniuriam
2964 4462 3188 4533 inferre;
3214 4471 3456 4538 tertium,
3485 4476 3590 4532 iui-

2012 4549 2133 4618 quis
2168 4548 2424 4618 judicium
2468 4550 2537 4607 de
2570 4550 2653 4605 bis
2676 4554 3045 4620 committere;
3089 4569 3358 4629 quartum,
3407 4564 3510 4622 hoc
3536 4569 3587 4623 in

2015 4639 2236 4697 fratrem
2264 4640 2464 4697 facere.
2493 4641 2679 4714 Neque
2704 4643 2846 4698 enim
2874 4646 3120 4703 similiter
3146 4650 3216 4706 de
3247 4658 3479 4722 peccatis
3499 4660 3588 4730 ju-

2013 4731 2238 4797 dicatur,
2267 4748 2390 4787 cum
2411 4734 2762 4791 admitltmtur
2779 4737 2830 4790 in
2853 4740 3096 4807 quemvis
3120 4742 3355 4813 obvium,
3386 4760 3441 4805 et
3467 4768 3588 4809 cum

2015 4821 2064 4875 in
2092 4824 2364 4892 propriqu
2394 4828 2714 4887 membrum.
2750 4827 2861 4882 Hoc
2884 4831 3025 4885 enim
3052 4834 3174 4903 quis
3191 4837 3354 4897 audet
3374 4857 3437 4901 ex
3472 4861 3590 4899 ma-

2008 4912 2111 4980 jori
2139 4915 2429 4984 petulantia
2461 4933 2474 4967 :
2515 4924 2567 4969 cl
2597 4917 2705 4972 illic
2734 4919 2949 4988 quidem
2994 4927 3340 4983 conculcatur
3367 4934 3482 4987 sola
3515 4940 3588 4991 rei

2013 5014 2198 5057 natura
2218 5046 2231 5068 ,
2262 5005 2350 5059 hic
2389 5021 2517 5059 vero
2546 5006 2706 5063 etiam
2748 5026 2992 5079 personae
3019 5015 3267 5081 qualitas.
3302 5020 3591 5093 Postquam

2013 5095 2168 5166 igitur
2186 5095 2442 5165 pudorem
2461 5096 2679 5155 intulita
2694 5103 3067 5157 communibus
3085 5107 3399 5175 rationibus,
3421 5122 3477 5169 et
3497 5130 3596 5170 an-

2014 5197 2066 5240 te
2095 5187 2211 5240 haec
2253 5202 2281 5239 a
2320 5188 2605 5257 propositis
2633 5192 2866 5259 prmmiis
2884 5233 2899 5257 ,
2930 5196 3345 5256 comminatione
3374 5209 3592 5264 conclu-

2013 5278 2089 5332 dit
2121 5278 2583 5345 adhortationem,
2619 5282 3068 5341 vehementiorem
3121 5291 3352 5351 reddens
3382 5315 3592 5355 sermo—

2013 5389 2134 5426 nem
2160 5373 2241 5425 ltis
2268 5374 2445 5428 verbis
2470 5393 2483 5426 :
2518 5374 2572 5428 9.
2597 5375 2671 5428 An
2690 5379 2889 5432 nescitis
2916 5383 3050 5449 quod
3072 5383 3232 5455 iniqui
3261 5404 3470 5457 regnum
3496 5393 3592 5447 Dei

2013 5481 2113 5517 non
2144 5464 2512 5533 possidebunt?
2539 5464 2715 5522 Nolite
2742 5486 2911 5525 errare
2940 5487 2959 5525 :
2989 5490 3147 5544 neque
3193 5479 3475 5547 fornicarii,
3507 5500 3595 5534 nec

2011 5574 2107 5627 que
2126 5557 2574 5615 idolis-servientes
2597 5603 2610 5625 ,
2642 5579 2799 5630 neque
2826 5547 3066 5635 adulteri,
3096 5587 3252 5641 neque
3272 5572 3480 5636 molles,
3508 5589 3591 5624 ne-

2011 5668 2106 5722 que
2147 5652 2487 5706 masculorum
2529 5657 2892 5724 concubitores,
2942 5660 3027 5714 10.
3063 5678 3219 5731 neque
3244 5661 3406 5721 avari,
3439 5677 3599 5723 neque

2016 5750 2174 5817 fures,
2214 5761 2369 5818 neque
2408 5747 2609 5813 ebriosi,
2642 5769 2798 5820 neque
2821 5755 3072 5820 malrdiri,
3106 5770 3262 5821 neque
3282 5766 3491 5818 rapm‘es
3517 5770 3591 5805 re-

3237 5842 3278 5903 9
