3986 6202
411 237 509 294 IFS
816 236 847 245 “

407 377 566 432 gnum
593 359 682 414 Dei
715 359 1056 426 possidebunt.
1088 355 1224 424 Quid
1249 355 1418 409 dicis?
1444 354 1509 408 de
1535 353 1712 407 avaris
1741 353 1986 422 loquens,

413 451 799 507 sceleratorum
851 450 1124 504 hominum
1167 457 1365 501 tantam
1409 444 1664 499 induxisti
1693 443 1848 498 nobis
1876 451 1989 497 tur~

408 544 567 597 linit]?
588 542 782 605 Etiam,
816 541 1021 609 inquit:
1047 539 1156 594 sed.
1183 553 1288 593 non
1320 535 1657 592 confundens
1687 535 1990 590 omtionem

411 635 515 688 hoc
550 634 687 688 facio
711 675 725 697 ,
752 635 844 686 sed
874 643 926 687 et
967 631 1158 687 ordine
1183 630 1502 702 procedens.
1530 627 1990 696 Quemadmodum

409 725 553 779 enim
583 723 652 778 de
681 723 1094 778 fornicatoribus
1123 723 1347 791 loquens
1371 763 1388 788 ,
1416 721 1656 776 omnium
1685 717 1844 774 simul
1877 733 1990 772 me-

411 817 602 871 minit:
633 818 703 870 ita
733 832 945 870 rursum
967 830 1185 868 avarum
1213 827 1648 868 commemorans
1672 852 1687 875 ,
1721 825 1910 865 omnes
1940 811 1991 863 in

407 909 646 962 medium
680 907 898 963 adducit
939 907 1004 961 ad
1026 905 1472 976 reprehensiones
1494 901 1860 959 assuefaciens
1875 916 1990 963 eos,

405 1002 496 1069 qui
543 1001 732 1054 horum
772 1009 828 1054 et
868 999 1123 1053 similium
1160 999 1259 1053 sibi
1304 997 1504 1053 conscii
1556 1005 1700 1051 sunt.
1751 994 1882 1049 Nam
1941 995 1993 1046 in

406 1092 633 1145 aliorum
679 1089 1194 1144 commemoratione
1237 1088 1544 1158 frequenter
1568 1086 1754 1140 audire
1781 1100 1992 1155 pmnam

409 1183 474 1235 iis
504 1182 817 1250 repositam,
856 1179 906 1234 id
931 1179 1097 1234 el’ticit
1118 1188 1175 1232 ut
1201 1179 1406 1232 facilius
1430 1177 1677 1232 audiatur
1703 1177 1996 1246 reprehen-

410 1277 514 1338 sio,
546 1289 666 1327 cum
714 1273 976 1328 adversus
1019 1286 1115 1326 sua
1166 1273 1393 1340 quisque
1420 1280 1637 1339 peccata
1668 1279 1996 1340 pugnaturus

412 1383 471 1421 se
528 1374 770 1437 apparat.
812 1365 995 1435 Neque
1037 1364 1179 1419 enim
1223 1363 1336 1417 haec
1372 1371 1640 1432 tamquam
1681 1363 1857 1416 sciens
1891 1361 1996 1415 illis

411 1467 718 1528 competere
741 1497 756 1521 ,
789 1471 964 1526 neque
1001 1465 1249 1525 tanquam
1297 1453 1732 1522 reprehendens,
1773 1453 1998 1508 commi-

416 1560 571 1622 natur
597 1567 610 1602 :
635 1549 776 1618 quod
807 1548 1038 1601 maxime
1065 1555 1236 1615 potest
1254 1544 1549 1599 auditorem
1579 1545 1810 1599 retinere
1827 1543 1995 1598 etim-

413 1639 595 1708 pedire
616 1656 682 1696 ne
713 1639 936 1704 resiliat,
968 1654 1090 1695 cum
1117 1641 1289 1692 oratio
1321 1638 1469 1691 illum
1500 1652 1604 1691 non
1637 1637 1875 1706 respicit,
1901 1636 1995 1690 sed

417 1731 828 1786 indeterminate
885 1733 1113 1799 prolata,
1165 1730 1283 1797 ejus
1333 1727 1718 1782 conscientiam
1771 1728 1999 1782 latenter

413 1822 614 1892 pungit.
641 1820 812 1875 Nolite
825 1837 1011 1874 errare.
1033 1819 1129 1873 llic
1141 1817 1439 1873 subindicat
1457 1818 1716 1888 quosdam
1734 1817 1994 1882 dicentes,

409 1913 551 1983 quod
573 1929 709 1969 nunc
724 1913 1088 1975 multidicunt,
1109 1912 1378 1982 Benignus
1395 1927 1515 1966 cum
1540 1911 1608 1963 sit
1638 1910 1777 1964 Deus
1804 1918 1856 1964 et
1882 1909 1995 1963 cle-

412 2019 585 2071 mens,
617 2003 810 2058 delicta
845 2017 950 2058 non
982 2002 1261 2057 ulciscitur
1292 2021 1304 2054 :
1336 2017 1401 2056 ne
1435 2003 1754 2062 timeamus;
1780 2015 1901 2052 nam
1929 1999 1998 2054 de

414 2097 555 2150 nulla
599 2110 658 2150 re
695 2111 732 2148 a
778 2095 996 2150 nemine
1039 2110 1288 2164 umquam
1320 2107 1531 2163 pinnam
1561 2093 1756 2162 exiget.
1783 2092 1847 2146 Et
1875 2106 1998 2160 pro~

417 2199 595 2258 ptcrea
621 2189 769 2252 dicit,
824 2186 1003 2241 Nolite
1047 2202 1235 2240 errare.
1284 2187 1448 2240 Error
1475 2185 1620 2240 eni‘m
1646 2195 1917 2239 extremus
1942 2192 1998 2239 et

418 2283 623 2338 fallacia
654 2294 732 2337 cst
753 2323 769 2347 ,
798 2298 917 2334 cum
954 2281 1093 2336 bona
1115 2295 1322 2350 speres,
1350 2279 1616 2334 contraria
1638 2279 1915 2349 consequi,
1943 2288 1998 2333 et

415 2377 543 2431 illud
587 2377 654 2430 de
699 2377 806 2429 Deo
846 2375 1142 2444 suspicari,
1187 2390 1306 2443 qua:
1353 2387 1419 2428 ne
1443 2373 1512 2429 de
1543 2374 1758 2428 homine
1782 2374 1993 2444 quidem

412 2469 693 2538 quisquam
737 2467 1074 2536 cogitaverit.
1112 2465 1477 2534 Quamobrem
1515 2465 1591 2520 ait
1625 2464 1885 2538 propheta
1931 2483 1995 2521 cx

415 2574 639 2630 persona
672 2560 821 2629 ejus:
856 2557 1172 2612 Existimasti
1196 2557 1530 2626 iniquitatem,
1563 2556 1700 2627 quod
1726 2573 1812 2610 ero
1841 2557 1998 2610 tuisi-

413 2651 588 2705 milis:
639 2666 852 2720 arguam
899 2661 947 2704 te
989 2661 1036 2704 et
1083 2660 1302 2704 statuam
1329 2658 1504 2702 contra
1533 2650 1716 2721 faciem
1740 2659 1878 2703 tuam
1906 2650 1996 2703 ini-

411 2743 622 2812 quitates
668 2752 780 2796 tuas
817 2744 835 2812 (
863 2739 1004 2795 l’sal.
1053 2741 1143 2796 49.
1174 2741 1262 2794 21.
1293 2743 1341 2809 );
1364 2752 1418 2794 et
1458 2739 1654 2794 Paulus
1683 2741 1789 2804 hic,
1823 2738 1998 2794 Notitc

413 2851 582 2887 errare
608 2851 625 2898 ;
670 2848 826 2903 neque
864 2833 1196 2902 fornicatores
1239 2835 1258 2898 (
1283 2847 1428 2894 eum,
1459 2832 1548 2900 qui
1575 2831 1684 2901 jam
1714 2831 1996 2887 damnatus

415 2924 609 2987 fuerat,
639 2924 867 2992 primum
900 2923 1125 2992 ponit),
1158 2939 1316 2993 neque
1340 2921 1578 2986 adulteri,
1607 2938 1764 2991 neque
1785 2922 1960 2976 molles
1979 2964 1994 2986 ,

415 3031 572 3083 neque
600 3015 799 3078 ebriosi,
843 3031 1001 3082 neque
1026 3014 1259 3066 maledici
1285 3029 1494 3084 regnum
1522 3010 1620 3066 Dei
1649 3013 1992 3082 possidebunt.

484 3107 673 3160 Contra
716 3107 1013 3161 maledicos.
1041 3136 1112 3148 ——
1141 3106 1290 3160 Multi
1320 3106 1462 3161 hunc
1493 3105 1669 3160 locum
1699 3105 1995 3175 reprehen-

413 3199 630 3266 derunt,
671 3208 940 3269 tamquam
987 3197 1141 3253 valde
1176 3212 1448 3268 asperum.
1498 3199 1542 3252 si
1592 3197 1805 3268 quidem
1848 3200 1997 3267 ponit

412 3292 678 3347 ebriosmu
709 3301 761 3345 et
810 3288 1131 3345 maledicum
1175 3303 1297 3344 cum
1348 3288 1592 3343 adultero
1620 3297 1676 3343 et
1712 3288 1992 3344 muliebria

413 3398 568 3453 passo
617 3391 673 3439 et
718 3381 1076 3436 masculorum
1129 3379 1495 3434 concubitore.
1524 3379 1683 3450 Atqui
1714 3395 1820 3434 non
1847 3379 1993 3450 paria

409 3484 537 3530 sunt
575 3474 804 3537 scelera,
853 3471 1123 3542 quomodo
1169 3485 1298 3541 ergo
1348 3470 1491 3540 paria
1535 3469 1992 3540 supplicia?Quid

409 3583 540 3638 ergo
563 3566 839 3622 dicemus?
867 3564 1019 3632 Quod
1045 3573 1193 3618 certe
1221 3578 1326 3617 non
1358 3577 1517 3632 parva
1550 3577 1635 3618 res
1664 3563 1735 3616 sit
1761 3562 1994 3618 ebrietas

408 3671 466 3714 ct
491 3659 831 3714 maledictum
855 3675 870 3710 :
899 3654 1113 3724 quando
1133 3654 1348 3724 quidem
1375 3654 1618 3709 Christus
1638 3670 1759 3709 eum
1777 3655 1865 3724 qui
1890 3654 1992 3708 fra-

411 3765 549 3806 trem
592 3765 745 3804 suum
771 3748 979 3800 fattmm
1009 3745 1222 3800 vocavit
1245 3785 1261 3812 ,
1284 3747 1544 3815 gehennae
1575 3745 1811 3800 tradidit.
1839 3746 1994 3817 Saepe

409 3845 556 3898 enim
580 3843 705 3896 hinc
727 3853 872 3894 mors
882 3847 1210 3906 consequuta
1229 3846 1313 3892 est
1333 3855 1346 3891 :
1371 3846 1426 3891 et
1440 3837 1748 3892 Judmorum
1765 3841 1992 3908 populus

411 3950 476 3988 ex
506 3933 764 3987 ebrietate
796 3928 1106 3999 gravissima
1145 3926 1608 3996 admisitpeccata.
1638 3927 1838 3982 Deinde
1886 3945 1990 3984 non

411 4026 480 4081 de
495 4023 755 4095 supplicio
774 4023 860 4075 hic
879 4034 1179 4074 sermonem
1199 4016 1378 4082 habet,
1402 4017 1494 4072 sed
1516 4017 1583 4072 de
1602 4018 1888 4072 amissione
1903 4035 1990 4074 re-

408 4120 515 4188 gni.
533 4119 569 4171 Α
589 4115 923 4186 regno'igitur
937 4119 1083 4165 certe
1100 4105 1343 4164 similiter
1355 4118 1411 4165 et
1431 4109 1516 4163 hic
1531 4117 1584 4162 et
1603 4107 1694 4164 ille
1715 4110 1990 4168 excidunt:

417 4209 460 4262 si
487 4223 613 4261 vero
645 4207 694 4258 in
724 4203 966 4275 gehenna
986 4201 1215 4271 aliquam
1235 4199 1344 4254 sint
1364 4198 1592 4254 habituri
1611 4199 1988 4262 differentiam.

413 4315 518 4352 non
562 4307 676 4352 erat
719 4295 998 4364 prmsentis
1046 4292 1301 4360 temporis
1339 4291 1672 4360 disquirere;
1715 4306 1818 4346 non
1846 4294 1987 4346 enim

395 4392 516 4446 'hoc
547 4387 875 4459 propositum
901 4385 1053 4440 trabis
1082 4395 1182 4440 est.
1209 4385 1295 4439 Η.
1329 4382 1394 4438 Et
1421 4385 1528 4438 ltazc
1548 4386 1753 4454 quidam
1783 4385 1952 4454 fuistis
1970 4403 1989 4440 :

409 4484 497 4537 sed
517 4480 674 4536 abluti
695 4483 831 4541 estis,
861 4478 950 4532 sed
977 4476 1279 4544 sanctiﬁcati
1307 4475 1443 4528 estis.
1469 4476 1712 4545 Magnum
1738 4476 1988 4547 ingerens

410 4574 668 4645 pudorem
695 4568 971 4638 subiunxit
992 4567 1178 4620 dicens
1205 4583 1220 4619 :
1251 4565 1491 4633 Cogitate
1517 4580 1582 4618 ex
1614 4570 1832 4635 quantis
1869 4583 1983 4623 ma-

406 4668 472 4721 lis
523 4679 618 4717 vos
653 4660 912 4729 eripuerit
962 4657 1125 4721 Deus,
1171 4666 1424 4726 quantam
1454 4654 1606 4708 vobis
1647 4655 1986 4727 benignitatis

406 4775 517 4812 sua:
532 4752 824 4828 praebuerit
841 4749 1224 4820 experientiam
1249 4756 1305 4802 et
1325 4748 1832 4803 demonstrationem
1853 4767 1868 4816 ;
1894 4766 1987 4805 ne-

404 4868 508 4922 que
533 4849 601 4905 ad
644 4847 813 4903 solam
859 4843 1228 4899 liberationem
1261 4843 1562 4897 mercedem
1595 4844 1853 4907 extendit,
1889 4844 1983 4898 sed

402 4946 558 5014 longe
586 4939 816 5009 amplius
855 4933 1171 4991 benelicium
1209 4935 1393 4989 auxit:
1427 4934 1626 4988 etenim
1651 4934 1906 4989 mundum
1929 4947 1986 4992 ct

402 5051 592 5107 purum
623 5032 767 5088 fecit.
797 5030 932 5085 Num
963 5027 1066 5084 hoc
1113 5027 1358 5082 tantum?
1399 5026 1763 5098 Nequaquam.
1805 5030 1896 5099 sed
1928 5039 1984 5086 et

399 5123 785 5189 sattctilicavit;
812 5136 984 5192 neque
1009 5119 1108 5174 hoc
1133 5121 1328 5184 Solum,
1353 5119 1446 5173 sed
1469 5121 1628 5173 etiam
1646 5119 1976 5188 jnstilicavit.

1203 239 1257 293 S.
1298 236 1573 294 JOA'N'NIS
1607 235 2084 292 CIIRYSOSTOMI
2110 238 2440 296 iAllCl'llEP.
2474 238 3007 300 CONSTANTINOP.

3587 253 3692 310 f36

2109 364 2321 414 ventes.
2377 355 2444 409 ab
2474 355 2540 410 iis
2576 359 2823 412 onmibns
2848 377 2966 431 quae
2995 373 3303 420 enumerata
3334 377 3456 422 sunt
3482 371 3688 436 mundi,

2106 452 2160 496 et
2190 443 2473 506 tribunalia
2499 445 2786 518 fugiamus,
2819 466 2935 521 qua:
2960 463 3081 506 sunt
3113 455 3162 508 in
3191 459 3426 514 externis
3453 459 3606 530 foris,
3635 473 3692 519 et

2103 534 2431 590 nobilitatem
2473 555 2631 608 quam
2677 541 2834 595 nobis
2877 543 3018 597 Deus
3054 544 3277 614 largitus
3302 559 3387 604 est
3421 553 3692 608 custodia-

2103 641 2242 680 mus.
2271 626 2454 698 Cogita
2485 633 2650 696 enim,
2679 645 2893 702 quanta:
2921 637 2990 691 sit
3017 639 3385 710 turpitudinis,
3430 644 3524 700 tibi
3567 647 3688 717 jura

2102 717 2370 774 dicentem
2403 723 2594 778 sedere
2619 723 2887 781 Grmcum.

2171 811 2225 865 5.
2269 812 2403 878 Quid
2436 831 2597 884 ergo,
2642 816 2695 870 in
2717 819 2848 883 luies
2873 860 2888 884 ,
2921 819 2966 874 si
2999 821 3042 874 is
3073 823 3161 891 qui
3195 823 3338 879 intus
3362 837 3446 881 est
3487 829 3670 899 inique

2096 901 2343 971 jndicet?
2381 902 2522 968 Cur,
2551 911 2776 975 quiest)?
2807 911 3098 965 secundum
3130 929 3262 981 quas
3293 916 3439 986 leges
3481 918 3692 989 judicat

2101 991 2338 1058 Grmcus,
2363 1003 2416 1047 et
2442 998 2732 1051 secundmu
2755 1015 2886 1067 quas
2909 1000 3245 1058 Christianus
3266 1005 3289 1058 ?
3308 1021 3486 1061 annon
3513 1007 3686 1076 palam

2102 1093 2182 1136 est
2213 1083 2456 1140 Gra-cum
2488 1087 2779 1141 secundum
2815 1090 2958 1160 leges
2991 1092 3263 1148 hominum
3284 1136 3299 1159 ,
3343 1106 3398 1152 et
3423 1097 3686 1152 Christia-

2105 1191 2228 1228 num
2275 1176 2566 1231 secundum
2614 1180 2756 1250 leges
2799 1182 2929 1236 Dei?
2984 1183 3079 1238 llic
3107 1201 3237 1255 ergo
3276 1191 3442 1258 magis
3481 1190 3685 1260 justitia

2104 1261 2385 1328 reperitur,
2413 1265 2534 1333 quia
2565 1266 2708 1337 leges
2733 1283 2797 1320 ex
2824 1268 2958 1321 caelo
2989 1280 3113 1323 sunt
3142 1272 3339 1327 missae.
3372 1275 3427 1327 lu
3451 1278 3688 1330 externis

2103 1349 2246 1403 enim
2277 1364 2472 1421 prmtcr
2499 1371 2560 1411 ea
2605 1372 2724 1427 qtae
2767 1357 2906 1413 dicta
2946 1369 3070 1413 sunt
3093 1401 3108 1425 ,
3137 1361 3242 1416 alia
3269 1374 3391 1420 sunt
3437 1379 3684 1437 suspecta

2105 1443 2290 1510 multa,
2311 1455 2582 1503 oratorum
2611 1449 2690 1504 vis
2711 1450 2921 1506 dicendi
2953 1493 2965 1515 .
2993 1455 3289 1524 principum
3309 1461 3607 1530 corruptio,
3632 1476 3686 1518 et

2104 1533 2267 1587 multa
2297 1535 2398 1589 alia
2427 1554 2546 1606 qua:
2581 1539 2843 1607 justitiam
2887 1542 3208 1600 labefactant
3234 1564 3248 1601 :
3277 1547 3364 1602 hic
3394 1565 3524 1605 vero
3553 1553 3686 1608 nihil

2105 1622 2296 1678 horum
2327 1637 2428 1688 est.
2451 1628 2588 1695 Quid
2611 1645 2740 1700 ergo
2759 1674 2774 1694 ,
2813 1633 3024 1703 inquies
3041 1677 3054 1699 ,
3080 1635 3126 1689 si
3149 1637 3485 1694 adversarius
3511 1642 3687 1714 dyna-

2104 1724 2182 1768 sta
2227 1718 2343 1772 sit?
2382 1720 2447 1773 Et
2491 1720 2611 1774 ideo
2644 1725 2876 1779 maxime
2916 1726 3005 1780 hic
3038 1727 3284 1795 judicare
3324 1743 3535 1800 oportet
3580 1754 3595 1790 :
3631 1737 3686 1791 in

2103 1809 2341 1863 externis
2365 1813 2507 1866 enim
2537 1813 2625 1867 ille
2664 1814 2879 1883 judiciis
2922 1827 2972 1871 te
3014 1819 3117 1873 erit
3157 1823 3378 1878 omnino
3421 1830 3684 1896 superior.

2103 1898 2160 1953 Si
2184 1911 2362 1956 autem
2390 1903 2479 1960 ille
2505 1920 2609 1958 non
2651 1909 2976 1976 acquiescit,
3007 1921 3060 1964 et
3087 1913 3130 1965 si
3163 1913 3212 1966 id
3245 1917 3389 1983 quod
3434 1918 3578 1972 intus
3605 1931 3690 1976 est

2098 1995 2355 2064 judicium
2387 1997 2614 2066 deSpicit
2641 2009 2694 2053 et
2738 2001 2882 2056 foras
2921 2004 2969 2054 vi
3011 2005 3219 2060 trahit?
3258 2007 3447 2063 Melius
3486 2021 3571 2065 e~t
3612 2014 3686 2074 id,

2102 2087 2243 2156 quod
2272 2103 2339 2143 ex
2368 2091 2688 2146 necessitate
2720 2108 2974 2162 passurus
3009 2111 3070 2152 es
3095 2139 3110 2160 ,
3143 2109 3195 2152 te
3240 2100 3491 2156 libentem
3523 2107 3689 2159 susti-

2107 2194 2234 2232 nere
2249 2191 2301 2232 ct
2319 2180 2580 2248 judicium
2608 2200 2712 2237 non
2738 2186 2940 2249 subire,
2969 2195 3026 2241 ut
3053 2197 3108 2241 et
3136 2192 3439 2247 mercedem
3468 2195 3688 2252 habeas.

2102 2269 2235 2324 Nam
2269 2269 2351 2337 Si,
2385 2273 2575 2342 inquit,
2605 2275 2719 2344 quis
2740 2276 2857 2330 relit
2879 2286 3040 2332 tecum
3074 2281 3128 2333 in
3145 2281 3345 2350 judicio
3366 2288 3686 2352 contendere,

2103 2372 2149 2414 et
2167 2364 2390 2416 tunicam
2409 2375 2549 2417 tuam
2561 2366 2806 2436 accipere,
2831 2370 3051 2426 dimittes
3072 2372 3149 2425 illi
3173 2375 3323 2426 etiam
3341 2377 3594 2445 pallium;
3613 2390 3686 2445 et,

2104 2453 2191 2507 Sis
2216 2455 2482 2509 benevolus
2511 2458 2798 2512 aduersario
2825 2470 2912 2514 tuo
2934 2462 3034 2515 cito
3053 2505 3067 2526 ,
3096 2464 3257 2518 donec
3295 2481 3347 2519 cs
3385 2469 3438 2520 in
3465 2470 3545 2522 via
3573 2487 3689 2526 cum

2102 2549 2193 2602 illo
2218 2549 2430 2619 (Matth.
2463 2551 2517 2605 5.
2544 2552 2630 2606 40.
2655 2551 2769 2621 25).
2801 2554 2998 2623 Ecquid
3028 2569 3206 2611 nostra
3229 2559 3410 2614 dicere
3425 2577 3559 2631 opus
3581 2567 3689 2619 est?

2105 2657 2224 2695 nam
2248 2643 2346 2711 ipsi
2374 2659 2587 2713 quoque
2611 2659 2952 2700 externorum
2982 2650 3320 2705 tribunalium
3341 2642 3552 2717 patroni
3577 2657 3688 2711 hmc

2103 2735 2399 2804 szrpissime
2427 2737 2628 2800 dicunt,
2666 2739 2854 2792 melius
2885 2755 3003 2794 esse
3036 2741 3164 2796 foris
3190 2743 3308 2797 lites
3337 2758 3682 2816 componere.

2180 2830 2518 2883 Pecuniarum
2555 2847 2699 2884 amor
2727 2833 2895 2884 omnia
2921 2834 3179 2888 subvertit.
3207 2864 3280 2876 -
3300 2835 3406 2891 Sed
3423 2877 3438 2902 ,
3466 2853 3500 2892 ο
3531 2855 3690 2908 pecu-

2104 2920 2248 2974 nias!
2283 2922 2389 2974 imn
2420 2922 2614 2991 potius,
2645 2937 2679 2976 o
2707 2924 2994 2978 absurdum
3023 2926 3371 2994 pecuniarum
3399 2944 3641 2986 amorem
3668 2935 3684 2987 !

2102 3009 2192 3078 qui
2235 3011 2411 3064 omnia
2447 3012 2710 3067 subvertit
2749 3026 2804 3068 et
2832 3014 3068 3082 dejecit;
3100 3033 3362 3088 nugaeque
3391 3030 3448 3074 et
3489 3022 3684 3078 fabula

2105 3100 2286 3153 multis
2313 3113 2436 3154 sunt
2477 3103 2654 3156 omnia
2690 3114 2906 3172 propter
2934 3107 3205 3173 pecunias.
3235 3107 3300 3162 Et
3325 3110 3466 3178 quod
3497 3112 3567 3177 ii,
3597 3115 3686 3183 qui

2102 3191 2447 3247 saecularibus
2472 3193 2576 3246 sint
2593 3195 2810 3258 addicti,
2843 3196 2892 3248 in
2921 3197 3276 3254 tribunalibus
3299 3200 3418 3254 lites
3439 3217 3685 3257 commo-

2101 3292 2278 3347 veant,
2305 3285 2434 3338 nihil
2457 3286 2648 3339 mirum
2675 3302 2689 3350 ;
2719 3286 2859 3356 quod
2882 3297 3057 3342 autem
3087 3290 3237 3343 multi
3261 3306 3324 3345 cx
3355 3292 3553 3364 iis,qni
3581 3314 3685 3348 ςερ-

2100 3377 2222 3430 culo
2250 3376 2692 3431 abrenuntiarunt
2717 3419 2731 3441 ,
2763 3379 2949 3433 eadem
2979 3379 3093 3448 ipsa
3125 3379 3356 3448 faciant,
3389 3385 3492 3439 hoc
3539 3398 3686 3443 certe

2099 3478 2180 3522 est
2204 3477 2357 3522 extra
2386 3469 2594 3522 veniam
2617 3483 2851 3522 omnem.
2883 3468 3014 3522 Nam
3045 3470 3089 3523 si
3115 3472 3197 3524 vis
3219 3473 3400 3529 videre
3425 3489 3684 3545 quantum

2101 3569 2154 3613 te
2175 3561 2366 3615 abesse
2395 3563 2463 3614 ab
2486 3560 2585 3615 hoc
2613 3577 2730 3627 usu,
2767 3578 2957 3632 nempe
2974 3564 3336 3632 tribunalium,
3372 3575 3684 3640 praeceperit

2097 3649 2368 3718 Scriptura
2393 3692 2408 3716 ,
2437 3661 2491 3704 et
2517 3651 2727 3706 discere
2758 3654 3074 3722 quibusnam
3115 3655 3262 3724 leges
3315 3659 3505 3725 posita:
3532 3661 3640 3715 sint
3664 3704 3680 3726 ,

2099 3743 2219 3796 audi
2250 3743 2373 3810 quid
2401 3743 2543 3797 dicat
2572 3744 2765 3798 Paulus
2795 3764 2807 3796 :
2837 3745 2984 3798 Justo
3005 3747 3088 3800 lex
3128 3765 3229 3801 non
3266 3761 3338 3802 cst
3365 3752 3552 3820 posita,
3595 3755 3684 3807 sed

2097 3833 2299 3901 injustis
2319 3844 2364 3886 et
2386 3851 2487 3887 non
2515 3836 2770 3906 subditis(
2798 3839 2846 3890 l.
2873 3836 3009 3892 Tim.
3043 3839 3094 3892 l.
3119 3839 3211 3908 9).
3241 3840 3392 3906 Quod
3422 3844 3465 3897 si
3496 3844 3586 3900 ille
3613 3847 3682 3901 de

2098 3921 2324 3976 Mosaica
2367 3924 2466 3978 hoc
2493 3923 2654 3990 dicit,
2685 3927 2851 3980 multo
2878 3928 3045 3998 magis
3072 3929 3141 3984 de
3182 3932 3420 3986 externis
3450 3934 3678 4004 legibus.

2097 4011 2151 4066 Si
2181 4027 2310 4082 ergo
2341 4013 2586 4081 injuriam
2626 4016 2817 4070 feceris
2840 4058 2856 4082 ,
2890 4019 3063 4086 palam
3095 4027 3178 4073 est
3209 4029 3263 4072 te
3303 4038 3408 4075 non
3449 4038 3570 4079 esse
3591 4026 3681 4095 ju-

2097 4112 2272 4166 stum;
2320 4105 2363 4157 si
2409 4114 2584 4158 autem
2626 4106 2813 4175 injuria
2845 4107 3093 4164 afficiaris
3121 4121 3170 4163 et
3198 4107 3338 4165 feras
3369 4112 3507 4183 (hoc
3530 4116 3677 4170 enim

2097 4196 2329 4251 maxime
2355 4197 2484 4264 justi
2504 4208 2590 4252 est
2612 4200 2630 4268 )
2649 4240 2663 4260 ,
2690 4213 2796 4252 non
2830 4214 2964 4268 opus
2993 4200 3158 4254 habes
3183 4205 3419 4260 externis
3447 4207 3670 4276 legibus.

2096 4289 2162 4344 Et
2186 4291 2474 4359 quomodo,
2497 4291 2725 4359 inquies,
2751 4291 2940 4357 injuria
2965 4291 3124 4346 la'sus
3153 4292 3292 4348 ferre
3323 4298 3551 4364 potero?
3579 4301 3676 4353 At—

2096 4382 2184 4453 qui
2222 4381 2471 4436 Christus
2519 4382 2718 4450 aliquid
2757 4382 2916 4436 etiam
2970 4384 3198 4452 amplius
3247 4387 3519 4456 praecepit.
3555 4387 3674 4444 Non

2093 4476 2254 4528 modo
2291 4476 2432 4530 enim
2481 4475 2668 4544 injuria
2725 4479 2906 4532 laesum
2959 4480 3325 4549 ferrcjussit.
3368 4482 3460 4537 sed
3510 4485 3676 4540 etiam

2093 4565 2292 4619 aﬂ‘atim
2319 4581 2541 4636 erogare
2564 4569 2611 4622 ei
2638 4569 2725 4638 qni
2751 4569 2872 4623 facit
2903 4569 3172 4637 injuriam,
3197 4581 3250 4625 et
3280 4572 3515 4640 patiendi
3537 4573 3675 4629 alle-

2093 4668 2182 4712 ctu
2212 4669 2267 4713 et
2302 4659 2484 4714 animo
2511 4675 2765 4730 superare
2806 4663 3152 4730 cupiditatem
3195 4665 3334 4717 mala
3367 4662 3671 4721 inferentis.
3721 4687 3730 4692 ν

2093 4749 2208 4805 Non
2232 4752 2374 4806 enim
2395 4752 2551 4819 dixit,
2587 4754 2646 4808 Ei
2667 4753 2760 4824 qui
2777 4755 2904 4808 velit
2933 4764 3105 4809 tecum
3137 4756 3188 4809 iu
3210 4755 3414 4824 judicio
3440 4769 3671 4814 conten-

2092 4842 2222 4898 dere
2245 4854 2299 4899 et
2321 4845 2552 4900 tunicam
2583 4854 2726 4900 tuam
2757 4845 2966 4901 auferre
2988 4889 3002 4912 ,
3031 4847 3240 4904 dimitte
3271 4849 3504 4904 tunicam
3530 4867 3546 4915 ;
3577 4849 3677 4907 sed

2089 4951 2210 4990 cum
2245 4937 2329 4989 illa
2370 4945 2425 4991 et
2462 4937 2677 5007 pallium
2703 4937 2848 4992 dato.
2881 4937 3048 4992 Vince
3075 4937 3222 4993 illum
3245 4979 3260 4998 .
3291 4940 3497 5010 inquit,
3531 4941 3686 4994 malo

2089 5029 2338 5097 patiendo
2361 5071 2375 5093 ,
2409 5044 2514 5083 non
2556 5029 2692 5083 male
2720 5029 2963 5084 faciendo
2995 5051 3007 5085 :
3033 5031 3148 5086 haec
3175 5042 3252 5086 est
3277 5033 3420 5087 enim
3445 5034 3594 5088 clara
3613 5043 3688 5090 et

2087 5123 2366 5192 splendida
2417 5124 2659 5177 victoria.
2732 5107 2960 5195 Ideoque
3011 5139 3192 5194 pOStea
3240 5125 3369 5180 dicit
3421 5125 3622 5182 Paulus
3651 5143 3680 5181 :

2084 5213 2205 5267 1am
2226 5216 2356 5268 enim
2383 5216 2618 5269 delictum
2646 5225 2716 5268 est
2740 5219 2875 5270 vol/is
2895 5258 2908 5282 ,
2937 5218 3074 5287 quod
3090 5217 3290 5287 judicia
3315 5218 3506 5272 habetis
3538 5220 3709 5274 inter

2085 5321 2170 5361 vos
2201 5316 2286 5361 :et
2310 5323 2401 5359 cur
2429 5322 2528 5359 non
2556 5307 2722 5375 potius
2760 5308 3004 5377 injuriam
3031 5308 3261 5377 accipitis
3278 5308 3306 5361 1
3341 5307 3494 5374 Quod
3521 5311 3703 5368 enim

2086 5397 2130 5451 is
2151 5398 2238 5466 qui
2272 5395 2461 5466 injuria
2487 5397 2736 5464 afficitur,
2769 5399 2936 5469 magis
2976 5399 3169 5461 vincat,
3202 5414 3362 5468 quam
3392 5400 3437 5454 is
3465 5401 3556 5468 qui
3591 5402 3710 5454 in—

2078 5486 2276 5556 juriam
2305 5501 2409 5541 non
2443 5487 2564 5554 fert,
2591 5487 2693 5543 hoc
2720 5488 2869 5544 vobis
2891 5490 3065 5560 palam
3087 5489 3292 5544 faciam.
3329 5489 3558 5545 Etiamsi
3579 5498 3719 5563 qui

2083 5577 2330 5648 injuriam
2362 5595 2466 5634 non
2499 5581 2600 5635 fert
2627 5581 2678 5635 in
2699 5581 2956 5651 judicium
2979 5582 3221 5648 traxerit,
3253 5583 3464 5638 etiamsi
3495 5599 3654 5654 Sttpe
3675 5619 3719 5632 -

2082 5673 2235 5737 rarit,
2294 5685 2418 5729 ttmc
2461 5677 2694 5730 maxime
2740 5676 2984 5729 vincitur.
3037 5675 3188 5743 Quod
3232 5677 3374 5732 enim
3426 5675 3728 5752 nolebat,

399 5217 562 5288 Atqui
613 5216 695 5270 vel
740 5231 768 5267 a
817 5213 1046 5284 peccatis
1094 5213 1306 5267 liberari
1347 5227 1594 5282 magmuu
1625 5223 1707 5267 est
1731 5214 1976 5270 donum:

401 5324 543 5366 nunc
571 5317 751 5362 autem
782 5314 834 5360 te
860 5303 1153 5357 imnuncris
1178 5304 1401 5370 replevit
1428 5303 1603 5358 bonis.
1638 5304 1703 5358 Et
1747 5305 1850 5361 hoc
1897 5305 1976 5360 fa-

394 5413 540 5458 ctum
567 5407 668 5458 est.
701 5395 764 5449 In
796 5394 998 5447 nomine
1040 5390 1240 5446 Domini
1268 5395 1426 5446 nostri
1447 5393 1571 5449 Iesu
1604 5395 1791 5450 Christi
1819 5412 1838 5450 :
1871 5412 1974 5451 non

395 5497 448 5552 in
476 5495 580 5550 hoc
600 5491 685 5546 vel
718 5490 769 5543 in
794 5487 905 5554 illo,
937 5485 1030 5541 sed
1078 5483 1139 5538 Et
1186 5485 1237 5538 in
1281 5485 1480 5553 Spiritu
1528 5486 1620 5540 Dei
1643 5489 1822 5544 nostri.
1853 5489 1976 5546 lla'c

393 5603 521 5657 ergo
547 5600 669 5640 cum
695 5583 948 5642 sciamus,
997 5577 1200 5644 dilecti,
1233 5585 1287 5631 et
1324 5579 1526 5646 accepti
1565 5579 1808 5634 benefit-ii
1857 5597 1973 5636 ma-

394 5678 722 5752 gnitudinem
780 5672 1098 5743 cogitantes,
1147 5684 1456 5724 maneamus
1504 5678 1862 5740 temperanter
1892 5677 1971 5727 vi-
