3986 6202
404 260 504 350 :37

398 414 688 482 νενίκηκας
711 426 725 474 ;
763 409 814 463 τί
841 411 898 464 δὲ
926 411 1009 465 ὅτι
1048 409 1116 464 τά
1140 409 1394 481 χρήματα
1419 405 1690 468 ἀπέλαϐες
1726 404 1941 457 ᾶπαντα
1965 415 1979 463 ;

397 497 535 565 ὅπερ
562 495 661 548 οὐκ
686 493 906 547 ἐϐούλου
931 493 1069 556 τέως
1096 492 1413 561 ὑπέμεινας,
1440 486 1806 556 ἀναγκασθεὶς
1828 484 1979 538 δικά-

400 577 615 633 σασθαι.
644 579 739 630 Ἂν
759 577 815 630 δὲ
850 576 1084 647 ἐνέγκῃς
1111 575 1210 646 τὴν
1236 572 1472 636 ἀδικίαν,
1503 573 1659 642 νικᾷς
1686 570 1986 641 χρημάτων

400 661 499 729 μὲν
522 659 1014 731 ἀποστερούμενος,
1041 659 1141 729 τῆς
1170 658 1228 711 δὲ
1257 657 1436 726 νίκης,
1454 655 1639 709 οὐκέτι
1665 654 1762 723 τῆς
1798 653 1890 704 ἐπὶ
1918 652 1985 721 τῇ

398 742 680 815 φιλοσοφίᾳ
717 742 907 815 ταύτῃ·
943 742 1002 794 οὐ
1037 742 1146 811 γάρ
1187 739 1373 810 ἴσχυσέ
1421 755 1481 791 σε
1508 737 1814 805 ἀναγκάσαι
1840 736 1985 786 ἐκεῖ-

399 841 511 890 νος;
540 826 677 895 ὅπερ
710 827 811 878 οὐκ
847 823 1093 889 ἐϐούλου,
1125 823 1369 892 ποιῆσαι.
1404 821 1514 874 Καὶ
1543 821 1627 872 ὅτι
1649 817 1806 871 τοῦτό
1842 819 1988 895 ἐστιν

397 908 615 979 ἀληθὲς,
645 908 767 961 εἰπέ
807 925 919 977 μοι,
967 907 1048 969 τίς
1089 905 1365 975 ἐνίκησεν,
1399 904 1428 955 6
1469 902 1759 974 βάσκανος,
1783 901 1816 972 ἦ
1839 901 1868 953 6
1894 899 1990 953 ἐπὶ

395 991 494 1060 τῆς
526 990 794 1062 κοπρίας;
831 991 916 1052 τίς
950 988 1182 1059 ἡττήθη,
1216 990 1245 1041 6
1272 986 1449 1040 πάντα
1477 980 1796 1055 ἀφαιρεθεὶς
1842 980 1984 1049 Ἰὼϐ,

396 1074 430 1144 ἢ
471 1076 500 1127 6
535 1073 712 1127 πάντα
742 1072 1075 1141 ἀφελόμενος
1114 1070 1397 1135 διάϐολος;
1429 1068 1598 1139 Δῆλον
1638 1061 1720 1121 ὅτι
1757 1069 1785 1119 6
1812 1065 1990 1119 πάντα

398 1157 730 1227 ἀφελόμενος
750 1155 1015 1217 διάϐολος.
1039 1154 1174 1207 Τίνα
1194 1148 1287 1207 οὖν
1305 1151 1662 1222 θαυμάζομεν
1686 1149 1785 1221 τῆς
1810 1148 1987 1219 νίκης,

399 1240 490 1291 τὸν
517 1238 762 1292 διάϐολον
789 1238 880 1292 τὸν
915 1236 1214 1308 πλήξαντα,
1298 1235 1388 1288 τὸν
1417 1233 1537 1288 Ἰὼϐ
1564 1233 1656 1286 τὸν
1678 1232 1986 1303 πληγέντας

400 1322 568 1393 Δῆλον
597 1322 679 1374 ὅτι
709 1321 798 1375 τὸν
833 1321 952 1374 Ἱώϐ
976 1338 987 1349 ·
1032 1319 1208 1373 καίτοι
1240 1337 1305 1389 γε
1351 1321 1450 1373 οὐκ
1492 1320 1679 1389 ἴσχυσε
1726 1318 1989 1388 χρήματα

394 1405 748 1477 ἀπολλύμενα
797 1407 1115 1475 κατασχεῖν,
1156 1404 1217 1457 οὐ
1251 1402 1423 1455 σῶσαι
1455 1402 1584 1465 τοὺς
1623 1402 1818 1464 παῖδας
1866 1401 1991 1463 τοὺς

400 1491 589 1545 αὐτοῦ.
638 1490 749 1544 Καὶ
800 1489 854 1541 τί
894 1480 1049 1557 ’λέγω
1088 1489 1346 1558 χρήματα
1377 1488 1470 1540 καὶ
1505 1486 1739 1549 παῖδας;
1768 1483 1867 1554 τὴν
1893 1483 1988 1537 τοῦ

396 1564 652 1643 σώματος
677 1572 777 1625 οὐκ
811 1570 998 1642 ἴσχυσε
1025 1567 1488 1641 περιποιήσασθαι
1516 1563 1813 1637 σωτηρίαν.
1849 1560 1988 1618 *ἀλλ’

396 1659 544 1726 ὅμως
584 1649 738 1718 οῦτός
769 1656 917 1707 ἐστιν
958 1656 987 1708 6
1027 1654 1277 1724 νικήσας,
1306 1654 1334 1707 6
1363 1651 1541 1707 πάντα
1580 1652 1648 1705 τά
1679 1651 1807 1703 ὄντα
1850 1649 1989 1703 ἀπο-

392 1732 595 1792 ϐαλών.
623 1732 899 1808 Χρήματα
938 1736 1037 1806 μὲν
1069 1736 1178 1806 γὰρ
1204 1734 1305 1787 οὐκ
1326 1728 1522 1804 ἴσχυσε
1548 1736 1862 1804 κατασχεῖν,
1889 1731 1988 1804 τὴν

390 1812 451 1872 δέ
482 1818 766 1872 εὐσέϐειαν
799 1818 1036 1888 κατέσχε
1070 1816 1208 1888 μετά
1241 1809 1528 1889 ἀκριϐείας
1553 1816 1792 1886 ἀπάσης.
1828 1813 1990 1870 Ἀλλά

396 1903 586 1971 παισὶν
615 1902 717 1954 οὐκ
746 1902 1024 1972 ἐπήμυνεν
1054 1900 1469 1971 ἀπολλυμένοις.
1524 1900 1636 1953 Καὶ
1675 1898 1728 1952 τί
1784 1897 1986 1963 ’τοῦτο;

396 1985 491 2037 καὶ
521 1983 630 2055 γάρ
654 1983 900 2047 ’ἐκείνους
948 1982 1370 2054 λαμπροτέρους
1403 1983 1629 2052 ἐποίησε
1657 1981 1720 2035 τὸ
1749 1978 1986 2052 συμϐὰν,

394 2067 489 2121 καί¹
519 2065 695 2136 ἐαυτῷ
725 2065 782 2118 δὲ
809 2064 986 2130 οὓτως
1012 2067 1217 2137 ἧμυνεν
1246 2064 1693 2137 ἐπηρεαζομένῳ.
1730 2062 1794 2117 El
1826 2064 1883 2116 δέ
1912 2060 1988 2134 μὴ

395 2149 579 2212 κακῶς
609 2148 779 2202 ἔπαθε
817 2148 913 2200 καὶ
939 2148 1172 2219 ἠδικήθη
1204 2148 1355 2219 παρὰ
1380 2148 1474 2201 τοῦ
1497 2147 1769 2211 διαϐόλου,
1797 2148 1898 2202 οὐκ
1922 2147 1989 2201 ἂν

395 2234 614 2302 ἐνίκησε
653 2233 753 2302 τὴν
781 2230 1042 2303 λαμπρὰν
1075 2232 1232 2302 νίκην
1268 2230 1506 2302 ἐκείνην.
1535 2231 1599 2284 Εί
1647 2229 1884 2302 πονηρὸν
1920 2224 1990 2301 ἦν

393 2316 457 2368 16
487 2313 811 2380 ἀδικεῖσθαι,
862 2315 964 2367 οὐκ
1008 2313 1076 2367 ἀν
1108 2315 1242 2385 ήμῖν
1276 2313 1409 2367 αὐτὸ
1456 2304 1718 2380 ἐπέταξεν
1764 2315 1793 2366 6
1832 2312 1986 2376 Θεός·

396 2397 611 2467 πονηρά
644 2396 753 2466 γάρ
783 2398 812 2450 6
840 2396 974 2460 Θεὸς
1012 2396 1113 2450 οὐκ
1154 2395 1462 2450 ἐπιτάττει·
1515 2394 1548 2465 ἢ
1601 2396 1701 2448 οὐκ
1746 2396 1881 2459 ἴστε,
1907 2395 1989 2449 ὅτι

396 2481 559 2544 αὐτός
605 2482 755 2533 ἐστιν
798 2481 826 2532 6
873 2479 1006 2542 Θεὸς
1035 2479 1132 2548 τῆς
1170 2479 1362 2549 δόξηςς
1392 2478 1486 2532 καὶ
1517 2479 1618 2531 οὐκ
1662 2478 1727 2532 ἀν
1758 2479 1987 2551 αἰσχύνῃ

399 2564 493 2616 καὶ
532 2563 729 2631 γέλωτι
774 2562 870 2616 καὶ
918 2560 1092 2632 ζημίᾳ
1142 2561 1457 2633 περιϐαλεῖν
1507 2562 1654 2632 ἡμᾶς
1700 2560 1987 2631 ἠθέλησεν,

397 2646 533 2699 ἀλλά
584 2644 841 2700 τάναντία
886 2643 1234 2715 προξενῆσαι.
1269 2645 1368 2697 Διά
1408 2643 1566 2698 τοῦτο
1603 2644 1813 2698 κελεύει
1841 2647 1990 2715 ἡμᾶς

397 2728 723 2792 ἀδικεῖσθαι,
743 2727 838 2780 καὶ
861 2727 1040 2805 πάντα
1063 2728 1314 2798 πράττει,
1330 2722 1475 2779 ὥστε
1505 2727 1811 2798 ἀποστῆσαι
1841 2729 1991 2798 ἡμᾶς

394 2813 506 2865 τῶν
536 2811 825 2883 βιωτικῶν,
857 2811 952 2863 καὶ
974 2814 1165 2866 πεῖσαι
1190 2812 1241 2864 τί
1268 2810 1395 2875 δόξα
1428 2810 1525 2864 καὶ
1556 2811 1609 2863 τί
1648 2811 1906 2882 αίσχύνη,
1936 2813 1989 2864 τί

399 2894 575 2964 ζημία
602 2896 702 2947 καὶ
731 2893 786 2946 τί
808 2892 1029 2963 κέρδος.

476 3037 550 3103 ς’.
570 3037 732 3091 Ἀλλά
749 3037 919 3091 δεινὸν
943 3037 1005 3090 τὸ
1016 3035 1317 3090 ἀδικεῖσθαι
1335 3037 1429 3092 καὶ
1442 3036 1864 3109 ἐπηρεάζεσθαι·
1878 3041 1993 3095 οὐκ

409 3123 525 3177 ἐστι
556 3121 755 3186 δεινὸν,
790 3121 891 3174 οὐκ
929 3119 1097 3185 ἔστιν,
1140 3119 1414 3189 ἄνθρωπε.
1450 3120 1630 3190 Μέχρι
1674 3120 1821 3186 τίνος
1855 3123 1993 3193 πρὸς

403 3206 475 3260 τὰ
498 3203 745 3276 παρόντα
760 3203 1035 3272 ἐπτόησαι
1057 3220 1072 3269 ;
1098 3201 1233 3255 Οὐδὲ
1259 3202 1369 3273 γὰρ
1409 3202 1476 3256 ἂν
1502 3202 1764 3268 ἐπέταξεν
1802 3205 1933 3258 αὐτὸ
1963 3206 1992 3257 6

400 3288 555 3352 Θεὸς,
609 3288 661 3340 εί
705 3287 876 3341 δεινὸν
902 3281 991 3358 ἦν.
1021 3284 1224 3338 Σκόπει
1261 3283 1339 3338 δέ’
1389 3285 1447 3336 '0
1478 3284 1755 3355 ἠδικηκὼς
1781 3286 1991 3356 ἀπῆλθε

401 3372 660 3442 χρήματα
686 3370 847 3441 έχων,
881 3366 1017 3422 ἀλλά
1053 3368 1148 3421 καὶ
1175 3360 1416 3430 συνειδὸς
1451 3368 1706 3439 πονηρόνο
1733 3370 1763 3420 6
1794 3368 1854 3422 δὲ
1880 3369 1994 3439 ἠδι-

400 3455 659 3526 κημένος,
691 3451 993 3523 χρημάτων
1030 3451 1128 3521 μὲν
1175 3450 1645 3521 ἀπεστερημένος,
1678 3452 1993 3523 παρρησίαν

401 3541 459 3593 δὲ
488 3538 822 3610 κεκτημένος
859 3536 997 3607 πρὸς
1032 3535 1123 3589 τὸν
1148 3534 1301 3599 Θεὸν,
1326 3534 1517 3604 κτῆμα
1536 3536 1758 3607 μυρίων
1783 3534 1993 3606 θησαυ-

406 3622 515 3693 ρῶν
554 3620 897 3690 τιμιώτερον.
935 3617 1100 3671 Ταῦτ’
1135 3613 1227 3671 οὖν
1258 3616 1482 3681 ειδότες,
1513 3617 1891 3688 φιλοσοφῶμεν
1922 3620 1995 3671 ’ἐκ

402 3706 802 3775 προαιρέσεως.
846 3702 941 3755 καὶ
976 3700 1052 3771 μὴ
1083 3701 1385 3769 πάσχωμεν
1420 3703 1489 3753 τὰ
1509 3700 1615 3754 τῶν
1643 3701 1905 3772 ἀνοήτων,
1927 3703 1993 3755 οἶ

403 3787 528 3838 τότε
560 3785 844 3856 νομίζουσι
876 3784 952 3855 μὴ
977 3783 1301 3848 ἀδικεῖσθαι,
1329 3785 1458 3838 ὅταν
1494 3784 1604 3837 ἀπὸ
1640 3785 1994 3857 δικαστηρίου

405 3868 567 3920 τοῦτο
591 3867 825 3921 πάθωσι.
858 3864 1007 3936 [145]
1035 3865 1359 3918 Τούναντίον
1383 3864 1440 3918 δέ
1474 3866 1619 3920 ἆπαν
1636 3867 1791 3921 ἐστὶν
1828 3870 1861 3939 ἡ
1885 3886 1993 3938 -με-

407 3950 568 4017 γίστη
603 3950 795 4020 ζημία,
825 3951 920 4019 καὶ
947 3948 1082 4009 ὅλως
1117 3947 1244 4000 ὅταν
1280 3947 1356 4017 μὴ
1383 3947 1600 4011 ἐκόντες
1630 3948 1807 4003 ταῦτα
1838 3951 1992 4019 φιλο-

411 4032 686 4103 σοφῶμεν,
715 4032 830 4086 ἀλλ’
858 4028 1185 4101 ἡττηθέντες
1216 4028 1444 4082 ἐκεῖθεν.
1470 4030 1637 4085 Οὐδὲν
1672 4032 1779 4104 γάρ
1807 4033 1993 4105 κέρδος

408 4117 518 4169 ἀπὸ
561 4112 915 4185 δικαστηρίου
959 4109 1259 4183 ἡττηθέντα
1292 4112 1534 4179 ἐνεγκεῖν
1560 4127 1574 4141 ⁸
1603 4115 1697 4167 καὶ
1744 4113 1852 4186 γὰρ
1896 4116 1995 4187 τῆς

409 4200 656 4268 ἀνάγκης
688 4198 749 4252 τὸ
781 4198 1013 4268 πρᾶγμα
1046 4203 1066 4224 ⁸
1090 4193 1299 4263 γίνεται
1324 4193 1527 4248 λοιπόν.
1562 4195 1659 4259 Τίς
1687 4191 1779 4251 οὖν
1804 4196 1997 4267 ή.λαμ-

411 4284 524 4353 πρά
550 4283 715 4352 νίκη;
751 4281 917 4334 Ὅταν
954 4278 1018 4332 σὺ
1049 4278 1488 4349 καταφρονήσῃς,
1512 4277 1641 4331 ὃταν
1671 4278 1747 4350 μὴ
1774 4278 1992 4353 δικάσῃ.

414 4364 479 4419 Τί
512 4366 619 4434 φής
640 4362 978 4435 ;Ἄφῃρέθην
1017 4360 1232 4415 ἅπαντα
1254 4360 1322 4413 τά
1350 4359 1500 4422 ὄντα,
1532 4362 1689 4432 φησὶ,
1718 4362 1812 4417 καὶ
1838 4366 1995 4433 σιγᾷν

411 4447 689 4511 κελεύεις;
719 4444 1089 4516 ἐπηρεάσθην,
1115 4444 1209 4497 καὶ
1235 4444 1420 4515 φέρειν
1452 4445 1643 4514 πράως
1671 4449 1956 4517 παραινεῖς
1979 4464 1993 4512 ;

413 4531 508 4582 καὶ
546 4527 660 4590 πῶς
694 4528 1025 4596 δυνήσομαι;
1062 4526 1264 4603 Ἱέᾷστα
1307 4525 1405 4595 μὲν
1433 4520 1547 4590 οὖν,
1576 4527 1642 4580 ἀν
1672 4530 1750 4591 είς
1782 4529 1875 4581 τὸν
1902 4529 1994 4581 οὐ-

417 4610 577 4681 ρανὸν
609 4608 941 4681 ἀναϐλέψῃς,
982 4610 1047 4661 ἀν
1086 4607 1201 4679 ἴδῃς
1234 4606 1295 4659 τὸ
1324 4606 1516 4668 κάλλος
1550 4608 1727 4673 τοῦτο,
1769 4611 1863 4663 καὶ
1890 4610 1994 4664 ποῦ

415 4709 475 4745 σε
508 4690 872 4759 ἐπηγγείλατο
897 4689 1152 4755 δέξασθαι
1170 4689 1200 4741 ό
1219 4688 1349 4752 Θεὸς
1375 4688 1607 4760 φέροντα
1629 4690 1843 4745 ἀδικίαν
1870 4709 1994 4760 γεν-

416 4764 599 4837 ναίως.
624 4774 795 4826 Τοῦτο
821 4773 998 4826 τοίνυν
1022 4772 1185 4836 ποίει,
1217 4773 1311 4825 καὶ
1348 4772 1655 4841 ἀναϐλέψας
1682 4775 1763 4839 είς
1787 4775 1877 4828 τὸν
1901 4776 1993 4828 οὐ·

420 4860 601 4931 ρανὸν,
621 4857 874 4928 ἐννόησον
894 4857 976 4908 ὅτι
999 4856 1075 4925 τῷ
1094 4858 1206 4908 ἐκεῖ
1231 4857 1523 4926 καθημένῳ
1541 4858 1634 4910 ἐπὶ
1655 4859 1762 4912 τῶν
1787 4859 1995 4931 Χερου-

412 4934 520 5014 ϐὶμ
550 4943 778 5012 γέγονας
807 4941 1012 5010 ὅμοιος.
1044 4938 1152 4991 Καὶ
1199 4940 1306 5010 γάρ
1370 4942 1464 4993 καὶ
1515 4942 1722 5005 ἐκεῖνος
1766 4942 1996 5013 ὑϐρίσθη

419 5028 513 5081 καὶ
556 5027 776 5095 ήνεγκε,
836 5024 930 5076 καί
970 5022 1257 5094 ώνειδίσθη
1300 5024 1393 5076 καὶ
1437 5024 1536 5077 οὐκ
1573 5026 1840 5095 ἠμύνατο,
1905 5029 1999 5080 καὶ

416 5108 659 5178 ηέπτύσθη
690 5109 716 5147 ιι
746 5108 841 5162 καὶ
866 5106 965 5160 οὐκ
995 5104 1311 5176 ἐπεξῆλθεν·
1337 5106 1474 5159 ἀλλά
1496 5108 1719 5171 καὶτοῖς
1735 5110 1998 5173 ἐναντίοις

421 5191 692 5261 ἠμείψατο
724 5190 1063 5258 εὐεργεσίαις
1110 5190 1332 5260 μυρίαις
1371 5192 1499 5254 τούς
1533 5192 1602 5245 τὰ
1644 5192 1868 5246 τοιαῦτα
1901 5210 1996 5247 πε-

422 5273 738 5344 ποιηκότας,
782 5273 875 5324 καὶ
913 5274 1059 5342 ἡμᾶς
1107 5273 1350 5342 μιμητὰς
1397 5273 1562 5327 αὐτοῦ
1593 5276 1845 5342 γενέσθαι
1877 5277 2000 5330 ἐκέο

424 5356 633 5409 λευσεν.
682 5353 962 5424 Ἐννόησον
987 5355 1068 5406 ὅτι
1095 5355 1300 5424 γυμνὸς
1329 5355 1549 5427 ἐξῆλθες
1571 5358 1636 5412 ἐκ
1659 5359 1868 5423 κοιλίας
1892 5377 1998 5431 μη-

421 5440 550 5513 τρός
582 5455 696 5492 σου·
727 5437 929 5506 γυμνὸς
963 5439 1055 5490 καὶ
1082 5437 1357 5511 ἀπελεύσῃ
1409 5440 1502 5492 καὶ
1555 5443 1619 5495 σύ
1675 5444 1922 5506 κάκεῖνος
1972 5444 2000 5496 6

492 5670 518 5698 ι
539 5669 707 5733 "eam!
730 5666 787 5713 τὸ
808 5669 1015 5733 πρᾶγμα.
1086 5656 1116 5696 1³
1138 5664 1328 5733 ιιῑυτριη
1356 5667 1435 5733 καὶ
1479 5667 1703 5733 ἐπτύσθη,
1727 5685 1871 5733 quam
1896 5672 1994 5725 lec-

427 5731 612 5778 ﬁonem
634 5729 782 5777 habet
805 5730 957 5775 Sum.
987 5730 1033 5773 In
1078 5729 1312 5788 margine.
1364 5729 1493 5774 Idem
1519 5730 1669 5777 5am.
1695 5729 1905 5782 in’lextu
1949 5744 2000 5786 (ιι

428 5789 581 5840 codex
614 5789 756 5852 303.,
780 5791 859 5836 καί
884 5787 1131 5844 έτυπτὴθη.
1162 5787 1375 5848 Ulraqne
1404 5790 1551 5838 lectio
1576 5793 1799 5851 quadrat

1076 298 1134 350 s.
1184 291 1466 349 JOANNIS
1504 264 1986 343 cnmsosmm
2027 281 2342 341 ARCIIIEP.
2383 268 2928 341 CONSTAN‘I‘INUP.

3567 282 3668 336 158

2086 399 2381 470 ἠδικηκώς·
2419 400 2617 470 μᾶλλον
2642 400 2701 454 δέ
2740 401 2946 462 ἐκεῖνος
2972 397 3074 466 μὲν
3096 394 3243 468 μετά
3272 393 3483 465 μυρίων
3506 409 3670 465 τραυ.

2099 484 2284 553 μάτων
2310 484 2565 556 σκώληκα
2592 484 2902 538 τικτόντων.
2941 481 3222 553 Ἐννόησον
3246 480 3330 534 ὅτι
3357 478 3670 550 πρόσκαιρα

2088 566 2157 619 τά
2199 570 2462 638 παρόντα,
2518 568 2732 637 λόγισαι
2779 566 2906 631 τοὺς
2953 565 3156 634 τάφους
3202 562 3312 617 τῶν
3362 562 3667 633 προγόνων,

2089 650 2375 721 κατάμαθε
2406 652 2474 707 τά
2509 652 2852 722 γεγενημένα
2886 649 3094 719 σαφῶς,
3123 649 3221 702 καὶ
3247 646 3369 716 ὄψει
3399 647 3483 699 ὅτι
3510 647 3669 715 ισχυ-

2090 733 2311 803 ρότερόν
2339 750 2399 787 σε
2432 735 2688 804 ἐποίησεν
2718 737 2747 789 6
2770 734 3057 804 ἀδικήσας.
3087 731 3163 785 Τὸ
3212 730 3311 801 μὲν
3356 729 3467 799 γὰρ
3498 725 3666 782 αὐτοῦ

2096 817 2260 881 πάθος
2288 818 2666 888 χαλεπώτερον
2692 817 2937 888 ἐποίησε,
2966 816 3066 886 τὴν
3100 812 3466 885 φιλαργυρίαν
3496 812 3661 880 λέγω·

2085 899 2147 952 τὸ
2186 900 2245 953 δὲ
2285 901 2376 954 σὸν
2405 901 2814 971 ἀσθενέστερον,
2848 900 3029 953 λαϐὼν
3059 898 3157 969 τὴν
3193 895 3402 966 τροφὴν
3443 895 3538 948 τοῦ
3572 896 3669 965 θη-

2090 986 2228 1055 ρίου.
2265 986 2376 1041 Καὶ
2413 986 2494 1041 ἔτι
2540 987 2677 1058 πρὸς
2700 985 2911 1050 τούτοις
2941 981 3223 1054 ἀπήλλαξέ
3256 998 3316 1034 σε
3340 979 3666 1050 φροντίδων,

2087 1070 2348 1137 ἀγωνίας.
2383 1069 2678 1140 βασκανίας
2704 1066 3079 1138 συκοφαντῶν,
3113 1064 3370 1138 θορύϐου,
3400 1066 3667 1134 ταραχῆς.

2090 1153 2256 1221 φόϐου
2282 1153 2583 1225 διηνεκοῦς
2614 1154 2706 1208 καὶ
2734 1154 2826 1207 τὸν
2847 1151 3079 1223 φορυτὸν
3099 1150 3209 1203 τῶν
3238 1146 3425 1202 κακῶν
3455 1146 3667 1201 ἐπεσώ-

2093 1253 2283 1306 ρευσεν
2323 1236 2415 1289 ἐπὶ
2458 1236 2555 1307 τὴν
2598 1234 2794 1290 ἐαυτοῦ
2836 1233 3102 1305 κεφαλήν.
3144 1232 3210 1286 Τί
3240 1229 3355 1297 οὖν,
3399 1229 3494 1283 ἐὰν
3520 1229 3671 1302 λιμῷ

2075 1321 2360 1383 ,παλαίσω,
2393 1323 2524 1390 φησί
2550 1339 2567 1387 ;
2594 1321 2748 1375 Μετά
2764 1319 2984 1377 Παύλου
3016 1317 3171 1371 τοῦτο
3201 1318 3433 1386 πάσχεις
3460 1316 3554 1369 τοῦ
3579 1316 3672 1368 λέ-

2088 1422 2298 1474 γοντος·
2333 1407 2505 1475 Ἀχρι
2538 1406 2648 1473 τῆς
2668 1405 2799 1474 ἄρτι
2826 1404 2984 1472 ὥρας
3016 1401 3113 1454 καὶ
3136 1397 3438 1469 πεινῶμεν
3457 1399 3557 1453 καί
3580 1398 3669 1450 δι-

2088 1487 2298 1558 ψῶμεν
2347 1489 2446 1544 καὶ
2492 1490 2956 1559 Ίνιιινητεύομεγ.
3010 1484 3146 1538 Ἀλλ’
3190 1486 3396 1545 ἐκεῖνος
3440 1481 3535 1534 αδιά
3576 1482 3669 1535 τὸν

2088 1571 2249 1636 Θεὸν,
2279 1572 2440 1641 φησί.
2472 1572 2583 1624 Καὶ
2624 1573 2691 1626 σὺ
2727 1571 2815 1626 διὰ
2850 1571 2944 1625 τὸν
2978 1568 3130 1622 Θεόψ
3160 1567 3289 1620 ὅταν
3324 1564 3435 1636 γὰρ
3458 1564 3541 1636 μὴ
3566 1566 3677 1631 ἐπες

2087 1654 2332 1725 εξέλθῃς,
2363 1654 2450 1708 διά
2475 1654 2566 1707 τὸν
2590 1654 2724 1707 Θεὸν
2746 1653 2906 1708 τοῦτο
2932 1654 3126 1715 ποιεῖς.
3165 1648 3310 1702 Ἆλλ*
3333 1651 3363 1702 6
3389 1645 3670 1718 ἠδικηκὼς

2080 1736 2233 1807 ςμετά
2275 1737 2384 1791 τῶν
2427 1737 2802 1790 πλουτούντων
2835 1737 3034 1806 τρυφᾷ.
3066 1733 3285 1789 Μᾶλλον
3311 1732 3368 1786 δὲ
3393 1730 3543 1800 μετά
3570 1729 3666 1784 τοῦ

2087 1819 2354 1874 διαϐόλου·
2385 1819 2520 1873 άλλά
2549 1820 2613 1873 σὺ
2638 1820 2774 1890 μετά
2801 1818 3012 1873 Παύλου
3047 1814 3428 1885 στεφανοῦσαι.
3454 1811 3547 1885 Μὴ
3568 1812 3669 1866 106-

2089 1920 2184 1956 νυν
2214 1900 2380 1957 δέδιθι
2404 1902 2581 1973 λιμόν·
2614 1905 2695 1957 υὺ
2724 1903 2837 1971 γὰρ
2865 1897 3289 1971 λιμοκτονηὶσει
3313 1899 3528 1966 Κύριος
3550 1900 3670 1965 ψυ-

2084 1985 2202 2056 χὰς
2230 1985 2493 2040 δικαίων.
2520 1986 2629 2039 Καὶ
2657 1986 2843 2056 ἕτερός
2887 2000 3021 2054 φησι
3063 1983 3225 2038 πάλιν
3254 2000 3269 2014 ’
3314 1982 3669 2050 Ἐπίρῤιψον

2087 2069 2185 2122 ἐπὶ
2219 2069 2438 2136 Κύριον
2466 2068 2581 2134 τὴν
2608 2068 2902 2137 μέριμνὰν
2924 2083 3061 2129 σου,
3096 2065 3196 2120 καί
3234 2065 3414 2130 αὐτός
3445 2080 3521 2118 σε
3543 2063 3669 2117 δια-

2089 2146 2314 2220 θρέψει.
2367 2152 2431 2204 Εἰ
2469 2153 2578 2222 γάρ
2618 2152 2688 2203 τὰ
2732 2150 2988 2221 στρουθία
3024 2148 3120 2203 τοῦ
3163 2146 3334 2219 ἀγροῦ
3361 2146 3665 2218 διατρέφει,

2090 2234 2207 2297 πῶς
2235 2234 2293 2286 σὲ
2329 2234 2389 2286 οὐ
2418 2230 2737 2304 διαθρέψεω
2777 2234 2868 2303 Μὴ
2903 2233 3184 2302 γινώμεθα
3208 2230 3387 2284 τοίνυν
3427 2228 3669 2298 ὀλιγόπι-

2088 2334 2204 2370 στοι
2255 2316 2391 2388 μηδὲ
2436 2316 2767 2387 ὀλιγόψυχοι,
2811 2316 3109 2386 ἀγαπητοί.
3150 2316 3208 2368 Ὀ
3246 2312 3355 2385 γὰρ
3378 2312 3669 2382 βασιλείαν

2087 2401 2335 2473 οὐρανῶν
2384 2401 2852 2471 ἐπαγγειλάμενος
2906 2400 3004 2452 καὶ
3063 2397 3300 2451 τοσαῦτα
3352 2395 3558 2464 ἀγαθά,
3599 2395 3668 2449 τά

2089 2483 2330 2555 παρόντα
2363 2484 2480 2546 πῶς
2518 2483 2580 2537 οὐ
2617 2482 2815 2549 δώσεις
2849 2483 2939 2552 Μὴ
2976 2480 3245 2551 περιττῶν
3287 2477 3667 2548 ἐπιθυμῶμεν,

2089 2566 2203 2621 ἀλλ’
2227 2566 2559 2637 αὐταρκείας
2579 2564 2853 2636 ἐχώμεθα,
2879 2565 2973 2617 καὶ
3003 2565 3090 2616 ἀεὶ
3128 2562 3526 2632 πλουτήσομεν·
3552 2577 3671 2613 σκε-

2090 2650 2356 2718 πάσματα
2379 2648 2631 2719 ζητῶμεν
2659 2650 2752 2703 καὶ
2782 2649 3011 2718 τροφάς,
3035 2647 3127 2700 καί¹
3158 2647 3377 2700 πάντων
3401 2644 3670 2715 ἐπιληψόο

2084 2731 2234 2803 ⁴μεθει.
2288 2734 2384 2787 καὶ
2423 2733 2628 2787 τούτων
2677 2732 2771 2785 καὶ
2816 2730 2926 2784 τῶν
2961 2730 3137 2798 πολλῷ
3183 2728 3464 2799 μειζόνων.
3500 2730 3572 2794 Εί
3604 2729 3670 2791 δέ

2088 2817 2274 2884 ἀλγεῖς
2334 2815 2415 2871 ἔτι
2472 2817 2564 2870 καὶ
2608 2816 2759 2869 κάτω
2801 2815 3048 2878 κύπτεις,
3105 2812 3415 2883 ἠϐουλόμην
3461 2830 3544 2866 σοι
3568 2811 3669 2866 τοῦ

2088 2898 2408 2969 ἠδικηκότος
2445 2898 2582 2970 μετὰ
2600 2900 2699 2969 τὴν
2731 2899 2887 2968 νίκην
2906 2898 3074 2964 δεῖξαι
3099 2897 3196 2967 τὴν
3221 2895 3422 2967 ψυχὴν,
3446 2896 3565 2959 πῶς
3587 2896 3674 2949 τέσ-

2091 2997 2203 3051 φρα
2237 2982 2466 3049 γίνεται.
2501 2982 2611 3036 Καὶ
2649 2982 2817 3053 γάρή
2853 2981 3100 3052 ἁμαρτία
3140 2979 3401 3033 τοιοῦτον·
3436 2978 3543 3043 ἕως
3574 2980 3674 3050 μὲν

2090 3062 2157 3117 ἂν
2187 3065 2452 3136 ἐργασθῇ,
2481 3065 2713 3135 παρέχει
2746 3064 2865 3118 τινὰ
2903 3061 3301 3135 ήδονήννιίμ]
3338 3062 3469 3114 ὃταν
3500 3062 3560 3114 δὲ
3588 3079 3676 3115 τε·

2088 3146 2276 3219 λεσθῇ,
2313 3149 2433 3201 τότε
2461 3151 2494 3220 ή
2525 3149 2697 3220 μικρά
2720 3145 2880 3220 ἡδονὴ
2904 3140 3675 3217 ὑπεξίσταταιζέπεισέρχεται

2089 3231 2146 3283 δὲ
2174 3231 2401 3301 ἀθυμία.
2435 3228 2617 3286 Ταῦτα
2649 3231 2897 3287 καὶόταν
2925 3232 3238 3304 ὐϐρίζωμέν
3268 3236 3427 3295 ⁸τινας
3463 3232 3677 3301 πάσχο-

2095 3330 2213 3385 μεν’
2262 3315 2484 3387 ὕστερον
2512 3316 2642 3385 γοῦν
2670 3314 2880 3369 ἐαυτῶν
2914 3308 3348 3388 κατηγοροῦμεν.
3391 3314 3552 3368 Οὕτω
3582 3316 3677 3368 καὶ

2092 3399 2221 3452 ὅταν
2272 3400 2778 3469 πλεονεκτήσωμεν,
2842 3399 3127 3470 χαίρομενο
3192 3401 3331 3470 μετά
3389 3397 3449 3452 δέ
3498 3399 3675 3454 ταῦτα

2092 3480 2429 3553 κεντούμεθα
2465 3480 2571 3535 ὐπὸ
2591 3481 2683 3535 τοῦ
2708 3480 3026 3545 συνειδότος.

2179 3627 2341 3700 Ὁρᾷς
2373 3626 2524 3696 παρά
2553 3626 2630 3698 τῷ
2650 3627 2788 3680 δεῖνι
2818 3625 2916 3699 τὴν
2939 3627 3118 3681 οίκίαν
3138 3627 3240 3681 ’τοῦ
3272 3626 3542 3693 πένητος;
3580 3628 3678 3682 Δά-

2092 3724 2312 3780 κρυσον,
2355 3710 2430 3780 μὴ
2458 3709 2549 3762 τὸν
2586 3710 3051 3780 ἀπεστερημένον,
3094 3711 3230 3764 ἀλλὰ
3263 3710 3356 3763 τὸν
3387 3710 3672 3780 είληφότα’

2092 3794 2154 3846 οὐ
2181 3793 2290 3864 γάρ
2337 3793 2558 3858 ἔδωκεν,
2588 3792 2702 3845 ἀλλ’
2722 3793 2888 3846 ἔλαϐε
2910 3796 3106 3849 κακόν.
3152 3792 3390 3848 Ἐκεῖνον
3436 3795 3676 3867 μὲνγὰρ

2092 3877 2202 3929 τῶν
2241 3879 2528 3947 παρόντων
2572 3876 2966 3948 ἀπεστέρησεν,
3008 3878 3280 3932 ἐαυτὸν-δέ
3315 3878 3424 3930 τῶν
3449 3879 3675 3948 ἀφάτων

2090 3959 2313 4026 ἀγαθῶν
2353 3956 2718 4025 ἐξέϐαλεν.²Εί
2760 3960 2870 4031 γὰρ
2903 3962 2931 4012 6
2967 3954 3189 4032 μὴδούς
3235 3964 3345 4026 τοῖς
3375 3961 3675 4032 δεομένοις,

2092 4048 2172 4107 εἰς
2196 4043 2420 4111 γέενναν
2454 4043 2700 4103 ιάπεισιν,
2736 4046 2765 4097 ό
2797 4044 3090 4113 λαμϐάνων
3128 4046 3196 4098 τά
3224 4045 3336 4098 τῶν
3375 4044 3671 4116 δεομένων,

2092 4126 2151 4179 τί·
2172 4126 2419 4180 πείσεται
2440 4126 2588 4189 ;Καἰ
2612 4127 2663 4178 τί
2686 4126 2750 4179 τὸ
2764 4127 2979 4196 κέρδος,
3012 4128 3196 4198 φησὶν,
3229 4128 3359 4181 ὅταν
3380 4127 3492 4196 ἐγὼ
3514 4128 3673 4182 πάθω

2091 4207 2279 4273 κακῶς
2297 4224 2311 4272 ;
2330 4209 2499 4277 ’Μέγα
2537 4209 2633 4278 μὲν
2659 4205 2752 4262 οὖν
2778 4209 2842 4262 τὸ
2856 4209 3077 4281 κέρδος.
3107 4211 3181 4263 Οὐ
3210 4211 3321 4281 γὰρ
3340 4210 3407 4280 τῇ
3429 4210 3671 4280 τιμωρίᾳ

2093 4292 2186 4346 τοῦ
2228 4293 2415 4356 κακῶς
2446 4293 2805 4363 πεποιηκότος
2845 4293 3026 4362 ἵστησί
3073 4310 3155 4346 σοι
3199 4293 3299 4364 τήν
3335 4292 3604 4346 ἀντίδοσιν
3628 4293 3674 4345 νό

2093 4376 2245 4440 Θεόςο
2276 4378 2398 4428 ἐπεὶ
2420 4375 2583 4428 κούδὲν
2610 4374 2677 4428 ἂν
2700 4369 2769 4445 ἦν
2797 4376 2959 4445 μέγα.
2998 4375 3064 4427 Τί
3095 4376 3202 4448 γὰρ
3235 4374 3446 4444 ὄφελος,
3479 4377 3611 4428 ὅταν
3632 4382 3671 4416 ι·

2094 4457 2205 4527 ἐγὼ
2234 4459 2389 4513 πάθω
2411 4459 2619 4522 κακῶς,
2654 4462 2905 4522 κάκεῖνος
2932 4460 3123 4531 πάσχῃ
3151 4459 3371 4525 κακῶς;
3403 4458 3579 4513 καίτοι
3606 4475 3674 4527 γε

2095 4542 2323 4605 πολλοὺς
2358 4538 2476 4595 οῖδα
2508 4543 2772 4613 μεγίστην
2808 4543 3163 4614 παραμυθίαν
3196 4542 3397 4615 ταύτην
3434 4541 3674 4613 ἡγουμέ-

2095 4640 2239 4689 νους,
2277 4626 2372 4678 καὶ
2400 4626 2459 4678 τὸ
2484 4627 2590 4679 πᾶν
2619 4626 2978 4695 ἀπειληφέναι
3007 4624 3345 4696 νομίζοντας,
3382 4625 3515 4680 ὅταν
3550 4626 3674 4687 τοὺς

2095 4709 2507 4779 ἐπηρεάσαντας
2533 4708 2681 4762 ίδωσι
2704 4707 3119 4777 κολαζομένους.
3151 4708 3294 4761 Ἀλλ’
3314 4707 3466 4777 ὅμως
3492 4707 3673 4770 όΘεὸς

2094 4792 2194 4844 οὐκ
2220 4792 2277 4843 ἐν
2298 4791 2503 4854 τούτοις
2534 4792 2714 4860 ἵστησι
2740 4791 2837 4862 τὴν
2857 4791 3112 4863 ἀμοιϐήν.
3154 4789 3316 4843 Ἀλλά
3346 4788 3525 4859 βούλει
3564 4806 3669 4860 μα-

2097 4875 2209 4927 θεῖν
2256 4876 2354 4927 ὃσα
2397 4876 2464 4928 τὰ
2510 4874 2691 4942 ἀγαθά
2725 4892 2785 4927 σε
2821 4874 3151 4939 διαδέξεται;
3178 4873 3284 4926 Τὸν
3321 4872 3551 4943 οὐρανόν
3591 4888 3670 4924 σοι

2097 4958 2272 5011 πάντα
2301 4958 2525 5026 ἀνοίγει,
2557 4957 2667 5011 τῶν
2701 4958 2873 5025 ἁγίων
2900 4960 3047 5010 ποιεῖ
3072 4956 3431 5026 συμπολίτην,
3477 4956 3559 5017 είς
3582 4955 3675 5007 τὸν

2097 5041 2277 5094 αὐτῶν
2307 5041 2467 5111 χορὸν
2497 5040 2669 5094 τελεῖν
2701 5056 2760 5093 σε
2794 5040 3226 5110 παρασκευάζει,
3256 5038 3674 5108 ἁμαρτημάτων

2096 5125 2342 5189 ἀπολύει,
2373 5125 2687 5197 δικαιοσύνῃ
2715 5128 2984 5193 στεφανοῖ.
3026 5126 3088 5176 Εἰ
3113 5124 3222 5193 γὰρ
3253 5125 3301 5175 οί
3338 5125 3452 5186 τοῖς
3494 5124 3663 5192 ήμαρ-

2095 5210 2318 5278 τηκόσιν
2338 5208 2595 5277 ἀφιέντες
2616 5208 2977 5278 τυγχάνουσιν
3019 5210 3289 5277 ἀφέσεως.
3322 5207 3373 5259 οἱ
3405 5207 3481 5277 μὴ
3514 5206 3676 5275 μόνον

2097 5291 2370 5359 ἀφιέντες,
2408 5291 2545 5345 ἀλλά
2594 5291 2690 5343 κα)⁵
2722 5291 3245 5360 ἐπιδαψιλευόμενοι,
3280 5289 3424 5350 τίνος
3441 5289 3519 5341 ·οὐ
3556 5287 3681 5340 τεύ-

2099 5374 2278 5438 ξονται
2312 5373 2559 5441 εὐλογίας
2585 5373 2633 5440 b;
2664 5372 2757 5443 Μὴ
2784 5375 2961 5427 τοίνυν
2983 5373 3222 5441 ἀγεννῶς
3251 5372 3506 5441 ἐνέγκῃς,
3541 5368 3680 5423 ἀλλά

2098 5456 2193 5508 καὶ
2244 5453 2397 5519 εὖξαι
2436 5456 2579 5526 ὑπὲρ
2623 5456 2718 5510 τοῦ
2762 5455 3102 5527 ἠδικηκότος
3148 5456 3288 5524 ὑπὲρ
3336 5454 3447 5523 γάρ
3476 5450 3681 5505 σαυτοῦ

2162 5673 2185 5700 ⁸
2226 5671 2499 5752 ιρρείκξιιιν,
2525 5673 2582 5731 εἰ,
2604 5671 2790 5752 δοίωςε.
2816 5671 2887 5752 ’,ιι
2903 5668 3096 5752 ξένῃ.-
3116 5668 3405 5752 001193-31...
3426 5668 3681 5752 fflicytfi,

2097 5735 2246 5845 Begu.
2287 5730 2573 5796 ἀπολογίας,
2608 5741 2661 5783 et
2702 5737 2772 5782 sic
2815 5732 2940 5793 legit
2964 5731 3228 5793 interpres.
3271 5730 3492 5793 Utraque
3531 5732 3681 5779 ιιιυιιο

2100 5813 2194 5861 qua
2234 5806 2323 5846 ιλιι.
3354 5828 3359 5832 -
