3986 6202
107 0 1783 95 Ἁνγ

326 418 426 473 157

324 547 515 606 passus
552 537 637 585 est
668 546 682 584 :
712 527 856 582 illum
881 522 1024 581 enim
1055 520 1231 592 coegit
1271 516 1611 573 adversarius
1640 523 1696 571 et
1721 513 1906 606 dolere

323 602 380 680 et
415 619 624 694 judicio
646 615 985 674 contendere.
1023 610 1161 681 Quid
1188 610 1330 665 enim
1374 606 1514 679 quod
1543 604 1754 659 vicisti?
1783 602 1907 672 quid

328 715 475 787 quod
502 712 775 769 universas
798 707 1050 779 accepisti
1080 703 1333 776 pecunias
1353 702 1377 755 2
1397 700 1549 768 Quod
1572 698 1792 753 nolebas
1823 696 1905 750 in.

335 807 491 862 terim
536 817 722 879 passus
750 815 811 857 es
832 840 849 866 ,
878 809 935 853 ut
958 805 1178 853 coactus
1205 795 1258 848 in
1292 792 1495 865 judicio
1535 792 1906 846 contenderes.

331 895 388 952 Si
436 910 563 950 vero
596 893 931 963 iniquitatem
972 888 1134 952 feras,
1168 886 1342 941 vincis
1379 884 1614 956 privatus
1648 880 1907 952 pecuniis,

330 988 424 1043 sed
454 998 557 1045 non
586 984 811 1040 victoria
841 997 962 1054 qua:
989 989 1071 1053 est
1108 980 1179 1036 ob
1219 986 1419 1035 tantam
1471 973 1862 1055 philosophiam
1895 990 1908 1027 :

328 1094 430 1134 non
459 1077 630 1147 potuit
664 1075 810 1132 enim
844 1073 933 1129 ille
964 1081 1016 1127 te
1041 1085 1235 1141 cogere
1262 1068 1327 1122 ad
1350 1068 1401 1123 id
1423 1065 1746 1130 faciendum,
1769 1062 1909 1133 quod

328 1167 564 1232 nolebas.
593 1166 750 1235 Quod
780 1172 962 1220 autem
989 1162 1092 1218 hoc
1118 1161 1190 1217 sit
1215 1176 1402 1219 verum
1423 1201 1439 1227 ,
1468 1157 1554 1213 dic
1580 1158 1709 1211 Inibi
1737 1173 1752 1213 :
1781 1157 1912 1222 Quis

327 1258 490 1324 vicit,
533 1255 860 1321 invidusne,
901 1269 970 1309 an
999 1255 1046 1309 is
1097 1251 1186 1322 qui
1223 1250 1435 1320 iacebat
1459 1249 1511 1303 in
1539 1245 1911 1317 sterquilinio?

325 1350 447 1418 quis
472 1360 760 1421 superatus
786 1355 871 1404 est
896 1388 911 1411 ,
939 1361 1008 1400 an
1033 1342 1157 1409 Job,
1185 1344 1271 1399 cui
1296 1343 1474 1398 omnia
1515 1343 1737 1410 abrepta
1762 1349 1911 1404 sunt,

325 1457 393 1494 an
431 1441 525 1512 qui
552 1441 731 1495 omnia
756 1440 871 1511 ipse
889 1439 1106 1494 abstulit
1124 1437 1365 1493 diabolus
1384 1438 1408 1490 ?
1426 1436 1784 1507 Conspicuum
1807 1446 1910 1499 est,

326 1533 470 1603 quod
500 1533 547 1587 is
572 1533 663 1603 qui
689 1534 868 1588 omnia
892 1532 994 1603 ipsi
1019 1531 1236 1587 abstulit
1259 1530 1524 1585 diabolus.
1553 1531 1721 1598 Quem
1751 1528 1915 1583 mira-

330 1638 453 1677 mur
478 1623 551 1678 ob
575 1622 853 1678 victoriam
875 1664 891 1689 ,
933 1622 1274 1677 diabolumue
1298 1623 1387 1691 qui
1416 1621 1698 1690 percussit,
1727 1636 1794 1674 an
1820 1619 1914 1675 Jo-

331 1712 459 1767 bnm
489 1713 848 1782 percussum?
876 1713 1056 1767 Palam
1081 1722 1184 1779 est,
1210 1712 1350 1783 quod
1378 1711 1593 1767 Jobum.
1622 1711 1779 1781 Atqui
1807 1726 1911 1765 non

332 1802 510 1872 potuit
548 1810 841 1872 pereuntes
868 1802 1121 1871 pecunias
1165 1802 1403 1856 retinere
1429 1842 1443 1864 ,
1476 1816 1581 1854 non
1607 1800 1746 1854 lilios
1783 1814 1910 1854 suos

329 1907 574 1949 servare.
605 1892 811 1963 Ecquid
837 1893 965 1947 dico
984 1893 1238 1962 pecunias
1261 1901 1317 1948 et
1362 1894 1497 1947 lilios
1518 1894 1542 1944 ἲ
1567 1892 1807 1962 corporis
1833 1891 1912 1946 sui

324 1983 560 2044 salutem
603 1996 826 2038 servare
854 1997 961 2037 non
1004 1983 1195 2061 potuit.
1226 1985 1475 2047 Attamen
1502 1982 1590 2039 hic
1615 1993 1695 2039 est
1722 1983 1810 2053 qui
1838 1982 1915 2036 vi-

323 2077 401 2131 cit
438 2076 528 2147 qui
567 2076 749 2130 omnia
778 2091 873 2131 sua
914 2076 1113 2137 amisit.
1144 2076 1402 2136 Pecunias
1427 2076 1640 2146 quidem
1681 2076 1915 2131 retinere

322 2184 436 2222 non
464 2169 675 2239 potuit,
707 2169 957 2247 pietatem
986 2184 1114 2228 vero
1140 2183 1260 2229 cum
1289 2169 1434 2229 omni
1461 2169 1804 2223 accuratione
1832 2184 1915 2222 re-

326 2259 512 2314 tinuit.
543 2259 647 2321 Sed
675 2259 1021 2329 pereuntibus
1051 2260 1171 2314 (iliis
1198 2277 1303 2321 non
1331 2276 1487 2330 epem
1519 2261 1658 2315 tulit.
1688 2261 1753 2325 Et,
1779 2261 1907 2329 quid

320 2349 430 2405 hoc
451 2349 476 2404 ?
501 2364 624 2405 nam
648 2350 769 2404 illos
789 2349 905 2419 ipse
928 2363 1085 2407 casus
1106 2350 1495 2421 splendidiores
1515 2350 1749 2409 reddidit
1773 2368 1788 2416 ;
1812 2352 1914 2407 sibi

318 2456 548 2513 quoque
573 2442 731 2499 malis
756 2441 950 2496 affecto
988 2442 1238 2505 similiter
1262 2458 1421 2515 opem
1464 2444 1603 2499 tulit.
1648 2443 1763 2501 Nisi
1788 2459 1916 2499 vero

317 2535 473 2595 male
500 2548 692 2604 passus
718 2542 773 2588 et
796 2533 989 2603 injuria
1017 2532 1245 2588 aﬂ‘ectus
1269 2549 1299 2587 a
1326 2533 1541 2593 diabolo
1569 2534 1776 2599 luisset,
1809 2550 1916 2589 non

314 2622 667 2694 splendidam
696 2625 840 2679 illam
870 2624 1143 2680 retulisset
1171 2623 1467 2680 victoriam.
1496 2625 1553 2683 Si
1580 2626 1775 2682 malum
1802 2636 1918 2685 erat

315 2714 532 2785 injuria
553 2713 718 2781 allici,
747 2730 851 2768 non
877 2713 930 2771 id
958 2713 1113 2777 nobis
1126 2714 1375 2784 iussisset
1402 2716 1542 2775 Deus
1571 2732 1586 2771 :
1617 2717 1753 2775 mala
1773 2717 1916 2773 enim

318 2808 485 2865 Dens
530 2822 637 2867 non
658 2806 810 2876 jubet
838 2825 851 2862 :
880 2822 947 2868 an
977 2808 1201 2869 nescitis
1241 2807 1385 2878 quod
1412 2809 1528 2879 ipse
1552 2809 1623 2864 sit
1648 2809 1792 2874 Deus
1813 2811 1920 2881 glo-

310 2900 421 2954 rize
444 2898 478 2951 Τ
504 2914 603 2953 nec
650 2913 748 2955 nos
788 2899 1044 2963 voluisset
1083 2900 1415 2969 turpitudine
1437 2940 1454 2967 ,
1485 2901 1596 2957 risu
1620 2912 1678 2958 et
1720 2902 1920 2958 damno

310 2993 652 3057 involvere,
697 2992 790 3049 sed
833 2991 1104 3049 contraria
1145 2992 1454 3051 conciliare.
1504 2992 1629 3049 Ideo
1646 2994 1799 3063 jubet
1822 3009 1921 3049 nos

312 3084 583 3154 injuriam
610 3085 743 3154 pati,
771 3083 1011 3154 nihilque
1035 3099 1144 3139 non
1173 3085 1279 3156 agit
1310 3094 1366 3139 ut
1393 3100 1491 3143 nos
1517 3101 1546 3141 a
1574 3087 1922 3147 saecularibus

308 3177 633 3243 abstrahat,
659 3186 716 3238 et
757 3174 1077 3247 persuadeat
1118 3175 1250 3245 quid
1282 3177 1349 3231 sit
1372 3176 1565 3249 gloria,
1591 3178 1717 3252 quid
1757 3180 1921 3249 turpi-

310 3271 483 3333 tudo,
515 3268 649 3340 quid
671 3268 950 3334 damnum,
977 3266 1105 3337 quid
1131 3267 1358 3329 lucrum.

387 3363 455 3417 6.
488 3361 602 3418 Sed
629 3360 825 3416 durum
853 3368 939 3416 est
963 3359 1159 3433 injuria
1186 3369 1242 3417 et
1269 3359 1464 3414 damno
1490 3360 1677 3415 allici?
1700 3360 1820 3423 Non
1841 3371 1925 3418 est

304 3453 557 3519 durum,
611 3467 716 3511 non
762 3461 865 3516 est,
911 3468 945 3507 o
990 3451 1185 3511 homo!
1238 3450 1522 3522 Usquequo
1573 3454 1924 3525 praesentibus

300 3543 562 3605 iunias?
587 3540 769 3610 Neque
797 3542 938 3598 enim
961 3542 1061 3601 hoc
1087 3543 1440 3619 praecepisset
1462 3544 1623 3610 Deus,
1649 3546 1697 3601 si
1722 3547 1922 3601 malum

299 3646 506 3693 esset.
557 3631 849 3693 Considera
904 3643 1076 3688 autem
1119 3654 1133 3689 :
1175 3635 1267 3703 qui
1311 3634 1557 3705 injuriam
1596 3637 1738 3698 fecit.
1796 3637 1925 3691 abiit

297 3726 597 3801 pecunias
631 3724 857 3792 habens,
901 3726 998 3789 sed
1026 3725 1219 3783 malam
1250 3741 1463 3797 quoque
1487 3729 1870 3781 conscientiam
1906 3747 1919 3784 :

293 3821 404 3893 qui
433 3827 639 3883 autem
669 3816 861 3889 injuria
892 3817 1047 3880 bustis
1074 3827 1160 3883 est
1179 3858 1199 3883 ,
1232 3818 1477 3887 pecuniis
1499 3818 1715 3888 quidem
1747 3835 1926 3889 priva-

294 3919 399 3969 tus
427 3906 547 3972 fuit
574 3948 593 3974 ,
624 3906 721 3969 sed
746 3907 1001 3971 ﬁduciam
1035 3907 1178 3977 apud
1204 3908 1371 3969 Deum
1401 3907 1605 3975 habet,
1630 3910 1927 3979 posscssio-

291 4019 440 4065 nem
474 4002 643 4057 mille
672 3999 939 4063 thesauris
962 3999 1358 4071 pretiosiorem.
1380 3999 1506 4063 Haec
1527 4015 1647 4063 cum
1669 4001 1923 4069 sciamus,

285 4108 366 4149 ex
401 4090 714 4165 proposito
744 4090 1035 4151 voluntatis
1080 4089 1518 4161 phlIOSOpltemlll'
1539 4130 1556 4157 ,
1601 4105 1699 4147 nec
1736 4093 1923 4149 eadem

285 4199 433 4254 qua:
466 4181 644 4237 stulti
673 4182 959 4251 patiamur,
985 4181 1080 4253 qui
1125 4191 1253 4236 tunc
1294 4195 1356 4235 se
1396 4197 1503 4243 non
1540 4180 1731 4253 injuria
1768 4183 1925 4241 laesos

284 4282 525 4345 putant
552 4313 573 4336 ,
604 4287 728 4328 cum
758 4271 859 4329 hoc
884 4273 988 4333 illis
1013 4287 1045 4325 a
1065 4271 1269 4343 judicio
1297 4272 1513 4333 accidit.
1543 4272 1770 4335 Prorsus
1800 4288 1927 4328 vero

280 4383 320 4422 e
342 4363 672 4423 contrario
697 4363 826 4418 illud
856 4373 938 4419 est
975 4363 1230 4425 danmum
1260 4363 1551 4423 niaximum
1574 4404 1591 4430 ,
1633 4373 1690 4423 et.
1719 4366 1929 4419 univer-

278 4458 400 4514 siin
440 4455 694 4528 quando
722 4471 830 4513 non
860 4455 1308 4528 philosophatum
1338 4465 1529 4525 sponte
1576 4465 1754 4513 nostra
1774 4497 1788 4520 ,
1832 4456 1928 4512 sed

280 4548 435 4604 inde
475 4546 765 4616 superati.
797 4546 936 4605 Nihil
977 4546 1121 4605 enim
1153 4546 1285 4607 lucri
1312 4550 1555 4604 referunt
1582 4548 1671 4617 qui
1693 4547 1928 4616 superati

278 4654 313 4692 a
341 4638 601 4711 judicio
628 4676 647 4703 ,
679 4635 733 4690 id
759 4638 1037 4704 patiuntur
1070 4654 1084 4691 :
1115 4652 1236 4697 nam
1269 4646 1392 4697 tunc
1431 4639 1646 4699 demum
1685 4638 1817 4693 illud
1860 4654 1927 4692 ex

275 4728 672 4785 necessitate
705 4728 780 4780 lit.
805 4728 1062 4793 Qua-nam
1088 4742 1217 4796 ergo
1245 4727 1522 4797 Splendida
1556 4728 1775 4793 victoria
1803 4729 1929 4784 est?

271 4817 550 4890 Quando
577 4825 649 4874 tu
676 4816 730 4871 id
757 4816 1089 4886 despexeris,
1117 4819 1329 4886 quando
1347 4819 1549 4887 judicio
1574 4836 1680 4877 non
1705 4829 1929 4877 conten-

269 4914 473 4970 deris.
510 4908 687 4979 Quid
723 4907 897 4962 dicis?
935 4909 1117 4963 omnia
1147 4908 1275 4963 mihi
1320 4911 1495 4967 ablata
1530 4911 1668 4973 bona
1696 4919 1840 4975 sunt,
1878 4921 1934 4965 et

268 5008 463 5071 silere
498 5000 734 5075 iubes?
775 4999 972 5059 damno
1000 5002 1226 5057 alfectus
1254 5015 1371 5055 sum
1392 5041 1410 5067 ,
1459 5011 1516 5056 ut
1545 5012 1824 5065 mansuete
1852 5004 1931 5058 le-

268 5119 398 5163 tam
436 5094 779 5163 hortaris?
824 5104 878 5149 et
911 5095 1180 5165 quomodo
1222 5094 1351 5149 illud
1394 5096 1617 5164 potero?
1662 5094 1936 5151 Facillime

268 5198 514 5270 utique,
550 5194 611 5249 si
661 5192 724 5251 in
763 5190 954 5244 omium
979 5191 1284 5260 respexeris
1311 5232 1327 5254 ,
1355 5189 1401 5249 si
1433 5187 1633 5247 videris
1659 5189 1796 5249 hanc
1821 5190 1936 5258 pul—

263 5289 715 5349 chritudinem
732 5291 787 5343 et
807 5281 899 5339 ubi
930 5292 983 5337 te
1006 5294 1381 5352 suscepturum
1413 5296 1535 5337 esse
1568 5281 1704 5335 Deus
1736 5283 1937 5350 pollici-

267 5391 365 5437 tus
386 5381 505 5446 ait,
542 5377 604 5434 si
656 5372 914 5449 injuriam
935 5388 1198 5443 generose
1227 5373 1387 5437 feras.
1423 5372 1534 5428 lloc
1557 5373 1735 5442 itaque
1755 5373 1933 5434 tacito,

264 5484 323 5529 et
353 5480 714 5543 postquam
738 5463 931 5521 caelum
962 5464 1281 5532 respexeris,
1314 5464 1487 5532 cogita
1516 5470 1568 5522 te
1591 5462 1823 5517 similem
1850 5461 1939 5514 la-

265 5575 431 5623 εωω
466 5573 629 5621 esse
654 5554 742 5619 ei,
772 5554 863 5623 qui
894 5553 1003 5606 illic
1021 5567 1186 5622 super
1209 5550 1500 5611 Cherubim
1528 5553 1703 5609 sedet.
1725 5550 1859 5606 Nam
1885 5562 1941 5606 et

267 5657 367 5714 ille
394 5644 797 5713 contumelia
823 5642 1050 5700 affectus
1076 5651 1180 5709 est,
1209 5651 1265 5696 et
1284 5640 1339 5695 id
1365 5642 1519 5708 tulit;
1547 5652 1601 5698 et
1630 5643 1841 5713 probris
1861 5653 1942 5697 est

268 5749 555 5813 affectus,
595 5751 729 5797 nec
756 5750 878 5791 sesc
910 5744 995 5789 cst
1026 5734 1206 5799 ultus;
1233 5732 1403 5801 sputis
1425 5730 1808 5789 delionestatus
1834 5742 1938 5797 est,

268 5856 327 5902 α
358 5860 484 5901 ηοη
521 5849 685 5899 sese
722 5830 1014 5886 vindicavit
1041 5869 1057 5896 ,
1088 5828 1181 5883 sed
1228 5826 1510 5882 contrariis
1540 5829 1936 5897 remuneravit,

1351 401 1414 456 IN
1454 396 1672 457 EPIST.
1712 397 1733 453 ι
1798 396 1889 451 AD
1928 392 2083 449 COR.
2128 392 2355 449 llOMlL.
2398 392 2535 448 XVI.

3502 399 3601 450 .28

2027 510 2327 565 innumeris
2365 510 2603 563 alliciens
2632 508 3018 577 beneﬁciisleos
3065 512 3154 582 qui
3189 515 3317 571 talia
3345 514 3600 585 lcet-rant,

2015 611 2071 657 et
2108 617 2206 655 nos
2233 603 2398 673 ipsius
2427 602 2725 656 imitatores
2764 619 2883 659 esse
2902 602 3080 673 jussit.
3108 606 3291 678 Cogita
3320 620 3371 665 te
3400 612 3602 669 nudum

2016 692 2212 746 exiissc
2241 708 2307 747 ex
2339 702 2491 746 utero
2536 694 2720 747 matris
2763 704 2905 761 tum;
2942 697 3115 751 nudus
3149 704 3438 759 reverteris
3461 713 3514 759 ct
3545 715 3599 761 tu

2016 795 2069 838 et
2092 782 2180 853 qui
2213 792 2263 837 te
2281 781 2457 838 affecit
2485 784 2711 855 injuria;
2743 786 2850 847 imo
2881 803 3008 842 vero
3039 789 3129 844 ille
3154 808 3274 846 cum
3306 794 3597 855 innumeris

2018 875 2327 935 vulneribus
2350 916 2365 940 ,
2402 892 2521 947 qua:
2551 893 2762 934 vermes
2792 879 3029 949 gignant.
3059 882 3243 955 Cogita
3284 886 3425 955 quod
3456 898 3596 942 tem-

2018 982 2252 1039 poranea
2282 969 2388 1023 sint
2415 970 2701 1035 prmsentia
2733 990 2747 1025 :
2783 979 2954 1026 tecum
2988 985 3173 1043 reputt
3218 980 3463 1047 sepulcra
3487 998 3599 1035 ma-

2012 1058 2212 1126 jorum.
2269 1058 2422 1115 Disce
2458 1069 2642 1131 aperte
2680 1076 2741 1117 ea
2786 1079 2905 1134 qua:
2940 1063 3077 1120 facta
3106 1078 3233 1124 sunt
3258 1110 3275 1136 ,
3315 1082 3371 1126 et
3398 1073 3604 1130 videbis

2022 1165 2139 1202 eum
2160 1149 2250 1219 qui
2281 1158 2331 1204 te
2362 1149 2557 1220 injuria
2584 1150 2759 1208 adecit
2783 1194 2797 1216 ,
2825 1165 2876 1209 te
2898 1156 3169 1212 fortiorem
3209 1160 3400 1221 fecisse
3428 1183 3441 1220 :
3485 1183 3606 1236 pas-

2018 1240 2225 1295 sionem
2266 1256 2493 1312 namque
2538 1257 2694 1305 suam
2724 1248 3029 1315 graviorem
3053 1253 3321 1319 reddidit;
3363 1270 3603 1315 amorem

2022 1332 2258 1401 pecunia:
2280 1332 2433 1397 dico;
2462 1344 2604 1390 tuam
2635 1352 2764 1392 vero
2792 1336 3197 1397 imbecilliorem
3227 1387 3241 1408 ,
3268 1348 3447 1402 ablato
3473 1348 3604 1406 fera:

2022 1423 2160 1477 illius
2188 1424 2463 1479 alimento.
2496 1427 2576 1480 Ad
2610 1427 2724 1482 lucc
2749 1445 2877 1485 vero
2910 1442 2960 1486 te
2985 1433 3231 1491 liberavit
3261 1453 3290 1491 a
3324 1442 3467 1495 cutis
3492 1485 3506 1505 ,
3535 1445 3604 1499 ab

2019 1512 2179 1567 animi
2205 1529 2425 1586 angore,
2448 1517 2516 1572 ab
2545 1518 2743 1577 invidia
2773 1522 3224 1593 sycophantarum
3250 1570 3264 1592 ,
3291 1546 3321 1583 a
3354 1535 3506 1589 turba
3526 1576 3543 1601 ,
3573 1556 3602 1591 ει

2021 1606 2269 1673 tumulttt,
2298 1622 2327 1660 a
2360 1621 2618 1679 perpetuo
2645 1622 2823 1680 metu;
2850 1626 2905 1670 et
2935 1619 3199 1674 malorum
3230 1625 3515 1682 eolluviem
3550 1631 3601 1684 in

2017 1706 2177 1765 eaput
2203 1714 2357 1752 suum
2384 1703 2673 1771 congessit.
2705 1704 2841 1769 Quid
2874 1706 3056 1776 igitur,
3091 1711 3137 1765 si
3164 1727 3287 1768 cum
3321 1718 3481 1784 fame,
3518 1723 3599 1776 iu-

2019 1789 2191 1879 quies,
2219 1794 2565 1846 concertent?
2600 1794 2734 1849 Cum
2779 1796 2946 1851 Paulo
2976 1799 3075 1854 hoc
3115 1806 3335 1871 pateris.
3363 1812 3451 1879 qui
3481 1814 3555 1866 ait
3584 1835 3599 1868 :

2024 1877 2192 1949 Usque
2215 1881 2265 1932 in
2289 1880 2420 1934 lianc
2445 1882 2622 1935 harant
2645 1894 2689 1937 et
2717 1888 2963 1941 auritum
2989 1900 3036 1944 ct
3062 1893 3259 1949 silium:
3286 1909 3333 1949 et
3362 1877 3489 1954 nudi
3518 1919 3602 1957 ati-

2020 1985 2130 2023 mus
2160 1971 2237 2040 (ι.
2271 1972 2391 2025 (.‘or.
2422 1974 2474 2028 ι.
2508 1974 2635 2044 il).
2670 1978 2737 2029 At
2764 1978 2872 2041 ille.
2905 1980 3133 2051 inquies,
3164 1998 3383 2058 propter
3411 1994 3595 2051 Deum.

2022 2061 2088 2115 Et
2116 2074 2170 2115 tu
2214 2079 2425 2134 quoque
2467 2076 2683 2134 proliter
2727 2067 2893 2124 Deum
2925 2088 2944 2130 :
2974 2076 3190 2143 quando
3229 2082 3371 2137 enim
3412 2102 3519 2140 non
3553 2099 3611 2144 te

2021 2155 2163 2245 ultus
2191 2153 2380 2222 lueris,
2407 2170 2625 2227 prepter
2655 2159 2823 2216 Deum
2855 2163 2906 2217 id
2934 2164 3126 2222 fecisti.
3156 2172 3261 2227 Sed
3287 2177 3379 2245 qui
3405 2194 3491 2233 me
3518 2181 3601 2234 in-

2017 2244 2156 2312 juria
2185 2246 2381 2312 affecit,
2414 2264 2533 2302 cum
2562 2249 2814 2309 divitibus
2838 2254 2889 2309 in
2912 2257 3119 2314 deliciis
3138 2244 3313 2333 degit.
3337 2266 3446 2324 lino
3474 2287 3611 2328 vero

2021 2351 2141 2432 eum
2168 2337 2381 2391 diabolo
2414 2356 2428 2392 :
2459 2338 2553 2393 sed
2584 2348 2639 2394 tu
2672 2356 2793 2397 cum
2840 2342 3003 2405 Paulo
3033 2355 3326 2409 coronaris.
3359 2356 3439 2412 Ne
3471 2375 3601 2432 ergo

2023 2426 2215 2483 famem
2251 2429 2478 2484 timeas:
2516 2430 2635 2486 Non
2670 2435 2802 2488 enim
2828 2438 2963 2504 [mue
3003 2444 3195 2497 necabit
3229 2444 3365 2505 Delta
3400 2426 3603 2509 annuus

2013 2522 2273 2591 justorum
2315 2524 2335 2596 (
2363 2521 2516 2578 Prov.
2545 2526 2630 2580 10.
2655 2525 2688 2580 5
2707 2534 2749 2599 ).
2781 2528 2848 2584 Ει
2883 2531 3021 2588 alius
3050 2550 3260 2597 rursum
3290 2543 3365 2597 ait
3409 2562 3422 2597 :
3449 2543 3608 2600 Jacta

2021 2629 2173 2683 super
2202 2614 2473 2669 Dominum
2501 2634 2677 2672 curam
2705 2616 2866 2686 tuam,
2898 2634 2946 2678 et
2973 2626 3081 2694 ipse
3107 2639 3153 2682 le
3177 2636 3427 2707 euutriel(
3451 2637 3599 2694 Paul.

2022 2706 2112 2761 5i.
2150 2706 2284 2777 25).
2318 2708 2374 2762 Si
2401 2710 2544 2764 enim
2575 2726 2820 2780 passeres
2862 2719 2973 2785 agri
3005 2725 3212 2789 nutrit,
3251 2706 3521 2795 quomodo
3549 2745 3602 2788 ιι,

2024 2814 2128 2891 non
2159 2799 2492 2891 nutriet?Ne
2519 2802 2687 2857 simus
2707 2818 2837 2874 ergo
2866 2808 3087 2864 modica:
3114 2812 3235 2869 ﬁdei
3265 2856 3282 2881 ,
3311 2835 3483 2889 neque
3510 2841 3605 2891 νυ-

2023 2889 2334 2951 sillanimes,
2359 2904 2392 2943 ο
2419 2890 2622 2981 dilecti.
2646 2893 2747 2963 Qui
2772 2895 2918 2953 enim
2943 2914 3169 2969 regnum
3193 2908 3449 2964 caelorum
3481 2889 3602 2981 pro-

2028 2981 2170 3032 iui-it
2203 2989 2256 3035 et
2282 2988 2425 3035 tanta
2450 2980 2591 3037 bona
2613 3023 2629 3048 ,
2672 2988 2956 3053 prtesentia
2987 2994 3256 3059 quomodo
3282 3014 3390 3054 non
3417 2980 3604 3061 dabit?

2024 3069 2099 3124 Ne
2126 3064 2391 3141 superﬂua
2407 3072 2794 3140 desideremus,
2818 3078 3074 3150 sedquod
3095 3084 3344 3157 sufﬁciat,
3374 3102 3429 3149 et
3453 3112 3603 3155 sem-

2027 3175 2119 3230 per
2144 3162 2337 3223 divites
2374 3162 2575 3219 erimus
2624 3182 2637 3218 :
2686 3174 3051 3237 tegumentum
3088 3191 3389 3248 quaeramus
3425 3196 3480 3240 et
3507 3191 3605 3245 ali-

2028 3263 2227 3320 menta,
2254 3264 2308 3309 et
2333 3256 2510 3312 omnia
2540 3258 2882 3331 accipiemus,
2911 3272 2967 3318 et
2996 3263 3110 3321 hinc
3127 3277 3182 3323 et
3198 3271 3365 3327 multo
3379 3278 3602 3347 nmjora.

2028 3349 2085 3402 Si
2131 3358 2310 3417 autem
2351 3351 2527 3407 adhuc
2564 3352 2717 3408 doles
2752 3366 2806 3419 et
2843 3356 3094 3415 deorsum
3124 3366 3383 3435 respicis,
3412 3374 3602 3429 vellem

2032 3441 2123 3493 tibi
2150 3441 2267 3510 ejus
2293 3443 2384 3512 qui
2425 3452 2478 3498 te
2507 3443 2698 3512 injuria
2719 3444 2896 3501 aﬂ‘ccit
2920 3449 3153 3506 animam
3182 3467 3306 3523 post
3329 3461 3606 3527 victoriam

2030 3534 2337 3599 ostendere,
2366 3534 2633 3602 quomodo
2661 3536 2797 3589 cinis
2825 3536 2965 3595 facta
2992 3542 3082 3595 sit.
3114 3544 3241 3601 Tale
3274 3564 3504 3621 unumne
3524 3569 3608 3614 est

2032 3633 2309 3693 peccatum
2337 3641 2351 3677 :
2382 3625 2633 3694 quamdiu
2662 3637 2923 3696 patratur,
2954 3635 3239 3701 quamdam
3281 3640 3607 3714 voluptatem

2029 3719 2214 3782 all'ert;
2237 3719 2450 3787 quando
2465 3727 2646 3773 autem
2671 3734 3101 3781 consummatum
3116 3737 3221 3794 est,
3249 3740 3376 3791 tunc
3396 3739 3610 3794 modica

2033 3809 2119 3862 illa
2139 3808 2380 3877 voluptas
2401 3808 2597 3877 avolat,
2615 3812 2855 3867 succedit
2872 3822 3049 3873 autem
3064 3819 3230 3885 animi
3248 3838 3468 3882 mceror.
3486 3830 3611 3887 ιιωυ

2035 3915 2192 3969 porro
2227 3900 2480 3971 patimur,
2510 3915 2631 3956 cum
2669 3906 2927 3973 quosdam
2957 3912 3279 3968 contumelia
3303 3915 3603 3989 efﬁcimus;

2033 4002 2217 4062 postea
2257 4008 2382 4048 vero
2416 4008 2514 4048 nos
2536 3994 2681 4063 ipsos
2713 4009 3048 4055 accusamus.
3070 4000 3160 4057 Sic
3181 4006 3339 4061 etiam
3367 4024 3488 4066 cum
3518 4034 3576 4069 ra
3595 4048 3607 4056 .

2032 4085 2226 4153 pimus,
2252 4084 2566 4155 gaudemus;
2579 4086 2772 4141 deinde
2783 4102 2948 4143 verna
2961 4095 3283 4155 conscientia
3306 4104 3611 4173 puugitnur.

2106 4177 2207 4242 Qui
2240 4178 2406 4247 egenis
2429 4193 2528 4230 non
2575 4177 2942 4249 eleeutosynam
2976 4196 3153 4255 erogat
3171 4228 3186 4252 ,
3227 4189 3285 4243 iu
3329 4194 3614 4261 gehennam

2034 4269 2263 4321 mittitur.
2290 4292 2361 4306 --
2391 4266 2549 4323 Vides
2571 4268 2714 4337 apud
2745 4274 3049 4339 quempiam
3082 4276 3303 4333 domum
3328 4286 3616 4352 pauperis?

2037 4362 2181 4415 Deﬂe
2204 4400 2223 4425 ,
2250 4376 2357 4413 non
2384 4374 2507 4414 eum
2531 4361 2620 4428 qui
2642 4360 2880 4435 privatus
2909 4365 3007 4418 luit
3028 4405 3043 4429 ,
3067 4368 3160 4421 sed
3191 4385 3310 4425 eum
3340 4375 3432 4443 qui
3457 4390 3616 4432 acce-

2039 4451 2150 4516 pit;
2187 4464 2292 4503 non
2321 4447 2465 4501 enim
2504 4447 2672 4513 dedit,
2704 4450 2797 4504 sed
2824 4454 3030 4522 accepit
3059 4457 3277 4513 malum.
3300 4460 3440 4519 Nam
3458 4465 3611 4523 illum

2036 4541 2251 4612 quidem
2279 4541 2634 4608 prirsentibus
2655 4541 2935 4610 spoliavit,
2960 4561 3019 4600 se
3047 4563 3175 4603 vero
3201 4567 3264 4609 ex
3286 4553 3444 4612 bonis
3470 4559 3607 4615 incf.

2041 4631 2286 4685 labilibus
2311 4630 2488 4703 cjecit.
2528 4630 2659 4685 Nam
2692 4633 2738 4686 si
2767 4634 2811 4687 is
2832 4676 2845 4697 ,
2878 4635 2967 4705 qui
2997 4646 3178 4707 egenis
3207 4661 3308 4698 non
3334 4649 3610 4721 elargitur,

2040 4724 2091 4777 in
2121 4722 2419 4793 gehennam
2449 4724 2589 4790 abit;
2617 4724 2706 4794 qui
2737 4726 2822 4779 illa
2857 4743 2977 4796 qua:
3001 4744 3292 4799 egenorum
3320 4753 3447 4795 sunt
3469 4747 3615 4799 acci-

2041 4818 2136 4883 pit,
2173 4816 2297 4885 quid
2330 4815 2600 4886 patietur?
2632 4816 2698 4870 Et
2737 4832 2977 4887 quaenam
3010 4822 3211 4878 utilitas
3233 4867 3247 4889 ,
3296 4830 3533 4901 inquies,
3568 4840 3623 4891 si

2039 4924 2137 4978 ego
2173 4909 2314 4963 male
2347 4908 2552 4976 patiar?
2581 4908 2764 4979 Magna
2792 4922 2937 4965 certe
2962 4915 3181 4970 utilitas.
3214 4917 3326 4973 Non
3360 4940 3453 4991 per
3484 4942 3617 4994 sup-

2044 5004 2258 5069 plicnum
2305 5003 2421 5068 ejus
2448 5040 2461 5065 ,
2495 5001 2584 5068 qui
2617 5009 2668 5056 te
2695 5004 2837 5056 male
2880 5004 3078 5071 all'ecit,
3129 5016 3623 5074 remunerationem

2044 5094 2135 5149 tibi
2161 5093 2440 5151 constituit
2467 5091 2641 5157 Deus;
2671 5108 2793 5146 nam
2830 5094 2956 5147 illud
2981 5111 3088 5149 non
3120 5114 3306 5168 magna
3337 5119 3424 5159 res
3452 5122 3615 5165 essm,

2043 5188 2172 5253 Qua:
2191 5185 2334 5239 enim
2364 5183 2564 5238 utilitas
2586 5223 2600 5246 ,
2628 5184 2674 5241 si
2714 5193 2770 5239 et
2810 5200 2909 5252 ego
2938 5194 2991 5238 et
3018 5188 3109 5242 ille
3140 5192 3279 5245 mala
3311 5198 3576 5264 patiamur
3598 5205 3625 5257 ε

2043 5294 2363 5352 quamquam
2395 5278 2594 5334 multos
2619 5276 2769 5341 novi,
2798 5278 2885 5345 qui
2910 5277 3010 5331 hoc
3039 5296 3136 5347 pro
3164 5287 3395 5345 maxima
3424 5291 3623 5349 haben:

2044 5374 2431 5438 consolatione,
2457 5379 2512 5428 et
2533 5377 2703 5426 totum
2729 5385 2789 5429 se
2806 5373 3083 5442 accepisse
3111 5380 3464 5449 arbitrantur,
3493 5402 3616 5441 cum

2045 5483 2138 5522 cos
2166 5467 2255 5536 qtti
2282 5466 2382 5521 sibi
2413 5473 2710 5520 nocuerunt
2737 5464 2921 5533 plexos
2961 5467 3156 5527 vident.
3199 5472 3446 5528 Attamen
3482 5476 3621 5529 licus

2050 5580 2157 5625 non
2185 5562 2270 5615 liic
2297 5559 2439 5617 sistit
2462 5558 2969 5619 remunerationem.
3001 5560 3109 5617 Sed
3135 5564 3213 5617 vis
3240 5565 3378 5620 scire
3410 5575 3544 5632 quot
3570 5575 3621 5619 to

2051 5657 2187 5713 bona
2213 5658 2499 5721 exceptura
2528 5649 2674 5709 sint?
2701 5648 2893 5711 Teium
2923 5649 3024 5705 sibi
3065 5652 3255 5706 caelum
3280 5654 3470 5720 aperit,
3497 5669 3622 5708 san-

2051 5760 2253 5806 ctorum
2289 5747 2565 5803 concivem
2594 5744 2739 5810 facit,
2770 5748 2822 5800 in
2848 5746 3037 5801 eodem
3064 5746 3232 5800 choro
3256 5756 3314 5799 ut
3340 5745 3413 5798 sis
3439 5744 3622 5807 efﬁcit.

2056 5864 2083 5900 a
2115 5842 2345 5917 peccatis
2373 5840 2634 5901 absolvit,
2668 5838 2869 5907 justitia
2897 5846 3139 5890 coronat.
3170 5838 3225 5893 Si
3253 5839 3393 5893 enim
3426 5840 3510 5906 qui
3544 5857 3626 5895 re—
