3986 6202
342 357 446 412 139

341 480 562 530 mittunt
604 474 693 539 iis,
744 474 834 545 qui
884 484 1260 544 peccaverunt,
1311 474 1684 530 remissionem
1729 491 1921 530 conse-

334 577 573 636 quuntur
596 585 609 632 ;
635 567 723 636 qui
749 583 852 622 non
885 565 1043 620 tuodo
1065 566 1379 633 remittunt,
1407 567 1502 621 sed
1549 567 1679 636 ipsis
1707 567 1919 622 abunde

346 659 642 730 largiuntur
660 702 675 724 ,
703 677 859 730 quant
892 676 995 715 non
1023 670 1424 730 consequentur
1449 661 1875 716 benedictionem
1899 663 1922 715 ?

340 751 416 808 Nc
462 755 639 823 itaque
692 753 884 820 pusillo
912 754 1093 807 animo
1131 752 1273 808 feras
1298 795 1314 820 ,
1360 752 1453 808 sed
1484 755 1643 807 etiam
1701 768 1924 822 precare

337 860 435 916 pro
461 861 526 899 eo
554 845 642 916 qui
677 855 726 900 te
751 846 909 901 lursil.
938 846 1195 900 Pecunias
1224 853 1342 899 luas
1367 845 1612 914 accepit?
1637 844 1733 899 sed
1759 845 1920 899 etiam

337 950 578 1010 peccata,
608 951 665 993 ut
695 940 745 993 in
776 938 1051 994 Neemano
1075 948 1128 993 et
1153 938 1300 994 Ciezi
1329 938 1542 993 accidit.
1571 939 1807 1004 Quantas
1834 953 1925 1007 pe-

335 1032 518 1086 cunias
546 1048 651 1086 non
671 1031 801 1085 dare
823 1031 1108 1095 voluisses,
1134 1040 1192 1085 ut
1221 1039 1437 1101 peccata
1471 1031 1562 1084 tibi
1586 1031 1925 1086 remitteren-

337 1123 469 1176 tur?
498 1121 608 1175 lloc
639 1123 818 1192 itaque
845 1137 986 1176 nunc
1004 1122 1164 1176 etiam
1189 1137 1287 1176 usu
1310 1122 1451 1176 venit
1482 1139 1494 1174 :
1526 1122 1570 1176 si
1598 1122 1742 1176 enim
1767 1137 1927 1192 gene-

336 1229 459 1268 rose
503 1213 664 1278 feras,
711 1229 809 1269 nec
851 1214 1160 1278 maledicas,
1213 1214 1493 1284 splendida
1545 1215 1825 1269 redimitus
1864 1230 1924 1269 es

308 1287 554 1370 Tcorona.
596 1304 710 1359 Non
740 1320 892 1360 meus
931 1316 1014 1362 est
1039 1322 1220 1361 sermo
1243 1347 1258 1370 ,
1288 1307 1382 1362 sed
1427 1308 1621 1361 audisti
1648 1307 1922 1362 Christum

335 1396 603 1450 dicentem
653 1413 666 1450 :
717 1395 875 1451 Orate
912 1415 1004 1468 pro
1045 1398 1108 1451 iis
1147 1399 1233 1468 qui
1262 1398 1396 1452 vobis
1426 1401 1704 1454 molestiam
1731 1409 1921 1454 creant.

337 1489 403 1544 Et
423 1490 595 1558 cogita
625 1500 878 1560 quantum
919 1491 990 1545 sit
1015 1495 1290 1560 praemium
1315 1534 1330 1559 ,
1365 1491 1433 1547 Ut
1453 1493 1562 1546 sitis
1587 1492 1779 1547 similes
1811 1492 1918 1546 Pa-

1115 363 1170 418 S.
1211 362 1485 419 JOANNIS
1519 362 1988 419 CllliYSOSTUMI
2031 366 2342 422 ARCIIIEI‘.
2385 371 2909 430 CUNS'I'ANTINOP.

3517 380 3618 438 HO

2029 480 2119 532 tris
2144 481 2293 534 vestri
2315 482 2404 551 qui
2432 491 2501 535 est
2536 483 2586 535 in
2633 485 2755 536 ra'lo
2790 477 3011 554 (Matth.
3051 486 3104 540 5.
3155 490 3242 544 45.
3273 492 3402 563 ω).
3436 496 3618 566 Itaque

2039 570 2187 622 nullo
2230 571 2466 640 privatus
2490 587 2581 636 es,
2625 573 2719 627 sed
2761 574 2923 628 etiam
2953 577 3208 646 accepisti
3238 595 3254 644 ;
3289 597 3393 636 non
3422 583 3622 653 injuria

2026 661 2274 728 allectus,
2307 663 2402 718 sed
2429 676 2725 719 coronatus
2752 682 2834 732 es,
2865 669 3046 722 animo
3071 673 3240 743 magis
3263 675 3613 747 philosophus

2028 752 2249 808 cllectus
2279 756 2496 825 Deoque
2524 756 2717 811 similis
2738 799 2753 820 ,
2783 761 3128 828 pecuniarum
3155 778 3284 818 cura
3318 768 3575 824 liberatus
3601 809 3618 834 ,

2030 862 2257 916 regnum
2285 848 2539 902 caslorum
2568 861 2913 921 assequutus.
2946 854 3069 909 llaec
3095 857 3276 926 itaque
3304 861 3483 914 omnia
3511 878 3607 917 no-

2029 939 2234 993 biscum
2265 949 2591 1010 reputantes,
2623 941 2673 995 in
2702 941 2910 1012 injuriis
2929 945 3389 1016 philosophemur,
3413 951 3617 1017 dilecti,

2032 1044 2085 1084 ut
2116 1040 2170 1084 et
2198 1046 2227 1084 a
2270 1033 2549 1100 prtesentis
2578 1034 2701 1087 vita:
2744 1036 3148 1104 perturbatione
3187 1039 3479 1097 liberemur
3504 1086 3520 1107 ,
3563 1056 3614 1098 et

2031 1122 2270 1177 inutilem
2301 1138 2587 1178 maerorem
2615 1124 2928 1192 abjieiamns
2951 1168 2966 1192 ,
2998 1127 3340 1200 futurumque
3367 1133 3617 1202 gaudium

2030 1229 2459 1284 consequamur,
2503 1216 2670 1285 gratia
2718 1227 2773 1272 et
2822 1219 3148 1289 benignitate
3197 1223 3404 1279 Domini
3449 1227 3616 1281 nostri

2029 1305 2155 1360 Jesu
2186 1306 2403 1370 Christi,
2434 1308 2649 1377 quicum
2679 1308 2822 1363 Patri
2846 1318 2900 1364 et
2924 1327 3023 1364 una
3043 1311 3263 1382 Spiritui
3281 1325 3470 1371 sancto
3494 1320 3616 1386 glo-

2032 1399 2130 1461 ria,
2166 1398 2468 1466 imperium,
2505 1401 2696 1465 honor,
2739 1416 2878 1454 nunc
2905 1410 2961 1456 et
2989 1416 3225 1473 semper,
3255 1413 3309 1459 et
3336 1406 3392 1460 in
3422 1411 3619 1462 sarcula

2039 1494 2382 1547 saeculorum.
2411 1494 2604 1546 Amen.

2427 1628 2599 1635 -α

3279 1634 3604 1646 ω--ρο-,ε-

1664 1699 2008 1760 HOMILIA
2049 1700 2254 1761 XVII.

333 1847 445 1901 CAP
515 1845 565 1899 ϐ.
613 1843 783 1898 v.12.
834 1841 1020 1896 Omnia
1063 1843 1185 1895 milii
1237 1844 1423 1907 licent,
1467 1844 1554 1896 sed
1596 1860 1696 1896 non
1751 1844 1920 1896 omnia

405 1937 671 2006 expediunt
702 1935 914 1989 :ontnia
940 1934 1062 1987 mihi
1125 1935 1310 2000 licent,
1340 1934 1430 1987 sed
1458 1951 1549 2004 ego
1600 1935 1690 1988 sub
1733 1936 1924 1988 nullius

405 2030 607 2098 redigar
636 2036 900 2096 potestate.

411 2122 462 2176 l.
493 2120 781 2176 llelluones
830 2118 916 2172 hic
941 2116 1269 2172 subindicat.
1299 2117 1432 2183 Quia
1477 2118 1618 2172 enim
1649 2134 1835 2172 rursus
1859 2117 1926 2172 ad

337 2213 716 2268 fornicatorem
741 2219 825 2263 est
854 2207 1145 2278 rediturus,
1177 2206 1462 2261 fornicalio
1504 2219 1680 2261 autem
1723 2223 1787 2262 ex
1831 2209 1928 2262 de-

337 2304 479 2359 liciis
503 2312 557 2358 et
589 2301 951 2356 immoderato
978 2299 1100 2356 cibo
1127 2300 1326 2365 oritur,
1361 2300 1710 2355 vehementer
1735 2301 1922 2357 vitiant

338 2394 470 2450 illud
497 2392 741 2462 castigat.
786 2390 970 2458 Neque
995 2391 1140 2446 enim
1185 2393 1251 2445 de
1279 2390 1566 2460 prohibitis
1595 2392 1708 2445 hare
1756 2391 1924 2456 dicit;

354 2487 444 2541 illa
476 2500 704 2555 namque
731 2499 834 2538 non
865 2482 1028 2537 licent
1053 2499 1068 2546 ;
1098 2482 1192 2537 sed
1222 2481 1289 2535 de
1337 2482 1402 2536 iis
1431 2500 1549 2553 qua:
1577 2483 1929 2538 imhll'erentia

342 2592 462 2633 esse
488 2576 754 2632 videntur.
786 2573 1025 2644 Exempli
1049 2589 1205 2628 causa
1239 2592 1251 2627 :
1280 2573 1443 2635 licet,
1499 2573 1702 2643 inquit,
1753 2591 1932 2628 come-

342 2674 470 2724 dere
501 2678 555 2724 et
585 2668 804 2728 bibere;
853 2665 946 2720 sed
971 2681 1092 2720 cum
1139 2663 1294 2733 copia
1342 2663 1504 2719 nimia
1537 2682 1642 2719 non
1692 2666 1928 2735 expedit.

342 2761 600 2830 Quodque
628 2759 819 2813 mirum
871 2758 1402 2826 inexspectatnmque
1431 2765 1513 2812 est
1534 2799 1549 2822 ,
1581 2760 1720 2827 quod
1755 2768 1930 2810 tamen

347 2852 524 2906 facere
539 2866 680 2918 saepe
697 2850 834 2903 solet
853 2850 903 2902 in
918 2847 1246 2901 contrarium
1261 2857 1586 2901 convertens
1609 2847 1928 2908 orationem,

350 2939 437 2994 hic
460 2955 672 3009 quoque
705 2938 829 2991 illud
859 2938 1204 3005 exsequitur,
1233 2945 1287 2990 et
1308 2935 1695 3005 ostenditqnod
1717 2937 1767 2989 in
1787 2947 1936 3005 pote-

347 3039 486 3086 state
515 3029 722 3094 facere,
756 3045 860 3083 non
903 3030 1074 3082 solum
1119 3043 1222 3080 non
1267 3026 1542 3095 expediat,
1575 3026 1668 3080 sed
1713 3041 1809 3082 nec
1837 3041 1932 3095 po-

351 3122 561 3177 testatis
617 3121 831 3191 quidem
881 3120 999 3186 sit,
1067 3135 1251 3174 verum
1299 3119 1595 3173 servitutis.
1647 3119 1712 3173 Et
1764 3119 1936 3188 primo

350 3212 568 3279 quidem
597 3211 792 3266 avertit
819 3211 886 3265 ab
912 3225 977 3265 eo
998 3252 1013 3275 ,
1045 3210 1185 3280 quod
1242 3225 1346 3263 non
1399 3209 1647 3278 expediat
1669 3250 1684 3274 ,
1709 3209 1933 3264 dicens:

355 3302 479 3357 Non
508 3303 782 3372 expediunt
806 3319 826 3367 ;
849 3301 1086 3357 secundo
1114 3311 1290 3355 autem
1320 3315 1349 3354 a
1393 3301 1665 3355 contrario
1686 3342 1700 3367 ,
1733 3300 1936 3364 dicens,

351 3393 467 3466 Ego
528 3394 621 3448 sub
670 3396 864 3448 nullius
923 3394 1126 3463 redigar
1170 3402 1427 3459 potestate.
1460 3392 1570 3446 lloe
1614 3403 1790 3447 autem
1837 3394 1936 3447 sibi

356 3488 470 3541 vult
499 3504 513 3538 :
542 3487 713 3541 Penes
745 3495 796 3541 te
853 3495 930 3541 cst
989 3485 1310 3540 manducare
1330 3527 1344 3548 ,
1391 3485 1592 3555 inquit:
1621 3502 1748 3556 ergo
1783 3503 1938 3541 mane

354 3578 410 3632 in
443 3578 531 3633 illa
563 3587 828 3646 potestate
853 3619 868 3643 ,
899 3587 953 3631 et
999 3593 1130 3631 cave
1186 3593 1252 3629 ne
1301 3576 1456 3646 hujus
1484 3576 1704 3630 allectus
1753 3592 1938 3630 St'l’VllS

359 3669 634 3724 ellieiaris.
681 3667 814 3721 Nam
867 3668 955 3737 qui
1005 3677 1062 3719 ut
1111 3667 1360 3721 convenit
1411 3668 1502 3719 illo
1551 3668 1755 3728 utitur,
1801 3668 1940 3721 illius

357 3760 609 3815 dominus
656 3767 772 3819 est;
822 3757 912 3824 qui
963 3769 1140 3810 autem
1185 3773 1488 3810 mensuram
1537 3759 1780 3818 excedit,
1834 3777 1937 3811 non

359 3851 496 3903 ultra
520 3844 771 3902 dominus
800 3855 884 3900 est
907 3887 922 3911 ,
953 3846 1045 3899 sed
1073 3862 1258 3900 servus
1284 3848 1402 3912 ejus
1443 3850 1674 3901 ellicitur
1695 3891 1708 3910 ,
1739 3850 1856 3917 gula
1889 3850 1938 3902 in

358 3940 477 4009 ipso
514 3937 850 4008 tyrannidem
905 3945 1220 3990 exercente.
1253 3937 1438 3990 Viden’
1481 3939 1750 4006 quomodo
1777 3956 1896 3993 etttn
1921 3981 1935 4003 ,

359 4030 448 4099 qui
477 4044 538 4084 se
566 4036 881 4098 potestatem
913 4027 1110 4080 habere
1137 4029 1376 4096 putabat,
1406 4029 1504 4082 sub
1533 4039 1793 4096 potestate
1820 4046 1940 4086 esse

361 4120 642 4177 ostendat?
664 4118 811 4175 Solet
835 4120 978 4174 enim
1009 4119 1204 4173 Paulus
1236 4119 1334 4173 hoc
1363 4121 1560 4186 facere,
1591 4133 1644 4174 ut
1669 4122 1778 4190 jam
1808 4123 1936 4187 dixi,

363 4216 415 4270 in
442 4215 768 4270 contrarium
798 4213 1128 4282 objectioncs
1176 4223 1384 4267 vertere
1417 4232 1429 4266 :
1460 4213 1602 4283 quod
1651 4215 1736 4268 hic
1780 4216 1938 4268 etiam

361 4309 502 4363 fecit.
531 4307 911 4362 Animadverte
939 4314 1117 4359 autem
1150 4322 1163 4360 :
1198 4306 1422 4375 quisque
1461 4322 1646 4360 eormn
1696 4306 1938 4372 dicebat,

361 4401 508 4456 Licet
539 4401 666 4454 mihi
693 4401 931 4454 deliciari
966 4417 978 4453 :
1013 4399 1102 4453 ille
1135 4413 1261 4452 vero
1288 4398 1438 4462 dicit,
1467 4399 1583 4454 Non
1634 4400 1736 4454 hoc
1777 4409 1830 4452 tu
1869 4400 1938 4451 ita

361 4491 493 4546 facis
521 4491 690 4560 utqui
736 4490 788 4542 id
818 4490 1012 4542 habeas
1053 4490 1104 4542 in
1153 4498 1414 4557 potestate
1439 4531 1454 4552 ,
1497 4490 1590 4544 sed
1645 4498 1702 4543 ut
1749 4489 1836 4559 qtti
1869 4490 1942 4542 sis

361 4582 418 4651 ip
443 4596 475 4635 e
505 4579 750 4634 redactus
776 4579 876 4632 sub
904 4581 1039 4632 hanc
1069 4589 1402 4646 potestatem.
1435 4575 1615 4645 Neque
1641 4580 1780 4631 enim
1814 4595 1940 4632 vcn-

365 4673 459 4729 tris
487 4680 800 4741 potestatem
833 4670 998 4723 habes
1025 4712 1038 4732 ,
1072 4669 1325 4739 quamdiu
1371 4669 1533 4723 fueris
1582 4671 1752 4722 ventri
1783 4670 1941 4724 nimis

362 4763 662 4833 indulgens,
694 4761 787 4815 sed
819 4761 930 4829 ipse
960 4773 1010 4814 te
1035 4762 1085 4813 in
1116 4769 1378 4830 potestate
1407 4761 1585 4815 habet.
1623 4762 1731 4815 lloc
1759 4775 1935 4817 autem

363 4857 432 4909 de
458 4853 700 4924 pecuniis
725 4854 886 4906 etiam
933 4852 1106 4918 deque
1146 4852 1262 4905 aliis
1306 4852 1406 4906 dici
1451 4863 1643 4922 potest.
1677 4855 1763 4909 l5.
1799 4855 1942 4909 Esca:

364 4946 544 5000 ventri.
577 4945 829 5000 Ventrem
887 4941 970 4996 hic
1017 4959 1122 4995 non
1177 4953 1452 5008 ventrem,
1508 4943 1600 4998 scd
1652 4945 1940 5014 ingluviem

366 5048 520 5092 vocat
574 5055 588 5092 :
634 5046 695 5092 ut
736 5053 858 5092 cum
910 5035 1040 5090 dicit
1097 5052 1110 5087 :
1169 5035 1395 5101 Quorum
1447 5036 1570 5090 deus
1621 5049 1788 5091 venter
1869 5051 1938 5090 est

363 5129 623 5202 (Philipp.
650 5132 704 5185 '5.
729 5129 853 5197 l9);
885 5144 988 5182 non
1017 5126 1083 5181 de
1111 5125 1213 5181 hoc
1261 5127 1502 5181 membro
1543 5128 1770 5196 loquens
1789 5168 1805 5193 ,
1848 5129 1939 5181 sed

362 5222 429 5276 de
457 5220 762 5274 voracitate.
791 5220 944 5287 Quod
972 5221 1112 5273 enim
1142 5219 1213 5273 ita
1241 5219 1331 5284 sit,
1364 5219 1488 5273 audi
1516 5218 1793 5287 sequentia
1826 5235 1840 5271 :
1875 5218 1941 5271 Et

359 5322 529 5367 venter
553 5311 678 5364 escis
723 5324 742 5362 :
771 5326 951 5377 corpus
995 5318 1162 5363 autem
1188 5325 1288 5362 non
1342 5310 1685 5379 fornicationi,
1717 5310 1805 5363 sed
1831 5308 1940 5362 Do-

360 5404 520 5458 mino.
558 5400 716 5470 Atqui
771 5407 962 5454 venter
1000 5413 1213 5468 quoque
1251 5409 1333 5453 est
1380 5413 1596 5470 corpus.
1643 5400 1747 5455 Sed
1802 5401 1937 5456 duas

364 5494 543 5565 posuit
567 5491 991 5560 coniunctiones,
1019 5505 1173 5544 escas
1197 5497 1252 5543 et
1281 5489 1565 5560 ingluviem
1591 5533 1606 5556 ,
1635 5508 1798 5561 quam
1824 5493 1942 5562 qni-

361 5589 482 5643 ιιιιιιι
511 5593 753 5639 ventrem
784 5581 1012 5646 vocavit,
1043 5578 1317 5636 Christum
1343 5591 1398 5635 et
1421 5595 1639 5650 corpus.
1668 5582 1804 5648 Quid
1834 5582 1936 5637 sibi

362 5679 473 5731 vult
500 5677 646 5740 illud,
678 5674 824 5729 Esca!
851 5675 1011 5728 ventri
1037 5674 1064 5727 2’
1089 5672 1264 5739 Esca,
1297 5673 1489 5743 inquit,
1513 5674 1803 5728 amicitiam
1833 5675 1932 5727 ha-

363 5771 488 5826 bent
516 5785 636 5824 cum
667 5767 897 5836 ingluvie
919 5809 935 5837 ,
966 5777 1018 5826 ct
1069 5767 1181 5823 btec
1205 5781 1325 5824 cum
1381 5773 1584 5821 ventre.
1618 5764 1730 5820 Non
1761 5775 1937 5837 potest

2030 1859 2158 1912 ergo
2184 1843 2249 1896 ad
2277 1843 2545 1898 Christum
2576 1860 2674 1902 nos
2700 1845 2919 1912 ducere,
2943 1845 3035 1901 sed
3053 1846 3119 1902 ad
3139 1849 3252 1903 lucc
3279 1849 3458 1904 trahit.
3478 1850 3615 1908 Gra-

2032 1935 2111 1989 vis
2138 1937 2280 1989 enitn
2310 1946 2364 1988 et
2397 1936 2630 1990 belluina
2671 1947 2752 1992 est
2800 1938 2979 2008 passio
3005 1954 3296 2010 servosque
3327 1942 3535 2007 reddit,
3563 1951 3620 1998 el.

2034 2034 2091 2078 ut
2117 2025 2215 2078 sibi
2263 2027 2525 2080 serviatur
2571 2027 2751 2082 efficit.
2779 2029 2888 2082 Cur
2935 2043 3065 2099 ergo
3108 2031 3344 2085 alimenti
3402 2031 3613 2096 inbias,

2032 2134 2065 2172 ο
2095 2119 2254 2174 Ιιοιιιο
2275 2121 2298 2174 7
2322 2119 2466 2174 Illius
2497 2137 2727 2190 namque
2772 2120 3056 2176 ministerii
3083 2123 3204 2176 talis
3255 2131 3332 2177 est
3382 2123 3536 2185 linis,
3563 2133 3620 2178 et

2035 2210 2163 2265 nihil
2190 2212 2418 2281 amplius
2443 2212 2751 2277 exhibebit;
2781 2212 2874 2266 sed
2903 2220 3174 2282 tamquam
3202 2213 3359 2267 alicui
3388 2212 3618 2267 dominae

2036 2302 2363 2366 ministrans,
2394 2312 2570 2356 n'ianet
2600 2301 2737 2355 hanc
2767 2301 3005 2357 retinens
3034 2304 3348 2357 servitutem
3378 2345 3394 2369 ,
3445 2318 3619 2373 neque

2037 2393 2258 2448 ulterius
2286 2391 2560 2462 procedit;
2594 2393 2906 2462 nullmnqne
2933 2392 3074 2446 aliud
3104 2407 3239 2461 opus
3289 2392 3454 2447 habet
3473 2433 3489 2457 ,
3520 2393 3616 2448 sed

2037 2484 2138 2539 hoc
2153 2486 2309 2540 inane
2331 2485 2706 2538 ministerium.
2731 2483 2798 2537 Et
2824 2483 2981 2537 ambo
3003 2493 3189 2538 mutuo
3201 2494 3617 2553 connectuntur,

2037 2587 2091 2632 et
2111 2577 2270 2631 simul
2300 2576 2664 2631 dissolvuntur
2699 2585 2884 2630 venter
2908 2591 3029 2629 cum
3058 2577 3216 2636 escis,
3245 2586 3299 2630 et
3327 2592 3466 2631 escae
3495 2592 3618 2632 cum

2040 2679 2247 2732 ventre,
2270 2681 2482 2720 cursum
2511 2665 2792 2735 quemdam
2817 2665 2904 2735 qui
2924 2681 3209 2736 numquam
3241 2668 3419 2720 linitur
3447 2667 3618 2722 invol-

2040 2767 2246 2822 ventes,
2266 2771 2328 2811 ac
2355 2757 2399 2810 si
2427 2771 2455 2808 a
2479 2767 2734 2824 corrupto
2754 2771 2982 2825 corpore
3011 2768 3296 2810 nascantur
3318 2773 3545 2822 vt-rmes,
3567 2767 3619 2812 ιιι

2040 2863 2224 2902 rursus
2247 2863 2276 2900 a
2295 2847 2561 2901 vermibus
2575 2862 2768 2916 corpus
2781 2857 3157 2911 consumatur;
3180 2849 3259 2902 vel
3276 2849 3620 2916 quemadmo-

2041 2941 2166 2992 dum
2197 2939 2239 2991 si
2262 2940 2452 2993 lluctus
2478 2939 2529 2991 in
2558 2952 2824 2991 summum
2843 2937 3084 2992 sublatus
3112 2937 3458 3004 dissohatur,
3490 2941 3619 2993 nihil

2045 3031 2176 3082 ultra
2195 3027 2380 3082 eflicit.
2399 3027 2522 3081 Haec
2537 3043 2694 3096 porro
2708 3043 2811 3081 non
2826 3027 2890 3081 de
2904 3043 3025 3081 esca
3044 3028 3176 3082 etde
3204 3044 3433 3096 corpore
3459 3029 3620 3094 dicit;

2043 3123 2134 3176 sed
2161 3121 2300 3191 gulae
2321 3121 2509 3174 vitium
2551 3130 2606 3174 et
2633 3121 2809 3175 cibum
2841 3119 3252 3175 immoderatum
3285 3122 3533 3189 traducit,
3568 3132 3626 3177 ut

2044 3213 2324 3284 sequentia
2348 3211 2635 3266 ostendunt
2665 3230 2678 3265 :
2704 3211 2973 3281 subiungit
2996 3212 3140 3266 enim
3169 3231 3181 3266 :
3214 3211 3352 3266 Deus
3373 3223 3540 3267 autem
3569 3225 3617 3269 et

2046 3307 2179 3359 hunc
2204 3314 2251 3358 et
2276 3305 2383 3357 hac
2413 3292 2651 3356 destruet.
2682 3301 2796 3356 Non
2845 3311 3084 3357 ventrem
3117 3302 3279 3366 dicit,
3309 3301 3400 3356 sed
3435 3303 3627 3358 immo-

2046 3395 2282 3450 deratam
2310 3393 2795 3460 concupiscentiam
2827 3409 2840 3445 :
2873 3408 2976 3446 non
3008 3407 3184 3446 eseam
3212 3434 3226 3458 ,
3257 3392 3350 3446 sed
3381 3393 3623 3448 delicias.

2045 3485 2227 3555 Neque
2255 3485 2397 3538 enim
2425 3483 2567 3537 illam
2596 3499 2738 3552 a‘gre
2765 3483 2864 3538 l'ert
2885 3524 2901 3545 ,
2932 3482 3025 3537 sed
3077 3483 3143 3536 de
3189 3483 3290 3536 illis
3317 3484 3484 3552 legem
3512 3493 3624 3537 sta-

2049 3577 2146 3631 tuit
2169 3579 2246 3633 sic
2273 3577 2498 3647 loquens
2527 3593 2540 3629 :
2578 3575 2826 3629 [labentes
2857 3576 3102 3628 alimenta
3129 3585 3174 3628 et
3207 3587 3516 3644 tegumenta,
3549 3578 3627 3632 his

2046 3669 2263 3722 contenti
2302 3685 2473 3722 sumus
2505 3667 2582 3736 (l.
2609 3667 2744 3721 Tim.
2773 3667 2826 3720 6.
2854 3666 2944 3736 8);
2977 3667 3071 3720 sed
3105 3665 3204 3719 bac
3250 3667 3461 3721 ratione
3511 3683 3624 3720 rem

2050 3759 2335 3830 improbat,
2363 3759 2482 3828 ejus
2509 3757 2944 3814 emendationem
2972 3767 3092 3825 post
3119 3756 3402 3811 consilium
3443 3757 3626 3811 datum

2048 3853 2275 3906 orationi
2329 3851 2662 3919 relinquens.
2711 3848 2938 3916 Quidam
2986 3863 3112 3902 vero
3158 3848 3376 3911 dicunt,
3427 3847 3627 3902 dictntn

2049 3943 2176 3998 illud
2225 3957 2346 3996 esse
2394 3940 2759 4012 prepbetiam,
2809 3955 2931 4011 quae
2980 3948 3177 3994 statum
3227 3939 3388 3993 futuri
3443 3939 3627 3993 saeculi

2048 4036 2304 4100 declarat,
2335 4036 2386 4088 in
2413 4049 2522 4104 quo
2549 4048 2654 4086 non
2684 4031 2820 4085 ultra
2847 4029 3254 4086 manducabitur
3279 4031 3362 4083 vel
3395 4030 3626 4084 bihetur.

2048 4125 2103 4181 Si
2130 4134 2308 4180 autem
2341 4124 2646 4179 moderatus
2663 4137 2788 4177 usus
2817 4123 2976 4177 fiuetn
3008 4121 3244 4187 habebit,
3265 4120 3434 4175 multo
3460 4125 3629 4189 magis

2049 4220 2116 4272 ab
2157 4217 2507 4272 inunoderato
2545 4213 2941 4269 abStinendum.
2980 4212 3178 4268 Deinde
3222 4226 3290 4266 ne
3332 4212 3450 4281 quis
3482 4222 3630 4280 putet

2052 4309 2521 4378 reprehensionem
2550 4307 2602 4360 id
2632 4320 2751 4360 esse
2779 4303 3021 4372 corporis
3041 4346 3056 4370 ,
3101 4318 3237 4358 neve
3264 4301 3392 4356 illud
3441 4303 3623 4370 suspi-

2049 4410 2221 4464 cetur,
2249 4398 2391 4468 quod
2420 4412 2612 4465 nempe
2638 4413 2667 4450 a
2697 4405 2847 4467 parte
2876 4404 3043 4448 totum
3073 4393 3440 4458 damnaverit,
3492 4409 3636 4448 neve

2051 4490 2191 4544 dic-at
2235 4489 2476 4558 corporis
2504 4497 2746 4541 naturam
2793 4501 3008 4540 causam
3057 4501 3177 4540 esse
3219 4483 3628 4546 fornicationis;

2050 4582 2171 4635 audi
2199 4579 2472 4651 sequentia
2505 4597 2519 4633 :
2548 4579 2661 4632 Non
2684 4579 2823 4632 enim
2849 4577 3088 4646 corporis
3129 4585 3371 4629 naturam
3391 4615 3408 4640 ,
3435 4575 3635 4643 inquit,

2050 4687 2266 4737 accuso,
2293 4669 2388 4724 sed
2419 4669 2818 4724 immoderatam
2871 4669 3031 4721 animi
3057 4666 3399 4735 cupiditatem
3431 4682 3445 4718 :
3477 4665 3632 4718 ideo-

2051 4777 2154 4831 que
2200 4761 2380 4831 adjicit
2432 4778 2446 4814 :
2495 4760 2690 4830 Corpus
2741 4769 2909 4811 autent
2957 4775 3058 4810 non
3111 4756 3482 4827 fornicationi,
3541 4755 3640 4808 sed

2050 4853 2288 4907 Domino.
2312 4852 2427 4906 Non
2458 4853 2601 4907 enint
2630 4851 2750 4904 ideo
2778 4851 3061 4904 fortnatum
3110 4847 3206 4901 fuit
3235 4889 3250 4911 ,
3284 4855 3342 4900 ut
3384 4846 3528 4898 luxui
3583 4858 3636 4899 et

2049 4943 2388 4998 fornicationi
2442 4957 2661 5011 operam
2705 4940 2896 5003 daret,
2949 4949 3005 4992 ut
3037 4952 3208 5007 neque
3247 4945 3432 4991 venter
3457 4944 3516 4989 ut
3547 4936 3643 4987 in-

2046 5037 2363 5106 gurgitetur,
2393 5035 2487 5090 sed
2519 5044 2575 5087 ut
2607 5033 2880 5087 Christum
2911 5040 3068 5099 caput
3099 5039 3358 5099 sequatur
3378 5069 3392 5091 ,
3424 5037 3478 5082 et
3530 5026 3643 5080 Do-

2048 5128 2229 5181 minus
2260 5127 2566 5195 imponatur
2591 5123 2825 5191 corpori.
2860 5122 3244 5183 Revereamur,
3268 5121 3586 5172 horreamus
3618 5157 3632 5177 ,

2047 5220 2187 5290 quod
2217 5228 2364 5273 tanto
2389 5219 2592 5271 honore
2621 5215 2824 5285 dignati
2850 5257 2866 5281 ,
2899 5225 2957 5268 ttt
2987 5215 3125 5268 illius
3171 5228 3330 5282 supra
3376 5208 3633 5265 colloeat‘

2047 5310 2286 5362 membra
2313 5307 2628 5368 efﬁciamur,
2663 5315 2742 5360 tot
2771 5306 2928 5358 malis
2954 5319 3052 5358 nos
3094 5303 3464 5372 detnrpemus.
3494 5301 3632 5354 Cum

2046 5414 2174 5467 ergo
2201 5399 2478 5452 helluones
2504 5397 2636 5450 satis
2668 5396 2977 5466 carpsisset,
3006 5395 3302 5449 futurorum
3347 5392 3510 5445 etiam
3534 5405 3634 5459 spe

2048 5493 2115 5544 ah
2145 5492 2242 5544 hac
2274 5489 2507 5558 nequitia
2534 5488 2770 5550 abducit,
2801 5488 2986 5542 dicens
3015 5504 3028 5538 :
3061 5487 3148 5541 14.
3185 5484 3322 5538 Dens
3360 5493 3529 5537 autem
3562 5493 3634 5536 ,ει

2053 5580 2321 5634 Dominum
2367 5578 2624 5634 suscitavit
2655 5620 2670 5644 ,
2714 5589 2762 5632 ct
2817 5595 2908 5632 nos
2958 5577 3217 5632 suscitabit
3267 5591 3356 5646 per
3398 5575 3637 5628 virtutem

2047 5689 2210 5727 suam.

2119 5768 2171 5817 9..
2203 5763 2443 5818 Vidistin‘
2476 5777 2683 5818 rursum
2716 5759 3032 5832 sapientiam
3078 5757 3471 5830 apostolicam?
3506 5770 3634 5809 nam
