3986 6202
381 321 476 376 ιιι

366 434 644 500 σκευάζει,
694 434 789 487 καὶ
822 434 1054 504 μάλιστα
1101 429 1216 484 νῦν.
1248 431 1313 485 Εἰ
1345 429 1453 502 γάρ
1491 432 1553 480 τὸ
1596 429 1756 500 σῶμα
1794 428 1952 499 ἡμῶν

366 520 526 591 μέλος
552 518 646 571 τοῦ
676 515 933 589 Χριστοῦ,
957 516 1157 585 ἀνέστη
1177 515 1232 568 δὲ
1254 517 1282 568 ὁ
1307 512 1560 586 Χριστὸς,
1589 513 1765 566 καὶτὸ
1791 513 1951 582 σῶμα

360 607 582 665 πάντως
627 603 813 671 ἕψεται
845 602 910 673 τῇ
948 600 1178 670 κεφαλῇ.
1211 601 1313 654 Διά
1341 599 1453 666 τῆς
1487 599 1796 667 δυνάμεως
1841 599 1949 651 αὐ-

361 688 488 741 τοῦ.
521 685 740 754 Ἐπειδὴ
770 683 882 754 γάρ
900 681 1022 737 εἷπε
1060 686 1292 754 πρᾶγμα
1324 682 1726 752 ἀπιστούμενον
1749 681 1842 734 καὶ
1863 681 1951 732 λο-

360 774 579 843 γισμοῖς
601 772 660 822 ού
686 767 984 840 δυνάμενον
1007 768 1374 838 ὑπονοηθῆναι
1396 780 1447 833 ει,
1471 766 1556 837 τῷ·
1583 765 1953 835 ἀκαταλήπτῳ

359 856 458 926 τῆς
505 856 786 917 δυνάμεως
837 851 1004 906 αὑτοῦ
1062 851 1426 924 παρεχώρησε
1471 851 1540 903 τά
1577 850 1681 920 τῆς
1725 848 1953 903 ἀναστάρ

361 958 501 1002 σεως
537 939 637 992 τοῦ
679 937 942 1010 Χριστοῦ,
982 937 1042 989 οὐ
1080 936 1282 1007 μικράν
1322 939 1442 989 κατ’
1469 935 1649 989 αὐτῶν
1677 929 1952 996 ἀπόδειξιν

361 1027 456 1080 καὶ
487 1025 693 1094 ταύτην
724 1022 1122 1095 παρεχόμενος.
1169 1021 1281 1074 Καὶ
1318 1020 1414 1072 ἐπὶ
1451 1019 1550 1088 μὲν
1584 1018 1688 1088 τῆς
1718 1015 1954 1069 ἀναστά-

362 1127 502 1172 σεως
540 1108 635 1160 τοῦ
668 1105 909 1178 Χριστοῦ
939 1105 1001 1157 οὐ
1031 1104 1277 1156 τέθεικεν
1307 1102 1458 1155 αὑτό·
1492 1101 1615 1154 ούδέ
1643 1099 1748 1169 γάρ
1775 1095 1948 1162 εἶπεν,

372 1195 433 1244 '0
462 1191 516 1244 δὲ
551 1190 681 1252 Θεὸς
729 1189 822 1242 καὶ
863 1187 956 1240 τὸν
999 1186 1203 1256 Κύριον
1241 1186 1503 1256 ἐξεγερεῖ·
1531 1184 1689 1254 ἐξέϐη
1733 1181 1841 1253 γὰρ
1891 1182 1953 1234 τὸ

362 1279 616 1344 πρᾶγμα·
668 1271 804 1324 ἀλλά
849 1270 1001 1333 πῶς;
1047 1271 1102 1321 Ὁ
1141 1268 1211 1322 δὲ
1265 1268 1409 1332 Θεὸς
1447 1267 1543 1320 καὶ
1587 1265 1693 1318 τὸν
1735 1267 1954 1331 Κύριον

358 1358 577 1426 ἤγειρε·
631 1356 723 1409 καὶ
753 1355 864 1407 ,οὐκ
915 1353 1084 1404 ἐδεῖτο
1141 1351 1501 1420 κατασκευῆς.
1542 1349 1690 1420 [147]
1741 1349 1865 1401 Ἐπὶ
1895 1347 1951 1400 δὲ

361 1441 460 1509 τῆς
495 1439 767 1510 ἡμετέρας
818 1435 1186 1499 ἀναστάσεως,
1221 1433 1408 1504 ἐπειδὴ
1450 1433 1662 1486 οὐδέπω
1705 1432 1948 1499 γέγονεν,

363 1526 462 1594 οὐχ
491 1523 666 1584 οὓτως
695 1517 869 1580 εἶπεν,
896 1518 1033 1571 ἀλλὰ
1064 1518 1214 1583 πῶς;
1247 1516 1358 1572 Καὶ
1386 1515 1546 1586 ’ἡμᾶς
1572 1515 1837 1585 ἐξεγερεῖ
1857 1514 1953 1569 διὰ

365 1606 473 1674 τῆς
502 1606 813 1675 δυνάμεως
841 1602 1047 1658 αὑτοῦ·
1077 1603 1144 1672 τῇ
1169 1600 1483 1670 ἀξιοπιστίᾳ
1503 1601 1603 1669 τῆς
1627 1598 1722 1651 τοῦ
1745 1598 1955 1651 ποιοῦν-

363 1708 453 1754 τος
489 1689 670 1760 ίσχύος
699 1690 826 1751 τοὺς
854 1686 1242 1753 ἀντιλέγοντας
1267 1682 1658 1751 ἐπιστομίζων.
1699 1683 1761 1735 Εἰ
1786 1682 1843 1735 δὲ
1875 1681 1953 1752 τῷ

364 1775 542 1844 Πατρὶ¹
577 1775 678 1843 τὴν
716 1774 1016 1826 ἀνάστασιν
1054 1767 1332 1836 λογίζεται
1364 1766 1458 1819 τοῦ
1491 1766 1752 1838 Χριστοῦ,
1789 1767 1954 1836 μηδέν

363 1877 424 1914 σε
454 1857 751 1930 θορυδείτω
774 1854 954 1908 τοῦτο.
996 1852 1074 1907 Οὐ
1101 1851 1214 1922 γάρ
1242 1850 1317 1914 ὡς
1346 1848 1661 1912 ἀτονοῦντος
1687 1849 1787 1902 τοῦ
1815 1852 1950 1920 Χρι-

364 1943 516 2004 στοῦ,
543 1942 701 1994 τοῦτο
725 1939 989 1993 τέθεικεν·
1027 1936 1189 1999 αὐτὸς
1226 1933 1336 2004 γάρ
1366 1936 1513 1986 ἐστιν
1538 1934 1567 1985 ὁ
1595 1933 1790 2001 λέγων·
1832 1935 1949 1986 Λύ-

361 2044 511 2082 σατε
560 2025 669 2079 τὸν
715 2023 869 2078 ναὸν
908 2019 1149 2082 τοῦτον,
1192 2018 1289 2071 καὶ
1342 2017 1413 2069 ἐν
1459 2017 1661 2083 τρισίν
1708 2017 1954 2085 ἡμέραις

361 2108 543 2179 ἐγερῶ
591 2107 797 2162 αὐτόν·
851 2103 947 2156 καὶ
992 2101 1176 2162 πάλιν,
1226 2099 1552 2162 Ἐξουσίαν
1593 2098 1715 2167 ἔχω
1767 2098 1954 2154 θεῖναι

361 2196 480 2263 τὴν
504 2191 719 2262 ψυχήν
740 2206 881 2259 μου,
907 2186 1006 2240 καί
1041 2185 1334 2250 ἐξουσίαν
1373 2183 1490 2252 ἔχω
1521 2183 1709 2236 πάλιν
1745 2183 1956 2263 λαϐεῖν

362 2261 575 2341 αὐτὴν·
598 2261 700 2327 καὶ
731 2275 761 2326 ό
791 2273 1007 2333 Λουκᾶς
1030 2269 1087 2321 δὲ
1119 2269 1177 2320 ἐν
1202 2270 1321 2328 ταῖς
1360 2265 1599 2335 Πράξεσί
1639 2282 1822 2334 φησιν·
1853 2261 1956 2331 Οἷς

363 2360 463 2415 καί
491 2359 878 2426 παρέστησεν
905 2353 1124 2406 ἑαυτὸν
1161 2350 1370 2411 ζῶντα.
1398 2349 1553 2410 Τίνος
1581 2343 1674 2402 οὖν
1707 2349 1895 2402 ἐνεκεν
1927 2352 1957 2402 ό

364 2442 575 2505 Παῦλος
603 2440 747 2494 οὓτω
785 2435 983 2508 φησίν;
1009 2435 1132 2488 ’Ὀτι
1161 2434 1256 2486 καὶ
1280 2431 1352 2485 τὰ.
1376 2431 1473 2484 τοῦ
1500 2430 1632 2483 Υἱοῦ
1672 2431 1750 2500 τῷ
1780 2432 1958 2500 Πατρὶ

364 2526 660 2594 λογίζεται,
702 2523 798 2576 καὶ
848 2518 919 2572 τά
955 2517 1052 2570 τοῦ
1096 2515 1309 2586 Πατρδς
1352 2514 1431 2582 τῷ
1461 2512 1594 2583 Υίῷ·
1635 2515 1704 2568 Ἃ
1737 2515 1846 2584 γάρ
1878 2514 1956 2567 ἂν

364 2605 595 2674 ἐκεῖνος
643 2604 811 2673 ποιῇ,
868 2601 1025 2673 φησὶ,
1075 2599 1262 2653 ταῦτα
1309 2598 1408 2651 καὶ
1455 2599 1487 2650 ὀ
1547 2597 1680 2663 Υἱὸς
1738 2600 1954 2666 ὁμοίως

365 2691 540 2747 ποιεῖ.
577 2689 791 2761 Σφόδρα
817 2687 874 2741 δὲ
908 2684 1179 2756 εὐκαίρως
1206 2680 1440 2734 ἐνταῦθα
1471 2681 1572 2751 τῆς
1604 2681 1954 2745 ἀναστάσεως

365 2777 658 2846 ἀνέμνησε,
704 2775 826 2836 ταῖς
869 2769 1082 2822 ἐλπίσιν
1130 2766 1366 2827 ἐκείναις
1425 2764 1808 2818 καταστέλλων
1856 2765 1956 2834 τῆς

365 2857 673 2931 ἀδηφαγίας
731 2855 829 2925 τὴν
885 2849 1196 2921 τυραννίδα,
1248 2849 1373 2931 και
1409 2848 1694 2931 μονονουχὶ
1757 2846 1952 2931 λέγων·

369 2929 630 3012 Ἔιραγις·
687 2938 838 2999 ἐπιες
899 2933 1144 2997 ἀσώτως,
1181 2932 1278 2985 καὶ
1323 2930 1376 2983 τί
1427 2930 1488 2984 τὸ
1526 2932 1734 2999 πέρας;
1780 2929 1954 3012 οὐδὲν,

366 3011 482 3081 ἀλλ’
534 3022 568 3095 ἢ
616 3021 796 3093 φθορά
837 3019 1016 3090 μόνον.
1053 3014 1423 3086 Συνεζεύχθης
1459 3013 1537 3084 τῷ
1579 3011 1824 3085 Χριστῷ,
1864 3013 1958 3066 καὶ

367 3111 418 3163 τί
450 3109 512 3162 τὸ
549 3108 759 3177 πέρας;
794 3105 951 3170 Μέγα
981 3101 1075 3156 καὶ
1099 3098 1412 3168 θαυμαστὸν
1444 3099 1476 3168 ἡ
1514 3096 1785 3166 μέλλουσα
1826 3096 1959 3150 ἀνά-

369 3207 576 3253 στασις,
623 3191 657 3260 ή
713 3187 919 3253 ἔνδοξος
972 3185 1156 3252 ἐκείνη
1197 3183 1293 3234 καὶ
1327 3183 1506 3233 πάντα
1537 3179 1949 3251 ὑπερϐαίνουσα

368 3276 546 3346 λόγον.
555 3287 558 3290 ’

419 3403 646 3492 ’Μηδεὶς
677 3418 858 3472 τοίνυν
885 3411 1237 3469 διαπιστείτω
1266 3413 1334 3482 τῇ
1363 3410 1678 3464 ἀναστάσει·
1711 3413 1760 3463 εί
1785 3409 1842 3464 δέ
1876 3428 1957 3474 τις

366 3507 612 3568 ἀπιστεῖ,
652 3500 903 3556 ἐννοείτω
951 3498 1092 3551 πόσα
1138 3493 1196 3561 ἐξ
1237 3495 1338 3546 οὐκ
1378 3494 1547 3547 ὄντων
1586 3492 1832 3563 ἐποίησε,
1864 3495 1959 3547 καὶ

367 3590 604 3662 δεχέσθω
633 3587 728 3640 καὶ
748 3583 878 3656 περὶ
904 3581 1118 3651 ἐκείνης
1147 3576 1439 3642 ἀπόδειξιν.
1596 3578 1703 3648 γὰρ
1731 3577 1832 3647 ἥδη
1865 3593 1960 3645 γε-

367 3660 572 3746 νόμενα
619 3667 1028 3742 παραδοξότερα
1065 3662 1266 3746 πολλῷ,
1320 3663 1413 3746 καὶ
1459 3660 1645 3732 θαῦμα
1677 3662 1958 3732 ἀμήχανον

369 3745 584 3828 ἔχοντα.
634 3753 837 3806 Σκόπει
870 3750 958 3802 δέ·
995 3747 1102 3828 ξῆν
1133 3745 1313 3800 λαϐὼν
1359 3745 1549 3828 ἐφυρε,
1574 3746 1672 3828 καὶ
1702 3747 1959 3828 ἐποίησεν

370 3825 678 3909 ἄνθρωπον,
705 3835 812 3903 γῆν
843 3833 942 3884 οὐκ
969 3825 1136 3883 οὖσαν
1167 3829 1273 3909 πρὸ
1297 3827 1669 3909 τούτουκΠῶς
1698 3825 1790 3881 οὖν
1827 3830 1861 3899 ἡ
1887 3829 1957 3898 γῆ

371 3905 596 3990 γέγονεν
619 3918 906 3988 ἅνθρωπος
929 3928 944 3976 ;
971 3911 1088 3974 πῶς
1110 3911 1166 3963 δέ
1193 3908 1334 3981 αὕτη
1365 3910 1464 3962 οὐκ
1493 3905 1626 3961 οὖσα
1648 3912 1956 3981 παρήγετο;

372 4005 490 4067 πῶς
519 4003 577 4055 δὲ
619 4001 689 4053 τὰ
713 3999 772 4065 ἐξ
804 3997 974 4066 αὐτῆς
1004 3994 1241 4056 ἅπαντα,
1279 3993 1347 4045 τά
1374 3992 1484 4044 τῶν
1510 3992 1720 4061 ἀλόγων
1756 3994 1960 4063 ἄπειρα

371 4089 527 4157 γένη,
560 4086 629 4138 τὰ
653 4084 761 4136 τῶν
791 4081 1144 4150 σπερμάτων,
1167 4076 1237 4130 τά
1267 4076 1376 4128 τῶν
1401 4075 1604 4143 φυτῶν,
1629 4076 1731 4128 οὐκ
1757 4076 1960 4130 ὠδίνων

375 4173 461 4227 ἐπ’
490 4168 717 4225 ἐκείνων
762 4163 1150 4237 ἡγησαμένων,
1194 4160 1290 4229 οὺχ
1323 4159 1495 4212 ὑετῶν
1529 4159 1958 4229 κατενεχθέντων

374 4258 466 4310 ἐπὶ
510 4252 736 4315 τούτων,
760 4249 882 4320 οὐχὶ
910 4244 1183 4316 γεωργίας
1218 4243 1500 4314 φανείσης,
1547 4244 1608 4297 οὑ
1652 4243 1810 4313 βοῶν,
1859 4245 1960 4297 οὐκ

370 4340 626 4411 ἀρότρου,
649 4337 748 4389 οὐκ
776 4332 938 4387 ἄλλου
962 4328 1176 4391 οὐδενὸς
1209 4327 1585 4390 συντελοῦντος
1623 4329 1702 4389 είς
1739 4327 1838 4396 τὴν
1867 4328 1960 4394 γέ-

372 4410 518 4476 νεσιν
542 4420 750 4474 τούτων
778 4436 792 4483 ;
829 4415 927 4468 Διά
952 4413 1110 4466 τοῦτο
1141 4411 1247 4481 γὰρ
1280 4413 1343 4463 ἐκ
1374 4411 1476 4478 γῆς
1503 4410 1710 4480 ἀψύχου
1740 4413 1832 4462 καὶ
1863 4415 1957 4462 άν-

373 4506 634 4574 αισθήτου
669 4499 908 4553 τοσαῦτα
937 4498 994 4548 ἐν
1025 4497 1168 4565 ἀρχῇ
1197 4494 1328 4563 γένη
1375 4496 1468 4544 καὶ
1495 4494 1678 4559 φυτῶν
1716 4495 1808 4546 καὶ
1833 4493 1960 4546 ἀλό-

374 4606 486 4656 γων
513 4585 668 4650 ζώων
701 4582 925 4650 ἀνῆκεν,
965 4579 1051 4630 ἵνα
1093 4576 1298 4631 ἄνωθέν
1352 4591 1412 4625 σε
1443 4575 1707 4646 παιδεύσῃ
1740 4577 1832 4630 τὸν
1861 4578 1958 4647 τῆς

373 4668 722 4727 ἀναστάσεως
745 4663 923 4729 λόγον.
942 4660 1112 4713 Τοῦτο
1133 4661 1240 4729 γάρ
1255 4658 1352 4726 τῆς
1376 4657 1719 4721 ἀναστάσεως
1744 4660 1936 4730 ἀποροῖ)

373 4769 552 4824 τερον.
584 4749 660 4802 Οὐ
707 4746 818 4816 γάρ
859 4746 1007 4796 ἐστιν
1035 4744 1148 4795 ἴσον
1176 4741 1470 4793 σϐεσθέντα
1506 4741 1708 4810 ἀνάψαι
1744 4742 1956 4812 λύχνον,

377 4836 472 4889 καὶ
504 4831 766 4905 μηδαμῶς
795 4827 1120 4897 φαινόμενον
1160 4824 1328 4889 δεῖξαι
1367 4825 1498 4895 πῦρ·
1527 4825 1627 4878 οὐκ
1668 4825 1815 4879 ἐστιν
1849 4828 1959 4878 ἶσον

376 4916 794 4988 κατενεχθεῖσαν
835 4910 1012 4964 οὶκίαν
1041 4908 1366 4978 ἀναστῆσαι,
1397 4908 1492 4962 καὶ
1531 4909 1666 4980 μηδέ
1694 4911 1830 4973 ὅλως
1861 4912 1961 4978 ὑφ-

379 5002 624 5057 εστῶσαν
655 4997 1018 5070 παραγαγεῖν.
1067 4991 1329 5046 Ἐνταῦθα
1363 4993 1461 5063 μὲν
1494 4994 1622 5065 γὰρ,
1647 4994 1696 5046 εἰ
1727 4995 1821 5046 καὶ
1858 5012 1961 5065 μη-

379 5087 466 5140 δέν
504 5085 651 5146 ἀλλο,
683 5084 798 5137 ἀλλ’
827 5083 862 5152 ή
895 5079 993 5149 ῦλη
1025 5077 1298 5130 ὑπέκειτο·
1330 5078 1446 5128 ἐκεῖ
1485 5077 1540 5128 δὲ
1588 5077 1711 5130 ούδέ
1741 5080 1773 5148 ή
1804 5079 1960 5132 οὐσία

381 5168 651 5236 ἐφαίνετο.
704 5165 804 5217 Διά
833 5164 990 5216 τοῦτο
1038 5161 1099 5213 τὸ
1142 5158 1541 5230 δυσκολώτερον
1585 5155 1725 5213 εἶναι
1770 5161 1958 5214 δοκοῦν

380 5249 604 5318 ἐποίησε
660 5248 942 5318 πρότερον,
991 5245 1077 5296 ἵνα
1127 5243 1192 5295 ἐκ
1240 5242 1431 5295 τούτου
1483 5243 1546 5296 τὸ
1595 5243 1959 5315 εὐκολώτερον

381 5331 684 5403 παραδέξῃ.
740 5326 1150 5395 Δυσκολώτερον
1207 5325 1264 5377 δέ
1309 5321 1484 5387 εἷπον,
1536 5327 1658 5397 οὐχὶ
1701 5327 1778 5398 τῷ
1817 5329 1957 5398 Θεῷ,

380 5416 519 5472 ἀλλά
547 5418 689 5468 κατά
715 5413 814 5482 τὴν
850 5410 959 5462 τῶν
987 5408 1268 5479 ἡμετέρων
1307 5408 1583 5479 λογισμῶν
1615 5412 1956 5464 ἀκολουθίαν·

379 5499 501 5569 Θεῷ
549 5498 657 5567 γὰρ
701 5493 958 5548 δύσκολον
985 5490 1171 5542 οὐδέν·
1227 5489 1340 5542 ἀλλ’
1383 5490 1572 5562 ὥσπερ
1617 5493 1906 5566 ζωγράφος
1933 5496 1961 5547 ὁ

385 5583 514 5651 μίαν
561 5579 732 5634 ποιῶν
773 5575 976 5639 εἰκόνα,
1012 5573 1214 5643 μυρίας
1255 5572 1491 5637 εὐκόλως
1537 5577 1770 5646 ποιήσει,
1819 5576 1961 5629 οὕτω

385 5669 475 5718 καὶ
514 5663 632 5734 Θεῷ
662 5661 844 5734 ῥᾴδιον
885 5657 1111 5730 μυρίους
1139 5655 1360 5727 ποιῆσαι
1397 5657 1634 5728 κόσμους
1678 5662 1771 5714 καὶ
1809 5659 1961 5713 ἀπεί-

443 5838 460 5861 ⁰
480 5841 624 5905 “93.,
645 5844 979 5899 ὑποϐληθῆναι.

1131 316 1188 366 S.
1225 310 1515 367 J().\;\'MS
1554 307 2046 366 CHHYSOSTOMI
2089 310 2414 389 ARCIPIEPI.
2463 312 3018 367 CONSTANI‘L‘NOP.

3537 312 3639 366 ΗΞ

2061 445 2211 499 ρους·
2253 431 2454 500 μᾶλλον
2481 430 2565 497 δέ,
2604 429 2793 501 ὥσπερ
2825 428 3052 482 εὔκολον
3087 429 3339 499 ἐννοῆσαί
3377 444 3438 481 σε
3489 429 3644 482 πόλιν

2059 516 2151 566 καὶ
2197 515 2442 584 κόσμους·
2487 516 2770 586 ἀπείρους.
2800 515 2948 568 οὕτω⁴
2975 514 3200 585 ποιῆσαι
3244 511 3372 583 Θεῷ
3397 510 3647 573 εὗκολον,

2055 597 2256 666 μᾶλλον
2291 598 2349 650 δὲ
2379 599 2472 650 καὶ
2495 598 2684 652 τούτου
2723 598 2902 668 πολλῷ
2947 598 3110 652 πάλιν
3147 595 3534 664 εὐκολώτερον.
3568 595 3642 648 Σὺ

2056 681 2158 749 μὲν
2181 681 2298 751 γὰρ
2329 681 2433 734 κᾶν
2466 682 2674 753 βραχὺν
2697 683 2886 753 χρόνον
2910 680 3223 740 ἀναλίσκεις
3259 680 3316 731 ἐν
3342 681 3410 750 τῇ
3441 677 3641 749 ἐννοίᾳ·

2051 767 2078 816 ὁ
2095 764 2154 816 δὲ
2180 764 2311 828 Θεὸς
2332 765 2452 818 οὐδὲ
2482 765 2660 828 τοῦτο,
2691 766 2806 819 ἀλλ’
2829 766 2940 835 ὅσῳ
2967 764 3079 817 τῶν
3104 763 3451 832 κουφοτάτων
3474 762 3642 825 τινὸς,

2055 845 2203 918 [148]
2237 847 2436 918 μᾶλλον
2456 848 2513 902 δέ
2541 849 2636 902 καὶ
2659 849 2751 902 τοῦ
2783 848 2876 902 νοῦ
2901 848 2994 902 τοῦ
3017 847 3280 920 ἡμετέρου
3304 847 3353 900 οί
3383 846 3520 900 λίθοι
3548 844 3646 916 βα.-

2054 937 2294 1009 ρύτεροι,
2321 938 2560 1010 τοσούτῳ
2597 940 2625 992 ὁ
2658 939 2782 1003 νοῦς
2810 939 2968 1009 ἡμῶν
2996 939 3097 1008 τῆς
3124 936 3425 1008 ταχύτητος
3453 938 3554 1007 τῆς
3585 939 3648 992 ἐν

2051 1019 2128 1090 τῷ
2161 1023 2332 1074 ποιεῖν
2359 1021 2802 1092 ἀπολιμπάνεται
2830 1021 2924 1075 τοῦ
2952 1019 3110 1074 Θεοῦ.
3127 1061 3142 1074 .
3161 1019 3511 1090 Ἑθαύμασας
3543 1021 3643 1074 αύ-

2051 1104 2144 1157 τοῦ
2176 1105 2278 1175 τήν
2302 1105 2531 1175 δύναμιν
2571 1105 2665 1159 ἐπὶ
2695 1106 2796 1175 τῆς
2838 1108 2976 1176 γῆς,
3014 1103 3296 1176 Ἐννόησον
3327 1103 3490 1157 πάλιν
3527 1102 3645 1165 πῶς

2051 1191 2081 1240 ὁ
2128 1189 2354 1261 οὐρανὸς
2397 1191 2618 1258 γέγονεν
2668 1191 2769 1242 οὐκ
2797 1189 2895 1252 ὢν,
2927 1187 3044 1250 πῶς
3082 1187 3152 1240 τά
3191 1188 3396 1258 ἄπειρα
3443 1185 3642 1256 ἄστρα,

2053 1271 2170 1334 πῶς
2214 1273 2241 1324 ό
2286 1272 2459 1342 ἥλιος,
2495 1272 2612 1335 πῶς
2639 1271 2674 1342 ή
2715 1272 2933 1343 σελήνη·
2967 1272 3062 1324 καὶ
3106 1270 3280 1324 ταῦτα
3317 1271 3497 1324 πάντα
3543 1270 3644 1322 ούκ

2052 1356 2202 1408 ὅντα.
2235 1355 2425 1422 Πάλιν,
2446 1357 2566 1408 εἰπέ
2595 1372 2706 1426 μοι,
2737 1355 2853 1418 πῶς
2898 1353 3036 1424 μετὰ
3059 1353 3120 1406 τὸ
3140 1352 3394 1422 γενέσθαι
3417 1352 3641 1422 ἔστηκε,

2054 1440 2147 1491 καὶ
2173 1439 2264 1490 ἐπὶ
2291 1439 2436 1501 τίνος
2461 1456 2475 1504 ;
2512 1439 2672 1491 ποίαν
2697 1437 3014 1508 ὑποϐάθραν
3037 1437 3173 1507 ἔχει,
3201 1439 3235 1508 ὴ
3268 1437 3342 1507 γῆ
3363 1437 3423 1491 δὲ
3450 1437 3640 1500 ποίαν;

2052 1522 2147 1574 καὶ
2169 1521 2221 1573 τί
2259 1521 2397 1591 μετὰ
2431 1522 2530 1592 τὴν
2553 1523 2654 1590 γῆν
2677 1538 2691 1587 ;
2717 1522 2810 1574 καὶ
2839 1522 2955 1590 μετ’
2978 1521 3158 1573 ἐκεῖνο
3191 1520 3354 1573 πάλιν
3395 1520 3460 1572 τὸ
3506 1520 3644 1590 μετά

2051 1604 2150 1674 τὴν
2171 1605 2297 1673 γῆν,
2325 1605 2406 1669 τί;
2435 1605 2598 1675 Ὁρᾷς
2621 1605 2700 1666 εἰς
2723 1604 2888 1657 πόσον
2915 1603 3155 1672 ῖλλιγγον
3178 1604 3435 1657 ἐκπίπτει
3462 1621 3556 1657 σου
3583 1603 3645 1656 τὸ

2051 1689 2152 1759 τῆς
2183 1689 2423 1752 διανοίας
2469 1689 2642 1759 ὄμμα,
2697 1689 2762 1742 ἀν
2816 1687 2890 1758 μὴ
2935 1689 3147 1758 ταχέως
3195 1690 3289 1742 ἐπὶ
3328 1688 3430 1758 τὴν
3462 1687 3644 1740 πίστιν

2053 1771 2412 1844 καταδράμῃς
2439 1774 2534 1825 καὶ
2560 1772 2657 1842 τὴν
2682 1772 3070 1840 ἀκατάληπτον
3098 1769 3328 1841 δύναμιν
3358 1770 3451 1824 τοῦ
3482 1772 3642 1841 ποιή-

2056 1873 2280 1922 σαντος;
2314 1857 2384 1908 EE.
2412 1855 2469 1907 δὲ
2509 1855 2690 1924 βούλει
2721 1855 2814 1907 καὶ
2847 1854 2954 1908 ἀπὸ
2986 1854 3096 1908 τῶν
3133 1855 3492 1926 ἀνθρωπίνων
3527 1871 3644 1908 στο-

2055 1936 2336 2008 χάζεσθαι,
2375 1937 2578 2008 δυνήσῃ
2627 1938 2771 1991 κατά
2828 1937 3027 2010 μικρὸν
3074 1937 3353 2010 πτερῶσαί
3402 1954 3498 1990 σου
3545 1938 3644 2008 τὴν

2051 2023 2312 2075 διάνοιαν.
2356 2021 2532 2074 Ποίων
2557 2021 2950 2091 ἀνθρωπίνων;
2994 2021 3182 2091 φησίν.
3220 2022 3332 2093 Οὐχ
3359 2022 3494 2093 ὁρᾷς
3521 2024 3647 2086 τοὺς

2055 2105 2361 2175 κεραμέας,
2392 2104 2511 2166 πῶς
2537 2105 2600 2157 τὸ
2619 2103 2942 2159 διακλασθέν
2967 2105 3061 2158 καὶ
3083 2105 3376 2175 γενόμενον
3397 2105 3647 2177 ἄμορφον

2053 2187 2436 2241 διαπλάττουσι
2474 2186 2700 2253 σκεῦος;
2731 2187 2858 2250 τοὺς
2883 2188 2984 2259 τὴν
3015 2188 3345 2260 μεταλλικὴν
3377 2189 3648 2258 χωνεύον-

2053 2286 2156 2334 τας
2197 2271 2322 2341 γῆν,
2362 2269 2479 2332 πῶς
2539 2269 2636 2340 τὴν
2687 2273 2791 2341 γῆν
2849 2271 3071 2342 χρυσίον
3115 2271 3502 2338 ἀποφαίνουσι,
3555 2271 3648 2323 καὶ

2057 2355 2276 2425 σίδηρον
2323 2355 2421 2408 καὶ
2445 2353 2647 2424 χαλκόν
2671 2371 2685 2420 ;
2723 2353 2884 2408 πάλιν
2915 2355 3136 2425 ἐτέρους
3153 2357 3282 2417 τοὺς
3317 2364 3338 2385 ³
3360 2354 3463 2426 τὴν
3492 2354 3648 2408 ὣλον

2055 2437 2484 2509 ἐργαζομένους,
2513 2436 2630 2500 πῶς
2655 2437 2754 2508 τὴν
2782 2437 2966 2508 ἄμμον
3005 2439 3087 2500 είς
3120 2438 3183 2490 ἐν
3220 2437 3386 2508 σῶμα
3424 2438 3650 2509 συνεχὲς

2055 2521 2152 2574 καὶ
2172 2521 2388 2588 διαυγὲς
2424 2519 2926 2590 μετασκευάζου-σι;
2958 2521 3111 2574 Εἴπω
3134 2520 3261 2584 τοὺς
3289 2521 3645 2590 σκυτοδέψας.

2055 2607 2181 2667 τοὺς
2217 2604 2286 2658 τὰ
2331 2603 2574 2674 ἁλουργά
2621 2603 2910 2674 ἐσθήματα
2946 2603 3272 2673 βάπτοντας,
3313 2605 3433 2667 πῶς
3460 2605 3649 2674 ἕτερον

2055 2687 2173 2740 ἀνθ’
2218 2687 2407 2758 ἐτέρου
2441 2687 2502 2739 τὸ
2533 2685 2828 2757 δεξάμενον
2865 2686 2965 2756 τὴν
2998 2686 3178 2757 βαφὴν
3217 2687 3646 2756 ἀποφαίνουσιν;

2057 2771 2198 2823 εῐπω
2227 2771 2325 2840 τὴν
2351 2771 2605 2840 γέννησιν
2636 2769 2734 2839 τὴν
2760 2770 3078 2840 ήμετέραν;
3115 2771 3176 2823 ού
3205 2770 3430 2840 σπέρμα
3471 2769 3646 2841 βραχὺ

2058 2853 2273 2927 πρῶτον
2294 2856 2540 2924 ἄμορφον
2564 2856 2658 2907 καὶ
2679 2854 2965 2907 ἀτύπωτον
2995 2855 3196 2908 ἐνίεται
3222 2857 3304 2916 εἰς
3327 2858 3428 2925 τὴν
3457 2854 3648 2907 ὑποδε-

2057 2941 2294 3011 χομένην
2320 2941 2534 3010 μήτραν
2554 2938 2720 3003 αύτό;
2754 2937 2918 2990 πόθεν
2950 2934 3044 2991 οὖν
3071 2939 3103 3008 ἡ
3133 2937 3372 3008 τοσαύτη
3390 2938 3487 2990 τοῦ
3509 2937 3649 3002 ζώου

2056 3023 2378 3086 διάπλασις;
2414 3022 2479 3075 Τί
2519 3022 2577 3075 δὲ
2613 3024 2641 3076 ό
2667 3024 2840 3086 σῖτοςς
2871 3022 2934 3073 οὐ
2960 3021 3158 3083 κόκκος
3196 3022 3402 3091 γυμνὸς
3431 3024 3513 3084 είς
3550 3023 3650 3092 τὴν

2057 3111 2164 3178 γῆν
2199 3106 2637 3171 καταϐάλλεταις
2677 3105 2739 3158 οὐ
2777 3104 2916 3174 μετά
2944 3104 3006 3158 τὸ
3035 3103 3446 3174 καταϐληθῆναι
3477 3106 3653 3176 σήπε-

2055 3209 2149 3244 ται
2177 3208 2191 3256 ;
2220 3189 2382 3243 πόθεν
2411 3189 2650 3258 ἄσταχυς
2681 3187 2776 3241 καὶ
2801 3186 3086 3256 ἀνθέρικες
3140 3187 3236 3238 καὶ
3281 3186 3514 3258 καλάμη
3557 3187 3654 3242 καὶ

2056 3274 2128 3328 τά
2166 3273 2304 3328 ἀλλα
2347 3273 2560 3337 πάντας
2598 3271 2658 3323 ού
2698 3270 2923 3342 κεγχρὶς
2970 3269 3136 3322 σύκου
3181 3271 3355 3340 μικρά
3387 3269 3652 3334 πολλάκις

2058 3356 2377 3429 ἐμπεσοῦσα
2406 3358 2484 3419 είς
2509 3355 2634 3424 γῆν,
2671 3354 2767 3406 καὶ
2797 3353 2954 3423 ῥίζαν
2994 3354 3088 3405 καὶ
3115 3352 3346 3416 κλάδους
3372 3353 3471 3406 καὶ
3501 3369 3652 3423 καρ-

2059 3441 2161 3492 πὸν
2195 3441 2427 3511 ἤνεγκεν
2453 3455 2466 3502 ;
2501 3433 2632 3489 Εἶτα
2665 3435 2870 3488 τούτων
2901 3435 3000 3506 μὲν
3029 3435 3262 3488 ἕκαστον
3297 3435 3427 3506 δέχῃ
3464 3439 3561 3490 καὶ
3590 3438 3651 3490 οὐ

2061 3523 2422 3595 περιεργάζη,
2459 3523 2552 3574 τὸν
2592 3521 2649 3574 δέ
2705 3519 2836 3572 Θεὸν
2886 3519 3045 3588 μόνον
3101 3522 3355 3582 ἀπαιτεῖς
3417 3520 3649 3583 εὐθύνας

2064 3608 2541 3678 μετασκευάςοντα
2571 3603 2730 3676 ήμῶν
2755 3603 2815 3655 τὸ
2847 3601 3042 3673 cingat;
3073 3604 3168 3656 καὶ
3197 3603 3302 3656 ποῦ
3326 3602 3504 3657 ταῦτα
3524 3603 3651 3670 ἀξια

2063 3710 2390 3763 συγγνωμης
2409 3710 2423 3758 ;

2133 3871 2200 3932 γ’.
2233 3861 2419 3914 Ταῦτα
2445 3860 2580 3930 πρὸς
2603 3857 2872 3928 Ἕλληνας
2899 3857 3144 3929 λέγωμεν
3169 3858 3262 3909 καὶ
3287 3855 3358 3909 τά
3393 3856 3642 3910 τοιαῦτα·

2062 3947 2199 4019 πρὸς
2227 3947 2335 4016 γάρ
2363 3945 2489 4006 τοὺς
2517 3943 2640 4003 ταῖς
2666 3942 2910 4012 Γραφαῖς
2945 3941 3302 4010 πειθομένους
3334 3941 3454 3993 οὐδὲ
3486 3940 3651 4008 λόγου

2065 4048 2157 4100 μοι
2197 4029 2296 4081 δεῖ.
2347 4029 2410 4080 EE
2453 4027 2563 4096 γάρ
2599 4025 2814 4094 μέλλοις
2865 4023 3329 4095 περιεργάζεσθαι
3372 4025 3551 4077 πάντα
3585 4027 3653 4078 τά

2062 4117 2302 4176 ἐκείνου,
2331 4113 2386 4164 τί
2421 4112 2583 4164 πλέον
2608 4109 2719 4174 ἐξει
2745 4110 2857 4162 τῶν
2883 4109 3188 4180 ἀνθρώπων
3219 4109 3246 4160 ὁ
3277 4108 3446 4174 Θεόςς
3473 4108 3650 4160 καίτοι

2061 4220 2123 4270 γε
2157 4201 2251 4254 καί
2287 4197 2608 4267 ἀνθρώπους
2646 4197 2877 4259 πολλοὺς
2919 4196 2978 4248 ού
3032 4193 3537 4266 περιεργαζόμεθα.
3587 4196 3649 4246 Et

2061 4285 2112 4337 δὲ
2136 4286 2162 4323 ι)
2187 4283 2272 4335 ἐπ’
2307 4280 2608 4351 ἀνθρώπων
2636 4279 2794 4331 τοῦτο
2825 4277 3108 4348 ποιοῦμεν,
3139 4279 3232 4330 καὶ
3266 4277 3326 4328 ού
3359 4292 3651 4347 περιεργα-

2063 4367 2286 4437 ζόμεθα,
2311 4363 2492 4434 πολλῷ
2518 4359 2610 4416 οῦν
2637 4361 2836 4433 μᾶλλον
2863 4361 2961 4431 τὴν
2983 4360 3077 4413 τοῦ
3101 4359 3236 4413 Θεοῦ
3263 4359 3458 4428 σοφίαν
3484 4361 3650 4413 πολυ-

2062 4451 2400 4519 πραγμονεῖν
2432 4449 2493 4499 οὐ
2525 4446 2631 4517 χρὴ
2655 4445 2776 4498 οὐδὲ
2798 4443 3095 4514 λογισμοὺς
3123 4444 3397 4497 ἀπαιτεῖν·
3428 4443 3650 4513 πρῶτον

2065 4537 2196 4604 μὲν,
2231 4535 2312 4584 ὃτι
2344 4531 2656 4594 ἀξιόπιστος
2703 4530 2732 4583 ό
2769 4528 3240 4596 ἀποφαινόμενος,
3274 4525 3534 4596 δεύτερον
3569 4527 3649 4591 δὲ,

2061 4620 2143 4670 ὅτι
2173 4618 2232 4669 οὐ
2264 4617 2480 4684 δέχεται
2523 4613 2800 4684 λογισμῶν
2842 4613 3068 4684 ἔρευναν
3101 4610 3170 4665 τά
3214 4610 3540 4682 πράγματα.
3574 4611 3649 4663 Οὐ

2063 4701 2170 4769 γὰρ
2215 4697 2361 4750 οὕτω
2409 4697 2619 4767 πτωχὸς
2653 4699 2681 4749 ὁ
2728 4697 2881 4760 Θεὸς,
2913 4696 2990 4758 ὡς
3045 4693 3270 4748 τοιαῦτα
3315 4692 3653 4762 ἐργάζεσθαι
3727 4697 3740 4708 ⁷

2067 4785 2223 4853 μόνα,
2277 4782 2312 4836 ἀ
2357 4783 2424 4852 τῇ
2462 4782 2571 4834 τῶν
2615 4780 2892 4852 λογισμῶν
2936 4778 3191 4848 ἀσθενείᾳ
3247 4776 3656 4848 περιληφθῆναι.

2062 4867 2283 4920 δύναται
2307 4865 2415 4918 τῶν
2439 4865 2568 4918 σῶν.
2596 4865 2661 4920 El
2685 4865 2794 4936 γάρ
2816 4864 3067 4926 τέκτονος
3095 4861 3256 4934 ἔργον
3283 4862 3344 4913 ού
3371 4860 3663 4930 καταλαμ-

2065 4951 2271 5014 ϐάνεις,
2324 4949 2507 5021 πολλῷ
2553 4948 2755 5021 μᾶλλον
2795 4949 2890 5002 τοῦ
2921 4949 3306 5018 ἀριστοτέχνου
3350 4945 3511 4999 Θεοῦ.
3560 4947 3664 5017 Μὴ

2063 5037 2342 5088 ἀπιστεῖτε
2375 5035 2552 5087 τοίνυν
2593 5035 2662 5104 τῇ
2695 5033 3027 5086 ἀναστάσει·
3061 5033 3182 5083 ἐπεὶ
3218 5029 3397 5100 πο).λῷ
3432 5030 3671 5100 μακρὰν

2062 5119 2161 5188 τῆς
2191 5118 2404 5180 ἐλπίδος
2430 5116 2619 5169 ἔσεσθε
2641 5115 2743 5185 τῆς
2775 5116 3095 5186 μελλούσης.
3134 5114 3294 5166 Ἀλλά
3318 5115 3370 5165 τί
3400 5113 3461 5165 τὸ
3489 5112 3675 5180 σοφὸν

2063 5200 2173 5254 τῶν
2213 5201 2633 5268 ἀντιλεγόντων,
2689 5199 2892 5269 μᾶλλον
2937 5197 2994 5253 δὲ
3043 5201 3104 5252 τὸ
3146 5198 3352 5268 σφόδρα
3386 5196 3618 5265 ἀνόητον
3650 5214 3678 5263 ;

2066 5294 2176 5347 Καὶ
2208 5292 2343 5358 πῶς,
2374 5293 2503 5344 ὅταν
2529 5291 2802 5363 ἀναμιχθῇ
2829 5292 2891 5345 τὸ
2927 5291 3086 5364 σῶμα
3109 5293 3174 5363 τῇ
3199 5294 3267 5361 γῇ
3299 5290 3394 5343 καί.
3426 5291 3686 5357 γένηται

2063 5380 2156 5447 γῆ,
2206 5376 2301 5428 καὶ
2365 5373 2513 5446 [149]
2546 5374 2683 5445 αὕτη
2723 5376 2887 5428 πάλιν
2919 5377 3121 5447 ἐτέρως
3153 5375 3482 5445 μετενεχθῇ.
3515 5374 3687 5427 ἀνα.-

2066 5459 2344 5526 στήσεται,
2381 5457 2546 5527 φησί;
2579 5459 2669 5511 Σοὶ
2692 5458 2852 5512 τοῦτο
2889 5459 3093 5530 ἄπορον
3121 5471 3143 5498 ο
3172 5454 3503 5518 εἶναιδοκεῖ,
3537 5455 3694 5512 ἀλλ’

2149 5655 2268 5723 illa
2294 5658 2670 5719 Rog.,nplimc.
2712 5661 2838 5710 lidili
2893 5675 3028 5715 vero.
3082 5663 3222 5710 πάλιν
3269 5663 3452 5723 ἑτέραν,
3501 5661 3702 5717 male.

2071 5717 2095 5756 δ
2126 5715 2210 5781 Hic
2261 5715 2478 5780 qualium
2501 5715 2681 5768 'umissa
2731 5723 2791 5768 δι’
2833 5726 3190 5778 ὀμοιοτελευτον
3234 5737 3293 5770 cx
3318 5715 3448 5781 “'ng
3481 5715 3712 5778 codice—

2069 5778 2406 5848 reslilupinlmr.
2479 5785 2500 5812 ο
2530 5782 2676 5848 Ειιιι-ί,
2702 5785 2896 5844 ἁποςιοη
2915 5783 3056 5845 “03.,
3093 5786 3302 5848 ἄπειρον.
3330 5778 3553 5844 [ιι-ιιψιθ
3583 5787 3722 5838 ιθ-

2071 5842 2168 5887 ιἭυ
2192 5842 2377 5892 admilu’
2405 5857 2548 5904 posse
2572 5845 2781 5893 \idclur.
