3986 6202
129 7 1699 83 βπ

373 376 471 436 Nl

371 497 481 553 ﬁde
506 495 726 567 dignam
765 490 1211 548 resurrectionem
1257 500 1380 543 esse
1419 502 1449 539 a
1479 484 1697 540 Christo
1737 500 1952 554 semper

377 588 599 659 prohat,
619 586 853 640 maxime
876 597 1002 637 vero
1029 595 1193 635 nunc.
1212 577 1268 635 Si
1295 578 1441 633 enim
1467 592 1666 645 corpus
1711 585 1951 630 nostrum

379 680 685 735 membrum
740 685 830 732 est
869 675 1101 739 Christi,
1144 672 1391 728 Christus
1437 684 1565 725 vero
1612 669 1907 724 resurrexit
1933 707 1955 731 ,

379 773 539 827 etiam
566 785 761 839 corpus
782 768 1008 823 omnino
1055 774 1217 833 caput
1256 774 1529 834 sequetur.
1565 761 1667 815 Per
1712 764 1957 816 virumn

380 880 545 919 suam.
570 862 698 929 Quia
726 861 876 914 enim
904 874 1019 912 rem
1041 857 1201 922 dixit,
1226 870 1346 925 quae
1376 870 1485 909 non
1511 853 1747 910 creditur
1789 863 1840 907 et
1869 868 1953 907 ra-

381 955 611 1011 tiociniis
629 952 831 1023 percipi
877 967 991 1005 non
1012 959 1185 1020 potest
1210 990 1227 1015 ,
1251 951 1371 1019 ejus
1399 949 1610 1003 virtutis
1648 948 1957 1016 incompre-

378 1044 716 1101 hensibilitati
746 1043 1017 1103 concessit
1044 1057 1131 1108 ea,
1162 1056 1279 1109 quae
1296 1041 1491 1096 Christi
1506 1040 1960 1106 resurrectionem

374 1144 637 1205 spectant,
655 1149 769 1189 non
789 1148 1007 1204 parram
1033 1131 1157 1186 hinc
1176 1140 1361 1186 contra
1378 1129 1683 1186 incredulos
1709 1128 1961 1199 praebens

372 1223 914 1280 demonstrationem.
942 1222 1009 1277 Et
1027 1222 1080 1277 in
1107 1220 1303 1277 Christi
1327 1220 1541 1290 quidem
1558 1220 1961 1275 resurrectione

375 1316 544 1383 ipsam
573 1329 682 1369 non
710 1315 933 1383 posuit:
968 1327 1141 1382 neque
1165 1311 1308 1367 enim
1350 1310 1489 1365 dixit
1537 1328 1553 1365 :
1584 1310 1727 1366 Deus
1774 1319 1961 1364 autem

373 1408 541 1462 etiam
573 1406 859 1462 Dominum
884 1403 1203 1471 suscitabit;
1234 1418 1329 1459 res
1349 1403 1494 1458 enim
1535 1403 1648 1473 jam
1701 1403 1963 1472 contigit;

375 1499 479 1553 sed
498 1498 810 1569 quomodo?
835 1496 974 1552 Deus
994 1512 1112 1553 vero
1140 1506 1185 1552 et
1212 1496 1486 1551 Dominum
1521 1496 1787 1550 suscitauit
1810 1512 1830 1560 ;
1858 1510 1963 1549 nec

378 1604 523 1658 opus
567 1588 751 1645 habuit
808 1588 1141 1657 probatione.
1188 1588 1265 1643 De
1316 1599 1500 1641 nostra
1542 1597 1720 1643 autem
1775 1601 1957 1641 νεωτ-

381 1678 629 1735 rectione
648 1718 666 1743 ,
710 1678 835 1747 quia
878 1678 1117 1732 nondum
1155 1677 1333 1733 evenit
1354 1719 1371 1740 ,
1401 1693 1513 1731 non
1540 1678 1615 1730 ita
1660 1676 1832 1741 dixit,
1863 1676 1961 1731 sed

385 1767 706 1838 quomodo!
738 1766 805 1821 Et
846 1784 940 1821 nos
985 1766 1243 1823 suscitabit
1271 1783 1360 1836 per
1399 1767 1632 1821 uirtutem
1666 1782 1853 1828 want;
1893 1781 1959 1822 ex

385 1876 458 1916 eo
487 1860 635 1930 quod
661 1859 766 1915 fide
804 1861 963 1930 digna
1008 1860 1080 1913 sit
1103 1860 1220 1927 ejus
1262 1860 1351 1927 qui
1381 1861 1662 1915 suscitavit
1685 1869 1917 1928 potestas
1938 1899 1961 1926 ,

376 1965 446 2005 os
494 1951 782 2006 obstructis
832 1949 1345 2005 contradicentibus.
1375 1952 1435 2006 Si
1469 1959 1647 2005 autem
1677 1951 1818 2005 Patri
1860 1951 1961 2005 ad-

374 2042 575 2097 scribit
616 2041 815 2096 Christi
847 2043 1303 2097 resurrectiouem
1329 2083 1349 2105 ,
1374 2042 1506 2097 nihil
1557 2051 1609 2098 te
1654 2045 1959 2099 conturbet.

372 2135 497 2191 Non
522 2135 663 2190 enim
693 2136 839 2209 quod
881 2134 1130 2189 Christus
1160 2150 1267 2189 non
1311 2143 1494 2204 posset
1517 2175 1534 2200 ,
1588 2134 1691 2190 hoc
1736 2136 1912 2204 posuit
1944 2155 1963 2191 :

373 2228 497 2297 ipse
522 2241 754 2296 namque
800 2225 1044 2281 Christus
1077 2226 1212 2281 dixit
1248 2226 1479 2281 :Solrile
1501 2227 1743 2296 templum
1777 2227 1964 2291 hoc,“

371 2319 428 2373 in
458 2317 619 2371 tribus
649 2317 823 2372 diebus
850 2317 1079 2372 excitabo
1121 2317 1255 2393 illud
1283 2317 1461 2389 (Joan.
1486 2316 1546 2372 2.
1577 2318 1670 2389 t9)
1696 2335 1715 2383 ;
1740 2329 1797 2374 et
1837 2335 1931 2373 rur

367 2424 509 2473 sus,
562 2407 868 2463 Potestatem
919 2408 1078 2462 habeo
1125 2409 1349 2478 ponendi
1390 2409 1619 2463 animum
1665 2426 1864 2473 nteant,
1916 2419 1965 2464 et

369 2512 675 2570 potestatem
708 2502 868 2557 habeo
894 2504 1081 2558 iterum
1102 2505 1337 2561 εωιισηάὶ
1357 2521 1468 2559 eam
1492 2505 1676 2576 (locu.
1711 2507 1798 2562 10.
1824 2508 1915 2578 18)
1941 2524 1956 2573 ἱ

365 2602 429 2649 ct
484 2592 660 2647 Lucas
711 2593 763 2648 in
813 2594 1039 2651 Actibus
1087 2594 1197 2659 ait,
1232 2594 1428 2661 Quibus
1474 2597 1700 2651 erubuit
1744 2600 1962 2667 seipnmt

366 2686 553 2738 vivum
575 2686 714 2754 (Act.
740 2686 794 2740 1.
819 2687 1010 2756 3).Cur
1037 2702 1167 2758 ergo
1190 2687 1385 2743 Paulus
1407 2691 1487 2744 sic
1511 2690 1789 2759 loquitur?
1813 2692 1955 2757 Quia

362 2790 505 2845 qua:
546 2773 670 2828 Filii
697 2783 838 2839 sunt,
867 2776 1010 2831 Patri
1036 2777 1317 2843 adscribit,
1339 2787 1393 2833 et
1411 2793 1531 2848 quae
1555 2778 1755 2841 Patris.
1782 2780 1921 2835 Filio
1947 2799 1962 2835 :

364 2880 509 2919 nam
541 2863 671 2931 Quit
713 2865 800 2920 ille
839 2865 999 2934 facit,
1043 2868 1248 2941 inquit,
1277 2877 1326 2924 et
1356 2866 1527 2923 Filius
1566 2869 1801 2926 similiter
1841 2872 1963 2941 facit

359 2957 429 3027 (1
436 2975 571 3011 oan.
594 2957 657 3014 5.
678 2957 788 3027 l9).
812 2957 1126 3029 Opportune
1151 2970 1335 3016 autem
1357 2960 1647 3017 admodum
1672 2962 1763 3018 hic
1787 2979 1963 3018 resur-

357 3048 679 3103 rectionem
709 3059 991 3115 memorat,
1019 3059 1073 3104 et
1096 3050 1187 3105 tali
1224 3064 1320 3121 spe
1346 3050 1485 3121 gulae
1514 3050 1846 3122 tyrannidem
1877 3068 1962 3108 re-

353 3140 648 3208 primens,
679 3149 736 3195 et
764 3148 968 3196 tantum
1016 3157 1121 3195 non
1168 3141 1360 3199 dicens
1386 3159 1400 3194 :
1428 3142 1716 3199 Comedisti
1738 3180 1754 3206 ,
1784 3142 1961 3198 bibisti

352 3232 490 3286 sine
528 3245 787 3286 mensura
812 3274 832 3299 ,
858 3242 910 3287 et
937 3234 1058 3303 quis
1101 3234 1204 3289 erit
1232 3234 1399 3289 linis?
1428 3236 1647 3301 nullus,
1690 3236 1794 3292 nisi
1841 3251 1967 3291 cor-

348 3325 556 3394 ruptio
586 3334 818 3379 tantum.
847 3324 1179 3395 Conjunctus
1206 3342 1268 3383 es
1316 3326 1535 3384 Christo
1554 3370 1569 3394 ,
1616 3337 1673 3387 et
1711 3328 1834 3399 quis
1859 3328 1965 3384 erit

349 3416 535 3475 finis?
566 3431 796 3486 magnus
835 3427 893 3473 et
932 3418 1227 3484 mirabilis,
1253 3417 1430 3474 futura
1483 3421 1811 3477 resurrectio
1840 3421 1967 3491 glo-

348 3507 518 3561 riosa
551 3507 673 3572 illa,
690 3522 989 3564 sermonem
1016 3527 1235 3566 omnem
1262 3526 1547 3581 superans.

438 3597 792 3651 [testiﬁcatio
820 3599 991 3668 futura
1017 3602 1143 3671 prob
1159 3611 1277 3657 .tur.
1299 3631 1372 3643 --
1395 3602 1562 3658 Nemo
1588 3602 1767 3672 itaque
1785 3616 1966 3658 resur-

340 3688 618 3745 rectioni
666 3688 827 3743 tidem
866 3700 1023 3761 neget
1060 3710 1078 3747 :
1106 3693 1151 3748 si
1195 3694 1315 3763 quis
1365 3701 1542 3749 autem
1585 3709 1689 3748 non
1740 3694 1963 3761 credat,

336 3780 574 3851 cogitet
605 3791 811 3849 quanta
836 3796 899 3834 ex
929 3782 1094 3836 nihilo
1124 3783 1473 3852 produxerit,
1501 3791 1556 3837 et
1599 3782 1722 3838 hinc
1767 3784 1835 3839 de
1877 3784 1964 3839 illa

334 3870 901 3928 demonstrationem
925 3873 1170 3943 accipiat.
1196 3872 1329 3928 Nam
1354 3889 1475 3944 quae
1495 3874 1608 3943 jam
1634 3873 1775 3929 facta
1802 3885 1960 3943 sunt,

333 3963 533 4017 multo
578 3970 721 4017 sunt
746 3962 1073 4018 mirabiliora
1099 4004 1116 4028 ,
1163 3972 1218 4019 et
1244 3964 1433 4035 ingens
1460 3965 1778 4020 miraculum
1809 3965 1964 4020 exhi-

329 4052 567 4108 bcutia.
608 4051 1001 4107 Animadverte
1028 4063 1206 4107 autem
1239 4062 1478 4108 :terram
1499 4054 1708 4124 accepit
1749 4062 1805 4109 et
1853 4055 1962 4109 mi-

332 4145 527 4206 scuit.
568 4144 965 4213 hominemque
992 4144 1158 4207 fecit;
1190 4152 1415 4212 terram,
1438 4146 1677 4215 inquam,
1710 4162 1830 4216 qua:
1859 4162 1964 4200 non

325 4249 514 4292 antea
576 4241 732 4289 erat.
775 4233 1052 4302 Quomodo
1097 4252 1228 4307 ergo
1273 4246 1412 4292 terra
1437 4237 1575 4292 facta
1625 4248 1708 4294 est
1756 4240 1965 4297 homo?

322 4328 657 4394 quionde
689 4327 808 4397 ipsa
835 4343 958 4383 cum
987 4343 1096 4384 non
1128 4336 1309 4396 esset,
1360 4328 1620 4401 producta
1648 4329 1788 4384 fuit?
1835 4347 1970 4400 quo—

328 4428 522 4483 modo
545 4439 697 4495 qua:
717 4438 784 4477 ex
809 4424 926 4493 ipsa
957 4424 1093 4477 liunt
1115 4425 1318 4491 omnia,
1338 4425 1600 4480 immensa
1621 4439 1819 4494 genera
1840 4425 1972 4479 bru-

326 4530 564 4583 torutn,
589 4531 915 4579 seminum,
936 4517 1268 4585 plantarum,
1292 4517 1460 4570 nttllis
1484 4523 1672 4585 partus
1692 4515 1974 4571 doloribus

322 4608 704 4683 praemissis,
740 4621 857 4662 nou
901 4607 1103 4676 pluviis
1144 4606 1200 4661 in
1232 4608 1321 4661 illa
1348 4608 1634 4671 demissis,
1665 4607 1812 4661 nulla
1847 4622 1970 4662 cum

318 4704 759 4774 agricultura,
816 4713 925 4753 non
973 4698 1169 4762 bobus,
1198 4707 1384 4752 aratro
1423 4699 1502 4754 vel
1549 4699 1654 4752 alio
1691 4698 1758 4752 ad
1790 4707 1971 4752 ortum

317 4794 567 4849 illorum
620 4789 1020 4845 administro?
1061 4788 1182 4842 Ideo
1218 4789 1363 4843 enim
1393 4805 1457 4842 ex
1485 4796 1628 4842 terra
1675 4788 1971 4842 inanimato

316 4891 377 4931 et
403 4871 768 4931 insensibili
799 4881 880 4924 tot
906 4872 959 4926 in
992 4873 1255 4942 principio
1300 4889 1501 4944 genera
1524 4884 1579 4929 et
1607 4877 1903 4945 plantarum
1924 4884 1977 4931 et

314 4969 645 5024 brutorum
678 4962 1019 5019 animalium
1061 4974 1177 5020 orta
1205 4975 1352 5027 sunt,
1381 4974 1441 5019 ut
1475 4976 1526 5021 te
1563 4968 1673 5033 jam
1720 4967 1849 5021 olim
1891 4983 1979 5023 re-

311 5058 731 5117 surrectionis
801 5055 1065 5110 rationem
1130 5059 1371 5112 doceret.
1430 5057 1561 5111 Illud
1606 5058 1749 5112 enim
1799 5074 1981 5113 resur-

312 5156 591 5209 rectione
647 5148 917 5221 cogitatu
944 5147 1212 5203 difficilius
1237 5157 1339 5204 est.
1364 5147 1479 5203 Non
1509 5149 1659 5219 paria
1682 5150 1826 5204 enim
1854 5160 1979 5204 sunt

310 5250 683 5304 exstinctam
742 5240 1031 5295 lucernam
1075 5240 1408 5305 accendere,
1439 5248 1494 5294 et
1537 5238 1772 5293 nondum
1811 5255 1980 5311 appa-

310 5349 546 5394 rentem
602 5337 829 5407 ignem
889 5329 1147 5387 exhibere
1192 5350 1206 5385 :
1251 5346 1356 5386 non
1401 5331 1548 5402 paria
1577 5338 1704 5383 sunt
1749 5329 1978 5387 dirutam

309 5430 554 5486 domum
587 5419 970 5484 remdificare
989 5461 1005 5484 ,
1034 5430 1087 5477 et
1116 5422 1267 5477 nullo
1296 5421 1454 5476 modo
1482 5422 1830 5475 exsisteutem
1858 5436 1981 5489 pro-

309 5523 552 5577 ducere.
590 5516 716 5573 Hic
748 5510 946 5578 enim,
997 5511 1101 5568 etsi
1146 5511 1280 5566 nihil
1311 5510 1485 5576 aliud,
1528 5518 1585 5564 at
1613 5509 1834 5563 lttztteria
1858 5511 1984 5564 sub-

309 5612 457 5685 iecta
486 5619 629 5668 erat
660 5625 680 5661 :
714 5602 858 5661 illic
887 5615 1018 5657 vero
1067 5615 1138 5656 ne
1167 5600 1463 5655 substantia
1506 5599 1721 5669 quidem
1760 5614 1983 5669 appare-

308 5704 429 5759 bat.
464 5704 752 5773 Ideoque
804 5688 958 5762 quod
990 5690 1264 5747 difficilius
1313 5704 1433 5745 esse
1467 5689 1779 5755 videbatur,
1812 5689 1983 5758 primo

315 5795 467 5868 fecit,
506 5806 571 5855 ut
621 5809 704 5853 ex
759 5788 886 5843 hoc
911 5784 1054 5855 quod
1079 5782 1287 5840 facilius
1311 5789 1427 5837 erat
1469 5778 1792 5836 admittercs.
1828 5780 1973 5836 Diffi-

1399 369 1467 425 IN
1503 368 1718 427 EPIST.
1762 370 1781 424 l
1847 370 1938 429 Μ)
1973 371 2135 429 ΒΘΗ.
2178 371 2414 429 30111...
2453 371 2610 429 IVLI.

3541 376 3643 430 lii

2061 486 2225 543 cilius
2246 496 2423 542 autem
2451 488 2569 545 dixi
2592 531 2615 556 ,
2657 506 2763 546 non
2796 490 2931 560 Deo,
2966 491 3061 549 sed
3085 502 3381 551 secum
3419 494 3636 548 ratioci-

2061 578 2277 632 uicrum
2326 588 2628 635 nostrorum
2690 584 3133 653 consequentiam
3177 602 3193 639 :
3245 584 3356 641 Deo
3407 599 3638 655 iramque

2058 669 2285 725 diﬂicile
2327 672 2455 726 nihil
2485 684 2602 738 est;
2647 675 2743 729 sed
2787 676 3237 743 quemadmodum
3291 678 3498 746 pictor,
3541 677 3635 746 qui

2061 776 2221 815 unum
2263 760 2393 815 facit
2430 763 2717 831 imaginem
2744 804 2765 830 ,
2792 765 3100 822 innumeras
3122 765 3279 822 facile
3319 765 3517 822 faciet:
3548 767 3631 824 sic

2057 862 2121 906 et
2138 853 2245 906 Deo
2276 852 2482 910 facilius
2511 854 2631 919 fuit,
2661 855 2972 913 innumeros
3010 856 3186 914 facere
3221 857 3455 914 mundos
3478 867 3642 929 autne

2058 943 2296 998 infinitos
2329 961 2344 999 :
2375 945 2483 999 imo
2530 946 2742 1014 potius,
2801 956 2860 1003 ut
2911 946 3069 1004 facile
3095 948 3187 1003 tibi
3232 958 3316 1004 est
3357 949 3542 1004 urbem
3586 956 3645 1005 et

2060 1034 2297 1090 infinitos
2348 1037 2585 1105 cogitare
2629 1038 2897 1103 mundos,
2948 1039 3019 1093 ita
3074 1039 3185 1095 Deo
3235 1040 3356 1096 illos
3409 1038 3643 1094 condere

2061 1126 2213 1181 facile
2238 1136 2342 1190 est,
2373 1127 2485 1182 imo
2509 1129 2671 1199 longe
2689 1128 2921 1186 facilius.
2949 1130 3029 1185 Tu
3054 1132 3200 1187 enim
3230 1146 3425 1203 parum
3448 1132 3639 1189 saltem

2060 1219 2319 1287 temporis
2340 1218 2395 1272 in
2425 1217 2527 1274 hac
2553 1220 2878 1290 cogitatione
2907 1222 3167 1288 insuatis;
3198 1223 3338 1278 Deus
3380 1236 3509 1277 vero
3532 1236 3641 1280 non

2060 1308 2224 1363 item:
2258 1325 2379 1365 uam
2400 1321 2601 1383 quanto
2635 1327 2697 1367 re
2733 1312 2965 1382 quadam
3013 1314 3315 1379 levissima,
3339 1314 3448 1369 imo
3477 1314 3641 1368 etiam

2062 1409 2243 1457 mente
2267 1412 2453 1457 nostra
2474 1443 2490 1468 ,
2520 1403 2797 1473 graviores
2823 1404 3030 1474 lapides
3071 1415 3239 1472 sunt;
3271 1415 3419 1461 tanto
3445 1406 3641 1463 mentis

2062 1504 2261 1550 nostra:
2287 1495 2536 1551 celeritas
2560 1511 2591 1550 a
2622 1497 2733 1551 Deo
2763 1496 2815 1551 in
2842 1499 3078 1553 creando
3120 1508 3423 1568 superatur.
3451 1498 3637 1553 Admi-

2062 1594 2210 1639 ratus
2259 1599 2319 1640 es
2368 1585 2486 1655 ejus
2535 1586 2588 1640 in
2644 1596 2787 1642 terra
2841 1588 3134 1644 virtutem?
3181 1589 3369 1660 Cogita
3416 1603 3637 1644 rursum

2061 1675 2335 1745 quomodo
2368 1678 2555 1733 ciuium
2586 1677 2783 1734 factum
2806 1680 2875 1734 sit
2899 1693 3023 1734 cum
3045 1694 3152 1734 non
3174 1690 3341 1744 esset,
3369 1680 3643 1749 quomodo

2062 1767 2234 1822 stellae
2258 1767 2674 1826 innumerabiles
2692 1809 2709 1833 ,
2736 1770 3011 1840 quomodo
3029 1771 3109 1825 sol
3130 1812 3147 1838 ,
3173 1771 3445 1842 quomodo
3472 1773 3599 1827 luna
3624 1789 3640 1833 ;

2062 1867 2120 1913 et
2159 1858 2275 1914 ιιωο
2318 1858 2495 1915 ciuilia
2517 1899 2538 1926 ,
2580 1875 2711 1915 cum
2745 1875 2851 1915 non
2876 1869 3037 1916 antea
3064 1872 3266 1917 essent.
3287 1860 3525 1924 Rursus,
3557 1860 3646 1916 dic

2062 1949 2218 2010 mihi,
2248 1950 2520 2020 quomodo
2550 1960 2833 2020 postquam
2858 1950 2995 2007 facta
3039 1960 3166 2006 sunt
3203 1959 3475 2007 steterunt
3500 1960 3557 2008 et
3589 1953 3643 2006 in

2063 2041 2211 2111 quo?
2256 2041 2396 2110 quod
2430 2040 2631 2097 habent
2665 2041 2933 2107 fulcrum,
2978 2041 3248 2114 quodnam
3290 2043 3475 2098 terra?
3516 2044 3644 2112 quid

2066 2142 2187 2202 post
2213 2133 2455 2188 terram?
2484 2142 2539 2186 et
2562 2142 2685 2203 post
2709 2132 2839 2188 illud
2867 2147 3079 2187 rursum
3121 2132 3282 2211 quod.
3300 2142 3420 2203 post
3447 2144 3641 2189 terram

2063 2233 2179 2286 est,
2232 2221 2405 2292 quid?
2456 2221 2619 2277 Vides
2670 2224 2722 2277 in
2768 2231 3025 2293 quantam
3066 2222 3388 2293 vertiginem
3431 2223 3646 2278 decidat

2068 2314 2263 2368 tuentis
2291 2324 2394 2368 ιιιςιε
2420 2315 2629 2380 oculus,
2662 2314 2765 2369 nisi
2794 2314 2974 2369 statim
3007 2313 3074 2370 ad
3111 2314 3272 2369 fidem
3314 2329 3565 2370 accurras
3591 2325 3665 2369 et.

2065 2406 2129 2460 ad
2159 2406 2752 2476 incomprehensibilem
2784 2407 3056 2478 operantis
3098 2407 3351 2463 virtutem
3374 2407 3399 2461 ?
3424 2405 3480 2463 Si
3512 2407 3644 2461 velis

2066 2508 2241 2554 autem
2272 2500 2432 2554 etiam
2459 2515 2526 2554 ex
2557 2499 2812 2554 humanis
2839 2499 3201 2570 conjecturam
3233 2498 3436 2567 facere,
3462 2499 3649 2570 paula-

2066 2591 2161 2645 tim
2206 2592 2407 2659 potcris
2455 2601 2688 2645 mentem
2738 2599 2885 2645 tuam
2934 2605 3035 2647 ceu
3081 2591 3180 2645 alis
3224 2591 3509 2646 instruere.
3562 2590 3640 2645 Ex

2065 2684 2278 2754 quibus,
2311 2684 2541 2751 inquies,
2590 2682 2877 2738 humanis?
2903 2683 3018 2738 Non
3066 2683 3217 2738 vides
3259 2683 3467 2753 figulus,
3508 2698 3643 2752 quo-

2068 2777 2226 2830 modo
2253 2776 2474 2829 fractum
2524 2783 2579 2828 ct
2626 2775 2743 2829 siue
2767 2773 2939 2828 forma
2970 2773 3168 2828 factum
3221 2788 3315 2827 vas
3345 2771 3644 2842 efﬁngunt?

2066 2883 2162 2924 eos
2199 2868 2288 2938 qui
2321 2866 2638 2922 tuetallicam
2668 2879 2865 2921 terram
2894 2866 3121 2935 fodiunt,
3152 2865 3419 2937 quomodo
3446 2874 3638 2920 terram

2066 2975 2255 3015 aurum
2299 2974 2419 3014 es<e
2465 2967 2879 3025 monstrent,et
2922 2958 3118 3015 ferrum
3147 2968 3309 3029 atque
3346 2973 3422 3012 aes
3460 2972 3643 3011 rursus

2063 3051 2221 3107 alia?
2272 3050 2363 3120 qui
2406 3050 2601 3104 vitrum
2646 3050 2971 3118 conficiunt,
3021 3050 3291 3120 quomodo
3332 3066 3549 3104 arenam
3588 3049 3643 3104 iu

2062 3156 2261 3212 corpus
2285 3140 2515 3196 solidum
2543 3151 2596 3195 et
2612 3141 2934 3211 pellucidum
2958 3140 3371 3197 transformcnt?
3392 3142 3643 3198 Dicamne

2064 3237 2342 3301 eoriarios,
2374 3249 2467 3289 eos
2495 3234 2585 3306 qui
2615 3250 2881 3305 purpurea
2913 3236 3225 3292 vestimenta
3248 3235 3485 3305 tingunt,
3507 3249 3647 3304 quoa

2066 3328 2226 3384 modo
2264 3326 2395 3381 illud
2438 3326 2581 3397 quod
2633 3328 2919 3382 tiucturam
2970 3330 3180 3397 excepit
3211 3327 3354 3383 aliud
3402 3342 3501 3397 pro
3538 3326 3644 3381 alio

2067 3419 2374 3473 monstret?
2432 3418 2677 3473 dicamne
2714 3420 3111 3489 generationem
3158 3421 3437 3473 nostram?
3469 3434 3643 3471 nonne

2068 3509 2333 3564 modicum
2374 3524 2561 3564 semen
2590 3508 2823 3564 informe
2865 3519 2921 3563 et
2958 3509 3076 3565 sine
3102 3508 3267 3578 figura
3294 3509 3346 3562 iu
3374 3508 3643 3575 excipien-

2069 3610 2177 3653 tem
2228 3600 2435 3652 γιιινειιη
2492 3599 2828 3668 ingreditur?
2855 3598 2996 3655 unde
3042 3614 3173 3669 ergo
3218 3608 3361 3653 tanta
3401 3598 3645 3654 animalis

2069 3690 2408 3747 elfortuatio?
2434 3688 2571 3756 Quid
2615 3704 2746 3744 vero
2790 3689 3160 3744 frumentum?
3209 3704 3386 3744 nonne
3421 3704 3642 3760 granum

2070 3781 2269 3836 nudum
2290 3780 2340 3833 iu
2375 3789 2568 3834 terram
2592 3778 3055 3849 injicitur?nouue
3084 3790 3361 3851 postquam
3390 3780 3642 3851 injectum

2070 3884 2154 3929 est
2206 3872 2502 3943 putrescit?
2553 3871 2694 3927 unde
2749 3872 2945 3944 spicae.
3023 3873 3202 3929 arista:
3245 3913 3260 3937 ,
3340 3874 3530 3929 calami
3593 3885 3648 3929 et

2069 3974 2263 4021 caetera
2291 3963 2514 4017 omnia?
2540 3980 2719 4020 nonne
2749 3980 2967 4033 parvum
2998 3963 3083 4021 fici
3132 3981 3357 4036 granum
3410 3981 3555 4035 sazpe
3590 3967 3645 4019 in

2072 4069 2267 4113 terram
2292 4056 2510 4122 cadens,
2542 4065 2600 4112 et
2625 4057 2856 4112 radicem
2879 4065 2933 4111 et
2961 4072 3137 4112 ramos
3164 4069 3217 4114 et
3243 4057 3470 4113 fructum
3496 4058 3649 4112 tulit?

2071 4152 2213 4207 Sane
2274 4151 2691 4223 unumquodque
2753 4150 2944 4205 horum
2993 4150 3230 4205 admittis
3284 4167 3385 4207 nec
3435 4150 3649 4206 curiose

2072 4243 2322 4313 inquiris,
2371 4258 2400 4296 a
2453 4244 2561 4298 Deo
2590 4252 2767 4298 autem
2814 4243 2929 4296 solo
2978 4250 3217 4296 nostrum
3253 4257 3444 4310 corpus
3475 4250 3649 4295 trans—

2082 4334 2353 4388 formante
2402 4332 2639 4387 rationes
2682 4331 2888 4401 exigis?
2932 4341 2987 4385 ct
3035 4330 3303 4398 quomodo
3351 4330 3466 4384 lucc
3498 4332 3649 4385 venia

2074 4424 2235 4494 digna
2265 4423 2507 4477 fuerint?

2146 4513 2199 4568 5.
2241 4510 2364 4567 [hcc
2391 4521 2449 4567 et
2478 4512 2598 4565 talia
2626 4510 2824 4577 Graecis
2862 4510 3100 4565 dicamus
3132 4529 3145 4565 :
3184 4526 3304 4566 nam
3340 4510 3477 4581 apud
3518 4526 3610 4566 eos
3637 4547 3650 4569 ι

2075 4604 2166 4674 qui
2191 4604 2479 4672 Scripturis
2501 4604 2887 4673 obsequuntur,
2917 4620 2981 4656 ne
3005 4618 3252 4657 sermone
3279 4603 3495 4673 quidem
3518 4617 3655 4672 opus

2077 4705 2161 4750 est
2183 4695 2334 4749 mihi.
2380 4693 2436 4749 Si
2464 4696 2605 4748 cnim
2636 4694 2777 4749 illius
2802 4694 2979 4770 omnia
3009 4696 3218 4748 curiose
3248 4694 3473 4750 scrutari
3499 4695 3652 4758 velis,

2076 4786 2200 4856 quid
2238 4785 2353 4855 plus
2394 4785 2609 4841 habebit
2645 4786 2782 4840 Deus
2820 4800 2978 4854 quam
3024 4784 3311 4840 homines?
3334 4801 3655 4856 quamquam

2081 4894 2179 4933 nec
2203 4878 2271 4932 dc
2292 4877 2472 4932 multis
2493 4879 2704 4947 quidem
2723 4877 3022 4932 hominibus
3048 4879 3257 4935 curiose
3282 4879 3654 4949 perquirimus.

2079 4967 2230 5037 Quod
2259 4967 2303 5020 si
2329 4969 2381 5020 in
2410 4966 2711 5020 hominibus
2734 4968 2834 5021 hoc
2853 4967 3092 5031 facimus,
3120 4983 3219 5022 nec
3248 4969 3457 5022 curiose
3486 4969 3663 5036 inqui-

2081 5060 2283 5122 rimus;
2314 5059 2480 5112 multo
2508 5059 2682 5111 minus
2716 5057 2805 5113 Dei
2834 5060 3149 5129 sapientiam
3179 5061 3402 5114 scrutari
3425 5068 3660 5130 oportet,

2081 5150 2164 5203 vel
2194 5148 2428 5202 rationes
2450 5146 2517 5199 ab
2543 5146 2629 5200 illa
2653 5159 2923 5216 expetere.
2949 5149 3127 5202 Primo
3150 5149 3383 5218 quidem,
3408 5151 3529 5220 quia
3559 5150 3664 5205 fide

2082 5240 2273 5310 dignus
2309 5247 2391 5296 est
2439 5238 2484 5292 is
2529 5238 2617 5307 qui
2664 5240 3054 5308 pronuntiavit;
3100 5240 3368 5308 secundo,
3419 5243 3540 5312 quia
3573 5259 3660 5297 res

2086 5332 2214 5400 ipsa:
2254 5330 2655 5384 ratiociniorum
2696 5331 3167 5400 perscrutationem
3208 5349 3313 5387 non
3355 5333 3663 5388 admittunt.

2086 5422 2200 5476 Non
2232 5421 2374 5475 enim
2403 5421 2539 5475 adeo
2565 5436 2762 5491 egenus
2783 5433 2864 5475 cst
2901 5422 3066 5480 Deus.
3098 5432 3152 5476 ut
3180 5440 3239 5477 ea
3273 5426 3442 5478 solum
3475 5438 3665 5489 opere-

2091 5523 2194 5577 tur,
2234 5529 2354 5580 quzc
2386 5513 2787 5567 ratiociniurum
2820 5524 3026 5568 tuorutu
3059 5517 3417 5571 unbcrillitute
3447 5524 3672 5580 possunt

2088 5604 2488 5676 comprehendi.
2518 5606 2573 5660 Si
2604 5606 2745 5661 enim
2777 5606 2908 5662 fabri
2938 5624 3072 5678 opus
3100 5625 3204 5663 non
3233 5604 3660 5673 comprehendis,

2091 5696 2259 5751 multo
2282 5696 2455 5750 minus
2478 5697 2567 5751 Dei
2592 5698 3016 5766 praestantissimi
3040 5698 3277 5753 artificis.
3308 5695 3383 5747 Ne
3405 5692 3561 5742 fidem
3586 5710 3674 5749 ere

2092 5804 2158 5857 ευ
2207 5789 2407 5859 negetis
2432 5789 2803 5844 rcsurrcctioni
2836 5808 2846 5843 :
2880 5805 2998 5843 nam
3032 5806 3057 5844 ξι
3083 5805 3176 5859 spe
3204 5786 3503 5840 futurorum
3524 5781 3678 5849 longe
