3986 6202
348 259 460 323 ιω
529 292 531 295 ·

352 379 592 438 aberitis.
623 383 727 438 Sed
753 399 994 453 quamam
1032 393 1111 437 est
1141 382 1398 452 sapientia
1426 378 1928 443 contradicentinm,

351 473 463 528 imo
484 474 671 545 ingens
694 475 959 530 stultitia?
986 474 1051 529 Et
1078 474 1371 546 quomodo,
1408 472 1656 543 inquiunt
1676 513 1690 535 ,
1719 468 1933 540 quando

351 577 546 634 corpus
575 574 731 620 terra:
763 565 1110 620 commixtum
1139 574 1224 618 est
1248 574 1302 619 et
1331 567 1526 619 factum
1554 571 1636 617 est
1661 571 1800 616 terra
1819 603 1835 627 ,
1877 569 1932 614 et

353 657 469 711 hare
502 671 713 712 rursum
754 659 860 712 alio
887 658 1141 712 translata
1164 657 1358 722 fuerit,
1385 665 1628 727 resurget
1656 665 1832 710 tamen
1864 655 1930 708 ιι-

347 746 484 802 lud?
515 747 627 803 lloc
654 749 746 803 tibi
773 749 994 805 dubium
1019 749 1229 804 videtur
1256 763 1375 804 esse
1393 790 1410 815 ,
1442 747 1536 803 sed
1568 763 1674 801 non
1703 746 1929 800 insomni

340 836 422 891 Illi
449 839 608 892 oculo
651 857 666 895 :
715 840 814 910 ipsi
855 841 1000 896 enim
1041 839 1320 894 manifesta
1357 839 1533 894 omnia
1580 849 1723 892 sunt.
1772 837 1835 890 Et
1875 847 1928 889 tu

343 931 560 1000 quidem
587 947 693 989 non
723 933 874 988 vides
905 933 1223 989 divisionem
1242 950 1364 1003 qua:
1388 942 1470 988 est
1498 934 1550 987 in
1577 932 1926 996 confusione;

346 1021 440 1076 illo
463 1037 590 1078 vero
619 1023 795 1077 omnia
825 1024 1007 1078 novit:
1040 1023 1467 1093 quandoquidem
1514 1031 1567 1076 tu
1601 1023 1813 1092 ignoras
1840 1021 1928 1075 illa

343 1128 464 1181 qua:
515 1115 567 1168 in
594 1113 756 1168 corde
784 1115 1009 1183 proximi
1050 1123 1207 1177 sunt;
1242 1114 1329 1168 ille
1375 1127 1502 1167 vero
1543 1113 1720 1166 omnia
1758 1111 1923 1166 novit.

348 1203 404 1256 Si
436 1219 585 1274 ergo,
613 1205 735 1274 quia
765 1206 980 1275 ignoras
1011 1205 1280 1276 quomodo
1303 1206 1582 1258 resuscitat
1624 1205 1782 1268 Deus,
1819 1218 1927 1257 non

344 1293 522 1348 credis
555 1294 696 1365 quod
728 1297 1046 1363 resuscitat,
1081 1311 1185 1351 n0n
1225 1295 1412 1351 credes
1457 1296 1616 1349 etiam
1641 1335 1657 1360 ,
1689 1293 1831 1364 quod
1863 1309 1927 1349 ea

343 1399 464 1453 qua:
503 1385 555 1439 iu
585 1396 764 1442 mente
791 1398 916 1441 sunt
945 1396 1164 1442 noscat:
1190 1404 1312 1442 nam
1342 1403 1516 1458 neque
1535 1388 1620 1442 illa
1643 1397 1922 1457 apparent.

341 1475 504 1545 Atqui
535 1475 588 1530 in
628 1490 855 1546 corpore
896 1480 1116 1533 materia
1157 1479 1374 1548 quidem
1419 1491 1499 1534 est
1529 1478 1783 1541 visibilis,
1823 1478 1925 1534 etsi

342 1564 708 1631 dissolvatur;
757 1567 864 1621 illa:
891 1583 1020 1622 vero
1059 1569 1408 1638 cogitationes
1447 1569 1741 1624 invisibiles
1779 1578 1922 1623 sunt.

342 1657 443 1721 Qui
471 1672 600 1727 ergo
626 1658 906 1713 invisibilia
933 1675 1053 1713 cum
1078 1660 1222 1712 omni
1248 1661 1587 1714 accuratione
1611 1661 1777 1725 novit,
1801 1661 1926 1715 visi-

338 1743 466 1799 bilia
492 1761 596 1800 non
626 1747 844 1813 videbit,
872 1763 970 1804 nec
1005 1748 1162 1804 facile
1187 1765 1383 1819 corpus
1420 1751 1657 1805 dividet?
1688 1753 1780 1805 Est
1805 1752 1922 1805 cui-

338 1837 421 1892 vis
443 1839 804 1908 perspicuum.
831 1839 909 1895 Ne
937 1841 1098 1911 igitur
1119 1844 1500 1898 resurrectioni
1531 1842 1688 1897 iidem
1718 1859 1880 1914 neges
1905 1861 1919 1897 :

336 1939 422 1984 est
448 1931 646 2000 quippe
691 1931 883 2003 dogma
920 1933 1267 1992 diabolicum.
1313 1935 1424 1988 lloc
1460 1934 1710 1988 diabolus
1735 1945 1921 2003 curat,

336 2037 442 2076 non
461 2022 620 2076 modo
641 2031 698 2078 ιιι
718 2026 1094 2080 resurrectioni
1120 2042 1227 2080 non
1249 2026 1515 2090 credatur,
1537 2028 1629 2083 sed
1650 2036 1705 2082 et
1724 2038 1779 2082 ut
1809 2029 1919 2083 viro

337 2116 466 2172 tutis
488 2132 652 2186 opera
692 2119 1054 2173 dissolvantur
1081 2128 1137 2174 et
1165 2129 1405 2189 pereant.
1448 2119 1620 2175 llomo
1656 2121 1798 2174 enim
1829 2121 1920 2190 qui

337 2224 444 2265 non
471 2217 747 2278 exspectat
771 2224 834 2264 se
876 2219 1338 2273 resurrecturum,
1372 2220 1424 2264 et
1451 2225 1671 2280 operum
1703 2227 1919 2267 suorum

339 2301 599 2355 rationem
627 2300 986 2364 redditurum,
1011 2318 1116 2356 non
1153 2303 1260 2357 cito
1288 2303 1538 2358 virtutem
1567 2303 1770 2370 adibit;
1814 2306 1921 2361 vir-

337 2392 436 2446 tuti
465 2407 592 2447 vero
637 2407 743 2447 non
791 2394 926 2448 dans
970 2409 1229 2464 operam,
1267 2409 1452 2450 rursus
1493 2412 1598 2451 non
1647 2397 1828 2453 credet
1855 2415 1916 2455 se

334 2492 760 2538 resurrecturum
792 2502 805 2537 :
837 2484 996 2539 ambo
1035 2485 1179 2540 enim
1224 2486 1450 2540 alterum
1478 2486 1546 2542 ab
1579 2488 1748 2543 altero
1792 2505 1916 2559 pro-

335 2572 550 2638 bantur,
581 2574 815 2644 nequitia
853 2573 921 2629 ab
947 2575 1354 2642 incredulitate,
1395 2587 1448 2631 et
1495 2578 1839 2635 incredulitas
1886 2596 1916 2636 ει

333 2664 589 2733 nequitia.
613 2665 948 2720 Conscientia
965 2668 1107 2721 enim
1140 2668 1320 2723 multis
1351 2669 1506 2738 plena
1525 2671 1704 2737 malis,
1725 2673 1918 2728 timens

329 2773 397 2812 ac
427 2767 662 2814 tremens
679 2756 911 2813 futuram
941 2760 1223 2827 ultionem,
1256 2761 1377 2830 quia
1408 2777 1514 2816 non
1541 2763 1654 2816 vult
1682 2779 1710 2816 a
1741 2775 1920 2818 muta-

333 2851 480 2904 tione
503 2851 570 2904 ad
593 2851 818 2906 meliora
843 2852 1265 2908 consolationem
1293 2855 1527 2923 assequi,
1553 2855 1621 2910 ab
1663 2857 1911 2912 incredu-

337 2939 486 2993 litate
530 2941 642 2994 vult
687 2941 920 3009 quietem
956 2942 1200 3012 adipisci.
1230 2943 1306 2998 'l‘e
1347 2945 1489 2998 enim
1536 2961 1634 3000 nec
1675 2962 1916 3004 resurre-

331 3032 528 3087 tionem
556 3031 766 3089 dicente
793 3050 891 3090 nec
918 3035 1197 3106 judicium,
1219 3035 1308 3090 ille
1329 3052 1539 3106 quoque
1562 3038 1698 3094 dicet
1723 3057 1737 3092 :
1771 3039 1912 3112 Ergo

330 3138 504 3193 neque
530 3139 629 3194 ego
660 3125 924 3180 scelerum
968 3127 1231 3181 rationem
1266 3127 1427 3182 dabo.
1465 3127 1568 3184 Sed
1614 3131 1738 3198 quid
1783 3132 1914 3187 dicit

326 3213 613 3269 Christus:
648 3215 862 3282 Erratis,
913 3219 1187 3272 nescientes
1217 3217 1514 3289 Scripturas
1552 3237 1710 3292 neque
1753 3226 1912 3277 uirtu-

328 3314 426 3358 tem
457 3305 548 3359 Dei
576 3305 787 3377 (.llattlt.
814 3306 903 3360 22.
928 3307 1042 3376 29).
1066 3307 1245 3378 Neque
1270 3311 1414 3363 enim
1445 3319 1550 3365 tam
1576 3313 1737 3368 multa
1768 3314 1910 3370 Deus

328 3407 472 3453 esset
499 3409 772 3469 operatus,
803 3401 903 3454 nisi
929 3415 1027 3455 nos
1048 3404 1462 3457 resnscitaturus
1486 3413 1649 3468 esset,
1676 3407 1769 3460 sed
1798 3406 1910 3461 dis-

325 3491 595 3546 solulurus
631 3502 686 3547 et
714 3493 766 3546 in
799 3493 1022 3548 nihilum
1051 3493 1364 3549 redacturus
1392 3511 1404 3548 :
1429 3511 1535 3549 non
1567 3507 1766 3552 tantum
1795 3514 1903 3554 ca:-

324 3583 431 3638 lum
457 3584 811 3647 extendissct,
836 3601 942 3639 non
969 3594 1167 3639 terram
1210 3587 1488 3642 stravisset
1513 3628 1527 3650 ,
1561 3604 1663 3642 non
1713 3600 1903 3646 ca-tcra

323 3674 500 3728 omnia
533 3689 629 3744 pro
660 3675 760 3728 hac
804 3676 976 3729 solum
1023 3676 1170 3731 brevi
1201 3680 1302 3731 vita
1352 3679 1584 3734 fecisset.
1622 3682 1677 3736 Si
1725 3693 1902 3738 autem

325 3763 439 3819 bare
467 3763 592 3818 fecit
624 3780 719 3834 pro
746 3767 1017 3834 praesenti,
1047 3767 1174 3835 quid
1202 3783 1305 3822 non
1349 3768 1509 3824 faciet
1558 3786 1654 3838 pro
1685 3773 1903 3829 futura?

322 3856 377 3910 Si
408 3872 535 3910 vero
565 3857 711 3911 nulla
761 3858 831 3911 sit
871 3857 1068 3924 futura,
1130 3859 1193 3913 iis
1217 3901 1232 3926 ,
1265 3878 1384 3930 qua:
1434 3878 1529 3929 pro
1570 3865 1722 3919 nobis
1763 3867 1899 3920 facta

321 3957 462 4010 sunt,
489 3949 644 4017 longe
669 3966 854 4005 sumus
877 3951 1114 4005 viliores.
1147 3951 1275 4005 Nam
1303 3953 1514 4019 caelum,
1552 3965 1723 4021 terra,
1755 3974 1899 4014 mare

321 4051 377 4094 et
419 4039 637 4095 flumina
667 4053 794 4096 sunt
817 4043 970 4097 nobis
995 4044 1288 4108 stabiliora,
1323 4060 1530 4101 necnon
1567 4047 1718 4102 bruta
1748 4066 1896 4117 qua:-

319 4133 442 4186 dam
469 4151 482 4186 :
515 4149 637 4188 nam
663 4144 712 4189 et
734 4135 918 4189 cornix
939 4146 993 4190 et
1013 4136 1414 4205 elephantorum
1437 4154 1625 4208 genus,
1653 4151 1705 4194 et
1734 4144 1894 4198 multa

315 4226 418 4281 alia
448 4227 778 4283 diuturniore
799 4230 906 4284 vita
955 4231 1204 4299 praesenti
1246 4230 1508 4286 fruuntur.
1541 4231 1703 4288 Nobis
1734 4234 1892 4291 etiam

315 4328 370 4373 et
396 4319 569 4375 brevis
597 4332 652 4376 et
677 4323 939 4376 laboriosa
987 4334 1068 4376 est
1098 4325 1236 4386 vita;
1287 4324 1380 4378 sed
1423 4339 1528 4379 non
1586 4327 1726 4382 illis:
1771 4343 1890 4383 nam

317 4413 470 4482 longa
508 4430 696 4468 eorum
729 4418 831 4469 vita
864 4426 980 4481 est,
1032 4432 1095 4472 ac
1136 4417 1456 4474 maeroribus
1494 4419 1743 4489 curisque
1793 4438 1890 4475 va-

312 4519 434 4559 cua.
461 4505 596 4570 Quid
635 4521 762 4576 ergo
781 4549 797 4572 ,
824 4507 911 4561 die
938 4509 1068 4561 mihi
1087 4550 1104 4575 ,
1134 4524 1394 4564 servosne
1421 4511 1660 4564 melioris
1698 4513 1888 4567 condi-

315 4596 476 4649 tionis
506 4595 625 4650 fecit
655 4613 810 4666 quam
854 4598 1140 4654 dominos?
1166 4599 1263 4666 Ne,
1285 4614 1488 4669 quzeso,
1523 4615 1590 4654 ne
1621 4602 1741 4655 talia
1772 4605 1887 4657 exi-

312 4685 541 4740 stimes:
601 4701 771 4756 neque
819 4688 892 4741 sis
941 4697 1118 4743 mente
1170 4689 1363 4758 inops,
1415 4704 1450 4743 o
1509 4689 1703 4754 homo,
1757 4707 1889 4747 neve

310 4777 521 4846 ignores
550 4777 760 4833 divitias
790 4780 922 4844 Dei,
971 4795 1092 4834 cum
1124 4781 1281 4835 talem
1330 4780 1526 4836 habeas
1580 4783 1882 4839 Dominum.

309 4865 442 4921 Nam
469 4869 537 4922 ab
565 4868 714 4924 initio
747 4872 886 4924 Dens
911 4881 960 4926 te
982 4871 1336 4927 immortalem
1359 4871 1537 4928 facere
1563 4874 1722 4929 voluit
1747 4893 1762 4933 :
1790 4875 1884 4930 sed

314 4968 371 5010 tu
403 4960 636 5014 noluisti.
670 4961 1090 5017 immortalitatis
1115 4963 1256 5017 enim
1282 4963 1564 5034 :enigmala
1595 4976 1746 5019 erant
1772 4966 1880 5033 illa,

306 5049 630 5118 colloquium
658 5067 777 5107 cum
826 5054 935 5108 Deo
959 5096 974 5119 ,
1007 5054 1113 5108 vita
1148 5069 1255 5108 non
1307 5053 1608 5122 laboriosa,
1659 5056 1880 5111 liberum

303 5154 427 5194 esse
445 5156 476 5194 a
503 5141 721 5208 dolore,
755 5160 883 5198 cura
911 5156 1072 5216 atque
1102 5146 1373 5202 laboribus
1398 5147 1625 5216 aliisque
1669 5155 1878 5217 tempo-

305 5234 504 5288 raucis.
534 5233 719 5305 Neque
756 5238 897 5290 enim
938 5248 1085 5293 veste
1113 5255 1249 5308 opus
1279 5240 1507 5294 habebat
1534 5241 1701 5294 Adam
1724 5283 1737 5306 ,
1773 5257 1876 5297 non

301 5335 466 5392 tecto,
496 5341 600 5381 non
621 5328 728 5383 alio
753 5331 942 5397 quovis
972 5331 1132 5385 simili
1152 5344 1438 5401 apparatu;
1469 5333 1561 5388 sed
1591 5334 1757 5404 magis
1781 5349 1868 5389 an-

299 5421 434 5488 gelis
473 5420 662 5475 similis
696 5430 845 5486 erat,
899 5423 1063 5477 multa
1093 5423 1388 5478 futurorum
1431 5426 1783 5494 prtesciebat,
1824 5437 1879 5481 et

300 5513 558 5580 sapientia
604 5525 719 5569 erat
749 5515 911 5570 multa
943 5516 1152 5586 plenus.
1191 5516 1254 5571 Et
1283 5517 1422 5587 quod
1468 5518 1694 5574 latenter
1740 5520 1876 5575 Deus

300 5601 423 5658 fecit
448 5646 461 5667 ,
494 5605 543 5658 id
574 5606 660 5661 ille
683 5609 963 5676 cognovit,
996 5607 1139 5662 circa
1163 5607 1438 5662 mulierem
1482 5609 1722 5673 scilicet;
1756 5608 1876 5664 ideo

295 5693 502 5751 dicebat
528 5715 539 5749 :
578 5697 686 5754 Hoc
716 5717 848 5755 nunc
878 5717 933 5756 os
954 5714 1015 5755 ex
1044 5699 1235 5756 ossibus
1263 5701 1403 5770 meis,
1429 5710 1471 5754 et
1500 5715 1617 5753 caro
1639 5717 1700 5754 ea:
1722 5716 1872 5754 carm:

1026 271 1082 327 S.
1121 266 1396 324 JOANNIS
1430 261 1905 322 CHRYSOSTUMI
1945 257 2259 319 ABCﬂIEP.
2301 263 2828 322 CONSTANTINOP.

3524 271 3624 328 ιιι

2046 393 2158 430 utea
2186 377 2338 448 (Gen.
2370 381 2425 436 Ξ.
2453 380 2570 450 25).
2627 381 2801 437 Labor
2856 391 3033 438 autem
3084 393 3264 453 postea
3308 393 3458 442 ortus
3503 401 3620 452 est,

2039 465 2233 523 deinde
2249 469 2434 534 sudor,
2456 484 2637 540 postea
2661 473 2832 542 pudor
2852 485 2906 528 et
2933 475 3093 529 timor
3113 484 3167 529 et
3189 475 3352 531 libere
3370 477 3622 546 loquendi

2037 557 2324 616 difficultas
2358 579 2372 614 :
2422 571 2548 618 tunc
2572 565 2715 618 enim
2768 581 2871 620 non
2905 580 3124 631 maeror,
3151 583 3256 622 non
3283 569 3458 637 dolor,
3515 587 3622 628 non

2040 649 2289 718 gemitus.
2321 650 2426 708 Sed
2456 654 2507 708 in
2537 654 2794 722 dignitate
2823 657 2913 711 illa
2946 673 3051 711 non
3080 659 3297 714 mansit.

2109 740 2162 793 4.
2193 741 2331 808 Quid
2379 758 2540 814 ergo,
2600 747 2841 814 inquies,
2875 747 3064 802 faciam
3093 749 3234 820 ego?
3285 761 3508 823 propter
3558 757 3622 808 il-

2039 830 2219 888 lumne
2248 837 2498 904 peream?
2522 835 2637 891 Non
2662 852 2791 893 sane
2814 849 3031 908 pr0pter
3055 841 3202 895 illum
3233 858 3248 896 :
3281 858 3454 914 neque
3474 847 3618 900 enim

2037 933 2092 977 tu
2124 925 2240 979 sine
2288 936 2508 996 peccato
2550 930 2941 994 mansisti,sed
2974 932 3182 987 etiamsi
3235 951 3340 989 non
3384 937 3616 1005 idipsuin

2037 1025 2313 1084 peccatum
2338 1057 2352 1081 ,
2383 1017 2526 1072 aliud
2557 1020 2741 1089 utique
2769 1021 3052 1076 admisisti.
3083 1023 3332 1094 Alioquin
3381 1035 3560 1082 autem
3587 1047 3617 1082 a

2037 1105 2312 1172 punitione
2342 1122 2446 1162 non
2478 1109 2732 1164 damnum
2764 1113 3056 1180 accepisti,
3112 1114 3204 1169 sed
3253 1116 3492 1173 lucratus
3531 1136 3613 1175 es.

2032 1193 2163 1248 Nam
2191 1197 2235 1250 si
2264 1197 2544 1254 debuisses
2568 1216 2782 1269 semper
2809 1203 3050 1257 mortalis
3083 1221 3300 1262 manere
3320 1249 3333 1271 ,
3380 1209 3614 1280 aliquam

2033 1285 2170 1341 forte
2197 1289 2457 1344 rationem
2491 1290 2713 1346 haberet
2737 1292 2788 1346 id
2805 1293 2946 1362 quod
2973 1293 3171 1348 dictum
3199 1306 3282 1350 est
3306 1317 3319 1352 :
3349 1314 3490 1354 nunc
3513 1318 3614 1355 au-

2035 1385 2140 1430 tem
2173 1379 2486 1434 immortalis
2515 1396 2596 1447 es,
2647 1383 2764 1435 etsi
2798 1384 2930 1437 velis
2956 1424 2970 1448 ,
3023 1385 3140 1453 plus
3182 1402 3339 1452 quam
3367 1391 3446 1444 sol
3500 1392 3615 1461 ipse

2031 1468 2312 1536 splendere
2339 1471 2561 1538 poteris.
2607 1472 2713 1526 Sed
2741 1474 2841 1527 nisi
2870 1477 3098 1530 mortale
3125 1493 3321 1547 corpus
3367 1485 3612 1551 accepis-

2030 1575 2166 1622 sem,
2201 1562 2409 1632 inquies
2432 1604 2446 1626 ,
2482 1578 2586 1617 non
2629 1579 2957 1634 peccassem.
2989 1568 3125 1633 Quid
3154 1584 3317 1640 ergo,
3362 1586 3431 1626 an
3481 1575 3572 1630 ille
3595 1618 3610 1640 ,

2029 1667 2245 1719 quaeso,
2301 1655 2528 1710 mortale
2579 1671 2777 1725 corpus
2821 1657 3024 1713 habens
3079 1663 3362 1731 peccavit?
3404 1664 3613 1734 Nequa-

2028 1757 2186 1809 quam
2221 1761 2233 1796 :
2264 1760 2389 1799 nam
2417 1746 2461 1799 si
2493 1748 2722 1802 mortale
2753 1748 2968 1814 fui-sset,
3007 1767 3111 1806 non
3156 1763 3336 1822 postea
3365 1758 3611 1825 supplicii

2029 1832 2147 1888 Inoo
2185 1847 2412 1890 mortem
2468 1853 2681 1904 passum
2734 1849 2898 1896 esset.
2949 1843 3102 1911 Quod
3153 1854 3331 1900 autem
3388 1851 3612 1904 mortale

2027 1938 2223 1992 corpus
2251 1940 2356 1978 non
2389 1927 2459 1980 sit
2506 1927 2945 1997 impedimentum
2986 1933 3052 1986 ad
3087 1934 3368 2003 virtutem,
3419 1940 3515 1994 sed
3558 1951 3613 1996 et

2028 2024 2413 2084 temperantem
2445 2020 2632 2075 reddat
2651 2032 2704 2076 et
2731 2023 2954 2078 multtnn
2981 2027 3242 2095 conferat,
3277 2029 3403 2086 hinc
3434 2033 3608 2100 palam

2025 2117 2127 2162 est.
2157 2108 2215 2163 Si
2240 2111 2381 2163 enim
2428 2111 2840 2170 immortalitatis
2889 2121 3223 2186 exspectatio
3251 2123 3426 2179 solum
3470 2128 3610 2179 Ada-

2026 2217 2170 2256 mom
2199 2211 2401 2258 tantum
2426 2207 2642 2271 extulit;
2676 2208 2719 2262 si
2743 2225 2928 2265 revera
2957 2213 3271 2270 immortalis
3299 2220 3606 2283 mansisset.

2026 2294 2078 2347 in
2106 2306 2356 2363 quantam
2387 2301 2748 2368 arrogantiam
2783 2318 2889 2358 non
2939 2309 3326 2375 processisset?
3359 2313 3424 2368 Et
3467 2329 3610 2369 nunc

2022 2390 2235 2457 quidem
2267 2401 2384 2458 post
2415 2404 2692 2461 peccannn
2723 2407 2876 2465 potes
2909 2411 3122 2467 peccata
3176 2403 3389 2460 solvere
3413 2447 3429 2471 ,
3485 2423 3606 2462 cum

2020 2496 2215 2550 corpus
2235 2483 2305 2537 sit
2325 2484 2544 2550 humile,
2567 2485 2835 2557 abiectum
2857 2498 2910 2544 et
2929 2490 3281 2559 dissolutum;
3308 2495 3390 2550 ba:
3411 2502 3608 2567 quippe

2019 2573 2368 2642 cogitationes
2394 2585 2615 2644 possunt
2643 2583 3032 2648 temperantem
3062 2582 3287 2638 reddere
3311 2603 3324 2638 :
3349 2585 3394 2639 si
3425 2598 3604 2643 autem

2022 2678 2297 2732 peccasses
2339 2663 2391 2718 in
2440 2665 2762 2730 immortali,
2793 2670 3066 2724 stabiliora
3109 2671 3335 2728 fortasse
3381 2676 3605 2731 fuissent

2021 2766 2271 2825 peceata,
2283 2756 2399 2811 Non
2429 2772 2558 2829 ergo
2587 2761 2830 2814 mortalis
2860 2771 3047 2815 natura
3079 2779 3240 2817 causa
3268 2767 3470 2833 peccati
3498 2778 3601 2832 est,

2019 2861 2086 2900 ne
2110 2861 2360 2913 accuses;
2387 2848 2483 2901 sed
2513 2848 2707 2902 malum
2732 2849 3017 2904 voluntatis
3045 2854 3378 2921 pr0positum
3403 2867 3487 2911 est
3514 2874 3571 2912 ra
3590 2888 3603 2899 -

2016 2937 2103 2991 dix
2157 2939 2440 2992 malorum.
2469 2941 2578 2994 Cur
2605 2939 2749 2995 enim
2800 2940 3019 2996 Abelem
3048 2957 3245 3012 corpus
3285 2962 3390 3000 non
3424 2947 3558 3003 laesit
3581 2953 3605 3002 ?

2018 3043 2111 3082 cur
2132 3027 2263 3082 nihil
2289 3028 2485 3098 profuit
2509 3030 2862 3096 daemonibus,
2891 3033 3031 3102 quod
3059 3045 3238 3090 essent
3259 3037 3603 3107 incorporei?

2017 3120 2109 3175 Vis
2139 3123 2277 3176 scire
2305 3122 2574 3192 quomodo
2603 3138 2802 3192 corpus
2829 3125 3058 3179 mortale
3105 3141 3210 3179 non
3241 3128 3441 3183 la-serit
3459 3171 3476 3197 ,
3504 3133 3600 3186 sed

2013 3213 2170 3266 etiam
2208 3212 2391 3282 juvet?
2435 3213 2559 3268 audi
2580 3225 2775 3284 quanta
2822 3214 2948 3270 hinc
2997 3217 3256 3284 lucrcris,
3307 3220 3350 3273 si
3387 3221 3597 3290 vigiles.

2012 3304 2329 3360 Muneribus
2350 3346 2364 3370 ,
2395 3305 2669 3361 doloribus
2698 3317 2858 3377 atque
2891 3307 3164 3362 laboribus
3191 3307 3417 3380 aliisque
3443 3311 3598 3366 simi-

2013 3397 2151 3452 libus
2183 3406 2234 3452 te
2265 3398 2487 3452 retrahit
2515 3407 2569 3452 et
2599 3398 2779 3453 avellit
2807 3413 2835 3450 a
2863 3399 3011 3452 vitio.
3043 3399 3146 3454 Sed
3178 3402 3338 3455 etiam
3369 3402 3435 3456 ad
3486 3404 3596 3456 for-

2011 3488 2358 3553 nicationem,
2385 3489 2617 3558 inquies,
2652 3490 2855 3545 trahit?
2882 3490 2998 3544 Non
3031 3507 3249 3560 corpus,
3283 3491 3378 3547 sed
3407 3495 3596 3548 incon-

2009 3583 2233 3637 tinentia
2261 3600 2274 3637 :
2315 3571 2427 3636 haec
2457 3583 2656 3652 quippe
2681 3583 2881 3649 omnia,
2911 3600 3030 3652 qua:
3058 3583 3189 3651 dixi,
3218 3586 3438 3640 omnino
3473 3602 3595 3642 eor-

2009 3675 2156 3744 poris
2183 3684 2328 3728 sunt.
2356 3675 2692 3744 Quapropter
2723 3677 2834 3730 fieri
2868 3677 3053 3746 nequit
3097 3686 3156 3731 ut
3185 3679 3344 3733 homo
3372 3683 3424 3734 in
3455 3681 3592 3736 hanc

2007 3766 2166 3818 vitam
2196 3766 2413 3818 veniens
2440 3781 2546 3818 non
2571 3765 2786 3831 doleat,
2835 3767 3042 3821 laboret
3079 3779 3132 3822 et
3168 3781 3432 3836 maereat;
3483 3789 3590 3826 non

2005 3856 2256 3910 fornicari
2281 3871 2408 3911 vero
2454 3864 2647 3924 potest.
2678 3855 2859 3926 Itaque
2889 3858 2932 3911 si
2981 3867 3186 3914 natura:
3216 3862 3462 3931 corporis
3503 3879 3589 3919 es-

2002 3957 2124 4003 sent
2148 3963 2234 4008 ea,
2264 3937 2382 4018 qua:
2415 3947 2481 4001 ad
2513 3948 2634 4002 vitia
2667 3950 2970 4018 pertinent,
3007 3953 3324 4009 universalia
3356 3969 3541 4011 essent
3570 3977 3582 4010 :

2003 4040 2126 4093 talia
2154 4038 2297 4094 enim
2327 4039 2588 4093 naturalia
2614 4050 2772 4103 sunt;
2803 4050 2857 4094 at
2893 4057 2997 4095 non
3027 4043 3144 4096 talis
3171 4059 3258 4098 res
3303 4057 3384 4100 est
3416 4050 3585 4102 forni-

1999 4131 2109 4186 cari
2136 4147 2150 4184 :
2183 4130 2368 4185 dolere
2397 4131 2520 4185 inde
2547 4131 2812 4200 provenit,
2845 4133 3094 4187 fornicari
3133 4143 3313 4190 autem
3350 4152 3417 4192 ex
3450 4155 3574 4208 pro-

1999 4225 2172 4294 posito
2201 4222 2508 4278 voluntatis.
2535 4222 2612 4278 Ne
2637 4237 2767 4295 ergo
2789 4239 2984 4293 corpus
3014 4240 3237 4282 accuses
3255 4269 3270 4293 ,
3305 4243 3373 4283 ne
3411 4231 3577 4284 hono~

1997 4334 2111 4371 rem
2142 4316 2235 4370 tibi
2263 4317 2469 4371 auferat
2489 4317 2734 4371 diabolus
2755 4357 2770 4381 ,
2816 4333 2975 4385 quem
3009 4319 3100 4372 tibi
3129 4319 3277 4374 dedit
3325 4321 3486 4376 Deus.
3521 4325 3576 4377 Si

1995 4409 2136 4461 enim
2179 4408 2404 4461 velimus
2431 4447 2446 4470 ,
2475 4408 2732 4474 optinnnn
2787 4405 2992 4461 frenum
3024 4409 3128 4463 erit
3165 4424 3360 4478 corpus
3383 4450 3400 4475 ,
3432 4414 3574 4480 quod

1991 4499 2186 4552 animae
2208 4498 2435 4551 insultus
2459 4506 2726 4564 coerceat,
2757 4499 3111 4566 arrogantiam
3133 4501 3348 4565 avellat,
3380 4504 3575 4558 fastum

1993 4589 2284 4658 reprimat,
2331 4597 2387 4641 et
2419 4588 2470 4641 in
2499 4589 2768 4658 praeclaris
2812 4591 3064 4658 cperibus
3094 4592 3247 4646 nobis
3282 4593 3570 4649 ministret.

1991 4679 2068 4734 Ne
2091 4679 2217 4733 mibi
2243 4679 2476 4734 furentes
2501 4679 2761 4749 quosdam
2793 4680 2939 4736 dicas
2971 4700 2983 4735 :
3015 4698 3136 4736 nam
3165 4699 3308 4754 sa-pe
3331 4686 3572 4742 videmus

1990 4785 2156 4840 equos
2183 4771 2417 4840 aurigam
2459 4770 2803 4825 deturbantes
2833 4788 2953 4826 cum
2987 4773 3137 4828 freno
3164 4783 3219 4829 et
3250 4792 3344 4844 per
3387 4781 3573 4845 pra-ci-

1993 4863 2116 4932 pitia
2163 4877 2285 4916 sese
2329 4861 2553 4928 dantes;
2586 4863 2679 4918 sed
2730 4863 2936 4918 frenum
2971 4881 3074 4919 non
3105 4866 3415 4936 culpamus;
3463 4885 3568 4922 non

1988 4958 2130 5010 enim
2165 4957 2290 5010 illud
2336 4957 2600 5026 abjeclum
2653 4957 2704 5010 in
2748 4967 3035 5020 causaest,
3070 4959 3165 5012 sed
3213 4959 3429 5030 auriga,
3477 4962 3568 5030 qui

1989 5064 2095 5101 non
2125 5048 2359 5111 retinuit,
2388 5047 2564 5100 omnia
2591 5047 2843 5116 perdidit.
2876 5049 2947 5101 Ita
2980 5049 3065 5102 hic
3092 5065 3305 5120 quoque
3329 5060 3514 5118 reputa
3553 5069 3567 5104 :

1985 5140 2030 5192 si
2080 5139 2276 5194 videris
2330 5139 2581 5207 juvenem
2619 5140 2916 5208 orphanum
2943 5183 2956 5204 ,
3003 5151 3056 5195 et
3101 5143 3236 5195 mala
3285 5142 3568 5198 innumera

1988 5241 2379 5298 perpetranlem
2402 5272 2416 5291 ,
2449 5246 2515 5284 ne
2566 5245 2762 5300 corpus
2808 5233 3044 5296 incuses,
3076 5233 3168 5287 sed
3191 5234 3428 5302 aurigam
3475 5236 3564 5303 qui

1986 5321 2231 5382 trahitur,
2253 5337 2444 5390 nempe
2481 5322 2763 5377 rationem.
2793 5323 2942 5378 Sicut
2968 5324 3109 5378 enim
3153 5323 3301 5377 frena
3330 5341 3434 5377 non
3468 5341 3565 5378 ne-

1981 5424 2183 5492 gotium
2203 5421 2401 5475 faciunt
2423 5421 2640 5490 anrigm,
2669 5421 2762 5476 sed
2789 5421 2875 5476 ille
2895 5422 3134 5474 omnium
3159 5436 3317 5475 causa
3342 5431 3446 5484 est,
3473 5420 3563 5489 qui

1985 5513 2220 5567 habenas
2258 5529 2361 5564 non
2411 5513 2575 5581 probe
2611 5513 2842 5577 retinet;
2888 5513 3113 5582 ideoque
3156 5512 3224 5566 ab
3256 5511 3344 5564 illo
3376 5524 3564 5579 ptenas

1984 5612 2252 5674 repetunt,
2283 5620 2404 5656 cum
2441 5605 2528 5657 illo
2555 5605 2887 5671 complicata:
2915 5603 3136 5658 habena:
3162 5615 3216 5658 et
3241 5617 3363 5656 eum
3391 5611 3562 5655 attra-

1988 5695 2120 5750 hunt
2149 5705 2201 5753 et
2227 5704 2422 5767 cogunt
2448 5711 2566 5750 esse
2592 5696 2902 5767 participem
2935 5695 3205 5751 infortunii
3236 5694 3317 5750 sui
3343 5711 3355 5746 :
3387 5696 3456 5747 ita
3507 5701 3564 5747 et
