3986 6202
397 368 502 447 με

392 508 455 561 ού
483 507 566 578 τῷ
597 509 880 580 ἀκοιμήτῳ
895 510 1156 584 ὀφθαλμῷ
1174 531 1186 542 ·
1213 515 1412 586 ἐκείνῳ
1439 517 1548 587 7&9
1569 519 1789 573 ἀπαντα
1811 518 1964 589 δῆλα.

397 592 509 645 Kal
549 592 616 644 σὺ
650 592 748 661 μὲν
774 593 870 664 οὐχ
901 596 1034 665 ὁρᾷς
1059 597 1159 668 τὴν
1195 597 1256 650 ἐν
1296 601 1364 670 τῇ
1396 601 1656 671 συγχύσει
1682 601 1966 674 διαίρεσιν,

399 675 608 738 ἐκεῖνος
649 675 704 728 δὲ
744 676 919 730 πάντα
960 674 1130 734 οἶδεν·
1175 681 1301 734 ἐπεὶ
1337 683 1434 735 καὶ
1477 682 1548 736 τά
1578 685 1638 736 ἐν
1673 686 1741 756 τῇ
1771 684 1972 755 καρδίᾳ

403 759 470 810 σὺ
513 757 610 828 μιν
646 758 858 825 ἀγνοεῖς
894 759 990 814 τοῦ
1021 760 1251 832 πλησίον
1269 802 1286 827 ,
1315 766 1523 828 ἐκεῖνος
1560 765 1618 818 δὲ
1647 766 1827 821 πάντα
1871 768 1970 818 ἐπ-

401 840 633 894 ίσταται.
663 842 723 894 Εί
763 842 944 896 τοίνυν
987 844 1174 915 ἐπειδὴ
1215 848 1431 914 ἀγνοεῖς
1474 848 1593 912 πῶς
1631 851 1913 920 ἀνίστησιν
1943 851 1974 902 6

400 923 558 988 Θεὸς,
595 924 844 988 ἀπιστεῖς
881 927 963 980 ὅτι
1005 927 1325 1000 ἀνίστησιν,
1388 932 1714 1003 ἀπιστήσεις
1746 933 1828 987 ὅτι
1875 934 1970 988 καὶ

398 1008 464 1060 τά
491 1009 547 1058 ἐν
578 1009 642 1077 τῇ
670 1007 881 1080 διανοίᾳ
904 1005 1074 1078 οἷδεν;
1114 1013 1176 1065 ού
1216 1014 1466 1082 φαίνεται
1497 1015 1605 1088 γὰρ
1633 1017 1755 1071 οὐδὲ
1775 1018 1969 1075 ταῦτα.

397 1090 586 1142 Καίτοι
631 1092 724 1143 ἐπὶ
767 1091 864 1144 τοῦ
922 1092 1176 1164 σώματος
1242 1097 1342 1166 μὲν
1395 1096 1496 1168 ὕλη
1549 1099 1698 1152 ἐστὶν
1758 1099 1968 1170 ὁρατὴ,

396 1171 494 1225 κάν
537 1171 798 1245 διαλυθῇ·
830 1176 1037 1228 ἐκεῖναι
1073 1177 1129 1230 δὲ
1172 1180 1225 1232 αί
1265 1178 1462 1233 ἔννοιαι
1510 1181 1755 1251 ἀόρατοι.
1802 1183 1860 1236 '0
1902 1182 1971 1235 1:&

395 1254 605 1324 ἀόρατα
635 1255 816 1310 τοίνυν
865 1258 1021 1322 εἰδὼς
1077 1261 1215 1330 μετά
1261 1262 1549 1333 ἀκριϐείας
1599 1263 1856 1336 ἀπάσης,
1903 1265 1974 1319 τά

395 1337 566 1419 όρατά
608 1339 707 1392 ούκ
745 1339 971 1408 ὄψεται,
1000 1345 1094 1396 καὶ
1141 1344 1410 1417 διαιρήσει
1445 1346 1647 1417 ῥαδίως
1680 1347 1744 1402 τὸ
1775 1347 1971 1419 σῶμας

395 1418 570 1500 Παντί
605 1438 707 1474 που
737 1421 915 1492 δῆλον.
947 1427 1038 1495 Μὴ
1079 1426 1259 1481 τοίνυν
1289 1429 1510 1482 ἀπίστει
1532 1433 1600 1500 τῇ
1635 1418 1934 1484 ἀναστάσει
1955 1448 1970 1464 ·

393 1499 701 1556 διαϐολικόν
746 1506 854 1576 γάρ
901 1508 964 1561 τὸ
998 1509 1205 1580 δόγμα·
1260 1511 1355 1565 καὶ
1403 1499 1699 1577 σπουδάζει
1736 1513 1900 1566 τοῦτο
1945 1514 1974 1566 6

395 1583 668 1648 διάϐολος,
717 1588 815 1658 οὐχ
855 1589 944 1642 ῖνα
988 1591 1281 1658 ἀνάστασις
1314 1594 1591 1667 ἀπιστηθῇ
1642 1595 1822 1666 μόνον,
1855 1595 1972 1649 ἀλλ’

399 1667 491 1720 ῖνα
522 1669 616 1722 καὶ
631 1668 698 1724 τά
719 1673 819 1740 τῆς
841 1673 1043 1744 ἀρετῆς
1061 1673 1198 1746 ἔργα
1215 1677 1497 1748 καταλυθῇ
1517 1679 1614 1732 καὶ
1634 1679 1902 1749 ἀπόληται
1920 1691 1972 1733 ι.

401 1751 727 1822 ’Ἄνθρωπος
763 1755 875 1826 7&9
901 1756 978 1826 μὴ
999 1759 1312 1828 προσδοκῶν
1334 1761 1736 1832 ἀναστήσεσθαι
1755 1765 1852 1816 καὶ
1874 1763 1975 1816 δὼ-

399 1850 520 1886 σειν
555 1835 713 1904 λόγον
760 1836 871 1890 τῶν
909 1841 1351 1911 πεπραγμένων,
1395 1845 1495 1915 οὐχ
1537 1844 1736 1914 ἀψεται
1765 1846 1974 1916 ταχέως

393 1916 606 1986 ἀρετῆς
631 1933 644 1945 ·
678 1918 775 1987 οὐχ
803 1920 1109 1990 ἀπτόμενος
1147 1924 1204 1978 δὲ
1240 1925 1471 1996 ἀρετῆς,
1521 1926 1865 1998 διαπιστήσει
1903 1931 1971 1998 τῇ

389 1999 686 2052 ἀναστάσει
721 2002 916 2055 πάλιν·
947 2005 1234 2078 ἀμφότερα
1265 2009 1374 2079 7&9
1399 2010 1490 2061 ὑπ’
1523 2009 1770 2080 ἀλλήλων
1802 2027 1970 2065 κατα-

387 2081 739 2148 σκευάζεται,
768 2085 802 2153 ή
831 2087 998 2139 κακία
1019 2088 1125 2140 ὑπὸ
1143 2089 1244 2158 τῆς
1265 2092 1542 2155 ἀπιστίας,
1565 2094 1662 2147 καὶ
1685 2097 1718 2166 ἡ
1740 2095 1970 2148 ἀπιστία

386 2164 495 2218 ὑπὸ
525 2166 626 2235 τῆς
654 2166 874 2231 κακίας.
903 2169 1122 2223 Πολλῶν
1147 2172 1256 2243 7&9
1284 2164 1718 2246 πεπληρωμένον
1744 2178 1806 2231 τὸ
1843 2195 1967 2230 συν-

384 2247 527 2310 ειδὸς
564 2249 863 2320 πονηριῶν,
890 2251 1128 2316 δεδοικὸς
1164 2257 1260 2309 καὶ
1289 2257 1494 2326 τρέμον
1533 2260 1634 2330 τὴν
1668 2260 1968 2331 μέλλουσαν

383 2331 676 2414 ἀντίδοσιν,
717 2334 905 2404 ἐπειδὴ
951 2337 1026 2406 μὴ
1070 2336 1318 2405 βούλεται
1364 2341 1473 2394 ἀπὸ
1516 2342 1616 2412 τῆς
1658 2344 1967 2414 μεταϐολῆς

379 2413 484 2483 τῆς
531 2416 624 2467 ἐπὶ
666 2416 734 2468 τά
771 2416 1035 2471 κάλλιστα
1078 2419 1180 2489 τὴν
1229 2423 1582 2492 παραμυθίαν
1618 2425 1965 2496 πορίζεσθαι,

379 2497 495 2552 ἀπὸ
523 2501 622 2569 τῆς
655 2499 915 2564 ἀπιστίας
947 2502 1324 2558 ἀναπαύεσθαι
1365 2505 1634 2575 βούλεται.
1677 2509 1752 2562 Ού
1782 2509 1968 2577 λέγον-

374 2596 477 2643 τος
510 2580 620 2652 7&9
654 2581 749 2635 σοῦ
793 2583 1097 2639 ἀνάστασιν
1124 2587 1248 2641 οὐδὲ
1288 2589 1492 2659 κρίσιν,
1529 2593 1780 2655 κάκεῖνος
1814 2594 1964 2663 ἐρεῖ·

377 2663 600 2716 Ούκοῦν
641 2663 766 2717 οὐδὲ
809 2664 920 2734 ἐγὼ
951 2666 1123 2721 δώσω
1168 2669 1327 2738 λόγον
1369 2672 1480 2726 τῶν
1523 2673 1964 2745 τετολμημένων.

391 2745 566 2799 Ἀλλά
593 2745 652 2798 τί
678 2763 840 2817 φησιν
861 2751 890 2802 6
921 2750 1186 2820 Χριστός;
1217 2755 1574 2820 Πλανᾶσθε,
1613 2757 1701 2826 μὴ
1739 2757 1965 2826 εἰδότες

374 2829 499 2896 τὰς
516 2830 782 2899 Γωφάς,
798 2830 951 2900 μηδὲ
969 2833 1084 2900 τὴν
1110 2834 1370 2906 δύναμιν
1387 2839 1493 2893 τοῦ
1511 2841 1679 2895 Θεοῦ.
1703 2841 1836 2895 Ούδὲ
1857 2843 1965 2911 7&9

377 2912 454 2965 ἂν
485 2911 727 2967 τοσαῦτα
764 2916 1256 2986 ἐπραγματεύσατο
1284 2921 1312 2972 6
1337 2921 1491 2986 Θεὸς,
1522 2923 1577 2975 εί
1600 2939 1662 2990 γε
1696 2924 1770 2994 μὴ
1799 2925 1962 2995 ἐμελ-

378 2995 479 3048 λεν
501 2997 826 3068 ἀναστήσειν
849 3000 1016 3068 ἡμᾶς,
1047 2999 1184 3053 άλλά
1203 3001 1437 3056 διαλύειν
1461 3005 1555 3058 καὶ
1579 3006 1858 3074 ἀφανίζειν
1883 3009 1963 3070 εἰς

377 3079 446 3132 τὸ
486 3081 689 3151 μηδέν·
727 3081 829 3134 οὐκ
857 3081 924 3134 ἀν
957 3083 1047 3135 τὸν
1075 3084 1303 3153 οὐρανὸν
1344 3085 1575 3151 ἐξέτεινε
1606 3088 1794 3142 τοῦτον
1817 3130 1831 3153 ,
1862 3090 1964 3142 ούκ

373 3161 446 3216 ἂν
486 3163 588 3232 τὴν
640 3163 748 3232 γῆν
792 3163 1192 3238 ὐπεστόρεσεν,
1226 3168 1327 3222 οὐκ
1356 3170 1422 3222 ἂν
1459 3170 1529 3223 τά
1571 3171 1707 3225 ἄλλα
1749 3173 1964 3226 ἅπαντα

373 3246 523 3317 ὑπὲρ
558 3246 658 3315 τῆς
699 3245 957 3318 βραχείας
994 3249 1140 3320 ζωῆς
1170 3251 1330 3322 μόνον
1357 3253 1560 3325 ταύτης
1589 3255 1864 3326 ἐποίησεν.
1898 3258 1962 3310 Et

369 3330 435 3382 δὲ
457 3330 605 3401 ὑπὲρ
630 3331 735 3401 τῆς
761 3333 1040 3404 παρούσης
1067 3335 1262 3396 ταῦτα,
1285 3335 1338 3388 τί
1365 3337 1426 3389 οὐ
1451 3339 1669 3409 ποιήσει
1696 3341 1839 3410 ὑπὲρ
1862 3343 1961 3410 τῆς

376 3413 723 3484 μελλούσηςς
757 3415 906 3468 Εἰδέ
949 3418 1027 3488 μὴ
1067 3416 1223 3471 ἔσται
1267 3419 1571 3488 μέλλουσα,
1616 3423 1749 3475 πολὺ
1800 3426 1962 3494 ἡμεῖς

372 3496 497 3549 τῶν
519 3498 586 3549 δι’
621 3499 766 3567 ημᾶς
794 3501 1098 3571 γενομένων
1125 3503 1444 3574 ἀτιμότεροι
1471 3507 1613 3560 κατά
1649 3507 1825 3561 τοῦτο.
1854 3511 1963 3563 Kal

371 3579 497 3650 γὰρ
527 3580 757 3649 οὐρανὸς
786 3582 882 3634 καὶ
914 3583 987 3654 γῆ
1011 3586 1104 3638 καὶ
1133 3584 1380 3640 Θάλασσα
1411 3590 1506 3641 καὶ
1542 3593 1780 3660 ποταμοὶ
1813 3601 1964 3662 μονι-

373 3663 615 3748 μώτερα
653 3664 832 3748 ἡμῶν,
880 3668 972 3720 καὶ
1017 3667 1122 3722 τῶν
1167 3670 1380 3738 ἀλόγων
1420 3672 1478 3724 δέ
1522 3673 1675 3726 ἔνια·
1718 3678 1812 3729 καὶ
1853 3678 1962 3748 γὰρ

368 3746 601 3818 κορώνη
630 3747 726 3800 καὶ
758 3747 821 3800 τὸ
844 3748 949 3801 τῶν
969 3751 1275 3819 ἐλεφάντων
1304 3753 1462 3820 γένος
1489 3757 1584 3808 καὶ
1607 3756 1779 3809 πολλὰ
1798 3746 1962 3829 ἕτερα

368 3830 603 3913 πλείονα
635 3829 826 3901 χρόνον
856 3832 1114 3885 ἀπολαύει
1143 3837 1242 3906 τῆς
1277 3836 1561 3907 παρούσης
1592 3837 1754 3910 ζωῆς.
1801 3841 1961 3913 Ἡμῖν

363 3912 428 3964 δὲ
459 3915 556 3966 καὶ
588 3913 796 3984 βραχὺς
823 3915 917 3967 καὶ
945 3916 1198 3979 ἐπίπονος
1218 3919 1248 3969 ό
1277 3917 1409 3988 βίος,
1437 3920 1552 3974 ἀλλ’
1578 3923 1679 3975 ούκ
1707 3912 1956 3990 ἐκείνοις,

364 3996 517 4050 ἀλλά
554 3997 650 4050 καὶ
678 3997 908 4068 μακρὸς,
933 4000 1027 4078 καὶ
1053 3999 1253 4070 μᾶλλον
1280 4001 1518 4073 ἀθυμίας
1541 4006 1635 4058 καὶ
1663 4009 1959 4078 φροντίδων

363 4079 820 4150 ἀπηλλαγμένος.
853 4080 919 4132 Τί
955 4077 1070 4144 οὖν,
1107 4083 1230 4136 εἰπέ
1270 4101 1389 4154 μοι,
1425 4088 1549 4150 τοὺς
1582 4077 1800 4155 δούλους
1835 4093 1956 4162 βελ-

360 4162 531 4246 τίους
584 4162 810 4246 ἐποίησε
859 4164 968 4217 τῶν
1011 4165 1319 4232 δεσποτῶν;
1354 4169 1465 4238 Μὴ,
1502 4173 1838 4241 παρακαλῶ,
1883 4174 1957 4246 μὴ

359 4245 554 4299 ταῦτα
582 4245 820 4313 λογίζου,
842 4248 975 4318 μηδὲ
1003 4247 1251 4320 πτώχευε
1276 4251 1374 4321 τὴν
1402 4251 1658 4318 διάνοιαν,
1681 4245 1954 4326 ἄνθρωπε,

363 4328 522 4399 μηδὲ
556 4328 743 4396 ἀγνόει
787 4330 877 4382 τὸν
923 4330 1156 4384 πλοῦτον
1196 4333 1290 4385 τοῦ
1323 4333 1480 4397 Θεοῦ,
1532 4335 1769 4390 τοιοῦτον
1819 4338 1957 4408 ἔχων

361 4412 682 4481 Δεστυάτην.
717 4414 826 4465 Kal
853 4412 962 4485 7&9
987 4414 1048 4478 ἐξ
1076 4416 1251 4485 ἀρχῆς
1280 4432 1340 4468 σε
1363 4414 1614 4469 ἐϐούλετο
1637 4418 1904 4474 ἀθάνατον
1930 4425 1958 4475 ό

358 4496 508 4560 Θεὸς
543 4495 790 4565 ποιῆσαι,
830 4497 944 4550 ἀλλ’
982 4499 1083 4552 οὐκ
1114 4499 1384 4571 ἠθέλησας
1421 4499 1505 4554 σύ.
1541 4502 1653 4555 Καὶ
1679 4503 1788 4573 7&9
1825 4505 1957 4558 ἀθα-

360 4579 574 4641 νασίας
601 4579 902 4650 αἰνίγματα
926 4581 1108 4634 ἐκεῖνα
1132 4577 1222 4652 ἦν,
1251 4584 1284 4652 ὴ
1315 4583 1451 4654 πρὸς
1479 4585 1568 4637 τὸν
1593 4585 1725 4639 Θεὸν
1750 4587 1956 4657 όμιλία,

357 4661 428 4716 τὸ
469 4661 866 4734 ἀταλαίπωρον
897 4663 1001 4734 τῆς
1029 4663 1200 4735 ζωῆς,
1230 4666 1292 4718 τὸ
1321 4665 1496 4738 λύπης
1538 4670 1631 4721 καὶ
1663 4671 1958 4740 φροντίδων

354 4745 729 4816 ἀπηλλάχθαι
756 4747 852 4800 καὶ
881 4747 1061 4800 πόνων
1079 4789 1094 4811 ,
1121 4749 1217 4802 καὶ
1246 4749 1355 4803 τῶν
1386 4751 1561 4806 ἀλλων
1599 4753 1708 4806 τῶν
1741 4756 1958 4809 ἐπικαί-

353 4845 505 4900 ρων.
543 4827 687 4883 οὔτε
719 4828 830 4899 7&9
862 4829 1076 4899 ἱματίου
1115 4830 1283 4883 ἐδεῖτο
1312 4834 1341 4885 ό
1378 4832 1580 4905 Ἀδὰμ,
1608 4836 1707 4889 οὐκ
1731 4839 1953 4909 ὀρόφου,

353 4910 530 4984 [150]
581 4911 686 4964 οὐκ
733 4910 900 4983 ἀλλης
943 4911 1377 4990 τινὸςξτοιαύτης
1423 4924 1797 4990 κατασκευῆς,
1842 4923 1956 4975 ἀλλ’

351 4993 633 5064 ἀγγέλοις
673 4994 872 5063 μᾶλλον
919 4988 1116 5065 ἐῴκει,
1151 4997 1245 5050 καὶ
1288 4997 1458 5052 πολλά
1508 5001 1618 5053 τῶν
1653 4988 1958 5073 μελλόντων

349 5077 624 5149 προῄδει,
645 5078 743 5130 καὶ
761 5078 950 5146 σοφίας
974 5079 1334 5150 ἐπεπλήρωτο
1357 5081 1577 5152 πολλῆς.
1602 5086 1712 5138 Καὶ
1731 5087 1759 5139 ὃ
1781 5087 1956 5159 λάθρα

349 5161 634 5231 ἐποίησεν
671 5161 701 5212 ό
732 5160 884 5223 Θεὸς,
925 5160 1086 5214 τοῦτο
1133 5165 1338 5228 ἐκεῖνος
1385 5165 1548 5232 έγνω,
1596 5168 1656 5220 τὸ
1700 5173 1828 5240 περὶ
1857 5173 1954 5242 τῆς

346 5242 659 5312 γυναικός·
690 5243 774 5296 διὸ
804 5245 898 5296 καὶ
925 5243 1099 5312 ἔλεγε·
1138 5245 1317 5299 Τοῦτο
1343 5247 1462 5301 νῦν
1491 5249 1717 5304 ὀστοῦν
1743 5253 1810 5306 ἐκ
1838 5253 1955 5308 τῶν

348 5325 572 5380 ὀστῶν
593 5343 749 5394 μου,
795 5325 894 5379 καί
939 5327 1098 5394 σὰρξ
1123 5329 1190 5380 ἐκ
1221 5329 1333 5397 τῆς
1371 5333 1597 5398 σαρκός
1618 5351 1756 5400 μου.
1802 5337 1860 5389 '0
1898 5338 1954 5392 δὲ

347 5411 533 5472 πόνος
596 5408 825 5480 ὕστερον
888 5409 1132 5478 γέγονεν,
1191 5410 1414 5482 ὕστερον
1474 5415 1667 5485 ἱδρὼς,
1731 5417 1954 5490 ὕστερον

345 5492 606 5564 αἰσχύνη
640 5495 734 5545 καὶ
761 5496 794 5562 ἠ
825 5493 1000 5546 δειλία
1029 5493 1124 5546 καὶ
1147 5494 1208 5546 τὸ
1239 5495 1704 5568 ἀπαρρησίαστον·
1738 5502 1856 5554 τότε
1898 5504 1954 5556 δὲ

346 5578 412 5630 οὐ
435 5576 623 5648 λύπη,
656 5579 758 5630 οὑκ
785 5577 972 5646 ὀδύνη,
1003 5577 1066 5630 ού
1096 5580 1418 5648 στεναγμός.
1463 5583 1601 5637 Ἀλλ’
1622 5587 1724 5638 οὐκ
1743 5586 1955 5657 ἔμεινεν

346 5662 450 5716 ἀπὶ
478 5661 592 5729 τῆς
618 5660 780 5726 ἀξίας
800 5663 1045 5730 ἐκείνης.

419 5893 448 5923 ⁸
479 5893 681 5958 Deerat,
707 5898 785 5945 καὶ
813 5895 1075 5950 ἀπόληται.

1438 402 1513 466 ,ιΝ
1553 401 1770 460 EPIST.
1813 405 1834 460 ι
1873 402 1964 458 AD
1999 400 2159 459 con.
2194 401 2433 460 uomL.
2476 375 2638 460 'xvn.

3555 409 3659 466 1M

2143 516 2206 572 δ’.
2239 519 2305 572 Τί
2334 514 2428 574 οὖν
2447 519 2559 588 ἐγὼ
2591 518 2768 582 πάθω,
2791 520 2924 590 φησί
2947 537 2961 586 ;
2983 520 3279 582 δι’,ἐκεῖνον
3311 519 3657 594 ἀπόλλυμαις

2077 599 2332 654 Μάλιστα
2367 601 2467 672 μιν
2491 602 2554 654 ού
2582 601 2649 654 δι’
2682 603 2889 656 ἐκεῖνον
2910 619 2924 633 ·
2959 601 3080 656 οὐδὲ
3106 601 3214 673 7&9
3248 603 3312 656 σὺ
3337 603 3660 675 ἀναμάρτη-

2073 698 2164 746 τος
2197 681 2440 754 ῐμεινας,
2496 684 2612 737 ἀλλ’
2663 686 2712 737 εί
2767 685 2862 738 καὶ
2915 686 2989 757 μὴ
3022 686 3121 757 τὴν
3153 685 3322 757 αὐτὴν
3360 687 3656 757 ἁμαρτίαν,

2074 763 2266 834 ἐτέραν
2291 765 2425 833 γοῦν
2451 765 2722 836 ἥμαρτες.
2756 767 2968 830 Ἀλλως
2991 767 3049 821 δέ
3077 768 3199 821 οὐδὲ
3230 768 3340 821 ἀπὸ
3361 769 3460 838 τῆς
3486 785 3659 839 τιμω-

2076 849 2200 917 ρίας
2227 845 2484 918 ἐϐλάϐης,
2515 848 2652 901 ἀλλά
2681 848 2774 901 καὶ
2804 849 3119 921 ἐκέρδανας.
3154 850 3215 902 El
3245 851 3343 919 μὲν
3372 851 3481 919 7&9
3502 850 3659 920 ἐμελ-

2073 928 2163 992 λες
2191 928 2368 984 διόλου
2417 930 2600 1000 μένειν
2644 931 2872 1003 θνητὸς,
2917 934 3049 996 ἴσως
3091 929 3204 1003 εἶχέ
3249 949 3372 986 τινα
3405 933 3562 1000 λόγον
3597 933 3659 986 τὸ

2074 1013 2366 1083 είρημένον
2385 1031 2399 1046 ·
2427 1014 2523 1067 νῦν
2548 1015 2604 1068 δὲ
2639 1016 2733 1068 καὶ
2762 1016 3029 1078 ἀθάνατος
3052 1008 3122 1077 εἴ,
3152 1016 3254 1068 κᾶν
3280 1015 3492 1087 ἐθέλῃς,
3517 1015 3658 1086 ὑπὲρ

2071 1093 2161 1148 τὸν
2189 1095 2342 1166 ῆλιον
2380 1095 2548 1150 αὐτὸν
2583 1095 2798 1167 λάμψαι
2826 1096 3055 1167 δυνήσῃ.
3106 1097 3244 1150 Ἀλλ’
3279 1101 3328 1151 εί
3361 1099 3434 1168 μὴ
3464 1097 3659 1168 θνητὸν

2071 1175 2263 1230 ἔλαϐον
2302 1176 2484 1249 σῶμα,
2528 1179 2716 1248 φησὶν.
2753 1178 2855 1232 οὐκ
2884 1178 2952 1232 ἀν
2980 1179 3245 1249 ἥμαρτον.
3285 1180 3350 1232 τί
3381 1176 3496 1244 οὖν,
3536 1179 3659 1233 είπέ

2075 1275 2167 1328 μοι
2191 1276 2206 1325 ;
2232 1261 2462 1325 ἐκεῖνος,
2487 1261 2682 1332 θνητὸν
2702 1261 2842 1332 ἔχων
2862 1261 3042 1331 σῶμα,
3067 1263 3345 1333 ἢμαρτεν;
3368 1262 3655 1332 Οὐδαμῶς·

2071 1343 2134 1396 οὐ
2173 1343 2288 1415 τάρ
2332 1343 2422 1406 ἀν,
2471 1343 2529 1398 εί
2553 1360 2616 1412 γε
2655 1343 2848 1416 θνητὸν
2880 1339 2970 1414 ἦν,
3016 1343 3245 1416 ὕστερον
3289 1347 3346 1398 ἐν
3379 1345 3657 1410 κολάσεως

2071 1425 2224 1491 τάξει
2268 1425 2364 1479 τὸν
2398 1426 2628 1481 θάνατον
2666 1427 2982 1496 ὑπέμεινεν.
3027 1427 3149 1481 Ὀτι
3193 1427 3251 1481 δέ
3289 1426 3415 1482 οὔτε
3459 1427 3655 1499 θνητὸν

2060 1507 2236 1578 ’σῶμα
2263 1509 2548 1578 ἐμποδίζει
2593 1509 2731 1581 πρὸς
2767 1511 2993 1584 ἀρετὴν,
3027 1509 3166 1564 ἀλλά
3192 1511 3286 1563 καὶ
3331 1511 3652 1583 σωφρονίζει

2071 1591 2166 1644 καὶ
2215 1593 2286 1645 τά
2339 1592 2574 1664 μέγιστα
2604 1593 2884 1660 συντελεῖ,
2937 1593 3095 1663 δῆλον
3149 1592 3384 1646 ἐκεῖθεν.
3438 1594 3499 1646 Εἰ
3543 1594 3654 1664 7&9

2071 1676 2367 1746 προσδοκία
2391 1677 2690 1740 ἀθανασίας
2724 1677 2884 1747 μόνον
2922 1676 3097 1740 οὕτως
3127 1677 3302 1747 ἐπῆρε
3325 1676 3416 1729 τὸν
3458 1677 3648 1748 Ἀδὰμ,

2070 1758 2118 1809 εί
2149 1759 2243 1811 καὶ
2271 1759 2349 1827 τῷ
2378 1759 2492 1812 δντι
2527 1759 2800 1822 ἀθάνατος
2837 1758 3084 1827 ἐγεγόνει
3105 1798 3121 1822 ,
3155 1758 3258 1812 ποῦ
3291 1759 3394 1811 οὐκ
3420 1757 3485 1811 ἀν
3515 1758 3652 1811 ἀπο-

2071 1839 2216 1903 νοίας
2241 1841 2402 1910 ἐξέϐη
2425 1857 2438 1904 ;
2469 1842 2578 1894 Καὶ
2599 1841 2694 1894 νῦν
2721 1840 2821 1910 μέν
2850 1839 3113 1910 ἁμαρτὼν
3142 1839 3370 1893 δύνασαι
3397 1838 3558 1892 λῦσαι
3584 1839 3654 1892 τά

2071 1924 2464 1995 ἁμαρτήματα,
2492 1923 2586 1976 τοῦ
2625 1923 2877 1993 σώματος
2905 1923 3167 1976 ταπεινοῦ
3195 1923 3346 1985 ὄντος
3371 1924 3464 1976 καὶ
3487 1938 3653 1975 κατα-

2069 2006 2362 2069 πίπτοντος
2391 2006 2484 2059 καὶ
2509 2006 2886 2076 διαλυομένου*
2924 2006 3019 2058 καὶ
3047 2006 3158 2077 γὰρ
3183 2001 3342 2060 αὗται
3377 2006 3433 2059 αί
3456 2005 3651 2060 ἔννοιαι

2071 2091 2254 2144 ἱκαναὶ
2285 2089 2637 2161 σωφρονίσαι·
2667 2092 2716 2143 εί
2741 2089 2798 2143 δὲ
2825 2091 2886 2142 ἐν
2913 2090 3168 2159 ἀθανάτῳ
3200 2087 3651 2158 έπλημμέλησας,

2072 2171 2423 2244 μονιμώτερα
2475 2174 2606 2237 ἴσως
2661 2172 2888 2243 ἔμελλεν
2940 2167 3080 2225 εἶναι
3131 2170 3201 2225 τά
3259 2172 3648 2242 ἁμαρτήματα.

2068 2255 2148 2307 οὐ
2179 2255 2359 2307 τοίνυν
2388 2256 2419 2324 ἡ
2447 2254 2710 2325 θνητότης
2754 2256 2905 2310 αίτία
2937 2254 3052 2324 τῆς⁹
3087 2254 3384 2326 ἁμαρτίας,
3419 2255 3495 2325 μὴ
3515 2271 3646 2307 κατ-

2066 2337 2278 2406 ηγόρει,
2315 2337 2489 2408 mw;
2520 2338 2733 2410 πονηρά
2758 2338 3078 2409 προαίρεσίς
3109 2337 3260 2390 ἐστιν
3296 2337 3330 2408 η
3377 2336 3502 2407 ῥίζα
3538 2335 3649 2390 τῶν

2068 2420 2272 2473 κακῶν.
2303 2422 2400 2474 Διά
2421 2421 2474 2474 τί
2495 2424 2606 2492 7&9
2629 2421 2795 2492 μηδὲν
2815 2421 2908 2474 τὸν
2933 2421 3100 2475 ’Δϐελ
3118 2421 3183 2475 τὸ
3204 2421 3362 2491 σῶμα
3385 2420 3647 2491 ἠδίκησες

2066 2502 2156 2554 διά
2196 2501 2252 2554 τί
2298 2503 2468 2573 μηδὲν
2515 2505 2640 2566 τοὺς
2681 2503 2940 2574 δαίμονας
2985 2504 3048 2557 τὸ
3095 2503 3387 2575 ἀσώματον
3432 2502 3647 2571 ὢνησε;

2068 2583 2255 2637 Βούλει
2303 2585 2518 2656 μαθεῖν,
2570 2585 2654 2638 ὅτι
2694 2585 2757 2639 ού
2795 2586 2956 2656 μόνον
2988 2587 3088 2640 οὐκ
3136 2587 3336 2655 ἔϐλαψε
3375 2586 3437 2640 τὸ
3488 2585 3649 2656 σῶμα

2069 2666 2258 2738 θνητὸν
2286 2669 2599 2738 γενόμενον,
2630 2667 2766 2721 ἀλλά
2807 2670 2902 2721 καὶ
2940 2669 3257 2740 ὼφέλησενς
3289 2669 3523 2723 ἀκουσον
3547 2668 3651 2722 ὅσα

2068 2749 2396 2818 κερδαίνεις,
2432 2750 2528 2803 ἐὰν
2561 2751 2758 2821 νήφῃς.
2795 2753 2862 2804 ἐκ
2892 2750 3108 2806 τούτου.
3152 2751 3427 2804 ’Δνθέλκει
3460 2767 3520 2804 σε
3553 2750 3649 2802 καὶ

2068 2833 2317 2901 περισπᾷ
2354 2832 2464 2884 ἀπὸ
2509 2831 2611 2899 τῆς
2663 2832 2863 2895 κακίας
2914 2832 3131 2894 ὀδύναις
3176 2834 3270 2885 καὶ
3303 2831 3504 2895 λύπαις
3555 2830 3650 2884 καὶ

2066 2917 2249 2978 πόνοις
2283 2916 2375 2968 καὶ
2407 2917 2522 2978 τοῖς
2555 2914 2736 2978 ἄλλοις
2765 2918 2877 2978 τοῖς
2911 2915 3194 2978 τοιούτοις.
3246 2915 3407 2968 Ἀλλά
3445 2915 3541 2968 xal
3567 2917 3647 2979 είς

2065 2999 2323 3069 πορνείαν
2352 2998 2557 3066 ἐξάγει,
2589 3000 2755 3070 φησίν
2780 3017 2794 3065 ;
2839 3000 2916 3053 Ού
2945 3000 3007 3053 τὸ
3039 3001 3221 3071 σῶμα,
3244 2999 3358 3053 ἀλλ’
3385 3001 3418 3066 ἡ
3445 2998 3647 3052 ἀκολα-

2066 3083 2174 3136 σία·
2215 3084 2391 3136 ταῦτα
2438 3083 2536 3153 μὲν
2570 3084 2701 3152 γὰρ,
2741 3084 2887 3154 άπερ
2925 3077 3100 3149 εἷπον,
3145 3083 3362 3146 πάντως
3399 3079 3494 3135 τοῦ
3543 3081 3646 3134 σώ-

2067 3167 2236 3235 ματός
2267 3169 2402 3219 ἐστι.
2442 3166 2641 3237 Διόπερ
2668 3167 2767 3220 οὐκ
2797 3167 2946 3220 ἐστιν
2976 3165 3266 3237 ἄνθρωπον
3299 3169 3379 3230 είς
3409 3167 3503 3220 τὸν
3530 3168 3646 3236 βίον

2063 3249 2287 3303 ἐλθόντα
2312 3248 2503 3302 τοῦτον
2527 3249 2602 3318 μὴ
2629 3251 2721 3302 καὶ
2748 3253 2925 3303 νοσεῖν
2950 3250 3046 3304 καὶ
3066 3250 3252 3320 ἀλγεῖν
3275 3251 3368 3304 καὶ
3389 3250 3639 3320 ἀθυμεῖν·

2066 3335 2139 3403 μὴ
2180 3332 2464 3405 πορνεύειν
2490 3333 2547 3386 δὲ
2589 3333 2690 3387 ένι.
2725 3334 2889 3386 Ὥστε
2934 3335 2984 3386 εί
3029 3334 3129 3404 τῆς
3155 3333 3250 3388 τοῦ
3295 3334 3545 3404 σώματος
3574 3329 3644 3404 ἦν

2065 3417 2277 3484 φύσεως
2303 3417 2398 3469 καὶ
2431 3416 2501 3468 τά
2529 3417 2628 3485 τῆς
2658 3418 2878 3481 κακίας,
2916 3417 3182 3470 καθολικά
3213 3417 3280 3471 ἀν
3314 3413 3402 3488 ἦν·
3433 3417 3504 3469 τά
3536 3417 3645 3488 γὰρ

2065 3501 2268 3570 φυσικά
2297 3501 2523 3555 τοιαῦτα
2542 3541 2558 3562 ,
2600 3499 2662 3552 τὸ
2691 3499 2750 3552 δὲ
2794 3501 3084 3571 πορνεύειν
3111 3503 3173 3553 οὐ
3209 3500 3472 3553 τοιοῦτον·
3507 3499 3644 3552 ἀλλά

2062 3583 2122 3635 τὸ
2165 3585 2261 3652 μὲν
2307 3583 2492 3649 ἀλγεῖν
2543 3581 2813 3645 ἐντεῦθεν,
2861 3582 2922 3634 τὸ
2967 3582 3025 3634 δὲ
3067 3583 3356 3650 πορνεύειν
3399 3581 3508 3634 ἀπὸ
3541 3581 3642 3650 τῆς

2065 3665 2460 3735 προαιρέσεως.
2494 3663 2584 3734 Μὴ
2612 3664 2792 3717 τοίνυν
2821 3663 3118 3733 κατηγόρει
3140 3663 3236 3716 τοῦ
3267 3662 3540 3733 σώματος,
3568 3664 3642 3734 μή

2065 3766 2157 3801 σου
2182 3747 2282 3817 τὴν
2306 3747 2474 3818 τιμὴν
2503 3747 2848 3817 ἀφαιρείσθω
2872 3747 2901 3799 6
2928 3746 3196 3810 διάϐολος,
3222 3747 3292 3817 ἦν
3330 3764 3414 3800 σοι
3444 3747 3642 3801 ἔδωκεν

2061 3833 2090 3883 6
2125 3829 2278 3890 Θεός.
2315 3831 2410 3882 Ἂν
2453 3829 2560 3898 γάρ
2595 3829 2858 3899 θέλωμεν,
2901 3829 3113 3899 χαλινός
3155 3832 3304 3883 ἐστιν
3337 3828 3557 3900 ἀριστος
3583 3830 3643 3882 τὸ

2064 3914 2244 3984 σῶμα,
2276 3914 2342 3966 τὰ
2378 3915 2725 3983 σκιρτήματα
2757 3914 2854 3983 τῆς
2882 3913 3060 3984 ψυχῆς
3093 3913 3345 3984 κατέχον,
3379 3913 3641 3968 ἀπόνοιαν

2061 3997 2390 4059 κατασπῶν,
2451 3997 2770 4060 ἀλαζονείαν
2820 3997 3059 4063 κωλύον,
3102 3999 3162 4050 ἐν
3213 3999 3324 4060 τοῖς
3361 3997 3640 4068 μεγίστοις

2062 4078 2210 4152 [151]
2267 4079 2686 4150 κατορθώμασιν
2732 4082 2862 4150 ἡμῖν
2900 4079 3334 4150 διακονούμενον.
3378 4081 3469 4151 Μὴ
3529 4080 3637 4151 γάρ

2062 4179 2151 4230 μοι
2169 4164 2295 4225 τοὺς
2321 4163 2678 4232 μαινομένους
2702 4164 2878 4232 εἴπῃς·
2903 4163 3026 4215 ἐπεὶ
3049 4163 3145 4216 καὶ
3173 4161 3280 4214 τῶν
3307 4161 3488 4214 ἵππων
3509 4159 3638 4214 πολ-

2058 4244 2181 4308 λοὺς
2210 4247 2424 4316 ὁρῶμεν
2449 4246 2588 4297 κατά
2616 4246 2878 4314 κρημνῶν
2913 4246 3270 4315 φερομένους,
3300 4244 3393 4297 τὸν
3421 4243 3636 4313 ἡνίοχον

2061 4329 2325 4398 ῥίψαντας
2371 4329 2508 4396 μετὰ
2539 4328 2633 4379 τοῦ
2665 4326 2899 4396 χαλινοῧ’
2937 4327 3054 4380 ἀλλ’
3085 4328 3147 4379 οὐ
3188 4325 3516 4396 μεμφόμεθα
3544 4325 3636 4377 τὸν

2058 4411 2308 4480 χαλινόν·
2352 4411 2412 4461 ού
2452 4411 2559 4477 7&9
2606 4411 2810 4470 ἐκεῖνος
2858 4408 3213 4470 διασπασθεὶς
3243 4407 3404 4461 τοῦτο
3445 4407 3634 4477 είργά⁸

2061 4509 2212 4554 σατο,
2250 4492 2364 4543 ἀλλ’
2395 4494 2423 4543 6
2457 4491 2667 4560 ἡνίοχος
2703 4492 2731 4543 ό
2763 4490 2836 4560 μὴ
2867 4489 3176 4560 κατασχὼν,
3212 4493 3388 4543 πάντα
3417 4490 3633 4545 ἀπώλε-

2060 4593 2172 4628 σεν.
2207 4574 2363 4626 Οὖτιυ
2399 4574 2460 4642 δὴ
2501 4575 2592 4626 καὶ
2633 4572 2868 4626 ἐνταῦθα
2897 4571 3132 4640 λογίζου·
3169 4571 3236 4626 ἀν
3280 4572 3396 4642 ἴδῃς
3423 4572 3544 4626 νέον
3575 4575 3634 4625 ἐν

2058 4657 2290 4729 ὀρφανίᾳ
2318 4655 2496 4720 ζῶντα
2529 4657 2623 4709 καὶ
2658 4656 2824 4726 μυρία
2867 4655 3234 4726 ἐργαζόμενον
3265 4657 3411 4710 κακά
3431 4696 3446 4720 ,
3473 4656 3632 4727 μὴτὸ

2061 4741 2218 4810 σῶμα
2257 4739 2435 4801 αἰτιῶ,
2483 4740 2618 4792 ἀλλὰ
2660 4738 2750 4790 τὸν
2797 4738 3009 4808 ἡνίοχον
3048 4739 3139 4791 τὸν
3180 4738 3496 4809 συρόμενον,
3539 4740 3632 4792 τὸν

2057 4824 2318 4894 λογισμὸν
2349 4824 2512 4892 λέγω.
2552 4825 2765 4894 Ὥσπερ
2811 4822 2920 4891 γὰρ
2967 4823 3021 4874 αί
3055 4821 3203 4892 ἡνίαι
3236 4823 3297 4876 οὐ
3329 4823 3628 4892 παρέχουσι

2056 4909 2363 4980 πράγματα
2391 4907 2466 4975 τῷ
2510 4907 2729 4976 ἡνιόχῳ,
2757 4906 2870 4958 ἀλλ’
2901 4908 2928 4958 6
2952 4906 3165 4976 ἡνίοχος
3198 4906 3417 4960 πάντων
3457 4907 3628 4967 αἴτιος

2053 4993 2116 5044 ού
2142 4989 2322 5052 καλῶς
2349 4988 2518 5050 αὑτὰς
2542 4988 2784 5058 κατέχων
2806 5005 2818 5018 ·
2853 4988 2932 5042 διὸ
2962 4989 3057 5041 καὶ
3084 4989 3240 5058 δίκην
3273 4990 3436 5042 αὑτὸν
3462 4990 3626 5043 ἀπαι-

2053 5073 2208 5126 τοῦσι
2228 5113 2243 5137 ,
2277 5070 2719 5140 συμπλεκόμεναι
2747 5071 2894 5139 αύτῷ
2926 5072 3022 5122 καὶ
3055 5071 3467 5140 παρασύρουσαι
3494 5072 3623 5123 πολ-

2054 5156 2213 5219 λάκις
2241 5156 2335 5208 καὶ
2363 5152 2767 5220 ἀναγκάζουσαι
2792 5152 2892 5220 τῆς
2913 5153 3120 5214 οἰκείας
3145 5153 3484 5222 δυσπραγίας
3515 5171 3623 5206 χοι.

2055 5243 2242 5292 νωνεῖν
2266 5256 2279 5267 ·
2306 5237 2450 5290 οὕτω
2478 5237 2542 5304 δὴ
2571 5236 2663 5287 καὶ
2691 5233 2942 5286 ἐνταῦθα.
2987 5233 3128 5301 Ἐγὼ
3157 5235 3256 5304 μὲν
3279 5239 3408 5306 7&9,
3437 5240 3620 5308 φησὶν,

2056 5325 2287 5392 ίμασσον
2317 5320 2379 5372 τὸ
2414 5319 2588 5387 στόμα
2629 5315 2724 5369 τοῦ
2756 5317 2952 5378 ἵππου,
2995 5314 3096 5379 ἕως
3136 5322 3404 5390 κατεῖχες·
3436 5322 3625 5391 ἐπειδὴ

2053 5406 2110 5458 δὲ
2153 5403 2382 5474 ἔρριψας
2404 5441 2419 5462 ,
2448 5399 2667 5453 ἀπαιτῶ
2716 5415 2776 5451 σε
2812 5399 2910 5467 τῆς
2944 5403 3401 5473 καταφρονήσεως
3446 5405 3620 5473 δίκην,

2056 5489 2149 5542 καὶ
2194 5485 2596 5556 περιπλέκομαι
2635 5484 2731 5536 καὶ
2775 5481 3115 5553 παρασύρω,
3146 5483 3286 5539 ὥστε
3331 5489 3528 5557 μηκέτι
3565 5487 3626 5539 τὸ

2055 5570 2188 5622 αὐτὸ
2219 5568 2432 5620 παθεῖν.
2461 5568 2665 5637 Μηδεὶς
2688 5568 2867 5620 τοίνυν
2890 5565 3154 5620 αἰτιάσθω
3179 5570 3277 5631 τάς
3304 5569 3481 5636 ἡνίας,
3509 5568 3623 5618 ἀλλ’

2057 5653 2243 5705 ἑαυτὸν
2278 5651 2371 5703 καὶ
2396 5651 2495 5721 τὴν
2520 5649 2921 5720 διεφθαρμένην
2962 5653 3209 5721 γνώμην,
3254 5651 3363 5703 Καὶ
3400 5650 3508 5713 γὰρ
3540 5649 3626 5715 ἐφ’

2059 5733 2212 5803 ἡμῶν
2259 5733 2467 5803 ἡνίοχός
2505 5734 2653 5786 ἐστιν
2687 5736 2714 5784 6
2745 5734 3024 5802 λογισμός·
3069 5735 3215 5804 ήνίαι
3248 5733 3304 5782 δὲ
3349 5730 3410 5778 τὸ
3444 5728 3623 5797 σῶμα,

2061 5817 2387 5882 συνάγουσαι
2417 5818 2540 5877 τοὺς
2581 5817 2780 5877 ἵππους
2831 5816 2965 5884 πρὸς
2993 5816 3082 5868 τὸν
3115 5815 3348 5885 ἡνίοχον.
3401 5807 3498 5860 Ἂν
3528 5812 3628 5878 μὲν

2061 5896 2152 5952 οὖν
2183 5899 2358 5963 καλῶς
2393 5895 2549 5953 αὗται
2578 5899 2920 5961 διακέωνται,
2964 5897 3115 5950 οὐδὲν
3149 5895 3311 5964 πείσῃ
3343 5890 3532 5944 δεινόν·
3563 5893 3629 5946 ἂν
