3986 6202
351 323 445 378 Ηῢ

342 528 618 598 regebam,
648 525 896 597 quamdiu
941 535 996 579 tu
1026 523 1282 580 tenebas:
1321 523 1446 593 quia
1489 539 1615 578 vero
1648 521 1922 589 abiecisti,

342 621 440 674 abs
467 630 518 675 te
546 621 700 690 exigo
727 633 910 690 poenas
938 625 1277 686 contemptus
1303 617 1398 680 tui,
1421 626 1475 669 et
1507 625 1678 670 tecum
1696 617 1923 685 compli-

343 725 440 766 cor
467 722 520 766 et
544 712 774 776 attrahe,
803 721 858 766 ut
890 727 959 765 ne
985 709 1215 779 amplius
1264 709 1366 763 tale
1411 707 1682 776 quidpiam
1732 708 1917 776 patiar.

342 802 509 857 Nemo
536 804 708 872 itaque
740 802 981 857 habenas
1021 801 1233 872 culpet,
1290 799 1386 855 sed
1435 800 1667 869 seipsum
1707 808 1762 853 et
1803 813 1919 853 cor-

340 903 548 964 ruptum
579 893 839 949 animum.
865 893 998 947 Nam
1031 893 1084 947 itt
1111 893 1267 946 nobis
1294 891 1475 961 auriga
1520 901 1596 944 est
1636 890 1798 951 ratio,
1823 888 1919 942 Ita-

339 983 488 1037 bemt
517 998 736 1052 corpus,
768 999 888 1054 qua:
917 999 1086 1054 equos
1111 998 1234 1037 cum
1274 982 1454 1050 auriga
1484 980 1831 1050 conjungunt.
1861 979 1919 1034 Si

336 1087 462 1143 ergo
488 1073 594 1126 illa:
622 1085 768 1128 recte
800 1073 986 1140 positae
1014 1074 1160 1138 sint,
1195 1072 1324 1125 nihil
1350 1086 1512 1140 grave
1543 1070 1792 1138 patieris;
1833 1071 1917 1124 sin

336 1163 454 1216 illas
481 1163 755 1230 dimittas,
789 1165 969 1218 omnia
1012 1163 1292 1218 aboleristi
1339 1172 1392 1216 et
1424 1161 1719 1230 perdidisti.
1751 1159 1916 1214 Tem-

337 1263 586 1322 perantes
624 1270 752 1323 ergo
778 1257 967 1318 sintus,
1010 1263 1064 1309 et
1093 1270 1159 1309 ne
1189 1268 1499 1308 accusemus
1535 1267 1732 1320 corpus
1756 1291 1771 1317 ,
1819 1250 1914 1305 sed

335 1347 534 1400 malum
563 1347 817 1401 animum.
849 1346 979 1400 Nam
1019 1346 1119 1400 hoc
1145 1347 1381 1400 maxime
1406 1345 1602 1400 diaboli
1632 1360 1768 1410 opus
1809 1352 1910 1407 est,

340 1450 397 1491 ut
423 1440 616 1493 stultos
660 1441 828 1510 magis
854 1449 1070 1495 moveat
1111 1440 1178 1494 ad
1216 1438 1570 1494 accusandum
1613 1453 1809 1507 corpus
1859 1444 1916 1490 et

1362 318 1424 372 IN
1469 317 1680 375 EPIST.
1726 321 1743 375 I
1809 321 1899 374 AD
1938 319 2091 376 COIi.
2133 321 2367 378 HOMIL.
2410 322 2596 380 XVIII.

344 434 431 490 hic
474 448 709 506 quoque.
740 433 849 504 Ego
875 439 1016 489 cnlm
1041 473 1057 494 ,
1107 437 1387 503 inquiunt,
1437 447 1499 486 os
1540 433 1660 502 equi
1705 433 1926 488 habenis

3517 337 3617 392 iw

2036 433 2201 490 Deum
2223 447 2277 490 et
2300 439 2621 507 proximum,
2644 455 2802 512 quam
2823 454 3128 513 corruptum
3151 445 3388 502 auium
3410 465 3426 513 ;
3449 461 3504 505 ut
3526 469 3614 516 ne,

2032 529 2077 582 si
2106 543 2319 584 causam
2354 531 2676 597 invenerint,
2727 535 3019 591 liberentur
3046 553 3075 590 a
3119 537 3297 593 radice
3327 542 3612 595 malorum.

2032 621 2137 676 Sed
2165 639 2260 678 vos
2289 639 2411 678 cum
2444 627 2664 681 insidias
2693 631 3044 700 cognoscatis,
3078 632 3208 686 iram
3238 635 3427 689 vertite
3455 635 3505 688 in
3549 637 3613 690 il-

2029 711 2174 780 lum,
2217 725 2272 772 et
2300 719 2536 786 aurigam
2558 718 2691 789 jugo
2722 722 3055 790 imponentcs
3081 764 3096 789 ,
3127 724 3192 778 ad
3224 717 3388 778 Deum
3420 729 3613 780 mentis

2028 809 2243 862 oculmn
2275 812 2590 866 convertite.
2620 813 2748 867 Nam
2780 816 2831 868 in
2859 817 2974 871 aliis
2997 816 3210 886 quidem
3239 817 3284 871 is
3310 819 3438 872 nihil
3461 820 3614 874 aﬂ‘ert

2027 900 2115 967 qui
2140 909 2411 954 certamen
2440 905 2736 973 proposuit,
2762 906 2855 959 sed
2877 919 3152 978 exspectat
3183 911 3378 964 tinent:
3406 910 3491 965 hic
3520 930 3613 964 au-

2029 1001 2133 1044 tem
2165 993 2386 1047 omnino
2415 996 2734 1064 agonotheta
2767 1009 2850 1052 cst
2880 999 3043 1055 Deus.
3077 1002 3227 1056 Ilunc
3272 1020 3402 1072 ergo
3433 1007 3613 1076 propi-

2029 1082 2158 1135 timn
2187 1083 2510 1150 Ital-eamus,
2545 1095 2598 1140 et
2624 1089 2844 1141 omnino
2869 1105 3262 1160 consequemur
3299 1095 3471 1148 futura
3519 1097 3612 1148 bo-

2025 1191 2114 1238 tta,
2139 1176 2308 1244 gratia
2334 1187 2392 1232 et
2416 1178 2744 1248 benignitate
2779 1182 2986 1235 Domini
3035 1184 3204 1238 nostri
3231 1185 3355 1238 Jesu
3383 1186 3605 1253 Christi,
3636 1179 3642 1201 ’

2023 1269 2235 1335 quicum
2266 1268 2408 1322 l’atri
2439 1285 2648 1339 unaque
2673 1270 2892 1341 Spiritui
2924 1282 3110 1329 sancto
3150 1275 3357 1345 gloria.
3409 1277 3602 1340 honor,

2026 1358 2328 1426 imperium,
2363 1375 2504 1414 nunc
2523 1371 2576 1415 et
2603 1378 2836 1432 semper,
2866 1375 2918 1416 et
2943 1363 2993 1418 in
3025 1366 3219 1419 saeula
3258 1369 3599 1423 sa'culorunt.

2021 1456 2213 1510 Amen.

1633 1640 1968 1700 HOMILIA
2017 1639 2252 1700 XVIII.

335 1789 464 1843 CAP.
512 1787 564 1842 6.
612 1804 664 1842 ν.
712 1789 799 1843 15.
849 1787 1068 1842 Nescitis
1100 1788 1231 1856 quod
1257 1803 1468 1854 corpora
1507 1785 1908 1840 uestra'ntentbm

399 1888 520 1932 sunt
549 1877 782 1933 Christi?
818 1880 998 1932 tollens
1037 1895 1153 1950 ergo
1198 1879 1413 1933 membra
1455 1877 1674 1940 Christi,
1724 1877 1907 1944 faciant

396 1969 619 2022 membra
647 1971 918 2023 meretricis
935 1970 962 2021 .9
987 1971 1147 2022 Absit.

395 2060 448 2112 1.
491 2059 623 2113 Cum
653 2075 681 2112 a
712 2059 1033 2113 fornicatore
1061 2061 1110 2112 in
1139 2075 1354 2113 avarum
1384 2058 1696 2123 transiisset,
1723 2072 1907 2114 rursus

321 2148 388 2202 ab
412 2147 515 2201 hoc
537 2149 680 2203 venit
707 2150 771 2201 ad
803 2149 973 2214 illum,
999 2164 1101 2202 non
1132 2150 1266 2202 ultra
1297 2135 1466 2217 ipsum
1491 2149 1790 2216 alloquens,
1811 2147 1908 2203 sed

319 2241 460 2295 alios
483 2242 572 2311 qui
621 2241 860 2296 fornicati
890 2257 996 2296 non
1025 2241 1267 2306 fuerant;
1293 2251 1346 2295 et
1385 2241 1506 2295 illos
1533 2242 1780 2296 muniens
1805 2283 1820 2308 ,
1850 2251 1908 2296 ut

320 2345 387 2385 ne
427 2333 482 2384 in
524 2332 671 2401 paria
711 2330 986 2396 incidant,
1017 2331 1188 2400 ipsum
1216 2330 1392 2386 denuo
1418 2332 1744 2400 perstringit.
1774 2331 1905 2385 Nam

317 2423 404 2489 qui
433 2422 707 2490 peccavit,
736 2422 946 2476 etiamsi
973 2422 1039 2476 ad
1067 2423 1227 2476 alium
1253 2425 1547 2478 orationem
1575 2423 1803 2493 dirigas,
1829 2423 1907 2478 sic

315 2513 478 2566 etiam
511 2513 763 2582 pangitur
783 2555 799 2580 ,
827 2514 1094 2568 concitata
1123 2515 1447 2570 conscientia
1479 2514 1756 2584 ipsumque
1783 2528 1904 2568 vcr-

315 2604 566 2661 berante.
605 2606 910 2662 Sufficiebat
949 2608 1164 2678 quidem
1204 2619 1377 2663 metus
1419 2609 1659 2679 supplicii
1691 2608 1756 2663 ad
1787 2609 1906 2664 illos

313 2696 367 2749 in
398 2700 648 2752 castitate
675 2699 1061 2752 continendos:
1085 2701 1205 2769 quia
1240 2715 1366 2754 vero
1394 2716 1496 2754 non
1527 2711 1669 2755 ntctu
1701 2710 1902 2755 tantum

311 2789 427 2841 vult
471 2787 590 2842 lucc
629 2798 770 2843 recte
805 2793 1090 2856 constitui,
1130 2791 1304 2846 minas
1345 2791 1502 2845 simul
1535 2802 1588 2846 et
1629 2793 1904 2848 ratiocinia

307 2879 488 2934 aﬂ'e‘rt.
520 2881 635 2935 Illic
664 2898 788 2951 ergo
819 2898 939 2937 cunt
981 2893 1258 2953 peccatum
1298 2885 1558 2948 dixisset,
1596 2893 1650 2940 et
1691 2900 1902 2955 pinnam

308 2976 592 3027 statuisset
621 2973 980 3044 damnumque
1011 2976 1348 3043 ostendisset,
1379 2979 1517 3047 quod
1549 2980 1797 3033 omnibus
1826 2979 1904 3035 af-

307 3060 586 3116 ferebatur
607 3079 671 3118 ex
702 3065 789 3119 tali
810 3067 1160 3122 ‘fornicatoris
1184 3068 1502 3134 concubitu;
1535 3069 1601 3123 ad
1627 3071 1899 3125 avaritiam

307 3155 522 3207 transiit
547 3196 561 3217 ,
593 3165 647 3210 et
676 3157 908 3211 minatus
934 3156 1047 3212 fore
1076 3167 1131 3212 ut
1155 3175 1182 3210 a
1217 3173 1382 3229 regno
1406 3159 1660 3215 excidant
1685 3203 1700 3227 ,
1731 3171 1784 3216 et
1813 3161 1900 3218 hic

301 3255 356 3297 et
377 3246 568 3301 caeteri
594 3261 804 3314 omnes,
826 3264 962 3317 quos
984 3251 1272 3316 recensuit,
1296 3251 1374 3305 sic
1399 3252 1693 3307 orationem
1721 3253 1901 3307 absol-

303 3337 382 3390 vit
411 3355 425 3392 :
453 3339 546 3394 hic
580 3351 760 3396 autem
801 3343 1190 3398 horribiliorcm
1230 3344 1428 3399 inducit
1461 3345 1898 3401 admonitionem.

301 3426 442 3480 Nam
473 3431 565 3498 qui
597 3443 864 3499 peccatum
896 3436 1044 3502 punit
1070 3444 1304 3498 tantum,
1338 3451 1438 3491 nec
1467 3437 1750 3490 admodum
1777 3451 1900 3508 gra-

301 3534 370 3571 ve
409 3531 464 3574 et
509 3523 752 3592 iniquum
777 3526 1006 3580 ostendit
1030 3568 1044 3589 ,
1076 3528 1206 3581 nihil
1239 3536 1343 3582 tam
1375 3543 1622 3598 magnum
1652 3544 1743 3598 per
1771 3542 1899 3598 sup-

298 3611 529 3678 plicium
562 3611 694 3667 facit
722 3629 737 3666 :
765 3618 852 3685 qui
886 3632 1011 3671 vero
1040 3616 1108 3672 ad
1139 3618 1396 3688 pudorem
1428 3619 1628 3671 inducit
1658 3628 1856 3672 tantum
1882 3660 1897 3684 ,

299 3719 481 3774 neque
526 3721 626 3776 per
657 3709 1218 3776 punitionetn'terret,
1248 3723 1355 3764 non
1396 3709 1682 3762 admodum
1720 3711 1902 3780 pungit

295 3811 414 3860 eos,
446 3799 540 3866 qui
574 3815 680 3852 non
707 3810 830 3854 sunt
855 3817 1013 3856 sensu
1047 3801 1274 3871 pravditi.
1305 3801 1664 3867 Quamobrem
1691 3812 1897 3856 utrum-

295 3904 401 3958 que
425 3890 557 3945 facit
579 3891 794 3957 Paulus,
811 3904 863 3947 et
885 3897 1140 3963 pudorem
1161 3896 1316 3950 infert
1331 3894 1768 3959 dicens,Nescitis
1781 3897 1900 3967 quia

291 3985 509 4053 angelos
527 3987 881 4057 judicabimus
897 3989 923 4042 ?
942 4001 995 4043 et
1021 3997 1186 4042 terret
1210 3988 1293 4044 his
1314 3990 1510 4053 verbis,
1536 3987 1754 4043 Nescitis
1781 3989 1899 4055 quia

292 4077 441 4130 avari
481 4094 702 4146 regnum
739 4077 833 4132 Dei
869 4097 968 4133 non
999 4080 1317 4150 possidebat!
1336 4081 1362 4134 .’
1389 4081 1451 4134 Et
1479 4081 1547 4134 de
1580 4082 1898 4134 fornicatore

290 4167 500 4221 iterum
540 4169 734 4223 codem
768 4173 932 4224 utitur
959 4185 1210 4225 sermone
1242 4188 1256 4224 :
1286 4186 1406 4225 cum
1437 4172 1579 4225 enim
1622 4173 1900 4225 terruisset

290 4276 391 4329 per
421 4276 487 4315 ea
531 4275 658 4331 qua:
699 4264 844 4331 prius
881 4261 1128 4328 dixerat,
1161 4270 1216 4318 et
1253 4277 1374 4317 eum
1418 4263 1705 4317 excidisset
1738 4273 1899 4332 atque

286 4355 510 4408 Satanm
543 4355 860 4410 tradidisset
893 4356 1160 4426 futurique
1184 4355 1287 4410 diei
1319 4353 1682 4414 meminisset.
1718 4367 1900 4408 rursus

290 4446 361 4498 illi
390 4449 664 4516 pudo’rcm
698 4451 892 4510 infert,
923 4449 1107 4503 dicens
1131 4466 1143 4500 :
1175 4447 1394 4502 Nescitis
1417 4447 1553 4518 quod
1575 4461 1789 4515 corpora
1813 4462 1898 4499 ve-

286 4548 396 4590 stra
435 4541 673 4592 membra
700 4549 819 4592 sunt
855 4538 1082 4594 Christi?
1114 4547 1378 4609 tamquam
1420 4541 1674 4608 inge-unos
1707 4552 1900 4607 pueros

285 4629 552 4700 deinceps
579 4633 884 4700 alloquens.
905 4632 1051 4696 “Quia
1080 4631 1218 4686 enim
1250 4630 1403 4689 dixit.
1436 4632 1630 4696 Corpus
1660 4629 1897 4693 Domino,

287 4735 431 4775 nunc
478 4723 692 4776 clarius
742 4723 978 4777 ostendit
1021 4724 1215 4793 ipsunt.
1261 4723 1326 4776 Et
1373 4723 1494 4776 alibi
1542 4738 1754 4791 qtmque
1799 4722 1900 4776 hoc

286 4814 463 4880 ipsum
501 4817 660 4881 facit,
685 4817 916 4870 ‘diccn‘s:
953 4814 1051 4870 Vos
1079 4817 1196 4870 estis
1224 4829 1406 4885 corpus
1436 4814 1638 4880 Christi,
1672 4827 1715 4868 et
1746 4833 1898 4868 mem-

284 4909 372 4962 bra
396 4927 464 4964 ea:
491 4920 655 4980 parte
679 4910 758 4980 (I.
783 4909 902 4964 Cor.
924 4909 1015 4964 12.
1034 4910 1151 4981 ‘27).
1176 4910 1245 4964 Et
1275 4911 1374 4963 hoc
1402 4910 1573 4977 ipsum
1594 4910 1898 4976 exetnplum

284 5016 428 5070 smpe
458 5003 623 5073 ponit
654 5046 670 5070 ,
706 5017 813 5056 non
846 5017 942 5072 pro
971 5004 1129 5058 rebus
1165 5001 1350 5056 iisdem
1377 5043 1392 5067 ,
1419 5001 1510 5056 sed
1538 5002 1820 5072 aliquando
1846 5011 1901 5056 ut

283 5095 646 5153 dilectionem
684 5096 965 5162 ostendat,
995 5097 1276 5166 aliquando
1308 5105 1361 5148 ιιι
1394 5095 1635 5148 timorem
1666 5105 1852 5164 augeat
1882 5111 1894 5158 ;

284 5186 368 5240 hic
391 5201 585 5243 autem
620 5189 804 5256 ipsum
834 5189 1008 5255 posuit
1029 5198 1237 5242 terrens
1255 5197 1308 5241 et
1331 5187 1578 5240 timorem
1605 5185 1895 5238 incutiens:

288 5275 492 5334 Totiens
513 5296 647 5350 ergo
674 5279 900 5332 membra
919 5277 1126 5343 Christi,
1148 5279 1333 5350 faciam
1355 5278 1575 5336 nwnbra
1597 5277 1902 5330 meretricis?

289 5376 444 5426 Absit.
487 5372 648 5427 Nihil
689 5373 795 5425 hoc
833 5371 975 5426 dicto
1015 5380 1096 5427 est
1125 5371 1461 5426 horribilius.
1495 5369 1563 5423 Et
1593 5386 1696 5422 non
1727 5369 1896 5434 dixit,

285 5463 505 5523 Tollcns
537 5482 686 5536 ergo
723 5467 960 5520 membra
987 5466 1207 5529 Chriﬁi,
1241 5465 1554 5534 conjungam
1590 5462 1898 5518 meretrici?

285 5560 374 5613 Sed
400 5559 580 5630 quid?
617 5557 844 5612 Faciam
871 5558 1093 5610 membra
1119 5557 1424 5610 meretricis?
1447 5559 1585 5626 quod
1615 5567 1762 5610 certe
1789 5573 1899 5609 ma-

288 5651 362 5718 gis
393 5651 713 5722 pungebat.
748 5648 949 5702 Deinde
981 5647 1171 5716 probat
1199 5647 1464 5715 quomodo
1490 5647 1531 5700 is
1555 5649 1641 5717 qui
1672 5646 1898 5700 fornica-

290 5749 370 5796 tur
396 5743 450 5798 id
485 5743 586 5797 fiat
612 5782 628 5808 ,
667 5738 865 5795 dicens
893 5757 907 5794 :
936 5739 1024 5795 16.
1055 5737 1132 5791 An
1169 5735 1370 5790 nescitis
1395 5736 1528 5805 quod
1554 5737 1640 5807 qui
1675 5735 1898 5790 adhc-ret

2021 1784 2302 1846 meretrici,
2343 1801 2502 1838 unum
2542 1803 2727 1858 corpus
2765 1791 3017 1861 efficitur?
3041 1796 3313 1855 Undenam
3345 1802 3444 1856 hoc
3475 1821 3600 1876 per-

2017 1877 2300 1944 spicuum?
2333 1875 2496 1932 Erunt
2525 1882 2656 1934 enim
2682 1924 2696 1948 ,
2717 1879 2888 1954 inquit
2907 1927 2919 1948 ,
2945 1888 3047 1941 duo
3079 1889 3130 1943 in
3167 1908 3319 1947 carne
3355 1875 3483 1950 una.
3512 1901 3594 1956 Π.

2021 1964 2118 2030 Qui
2147 1979 2311 2020 autent
2349 1969 2574 2024 adhaeret
2613 1970 2828 2028 Domino
2852 2016 2865 2038 ,
2899 1987 2971 2031 est
3007 1996 3136 2035 unus
3164 1984 3391 2050 spiritus.
3421 1989 3603 2061 Neque

2016 2055 2160 2109 enim
2186 2059 2444 2126 pertnittit
2465 2063 2777 2118 concubitus
2802 2076 2855 2120 ut
2882 2067 2988 2121 duo
3015 2071 3121 2125 sint
3145 2072 3271 2137 duo,
3295 2079 3388 2132 sed
3415 2055 3603 2140 ambos

2016 2159 2179 2200 unum
2204 2147 2344 2203 facit.
2375 2149 2443 2204 Et
2467 2152 2586 2207 vide
2614 2170 2823 2210 rursum
2850 2161 3119 2228 quomodo
3141 2178 3236 2232 per
3263 2168 3400 2225 nuda
3429 2176 3601 2228 nomi-

2015 2251 2080 2290 na
2119 2241 2373 2306 procedat
2394 2285 2409 2305 ,
2436 2258 2532 2312 per
2560 2251 2894 2304 meretricem
2925 2263 2977 2306 et
3008 2269 3103 2322 per
3131 2256 3401 2314 Christum
3427 2263 3598 2320 dedu-

2013 2342 2140 2384 cens
2187 2335 2598 2390 accusationem.
2655 2339 2740 2394 18.
2793 2339 2979 2414 Fugite
3025 2348 3430 2415 fornicationem.
3481 2354 3598 2412 Non

2011 2418 2172 2514 dixit,
2208 2424 2484 2481 Abstinete
2515 2443 2543 2482 a
2575 2429 2948 2497 fornicatione;
2981 2437 3072 2490 sed
3093 2478 3110 2502 ,
3145 2437 3366 2509 Fugite;
3398 2444 3448 2498 id
3477 2457 3596 2514 est,

2011 2501 2144 2565 Cum
2171 2515 2348 2568 studio
2379 2515 2534 2572 facite
2561 2529 2618 2573 ttt
2644 2535 2673 2573 a
2705 2523 2846 2576 malo
2877 2523 3192 2582 liberetnini.
3226 2501 3394 2587 bimis
3421 2501 3598 2604 pecco:

2012 2609 2116 2654 tum
2159 2605 2504 2676 quodcumque
2546 2613 2714 2678 fecerit
2759 2615 2908 2668 homo
2927 2657 2943 2682 ,
2975 2628 3118 2672 extra
3155 2637 3342 2690 corpus
3369 2636 3442 2678 est
3471 2641 3490 2678 :
3512 2629 3600 2696 qui

2010 2701 2174 2745 autem
2207 2699 2490 2765 fornicatur
2511 2741 2523 2763 ,
2556 2701 2608 2753 in
2636 2718 2819 2770 corpus
2847 2721 2993 2759 suum
3022 2721 3212 2778 peccat.
3247 2712 3359 2767 Hoc
3384 2724 3464 2768 est
3494 2719 3595 2770 nti-

2012 2799 2112 2838 nus
2139 2788 2343 2855 priore;
2368 2791 2461 2844 sed
2485 2792 2606 2861 quia
2629 2795 2696 2848 ab
2715 2810 2780 2849 eo
2801 2797 3056 2866 agebatur
3075 2802 3141 2855 de
3163 2801 3594 2873 fornicatoribns,

2010 2879 2242 2948 undique
2270 2881 2396 2936 illud
2427 2885 2632 2939 extollit
2655 2928 2670 2950 ,
2700 2899 2753 2941 et
2782 2903 2810 2941 a
2843 2890 3132 2960 majoribus
3158 2904 3211 2949 et
3240 2911 3268 2949 a
3301 2899 3598 2955 minoribus

2007 2970 2208 3026 crimen
2232 2975 2580 3044 amplificans.
2611 2979 2744 3034 lllnd
2767 2983 2978 3052 quidem
3002 2986 3147 3055 prius
3171 2988 3597 3059 religiosioribus

2006 3063 2206 3121 dictum
2239 3077 2321 3123 est
2345 3113 2360 3136 ,
2389 3069 2496 3126 hoc
2535 3084 2712 3130 autem
2759 3077 3208 3135 imbecillioribus.
3245 3081 3374 3135 Nam
3405 3093 3459 3138 et
3494 3084 3594 3140 hoc

2005 3172 2215 3229 quoque
2254 3157 2402 3215 Pauli
2442 3164 2716 3232 sapientize
2744 3179 2866 3234 est,
2907 3184 3009 3223 non
3052 3171 3214 3226 modo
3241 3188 3270 3226 a
3303 3175 3594 3242 majoribus

2007 3249 2260 3317 pudorem
2291 3251 2551 3321 incutere,
2581 3256 2674 3312 sed
2703 3259 2861 3312 etiam
2889 3275 2919 3313 a
2950 3261 3265 3329 minoribus,
3294 3274 3348 3318 et
3371 3280 3401 3318 a
3435 3267 3593 3336 turpi-

2007 3341 2188 3396 tudine
2227 3354 2387 3415 atque
2433 3347 2501 3402 ab
2543 3348 2815 3406 indecoro.
2858 3351 2994 3416 Quid
3037 3367 3200 3422 ergo,
3243 3355 3480 3424 inquies,
3522 3371 3591 3410 an

2006 3430 2268 3486 homicida
2310 3450 2524 3490 manum
2566 3453 2669 3491 non
2711 3439 2936 3507 polluit?
2975 3443 3100 3510 quid
3144 3457 3270 3496 tero
3307 3458 3499 3498 avarus
3535 3455 3591 3499 et

2005 3525 2209 3592 rapax?
2236 3525 2288 3579 Id
2315 3527 2508 3596 cuique
2538 3529 2710 3597 palam
2741 3537 2826 3583 est
2853 3547 2866 3583 :
2895 3531 2989 3584 sed
3017 3531 3139 3601 quia
3169 3530 3275 3586 dici
3309 3549 3414 3587 non
3445 3543 3589 3603 pote-

2004 3625 2087 3669 rat
2113 3616 2243 3669 nihil
2269 3631 2389 3673 esse
2415 3619 2564 3688 pejus
2590 3621 2931 3685 fornicatore,
2954 3622 3060 3676 alio
3083 3623 3244 3678 modo
3267 3623 3366 3678 hoc
3387 3625 3588 3682 crimen

2004 3710 2155 3762 attxit
2179 3709 2379 3775 dicens,
2407 3711 2458 3764 itt
2494 3710 2840 3768 fornicatione
2867 3721 3034 3768 totum
3065 3730 3260 3786 corpus
3288 3714 3402 3770 fieri
3430 3732 3588 3771 exse-

2004 3799 2282 3854 crandum.
2303 3799 2594 3872 Tamquam
2616 3804 2759 3858 enim
2782 3803 3022 3859 incidens
3044 3805 3096 3860 itt
3119 3807 3349 3861 lebetem
3371 3807 3590 3861 immnno

2003 3893 2167 3957 ditias,
2191 3893 2591 3964 inquinamento
2611 3897 2854 3960 tinctum,
2877 3898 2956 3954 sic
2977 3900 3250 3970 polluitur.
3277 3901 3388 3957 Iloc
3407 3911 3586 3956 autent

2006 3986 2158 4040 nobis
2188 3987 2346 4041 etiam
2389 3987 2440 4042 in
2473 4003 2623 4044 more
2651 3999 2752 4045 est.
2784 3988 2917 4046 Nam
2947 3991 3013 4046 ab
3038 3993 3258 4046 avaritia
3289 3993 3502 4063 quidem
3534 4003 3590 4047 et

2002 4078 2184 4146 rapina
2215 4093 2372 4134 nemo
2402 4091 2642 4135 nostrum
2673 4084 2940 4137 curaverit
2979 4083 3030 4137 in
3063 4084 3309 4138 balneum
3344 4086 3419 4138 ire
3444 4127 3458 4148 ,
3491 4086 3587 4140 Sed

2002 4170 2118 4225 sine
2142 4170 2248 4224 ttllo
2273 4170 2580 4228 discrimine
2604 4173 2818 4228 domum
2846 4175 2985 4230 redit
3009 4193 3020 4227 :
3044 4189 3075 4228 a
3099 4175 3242 4230 coitu
3265 4185 3442 4230 autem
3466 4191 3587 4230 cum

2004 4262 2306 4324 meretrice,
2329 4277 2392 4317 ac
2417 4265 2460 4318 si
2491 4272 2630 4317 totus
2659 4265 2963 4318 immundus
2989 4266 3056 4319 sit
3082 4265 3326 4328 ell'ectus,
3354 4265 3418 4319 ad
3449 4269 3590 4320 lava-

2003 4366 2152 4404 crum
2181 4354 2326 4406 venit
2357 4374 2368 4407 :
2398 4355 2467 4406 ita
2497 4355 2789 4421 turpiorem
2818 4355 3099 4423 quamdam
3131 4356 3491 4424 suspicionem
3523 4376 3589 4414 ex

2006 4447 2106 4501 hoc
2133 4455 2350 4515 peccato
2379 4446 2538 4501 habet
2563 4447 2905 4502 conscientia.
2935 4447 3231 4518 Utrumque
3257 4459 3404 4504 certe
3428 4465 3590 4520 grave

2004 4549 2124 4602 est,
2161 4535 2380 4592 avaritia
2422 4553 2613 4607 nempe
2655 4549 2707 4592 et
2753 4537 3068 4603 fornicatio,
3103 4550 3158 4593 et
3198 4539 3249 4593 in
3289 4542 3588 4609 gehennam

2005 4631 2172 4700 injicit
2196 4649 2208 4684 :
2233 4647 2416 4688 verum
2445 4632 2565 4702 quia
2600 4631 2792 4685 Paulus
2817 4631 2993 4685 omnia
3020 4633 3350 4687 oeconomice
3375 4642 3430 4687 et
3457 4647 3585 4702 pru-

2003 4726 2191 4779 denter
2218 4725 2588 4790 administrat,
2621 4739 2739 4794 qum
2767 4724 3118 4794 suppetebant
3143 4725 3318 4778 omnia
3344 4725 3586 4780 adhibuit

2002 4817 2068 4870 ad
2100 4816 2464 4870 fornicationis
2494 4817 2695 4871 crimen
2734 4815 3052 4886 augendum.
3104 4816 3191 4871 l9.
3237 4815 3315 4869 An
3346 4819 3546 4872 nescitis
3569 4860 3585 4882 ,

2002 4912 2137 4980 quod
2164 4927 2346 4980 corpus
2376 4919 2591 4962 vestrum
2633 4910 2873 4979 templum
2912 4920 2984 4963 est
3014 4910 3123 4978 ejus
3158 4911 3244 4980 qui
3275 4911 3325 4964 in
3354 4912 3488 4966 vobis
3517 4924 3590 4967 est

2004 5004 2228 5073 Spiritus
2254 5003 2456 5056 sancti?

2073 5096 2127 5150 2.
2173 5097 2284 5149 Non
2314 5094 2627 5162 simpliciter
2656 5093 2826 5157 dixit,
2859 5093 3118 5162 Spiritus;
3148 5092 3263 5156 scd,
3297 5094 3398 5160 Qui
3421 5095 3472 5148 in
3503 5111 3591 5148 vo-

2003 5188 2078 5240 bis
2098 5197 2188 5251 est,
2213 5187 2352 5256 quod
2373 5185 2702 5241 consolantis
2721 5192 2837 5239 erat
2861 5199 2876 5239 :
2899 5193 2953 5238 et
2973 5198 3160 5237 rursus
3179 5185 3449 5254 explicans
3469 5187 3546 5239 ait
3571 5206 3584 5241 :

2007 5280 2165 5344 Quem
2198 5280 2388 5332 habetis
2418 5296 2449 5330 α
2475 5276 2604 5330 Deo.
2649 5276 2782 5330 Eum
2809 5277 2897 5348 qui
2930 5275 3074 5330 dedit
3106 5280 3320 5346 posuit,
3349 5279 3502 5332 simul
3535 5289 3588 5333 et

2004 5371 2282 5426 Sublimem
2314 5369 2543 5424 reddens
2569 5367 2885 5435 auditorem,
2910 5378 2961 5423 et
2988 5381 3193 5423 terrens
3223 5368 3587 5439 magnitudine

2004 5464 2228 5533 depositi
2255 5505 2268 5522 .
2301 5473 2357 5519 et
2394 5463 2660 5517 desiderio
2690 5462 2972 5532 studioque
3007 5463 3347 5531 deponentis.
3387 5459 3445 5510 Et
3486 5475 3588 5510 non

2005 5558 2121 5609 estis
2159 5557 2326 5608 vestri.
2377 5555 2487 5610 Hoc
2525 5571 2630 5608 non
2672 5555 2926 5624 pudorem
2970 5553 3246 5608 inferentis
3285 5547 3442 5602 modo
3471 5557 3589 5612 est,

2005 5647 2098 5700 sed
2127 5646 2284 5702 etiam
2313 5647 2552 5716 cogentis
2578 5646 2643 5699 ad
2671 5646 2941 5700 virtutem.
2970 5645 3106 5711 Quid
3139 5641 3314 5693 enim?
3343 5635 3482 5701 quod
3512 5639 3591 5692 vis

2005 5735 2134 5792 facis
2159 5778 2174 5806 ,
2207 5737 2283 5793 ais
2312 5757 2323 5792 :
2353 5754 2456 5794 non
2488 5752 2546 5794 es
2577 5738 2651 5792 ttti
2681 5736 2950 5790 dominus.
2987 5735 3110 5786 lla-c
3138 5735 3312 5778 autem
3341 5722 3550 5775 dicebat
3575 5764 3593 5792 ,
