  <div class='ocr_page' id='page_1' title='image "/cluster/home/n/w/nwhite01/storage/ocr_20150623/61/mdp.39015008622618/153.png"; bbox 0 0 3986 6202; ppageno 0'>
   <div class='ocr_carea' id='block_1_1' title="bbox 346 271 441 323">
    <p class='ocr_par' dir='ltr' id='par_1_1' title="bbox 346 271 441 323">
     <span class='ocr_line' id='line_1_1' title="bbox 346 271 441 323; baseline 0.021 -2"><span class='ocrx_word' id='word_1_1' title='bbox 346 271 441 323; x_wconf 75' lang='grc' dir='ltr'><strong>ΗῚ</strong></span> 
     </span>
    </p>
   </div>
   <div class='ocr_carea' id='block_1_2' title="bbox 345 374 1918 445">
    <p class='ocr_par' dir='ltr' id='par_1_2' title="bbox 345 374 1918 445">
     <span class='ocr_line' id='line_1_2' title="bbox 345 374 1918 445; baseline -0.013 -1"><span class='ocrx_word' id='word_1_2' title='bbox 345 404 453 445; x_wconf 83' lang='lat' dir='ltr'><strong>non</strong></span> <span class='ocrx_word' id='word_1_3' title='bbox 501 387 724 442; x_wconf 87' lang='lat' dir='ltr'><strong>liberum</strong></span> <span class='ocrx_word' id='word_1_4' title='bbox 764 383 1039 440; x_wconf 75' lang='lat' dir='ltr'><strong>arbitrium</strong></span> <span class='ocrx_word' id='word_1_5' title='bbox 1079 381 1303 442; x_wconf 87' lang='lat' dir='ltr'><strong>tollens;</strong></span> <span class='ocrx_word' id='word_1_6' title='bbox 1345 393 1468 434; x_wconf 92' lang='lat' dir='ltr'><strong>nam</strong></span> <span class='ocrx_word' id='word_1_7' title='bbox 1510 391 1631 430; x_wconf 92' lang='lat' dir='ltr'><strong>cum</strong></span> <span class='ocrx_word' id='word_1_8' title='bbox 1658 374 1918 437; x_wconf 87' lang='lat' dir='ltr'><strong>dixisset,</strong></span> 
     </span>
    </p>
   </div>
   <div class='ocr_carea' id='block_1_3' title="bbox 349 461 1924 536">
    <p class='ocr_par' dir='ltr' id='par_1_3' title="bbox 349 461 1924 536">
     <span class='ocr_line' id='line_1_3' title="bbox 349 461 1924 536; baseline -0.013 -3"><span class='ocrx_word' id='word_1_9' title='bbox 349 477 535 533; x_wconf 84' lang='lat' dir='ltr'><strong>Omnia</strong></span> <span class='ocrx_word' id='word_1_10' title='bbox 563 477 686 530; x_wconf 80' lang='lat' dir='ltr'><strong>mihi</strong></span> <span class='ocrx_word' id='word_1_11' title='bbox 714 475 864 529; x_wconf 87' lang='lat' dir='ltr'><strong>licent</strong></span> <span class='ocrx_word' id='word_1_12' title='bbox 888 515 902 534; x_wconf 84' lang='lat'><strong>,</strong></span> <span class='ocrx_word' id='word_1_13' title='bbox 929 473 1018 527; x_wconf 84' lang='lat' dir='ltr'><strong>sed</strong></span> <span class='ocrx_word' id='word_1_14' title='bbox 1047 487 1148 524; x_wconf 84' lang='lat' dir='ltr'><strong>non</strong></span> <span class='ocrx_word' id='word_1_15' title='bbox 1181 469 1352 524; x_wconf 84' lang='lat' dir='ltr'><strong>omnia</strong></span> <span class='ocrx_word' id='word_1_16' title='bbox 1378 465 1650 536; x_wconf 77' lang='lat' dir='ltr'><strong>expediunt</strong></span> <span class='ocrx_word' id='word_1_17' title='bbox 1673 503 1687 526; x_wconf 92' lang='lat'><strong>,</strong></span> <span class='ocrx_word' id='word_1_18' title='bbox 1720 476 1825 515; x_wconf 87' lang='lat' dir='ltr'><strong>non</strong></span> <span class='ocrx_word' id='word_1_19' title='bbox 1855 461 1924 514; x_wconf 81' lang='lat' dir='ltr'><strong>li-</strong></span> 
     </span>
    </p>
   </div>
   <div class='ocr_carea' id='block_1_4' title="bbox 350 554 1924 624">
    <p class='ocr_par' dir='ltr' id='par_1_4' title="bbox 350 554 1924 624">
     <span class='ocr_line' id='line_1_4' title="bbox 350 554 1924 624; baseline -0.01 0"><span class='ocrx_word' id='word_1_20' title='bbox 350 572 607 624; x_wconf 86' lang='lat' dir='ltr'><strong>bertatem</strong></span> <span class='ocrx_word' id='word_1_21' title='bbox 650 575 886 622; x_wconf 88' lang='lat' dir='ltr'><strong>nostram</strong></span> <span class='ocrx_word' id='word_1_22' title='bbox 929 562 1147 617; x_wconf 76' lang='lat' dir='ltr'><strong>abstulit</strong></span> <span class='ocrx_word' id='word_1_23' title='bbox 1178 579 1191 615; x_wconf 91' lang='lat'>:</span> <span class='ocrx_word' id='word_1_24' title='bbox 1218 569 1272 616; x_wconf 89' lang='lat' dir='ltr'><strong>et</strong></span> <span class='ocrx_word' id='word_1_25' title='bbox 1301 559 1387 613; x_wconf 90' lang='lat' dir='ltr'><strong>hic</strong></span> <span class='ocrx_word' id='word_1_26' title='bbox 1429 571 1614 612; x_wconf 86' lang='lat' dir='ltr'><strong>rursus</strong></span> <span class='ocrx_word' id='word_1_27' title='bbox 1644 554 1884 610; x_wconf 90' lang='lat' dir='ltr'><strong>scribens</strong></span> <span class='ocrx_word' id='word_1_28' title='bbox 1907 590 1924 609; x_wconf 85' lang='lat'><strong>.</strong></span> 
     </span>
    </p>
   </div>
   <div class='ocr_carea' id='block_1_5' title="bbox 356 647 1926 726">
    <p class='ocr_par' dir='ltr' id='par_1_5' title="bbox 356 647 1926 726">
     <span class='ocr_line' id='line_1_5' title="bbox 356 647 1926 726; baseline -0.01 -10"><span class='ocrx_word' id='word_1_29' title='bbox 356 661 473 716; x_wconf 81' lang='lat' dir='ltr'><strong>Non</strong></span> <span class='ocrx_word' id='word_1_30' title='bbox 496 664 610 716; x_wconf 83' lang='lat' dir='ltr'><strong>estis</strong></span> <span class='ocrx_word' id='word_1_31' title='bbox 631 659 798 721; x_wconf 74' lang='lat' dir='ltr'><strong>vestri,</strong></span> <span class='ocrx_word' id='word_1_32' title='bbox 829 672 933 711; x_wconf 90' lang='lat' dir='ltr'><strong>non</strong></span> <span class='ocrx_word' id='word_1_33' title='bbox 961 656 1284 726; x_wconf 87' lang='lat' dir='ltr'><strong>propositum</strong></span> <span class='ocrx_word' id='word_1_34' title='bbox 1307 652 1598 707; x_wconf 84' lang='lat' dir='ltr'><strong>voluntatis</strong></span> <span class='ocrx_word' id='word_1_35' title='bbox 1624 647 1926 712; x_wconf 87' lang='lat' dir='ltr'><strong>labefactat,</strong></span> 
     </span>
    </p>
   </div>
   <div class='ocr_carea' id='block_1_6' title="bbox 350 737 1926 820">
    <p class='ocr_par' dir='ltr' id='par_1_6' title="bbox 350 737 1926 820">
     <span class='ocr_line' id='line_1_6' title="bbox 350 737 1926 820; baseline -0.01 -12"><span class='ocrx_word' id='word_1_36' title='bbox 350 754 443 808; x_wconf 86' lang='lat' dir='ltr'><strong>sed</strong></span> <span class='ocrx_word' id='word_1_37' title='bbox 483 768 510 806; x_wconf 84' lang='lat' dir='ltr'><strong>a</strong></span> <span class='ocrx_word' id='word_1_38' title='bbox 557 751 786 820; x_wconf 79' lang='lat' dir='ltr'><strong>nequitia</strong></span> <span class='ocrx_word' id='word_1_39' title='bbox 825 748 1076 810; x_wconf 85' lang='lat' dir='ltr'><strong>abducit,</strong></span> <span class='ocrx_word' id='word_1_40' title='bbox 1107 755 1162 799; x_wconf 90' lang='lat' dir='ltr'><strong>et</strong></span> <span class='ocrx_word' id='word_1_41' title='bbox 1201 743 1406 798; x_wconf 79' lang='lat' dir='ltr'><strong>Domini</strong></span> <span class='ocrx_word' id='word_1_42' title='bbox 1438 756 1620 796; x_wconf 90' lang='lat' dir='ltr'><strong>curam</strong></span> <span class='ocrx_word' id='word_1_43' title='bbox 1651 737 1926 793; x_wconf 84' lang='lat' dir='ltr'><strong>ostendit:</strong></span> 
     </span>
    </p>
   </div>
   <div class='ocr_carea' id='block_1_7' title="bbox 354 829 1928 909">
    <p class='ocr_par' dir='ltr' id='par_1_7' title="bbox 354 829 1928 909">
     <span class='ocr_line' id='line_1_7' title="bbox 354 829 1928 909; baseline -0.011 -13"><span class='ocrx_word' id='word_1_44' title='bbox 354 843 474 896; x_wconf 87' lang='lat' dir='ltr'><strong>ideo</strong></span> <span class='ocrx_word' id='word_1_45' title='bbox 499 841 786 909; x_wconf 85' lang='lat' dir='ltr'><strong>subjungit,</strong></span> <span class='ocrx_word' id='word_1_46' title='bbox 813 838 904 893; x_wconf 71' lang='lat'><strong>‘20.</strong></span> <span class='ocrx_word' id='word_1_47' title='bbox 947 837 1118 905; x_wconf 85' lang='lat' dir='ltr'><strong>Empti</strong></span> <span class='ocrx_word' id='word_1_48' title='bbox 1152 835 1282 888; x_wconf 84' lang='lat' dir='ltr'><strong>enim</strong></span> <span class='ocrx_word' id='word_1_49' title='bbox 1310 833 1428 887; x_wconf 87' lang='lat' dir='ltr'><strong>estis</strong></span> <span class='ocrx_word' id='word_1_50' title='bbox 1458 831 1635 901; x_wconf 83' lang='lat' dir='ltr'><strong>pretio.</strong></span> <span class='ocrx_word' id='word_1_51' title='bbox 1667 829 1720 882; x_wconf 89' lang='lat' dir='ltr'><strong>Si</strong></span> <span class='ocrx_word' id='word_1_52' title='bbox 1751 837 1928 880; x_wconf 87' lang='lat' dir='ltr'><strong>autem</strong></span> 
     </span>
    </p>
   </div>
   <div class='ocr_carea' id='block_1_8' title="bbox 353 926 1932 998">
    <p class='ocr_par' dir='ltr' id='par_1_8' title="bbox 353 926 1932 998">
     <span class='ocr_line' id='line_1_8' title="bbox 353 926 1932 998; baseline -0.011 -9"><span class='ocrx_word' id='word_1_53' title='bbox 353 949 458 989; x_wconf 84' lang='lat' dir='ltr'><strong>non</strong></span> <span class='ocrx_word' id='word_1_54' title='bbox 493 948 608 991; x_wconf 76' lang='lat' dir='ltr'><strong>sum</strong></span> <span class='ocrx_word' id='word_1_55' title='bbox 651 945 800 984; x_wconf 89' lang='lat' dir='ltr'><strong>meus</strong></span> <span class='ocrx_word' id='word_1_56' title='bbox 822 972 837 992; x_wconf 94' lang='lat'><strong>,</strong></span> <span class='ocrx_word' id='word_1_57' title='bbox 870 928 1136 998; x_wconf 86' lang='lat' dir='ltr'><strong>quomodo</strong></span> <span class='ocrx_word' id='word_1_58' title='bbox 1172 926 1341 994; x_wconf 80' lang='lat' dir='ltr'><strong>exigis</strong></span> <span class='ocrx_word' id='word_1_59' title='bbox 1378 939 1406 976; x_wconf 92' lang='lat' dir='ltr'><strong>a</strong></span> <span class='ocrx_word' id='word_1_60' title='bbox 1447 938 1531 977; x_wconf 88' lang='lat' dir='ltr'><strong>me</strong></span> <span class='ocrx_word' id='word_1_61' title='bbox 1569 937 1630 975; x_wconf 89' lang='lat' dir='ltr'><strong>ea</strong></span> <span class='ocrx_word' id='word_1_62' title='bbox 1665 936 1780 988; x_wconf 75' lang='lat' dir='ltr'><strong>qum</strong></span> <span class='ocrx_word' id='word_1_63' title='bbox 1810 926 1932 972; x_wconf 90' lang='lat' dir='ltr'><strong>sunt</strong></span> 
     </span>
    </p>
   </div>
   <div class='ocr_carea' id='block_1_9' title="bbox 352 1009 1934 1096">
    <p class='ocr_par' dir='ltr' id='par_1_9' title="bbox 352 1009 1934 1096">
     <span class='ocr_line' id='line_1_9' title="bbox 352 1009 1934 1096; baseline -0.009 -18"><span class='ocrx_word' id='word_1_64' title='bbox 352 1024 595 1096; x_wconf 76' lang='lat' dir='ltr'><strong>agenda?</strong></span> <span class='ocrx_word' id='word_1_65' title='bbox 623 1021 891 1092; x_wconf 90' lang='lat' dir='ltr'><strong>quomodo</strong></span> <span class='ocrx_word' id='word_1_66' title='bbox 920 1022 970 1074; x_wconf 92' lang='lat' dir='ltr'><strong>iu</strong></span> <span class='ocrx_word' id='word_1_67' title='bbox 1003 1017 1343 1088; x_wconf 84' lang='lat' dir='ltr'><strong>sequentibus</strong></span> <span class='ocrx_word' id='word_1_68' title='bbox 1372 1030 1580 1069; x_wconf 87' lang='lat' dir='ltr'><strong>rursum</strong></span> <span class='ocrx_word' id='word_1_69' title='bbox 1609 1012 1744 1067; x_wconf 89' lang='lat' dir='ltr'><strong>dicis</strong></span> <span class='ocrx_word' id='word_1_70' title='bbox 1763 1054 1777 1077; x_wconf 94' lang='lat'><strong>,</strong></span> <span class='ocrx_word' id='word_1_71' title='bbox 1813 1009 1934 1065; x_wconf 78' lang='lat' dir='ltr'><strong>Glo—</strong></span> 
     </span>
    </p>
   </div>
   <div class='ocr_carea' id='block_1_10' title="bbox 352 1107 1938 1182">
    <p class='ocr_par' dir='ltr' id='par_1_10' title="bbox 352 1107 1938 1182">
     <span class='ocr_line' id='line_1_10' title="bbox 352 1107 1938 1182; baseline -0.009 -14"><span class='ocrx_word' id='word_1_72' title='bbox 352 1116 548 1182; x_wconf 83' lang='lat' dir='ltr'><strong>ri/icate</strong></span> <span class='ocrx_word' id='word_1_73' title='bbox 573 1111 735 1166; x_wconf 87' lang='lat' dir='ltr'><strong>Deum</strong></span> <span class='ocrx_word' id='word_1_74' title='bbox 760 1113 811 1165; x_wconf 88' lang='lat' dir='ltr'><strong>in</strong></span> <span class='ocrx_word' id='word_1_75' title='bbox 838 1126 1046 1179; x_wconf 87' lang='lat' dir='ltr'><strong>corpore</strong></span> <span class='ocrx_word' id='word_1_76' title='bbox 1070 1119 1230 1162; x_wconf 80' lang='lat' dir='ltr'><strong>vestro</strong></span> <span class='ocrx_word' id='word_1_77' title='bbox 1257 1118 1302 1162; x_wconf 90' lang='lat' dir='ltr'><strong>et</strong></span> <span class='ocrx_word' id='word_1_78' title='bbox 1329 1108 1380 1160; x_wconf 86' lang='lat' dir='ltr'><strong>iu</strong></span> <span class='ocrx_word' id='word_1_79' title='bbox 1406 1107 1586 1175; x_wconf 71' lang='lat' dir='ltr'><strong>spiritu</strong></span> <span class='ocrx_word' id='word_1_80' title='bbox 1611 1113 1771 1157; x_wconf 80' lang='lat' dir='ltr'><strong>vestro</strong></span> <span class='ocrx_word' id='word_1_81' title='bbox 1788 1145 1802 1168; x_wconf 92' lang='lat'><strong>,</strong></span> <span class='ocrx_word' id='word_1_82' title='bbox 1825 1115 1938 1172; x_wconf 67' lang='lat' dir='ltr'><strong>quia</strong></span> 
     </span>
    </p>
   </div>
   <div class='ocr_carea' id='block_1_11' title="bbox 359 1205 616 1259">
    <p class='ocr_par' dir='ltr' id='par_1_11' title="bbox 359 1205 616 1259">
     <span class='ocr_line' id='line_1_11' title="bbox 359 1205 616 1259; baseline 0 -2"><span class='ocrx_word' id='word_1_83' title='bbox 359 1205 453 1258; x_wconf 84' lang='lat' dir='ltr'><strong>Dei</strong></span> <span class='ocrx_word' id='word_1_84' title='bbox 481 1215 616 1259; x_wconf 86' lang='lat' dir='ltr'><strong>sunt.</strong></span> 
     </span>
    </p>
   </div>
   <div class='ocr_carea' id='block_1_12' title="bbox 428 1285 1937 1363">
    <p class='ocr_par' dir='ltr' id='par_1_12' title="bbox 428 1285 1937 1363">
     <span class='ocr_line' id='line_1_12' title="bbox 428 1285 1937 1363; baseline -0.008 -13"><span class='ocrx_word' id='word_1_85' title='bbox 428 1295 747 1350; x_wconf 77' lang='lat' dir='ltr'><strong>Focultatem</strong></span> <span class='ocrx_word' id='word_1_86' title='bbox 781 1309 882 1348; x_wconf 84' lang='lat' dir='ltr'><strong>non</strong></span> <span class='ocrx_word' id='word_1_87' title='bbox 915 1292 1156 1363; x_wconf 83' lang='lat' dir='ltr'><strong>peccandi</strong></span> <span class='ocrx_word' id='word_1_88' title='bbox 1184 1291 1329 1344; x_wconf 82' lang='lat' dir='ltr'><strong>habet</strong></span> <span class='ocrx_word' id='word_1_89' title='bbox 1355 1289 1523 1343; x_wconf 84' lang='lat' dir='ltr'><strong>homo.</strong></span> <span class='ocrx_word' id='word_1_90' title='bbox 1551 1316 1624 1328; x_wconf 89' lang='lat'><strong>——</strong></span> <span class='ocrx_word' id='word_1_91' title='bbox 1645 1285 1780 1352; x_wconf 82' lang='lat' dir='ltr'><strong>Quid</strong></span> <span class='ocrx_word' id='word_1_92' title='bbox 1809 1300 1937 1354; x_wconf 85' lang='lat' dir='ltr'><strong>ergo</strong></span> 
     </span>
    </p>
   </div>
   <div class='ocr_carea' id='block_1_13' title="bbox 360 1377 1935 1450">
    <p class='ocr_par' dir='ltr' id='par_1_13' title="bbox 360 1377 1935 1450">
     <span class='ocr_line' id='line_1_13' title="bbox 360 1377 1935 1450; baseline -0.008 -8"><span class='ocrx_word' id='word_1_93' title='bbox 360 1388 460 1442; x_wconf 83' lang='lat' dir='ltr'><strong>sibi</strong></span> <span class='ocrx_word' id='word_1_94' title='bbox 494 1389 608 1442; x_wconf 93' lang='lat' dir='ltr'><strong>vult</strong></span> <span class='ocrx_word' id='word_1_95' title='bbox 636 1386 788 1450; x_wconf 90' lang='lat' dir='ltr'><strong>illud,</strong></span> <span class='ocrx_word' id='word_1_96' title='bbox 821 1383 940 1439; x_wconf 86' lang='lat' dir='ltr'><strong>Non</strong></span> <span class='ocrx_word' id='word_1_97' title='bbox 968 1384 1082 1438; x_wconf 87' lang='lat' dir='ltr'><strong>estis</strong></span> <span class='ocrx_word' id='word_1_98' title='bbox 1109 1381 1298 1436; x_wconf 74' lang='lat' dir='ltr'><strong>vestri?</strong></span> <span class='ocrx_word' id='word_1_99' title='bbox 1325 1391 1378 1436; x_wconf 93' lang='lat' dir='ltr'><strong>et</strong></span> <span class='ocrx_word' id='word_1_100' title='bbox 1407 1379 1531 1450; x_wconf 88' lang='lat' dir='ltr'><strong>quid</strong></span> <span class='ocrx_word' id='word_1_101' title='bbox 1564 1394 1659 1448; x_wconf 88' lang='lat' dir='ltr'><strong>per</strong></span> <span class='ocrx_word' id='word_1_102' title='bbox 1688 1377 1791 1432; x_wconf 90' lang='lat' dir='ltr'><strong>hoc</strong></span> <span class='ocrx_word' id='word_1_103' title='bbox 1825 1377 1935 1431; x_wconf 87' lang='lat' dir='ltr'><strong>vult</strong></span> 
     </span>
    </p>
   </div>
   <div class='ocr_carea' id='block_1_14' title="bbox 358 1477 1936 1554">
    <p class='ocr_par' dir='ltr' id='par_1_14' title="bbox 358 1477 1936 1554">
     <span class='ocr_line' id='line_1_14' title="bbox 358 1477 1936 1554; baseline -0.008 -17"><span class='ocrx_word' id='word_1_104' title='bbox 358 1479 625 1554; x_wconf 80' lang='lat' dir='ltr'><strong>probare?</strong></span> <span class='ocrx_word' id='word_1_105' title='bbox 654 1480 709 1535; x_wconf 92' lang='lat' dir='ltr'><strong>ln</strong></span> <span class='ocrx_word' id='word_1_106' title='bbox 738 1479 1023 1533; x_wconf 82' lang='lat' dir='ltr'><strong>securitate</strong></span> <span class='ocrx_word' id='word_1_107' title='bbox 1047 1477 1371 1530; x_wconf 75' lang='lat' dir='ltr'><strong>constituere</strong></span> <span class='ocrx_word' id='word_1_108' title='bbox 1390 1513 1404 1534; x_wconf 90' lang='lat'><strong>.</strong></span> <span class='ocrx_word' id='word_1_109' title='bbox 1438 1482 1496 1526; x_wconf 94' lang='lat' dir='ltr'><strong>ut</strong></span> <span class='ocrx_word' id='word_1_110' title='bbox 1525 1488 1591 1527; x_wconf 91' lang='lat' dir='ltr'><strong>ne</strong></span> <span class='ocrx_word' id='word_1_111' title='bbox 1621 1485 1936 1541; x_wconf 89' lang='lat' dir='ltr'><strong>peccemus,</strong></span> 
     </span>
    </p>
   </div>
   <div class='ocr_carea' id='block_1_15' title="bbox 360 1561 1940 1639">
    <p class='ocr_par' dir='ltr' id='par_1_15' title="bbox 360 1561 1940 1639">
     <span class='ocr_line' id='line_1_15' title="bbox 360 1561 1940 1639; baseline -0.009 -12"><span class='ocrx_word' id='word_1_112' title='bbox 360 1587 460 1627; x_wconf 90' lang='lat' dir='ltr'><strong>nec</strong></span> <span class='ocrx_word' id='word_1_113' title='bbox 485 1571 645 1626; x_wconf 88' lang='lat' dir='ltr'><strong>animi</strong></span> <span class='ocrx_word' id='word_1_114' title='bbox 681 1567 1142 1639; x_wconf 88' lang='lat' dir='ltr'><strong>concupiscentias</strong></span> <span class='ocrx_word' id='word_1_115' title='bbox 1184 1565 1444 1620; x_wconf 90' lang='lat' dir='ltr'><strong>absurdas</strong></span> <span class='ocrx_word' id='word_1_116' title='bbox 1473 1578 1776 1633; x_wconf 85' lang='lat' dir='ltr'><strong>sequamur.</strong></span> <span class='ocrx_word' id='word_1_117' title='bbox 1809 1561 1940 1614; x_wconf 83' lang='lat' dir='ltr'><strong>Nam</strong></span> 
     </span>
    </p>
   </div>
   <div class='ocr_carea' id='block_1_16' title="bbox 361 1653 1942 1726">
    <p class='ocr_par' dir='ltr' id='par_1_16' title="bbox 361 1653 1942 1726">
     <span class='ocr_line' id='line_1_16' title="bbox 361 1653 1942 1726; baseline -0.008 -8"><span class='ocrx_word' id='word_1_118' title='bbox 361 1663 522 1718; x_wconf 88' lang='lat' dir='ltr'><strong>multa</strong></span> <span class='ocrx_word' id='word_1_119' title='bbox 553 1663 793 1717; x_wconf 85' lang='lat' dir='ltr'><strong>volumus</strong></span> <span class='ocrx_word' id='word_1_120' title='bbox 837 1660 1065 1716; x_wconf 89' lang='lat' dir='ltr'><strong>absurda</strong></span> <span class='ocrx_word' id='word_1_121' title='bbox 1097 1666 1151 1713; x_wconf 87' lang='lat' dir='ltr'><strong>et</strong></span> <span class='ocrx_word' id='word_1_122' title='bbox 1186 1659 1363 1726; x_wconf 91' lang='lat' dir='ltr'><strong>gravia</strong></span> <span class='ocrx_word' id='word_1_123' title='bbox 1389 1697 1402 1718; x_wconf 81' lang='lat'><strong>,</strong></span> <span class='ocrx_word' id='word_1_124' title='bbox 1433 1655 1524 1709; x_wconf 89' lang='lat' dir='ltr'><strong>sed</strong></span> <span class='ocrx_word' id='word_1_125' title='bbox 1554 1670 1616 1708; x_wconf 88' lang='lat' dir='ltr'><strong>ea</strong></span> <span class='ocrx_word' id='word_1_126' title='bbox 1652 1653 1942 1721; x_wconf 90' lang='lat' dir='ltr'><strong>reprimere</strong></span> 
     </span>
    </p>
   </div>
   <div class='ocr_carea' id='block_1_17' title="bbox 360 1749 1939 1825">
    <p class='ocr_par' dir='ltr' id='par_1_17' title="bbox 360 1749 1939 1825">
     <span class='ocr_line' id='line_1_17' title="bbox 360 1749 1939 1825; baseline -0.009 -16"><span class='ocrx_word' id='word_1_127' title='bbox 360 1763 606 1825; x_wconf 85' lang='lat' dir='ltr'><strong>oportet;</strong></span> <span class='ocrx_word' id='word_1_128' title='bbox 653 1769 772 1808; x_wconf 91' lang='lat' dir='ltr'><strong>nam</strong></span> <span class='ocrx_word' id='word_1_129' title='bbox 803 1753 856 1808; x_wconf 87' lang='lat' dir='ltr'><strong>id</strong></span> <span class='ocrx_word' id='word_1_130' title='bbox 885 1765 1168 1820; x_wconf 87' lang='lat' dir='ltr'><strong>possumus</strong></span> <span class='ocrx_word' id='word_1_131' title='bbox 1199 1768 1209 1801; x_wconf 92' lang='lat'><strong>:</strong></span> <span class='ocrx_word' id='word_1_132' title='bbox 1239 1749 1281 1801; x_wconf 85' lang='lat' dir='ltr'><strong>si</strong></span> <span class='ocrx_word' id='word_1_133' title='bbox 1313 1749 1454 1802; x_wconf 89' lang='lat' dir='ltr'><strong>enim</strong></span> <span class='ocrx_word' id='word_1_134' title='bbox 1486 1761 1590 1800; x_wconf 93' lang='lat' dir='ltr'><strong>non</strong></span> <span class='ocrx_word' id='word_1_135' title='bbox 1623 1757 1900 1814; x_wconf 88' lang='lat' dir='ltr'><strong>possemus</strong></span> <span class='ocrx_word' id='word_1_136' title='bbox 1923 1784 1939 1806; x_wconf 99' lang='lat'><strong>,</strong></span> 
     </span>
    </p>
   </div>
   <div class='ocr_carea' id='block_1_18' title="bbox 362 1836 1944 1916">
    <p class='ocr_par' dir='ltr' id='par_1_18' title="bbox 362 1836 1944 1916">
     <span class='ocr_line' id='line_1_18' title="bbox 362 1836 1944 1916; baseline -0.009 -14"><span class='ocrx_word' id='word_1_137' title='bbox 362 1847 626 1916; x_wconf 86' lang='lat' dir='ltr'><strong>superﬂua</strong></span> <span class='ocrx_word' id='word_1_138' title='bbox 653 1855 794 1900; x_wconf 90' lang='lat' dir='ltr'><strong>esset</strong></span> <span class='ocrx_word' id='word_1_139' title='bbox 822 1844 1134 1898; x_wconf 90' lang='lat' dir='ltr'><strong>admonitio.</strong></span> <span class='ocrx_word' id='word_1_140' title='bbox 1163 1840 1296 1895; x_wconf 83' lang='lat' dir='ltr'><strong>Vide</strong></span> <span class='ocrx_word' id='word_1_141' title='bbox 1321 1855 1449 1908; x_wconf 85' lang='lat' dir='ltr'><strong>ergo</strong></span> <span class='ocrx_word' id='word_1_142' title='bbox 1470 1837 1739 1906; x_wconf 88' lang='lat' dir='ltr'><strong>quomodo</strong></span> <span class='ocrx_word' id='word_1_143' title='bbox 1765 1836 1944 1888; x_wconf 87' lang='lat' dir='ltr'><strong>ﬁrma-</strong></span> 
     </span>
    </p>
   </div>
   <div class='ocr_carea' id='block_1_19' title="bbox 365 1925 1941 1996">
    <p class='ocr_par' dir='ltr' id='par_1_19' title="bbox 365 1925 1941 1996">
     <span class='ocr_line' id='line_1_19' title="bbox 365 1925 1941 1996; baseline -0.008 -8"><span class='ocrx_word' id='word_1_144' title='bbox 365 1941 519 1991; x_wconf 87' lang='lat' dir='ltr'><strong>verit.</strong></span> <span class='ocrx_word' id='word_1_145' title='bbox 541 1935 673 1991; x_wconf 88' lang='lat' dir='ltr'><strong>Cum</strong></span> <span class='ocrx_word' id='word_1_146' title='bbox 694 1934 914 1988; x_wconf 75' lang='lat' dir='ltr'><strong>dixisset</strong></span> <span class='ocrx_word' id='word_1_147' title='bbox 936 1932 1102 1996; x_wconf 86' lang='lat' dir='ltr'><strong>enim,</strong></span> <span class='ocrx_word' id='word_1_148' title='bbox 1127 1930 1246 1984; x_wconf 84' lang='lat' dir='ltr'><strong>Non</strong></span> <span class='ocrx_word' id='word_1_149' title='bbox 1267 1932 1383 1983; x_wconf 80' lang='lat' dir='ltr'><strong>estis</strong></span> <span class='ocrx_word' id='word_1_150' title='bbox 1407 1930 1575 1990; x_wconf 81' lang='lat' dir='ltr'><strong>vestri,</strong></span> <span class='ocrx_word' id='word_1_151' title='bbox 1599 1942 1705 1982; x_wconf 91' lang='lat' dir='ltr'><strong>non</strong></span> <span class='ocrx_word' id='word_1_152' title='bbox 1727 1925 1941 1992; x_wconf 81' lang='lat' dir='ltr'><strong>adjecit,</strong></span> 
     </span>
    </p>
   </div>
   <div class='ocr_carea' id='block_1_20' title="bbox 364 2013 1948 2086">
    <p class='ocr_par' dir='ltr' id='par_1_20' title="bbox 364 2013 1948 2086">
     <span class='ocr_line' id='line_1_20' title="bbox 364 2013 1948 2086; baseline -0.01 -3"><span class='ocrx_word' id='word_1_153' title='bbox 364 2028 468 2083; x_wconf 88' lang='lat' dir='ltr'><strong>Sed</strong></span> <span class='ocrx_word' id='word_1_154' title='bbox 500 2027 598 2081; x_wconf 87' lang='lat' dir='ltr'><strong>sub</strong></span> <span class='ocrx_word' id='word_1_155' title='bbox 623 2026 938 2080; x_wconf 74' lang='lat' dir='ltr'><strong>necessitate</strong></span> <span class='ocrx_word' id='word_1_156' title='bbox 964 2025 1113 2085; x_wconf 84' lang='lat' dir='ltr'><strong>estis,</strong></span> <span class='ocrx_word' id='word_1_157' title='bbox 1142 2021 1258 2084; x_wconf 90' lang='lat' dir='ltr'><strong>sed,</strong></span> <span class='ocrx_word' id='word_1_158' title='bbox 1287 2020 1460 2072; x_wconf 85' lang='lat' dir='ltr'><strong>Pretio</strong></span> <span class='ocrx_word' id='word_1_159' title='bbox 1486 2019 1639 2086; x_wconf 77' lang='lat' dir='ltr'><strong>empti</strong></span> <span class='ocrx_word' id='word_1_160' title='bbox 1674 2018 1810 2070; x_wconf 81' lang='lat' dir='ltr'><strong>estis.</strong></span> <span class='ocrx_word' id='word_1_161' title='bbox 1838 2013 1948 2067; x_wconf 89' lang='lat' dir='ltr'><strong>Cur</strong></span> 
     </span>
    </p>
   </div>
   <div class='ocr_carea' id='block_1_21' title="bbox 367 2109 1943 2179">
    <p class='ocr_par' dir='ltr' id='par_1_21' title="bbox 367 2109 1943 2179">
     <span class='ocr_line' id='line_1_21' title="bbox 367 2109 1943 2179; baseline -0.011 -4"><span class='ocrx_word' id='word_1_162' title='bbox 367 2123 467 2175; x_wconf 90' lang='lat' dir='ltr'><strong>hoc</strong></span> <span class='ocrx_word' id='word_1_163' title='bbox 497 2119 667 2174; x_wconf 82' lang='lat' dir='ltr'><strong>dicis?</strong></span> <span class='ocrx_word' id='word_1_164' title='bbox 710 2134 829 2172; x_wconf 88' lang='lat' dir='ltr'><strong>nam</strong></span> <span class='ocrx_word' id='word_1_165' title='bbox 860 2116 1112 2178; x_wconf 88' lang='lat' dir='ltr'><strong>aliunde,</strong></span> <span class='ocrx_word' id='word_1_166' title='bbox 1153 2114 1344 2168; x_wconf 80' lang='lat' dir='ltr'><strong>dixerit</strong></span> <span class='ocrx_word' id='word_1_167' title='bbox 1387 2111 1612 2165; x_wconf 80' lang='lat' dir='ltr'><strong>fortasse</strong></span> <span class='ocrx_word' id='word_1_168' title='bbox 1650 2109 1943 2179; x_wconf 81' lang='lat' dir='ltr'><strong>quiSpiam,</strong></span> 
     </span>
    </p>
   </div>
   <div class='ocr_carea' id='block_1_22' title="bbox 366 2198 1944 2280">
    <p class='ocr_par' dir='ltr' id='par_1_22' title="bbox 366 2198 1944 2280">
     <span class='ocr_line' id='line_1_22' title="bbox 366 2198 1944 2280; baseline -0.009 -16"><span class='ocrx_word' id='word_1_169' title='bbox 366 2210 647 2280; x_wconf 75' lang='lat' dir='ltr'><strong>oportebat</strong></span> <span class='ocrx_word' id='word_1_170' title='bbox 678 2206 898 2268; x_wconf 89' lang='lat' dir='ltr'><strong>hortari,</strong></span> <span class='ocrx_word' id='word_1_171' title='bbox 929 2204 1259 2259; x_wconf 87' lang='lat' dir='ltr'><strong>ostendendo</strong></span> <span class='ocrx_word' id='word_1_172' title='bbox 1285 2219 1381 2256; x_wconf 87' lang='lat' dir='ltr'><strong>nos</strong></span> <span class='ocrx_word' id='word_1_173' title='bbox 1413 2200 1612 2254; x_wconf 90' lang='lat' dir='ltr'><strong>habere</strong></span> <span class='ocrx_word' id='word_1_174' title='bbox 1643 2198 1944 2251; x_wconf 77' lang='lat' dir='ltr'><strong>hominum.</strong></span> 
     </span>
    </p>
   </div>
   <div class='ocr_carea' id='block_1_23' title="bbox 367 2291 1945 2366">
    <p class='ocr_par' dir='ltr' id='par_1_23' title="bbox 367 2291 1945 2366">
     <span class='ocr_line' id='line_1_23' title="bbox 367 2291 1945 2366; baseline -0.01 -10"><span class='ocrx_word' id='word_1_175' title='bbox 367 2300 474 2356; x_wconf 86' lang='lat' dir='ltr'><strong>Sed</strong></span> <span class='ocrx_word' id='word_1_176' title='bbox 521 2299 621 2353; x_wconf 88' lang='lat' dir='ltr'><strong>hoc</strong></span> <span class='ocrx_word' id='word_1_177' title='bbox 663 2296 877 2366; x_wconf 83' lang='lat' dir='ltr'><strong>quidem</strong></span> <span class='ocrx_word' id='word_1_178' title='bbox 918 2310 1037 2350; x_wconf 91' lang='lat' dir='ltr'><strong>cum</strong></span> <span class='ocrx_word' id='word_1_179' title='bbox 1081 2293 1280 2348; x_wconf 68' lang='lat' dir='ltr'><strong>Grzccis</strong></span> <span class='ocrx_word' id='word_1_180' title='bbox 1318 2291 1471 2345; x_wconf 88' lang='lat' dir='ltr'><strong>nobis</strong></span> <span class='ocrx_word' id='word_1_181' title='bbox 1509 2300 1592 2344; x_wconf 89' lang='lat' dir='ltr'><strong>est</strong></span> <span class='ocrx_word' id='word_1_182' title='bbox 1629 2302 1945 2350; x_wconf 83' lang='lat' dir='ltr'><strong>commune;</strong></span> 
     </span>
    </p>
   </div>
   <div class='ocr_carea' id='block_1_24' title="bbox 371 2378 1948 2457">
    <p class='ocr_par' dir='ltr' id='par_1_24' title="bbox 371 2378 1948 2457">
     <span class='ocr_line' id='line_1_24' title="bbox 371 2378 1948 2457; baseline -0.008 -12"><span class='ocrx_word' id='word_1_183' title='bbox 371 2392 499 2445; x_wconf 90' lang='lat' dir='ltr'><strong>illud</strong></span> <span class='ocrx_word' id='word_1_184' title='bbox 523 2405 672 2454; x_wconf 84' lang='lat' dir='ltr'><strong>vero,</strong></span> <span class='ocrx_word' id='word_1_185' title='bbox 697 2387 867 2441; x_wconf 84' lang='lat' dir='ltr'><strong>Pretio</strong></span> <span class='ocrx_word' id='word_1_186' title='bbox 891 2386 1044 2457; x_wconf 83' lang='lat' dir='ltr'><strong>empti</strong></span> <span class='ocrx_word' id='word_1_187' title='bbox 1064 2386 1202 2448; x_wconf 87' lang='lat' dir='ltr'><strong>estis,</strong></span> <span class='ocrx_word' id='word_1_188' title='bbox 1229 2385 1378 2438; x_wconf 85' lang='lat' dir='ltr'><strong>nobis</strong></span> <span class='ocrx_word' id='word_1_189' title='bbox 1400 2393 1483 2438; x_wconf 91' lang='lat' dir='ltr'><strong>est</strong></span> <span class='ocrx_word' id='word_1_190' title='bbox 1516 2381 1862 2452; x_wconf 64' lang='lat' dir='ltr'><strong>praecipuum.</strong></span> <span class='ocrx_word' id='word_1_191' title='bbox 1892 2378 1948 2433; x_wconf 92' lang='lat' dir='ltr'><strong>lu</strong></span> 
     </span>
    </p>
   </div>
   <div class='ocr_carea' id='block_1_25' title="bbox 374 2475 1952 2547">
    <p class='ocr_par' dir='ltr' id='par_1_25' title="bbox 374 2475 1952 2547">
     <span class='ocr_line' id='line_1_25' title="bbox 374 2475 1952 2547; baseline -0.008 -8"><span class='ocrx_word' id='word_1_192' title='bbox 374 2485 683 2539; x_wconf 81' lang='lat' dir='ltr'><strong>memoriam</strong></span> <span class='ocrx_word' id='word_1_193' title='bbox 710 2485 850 2537; x_wconf 89' lang='lat' dir='ltr'><strong>enim</strong></span> <span class='ocrx_word' id='word_1_194' title='bbox 880 2489 1094 2536; x_wconf 86' lang='lat' dir='ltr'><strong>revocat</strong></span> <span class='ocrx_word' id='word_1_195' title='bbox 1137 2479 1376 2534; x_wconf 91' lang='lat' dir='ltr'><strong>beneﬁcii</strong></span> <span class='ocrx_word' id='word_1_196' title='bbox 1409 2475 1824 2547; x_wconf 79' lang='lat' dir='ltr'><strong>magnitudinem</strong></span> <span class='ocrx_word' id='word_1_197' title='bbox 1850 2515 1866 2536; x_wconf 87' lang='lat'><strong>,</strong></span> <span class='ocrx_word' id='word_1_198' title='bbox 1897 2480 1952 2527; x_wconf 88' lang='lat' dir='ltr'><strong>et</strong></span> 
     </span>
    </p>
   </div>
   <div class='ocr_carea' id='block_1_26' title="bbox 373 2567 1948 2636">
    <p class='ocr_par' dir='ltr' id='par_1_26' title="bbox 373 2567 1948 2636">
     <span class='ocr_line' id='line_1_26' title="bbox 373 2567 1948 2636; baseline -0.008 -7"><span class='ocrx_word' id='word_1_199' title='bbox 373 2575 560 2629; x_wconf 88' lang='lat' dir='ltr'><strong>salutis</strong></span> <span class='ocrx_word' id='word_1_200' title='bbox 583 2573 817 2636; x_wconf 89' lang='lat' dir='ltr'><strong>modum,</strong></span> <span class='ocrx_word' id='word_1_201' title='bbox 837 2571 1125 2626; x_wconf 76' lang='lat' dir='ltr'><strong>ostendens</strong></span> <span class='ocrx_word' id='word_1_202' title='bbox 1149 2584 1244 2624; x_wconf 89' lang='lat' dir='ltr'><strong>nos</strong></span> <span class='ocrx_word' id='word_1_203' title='bbox 1265 2586 1382 2625; x_wconf 91' lang='lat' dir='ltr'><strong>cum</strong></span> <span class='ocrx_word' id='word_1_204' title='bbox 1405 2569 1618 2624; x_wconf 89' lang='lat' dir='ltr'><strong>alienati</strong></span> <span class='ocrx_word' id='word_1_205' title='bbox 1643 2567 1948 2628; x_wconf 80' lang='lat' dir='ltr'><strong>fuissemus,</strong></span> 
     </span>
    </p>
   </div>
   <div class='ocr_carea' id='block_1_27' title="bbox 373 2656 1953 2735">
    <p class='ocr_par' dir='ltr' id='par_1_27' title="bbox 373 2656 1953 2735">
     <span class='ocr_line' id='line_1_27' title="bbox 373 2656 1953 2735; baseline -0.008 -14"><span class='ocrx_word' id='word_1_206' title='bbox 373 2676 583 2735; x_wconf 80' lang='lat' dir='ltr'><strong>eruptos</strong></span> <span class='ocrx_word' id='word_1_207' title='bbox 614 2665 804 2729; x_wconf 91' lang='lat' dir='ltr'><strong>fuisse;</strong></span> <span class='ocrx_word' id='word_1_208' title='bbox 834 2672 887 2718; x_wconf 90' lang='lat' dir='ltr'><strong>et</strong></span> <span class='ocrx_word' id='word_1_209' title='bbox 914 2678 1019 2718; x_wconf 91' lang='lat' dir='ltr'><strong>non</strong></span> <span class='ocrx_word' id='word_1_210' title='bbox 1046 2662 1376 2733; x_wconf 87' lang='lat' dir='ltr'><strong>simpliciter,</strong></span> <span class='ocrx_word' id='word_1_211' title='bbox 1403 2660 1496 2715; x_wconf 88' lang='lat' dir='ltr'><strong>sed</strong></span> <span class='ocrx_word' id='word_1_212' title='bbox 1526 2660 1713 2728; x_wconf 88' lang='lat' dir='ltr'><strong>pretio.</strong></span> <span class='ocrx_word' id='word_1_213' title='bbox 1746 2656 1953 2724; x_wconf 77' lang='lat' dir='ltr'><strong>Cloriﬁ-</strong></span> 
     </span>
    </p>
   </div>
   <div class='ocr_carea' id='block_1_28' title="bbox 373 2749 1950 2825">
    <p class='ocr_par' dir='ltr' id='par_1_28' title="bbox 373 2749 1950 2825">
     <span class='ocr_line' id='line_1_28' title="bbox 373 2749 1950 2825; baseline -0.006 -17"><span class='ocrx_word' id='word_1_214' title='bbox 373 2767 485 2809; x_wconf 78' lang='lat' dir='ltr'><strong>cate</strong></span> <span class='ocrx_word' id='word_1_215' title='bbox 507 2772 643 2825; x_wconf 85' lang='lat' dir='ltr'><strong>ergo.</strong></span> <span class='ocrx_word' id='word_1_216' title='bbox 673 2763 867 2824; x_wconf 84' lang='lat' dir='ltr'><strong>portate</strong></span> <span class='ocrx_word' id='word_1_217' title='bbox 890 2751 1054 2806; x_wconf 86' lang='lat' dir='ltr'><strong>Deum</strong></span> <span class='ocrx_word' id='word_1_218' title='bbox 1079 2754 1131 2806; x_wconf 82' lang='lat' dir='ltr'><strong>in</strong></span> <span class='ocrx_word' id='word_1_219' title='bbox 1160 2768 1369 2820; x_wconf 85' lang='lat' dir='ltr'><strong>corpore</strong></span> <span class='ocrx_word' id='word_1_220' title='bbox 1394 2761 1554 2806; x_wconf 80' lang='lat' dir='ltr'><strong>uestro</strong></span> <span class='ocrx_word' id='word_1_221' title='bbox 1580 2759 1625 2804; x_wconf 91' lang='lat' dir='ltr'><strong>et</strong></span> <span class='ocrx_word' id='word_1_222' title='bbox 1649 2750 1700 2802; x_wconf 88' lang='lat' dir='ltr'><strong>in</strong></span> <span class='ocrx_word' id='word_1_223' title='bbox 1748 2749 1950 2815; x_wconf 80' lang='lat' dir='ltr'><strong>spiritu.</strong></span> 
     </span>
    </p>
   </div>
   <div class='ocr_carea' id='block_1_29' title="bbox 379 2838 1956 2915">
    <p class='ocr_par' dir='ltr' id='par_1_29' title="bbox 379 2838 1956 2915">
     <span class='ocr_line' id='line_1_29' title="bbox 379 2838 1956 2915; baseline -0.006 -15"><span class='ocrx_word' id='word_1_224' title='bbox 379 2847 490 2901; x_wconf 92' lang='lat' dir='ltr'><strong>Iloc</strong></span> <span class='ocrx_word' id='word_1_225' title='bbox 516 2861 672 2915; x_wconf 86' lang='lat' dir='ltr'><strong>porro</strong></span> <span class='ocrx_word' id='word_1_226' title='bbox 698 2845 857 2908; x_wconf 88' lang='lat' dir='ltr'><strong>dicit,</strong></span> <span class='ocrx_word' id='word_1_227' title='bbox 885 2855 942 2898; x_wconf 92' lang='lat' dir='ltr'><strong>ut</strong></span> <span class='ocrx_word' id='word_1_228' title='bbox 971 2859 1075 2898; x_wconf 91' lang='lat' dir='ltr'><strong>non</strong></span> <span class='ocrx_word' id='word_1_229' title='bbox 1105 2858 1330 2912; x_wconf 88' lang='lat' dir='ltr'><strong>corpore</strong></span> <span class='ocrx_word' id='word_1_230' title='bbox 1357 2843 1530 2896; x_wconf 84' lang='lat' dir='ltr'><strong>solum</strong></span> <span class='ocrx_word' id='word_1_231' title='bbox 1561 2840 1820 2910; x_wconf 87' lang='lat' dir='ltr'><strong>fugiamus</strong></span> <span class='ocrx_word' id='word_1_232' title='bbox 1847 2838 1956 2891; x_wconf 82' lang='lat' dir='ltr'><strong>for-</strong></span> 
     </span>
    </p>
   </div>
   <div class='ocr_carea' id='block_1_30' title="bbox 379 2929 1954 3004">
    <p class='ocr_par' dir='ltr' id='par_1_30' title="bbox 379 2929 1954 3004">
     <span class='ocr_line' id='line_1_30' title="bbox 379 2929 1954 3004; baseline -0.003 -15"><span class='ocrx_word' id='word_1_233' title='bbox 379 2937 731 2999; x_wconf 85' lang='lat' dir='ltr'><strong>nicationem;</strong></span> <span class='ocrx_word' id='word_1_234' title='bbox 765 2935 856 2989; x_wconf 90' lang='lat' dir='ltr'><strong>sed</strong></span> <span class='ocrx_word' id='word_1_235' title='bbox 896 2935 1054 2988; x_wconf 89' lang='lat' dir='ltr'><strong>etiam</strong></span> <span class='ocrx_word' id='word_1_236' title='bbox 1100 2935 1153 2988; x_wconf 90' lang='lat' dir='ltr'><strong>in</strong></span> <span class='ocrx_word' id='word_1_237' title='bbox 1198 2934 1385 3004; x_wconf 83' lang='lat' dir='ltr'><strong>spiritu</strong></span> <span class='ocrx_word' id='word_1_238' title='bbox 1433 2936 1625 2987; x_wconf 78' lang='lat' dir='ltr'><strong>anima:</strong></span> <span class='ocrx_word' id='word_1_239' title='bbox 1665 2932 1791 2986; x_wconf 82' lang='lat' dir='ltr'><strong>nihil</strong></span> <span class='ocrx_word' id='word_1_240' title='bbox 1831 2929 1954 2984; x_wconf 90' lang='lat' dir='ltr'><strong>mali</strong></span> 
     </span>
    </p>
   </div>
   <div class='ocr_carea' id='block_1_31' title="bbox 378 3021 1955 3098">
    <p class='ocr_par' dir='ltr' id='par_1_31' title="bbox 378 3021 1955 3098">
     <span class='ocr_line' id='line_1_31' title="bbox 378 3021 1955 3098; baseline -0.006 -15"><span class='ocrx_word' id='word_1_241' title='bbox 378 3029 693 3098; x_wconf 86' lang='lat' dir='ltr'><strong>cogitemus.</strong></span> <span class='ocrx_word' id='word_1_242' title='bbox 717 3043 814 3081; x_wconf 83' lang='lat' dir='ltr'><strong>nec</strong></span> <span class='ocrx_word' id='word_1_243' title='bbox 836 3026 1057 3096; x_wconf 89' lang='lat' dir='ltr'><strong>gratiam</strong></span> <span class='ocrx_word' id='word_1_244' title='bbox 1079 3025 1372 3096; x_wconf 82' lang='lat' dir='ltr'><strong>abigamus.</strong></span> <span class='ocrx_word' id='word_1_245' title='bbox 1399 3025 1526 3094; x_wconf 69' lang='lat' dir='ltr'><strong>Qua:</strong></span> <span class='ocrx_word' id='word_1_246' title='bbox 1545 3033 1661 3078; x_wconf 83' lang='lat' dir='ltr'><strong>sunt</strong></span> <span class='ocrx_word' id='word_1_247' title='bbox 1684 3022 1794 3076; x_wconf 86' lang='lat' dir='ltr'><strong>Dei.</strong></span> <span class='ocrx_word' id='word_1_248' title='bbox 1822 3021 1955 3088; x_wconf 79' lang='lat' dir='ltr'><strong>Quia</strong></span> 
     </span>
    </p>
   </div>
   <div class='ocr_carea' id='block_1_32' title="bbox 379 3115 1958 3187">
    <p class='ocr_par' dir='ltr' id='par_1_32' title="bbox 379 3115 1958 3187">
     <span class='ocr_line' id='line_1_32' title="bbox 379 3115 1958 3187; baseline -0.007 -12"><span class='ocrx_word' id='word_1_249' title='bbox 379 3121 522 3176; x_wconf 90' lang='lat' dir='ltr'><strong>enim</strong></span> <span class='ocrx_word' id='word_1_250' title='bbox 549 3121 703 3182; x_wconf 85' lang='lat' dir='ltr'><strong>dixit,</strong></span> <span class='ocrx_word' id='word_1_251' title='bbox 740 3117 934 3182; x_wconf 83' lang='lat' dir='ltr'><strong>Vestro,</strong></span> <span class='ocrx_word' id='word_1_252' title='bbox 965 3118 1086 3173; x_wconf 87' lang='lat' dir='ltr'><strong>ideo</strong></span> <span class='ocrx_word' id='word_1_253' title='bbox 1114 3118 1325 3187; x_wconf 88' lang='lat' dir='ltr'><strong>adjicit,</strong></span> <span class='ocrx_word' id='word_1_254' title='bbox 1357 3117 1483 3185; x_wconf 72' lang='lat' dir='ltr'><strong>Quae</strong></span> <span class='ocrx_word' id='word_1_255' title='bbox 1511 3127 1628 3171; x_wconf 84' lang='lat' dir='ltr'><strong>sunt</strong></span> <span class='ocrx_word' id='word_1_256' title='bbox 1658 3115 1784 3178; x_wconf 87' lang='lat' dir='ltr'><strong>Dei;</strong></span> <span class='ocrx_word' id='word_1_257' title='bbox 1815 3129 1958 3183; x_wconf 76' lang='lat' dir='ltr'><strong>szepe</strong></span> 
     </span>
    </p>
   </div>
   <div class='ocr_carea' id='block_1_33' title="bbox 382 3207 1956 3278">
    <p class='ocr_par' dir='ltr' id='par_1_33' title="bbox 382 3207 1956 3278">
     <span class='ocr_line' id='line_1_33' title="bbox 382 3207 1956 3278; baseline -0.005 -11"><span class='ocrx_word' id='word_1_258' title='bbox 382 3214 534 3267; x_wconf 88' lang='lat' dir='ltr'><strong>nobis</strong></span> <span class='ocrx_word' id='word_1_259' title='bbox 576 3214 625 3266; x_wconf 91' lang='lat' dir='ltr'><strong>in</strong></span> <span class='ocrx_word' id='word_1_260' title='bbox 666 3211 978 3266; x_wconf 91' lang='lat' dir='ltr'><strong>memoriam</strong></span> <span class='ocrx_word' id='word_1_261' title='bbox 1019 3224 1309 3278; x_wconf 82' lang='lat' dir='ltr'><strong>revocans,</strong></span> <span class='ocrx_word' id='word_1_262' title='bbox 1340 3211 1515 3264; x_wconf 87' lang='lat' dir='ltr'><strong>omnia</strong></span> <span class='ocrx_word' id='word_1_263' title='bbox 1558 3207 1765 3264; x_wconf 91' lang='lat' dir='ltr'><strong>Domini</strong></span> <span class='ocrx_word' id='word_1_264' title='bbox 1796 3221 1916 3260; x_wconf 89' lang='lat' dir='ltr'><strong>esse</strong></span> <span class='ocrx_word' id='word_1_265' title='bbox 1941 3247 1956 3268; x_wconf 83' lang='lat'><strong>.</strong></span> 
     </span>
    </p>
   </div>
   <div class='ocr_carea' id='block_1_34' title="bbox 381 3298 1957 3374">
    <p class='ocr_par' dir='ltr' id='par_1_34' title="bbox 381 3298 1957 3374">
     <span class='ocr_line' id='line_1_34' title="bbox 381 3298 1957 3374; baseline -0.005 -14"><span class='ocrx_word' id='word_1_266' title='bbox 381 3321 577 3374; x_wconf 86' lang='lat' dir='ltr'><strong>corpus</strong></span> <span class='ocrx_word' id='word_1_267' title='bbox 601 3347 616 3370; x_wconf 99' lang='lat'><strong>,</strong></span> <span class='ocrx_word' id='word_1_268' title='bbox 648 3305 878 3358; x_wconf 87' lang='lat' dir='ltr'><strong>animam</strong></span> <span class='ocrx_word' id='word_1_269' title='bbox 910 3314 965 3357; x_wconf 91' lang='lat' dir='ltr'><strong>et</strong></span> <span class='ocrx_word' id='word_1_270' title='bbox 993 3303 1259 3372; x_wconf 90' lang='lat' dir='ltr'><strong>spiritum.</strong></span> <span class='ocrx_word' id='word_1_271' title='bbox 1307 3303 1591 3358; x_wconf 88' lang='lat' dir='ltr'><strong>Enimvero</strong></span> <span class='ocrx_word' id='word_1_272' title='bbox 1619 3299 1832 3372; x_wconf 88' lang='lat' dir='ltr'><strong>quidam</strong></span> <span class='ocrx_word' id='word_1_273' title='bbox 1873 3298 1957 3352; x_wconf 83' lang='lat' dir='ltr'><strong>di-</strong></span> 
     </span>
    </p>
   </div>
   <div class='ocr_carea' id='block_1_35' title="bbox 383 3391 1958 3465">
    <p class='ocr_par' dir='ltr' id='par_1_35' title="bbox 383 3391 1958 3465">
     <span class='ocr_line' id='line_1_35' title="bbox 383 3391 1958 3465; baseline -0.006 -13"><span class='ocrx_word' id='word_1_274' title='bbox 383 3407 544 3462; x_wconf 90' lang='lat' dir='ltr'><strong>eunt,</strong></span> <span class='ocrx_word' id='word_1_275' title='bbox 596 3396 723 3452; x_wconf 91' lang='lat' dir='ltr'><strong>illud</strong></span> <span class='ocrx_word' id='word_1_276' title='bbox 779 3395 845 3450; x_wconf 83' lang='lat' dir='ltr'><strong>In</strong></span> <span class='ocrx_word' id='word_1_277' title='bbox 899 3397 1114 3465; x_wconf 83' lang='lat' dir='ltr'><strong>spiritu,</strong></span> <span class='ocrx_word' id='word_1_278' title='bbox 1164 3395 1268 3451; x_wconf 90' lang='lat' dir='ltr'><strong>dici</strong></span> <span class='ocrx_word' id='word_1_279' title='bbox 1317 3395 1466 3464; x_wconf 89' lang='lat' dir='ltr'><strong>quasi</strong></span> <span class='ocrx_word' id='word_1_280' title='bbox 1517 3394 1568 3448; x_wconf 92' lang='lat' dir='ltr'><strong>iu</strong></span> <span class='ocrx_word' id='word_1_281' title='bbox 1616 3391 1958 3450; x_wconf 85' lang='lat' dir='ltr'><strong>charismate.</strong></span> 
     </span>
    </p>
   </div>
   <div class='ocr_carea' id='block_1_36' title="bbox 384 3485 1964 3557">
    <p class='ocr_par' dir='ltr' id='par_1_36' title="bbox 384 3485 1964 3557">
     <span class='ocr_line' id='line_1_36' title="bbox 384 3485 1964 3557; baseline -0.004 -12"><span class='ocrx_word' id='word_1_282' title='bbox 384 3491 515 3546; x_wconf 82' lang='lat' dir='ltr'><strong>Nam</strong></span> <span class='ocrx_word' id='word_1_283' title='bbox 545 3490 588 3544; x_wconf 89' lang='lat' dir='ltr'><strong>si</strong></span> <span class='ocrx_word' id='word_1_284' title='bbox 634 3489 758 3544; x_wconf 92' lang='lat' dir='ltr'><strong>illud</strong></span> <span class='ocrx_word' id='word_1_285' title='bbox 796 3489 848 3544; x_wconf 92' lang='lat' dir='ltr'><strong>in</strong></span> <span class='ocrx_word' id='word_1_286' title='bbox 885 3488 1039 3545; x_wconf 91' lang='lat' dir='ltr'><strong>nobis</strong></span> <span class='ocrx_word' id='word_1_287' title='bbox 1075 3488 1273 3554; x_wconf 85' lang='lat' dir='ltr'><strong>fuerit,</strong></span> <span class='ocrx_word' id='word_1_288' title='bbox 1303 3488 1442 3543; x_wconf 86' lang='lat' dir='ltr'><strong>Deus</strong></span> <span class='ocrx_word' id='word_1_289' title='bbox 1467 3486 1832 3557; x_wconf 76' lang='lat' dir='ltr'><strong>glorificatur;</strong></span> <span class='ocrx_word' id='word_1_290' title='bbox 1861 3485 1964 3540; x_wconf 91' lang='lat' dir='ltr'><strong>erit</strong></span> 
     </span>
    </p>
   </div>
   <div class='ocr_carea' id='block_1_37' title="bbox 385 3577 1965 3645">
    <p class='ocr_par' dir='ltr' id='par_1_37' title="bbox 385 3577 1965 3645">
     <span class='ocr_line' id='line_1_37' title="bbox 385 3577 1965 3645; baseline -0.001 -11"><span class='ocrx_word' id='word_1_291' title='bbox 385 3595 582 3645; x_wconf 81' lang='lat' dir='ltr'><strong>autem,</strong></span> <span class='ocrx_word' id='word_1_292' title='bbox 607 3582 650 3635; x_wconf 92' lang='lat' dir='ltr'><strong>si</strong></span> <span class='ocrx_word' id='word_1_293' title='bbox 675 3596 768 3635; x_wconf 91' lang='lat' dir='ltr'><strong>cor</strong></span> <span class='ocrx_word' id='word_1_294' title='bbox 790 3579 1382 3636; x_wconf 79' lang='lat' dir='ltr'><strong>mundum‘habeamus.</strong></span> <span class='ocrx_word' id='word_1_295' title='bbox 1412 3579 1504 3634; x_wconf 90' lang='lat' dir='ltr'><strong>Dei</strong></span> <span class='ocrx_word' id='word_1_296' title='bbox 1529 3589 1704 3633; x_wconf 88' lang='lat' dir='ltr'><strong>autem</strong></span> <span class='ocrx_word' id='word_1_297' title='bbox 1734 3577 1820 3632; x_wconf 80' lang='lat' dir='ltr'><strong>illa</strong></span> <span class='ocrx_word' id='word_1_298' title='bbox 1844 3591 1965 3632; x_wconf 88' lang='lat' dir='ltr'><strong>esse</strong></span> 
     </span>
    </p>
   </div>
   <div class='ocr_carea' id='block_1_38' title="bbox 385 3670 1968 3743">
    <p class='ocr_par' dir='ltr' id='par_1_38' title="bbox 385 3670 1968 3743">
     <span class='ocr_line' id='line_1_38' title="bbox 385 3670 1968 3743; baseline 0 -19"><span class='ocrx_word' id='word_1_299' title='bbox 385 3672 536 3734; x_wconf 86' lang='lat' dir='ltr'><strong>dixit.</strong></span> <span class='ocrx_word' id='word_1_300' title='bbox 562 3689 667 3726; x_wconf 90' lang='lat' dir='ltr'><strong>non</strong></span> <span class='ocrx_word' id='word_1_301' title='bbox 697 3672 854 3727; x_wconf 91' lang='lat' dir='ltr'><strong>modo</strong></span> <span class='ocrx_word' id='word_1_302' title='bbox 877 3672 998 3743; x_wconf 89' lang='lat' dir='ltr'><strong>quia</strong></span> <span class='ocrx_word' id='word_1_303' title='bbox 1026 3672 1114 3726; x_wconf 90' lang='lat' dir='ltr'><strong>illa</strong></span> <span class='ocrx_word' id='word_1_304' title='bbox 1140 3672 1409 3742; x_wconf 81' lang='lat' dir='ltr'><strong>produxit,</strong></span> <span class='ocrx_word' id='word_1_305' title='bbox 1433 3670 1528 3727; x_wconf 93' lang='lat' dir='ltr'><strong>sed</strong></span> <span class='ocrx_word' id='word_1_306' title='bbox 1554 3670 1674 3742; x_wconf 89' lang='lat' dir='ltr'><strong>quia</strong></span> <span class='ocrx_word' id='word_1_307' title='bbox 1699 3670 1968 3726; x_wconf 82' lang='lat' dir='ltr'><strong>abaliena-</strong></span> 
     </span>
    </p>
   </div>
   <div class='ocr_carea' id='block_1_39' title="bbox 389 3763 1964 3833">
    <p class='ocr_par' dir='ltr' id='par_1_39' title="bbox 389 3763 1964 3833">
     <span class='ocr_line' id='line_1_39' title="bbox 389 3763 1964 3833; baseline -0.001 -17"><span class='ocrx_word' id='word_1_308' title='bbox 389 3775 438 3816; x_wconf 88' lang='lat' dir='ltr'><strong>ta</strong></span> <span class='ocrx_word' id='word_1_309' title='bbox 481 3763 715 3818; x_wconf 90' lang='lat' dir='ltr'><strong>secundo</strong></span> <span class='ocrx_word' id='word_1_310' title='bbox 760 3779 944 3817; x_wconf 84' lang='lat' dir='ltr'><strong>rursus</strong></span> <span class='ocrx_word' id='word_1_311' title='bbox 985 3763 1302 3831; x_wconf 88' lang='lat' dir='ltr'><strong>acquisivit,</strong></span> <span class='ocrx_word' id='word_1_312' title='bbox 1335 3765 1562 3833; x_wconf 85' lang='lat' dir='ltr'><strong>pretium</strong></span> <span class='ocrx_word' id='word_1_313' title='bbox 1607 3777 1810 3833; x_wconf 89' lang='lat' dir='ltr'><strong>ponens</strong></span> <span class='ocrx_word' id='word_1_314' title='bbox 1838 3775 1964 3815; x_wconf 85' lang='lat' dir='ltr'><strong>sau-</strong></span> 
     </span>
    </p>
   </div>
   <div class='ocr_carea' id='block_1_40' title="bbox 387 3851 1961 3921">
    <p class='ocr_par' dir='ltr' id='par_1_40' title="bbox 387 3851 1961 3921">
     <span class='ocr_line' id='line_1_40' title="bbox 387 3851 1961 3921; baseline -0.002 -16"><span class='ocrx_word' id='word_1_315' title='bbox 387 3855 600 3920; x_wconf 70' lang='lat' dir='ltr'><strong>guiuem</strong></span> <span class='ocrx_word' id='word_1_316' title='bbox 625 3853 763 3907; x_wconf 76' lang='lat' dir='ltr'><strong>Filii.</strong></span> <span class='ocrx_word' id='word_1_317' title='bbox 787 3852 914 3906; x_wconf 84' lang='lat' dir='ltr'><strong>Vide</strong></span> <span class='ocrx_word' id='word_1_318' title='bbox 934 3855 1202 3921; x_wconf 85' lang='lat' dir='ltr'><strong>quomodo</strong></span> <span class='ocrx_word' id='word_1_319' title='bbox 1221 3854 1271 3907; x_wconf 82' lang='lat' dir='ltr'><strong>in</strong></span> <span class='ocrx_word' id='word_1_320' title='bbox 1292 3853 1506 3908; x_wconf 80' lang='lat' dir='ltr'><strong>Christo</strong></span> <span class='ocrx_word' id='word_1_321' title='bbox 1527 3862 1693 3908; x_wconf 89' lang='lat' dir='ltr'><strong>totum</strong></span> <span class='ocrx_word' id='word_1_322' title='bbox 1717 3851 1961 3921; x_wconf 79' lang='lat' dir='ltr'><strong>perleCit:</strong></span> 
     </span>
    </p>
   </div>
   <div class='ocr_carea' id='block_1_41' title="bbox 389 3939 1968 4011">
    <p class='ocr_par' dir='ltr' id='par_1_41' title="bbox 389 3939 1968 4011">
     <span class='ocr_line' id='line_1_41' title="bbox 389 3939 1968 4011; baseline 0 -17"><span class='ocrx_word' id='word_1_323' title='bbox 389 3942 656 4011; x_wconf 82' lang='lat' dir='ltr'><strong>quomodo</strong></span> <span class='ocrx_word' id='word_1_324' title='bbox 685 3958 780 3996; x_wconf 92' lang='lat' dir='ltr'><strong>uos</strong></span> <span class='ocrx_word' id='word_1_325' title='bbox 811 3943 862 3995; x_wconf 94' lang='lat' dir='ltr'><strong>iu</strong></span> <span class='ocrx_word' id='word_1_326' title='bbox 891 3943 1079 3997; x_wconf 84' lang='lat' dir='ltr'><strong>ca-lutu</strong></span> <span class='ocrx_word' id='word_1_327' title='bbox 1110 3943 1347 3997; x_wconf 85' lang='lat' dir='ltr'><strong>adduxit.</strong></span> <span class='ocrx_word' id='word_1_328' title='bbox 1394 3943 1625 3998; x_wconf 85' lang='lat' dir='ltr'><strong>Membra</strong></span> <span class='ocrx_word' id='word_1_329' title='bbox 1655 3944 1784 3998; x_wconf 90' lang='lat' dir='ltr'><strong>estis</strong></span> <span class='ocrx_word' id='word_1_330' title='bbox 1813 3939 1968 3997; x_wconf 87' lang='lat' dir='ltr'><strong>Chri-</strong></span> 
     </span>
    </p>
   </div>
   <div class='ocr_carea' id='block_1_42' title="bbox 391 4034 1969 4104">
    <p class='ocr_par' dir='ltr' id='par_1_42' title="bbox 391 4034 1969 4104">
     <span class='ocr_line' id='line_1_42' title="bbox 391 4034 1969 4104; baseline -0.003 -13"><span class='ocrx_word' id='word_1_331' title='bbox 391 4038 496 4101; x_wconf 88' lang='lat' dir='ltr'><strong>sti,</strong></span> <span class='ocrx_word' id='word_1_332' title='bbox 545 4035 752 4104; x_wconf 49' lang='lat' dir='ltr'><strong>inqnit“,</strong></span> <span class='ocrx_word' id='word_1_333' title='bbox 799 4034 1054 4104; x_wconf 89' lang='lat' dir='ltr'><strong>templum</strong></span> <span class='ocrx_word' id='word_1_334' title='bbox 1098 4035 1230 4089; x_wconf 89' lang='lat' dir='ltr'><strong>estis</strong></span> <span class='ocrx_word' id='word_1_335' title='bbox 1275 4034 1504 4103; x_wconf 87' lang='lat' dir='ltr'><strong>Spiritus</strong></span> <span class='ocrx_word' id='word_1_336' title='bbox 1536 4051 1549 4087; x_wconf 89' lang='lat'>:</span> <span class='ocrx_word' id='word_1_337' title='bbox 1579 4050 1644 4088; x_wconf 91' lang='lat' dir='ltr'><strong>ue</strong></span> <span class='ocrx_word' id='word_1_338' title='bbox 1687 4049 1816 4103; x_wconf 82' lang='lat' dir='ltr'><strong>ergo</strong></span> <span class='ocrx_word' id='word_1_339' title='bbox 1853 4034 1969 4087; x_wconf 87' lang='lat' dir='ltr'><strong>sitis</strong></span> 
     </span>
    </p>
   </div>
   <div class='ocr_carea' id='block_1_43' title="bbox 391 4125 1969 4194">
    <p class='ocr_par' dir='ltr' id='par_1_43' title="bbox 391 4125 1969 4194">
     <span class='ocr_line' id='line_1_43' title="bbox 391 4125 1969 4194; baseline -0.004 -11"><span class='ocrx_word' id='word_1_340' title='bbox 391 4129 628 4183; x_wconf 88' lang='lat' dir='ltr'><strong>membra</strong></span> <span class='ocrx_word' id='word_1_341' title='bbox 661 4126 956 4181; x_wconf 85' lang='lat' dir='ltr'><strong>meretricis</strong></span> <span class='ocrx_word' id='word_1_342' title='bbox 996 4143 1008 4179; x_wconf 93' lang='lat'>:</span> <span class='ocrx_word' id='word_1_343' title='bbox 1048 4140 1150 4179; x_wconf 91' lang='lat' dir='ltr'><strong>non</strong></span> <span class='ocrx_word' id='word_1_344' title='bbox 1183 4125 1324 4180; x_wconf 91' lang='lat' dir='ltr'><strong>enim</strong></span> <span class='ocrx_word' id='word_1_345' title='bbox 1356 4140 1548 4194; x_wconf 91' lang='lat' dir='ltr'><strong>corpus</strong></span> <span class='ocrx_word' id='word_1_346' title='bbox 1575 4134 1810 4179; x_wconf 91' lang='lat' dir='ltr'><strong>vestrum</strong></span> <span class='ocrx_word' id='word_1_347' title='bbox 1836 4138 1969 4178; x_wconf 68' lang='lat' dir='ltr'><strong>cono</strong></span> 
     </span>
    </p>
   </div>
   <div class='ocr_carea' id='block_1_44' title="bbox 391 4213 1969 4287">
    <p class='ocr_par' dir='ltr' id='par_1_44' title="bbox 391 4213 1969 4287">
     <span class='ocr_line' id='line_1_44' title="bbox 391 4213 1969 4287; baseline -0.003 -13"><span class='ocrx_word' id='word_1_348' title='bbox 391 4221 606 4276; x_wconf 83' lang='lat' dir='ltr'><strong>tumelia</strong></span> <span class='ocrx_word' id='word_1_349' title='bbox 654 4218 919 4278; x_wconf 86' lang='lat' dir='ltr'><strong>afﬁcitur;</strong></span> <span class='ocrx_word' id='word_1_350' title='bbox 982 4233 1151 4286; x_wconf 91' lang='lat' dir='ltr'><strong>neque</strong></span> <span class='ocrx_word' id='word_1_351' title='bbox 1197 4231 1393 4287; x_wconf 89' lang='lat' dir='ltr'><strong>corpus</strong></span> <span class='ocrx_word' id='word_1_352' title='bbox 1431 4225 1664 4271; x_wconf 90' lang='lat' dir='ltr'><strong>vestrum</strong></span> <span class='ocrx_word' id='word_1_353' title='bbox 1711 4224 1831 4282; x_wconf 89' lang='lat' dir='ltr'><strong>est,</strong></span> <span class='ocrx_word' id='word_1_354' title='bbox 1875 4213 1969 4270; x_wconf 90' lang='lat' dir='ltr'><strong>sed</strong></span> 
     </span>
    </p>
   </div>
   <div class='ocr_carea' id='block_1_45' title="bbox 389 4307 1970 4381">
    <p class='ocr_par' dir='ltr' id='par_1_45' title="bbox 389 4307 1970 4381">
     <span class='ocr_line' id='line_1_45' title="bbox 389 4307 1970 4381; baseline 0 -18"><span class='ocrx_word' id='word_1_355' title='bbox 389 4311 608 4366; x_wconf 80' lang='lat' dir='ltr'><strong>Christi.</strong></span> <span class='ocrx_word' id='word_1_356' title='bbox 661 4311 783 4366; x_wconf 67' lang='lat' dir='ltr'><strong>llaec</strong></span> <span class='ocrx_word' id='word_1_357' title='bbox 825 4324 986 4381; x_wconf 89' lang='lat' dir='ltr'><strong>porro</strong></span> <span class='ocrx_word' id='word_1_358' title='bbox 1025 4309 1196 4376; x_wconf 88' lang='lat' dir='ltr'><strong>dixit,</strong></span> <span class='ocrx_word' id='word_1_359' title='bbox 1241 4309 1399 4364; x_wconf 90' lang='lat' dir='ltr'><strong>simul</strong></span> <span class='ocrx_word' id='word_1_360' title='bbox 1439 4308 1818 4376; x_wconf 80' lang='lat' dir='ltr'><strong>benignitatem</strong></span> <span class='ocrx_word' id='word_1_361' title='bbox 1855 4307 1970 4376; x_wconf 85' lang='lat' dir='ltr'><strong>ejus</strong></span> 
     </span>
    </p>
   </div>
   <div class='ocr_carea' id='block_1_46' title="bbox 390 4401 1967 4473">
    <p class='ocr_par' dir='ltr' id='par_1_46' title="bbox 390 4401 1967 4473">
     <span class='ocr_line' id='line_1_46' title="bbox 390 4401 1967 4473; baseline -0.003 -16"><span class='ocrx_word' id='word_1_362' title='bbox 390 4405 716 4468; x_wconf 73' lang='lat' dir='ltr'><strong>ostendens,</strong></span> <span class='ocrx_word' id='word_1_363' title='bbox 748 4403 887 4473; x_wconf 87' lang='lat' dir='ltr'><strong>quod</strong></span> <span class='ocrx_word' id='word_1_364' title='bbox 928 4417 1124 4473; x_wconf 92' lang='lat' dir='ltr'><strong>corpus</strong></span> <span class='ocrx_word' id='word_1_365' title='bbox 1163 4412 1401 4456; x_wconf 91' lang='lat' dir='ltr'><strong>nostrum</strong></span> <span class='ocrx_word' id='word_1_366' title='bbox 1440 4401 1510 4456; x_wconf 91' lang='lat' dir='ltr'><strong>sit</strong></span> <span class='ocrx_word' id='word_1_367' title='bbox 1537 4416 1689 4455; x_wconf 90' lang='lat' dir='ltr'><strong>suum</strong></span> <span class='ocrx_word' id='word_1_368' title='bbox 1714 4443 1730 4466; x_wconf 91' lang='lat'><strong>,</strong></span> <span class='ocrx_word' id='word_1_369' title='bbox 1761 4410 1814 4456; x_wconf 92' lang='lat' dir='ltr'><strong>et</strong></span> <span class='ocrx_word' id='word_1_370' title='bbox 1855 4409 1911 4453; x_wconf 94' lang='lat' dir='ltr'><strong>ut</strong></span> <span class='ocrx_word' id='word_1_371' title='bbox 1939 4413 1967 4452; x_wconf 93' lang='lat' dir='ltr'><strong>a</strong></span> 
     </span>
    </p>
   </div>
   <div class='ocr_carea' id='block_1_47' title="bbox 392 4491 1971 4566">
    <p class='ocr_par' dir='ltr' id='par_1_47' title="bbox 392 4491 1971 4566">
     <span class='ocr_line' id='line_1_47' title="bbox 392 4491 1971 4566; baseline -0.004 -16"><span class='ocrx_word' id='word_1_372' title='bbox 392 4496 619 4566; x_wconf 84' lang='lat' dir='ltr'><strong>maligna</strong></span> <span class='ocrx_word' id='word_1_373' title='bbox 665 4501 925 4564; x_wconf 84' lang='lat' dir='ltr'><strong>potestate</strong></span> <span class='ocrx_word' id='word_1_374' title='bbox 969 4508 1066 4548; x_wconf 92' lang='lat' dir='ltr'><strong>nos</strong></span> <span class='ocrx_word' id='word_1_375' title='bbox 1103 4494 1314 4562; x_wconf 81' lang='lat' dir='ltr'><strong>eripiat.</strong></span> <span class='ocrx_word' id='word_1_376' title='bbox 1356 4491 1488 4546; x_wconf 85' lang='lat' dir='ltr'><strong>Nam</strong></span> <span class='ocrx_word' id='word_1_377' title='bbox 1528 4492 1572 4546; x_wconf 89' lang='lat' dir='ltr'><strong>si</strong></span> <span class='ocrx_word' id='word_1_378' title='bbox 1613 4493 1845 4546; x_wconf 89' lang='lat' dir='ltr'><strong>alienum</strong></span> <span class='ocrx_word' id='word_1_379' title='bbox 1887 4500 1971 4545; x_wconf 90' lang='lat' dir='ltr'><strong>est</strong></span> 
     </span>
    </p>
   </div>
   <div class='ocr_carea' id='block_1_48' title="bbox 390 4584 1969 4655">
    <p class='ocr_par' dir='ltr' id='par_1_48' title="bbox 390 4584 1969 4655">
     <span class='ocr_line' id='line_1_48' title="bbox 390 4584 1969 4655; baseline -0.003 -14"><span class='ocrx_word' id='word_1_380' title='bbox 390 4599 586 4654; x_wconf 84' lang='lat' dir='ltr'><strong>corpus</strong></span> <span class='ocrx_word' id='word_1_381' title='bbox 608 4626 624 4651; x_wconf 97' lang='lat'><strong>,</strong></span> <span class='ocrx_word' id='word_1_382' title='bbox 656 4599 761 4638; x_wconf 90' lang='lat' dir='ltr'><strong>non</strong></span> <span class='ocrx_word' id='word_1_383' title='bbox 793 4593 1108 4655; x_wconf 85' lang='lat' dir='ltr'><strong>potestatem</strong></span> <span class='ocrx_word' id='word_1_384' title='bbox 1149 4584 1357 4639; x_wconf 86' lang='lat' dir='ltr'><strong>habetis</strong></span> <span class='ocrx_word' id='word_1_385' title='bbox 1387 4585 1544 4637; x_wconf 88' lang='lat' dir='ltr'><strong>alieni</strong></span> <span class='ocrx_word' id='word_1_386' title='bbox 1571 4585 1810 4652; x_wconf 86' lang='lat' dir='ltr'><strong>corporis</strong></span> <span class='ocrx_word' id='word_1_387' title='bbox 1837 4600 1969 4636; x_wconf 79' lang='lat' dir='ltr'><strong>con-</strong></span> 
     </span>
    </p>
   </div>
   <div class='ocr_carea' id='block_1_49' title="bbox 393 4674 1970 4744">
    <p class='ocr_par' dir='ltr' id='par_1_49' title="bbox 393 4674 1970 4744">
     <span class='ocr_line' id='line_1_49' title="bbox 393 4674 1970 4744; baseline -0.004 -14"><span class='ocrx_word' id='word_1_388' title='bbox 393 4677 608 4730; x_wconf 79' lang='lat' dir='ltr'><strong>tuitu-lia</strong></span> <span class='ocrx_word' id='word_1_389' title='bbox 638 4674 900 4729; x_wconf 83' lang='lat' dir='ltr'><strong>alliciendi</strong></span> <span class='ocrx_word' id='word_1_390' title='bbox 925 4715 940 4740; x_wconf 90' lang='lat'><strong>,</strong></span> <span class='ocrx_word' id='word_1_391' title='bbox 974 4675 1140 4744; x_wconf 89' lang='lat' dir='ltr'><strong>inquit</strong></span> <span class='ocrx_word' id='word_1_392' title='bbox 1166 4718 1180 4739; x_wconf 97' lang='lat'><strong>,</strong></span> <span class='ocrx_word' id='word_1_393' title='bbox 1209 4675 1440 4728; x_wconf 80' lang='lat' dir='ltr'><strong>maxime</strong></span> <span class='ocrx_word' id='word_1_394' title='bbox 1465 4688 1592 4727; x_wconf 89' lang='lat' dir='ltr'><strong>vero</strong></span> <span class='ocrx_word' id='word_1_395' title='bbox 1619 4688 1738 4727; x_wconf 90' lang='lat' dir='ltr'><strong>cum</strong></span> <span class='ocrx_word' id='word_1_396' title='bbox 1770 4675 1836 4727; x_wconf 96' lang='lat' dir='ltr'><strong>sit</strong></span> <span class='ocrx_word' id='word_1_397' title='bbox 1870 4674 1970 4725; x_wconf 72' lang='lat' dir='ltr'><strong>llo-</strong></span> 
     </span>
    </p>
   </div>
   <div class='ocr_carea' id='block_1_50' title="bbox 392 4765 1969 4836">
    <p class='ocr_par' dir='ltr' id='par_1_50' title="bbox 392 4765 1969 4836">
     <span class='ocr_line' id='line_1_50' title="bbox 392 4765 1969 4836; baseline -0.001 -15"><span class='ocrx_word' id='word_1_398' title='bbox 392 4766 664 4825; x_wconf 84' lang='lat' dir='ltr'><strong>minieum.</strong></span> <span class='ocrx_word' id='word_1_399' title='bbox 691 4781 863 4836; x_wconf 89' lang='lat' dir='ltr'><strong>neque</strong></span> <span class='ocrx_word' id='word_1_400' title='bbox 886 4767 1140 4836; x_wconf 88' lang='lat' dir='ltr'><strong>templum</strong></span> <span class='ocrx_word' id='word_1_401' title='bbox 1165 4767 1393 4834; x_wconf 88' lang='lat' dir='ltr'><strong>Spiritus</strong></span> <span class='ocrx_word' id='word_1_402' title='bbox 1420 4765 1742 4832; x_wconf 89' lang='lat' dir='ltr'><strong>inquinandi.</strong></span> <span class='ocrx_word' id='word_1_403' title='bbox 1774 4765 1827 4820; x_wconf 90' lang='lat' dir='ltr'><strong>Si</strong></span> <span class='ocrx_word' id='word_1_404' title='bbox 1851 4767 1969 4836; x_wconf 91' lang='lat' dir='ltr'><strong>quis</strong></span> 
     </span>
    </p>
   </div>
   <div class='ocr_carea' id='block_1_51' title="bbox 391 4857 1972 4932">
    <p class='ocr_par' dir='ltr' id='par_1_51' title="bbox 391 4857 1972 4932">
     <span class='ocr_line' id='line_1_51' title="bbox 391 4857 1972 4932; baseline -0.001 -19"><span class='ocrx_word' id='word_1_405' title='bbox 391 4863 532 4915; x_wconf 84' lang='lat' dir='ltr'><strong>eiiim</strong></span> <span class='ocrx_word' id='word_1_406' title='bbox 581 4861 835 4932; x_wconf 83' lang='lat' dir='ltr'><strong>privatam</strong></span> <span class='ocrx_word' id='word_1_407' title='bbox 873 4859 1092 4914; x_wconf 90' lang='lat' dir='ltr'><strong>domum</strong></span> <span class='ocrx_word' id='word_1_408' title='bbox 1133 4860 1402 4928; x_wconf 85' lang='lat' dir='ltr'><strong>ingressus</strong></span> <span class='ocrx_word' id='word_1_409' title='bbox 1425 4899 1439 4920; x_wconf 83' lang='lat'><strong>,</strong></span> <span class='ocrx_word' id='word_1_410' title='bbox 1471 4858 1770 4928; x_wconf 84' lang='lat' dir='ltr'><strong>petulanter</strong></span> <span class='ocrx_word' id='word_1_411' title='bbox 1805 4857 1972 4928; x_wconf 89' lang='lat' dir='ltr'><strong>egerit</strong></span> 
     </span>
    </p>
   </div>
   <div class='ocr_carea' id='block_1_52' title="bbox 392 4949 1970 5022">
    <p class='ocr_par' dir='ltr' id='par_1_52' title="bbox 392 4949 1970 5022">
     <span class='ocr_line' id='line_1_52' title="bbox 392 4949 1970 5022; baseline 0 -16"><span class='ocrx_word' id='word_1_412' title='bbox 392 4955 442 5007; x_wconf 93' lang='lat' dir='ltr'><strong>iu</strong></span> <span class='ocrx_word' id='word_1_413' title='bbox 490 4953 577 5007; x_wconf 89' lang='lat' dir='ltr'><strong>illa</strong></span> <span class='ocrx_word' id='word_1_414' title='bbox 602 4995 616 5017; x_wconf 93' lang='lat'><strong>,</strong></span> <span class='ocrx_word' id='word_1_415' title='bbox 644 4961 914 5008; x_wconf 81' lang='lat' dir='ltr'><strong>extremas</strong></span> <span class='ocrx_word' id='word_1_416' title='bbox 952 4949 1101 5005; x_wconf 87' lang='lat' dir='ltr'><strong>dabit</strong></span> <span class='ocrx_word' id='word_1_417' title='bbox 1147 4966 1331 5019; x_wconf 65' lang='lat' dir='ltr'><strong>pinnas</strong></span> <span class='ocrx_word' id='word_1_418' title='bbox 1360 4968 1373 5004; x_wconf 90' lang='lat'><strong>:</strong></span> <span class='ocrx_word' id='word_1_419' title='bbox 1402 4951 1489 5020; x_wconf 86' lang='lat' dir='ltr'><strong>qui</strong></span> <span class='ocrx_word' id='word_1_420' title='bbox 1535 4951 1786 5021; x_wconf 89' lang='lat' dir='ltr'><strong>templum</strong></span> <span class='ocrx_word' id='word_1_421' title='bbox 1831 4953 1970 5022; x_wconf 88' lang='lat' dir='ltr'><strong>regis</strong></span> 
     </span>
    </p>
   </div>
   <div class='ocr_carea' id='block_1_53' title="bbox 391 5043 1969 5117">
    <p class='ocr_par' dir='ltr' id='par_1_53' title="bbox 391 5043 1969 5117">
     <span class='ocr_line' id='line_1_53' title="bbox 391 5043 1969 5117; baseline -0.003 -16"><span class='ocrx_word' id='word_1_422' title='bbox 391 5048 780 5117; x_wconf 86' lang='lat' dir='ltr'><strong>receptaculum</strong></span> <span class='ocrx_word' id='word_1_423' title='bbox 811 5045 1034 5102; x_wconf 79' lang='lat' dir='ltr'><strong>latronis</strong></span> <span class='ocrx_word' id='word_1_424' title='bbox 1063 5043 1270 5108; x_wconf 90' lang='lat' dir='ltr'><strong>fecerit,</strong></span> <span class='ocrx_word' id='word_1_425' title='bbox 1295 5043 1466 5115; x_wconf 87' lang='lat' dir='ltr'><strong>cogita</strong></span> <span class='ocrx_word' id='word_1_426' title='bbox 1492 5055 1686 5115; x_wconf 81' lang='lat' dir='ltr'><strong>qttauta</strong></span> <span class='ocrx_word' id='word_1_427' title='bbox 1714 5058 1969 5112; x_wconf 83' lang='lat' dir='ltr'><strong>passm-us</strong></span> 
     </span>
    </p>
   </div>
   <div class='ocr_carea' id='block_1_54' title="bbox 387 5137 1965 5208">
    <p class='ocr_par' dir='ltr' id='par_1_54' title="bbox 387 5137 1965 5208">
     <span class='ocr_line' id='line_1_54' title="bbox 387 5137 1965 5208; baseline -0.001 -16"><span class='ocrx_word' id='word_1_428' title='bbox 387 5139 458 5192; x_wconf 85' lang='lat' dir='ltr'><strong>sit</strong></span> <span class='ocrx_word' id='word_1_429' title='bbox 485 5140 639 5192; x_wconf 91' lang='lat' dir='ltr'><strong>mala.</strong></span> <span class='ocrx_word' id='word_1_430' title='bbox 671 5137 794 5193; x_wconf 66' lang='lat' dir='ltr'><strong>llaec</strong></span> <span class='ocrx_word' id='word_1_431' title='bbox 822 5153 949 5208; x_wconf 88' lang='lat' dir='ltr'><strong>ergo</strong></span> <span class='ocrx_word' id='word_1_432' title='bbox 973 5137 1240 5208; x_wconf 86' lang='lat' dir='ltr'><strong>cogitans,</strong></span> <span class='ocrx_word' id='word_1_433' title='bbox 1277 5137 1656 5191; x_wconf 79' lang='lat' dir='ltr'><strong>inliahitantem</strong></span> <span class='ocrx_word' id='word_1_434' title='bbox 1686 5151 1965 5199; x_wconf 82' lang='lat' dir='ltr'><strong>reverere;</strong></span> 
     </span>
    </p>
   </div>
   <div class='ocr_carea' id='block_1_55' title="bbox 391 5229 1967 5299">
    <p class='ocr_par' dir='ltr' id='par_1_55' title="bbox 391 5229 1967 5299">
     <span class='ocr_line' id='line_1_55' title="bbox 391 5229 1967 5299; baseline -0.002 -14"><span class='ocrx_word' id='word_1_435' title='bbox 391 5231 436 5285; x_wconf 89' lang='lat' dir='ltr'><strong>is</strong></span> <span class='ocrx_word' id='word_1_436' title='bbox 463 5230 606 5284; x_wconf 90' lang='lat' dir='ltr'><strong>enim</strong></span> <span class='ocrx_word' id='word_1_437' title='bbox 638 5239 719 5284; x_wconf 87' lang='lat' dir='ltr'><strong>est</strong></span> <span class='ocrx_word' id='word_1_438' title='bbox 746 5231 1051 5285; x_wconf 83' lang='lat' dir='ltr'><strong>Paracletus</strong></span> <span class='ocrx_word' id='word_1_439' title='bbox 1077 5249 1090 5284; x_wconf 87' lang='lat'><strong>:</strong></span> <span class='ocrx_word' id='word_1_440' title='bbox 1119 5231 1243 5284; x_wconf 92' lang='lat' dir='ltr'><strong>time</strong></span> <span class='ocrx_word' id='word_1_441' title='bbox 1275 5230 1423 5284; x_wconf 87' lang='lat' dir='ltr'><strong>illmn</strong></span> <span class='ocrx_word' id='word_1_442' title='bbox 1449 5271 1464 5295; x_wconf 89' lang='lat'><strong>,</strong></span> <span class='ocrx_word' id='word_1_443' title='bbox 1496 5229 1586 5299; x_wconf 88' lang='lat' dir='ltr'><strong>qui</strong></span> <span class='ocrx_word' id='word_1_444' title='bbox 1617 5237 1789 5283; x_wconf 91' lang='lat' dir='ltr'><strong>tecum</strong></span> <span class='ocrx_word' id='word_1_445' title='bbox 1816 5244 1967 5282; x_wconf 87' lang='lat' dir='ltr'><strong>com-</strong></span> 
     </span>
    </p>
   </div>
   <div class='ocr_carea' id='block_1_56' title="bbox 393 5319 1964 5390">
    <p class='ocr_par' dir='ltr' id='par_1_56' title="bbox 393 5319 1964 5390">
     <span class='ocr_line' id='line_1_56' title="bbox 393 5319 1964 5390; baseline 0.001 -17"><span class='ocrx_word' id='word_1_446' title='bbox 393 5321 616 5390; x_wconf 83' lang='lat' dir='ltr'><strong>plicatus</strong></span> <span class='ocrx_word' id='word_1_447' title='bbox 645 5327 729 5373; x_wconf 91' lang='lat' dir='ltr'><strong>est</strong></span> <span class='ocrx_word' id='word_1_448' title='bbox 755 5328 808 5373; x_wconf 90' lang='lat' dir='ltr'><strong>et</strong></span> <span class='ocrx_word' id='word_1_449' title='bbox 838 5320 929 5374; x_wconf 88' lang='lat' dir='ltr'><strong>tibi</strong></span> <span class='ocrx_word' id='word_1_450' title='bbox 954 5319 1224 5382; x_wconf 64' lang='lat' dir='ltr'><strong>adhaeret;</strong></span> <span class='ocrx_word' id='word_1_451' title='bbox 1255 5321 1496 5375; x_wconf 78' lang='lat' dir='ltr'><strong>Christus</strong></span> <span class='ocrx_word' id='word_1_452' title='bbox 1524 5321 1666 5374; x_wconf 89' lang='lat' dir='ltr'><strong>enim</strong></span> <span class='ocrx_word' id='word_1_453' title='bbox 1696 5328 1798 5374; x_wconf 88' lang='lat' dir='ltr'><strong>est.</strong></span> <span class='ocrx_word' id='word_1_454' title='bbox 1831 5319 1964 5374; x_wconf 82' lang='lat' dir='ltr'><strong>Num</strong></span> 
     </span>
    </p>
   </div>
   <div class='ocr_carea' id='block_1_57' title="bbox 391 5407 1967 5480">
    <p class='ocr_par' dir='ltr' id='par_1_57' title="bbox 391 5407 1967 5480">
     <span class='ocr_line' id='line_1_57' title="bbox 391 5407 1967 5480; baseline 0 -16"><span class='ocrx_word' id='word_1_455' title='bbox 391 5423 444 5464; x_wconf 90' lang='lat' dir='ltr'><strong>tu</strong></span> <span class='ocrx_word' id='word_1_456' title='bbox 477 5411 772 5466; x_wconf 84' lang='lat' dir='ltr'><strong>membrum</strong></span> <span class='ocrx_word' id='word_1_457' title='bbox 797 5407 995 5464; x_wconf 88' lang='lat' dir='ltr'><strong>Christi</strong></span> <span class='ocrx_word' id='word_1_458' title='bbox 1027 5419 1079 5463; x_wconf 90' lang='lat' dir='ltr'><strong>te</strong></span> <span class='ocrx_word' id='word_1_459' title='bbox 1110 5410 1223 5478; x_wconf 90' lang='lat' dir='ltr'><strong>ipse</strong></span> <span class='ocrx_word' id='word_1_460' title='bbox 1251 5409 1457 5463; x_wconf 75' lang='lat' dir='ltr'><strong>fecisti?</strong></span> <span class='ocrx_word' id='word_1_461' title='bbox 1485 5410 1573 5465; x_wconf 91' lang='lat' dir='ltr'><strong>Sic</strong></span> <span class='ocrx_word' id='word_1_462' title='bbox 1601 5409 1770 5480; x_wconf 83' lang='lat' dir='ltr'><strong>cogita</strong></span> <span class='ocrx_word' id='word_1_463' title='bbox 1797 5419 1852 5465; x_wconf 88' lang='lat' dir='ltr'><strong>et</strong></span> <span class='ocrx_word' id='word_1_464' title='bbox 1879 5425 1967 5464; x_wconf 82' lang='lat' dir='ltr'><strong>ca-</strong></span> 
     </span>
    </p>
   </div>
   <div class='ocr_carea' id='block_1_58' title="bbox 389 5498 1962 5569">
    <p class='ocr_par' dir='ltr' id='par_1_58' title="bbox 389 5498 1962 5569">
     <span class='ocr_line' id='line_1_58' title="bbox 389 5498 1962 5569; baseline -0.003 -13"><span class='ocrx_word' id='word_1_465' title='bbox 389 5513 503 5556; x_wconf 88' lang='lat' dir='ltr'><strong>stus</strong></span> <span class='ocrx_word' id='word_1_466' title='bbox 529 5515 686 5556; x_wconf 88' lang='lat' dir='ltr'><strong>mane</strong></span> <span class='ocrx_word' id='word_1_467' title='bbox 709 5517 722 5554; x_wconf 92' lang='lat'><strong>:</strong></span> <span class='ocrx_word' id='word_1_468' title='bbox 747 5499 900 5569; x_wconf 85' lang='lat' dir='ltr'><strong>cujus</strong></span> <span class='ocrx_word' id='word_1_469' title='bbox 927 5498 1126 5553; x_wconf 81' lang='lat' dir='ltr'><strong>fuerint</strong></span> <span class='ocrx_word' id='word_1_470' title='bbox 1155 5499 1388 5552; x_wconf 90' lang='lat' dir='ltr'><strong>membra</strong></span> <span class='ocrx_word' id='word_1_471' title='bbox 1415 5509 1469 5553; x_wconf 92' lang='lat' dir='ltr'><strong>et</strong></span> <span class='ocrx_word' id='word_1_472' title='bbox 1494 5500 1646 5569; x_wconf 80' lang='lat' dir='ltr'><strong>cujus</strong></span> <span class='ocrx_word' id='word_1_473' title='bbox 1677 5502 1808 5554; x_wconf 90' lang='lat' dir='ltr'><strong>facta</strong></span> <span class='ocrx_word' id='word_1_474' title='bbox 1838 5501 1962 5554; x_wconf 87' lang='lat' dir='ltr'><strong>sint.</strong></span> 
     </span>
    </p>
   </div>
   <div class='ocr_carea' id='block_1_59' title="bbox 392 5589 1960 5649">
    <p class='ocr_par' dir='ltr' id='par_1_59' title="bbox 392 5589 1960 5649">
     <span class='ocr_line' id='line_1_59' title="bbox 392 5589 1960 5649; baseline 0 -4"><span class='ocrx_word' id='word_1_475' title='bbox 392 5591 682 5646; x_wconf 72' lang='lat' dir='ltr'><strong>Meretricis</strong></span> <span class='ocrx_word' id='word_1_476' title='bbox 711 5600 866 5646; x_wconf 88' lang='lat' dir='ltr'><strong>antea</strong></span> <span class='ocrx_word' id='word_1_477' title='bbox 896 5589 1135 5645; x_wconf 86' lang='lat' dir='ltr'><strong>membra</strong></span> <span class='ocrx_word' id='word_1_478' title='bbox 1165 5600 1336 5649; x_wconf 84' lang='lat' dir='ltr'><strong>erant.</strong></span> <span class='ocrx_word' id='word_1_479' title='bbox 1369 5601 1418 5643; x_wconf 91' lang='lat' dir='ltr'><strong>et</strong></span> <span class='ocrx_word' id='word_1_480' title='bbox 1451 5589 1690 5643; x_wconf 78' lang='lat' dir='ltr'><strong>Christus</strong></span> <span class='ocrx_word' id='word_1_481' title='bbox 1723 5592 1844 5646; x_wconf 86' lang='lat' dir='ltr'><strong>fecit</strong></span> <span class='ocrx_word' id='word_1_482' title='bbox 1876 5591 1960 5645; x_wconf 88' lang='lat' dir='ltr'><strong>illa</strong></span> 
     </span>
    </p>
   </div>
   <div class='ocr_carea' id='block_1_60' title="bbox 393 5681 1963 5754">
    <p class='ocr_par' dir='ltr' id='par_1_60' title="bbox 393 5681 1963 5754">
     <span class='ocr_line' id='line_1_60' title="bbox 393 5681 1963 5754; baseline -0.003 -15"><span class='ocrx_word' id='word_1_483' title='bbox 393 5687 627 5740; x_wconf 83' lang='lat' dir='ltr'><strong>membra</strong></span> <span class='ocrx_word' id='word_1_484' title='bbox 655 5686 737 5741; x_wconf 88' lang='lat' dir='ltr'><strong>sui</strong></span> <span class='ocrx_word' id='word_1_485' title='bbox 759 5682 1014 5754; x_wconf 78' lang='lat' dir='ltr'><strong>corporis.</strong></span> <span class='ocrx_word' id='word_1_486' title='bbox 1049 5681 1165 5738; x_wconf 84' lang='lat' dir='ltr'><strong>Non</strong></span> <span class='ocrx_word' id='word_1_487' title='bbox 1194 5698 1321 5751; x_wconf 81' lang='lat' dir='ltr'><strong>ergo</strong></span> <span class='ocrx_word' id='word_1_488' title='bbox 1349 5683 1433 5736; x_wconf 86' lang='lat' dir='ltr'><strong>illa</strong></span> <span class='ocrx_word' id='word_1_489' title='bbox 1462 5699 1598 5737; x_wconf 78' lang='lat' dir='ltr'><strong>nunc</strong></span> <span class='ocrx_word' id='word_1_490' title='bbox 1628 5687 1675 5736; x_wconf 93' lang='lat' dir='ltr'><strong>in</strong></span> <span class='ocrx_word' id='word_1_491' title='bbox 1707 5691 1963 5753; x_wconf 81' lang='lat' dir='ltr'><strong>potestate</strong></span> 
     </span>
    </p>
   </div>
   <div class='ocr_carea' id='block_1_61' title="bbox 1105 253 2887 318">
    <p class='ocr_par' dir='ltr' id='par_1_61' title="bbox 1105 253 2887 318">
     <span class='ocr_line' id='line_1_61' title="bbox 1105 253 2887 318; baseline -0.006 0"><span class='ocrx_word' id='word_1_492' title='bbox 1105 264 1159 318; x_wconf 66' lang='lat' dir='ltr'><strong>S,</strong></span> <span class='ocrx_word' id='word_1_493' title='bbox 1201 259 1476 318; x_wconf 66' lang='lat' dir='ltr'><strong>JOANNIS</strong></span> <span class='ocrx_word' id='word_1_494' title='bbox 1499 253 1965 314; x_wconf 75' lang='lat' dir='ltr'><strong>CIIRYSOSTOMI</strong></span> <span class='ocrx_word' id='word_1_495' title='bbox 2009 253 2318 308; x_wconf 60' lang='lat' dir='ltr'><strong>AllCllllﬁP.</strong></span> <span class='ocrx_word' id='word_1_496' title='bbox 2357 254 2887 311; x_wconf 70' lang='lat' dir='ltr'><strong>CONSTANTINOP.</strong></span> 
     </span>
    </p>
   </div>
   <div class='ocr_carea' id='block_1_62' title="bbox 3517 254 3616 310">
    <p class='ocr_par' dir='ltr' id='par_1_62' title="bbox 3517 254 3616 310">
     <span class='ocr_line' id='line_1_62' title="bbox 3517 254 3616 310; baseline -0.01 -1"><span class='ocrx_word' id='word_1_497' title='bbox 3517 254 3616 310; x_wconf 63' lang='grc' dir='ltr'><strong>με</strong></span> 
     </span>
    </p>
   </div>
   <div class='ocr_carea' id='block_1_63' title="bbox 2031 369 3617 441">
    <p class='ocr_par' dir='ltr' id='par_1_63' title="bbox 2031 369 3617 441">
     <span class='ocr_line' id='line_1_63' title="bbox 2031 369 3617 441; baseline 0.001 -18"><span class='ocrx_word' id='word_1_498' title='bbox 2031 371 2194 425; x_wconf 84' lang='lat' dir='ltr'><strong>habes</strong></span> <span class='ocrx_word' id='word_1_499' title='bbox 2219 388 2231 423; x_wconf 94' lang='lat'><strong>:</strong></span> <span class='ocrx_word' id='word_1_500' title='bbox 2259 371 2328 424; x_wconf 90' lang='lat' dir='ltr'><strong>illi</strong></span> <span class='ocrx_word' id='word_1_501' title='bbox 2357 372 2558 425; x_wconf 77' lang='lat' dir='ltr'><strong>servias</strong></span> <span class='ocrx_word' id='word_1_502' title='bbox 2579 373 2668 441; x_wconf 93' lang='lat' dir='ltr'><strong>qui</strong></span> <span class='ocrx_word' id='word_1_503' title='bbox 2695 381 2746 426; x_wconf 89' lang='lat' dir='ltr'><strong>te</strong></span> <span class='ocrx_word' id='word_1_504' title='bbox 2765 370 3030 427; x_wconf 84' lang='lat' dir='ltr'><strong>liberavit.</strong></span> <span class='ocrx_word' id='word_1_505' title='bbox 3057 370 3172 426; x_wconf 83' lang='lat' dir='ltr'><strong>Non</strong></span> <span class='ocrx_word' id='word_1_506' title='bbox 3195 369 3362 434; x_wconf 89' lang='lat' dir='ltr'><strong>enim,</strong></span> <span class='ocrx_word' id='word_1_507' title='bbox 3385 369 3431 424; x_wconf 86' lang='lat' dir='ltr'><strong>sl</strong></span> <span class='ocrx_word' id='word_1_508' title='bbox 3455 371 3617 425; x_wconf 80' lang='lat' dir='ltr'><strong>tiliam</strong></span> 
     </span>
    </p>
   </div>
   <div class='ocr_carea' id='block_1_64' title="bbox 2033 461 3617 533">
    <p class='ocr_par' dir='ltr' id='par_1_64' title="bbox 2033 461 3617 533">
     <span class='ocr_line' id='line_1_64' title="bbox 2033 461 3617 533; baseline -0.001 -18"><span class='ocrx_word' id='word_1_509' title='bbox 2033 461 2256 517; x_wconf 88' lang='lat' dir='ltr'><strong>haberes</strong></span> <span class='ocrx_word' id='word_1_510' title='bbox 2277 474 2331 517; x_wconf 89' lang='lat' dir='ltr'><strong>et</strong></span> <span class='ocrx_word' id='word_1_511' title='bbox 2354 478 2470 518; x_wconf 89' lang='lat' dir='ltr'><strong>eam</strong></span> <span class='ocrx_word' id='word_1_512' title='bbox 2494 479 2603 533; x_wconf 73' lang='lat' dir='ltr'><strong>pra:</strong></span> <span class='ocrx_word' id='word_1_513' title='bbox 2629 464 2851 518; x_wconf 88' lang='lat' dir='ltr'><strong>stultitia</strong></span> <span class='ocrx_word' id='word_1_514' title='bbox 2876 462 3126 518; x_wconf 90' lang='lat' dir='ltr'><strong>mercede</strong></span> <span class='ocrx_word' id='word_1_515' title='bbox 3148 462 3386 517; x_wconf 85' lang='lat' dir='ltr'><strong>locasses</strong></span> <span class='ocrx_word' id='word_1_516' title='bbox 3411 461 3617 528; x_wconf 82' lang='lat' dir='ltr'><strong>lenoni,</strong></span> 
     </span>
    </p>
   </div>
   <div class='ocr_carea' id='block_1_65' title="bbox 2032 553 3616 624">
    <p class='ocr_par' dir='ltr' id='par_1_65' title="bbox 2032 553 3616 624">
     <span class='ocr_line' id='line_1_65' title="bbox 2032 553 3616 624; baseline 0.003 -18"><span class='ocrx_word' id='word_1_517' title='bbox 2032 559 2091 606; x_wconf 85' lang='lat' dir='ltr'><strong>ut</strong></span> <span class='ocrx_word' id='word_1_518' title='bbox 2121 553 2501 612; x_wconf 89' lang='lat' dir='ltr'><strong>foruiearetur:</strong></span> <span class='ocrx_word' id='word_1_519' title='bbox 2547 555 2842 624; x_wconf 86' lang='lat' dir='ltr'><strong>deindeque</strong></span> <span class='ocrx_word' id='word_1_520' title='bbox 2882 553 3021 608; x_wconf 87' lang='lat' dir='ltr'><strong>ﬁlius</strong></span> <span class='ocrx_word' id='word_1_521' title='bbox 3057 555 3198 624; x_wconf 83' lang='lat' dir='ltr'><strong>regis</strong></span> <span class='ocrx_word' id='word_1_522' title='bbox 3243 553 3510 608; x_wconf 79' lang='lat' dir='ltr'><strong>transiens</strong></span> <span class='ocrx_word' id='word_1_523' title='bbox 3534 594 3551 620; x_wconf 93' lang='lat'><strong>,</strong></span> <span class='ocrx_word' id='word_1_524' title='bbox 3585 572 3616 610; x_wconf 87' lang='lat' dir='ltr'><strong>a</strong></span> 
     </span>
    </p>
   </div>
   <div class='ocr_carea' id='block_1_66' title="bbox 2033 645 3623 712">
    <p class='ocr_par' dir='ltr' id='par_1_66' title="bbox 2033 645 3623 712">
     <span class='ocr_line' id='line_1_66' title="bbox 2033 645 3623 712; baseline 0 -16"><span class='ocrx_word' id='word_1_525' title='bbox 2033 645 2286 698; x_wconf 83' lang='lat' dir='ltr'><strong>servitute</strong></span> <span class='ocrx_word' id='word_1_526' title='bbox 2318 645 2592 699; x_wconf 88' lang='lat' dir='ltr'><strong>liberatam</strong></span> <span class='ocrx_word' id='word_1_527' title='bbox 2622 661 2842 700; x_wconf 76' lang='lat' dir='ltr'><strong>uxorem</strong></span> <span class='ocrx_word' id='word_1_528' title='bbox 2878 645 3155 710; x_wconf 87' lang='lat' dir='ltr'><strong>duxisset,</strong></span> <span class='ocrx_word' id='word_1_529' title='bbox 3189 658 3354 712; x_wconf 86' lang='lat' dir='ltr'><strong>penes</strong></span> <span class='ocrx_word' id='word_1_530' title='bbox 3392 650 3444 697; x_wconf 91' lang='lat' dir='ltr'><strong>te</strong></span> <span class='ocrx_word' id='word_1_531' title='bbox 3472 651 3623 696; x_wconf 64' lang='lat' dir='ltr'><strong>esset</strong></span> 
     </span>
    </p>
   </div>
   <div class='ocr_carea' id='block_1_67' title="bbox 2036 735 3622 806">
    <p class='ocr_par' dir='ltr' id='par_1_67' title="bbox 2036 735 3622 806">
     <span class='ocr_line' id='line_1_67' title="bbox 2036 735 3622 806; baseline 0.002 -21"><span class='ocrx_word' id='word_1_532' title='bbox 2036 743 2215 802; x_wconf 88' lang='lat' dir='ltr'><strong>postea</strong></span> <span class='ocrx_word' id='word_1_533' title='bbox 2246 736 2385 789; x_wconf 89' lang='lat' dir='ltr'><strong>illam</strong></span> <span class='ocrx_word' id='word_1_534' title='bbox 2425 737 2473 789; x_wconf 91' lang='lat' dir='ltr'><strong>in</strong></span> <span class='ocrx_word' id='word_1_535' title='bbox 2512 737 2860 806; x_wconf 86' lang='lat' dir='ltr'><strong>prostibulum</strong></span> <span class='ocrx_word' id='word_1_536' title='bbox 2891 735 3087 790; x_wconf 89' lang='lat' dir='ltr'><strong>ducere</strong></span> <span class='ocrx_word' id='word_1_537' title='bbox 3117 753 3131 789; x_wconf 87' lang='lat'><strong>:</strong></span> <span class='ocrx_word' id='word_1_538' title='bbox 3159 736 3326 790; x_wconf 85' lang='lat' dir='ltr'><strong>semel</strong></span> <span class='ocrx_word' id='word_1_539' title='bbox 3355 736 3499 790; x_wconf 88' lang='lat' dir='ltr'><strong>enim</strong></span> <span class='ocrx_word' id='word_1_540' title='bbox 3525 735 3622 788; x_wconf 85' lang='lat' dir='ltr'><strong>de-</strong></span> 
     </span>
    </p>
   </div>
   <div class='ocr_carea' id='block_1_68' title="bbox 2036 826 3619 882">
    <p class='ocr_par' dir='ltr' id='par_1_68' title="bbox 2036 826 3619 882">
     <span class='ocr_line' id='line_1_68' title="bbox 2036 826 3619 882; baseline 0.001 -4"><span class='ocrx_word' id='word_1_541' title='bbox 2036 826 2157 879; x_wconf 92' lang='lat' dir='ltr'><strong>disti</strong></span> <span class='ocrx_word' id='word_1_542' title='bbox 2185 835 2239 880; x_wconf 90' lang='lat' dir='ltr'><strong>et</strong></span> <span class='ocrx_word' id='word_1_543' title='bbox 2268 827 2568 882; x_wconf 76' lang='lat' dir='ltr'><strong>vendidisti.</strong></span> <span class='ocrx_word' id='word_1_544' title='bbox 2599 828 2703 882; x_wconf 81' lang='lat' dir='ltr'><strong>Res</strong></span> <span class='ocrx_word' id='word_1_545' title='bbox 2729 837 2907 882; x_wconf 88' lang='lat' dir='ltr'><strong>nostra</strong></span> <span class='ocrx_word' id='word_1_546' title='bbox 2935 827 3014 882; x_wconf 91' lang='lat' dir='ltr'><strong>sic</strong></span> <span class='ocrx_word' id='word_1_547' title='bbox 3041 827 3202 882; x_wconf 89' lang='lat' dir='ltr'><strong>habet</strong></span> <span class='ocrx_word' id='word_1_548' title='bbox 3229 849 3242 880; x_wconf 89' lang='lat'><strong>:</strong></span> <span class='ocrx_word' id='word_1_549' title='bbox 3274 841 3492 881; x_wconf 81' lang='lat' dir='ltr'><strong>carnem</strong></span> <span class='ocrx_word' id='word_1_550' title='bbox 3522 840 3619 880; x_wconf 80' lang='lat' dir='ltr'><strong>uo-</strong></span> 
     </span>
    </p>
   </div>
   <div class='ocr_carea' id='block_1_69' title="bbox 2037 917 3616 987">
    <p class='ocr_par' dir='ltr' id='par_1_69' title="bbox 2037 917 3616 987">
     <span class='ocr_line' id='line_1_69' title="bbox 2037 917 3616 987; baseline 0 -17"><span class='ocrx_word' id='word_1_551' title='bbox 2037 926 2200 970; x_wconf 80' lang='lat' dir='ltr'><strong>stram</strong></span> <span class='ocrx_word' id='word_1_552' title='bbox 2246 919 2492 972; x_wconf 74' lang='lat' dir='ltr'><strong>mercede</strong></span> <span class='ocrx_word' id='word_1_553' title='bbox 2537 918 2890 972; x_wconf 84' lang='lat' dir='ltr'><strong>conduximus</strong></span> <span class='ocrx_word' id='word_1_554' title='bbox 2937 917 3153 972; x_wconf 88' lang='lat' dir='ltr'><strong>diabolo</strong></span> <span class='ocrx_word' id='word_1_555' title='bbox 3200 917 3346 987; x_wconf 78' lang='lat' dir='ltr'><strong>gravi</strong></span> <span class='ocrx_word' id='word_1_556' title='bbox 3397 917 3616 970; x_wconf 83' lang='lat' dir='ltr'><strong>lenoni:</strong></span> 
     </span>
    </p>
   </div>
   <div class='ocr_carea' id='block_1_70' title="bbox 2041 1007 3626 1082">
    <p class='ocr_par' dir='ltr' id='par_1_70' title="bbox 2041 1007 3626 1082">
     <span class='ocr_line' id='line_1_70' title="bbox 2041 1007 3626 1082; baseline 0.003 -22"><span class='ocrx_word' id='word_1_557' title='bbox 2041 1007 2227 1063; x_wconf 88' lang='lat' dir='ltr'><strong>videns</strong></span> <span class='ocrx_word' id='word_1_558' title='bbox 2257 1009 2498 1063; x_wconf 75' lang='lat' dir='ltr'><strong>Christus</strong></span> <span class='ocrx_word' id='word_1_559' title='bbox 2529 1012 2723 1080; x_wconf 87' lang='lat' dir='ltr'><strong>eripuit</strong></span> <span class='ocrx_word' id='word_1_560' title='bbox 2753 1011 2892 1064; x_wconf 86' lang='lat' dir='ltr'><strong>illam</strong></span> <span class='ocrx_word' id='word_1_561' title='bbox 2925 1019 2978 1066; x_wconf 92' lang='lat' dir='ltr'><strong>et</strong></span> <span class='ocrx_word' id='word_1_562' title='bbox 3005 1010 3252 1065; x_wconf 77' lang='lat' dir='ltr'><strong>liberavit</strong></span> <span class='ocrx_word' id='word_1_563' title='bbox 3279 1026 3309 1064; x_wconf 90' lang='lat' dir='ltr'><strong>a</strong></span> <span class='ocrx_word' id='word_1_564' title='bbox 3343 1009 3626 1082; x_wconf 86' lang='lat' dir='ltr'><strong>tyrannide</strong></span> 
     </span>
    </p>
   </div>
   <div class='ocr_carea' id='block_1_71' title="bbox 2040 1098 3623 1172">
    <p class='ocr_par' dir='ltr' id='par_1_71' title="bbox 2040 1098 3623 1172">
     <span class='ocr_line' id='line_1_71' title="bbox 2040 1098 3623 1172; baseline 0.001 -20"><span class='ocrx_word' id='word_1_565' title='bbox 2040 1098 2127 1152; x_wconf 88' lang='lat' dir='ltr'><strong>illa</strong></span> <span class='ocrx_word' id='word_1_566' title='bbox 2155 1101 2366 1153; x_wconf 89' lang='lat' dir='ltr'><strong>acerba.</strong></span> <span class='ocrx_word' id='word_1_567' title='bbox 2398 1100 2510 1154; x_wconf 84' lang='lat' dir='ltr'><strong>Non</strong></span> <span class='ocrx_word' id='word_1_568' title='bbox 2538 1111 2621 1156; x_wconf 88' lang='lat' dir='ltr'><strong>est</strong></span> <span class='ocrx_word' id='word_1_569' title='bbox 2648 1117 2777 1172; x_wconf 85' lang='lat' dir='ltr'><strong>ergo</strong></span> <span class='ocrx_word' id='word_1_570' title='bbox 2799 1102 2911 1170; x_wconf 86' lang='lat' dir='ltr'><strong>jam</strong></span> <span class='ocrx_word' id='word_1_571' title='bbox 2943 1110 3144 1168; x_wconf 90' lang='lat' dir='ltr'><strong>nostra,</strong></span> <span class='ocrx_word' id='word_1_572' title='bbox 3176 1100 3270 1156; x_wconf 90' lang='lat' dir='ltr'><strong>sed</strong></span> <span class='ocrx_word' id='word_1_573' title='bbox 3300 1101 3623 1155; x_wconf 87' lang='lat' dir='ltr'><strong>liberatoris.</strong></span> 
     </span>
    </p>
   </div>
   <div class='ocr_carea' id='block_1_72' title="bbox 2041 1189 3624 1265">
    <p class='ocr_par' dir='ltr' id='par_1_72' title="bbox 2041 1189 3624 1265">
     <span class='ocr_line' id='line_1_72' title="bbox 2041 1189 3624 1265; baseline 0.001 -19"><span class='ocrx_word' id='word_1_574' title='bbox 2041 1189 2097 1246; x_wconf 93' lang='lat' dir='ltr'><strong>Si</strong></span> <span class='ocrx_word' id='word_1_575' title='bbox 2120 1193 2248 1246; x_wconf 75' lang='lat' dir='ltr'><strong>velis.</strong></span> <span class='ocrx_word' id='word_1_576' title='bbox 2276 1193 2346 1246; x_wconf 89' lang='lat' dir='ltr'><strong>uti</strong></span> <span class='ocrx_word' id='word_1_577' title='bbox 2371 1193 2455 1248; x_wconf 90' lang='lat' dir='ltr'><strong>illa</strong></span> <span class='ocrx_word' id='word_1_578' title='bbox 2480 1203 2742 1263; x_wconf 86' lang='lat' dir='ltr'><strong>tamquam</strong></span> <span class='ocrx_word' id='word_1_579' title='bbox 2767 1195 2906 1264; x_wconf 87' lang='lat' dir='ltr'><strong>regis</strong></span> <span class='ocrx_word' id='word_1_580' title='bbox 2927 1209 3142 1265; x_wconf 84' lang='lat' dir='ltr'><strong>sponsa,</strong></span> <span class='ocrx_word' id='word_1_581' title='bbox 3163 1209 3323 1249; x_wconf 90' lang='lat' dir='ltr'><strong>nemo</strong></span> <span class='ocrx_word' id='word_1_582' title='bbox 3345 1191 3588 1263; x_wconf 89' lang='lat' dir='ltr'><strong>prohibet</strong></span> <span class='ocrx_word' id='word_1_583' title='bbox 3611 1210 3624 1256; x_wconf 92' lang='lat'><strong>;</strong></span> 
     </span>
    </p>
   </div>
   <div class='ocr_carea' id='block_1_73' title="bbox 2043 1281 3629 1354">
    <p class='ocr_par' dir='ltr' id='par_1_73' title="bbox 2043 1281 3629 1354">
     <span class='ocr_line' id='line_1_73' title="bbox 2043 1281 3629 1354; baseline 0.001 -19"><span class='ocrx_word' id='word_1_584' title='bbox 2043 1281 2124 1336; x_wconf 91' lang='lat' dir='ltr'><strong>sin</strong></span> <span class='ocrx_word' id='word_1_585' title='bbox 2163 1281 2228 1335; x_wconf 88' lang='lat' dir='ltr'><strong>ad</strong></span> <span class='ocrx_word' id='word_1_586' title='bbox 2270 1283 2444 1351; x_wconf 89' lang='lat' dir='ltr'><strong>priora</strong></span> <span class='ocrx_word' id='word_1_587' title='bbox 2485 1283 2703 1338; x_wconf 79' lang='lat' dir='ltr'><strong>duxeris</strong></span> <span class='ocrx_word' id='word_1_588' title='bbox 2727 1325 2743 1350; x_wconf 97' lang='lat'><strong>,</strong></span> <span class='ocrx_word' id='word_1_589' title='bbox 2775 1283 2960 1338; x_wconf 89' lang='lat' dir='ltr'><strong>eadem</strong></span> <span class='ocrx_word' id='word_1_590' title='bbox 3003 1283 3254 1354; x_wconf 89' lang='lat' dir='ltr'><strong>patieris,</strong></span> <span class='ocrx_word' id='word_1_591' title='bbox 3279 1298 3396 1353; x_wconf 69' lang='lat' dir='ltr'><strong>qua:</strong></span> <span class='ocrx_word' id='word_1_592' title='bbox 3425 1297 3519 1351; x_wconf 87' lang='lat' dir='ltr'><strong>par</strong></span> <span class='ocrx_word' id='word_1_593' title='bbox 3544 1293 3629 1336; x_wconf 79' lang='lat' dir='ltr'><strong>est</strong></span> 
     </span>
    </p>
   </div>
   <div class='ocr_carea' id='block_1_74' title="bbox 2045 1373 3622 1447">
    <p class='ocr_par' dir='ltr' id='par_1_74' title="bbox 2045 1373 3622 1447">
     <span class='ocr_line' id='line_1_74' title="bbox 2045 1373 3622 1447; baseline -0.001 -19"><span class='ocrx_word' id='word_1_594' title='bbox 2045 1375 2150 1444; x_wconf 90' lang='lat' dir='ltr'><strong>pati</strong></span> <span class='ocrx_word' id='word_1_595' title='bbox 2193 1375 2626 1431; x_wconf 90' lang='lat' dir='ltr'><strong>contumeliosos.</strong></span> <span class='ocrx_word' id='word_1_596' title='bbox 2661 1375 2784 1431; x_wconf 89' lang='lat' dir='ltr'><strong>Ideo</strong></span> <span class='ocrx_word' id='word_1_597' title='bbox 2823 1377 2998 1447; x_wconf 87' lang='lat' dir='ltr'><strong>potius</strong></span> <span class='ocrx_word' id='word_1_598' title='bbox 3041 1377 3126 1431; x_wconf 90' lang='lat' dir='ltr'><strong>illa</strong></span> <span class='ocrx_word' id='word_1_599' title='bbox 3165 1385 3247 1431; x_wconf 91' lang='lat' dir='ltr'><strong>est</strong></span> <span class='ocrx_word' id='word_1_600' title='bbox 3276 1373 3622 1438; x_wconf 83' lang='lat' dir='ltr'><strong>exornanda,</strong></span> 
     </span>
    </p>
   </div>
   <div class='ocr_carea' id='block_1_75' title="bbox 2043 1466 3630 1538">
    <p class='ocr_par' dir='ltr' id='par_1_75' title="bbox 2043 1466 3630 1538">
     <span class='ocr_line' id='line_1_75' title="bbox 2043 1466 3630 1538; baseline 0.001 -20"><span class='ocrx_word' id='word_1_601' title='bbox 2043 1481 2200 1535; x_wconf 91' lang='lat' dir='ltr'><strong>quam</strong></span> <span class='ocrx_word' id='word_1_602' title='bbox 2231 1467 2425 1536; x_wconf 87' lang='lat' dir='ltr'><strong>probro</strong></span> <span class='ocrx_word' id='word_1_603' title='bbox 2447 1467 2723 1522; x_wconf 87' lang='lat' dir='ltr'><strong>afﬁcienda</strong></span> <span class='ocrx_word' id='word_1_604' title='bbox 2771 1467 2953 1538; x_wconf 87' lang='lat' dir='ltr'><strong>Neque</strong></span> <span class='ocrx_word' id='word_1_605' title='bbox 2974 1469 3113 1522; x_wconf 91' lang='lat' dir='ltr'><strong>enim</strong></span> <span class='ocrx_word' id='word_1_606' title='bbox 3141 1467 3431 1537; x_wconf 85' lang='lat' dir='ltr'><strong>potentiam</strong></span> <span class='ocrx_word' id='word_1_607' title='bbox 3453 1466 3630 1521; x_wconf 86' lang='lat' dir='ltr'><strong>carnis</strong></span> 
     </span>
    </p>
   </div>
   <div class='ocr_carea' id='block_1_76' title="bbox 2045 1557 3629 1628">
    <p class='ocr_par' dir='ltr' id='par_1_76' title="bbox 2045 1557 3629 1628">
     <span class='ocr_line' id='line_1_76' title="bbox 2045 1557 3629 1628; baseline 0.001 -18"><span class='ocrx_word' id='word_1_608' title='bbox 2045 1557 2212 1612; x_wconf 89' lang='lat' dir='ltr'><strong>babes</strong></span> <span class='ocrx_word' id='word_1_609' title='bbox 2248 1558 2298 1612; x_wconf 92' lang='lat' dir='ltr'><strong>in</strong></span> <span class='ocrx_word' id='word_1_610' title='bbox 2329 1559 2505 1628; x_wconf 78' lang='lat' dir='ltr'><strong>pravis</strong></span> <span class='ocrx_word' id='word_1_611' title='bbox 2529 1559 3005 1628; x_wconf 88' lang='lat' dir='ltr'><strong>concupiscentiis.</strong></span> <span class='ocrx_word' id='word_1_612' title='bbox 3033 1560 3125 1616; x_wconf 85' lang='lat' dir='ltr'><strong>sed</strong></span> <span class='ocrx_word' id='word_1_613' title='bbox 3159 1560 3210 1613; x_wconf 89' lang='lat' dir='ltr'><strong>in</strong></span> <span class='ocrx_word' id='word_1_614' title='bbox 3238 1560 3302 1614; x_wconf 93' lang='lat' dir='ltr'><strong>iis</strong></span> <span class='ocrx_word' id='word_1_615' title='bbox 3329 1559 3479 1620; x_wconf 88' lang='lat' dir='ltr'><strong>solis,</strong></span> <span class='ocrx_word' id='word_1_616' title='bbox 3509 1573 3629 1628; x_wconf 68' lang='lat' dir='ltr'><strong>quae</strong></span> 
     </span>
    </p>
   </div>
   <div class='ocr_carea' id='block_1_77' title="bbox 2047 1647 3631 1720">
    <p class='ocr_par' dir='ltr' id='par_1_77' title="bbox 2047 1647 3631 1720">
     <span class='ocr_line' id='line_1_77' title="bbox 2047 1647 3631 1720; baseline -0.001 -18"><span class='ocrx_word' id='word_1_617' title='bbox 2047 1649 2187 1703; x_wconf 93' lang='lat' dir='ltr'><strong>Deus</strong></span> <span class='ocrx_word' id='word_1_618' title='bbox 2214 1651 2548 1718; x_wconf 64' lang='lat' dir='ltr'><strong>praeceperit.</strong></span> <span class='ocrx_word' id='word_1_619' title='bbox 2589 1647 2772 1720; x_wconf 80' lang='lat' dir='ltr'><strong>Cogita</strong></span> <span class='ocrx_word' id='word_1_620' title='bbox 2803 1666 2931 1720; x_wconf 82' lang='lat' dir='ltr'><strong>ergo</strong></span> <span class='ocrx_word' id='word_1_621' title='bbox 2965 1666 2994 1703; x_wconf 92' lang='lat' dir='ltr'><strong>a</strong></span> <span class='ocrx_word' id='word_1_622' title='bbox 3034 1659 3230 1720; x_wconf 88' lang='lat' dir='ltr'><strong>quanta</strong></span> <span class='ocrx_word' id='word_1_623' title='bbox 3269 1650 3412 1703; x_wconf 86' lang='lat' dir='ltr'><strong>illam</strong></span> <span class='ocrx_word' id='word_1_624' title='bbox 3442 1656 3631 1703; x_wconf 85' lang='lat' dir='ltr'><strong>contu-</strong></span> 
     </span>
    </p>
   </div>
   <div class='ocr_carea' id='block_1_78' title="bbox 2047 1745 3632 1816">
    <p class='ocr_par' dir='ltr' id='par_1_78' title="bbox 2047 1745 3632 1816">
     <span class='ocr_line' id='line_1_78' title="bbox 2047 1745 3632 1816; baseline -0.003 -15"><span class='ocrx_word' id='word_1_625' title='bbox 2047 1747 2206 1802; x_wconf 89' lang='lat' dir='ltr'><strong>melia</strong></span> <span class='ocrx_word' id='word_1_626' title='bbox 2251 1747 2554 1802; x_wconf 88' lang='lat' dir='ltr'><strong>liberaverit</strong></span> <span class='ocrx_word' id='word_1_627' title='bbox 2599 1747 2737 1802; x_wconf 89' lang='lat' dir='ltr'><strong>Deus</strong></span> <span class='ocrx_word' id='word_1_628' title='bbox 2767 1764 2780 1800; x_wconf 91' lang='lat'><strong>:</strong></span> <span class='ocrx_word' id='word_1_629' title='bbox 2808 1747 2994 1816; x_wconf 90' lang='lat' dir='ltr'><strong>quavis</strong></span> <span class='ocrx_word' id='word_1_630' title='bbox 3027 1747 3167 1800; x_wconf 90' lang='lat' dir='ltr'><strong>enim</strong></span> <span class='ocrx_word' id='word_1_631' title='bbox 3200 1745 3485 1800; x_wconf 82' lang='lat' dir='ltr'><strong>meretrice</strong></span> <span class='ocrx_word' id='word_1_632' title='bbox 3517 1752 3632 1797; x_wconf 85' lang='lat' dir='ltr'><strong>tur-</strong></span> 
     </span>
    </p>
   </div>
   <div class='ocr_carea' id='block_1_79' title="bbox 2047 1836 3629 1910">
    <p class='ocr_par' dir='ltr' id='par_1_79' title="bbox 2047 1836 3629 1910">
     <span class='ocr_line' id='line_1_79' title="bbox 2047 1836 3629 1910; baseline -0.004 -18"><span class='ocrx_word' id='word_1_633' title='bbox 2047 1840 2166 1908; x_wconf 86' lang='lat' dir='ltr'><strong>pior</strong></span> <span class='ocrx_word' id='word_1_634' title='bbox 2202 1840 2478 1910; x_wconf 91' lang='lat' dir='ltr'><strong>prostabat</strong></span> <span class='ocrx_word' id='word_1_635' title='bbox 2505 1850 2658 1894; x_wconf 88' lang='lat' dir='ltr'><strong>antea</strong></span> <span class='ocrx_word' id='word_1_636' title='bbox 2691 1850 2874 1893; x_wconf 88' lang='lat' dir='ltr'><strong>natura</strong></span> <span class='ocrx_word' id='word_1_637' title='bbox 2913 1847 3113 1894; x_wconf 89' lang='lat' dir='ltr'><strong>nostra.</strong></span> <span class='ocrx_word' id='word_1_638' title='bbox 3146 1838 3277 1892; x_wconf 87' lang='lat' dir='ltr'><strong>Nam</strong></span> <span class='ocrx_word' id='word_1_639' title='bbox 3308 1836 3586 1892; x_wconf 66' lang='lat' dir='ltr'><strong>latrocinia</strong></span> <span class='ocrx_word' id='word_1_640' title='bbox 3613 1875 3629 1900; x_wconf 85' lang='lat'><strong>,</strong></span> 
     </span>
    </p>
   </div>
   <div class='ocr_carea' id='block_1_80' title="bbox 2048 1927 3632 2000">
    <p class='ocr_par' dir='ltr' id='par_1_80' title="bbox 2048 1927 3632 2000">
     <span class='ocr_line' id='line_1_80' title="bbox 2048 1927 3632 2000; baseline -0.001 -18"><span class='ocrx_word' id='word_1_641' title='bbox 2048 1929 2353 1992; x_wconf 88' lang='lat' dir='ltr'><strong>homicidia,</strong></span> <span class='ocrx_word' id='word_1_642' title='bbox 2385 1939 2439 1983; x_wconf 91' lang='lat' dir='ltr'><strong>et</strong></span> <span class='ocrx_word' id='word_1_643' title='bbox 2471 1933 2672 1998; x_wconf 75' lang='lat' dir='ltr'><strong>qumvis</strong></span> <span class='ocrx_word' id='word_1_644' title='bbox 2699 1930 2874 2000; x_wconf 87' lang='lat' dir='ltr'><strong>iniqua</strong></span> <span class='ocrx_word' id='word_1_645' title='bbox 2904 1930 3157 1998; x_wconf 80' lang='lat' dir='ltr'><strong>cogitatio</strong></span> <span class='ocrx_word' id='word_1_646' title='bbox 3189 1929 3239 1982; x_wconf 91' lang='lat' dir='ltr'><strong>iu</strong></span> <span class='ocrx_word' id='word_1_647' title='bbox 3272 1929 3417 1981; x_wconf 88' lang='lat' dir='ltr'><strong>illam</strong></span> <span class='ocrx_word' id='word_1_648' title='bbox 3449 1927 3632 1996; x_wconf 83' lang='lat' dir='ltr'><strong>ingre-</strong></span> 
     </span>
    </p>
   </div>
   <div class='ocr_carea' id='block_1_81' title="bbox 2048 2018 3632 2089">
    <p class='ocr_par' dir='ltr' id='par_1_81' title="bbox 2048 2018 3632 2089">
     <span class='ocr_line' id='line_1_81' title="bbox 2048 2018 3632 2089; baseline -0.003 -15"><span class='ocrx_word' id='word_1_649' title='bbox 2048 2020 2222 2084; x_wconf 89' lang='lat' dir='ltr'><strong>diens,</strong></span> <span class='ocrx_word' id='word_1_650' title='bbox 2252 2037 2370 2074; x_wconf 88' lang='lat' dir='ltr'><strong>cum</strong></span> <span class='ocrx_word' id='word_1_651' title='bbox 2402 2023 2576 2075; x_wconf 87' lang='lat' dir='ltr'><strong>anima</strong></span> <span class='ocrx_word' id='word_1_652' title='bbox 2607 2022 2990 2076; x_wconf 80' lang='lat' dir='ltr'><strong>concumbebat</strong></span> <span class='ocrx_word' id='word_1_653' title='bbox 3018 2062 3032 2084; x_wconf 98' lang='lat'><strong>,</strong></span> <span class='ocrx_word' id='word_1_654' title='bbox 3068 2033 3225 2089; x_wconf 87' lang='lat' dir='ltr'><strong>parva</strong></span> <span class='ocrx_word' id='word_1_655' title='bbox 3258 2018 3455 2088; x_wconf 90' lang='lat' dir='ltr'><strong>vilique</strong></span> <span class='ocrx_word' id='word_1_656' title='bbox 3487 2032 3632 2070; x_wconf 88' lang='lat' dir='ltr'><strong>mer-</strong></span> 
     </span>
    </p>
   </div>
   <div class='ocr_carea' id='block_1_82' title="bbox 2048 2108 3635 2182">
    <p class='ocr_par' dir='ltr' id='par_1_82' title="bbox 2048 2108 3635 2182">
     <span class='ocr_line' id='line_1_82' title="bbox 2048 2108 3635 2182; baseline -0.006 -14"><span class='ocrx_word' id='word_1_657' title='bbox 2048 2113 2222 2180; x_wconf 90' lang='lat' dir='ltr'><strong>cede,</strong></span> <span class='ocrx_word' id='word_1_658' title='bbox 2269 2113 2548 2182; x_wconf 68' lang='lat' dir='ltr'><strong>prarsentis</strong></span> <span class='ocrx_word' id='word_1_659' title='bbox 2594 2127 2785 2182; x_wconf 84' lang='lat' dir='ltr'><strong>nempe</strong></span> <span class='ocrx_word' id='word_1_660' title='bbox 2837 2112 3143 2178; x_wconf 81' lang='lat' dir='ltr'><strong>voluptatis.</strong></span> <span class='ocrx_word' id='word_1_661' title='bbox 3201 2111 3390 2164; x_wconf 81' lang='lat' dir='ltr'><strong>Anima</strong></span> <span class='ocrx_word' id='word_1_662' title='bbox 3438 2108 3635 2178; x_wconf 89' lang='lat' dir='ltr'><strong>quippe</strong></span> 
     </span>
    </p>
   </div>
   <div class='ocr_carea' id='block_1_83' title="bbox 2050 2199 3638 2275">
    <p class='ocr_par' dir='ltr' id='par_1_83' title="bbox 2050 2199 3638 2275">
     <span class='ocr_line' id='line_1_83' title="bbox 2050 2199 3638 2275; baseline -0.005 -15"><span class='ocrx_word' id='word_1_663' title='bbox 2050 2204 2336 2260; x_wconf 88' lang='lat' dir='ltr'><strong>commixta</strong></span> <span class='ocrx_word' id='word_1_664' title='bbox 2365 2220 2484 2258; x_wconf 90' lang='lat' dir='ltr'><strong>eum</strong></span> <span class='ocrx_word' id='word_1_665' title='bbox 2519 2204 2672 2258; x_wconf 88' lang='lat' dir='ltr'><strong>malis</strong></span> <span class='ocrx_word' id='word_1_666' title='bbox 2698 2203 3106 2275; x_wconf 81' lang='lat' dir='ltr'><strong>Cogitatiouibus</strong></span> <span class='ocrx_word' id='word_1_667' title='bbox 3135 2212 3189 2259; x_wconf 89' lang='lat' dir='ltr'><strong>et</strong></span> <span class='ocrx_word' id='word_1_668' title='bbox 3217 2201 3422 2256; x_wconf 86' lang='lat' dir='ltr'><strong>actibus</strong></span> <span class='ocrx_word' id='word_1_669' title='bbox 3443 2239 3460 2266; x_wconf 90' lang='lat'><strong>,</strong></span> <span class='ocrx_word' id='word_1_670' title='bbox 3499 2199 3638 2253; x_wconf 87' lang='lat' dir='ltr'><strong>hanc</strong></span> 
     </span>
    </p>
   </div>
   <div class='ocr_carea' id='block_1_84' title="bbox 2050 2297 2921 2368">
    <p class='ocr_par' dir='ltr' id='par_1_84' title="bbox 2050 2297 2921 2368">
     <span class='ocr_line' id='line_1_84' title="bbox 2050 2297 2921 2368; baseline -0.001 -16"><span class='ocrx_word' id='word_1_671' title='bbox 2050 2297 2222 2352; x_wconf 87' lang='lat' dir='ltr'><strong>solum</strong></span> <span class='ocrx_word' id='word_1_672' title='bbox 2253 2297 2578 2368; x_wconf 84' lang='lat' dir='ltr'><strong>percipiebat</strong></span> <span class='ocrx_word' id='word_1_673' title='bbox 2599 2299 2921 2353; x_wconf 82' lang='lat' dir='ltr'><strong>mercedem.</strong></span> 
     </span>
    </p>
   </div>
   <div class='ocr_carea' id='block_1_85' title="bbox 2124 2388 3632 2460">
    <p class='ocr_par' dir='ltr' id='par_1_85' title="bbox 2124 2388 3632 2460">
     <span class='ocr_line' id='line_1_85' title="bbox 2124 2388 3632 2460; baseline -0.003 -16"><span class='ocrx_word' id='word_1_674' title='bbox 2124 2391 2176 2444; x_wconf 74' lang='grc' dir='ltr'><strong>ὅ.</strong></span> <span class='ocrx_word' id='word_1_675' title='bbox 2224 2389 2329 2445; x_wconf 91' lang='lat' dir='ltr'><strong>Sed</strong></span> <span class='ocrx_word' id='word_1_676' title='bbox 2359 2391 2473 2445; x_wconf 73' lang='lat' dir='ltr'><strong>lucc</strong></span> <span class='ocrx_word' id='word_1_677' title='bbox 2501 2389 2715 2460; x_wconf 88' lang='lat' dir='ltr'><strong>quidem</strong></span> <span class='ocrx_word' id='word_1_678' title='bbox 2760 2400 2919 2444; x_wconf 87' lang='lat' dir='ltr'><strong>antea</strong></span> <span class='ocrx_word' id='word_1_679' title='bbox 2946 2388 3058 2443; x_wconf 88' lang='lat' dir='ltr'><strong>ﬁeri</strong></span> <span class='ocrx_word' id='word_1_680' title='bbox 3089 2403 3250 2460; x_wconf 81' lang='lat' dir='ltr'><strong>grave</strong></span> <span class='ocrx_word' id='word_1_681' title='bbox 3294 2403 3416 2441; x_wconf 82' lang='lat' dir='ltr'><strong>cum</strong></span> <span class='ocrx_word' id='word_1_682' title='bbox 3455 2396 3632 2449; x_wconf 85' lang='lat' dir='ltr'><strong>esset,</strong></span> 
     </span>
    </p>
   </div>
   <div class='ocr_carea' id='block_1_86' title="bbox 2055 2483 3634 2551">
    <p class='ocr_par' dir='ltr' id='par_1_86' title="bbox 2055 2483 3634 2551">
     <span class='ocr_line' id='line_1_86' title="bbox 2055 2483 3634 2551; baseline -0.003 -17"><span class='ocrx_word' id='word_1_683' title='bbox 2055 2497 2157 2535; x_wconf 87' lang='lat' dir='ltr'><strong>nou</strong></span> <span class='ocrx_word' id='word_1_684' title='bbox 2191 2491 2294 2534; x_wconf 91' lang='lat' dir='ltr'><strong>tam</strong></span> <span class='ocrx_word' id='word_1_685' title='bbox 2319 2497 2479 2551; x_wconf 86' lang='lat' dir='ltr'><strong>grave</strong></span> <span class='ocrx_word' id='word_1_686' title='bbox 2499 2491 2646 2534; x_wconf 83' lang='lat' dir='ltr'><strong>erat:</strong></span> <span class='ocrx_word' id='word_1_687' title='bbox 2675 2489 2793 2550; x_wconf 85' lang='lat' dir='ltr'><strong>post</strong></span> <span class='ocrx_word' id='word_1_688' title='bbox 2814 2483 3001 2535; x_wconf 71' lang='lat' dir='ltr'><strong>caelum</strong></span> <span class='ocrx_word' id='word_1_689' title='bbox 3029 2489 3230 2542; x_wconf 80' lang='lat' dir='ltr'><strong>autem,</strong></span> <span class='ocrx_word' id='word_1_690' title='bbox 3248 2486 3370 2548; x_wconf 89' lang='lat' dir='ltr'><strong>post</strong></span> <span class='ocrx_word' id='word_1_691' title='bbox 3389 2493 3634 2547; x_wconf 86' lang='lat' dir='ltr'><strong>regnum,</strong></span> 
     </span>
    </p>
   </div>
   <div class='ocr_carea' id='block_1_87' title="bbox 2053 2566 3638 2643">
    <p class='ocr_par' dir='ltr' id='par_1_87' title="bbox 2053 2566 3638 2643">
     <span class='ocr_line' id='line_1_87' title="bbox 2053 2566 3638 2643; baseline -0.004 -17"><span class='ocrx_word' id='word_1_692' title='bbox 2053 2582 2331 2643; x_wconf 86' lang='lat' dir='ltr'><strong>postquam</strong></span> <span class='ocrx_word' id='word_1_693' title='bbox 2360 2572 2637 2626; x_wconf 87' lang='lat' dir='ltr'><strong>tremenda</strong></span> <span class='ocrx_word' id='word_1_694' title='bbox 2682 2571 2988 2641; x_wconf 82' lang='lat' dir='ltr'><strong>perceperis</strong></span> <span class='ocrx_word' id='word_1_695' title='bbox 3017 2570 3291 2641; x_wconf 87' lang='lat' dir='ltr'><strong>mysteria,</strong></span> <span class='ocrx_word' id='word_1_696' title='bbox 3319 2583 3533 2622; x_wconf 88' lang='lat' dir='ltr'><strong>rursum</strong></span> <span class='ocrx_word' id='word_1_697' title='bbox 3561 2566 3638 2620; x_wconf 89' lang='lat' dir='ltr'><strong>in-</strong></span> 
     </span>
    </p>
   </div>
   <div class='ocr_carea' id='block_1_88' title="bbox 2053 2661 3636 2736">
    <p class='ocr_par' dir='ltr' id='par_1_88' title="bbox 2053 2661 3636 2736">
     <span class='ocr_line' id='line_1_88' title="bbox 2053 2661 3636 2736; baseline -0.004 -19"><span class='ocrx_word' id='word_1_698' title='bbox 2053 2664 2284 2736; x_wconf 87' lang='lat' dir='ltr'><strong>quinari,</strong></span> <span class='ocrx_word' id='word_1_699' title='bbox 2308 2679 2465 2733; x_wconf 90' lang='lat' dir='ltr'><strong>quam</strong></span> <span class='ocrx_word' id='word_1_700' title='bbox 2489 2664 2704 2718; x_wconf 89' lang='lat' dir='ltr'><strong>habebit</strong></span> <span class='ocrx_word' id='word_1_701' title='bbox 2733 2664 2980 2716; x_wconf 84' lang='lat' dir='ltr'><strong>veniam?</strong></span> <span class='ocrx_word' id='word_1_702' title='bbox 3006 2663 3195 2716; x_wconf 78' lang='lat' dir='ltr'><strong>Annon</strong></span> <span class='ocrx_word' id='word_1_703' title='bbox 3217 2661 3492 2714; x_wconf 81' lang='lat' dir='ltr'><strong>existimas</strong></span> <span class='ocrx_word' id='word_1_704' title='bbox 3516 2673 3636 2713; x_wconf 90' lang='lat' dir='ltr'><strong>cum</strong></span> 
     </span>
    </p>
   </div>
   <div class='ocr_carea' id='block_1_89' title="bbox 2054 2756 3638 2828">
    <p class='ocr_par' dir='ltr' id='par_1_89' title="bbox 2054 2756 3638 2828">
     <span class='ocr_line' id='line_1_89' title="bbox 2054 2756 3638 2828; baseline -0.006 -12"><span class='ocrx_word' id='word_1_705' title='bbox 2054 2762 2228 2816; x_wconf 87' lang='lat' dir='ltr'><strong>avaris</strong></span> <span class='ocrx_word' id='word_1_706' title='bbox 2240 2770 2294 2815; x_wconf 90' lang='lat' dir='ltr'><strong>et</strong></span> <span class='ocrx_word' id='word_1_707' title='bbox 2310 2761 2427 2814; x_wconf 91' lang='lat' dir='ltr'><strong>aliis</strong></span> <span class='ocrx_word' id='word_1_708' title='bbox 2443 2759 2689 2814; x_wconf 90' lang='lat' dir='ltr'><strong>omnibus</strong></span> <span class='ocrx_word' id='word_1_709' title='bbox 2709 2774 2842 2828; x_wconf 90' lang='lat' dir='ltr'><strong>quos</strong></span> <span class='ocrx_word' id='word_1_710' title='bbox 2858 2756 3208 2822; x_wconf 87' lang='lat' dir='ltr'><strong>euumeravit,</strong></span> <span class='ocrx_word' id='word_1_711' title='bbox 3233 2756 3406 2825; x_wconf 90' lang='lat' dir='ltr'><strong>ipsum</strong></span> <span class='ocrx_word' id='word_1_712' title='bbox 3427 2767 3638 2810; x_wconf 78' lang='lat' dir='ltr'><strong>accum-</strong></span> 
     </span>
    </p>
   </div>
   <div class='ocr_carea' id='block_1_90' title="bbox 2058 2845 3639 2908">
    <p class='ocr_par' dir='ltr' id='par_1_90' title="bbox 2058 2845 3639 2908">
     <span class='ocr_line' id='line_1_90' title="bbox 2058 2845 3639 2908; baseline -0.007 0"><span class='ocrx_word' id='word_1_713' title='bbox 2058 2852 2184 2908; x_wconf 87' lang='lat' dir='ltr'><strong>bere</strong></span> <span class='ocrx_word' id='word_1_714' title='bbox 2231 2851 2538 2906; x_wconf 87' lang='lat' dir='ltr'><strong>diabolnm?</strong></span> <span class='ocrx_word' id='word_1_715' title='bbox 2583 2851 2831 2904; x_wconf 80' lang='lat' dir='ltr'><strong>mulieres</strong></span> <span class='ocrx_word' id='word_1_716' title='bbox 2880 2858 3058 2902; x_wconf 90' lang='lat' dir='ltr'><strong>autem</strong></span> <span class='ocrx_word' id='word_1_717' title='bbox 3107 2846 3173 2902; x_wconf 88' lang='lat' dir='ltr'><strong>ad</strong></span> <span class='ocrx_word' id='word_1_718' title='bbox 3221 2845 3495 2902; x_wconf 89' lang='lat' dir='ltr'><strong>libidinem</strong></span> <span class='ocrx_word' id='word_1_719' title='bbox 3548 2860 3639 2898; x_wconf 91' lang='lat' dir='ltr'><strong>or-</strong></span> 
     </span>
    </p>
   </div>
   <div class='ocr_carea' id='block_1_91' title="bbox 2059 2936 3643 3008">
    <p class='ocr_par' dir='ltr' id='par_1_91' title="bbox 2059 2936 3643 3008">
     <span class='ocr_line' id='line_1_91' title="bbox 2059 2936 3643 3008; baseline -0.003 -12"><span class='ocrx_word' id='word_1_720' title='bbox 2059 2953 2209 2998; x_wconf 89' lang='lat' dir='ltr'><strong>natas</strong></span> <span class='ocrx_word' id='word_1_721' title='bbox 2237 2958 2339 3004; x_wconf 87' lang='lat' dir='ltr'><strong>non</strong></span> <span class='ocrx_word' id='word_1_722' title='bbox 2368 2955 2556 2996; x_wconf 85' lang='lat' dir='ltr'><strong>censes</strong></span> <span class='ocrx_word' id='word_1_723' title='bbox 2595 2956 2715 2996; x_wconf 92' lang='lat' dir='ltr'><strong>cum</strong></span> <span class='ocrx_word' id='word_1_724' title='bbox 2758 2941 2849 2995; x_wconf 90' lang='lat' dir='ltr'><strong>illo</strong></span> <span class='ocrx_word' id='word_1_725' title='bbox 2884 2937 3258 2994; x_wconf 86' lang='lat' dir='ltr'><strong>commisceri?</strong></span> <span class='ocrx_word' id='word_1_726' title='bbox 3297 2937 3483 3008; x_wconf 88' lang='lat' dir='ltr'><strong>ecquis</strong></span> <span class='ocrx_word' id='word_1_727' title='bbox 3520 2936 3643 2992; x_wconf 83' lang='lat' dir='ltr'><strong>huic</strong></span> 
     </span>
    </p>
   </div>
   <div class='ocr_carea' id='block_1_92' title="bbox 2059 3027 3639 3100">
    <p class='ocr_par' dir='ltr' id='par_1_92' title="bbox 2059 3027 3639 3100">
     <span class='ocr_line' id='line_1_92' title="bbox 2059 3027 3639 3100; baseline -0.005 -12"><span class='ocrx_word' id='word_1_728' title='bbox 2059 3033 2292 3089; x_wconf 89' lang='lat' dir='ltr'><strong>sermoni</strong></span> <span class='ocrx_word' id='word_1_729' title='bbox 2317 3033 2726 3090; x_wconf 85' lang='lat' dir='ltr'><strong>contradixerit?</strong></span> <span class='ocrx_word' id='word_1_730' title='bbox 2753 3029 2903 3100; x_wconf 83' lang='lat' dir='ltr'><strong>Quod</strong></span> <span class='ocrx_word' id='word_1_731' title='bbox 2931 3029 2976 3084; x_wconf 93' lang='lat' dir='ltr'><strong>si</strong></span> <span class='ocrx_word' id='word_1_732' title='bbox 3002 3030 3120 3100; x_wconf 89' lang='lat' dir='ltr'><strong>quis</strong></span> <span class='ocrx_word' id='word_1_733' title='bbox 3145 3029 3215 3084; x_wconf 93' lang='lat' dir='ltr'><strong>sit</strong></span> <span class='ocrx_word' id='word_1_734' title='bbox 3241 3027 3606 3084; x_wconf 85' lang='lat' dir='ltr'><strong>contentiosus</strong></span> <span class='ocrx_word' id='word_1_735' title='bbox 3623 3068 3639 3090; x_wconf 82' lang='lat'><strong>,</strong></span> 
     </span>
    </p>
   </div>
   <div class='ocr_carea' id='block_1_93' title="bbox 2060 3118 3645 3190">
    <p class='ocr_par' dir='ltr' id='par_1_93' title="bbox 2060 3118 3645 3190">
     <span class='ocr_line' id='line_1_93' title="bbox 2060 3118 3645 3190; baseline -0.005 -10"><span class='ocrx_word' id='word_1_736' title='bbox 2060 3134 2219 3180; x_wconf 81' lang='lat' dir='ltr'><strong>exuat</strong></span> <span class='ocrx_word' id='word_1_737' title='bbox 2277 3125 2508 3178; x_wconf 89' lang='lat' dir='ltr'><strong>animam</strong></span> <span class='ocrx_word' id='word_1_738' title='bbox 2567 3123 2848 3177; x_wconf 91' lang='lat' dir='ltr'><strong>mulierum</strong></span> <span class='ocrx_word' id='word_1_739' title='bbox 2901 3137 3021 3190; x_wconf 75' lang='lat' dir='ltr'><strong>quae</strong></span> <span class='ocrx_word' id='word_1_740' title='bbox 3094 3135 3156 3176; x_wconf 87' lang='lat' dir='ltr'><strong>se</strong></span> <span class='ocrx_word' id='word_1_741' title='bbox 3205 3119 3342 3175; x_wconf 89' lang='lat' dir='ltr'><strong>adeo</strong></span> <span class='ocrx_word' id='word_1_742' title='bbox 3393 3118 3645 3174; x_wconf 85' lang='lat' dir='ltr'><strong>indecore</strong></span> 
     </span>
    </p>
   </div>
   <div class='ocr_carea' id='block_1_94' title="bbox 2061 3209 3647 3286">
    <p class='ocr_par' dir='ltr' id='par_1_94' title="bbox 2061 3209 3647 3286">
     <span class='ocr_line' id='line_1_94' title="bbox 2061 3209 3647 3286; baseline -0.008 -13"><span class='ocrx_word' id='word_1_743' title='bbox 2061 3224 2273 3286; x_wconf 79' lang='lat' dir='ltr'><strong>gerunt,</strong></span> <span class='ocrx_word' id='word_1_744' title='bbox 2291 3225 2342 3270; x_wconf 90' lang='lat' dir='ltr'><strong>et</strong></span> <span class='ocrx_word' id='word_1_745' title='bbox 2363 3215 2562 3270; x_wconf 87' lang='lat' dir='ltr'><strong>videbit</strong></span> <span class='ocrx_word' id='word_1_746' title='bbox 2583 3214 2867 3284; x_wconf 87' lang='lat' dir='ltr'><strong>malignum</strong></span> <span class='ocrx_word' id='word_1_747' title='bbox 2895 3213 3043 3267; x_wconf 90' lang='lat' dir='ltr'><strong>illum</strong></span> <span class='ocrx_word' id='word_1_748' title='bbox 3067 3211 3367 3267; x_wconf 65' lang='lat' dir='ltr'><strong>daemonem</strong></span> <span class='ocrx_word' id='word_1_749' title='bbox 3393 3224 3514 3265; x_wconf 89' lang='lat' dir='ltr'><strong>eum</strong></span> <span class='ocrx_word' id='word_1_750' title='bbox 3542 3209 3647 3264; x_wconf 90' lang='lat' dir='ltr'><strong>illis</strong></span> 
     </span>
    </p>
   </div>
   <div class='ocr_carea' id='block_1_95' title="bbox 2064 3301 3645 3376">
    <p class='ocr_par' dir='ltr' id='par_1_95' title="bbox 2064 3301 3645 3376">
     <span class='ocr_line' id='line_1_95' title="bbox 2064 3301 3645 3376; baseline -0.004 -16"><span class='ocrx_word' id='word_1_751' title='bbox 2064 3307 2218 3362; x_wconf 87' lang='lat' dir='ltr'><strong>valde</strong></span> <span class='ocrx_word' id='word_1_752' title='bbox 2259 3306 2563 3376; x_wconf 88' lang='lat' dir='ltr'><strong>complicari</strong></span> <span class='ocrx_word' id='word_1_753' title='bbox 2612 3315 2664 3361; x_wconf 91' lang='lat' dir='ltr'><strong>et</strong></span> <span class='ocrx_word' id='word_1_754' title='bbox 2707 3303 3064 3361; x_wconf 88' lang='lat' dir='ltr'><strong>commisceri.</strong></span> <span class='ocrx_word' id='word_1_755' title='bbox 3098 3303 3324 3358; x_wconf 89' lang='lat' dir='ltr'><strong>Difﬁcile</strong></span> <span class='ocrx_word' id='word_1_756' title='bbox 3357 3301 3500 3358; x_wconf 88' lang='lat' dir='ltr'><strong>enim</strong></span> <span class='ocrx_word' id='word_1_757' title='bbox 3543 3310 3645 3362; x_wconf 89' lang='lat' dir='ltr'><strong>est.</strong></span> 
     </span>
    </p>
   </div>
   <div class='ocr_carea' id='block_1_96' title="bbox 2065 3392 3650 3464">
    <p class='ocr_par' dir='ltr' id='par_1_96' title="bbox 2065 3392 3650 3464">
     <span class='ocr_line' id='line_1_96' title="bbox 2065 3392 3650 3464; baseline -0.006 -10"><span class='ocrx_word' id='word_1_758' title='bbox 2065 3398 2266 3462; x_wconf 88' lang='lat' dir='ltr'><strong>dilecti,</strong></span> <span class='ocrx_word' id='word_1_759' title='bbox 2283 3397 2497 3452; x_wconf 88' lang='lat' dir='ltr'><strong>difﬁcile</strong></span> <span class='ocrx_word' id='word_1_760' title='bbox 2517 3407 2616 3460; x_wconf 88' lang='lat' dir='ltr'><strong>est,</strong></span> <span class='ocrx_word' id='word_1_761' title='bbox 2643 3397 2750 3450; x_wconf 91' lang='lat' dir='ltr'><strong>imo</strong></span> <span class='ocrx_word' id='word_1_762' title='bbox 2773 3394 2995 3450; x_wconf 83' lang='lat' dir='ltr'><strong>fortasse</strong></span> <span class='ocrx_word' id='word_1_763' title='bbox 3023 3394 3092 3449; x_wconf 89' lang='lat' dir='ltr'><strong>im</strong></span> <span class='ocrx_word' id='word_1_764' title='bbox 3101 3393 3372 3464; x_wconf 88' lang='lat' dir='ltr'><strong>possibile,</strong></span> <span class='ocrx_word' id='word_1_765' title='bbox 3389 3392 3546 3447; x_wconf 90' lang='lat' dir='ltr'><strong>utsic</strong></span> <span class='ocrx_word' id='word_1_766' title='bbox 3563 3407 3650 3445; x_wconf 91' lang='lat' dir='ltr'><strong>or-</strong></span> 
     </span>
    </p>
   </div>
   <div class='ocr_carea' id='block_1_97' title="bbox 2066 3483 3648 3559">
    <p class='ocr_par' dir='ltr' id='par_1_97' title="bbox 2066 3483 3648 3559">
     <span class='ocr_line' id='line_1_97' title="bbox 2066 3483 3648 3559; baseline -0.005 -13"><span class='ocrx_word' id='word_1_767' title='bbox 2066 3501 2192 3546; x_wconf 92' lang='lat' dir='ltr'><strong>nato</strong></span> <span class='ocrx_word' id='word_1_768' title='bbox 2219 3505 2465 3558; x_wconf 84' lang='lat' dir='ltr'><strong>corpore.</strong></span> <span class='ocrx_word' id='word_1_769' title='bbox 2502 3488 2657 3544; x_wconf 90' lang='lat' dir='ltr'><strong>simul</strong></span> <span class='ocrx_word' id='word_1_770' title='bbox 2689 3503 2898 3559; x_wconf 89' lang='lat' dir='ltr'><strong>quoque</strong></span> <span class='ocrx_word' id='word_1_771' title='bbox 2936 3497 3158 3542; x_wconf 88' lang='lat' dir='ltr'><strong>ornetur</strong></span> <span class='ocrx_word' id='word_1_772' title='bbox 3193 3486 3406 3551; x_wconf 87' lang='lat' dir='ltr'><strong>anima;</strong></span> <span class='ocrx_word' id='word_1_773' title='bbox 3434 3483 3528 3539; x_wconf 81' lang='lat' dir='ltr'><strong>sed</strong></span> <span class='ocrx_word' id='word_1_774' title='bbox 3557 3499 3648 3538; x_wconf 56' lang='lat' dir='ltr'><strong>ne.</strong></span> 
     </span>
    </p>
   </div>
   <div class='ocr_carea' id='block_1_98' title="bbox 2066 3577 3648 3650">
    <p class='ocr_par' dir='ltr' id='par_1_98' title="bbox 2066 3577 3648 3650">
     <span class='ocr_line' id='line_1_98' title="bbox 2066 3577 3648 3650; baseline -0.006 -12"><span class='ocrx_word' id='word_1_775' title='bbox 2066 3597 2217 3638; x_wconf 87' lang='lat' dir='ltr'><strong>cesse</strong></span> <span class='ocrx_word' id='word_1_776' title='bbox 2251 3591 2331 3637; x_wconf 87' lang='lat' dir='ltr'><strong>est</strong></span> <span class='ocrx_word' id='word_1_777' title='bbox 2372 3581 2595 3635; x_wconf 88' lang='lat' dir='ltr'><strong>alterum</strong></span> <span class='ocrx_word' id='word_1_778' title='bbox 2645 3581 2908 3650; x_wconf 86' lang='lat' dir='ltr'><strong>negligere</strong></span> <span class='ocrx_word' id='word_1_779' title='bbox 2936 3594 3057 3633; x_wconf 90' lang='lat' dir='ltr'><strong>eum</strong></span> <span class='ocrx_word' id='word_1_780' title='bbox 3088 3578 3175 3648; x_wconf 91' lang='lat' dir='ltr'><strong>qui</strong></span> <span class='ocrx_word' id='word_1_781' title='bbox 3202 3577 3424 3632; x_wconf 82' lang='lat' dir='ltr'><strong>alterius</strong></span> <span class='ocrx_word' id='word_1_782' title='bbox 3463 3590 3648 3631; x_wconf 86' lang='lat' dir='ltr'><strong>curam</strong></span> 
     </span>
    </p>
   </div>
   <div class='ocr_carea' id='block_1_99' title="bbox 2044 3671 3652 3743">
    <p class='ocr_par' dir='ltr' id='par_1_99' title="bbox 2044 3671 3652 3743">
     <span class='ocr_line' id='line_1_99' title="bbox 2044 3671 3652 3743; baseline -0.002 -17"><span class='ocrx_word' id='word_1_783' title='bbox 2044 3723 2046 3726; x_wconf 75' lang='grc'>,</span> <span class='ocrx_word' id='word_1_784' title='bbox 2070 3674 2443 3743; x_wconf 80' lang='lat' dir='ltr'><strong>habetzneque</strong></span> <span class='ocrx_word' id='word_1_785' title='bbox 2466 3673 2608 3728; x_wconf 89' lang='lat' dir='ltr'><strong>enim</strong></span> <span class='ocrx_word' id='word_1_786' title='bbox 2635 3688 2700 3727; x_wconf 86' lang='lat' dir='ltr'><strong>ex</strong></span> <span class='ocrx_word' id='word_1_787' title='bbox 2729 3683 2910 3726; x_wconf 89' lang='lat' dir='ltr'><strong>natura</strong></span> <span class='ocrx_word' id='word_1_788' title='bbox 2943 3686 3035 3726; x_wconf 89' lang='lat' dir='ltr'><strong>sua</strong></span> <span class='ocrx_word' id='word_1_789' title='bbox 3063 3671 3177 3726; x_wconf 76' lang='lat' dir='ltr'><strong>bzec</strong></span> <span class='ocrx_word' id='word_1_790' title='bbox 3193 3671 3354 3725; x_wconf 90' lang='lat' dir='ltr'><strong>simul</strong></span> <span class='ocrx_word' id='word_1_791' title='bbox 3381 3684 3504 3725; x_wconf 90' lang='lat' dir='ltr'><strong>esse</strong></span> <span class='ocrx_word' id='word_1_792' title='bbox 3531 3684 3652 3739; x_wconf 85' lang='lat' dir='ltr'><strong>pos-</strong></span> 
     </span>
    </p>
   </div>
   <div class='ocr_carea' id='block_1_100' title="bbox 2069 3763 3648 3832">
    <p class='ocr_par' dir='ltr' id='par_1_100' title="bbox 2069 3763 3648 3832">
     <span class='ocr_line' id='line_1_100' title="bbox 2069 3763 3648 3832; baseline -0.006 -10"><span class='ocrx_word' id='word_1_793' title='bbox 2069 3775 2210 3822; x_wconf 87' lang='lat' dir='ltr'><strong>sunt.</strong></span> <span class='ocrx_word' id='word_1_794' title='bbox 2240 3764 2365 3821; x_wconf 83' lang='lat' dir='ltr'><strong>Ideo</strong></span> <span class='ocrx_word' id='word_1_795' title='bbox 2389 3765 2500 3819; x_wconf 88' lang='lat' dir='ltr'><strong>ait:</strong></span> <span class='ocrx_word' id='word_1_796' title='bbox 2535 3763 2636 3832; x_wconf 87' lang='lat' dir='ltr'><strong>Qui</strong></span> <span class='ocrx_word' id='word_1_797' title='bbox 2664 3763 2889 3817; x_wconf 72' lang='lat' dir='ltr'><strong>adliceret</strong></span> <span class='ocrx_word' id='word_1_798' title='bbox 2915 3763 3191 3825; x_wconf 85' lang='lat' dir='ltr'><strong>meretrici,</strong></span> <span class='ocrx_word' id='word_1_799' title='bbox 3222 3771 3294 3816; x_wconf 89' lang='lat' dir='ltr'><strong>est</strong></span> <span class='ocrx_word' id='word_1_800' title='bbox 3337 3777 3495 3816; x_wconf 83' lang='lat' dir='ltr'><strong>unum</strong></span> <span class='ocrx_word' id='word_1_801' title='bbox 3532 3776 3648 3813; x_wconf 87' lang='lat' dir='ltr'><strong>cor-</strong></span> 
     </span>
    </p>
   </div>
   <div class='ocr_carea' id='block_1_101' title="bbox 2072 3852 3654 3929">
    <p class='ocr_par' dir='ltr' id='par_1_101' title="bbox 2072 3852 3654 3929">
     <span class='ocr_line' id='line_1_101' title="bbox 2072 3852 3654 3929; baseline -0.006 -16"><span class='ocrx_word' id='word_1_802' title='bbox 2072 3875 2168 3929; x_wconf 80' lang='lat' dir='ltr'><strong>pus</strong></span> <span class='ocrx_word' id='word_1_803' title='bbox 2195 3874 2214 3912; x_wconf 90' lang='lat'><strong><em>:</em></strong></span> <span class='ocrx_word' id='word_1_804' title='bbox 2239 3859 2324 3926; x_wconf 84' lang='lat' dir='ltr'><strong>qui</strong></span> <span class='ocrx_word' id='word_1_805' title='bbox 2350 3866 2517 3910; x_wconf 83' lang='lat' dir='ltr'><strong>autem</strong></span> <span class='ocrx_word' id='word_1_806' title='bbox 2545 3859 2768 3908; x_wconf 73' lang='lat' dir='ltr'><strong>adltwret</strong></span> <span class='ocrx_word' id='word_1_807' title='bbox 2796 3854 3030 3919; x_wconf 89' lang='lat' dir='ltr'><strong>Domino,</strong></span> <span class='ocrx_word' id='word_1_808' title='bbox 3059 3870 3188 3907; x_wconf 84' lang='lat' dir='ltr'><strong>unus</strong></span> <span class='ocrx_word' id='word_1_809' title='bbox 3208 3854 3417 3922; x_wconf 83' lang='lat' dir='ltr'><strong>spiritus</strong></span> <span class='ocrx_word' id='word_1_810' title='bbox 3437 3862 3528 3906; x_wconf 88' lang='lat' dir='ltr'><strong>est.</strong></span> <span class='ocrx_word' id='word_1_811' title='bbox 3563 3852 3654 3904; x_wconf 89' lang='lat' dir='ltr'><strong>Ille</strong></span> 
     </span>
    </p>
   </div>
   <div class='ocr_carea' id='block_1_102' title="bbox 2073 3941 3656 4018">
    <p class='ocr_par' dir='ltr' id='par_1_102' title="bbox 2073 3941 3656 4018">
     <span class='ocr_line' id='line_1_102' title="bbox 2073 3941 3656 4018; baseline -0.006 -15"><span class='ocrx_word' id='word_1_812' title='bbox 2073 3962 2301 4018; x_wconf 80' lang='lat' dir='ltr'><strong>namque</strong></span> <span class='ocrx_word' id='word_1_813' title='bbox 2327 3945 2539 4000; x_wconf 86' lang='lat' dir='ltr'><strong>tandem</strong></span> <span class='ocrx_word' id='word_1_814' title='bbox 2594 3945 2809 4014; x_wconf 86' lang='lat' dir='ltr'><strong>spiritus</strong></span> <span class='ocrx_word' id='word_1_815' title='bbox 2855 3943 3114 4006; x_wconf 87' lang='lat' dir='ltr'><strong>efﬁcitur,</strong></span> <span class='ocrx_word' id='word_1_816' title='bbox 3149 3943 3272 3998; x_wconf 90' lang='lat' dir='ltr'><strong>licet</strong></span> <span class='ocrx_word' id='word_1_817' title='bbox 3319 3957 3549 4012; x_wconf 88' lang='lat' dir='ltr'><strong>corpore</strong></span> <span class='ocrx_word' id='word_1_818' title='bbox 3590 3941 3656 3994; x_wconf 90' lang='lat' dir='ltr'><strong>sit</strong></span> 
     </span>
    </p>
   </div>
   <div class='ocr_carea' id='block_1_103' title="bbox 2072 4035 3653 4104">
    <p class='ocr_par' dir='ltr' id='par_1_103' title="bbox 2072 4035 3653 4104">
     <span class='ocr_line' id='line_1_103' title="bbox 2072 4035 3653 4104; baseline -0.006 -9"><span class='ocrx_word' id='word_1_819' title='bbox 2072 4037 2450 4095; x_wconf 83' lang='lat' dir='ltr'><strong>circumdatus.</strong></span> <span class='ocrx_word' id='word_1_820' title='bbox 2489 4035 2712 4104; x_wconf 85' lang='lat' dir='ltr'><strong>Quando</strong></span> <span class='ocrx_word' id='word_1_821' title='bbox 2759 4037 2901 4090; x_wconf 90' lang='lat' dir='ltr'><strong>enim</strong></span> <span class='ocrx_word' id='word_1_822' title='bbox 2959 4035 3086 4091; x_wconf 88' lang='lat' dir='ltr'><strong>nihil</strong></span> <span class='ocrx_word' id='word_1_823' title='bbox 3141 4051 3495 4104; x_wconf 85' lang='lat' dir='ltr'><strong>corporeum.</strong></span> <span class='ocrx_word' id='word_1_824' title='bbox 3527 4035 3653 4088; x_wconf 93' lang='lat' dir='ltr'><strong>nihil</strong></span> 
     </span>
    </p>
   </div>
   <div class='ocr_carea' id='block_1_104' title="bbox 2073 4129 3658 4198">
    <p class='ocr_par' dir='ltr' id='par_1_104' title="bbox 2073 4129 3658 4198">
     <span class='ocr_line' id='line_1_104' title="bbox 2073 4129 3658 4198; baseline -0.003 -11"><span class='ocrx_word' id='word_1_825' title='bbox 2073 4145 2331 4194; x_wconf 85' lang='lat' dir='ltr'><strong>crassum,</strong></span> <span class='ocrx_word' id='word_1_826' title='bbox 2363 4129 2489 4183; x_wconf 90' lang='lat' dir='ltr'><strong>nihil</strong></span> <span class='ocrx_word' id='word_1_827' title='bbox 2534 4139 2800 4183; x_wconf 90' lang='lat' dir='ltr'><strong>terrenum</strong></span> <span class='ocrx_word' id='word_1_828' title='bbox 2844 4130 2983 4184; x_wconf 90' lang='lat' dir='ltr'><strong>circa</strong></span> <span class='ocrx_word' id='word_1_829' title='bbox 3029 4131 3201 4198; x_wconf 89' lang='lat' dir='ltr'><strong>ipsum</strong></span> <span class='ocrx_word' id='word_1_830' title='bbox 3244 4129 3424 4192; x_wconf 84' lang='lat' dir='ltr'><strong>fuerit.</strong></span> <span class='ocrx_word' id='word_1_831' title='bbox 3453 4129 3658 4198; x_wconf 85' lang='lat' dir='ltr'><strong>simpli-</strong></span> 
     </span>
    </p>
   </div>
   <div class='ocr_carea' id='block_1_105' title="bbox 2073 4221 3657 4292">
    <p class='ocr_par' dir='ltr' id='par_1_105' title="bbox 2073 4221 3657 4292">
     <span class='ocr_line' id='line_1_105' title="bbox 2073 4221 3657 4292; baseline -0.001 -14"><span class='ocrx_word' id='word_1_832' title='bbox 2073 4223 2208 4280; x_wconf 89' lang='lat' dir='ltr'><strong>citer</strong></span> <span class='ocrx_word' id='word_1_833' title='bbox 2260 4237 2486 4292; x_wconf 86' lang='lat' dir='ltr'><strong>corpore</strong></span> <span class='ocrx_word' id='word_1_834' title='bbox 2539 4221 2896 4276; x_wconf 81' lang='lat' dir='ltr'><strong>circumdatur</strong></span> <span class='ocrx_word' id='word_1_835' title='bbox 2928 4241 2940 4277; x_wconf 86' lang='lat'><strong>:</strong></span> <span class='ocrx_word' id='word_1_836' title='bbox 2971 4237 3092 4276; x_wconf 90' lang='lat' dir='ltr'><strong>cum</strong></span> <span class='ocrx_word' id='word_1_837' title='bbox 3133 4231 3275 4276; x_wconf 91' lang='lat' dir='ltr'><strong>totus</strong></span> <span class='ocrx_word' id='word_1_838' title='bbox 3329 4222 3657 4292; x_wconf 88' lang='lat' dir='ltr'><strong>principatus</strong></span> 
     </span>
    </p>
   </div>
   <div class='ocr_carea' id='block_1_106' title="bbox 2073 4313 3657 4385">
    <p class='ocr_par' dir='ltr' id='par_1_106' title="bbox 2073 4313 3657 4385">
     <span class='ocr_line' id='line_1_106' title="bbox 2073 4313 3657 4385; baseline -0.003 -13"><span class='ocrx_word' id='word_1_839' title='bbox 2073 4315 2143 4373; x_wconf 82' lang='lat' dir='ltr'><strong>sit</strong></span> <span class='ocrx_word' id='word_1_840' title='bbox 2167 4315 2359 4370; x_wconf 78' lang='lat' dir='ltr'><strong>anima:</strong></span> <span class='ocrx_word' id='word_1_841' title='bbox 2384 4323 2438 4368; x_wconf 88' lang='lat' dir='ltr'><strong>et</strong></span> <span class='ocrx_word' id='word_1_842' title='bbox 2462 4313 2700 4384; x_wconf 83' lang='lat' dir='ltr'><strong>spiritus,</strong></span> <span class='ocrx_word' id='word_1_843' title='bbox 2731 4314 2806 4370; x_wconf 84' lang='lat' dir='ltr'><strong>sic</strong></span> <span class='ocrx_word' id='word_1_844' title='bbox 2832 4315 3158 4385; x_wconf 87' lang='lat' dir='ltr'><strong>gloriﬁcatur</strong></span> <span class='ocrx_word' id='word_1_845' title='bbox 3195 4315 3353 4374; x_wconf 91' lang='lat' dir='ltr'><strong>Deus.</strong></span> <span class='ocrx_word' id='word_1_846' title='bbox 3382 4314 3657 4382; x_wconf 80' lang='lat' dir='ltr'><strong>Quamob-</strong></span> 
     </span>
    </p>
   </div>
   <div class='ocr_carea' id='block_1_107' title="bbox 2074 4405 3656 4474">
    <p class='ocr_par' dir='ltr' id='par_1_107' title="bbox 2074 4405 3656 4474">
     <span class='ocr_line' id='line_1_107' title="bbox 2074 4405 3656 4474; baseline -0.003 -11"><span class='ocrx_word' id='word_1_847' title='bbox 2074 4424 2186 4463; x_wconf 91' lang='lat' dir='ltr'><strong>rem</strong></span> <span class='ocrx_word' id='word_1_848' title='bbox 2227 4409 2280 4462; x_wconf 92' lang='lat' dir='ltr'><strong>in</strong></span> <span class='ocrx_word' id='word_1_849' title='bbox 2307 4407 2548 4461; x_wconf 81' lang='lat' dir='ltr'><strong>oratione</strong></span> <span class='ocrx_word' id='word_1_850' title='bbox 2572 4407 2749 4461; x_wconf 88' lang='lat' dir='ltr'><strong>dicere</strong></span> <span class='ocrx_word' id='word_1_851' title='bbox 2779 4407 3047 4474; x_wconf 87' lang='lat' dir='ltr'><strong>jnbemur,</strong></span> <span class='ocrx_word' id='word_1_852' title='bbox 3079 4405 3440 4467; x_wconf 78' lang='lat' dir='ltr'><strong>Sauctiﬁcetur</strong></span> <span class='ocrx_word' id='word_1_853' title='bbox 3478 4422 3656 4460; x_wconf 77' lang='lat' dir='ltr'><strong>nomen</strong></span> 
     </span>
    </p>
   </div>
   <div class='ocr_carea' id='block_1_108' title="bbox 2075 4495 3662 4562">
    <p class='ocr_par' dir='ltr' id='par_1_108' title="bbox 2075 4495 3662 4562">
     <span class='ocr_line' id='line_1_108' title="bbox 2075 4495 3662 4562; baseline -0.003 -10"><span class='ocrx_word' id='word_1_854' title='bbox 2075 4509 2246 4562; x_wconf 85' lang='lat' dir='ltr'><strong>tuum;</strong></span> <span class='ocrx_word' id='word_1_855' title='bbox 2267 4505 2322 4552; x_wconf 91' lang='lat' dir='ltr'><strong>et</strong></span> <span class='ocrx_word' id='word_1_856' title='bbox 2340 4496 2584 4551; x_wconf 89' lang='lat' dir='ltr'><strong>Christus</strong></span> <span class='ocrx_word' id='word_1_857' title='bbox 2609 4495 2715 4550; x_wconf 85' lang='lat' dir='ltr'><strong>ait:</strong></span> <span class='ocrx_word' id='word_1_858' title='bbox 2738 4495 2921 4548; x_wconf 84' lang='lat' dir='ltr'><strong>Luceat</strong></span> <span class='ocrx_word' id='word_1_859' title='bbox 2946 4497 3038 4550; x_wconf 78' lang='lat' dir='ltr'><strong>tua:</strong></span> <span class='ocrx_word' id='word_1_860' title='bbox 3063 4505 3226 4549; x_wconf 84' lang='lat' dir='ltr'><strong>oestro</strong></span> <span class='ocrx_word' id='word_1_861' title='bbox 3251 4511 3421 4549; x_wconf 87' lang='lat' dir='ltr'><strong>coram</strong></span> <span class='ocrx_word' id='word_1_862' title='bbox 3451 4495 3662 4548; x_wconf 81' lang='lat' dir='ltr'><strong>homini-</strong></span> 
     </span>
    </p>
   </div>
   <div class='ocr_carea' id='block_1_109' title="bbox 2077 4583 3660 4658">
    <p class='ocr_par' dir='ltr' id='par_1_109' title="bbox 2077 4583 3660 4658">
     <span class='ocr_line' id='line_1_109' title="bbox 2077 4583 3660 4658; baseline -0.004 -14"><span class='ocrx_word' id='word_1_863' title='bbox 2077 4591 2188 4653; x_wconf 78' lang='lat' dir='ltr'><strong>bus,</strong></span> <span class='ocrx_word' id='word_1_864' title='bbox 2213 4599 2266 4643; x_wconf 88' lang='lat' dir='ltr'><strong>ut</strong></span> <span class='ocrx_word' id='word_1_865' title='bbox 2292 4589 2492 4642; x_wconf 79' lang='lat' dir='ltr'><strong>videant</strong></span> <span class='ocrx_word' id='word_1_866' title='bbox 2519 4605 2673 4655; x_wconf 80' lang='lat' dir='ltr'><strong>Opera</strong></span> <span class='ocrx_word' id='word_1_867' title='bbox 2699 4599 2861 4641; x_wconf 81' lang='lat' dir='ltr'><strong>vestra</strong></span> <span class='ocrx_word' id='word_1_868' title='bbox 2889 4586 3039 4650; x_wconf 84' lang='lat' dir='ltr'><strong>bona,</strong></span> <span class='ocrx_word' id='word_1_869' title='bbox 3059 4595 3106 4639; x_wconf 93' lang='lat' dir='ltr'><strong>et</strong></span> <span class='ocrx_word' id='word_1_870' title='bbox 3135 4586 3416 4658; x_wconf 79' lang='lat' dir='ltr'><strong>gloriﬁcent</strong></span> <span class='ocrx_word' id='word_1_871' title='bbox 3449 4583 3660 4640; x_wconf 79' lang='lat' dir='ltr'><strong>Patrem</strong></span> 
     </span>
    </p>
   </div>
   <div class='ocr_carea' id='block_1_110' title="bbox 2075 4676 3658 4752">
    <p class='ocr_par' dir='ltr' id='par_1_110' title="bbox 2075 4676 3658 4752">
     <span class='ocr_line' id='line_1_110' title="bbox 2075 4676 3658 4752; baseline -0.004 -13"><span class='ocrx_word' id='word_1_872' title='bbox 2075 4693 2291 4739; x_wconf 78' lang='lat' dir='ltr'><strong>vestrum</strong></span> <span class='ocrx_word' id='word_1_873' title='bbox 2317 4682 2401 4752; x_wconf 86' lang='lat' dir='ltr'><strong>qui</strong></span> <span class='ocrx_word' id='word_1_874' title='bbox 2428 4682 2480 4735; x_wconf 89' lang='lat' dir='ltr'><strong>in</strong></span> <span class='ocrx_word' id='word_1_875' title='bbox 2509 4682 2646 4736; x_wconf 70' lang='lat' dir='ltr'><strong>carlis</strong></span> <span class='ocrx_word' id='word_1_876' title='bbox 2676 4690 2746 4734; x_wconf 76' lang='lat' dir='ltr'><strong>est</strong></span> <span class='ocrx_word' id='word_1_877' title='bbox 2777 4679 2796 4751; x_wconf 84' lang='grc'>(</span> <span class='ocrx_word' id='word_1_878' title='bbox 2826 4678 3008 4732; x_wconf 74' lang='lat' dir='ltr'><strong>Matth.</strong></span> <span class='ocrx_word' id='word_1_879' title='bbox 3065 4679 3119 4734; x_wconf 84' lang='lat'><strong>5.</strong></span> <span class='ocrx_word' id='word_1_880' title='bbox 3175 4677 3243 4734; x_wconf 72' lang='grc'><strong>16</strong></span> <span class='ocrx_word' id='word_1_881' title='bbox 3267 4679 3306 4747; x_wconf 91' lang='grc'><strong>).</strong></span> <span class='ocrx_word' id='word_1_882' title='bbox 3351 4676 3443 4733; x_wconf 89' lang='lat' dir='ltr'><strong>Sic</strong></span> <span class='ocrx_word' id='word_1_883' title='bbox 3486 4677 3658 4748; x_wconf 83' lang='lat' dir='ltr'><strong>ipsum</strong></span> 
     </span>
    </p>
   </div>
   <div class='ocr_carea' id='block_1_111' title="bbox 2075 4771 3660 4844">
    <p class='ocr_par' dir='ltr' id='par_1_111' title="bbox 2075 4771 3660 4844">
     <span class='ocr_line' id='line_1_111' title="bbox 2075 4771 3660 4844; baseline -0.003 -16"><span class='ocrx_word' id='word_1_884' title='bbox 2075 4773 2374 4844; x_wconf 83' lang='lat' dir='ltr'><strong>gloriﬁcaut</strong></span> <span class='ocrx_word' id='word_1_885' title='bbox 2402 4774 2562 4829; x_wconf 89' lang='lat' dir='ltr'><strong>etiam</strong></span> <span class='ocrx_word' id='word_1_886' title='bbox 2590 4772 2728 4838; x_wconf 70' lang='lat' dir='ltr'><strong>caeli,</strong></span> <span class='ocrx_word' id='word_1_887' title='bbox 2753 4787 2857 4826; x_wconf 90' lang='lat' dir='ltr'><strong>non</strong></span> <span class='ocrx_word' id='word_1_888' title='bbox 2879 4785 3064 4826; x_wconf 89' lang='lat' dir='ltr'><strong>vocem</strong></span> <span class='ocrx_word' id='word_1_889' title='bbox 3087 4771 3417 4838; x_wconf 89' lang='lat' dir='ltr'><strong>emittentes,</strong></span> <span class='ocrx_word' id='word_1_890' title='bbox 3441 4771 3538 4825; x_wconf 87' lang='lat' dir='ltr'><strong>sed</strong></span> <span class='ocrx_word' id='word_1_891' title='bbox 3565 4785 3660 4841; x_wconf 90' lang='lat' dir='ltr'><strong>per</strong></span> 
     </span>
    </p>
   </div>
   <div class='ocr_carea' id='block_1_112' title="bbox 2075 4862 3660 4936">
    <p class='ocr_par' dir='ltr' id='par_1_112' title="bbox 2075 4862 3660 4936">
     <span class='ocr_line' id='line_1_112' title="bbox 2075 4862 3660 4936; baseline -0.003 -15"><span class='ocrx_word' id='word_1_892' title='bbox 2075 4875 2348 4936; x_wconf 89' lang='lat' dir='ltr'><strong>aspectum</strong></span> <span class='ocrx_word' id='word_1_893' title='bbox 2403 4865 2808 4919; x_wconf 89' lang='lat' dir='ltr'><strong>admirationem</strong></span> <span class='ocrx_word' id='word_1_894' title='bbox 2861 4873 3301 4928; x_wconf 84' lang='lat' dir='ltr'><strong>commoventes,</strong></span> <span class='ocrx_word' id='word_1_895' title='bbox 3330 4873 3384 4918; x_wconf 89' lang='lat' dir='ltr'><strong>et</strong></span> <span class='ocrx_word' id='word_1_896' title='bbox 3433 4862 3660 4933; x_wconf 83' lang='lat' dir='ltr'><strong>gloriam</strong></span> 
     </span>
    </p>
   </div>
   <div class='ocr_carea' id='block_1_113' title="bbox 2073 4954 3666 5023">
    <p class='ocr_par' dir='ltr' id='par_1_113' title="bbox 2073 4954 3666 5023">
     <span class='ocr_line' id='line_1_113' title="bbox 2073 4954 3666 5023; baseline -0.004 -11"><span class='ocrx_word' id='word_1_897' title='bbox 2073 4956 2310 5012; x_wconf 88' lang='lat' dir='ltr'><strong>Creatori</strong></span> <span class='ocrx_word' id='word_1_898' title='bbox 2333 4955 2640 5010; x_wconf 82' lang='lat' dir='ltr'><strong>referentes.</strong></span> <span class='ocrx_word' id='word_1_899' title='bbox 2659 4955 2750 5009; x_wconf 88' lang='lat' dir='ltr'><strong>Sic</strong></span> <span class='ocrx_word' id='word_1_900' title='bbox 2771 4955 3128 5023; x_wconf 80' lang='lat' dir='ltr'><strong>gloriﬁcemus</strong></span> <span class='ocrx_word' id='word_1_901' title='bbox 3150 4955 3294 5009; x_wconf 92' lang='lat' dir='ltr'><strong>illum</strong></span> <span class='ocrx_word' id='word_1_902' title='bbox 3321 4964 3376 5009; x_wconf 92' lang='lat' dir='ltr'><strong>et</strong></span> <span class='ocrx_word' id='word_1_903' title='bbox 3402 4969 3535 5019; x_wconf 90' lang='lat' dir='ltr'><strong>nos;</strong></span> <span class='ocrx_word' id='word_1_904' title='bbox 3559 4954 3666 5008; x_wconf 89' lang='lat' dir='ltr'><strong>imo</strong></span> 
     </span>
    </p>
   </div>
   <div class='ocr_carea' id='block_1_114' title="bbox 2076 5043 3665 5118">
    <p class='ocr_par' dir='ltr' id='par_1_114' title="bbox 2076 5043 3665 5118">
     <span class='ocr_line' id='line_1_114' title="bbox 2076 5043 3665 5118; baseline -0.002 -16"><span class='ocrx_word' id='word_1_905' title='bbox 2076 5048 2242 5118; x_wconf 77' lang='lat' dir='ltr'><strong>magis</strong></span> <span class='ocrx_word' id='word_1_906' title='bbox 2283 5061 2441 5116; x_wconf 90' lang='lat' dir='ltr'><strong>quam</strong></span> <span class='ocrx_word' id='word_1_907' title='bbox 2487 5045 2593 5111; x_wconf 89' lang='lat' dir='ltr'><strong>illi;</strong></span> <span class='ocrx_word' id='word_1_908' title='bbox 2622 5060 2903 5115; x_wconf 88' lang='lat' dir='ltr'><strong>possumus</strong></span> <span class='ocrx_word' id='word_1_909' title='bbox 2938 5045 3080 5100; x_wconf 91' lang='lat' dir='ltr'><strong>enim</strong></span> <span class='ocrx_word' id='word_1_910' title='bbox 3121 5046 3166 5100; x_wconf 92' lang='lat' dir='ltr'><strong>si</strong></span> <span class='ocrx_word' id='word_1_911' title='bbox 3205 5046 3450 5104; x_wconf 90' lang='lat' dir='ltr'><strong>velimus.</strong></span> <span class='ocrx_word' id='word_1_912' title='bbox 3480 5043 3665 5116; x_wconf 82' lang='lat' dir='ltr'><strong>Neque</strong></span> 
     </span>
    </p>
   </div>
   <div class='ocr_carea' id='block_1_115' title="bbox 2075 5135 3664 5205">
    <p class='ocr_par' dir='ltr' id='par_1_115' title="bbox 2075 5135 3664 5205">
     <span class='ocr_line' id='line_1_115' title="bbox 2075 5135 3664 5205; baseline -0.003 -10"><span class='ocrx_word' id='word_1_913' title='bbox 2075 5141 2217 5195; x_wconf 89' lang='lat' dir='ltr'><strong>enim</strong></span> <span class='ocrx_word' id='word_1_914' title='bbox 2265 5139 2337 5193; x_wconf 91' lang='lat' dir='ltr'><strong>ita</strong></span> <span class='ocrx_word' id='word_1_915' title='bbox 2381 5138 2571 5194; x_wconf 65' lang='lat' dir='ltr'><strong>caelum</strong></span> <span class='ocrx_word' id='word_1_916' title='bbox 2598 5146 2652 5192; x_wconf 93' lang='lat' dir='ltr'><strong>et</strong></span> <span class='ocrx_word' id='word_1_917' title='bbox 2677 5137 2791 5191; x_wconf 89' lang='lat' dir='ltr'><strong>dies</strong></span> <span class='ocrx_word' id='word_1_918' title='bbox 2819 5147 2874 5192; x_wconf 89' lang='lat' dir='ltr'><strong>et</strong></span> <span class='ocrx_word' id='word_1_919' title='bbox 2901 5154 3002 5193; x_wconf 85' lang='lat' dir='ltr'><strong>nox</strong></span> <span class='ocrx_word' id='word_1_920' title='bbox 3050 5137 3216 5193; x_wconf 88' lang='lat' dir='ltr'><strong>Deum</strong></span> <span class='ocrx_word' id='word_1_921' title='bbox 3269 5135 3536 5205; x_wconf 79' lang='lat' dir='ltr'><strong>gloriﬁcat</strong></span> <span class='ocrx_word' id='word_1_922' title='bbox 3562 5180 3578 5202; x_wconf 98' lang='lat'><strong>,</strong></span> <span class='ocrx_word' id='word_1_923' title='bbox 3607 5147 3664 5191; x_wconf 92' lang='lat' dir='ltr'><strong>ut</strong></span> 
     </span>
    </p>
   </div>
   <div class='ocr_carea' id='block_1_116' title="bbox 2074 5225 3659 5297">
    <p class='ocr_par' dir='ltr' id='par_1_116' title="bbox 2074 5225 3659 5297">
     <span class='ocr_line' id='line_1_116' title="bbox 2074 5225 3659 5297; baseline -0.001 -13"><span class='ocrx_word' id='word_1_924' title='bbox 2074 5230 2250 5284; x_wconf 89' lang='lat' dir='ltr'><strong>anima</strong></span> <span class='ocrx_word' id='word_1_925' title='bbox 2281 5239 2487 5284; x_wconf 88' lang='lat' dir='ltr'><strong>sancta.</strong></span> <span class='ocrx_word' id='word_1_926' title='bbox 2533 5227 2685 5297; x_wconf 71' lang='lat' dir='ltr'><strong>Sicut</strong></span> <span class='ocrx_word' id='word_1_927' title='bbox 2719 5227 2861 5281; x_wconf 88' lang='lat' dir='ltr'><strong>enim</strong></span> <span class='ocrx_word' id='word_1_928' title='bbox 2903 5229 3024 5296; x_wconf 87' lang='lat' dir='ltr'><strong>quis</strong></span> <span class='ocrx_word' id='word_1_929' title='bbox 3051 5227 3167 5282; x_wconf 71' lang='lat' dir='ltr'><strong>caeli</strong></span> <span class='ocrx_word' id='word_1_930' title='bbox 3208 5225 3659 5297; x_wconf 88' lang='lat' dir='ltr'><strong>pulchritudinem</strong></span> 
     </span>
    </p>
   </div>
   <div class='ocr_carea' id='block_1_117' title="bbox 2075 5291 3664 5390">
    <p class='ocr_par' dir='ltr' id='par_1_117' title="bbox 2075 5291 3664 5390">
     <span class='ocr_line' id='line_1_117' title="bbox 2075 5291 3664 5390; baseline -0.001 -16"><span class='ocrx_word' id='word_1_931' title='bbox 2075 5319 2369 5390; x_wconf 86' lang='lat' dir='ltr'><strong>respiciens</strong></span> <span class='ocrx_word' id='word_1_932' title='bbox 2397 5291 2748 5379; x_wconf 40' lang='lat' dir='ltr'><strong>dicitfcloria</strong></span> <span class='ocrx_word' id='word_1_933' title='bbox 2764 5317 2878 5385; x_wconf 91' lang='lat' dir='ltr'><strong>tibi,</strong></span> <span class='ocrx_word' id='word_1_934' title='bbox 2898 5291 3040 5373; x_wconf 87' lang='lat' dir='ltr'><strong>Deus</strong></span> <span class='ocrx_word' id='word_1_935' title='bbox 3069 5335 3082 5370; x_wconf 77' lang='grc' dir='ltr'><strong>ε</strong></span> <span class='ocrx_word' id='word_1_936' title='bbox 3115 5291 3273 5387; x_wconf 69' lang='lat' dir='ltr'><strong>quale</strong></span> <span class='ocrx_word' id='word_1_937' title='bbox 3295 5332 3429 5386; x_wconf 81' lang='lat' dir='ltr'><strong>Opus</strong></span> <span class='ocrx_word' id='word_1_938' title='bbox 3452 5316 3625 5372; x_wconf 79' lang='lat' dir='ltr'><strong>fecisti</strong></span> <span class='ocrx_word' id='word_1_939' title='bbox 3650 5319 3664 5372; x_wconf 94' lang='lat' dir='ltr'><strong>l</strong></span> 
     </span>
    </p>
   </div>
   <div class='ocr_carea' id='block_1_118' title="bbox 2077 5406 3660 5476">
    <p class='ocr_par' dir='ltr' id='par_1_118' title="bbox 2077 5406 3660 5476">
     <span class='ocr_line' id='line_1_118' title="bbox 2077 5406 3660 5476; baseline -0.004 -12"><span class='ocrx_word' id='word_1_940' title='bbox 2077 5411 2147 5464; x_wconf 91' lang='lat' dir='ltr'><strong>ita</strong></span> <span class='ocrx_word' id='word_1_941' title='bbox 2175 5418 2229 5464; x_wconf 90' lang='lat' dir='ltr'><strong>et</strong></span> <span class='ocrx_word' id='word_1_942' title='bbox 2251 5409 2347 5463; x_wconf 89' lang='lat' dir='ltr'><strong>viri</strong></span> <span class='ocrx_word' id='word_1_943' title='bbox 2375 5409 2621 5462; x_wconf 89' lang='lat' dir='ltr'><strong>virtutem</strong></span> <span class='ocrx_word' id='word_1_944' title='bbox 2649 5407 2880 5474; x_wconf 87' lang='lat' dir='ltr'><strong>intuens,</strong></span> <span class='ocrx_word' id='word_1_945' title='bbox 2912 5407 3019 5462; x_wconf 93' lang='lat' dir='ltr'><strong>imo</strong></span> <span class='ocrx_word' id='word_1_946' title='bbox 3049 5406 3138 5462; x_wconf 89' lang='lat' dir='ltr'><strong>hic</strong></span> <span class='ocrx_word' id='word_1_947' title='bbox 3166 5407 3334 5462; x_wconf 91' lang='lat' dir='ltr'><strong>multo</strong></span> <span class='ocrx_word' id='word_1_948' title='bbox 3361 5407 3550 5476; x_wconf 72' lang='lat' dir='ltr'><strong>magis.</strong></span> <span class='ocrx_word' id='word_1_949' title='bbox 3569 5406 3660 5468; x_wconf 75' lang='lat' dir='ltr'><strong>Ab</strong></span> 
     </span>
    </p>
   </div>
   <div class='ocr_carea' id='block_1_119' title="bbox 2075 5496 3662 5570">
    <p class='ocr_par' dir='ltr' id='par_1_119' title="bbox 2075 5496 3662 5570">
     <span class='ocr_line' id='line_1_119' title="bbox 2075 5496 3662 5570; baseline -0.003 -15"><span class='ocrx_word' id='word_1_950' title='bbox 2075 5503 2181 5556; x_wconf 93' lang='lat' dir='ltr'><strong>illis</strong></span> <span class='ocrx_word' id='word_1_951' title='bbox 2209 5515 2436 5570; x_wconf 86' lang='lat' dir='ltr'><strong>namque</strong></span> <span class='ocrx_word' id='word_1_952' title='bbox 2464 5499 2722 5553; x_wconf 82' lang='lat' dir='ltr'><strong>creaturis</strong></span> <span class='ocrx_word' id='word_1_953' title='bbox 2763 5514 2868 5554; x_wconf 90' lang='lat' dir='ltr'><strong>non</strong></span> <span class='ocrx_word' id='word_1_954' title='bbox 2910 5513 3100 5555; x_wconf 88' lang='lat' dir='ltr'><strong>omnes</strong></span> <span class='ocrx_word' id='word_1_955' title='bbox 3140 5499 3307 5553; x_wconf 91' lang='lat' dir='ltr'><strong>Deum</strong></span> <span class='ocrx_word' id='word_1_956' title='bbox 3335 5496 3662 5568; x_wconf 75' lang='lat' dir='ltr'><strong>gloriﬁcant,</strong></span> 
     </span>
    </p>
   </div>
   <div class='ocr_carea' id='block_1_120' title="bbox 2072 5588 3666 5654">
    <p class='ocr_par' dir='ltr' id='par_1_120' title="bbox 2072 5588 3666 5654">
     <span class='ocr_line' id='line_1_120' title="bbox 2072 5588 3666 5654; baseline -0.005 -7"><span class='ocrx_word' id='word_1_957' title='bbox 2072 5592 2165 5647; x_wconf 88' lang='lat' dir='ltr'><strong>sed</strong></span> <span class='ocrx_word' id='word_1_958' title='bbox 2194 5593 2352 5646; x_wconf 88' lang='lat' dir='ltr'><strong>etiam</strong></span> <span class='ocrx_word' id='word_1_959' title='bbox 2380 5591 2531 5645; x_wconf 91' lang='lat' dir='ltr'><strong>multi</strong></span> <span class='ocrx_word' id='word_1_960' title='bbox 2562 5591 2649 5646; x_wconf 90' lang='lat' dir='ltr'><strong>illa</strong></span> <span class='ocrx_word' id='word_1_961' title='bbox 2677 5601 2947 5646; x_wconf 90' lang='lat' dir='ltr'><strong>automata</strong></span> <span class='ocrx_word' id='word_1_962' title='bbox 2989 5605 3108 5646; x_wconf 90' lang='lat' dir='ltr'><strong>esse</strong></span> <span class='ocrx_word' id='word_1_963' title='bbox 3148 5589 3367 5654; x_wconf 91' lang='lat' dir='ltr'><strong>dicunt;</strong></span> <span class='ocrx_word' id='word_1_964' title='bbox 3416 5588 3504 5642; x_wconf 86' lang='lat' dir='ltr'><strong>alii</strong></span> <span class='ocrx_word' id='word_1_965' title='bbox 3535 5604 3666 5642; x_wconf 80' lang='lat' dir='ltr'><strong>vero</strong></span> 
     </span>
    </p>
   </div>
   <div class='ocr_carea' id='block_1_121' title="bbox 2075 5676 3668 5749">
    <p class='ocr_par' dir='ltr' id='par_1_121' title="bbox 2075 5676 3668 5749">
     <span class='ocr_line' id='line_1_121' title="bbox 2075 5676 3668 5749; baseline -0.006 -10"><span class='ocrx_word' id='word_1_966' title='bbox 2075 5683 2404 5739; x_wconf 65' lang='lat' dir='ltr'><strong>daemonibus</strong></span> <span class='ocrx_word' id='word_1_967' title='bbox 2427 5683 2716 5738; x_wconf 89' lang='lat' dir='ltr'><strong>attribuunt</strong></span> <span class='ocrx_word' id='word_1_968' title='bbox 2738 5682 2915 5738; x_wconf 90' lang='lat' dir='ltr'><strong>mundi</strong></span> <span class='ocrx_word' id='word_1_969' title='bbox 2941 5683 3266 5737; x_wconf 83' lang='lat' dir='ltr'><strong>creationem</strong></span> <span class='ocrx_word' id='word_1_970' title='bbox 3294 5691 3346 5736; x_wconf 90' lang='lat' dir='ltr'><strong>et</strong></span> <span class='ocrx_word' id='word_1_971' title='bbox 3375 5676 3668 5749; x_wconf 79' lang='lat' dir='ltr'><strong>providen-</strong></span> 
     </span>
    </p>
   </div>
  </div>
