3986 6202
360 213 462 270 Ιιτ

355 333 597 388 ἐνταῦθα
631 338 796 392 πάλιν
839 339 1087 411 γράφων,
1120 341 1203 395 ὅτι
1259 343 1380 396 Οὺκ
1419 342 1563 396 ἐστέ
1593 340 1841 404 ἑαυτῶν,
1873 341 1934 393 οὐ

353 421 421 488 τῇ
454 420 774 490 προαιρέσει
801 421 1140 491 λυμαίνεται,
1172 423 1308 478 ἀλλά
1331 425 1434 495 τῆς
1463 426 1660 489 κακίας
1701 425 1931 492 ἀπάγει,

354 500 452 552 καὶ
495 501 590 553 τοῦ
635 505 900 557 Δεσπότου
943 506 1042 575 τὴν
1080 506 1406 577 κηδεμονίαν
1451 508 1804 562 ἐνδείκνυται.
1843 507 1935 560 Διὸ

357 583 452 635 καὶ
484 585 790 652 ἐπήγαγεν·
849 587 1252 657 Ἡγοράσθητε
1276 591 1388 660 γὰρ
1419 591 1615 661 τιμῆς.
1652 591 1713 643 Et
1740 590 1796 644 δέ
1833 591 1934 642 οὐκ

356 665 473 734 εἰμί
493 665 748 734 ἐμαυτοῦ,
790 668 908 731 πῶς
939 687 1005 740 με
1026 672 1281 736 ἀπαιτεῖς
1309 675 1376 727 τά
1410 673 1691 744 πρακτέας
1727 672 1845 736 πῶς
1874 672 1931 726 δέ

353 749 555 817 προῖὼν
580 749 757 816 λέγεις
786 751 968 816 πάλιν,
1001 753 1310 818 Δοξάσατε
1337 756 1414 824 δὴ
1438 758 1546 810 τὸν
1581 757 1731 810 Θεὸν
1753 755 1824 808 ἐν
1850 755 1932 820 τῷ

349 830 570 899 σώματι
602 833 912 911 ὑμῶνμαί
961 836 1032 888 ἐν
1061 838 1143 903 τῷ
1182 840 1473 908 πνεύματι
1521 838 1710 908 ὑμῶν,
1755 838 1930 894 ἅτινὰ

344 914 472 966 ἐστι
502 915 604 968 τοῦ
640 918 791 971 Θεοῦ
810 934 829 980 ;

413 999 477 1050 Τί
509 995 602 1052 οὖν
637 1001 754 1053 ἐστι
803 1003 883 1066 τὸ,
911 1006 1034 1056 Οὐκ
1060 1003 1203 1058 ἐστὲ
1235 1003 1495 1068 ἐαυτῶν;
1530 1006 1625 1060 καὶ
1653 1007 1708 1058 τί
1729 1006 1798 1059 δι’
1828 1007 1925 1059 αύο

340 1079 432 1134 τοῦ
466 1087 878 1138 κατασκευάσαι
910 1085 1189 1156 βούλεται;
1231 1088 1320 1142 Ἐν
1347 1088 1614 1159 ἀσφαλείᾳ
1640 1092 1922 1159 καταστῆ-

345 1181 432 1217 σαι
480 1165 575 1219 τοῦ
625 1167 699 1237 μὴ
741 1169 1076 1240 ἁμαρτάνειν
1113 1170 1246 1241 μηδέ
1294 1174 1412 1234 ταῖς
1464 1172 1783 1241 ἐπιθυμίαις
1821 1176 1923 1243 τῆς

340 1247 516 1317 ψυχῆς
559 1250 871 1304 ἀκολουθεῖν
895 1256 1015 1316 ταῖς
1046 1254 1286 1317 ἀτόποις.
1315 1255 1423 1306 Καὶ
1460 1255 1568 1324 7&9
1602 1256 1772 1309 πολλὰ
1802 1255 1923 1326 βου-

341 1329 544 1400 λόμεθα
582 1332 778 1397 ἄτοπα,
812 1334 947 1389 ἀλλά
989 1337 1240 1408 κατέχειν
1286 1338 1396 1391 δεῖ·
1445 1339 1725 1410 δυνάμεθα
1773 1342 1916 1412 γάρ·

341 1413 390 1464 εἰ
417 1413 473 1465 δὲ
499 1413 574 1486 μὴ
597 1415 890 1489 δυνάμεθα,
919 1421 1148 1492 περιττὴ
1175 1425 1210 1493 ή
1239 1422 1585 1492 παραίνεσις.
1613 1424 1756 1494 Ὀρα
1785 1425 1918 1493 γοῦν

341 1494 462 1560 πῶς
511 1498 860 1567 ἠσφαλίσατο.
911 1503 1095 1558 Εἰπὼν
1137 1506 1268 1576 7&9,
1319 1507 1441 1559 Οὐκ
1490 1506 1632 1560 ἐστὲ
1660 1508 1912 1573 ἑαυτῶν,

338 1577 441 1662 ούκ
465 1581 763 1649 ἐπήγαγεν,
807 1583 942 1637 Ἀλλ’
983 1587 1074 1639 ὑπ’
1109 1587 1356 1658 ἀνάγκην
1389 1590 1546 1654 ἐστέ,
1575 1590 1711 1652 ἀλλ’,
1755 1592 1912 1662 Ἡγο-

332 1659 608 1745 ράσθητε
657 1665 851 1734 τιμῆς.
912 1669 1010 1721 Διὰ
1059 1670 1114 1722 τί
1169 1670 1326 1722 τοῦτο
1386 1671 1604 1739 λέγεις;
1658 1673 1754 1726 καὶ
1805 1659 1912 1745 μὴν

339 1743 628 1827 ἑτέρωθεν,
673 1748 816 1802 εἴποι
860 1767 942 1814 τις
990 1753 1055 1805 ἂν
1101 1754 1250 1817 ἴσως,
1287 1753 1393 1807 ἔδει
1448 1756 1772 1827 προτρέψαι,
1804 1743 1909 1811 δεί-

333 1825 539 1878 κνύντα
573 1830 656 1881 ὃτι
698 1832 976 1901 Δεσπότην
1019 1834 1235 1904 ἔχομεν.
1295 1836 1456 1889 Ἀλλά
1489 1825 1648 1890 τοῦτο
1672 1825 1776 1908 μὲν
1815 1841 1908 1893 καὶ

327 1908 470 1990 πρὸς
491 1909 756 1982 Ἕλληνας
787 1916 918 1984 ήμῖν
954 1917 1150 1981 κοινὸν,
1182 1918 1243 1970 τὸ
1279 1919 1355 1979 δὲ,
1403 1921 1789 1990 Ὴγορὰσθητε
1823 1941 1903 1976 τι-

317 1987 466 2057 μῆς,
506 1993 664 2062 ήμῶν
713 1995 1008 2066 ἐξαίρετον.
1054 1987 1487 2071 Ἀναμιμνήσκει
1527 1987 1644 2074 ίγάρ
1676 1987 1770 2058 τοῦ
1805 2025 1904 2077 με-

320 2081 516 2150 γέθους
539 2083 640 2153 τῆς
661 2087 977 2155 εὐεργεσίας
1005 2092 1097 2144 καὶ
1122 2091 1214 2144 τοῦ
1243 2094 1444 2163 τρόπου
1476 2094 1577 2164 τῆς
1605 2100 1900 2168 σωτηρίας,

317 2164 539 2254 δεικῖὺς
563 2168 671 2254 δτι
701 2170 1154 2254 ἀλλοτριωθέντες
1187 2177 1576 2250 ήγοράσθημεν
1598 2197 1610 2208 ·
1663 2164 1771 2234 καί.⁷
1803 2184 1904 2254 οὐχ

318 2247 527 2310 ἁπλῶς.
555 2249 689 2305 ἀλλά
725 2253 911 2324 τιμῆς.
938 2255 1244 2320 Δοξὰσατε
1262 2260 1360 2326 δὴ,
1397 2247 1580 2328 ἄρατε
1608 2263 1716 2316 τὸν
1752 2247 1903 2318 Θειξίκἰ

315 2330 392 2381 ἐν
423 2329 503 2396 τῷ
523 2333 747 2402 σώματι
772 2335 937 2406 ὑμῶν
960 2340 1056 2392 καί
1089 2341 1158 2393 ὲν
1185 2340 1264 2406 τῷ
1283 2345 1599 2412 πνεύματι.
1630 2347 1814 2402 Ταῦτα
1845 2350 1900 2404 δὲ

314 2413 488 2502 λέγει,
519 2415 659 2502 ὥστε
701 2419 778 2489 μὴ
819 2419 897 2491 τῷ
928 2422 1141 2490 σώματι
1174 2425 1334 2494 μόνον
1377 2427 1600 2495 φεύγειν
1629 2429 1728 2501 τὴν
1760 2449 1896 2502 πορ-

311 2497 491 2586 νείαν,
533 2500 667 2554 ἀλλά
705 2505 798 2586 καὶ⁸
838 2507 896 2556 ἐν
928 2503 1083 2578 [154]
1121 2507 1200 2578 τῷ
1252 2508 1526 2580 πνεύματι
1573 2497 1895 2586 τῆςψυχῆς

311 2582 516 2667 μηδὲν
545 2585 776 2654 πονηρὸν
816 2587 1124 2656 λογίζεσθαι
1169 2592 1263 2644 καὶ
1310 2591 1556 2647 ἐλαύνειν
1585 2595 1684 2666 τὴν
1712 2582 1888 2667 χάριν.

309 2663 522 2750 ῙἈΔτινᾴ
545 2667 677 2720 ἐστι
714 2670 820 2724 τοῦ
859 2672 1028 2726 Θεοῦ.
1071 2674 1289 2746 Ἐπειδὴ
1319 2676 1426 2747 7&9
1455 2663 1650 2743 εἶπεν,
1676 2663 1890 2750 ’ὶῇιῶη

303 2745 398 2801 διά
426 2747 589 2803 τοῦτο
607 2753 905 2822 ἐπήγαγεν.
929 2755 1127 2809 Ἀτινά
1153 2745 1285 2811 ἐστι
1313 2745 1420 2813 τοῦ
1451 2762 1622 2824 Θεοῦ.
1652 2745 1892 2836 συνεχῶς

301 2833 746 2906 ἀναμιμνήσκων
767 2839 934 2907 ἡμᾶς,
957 2840 1038 2892 ὅτι
1065 2840 1244 2896 πάντα
1265 2845 1586 2911 Δεσποτικά,
1612 2848 1707 2901 καὶ
1730 2833 1888 2919 σῶμα

300 2916 399 2968 καὶ
428 2914 580 2988 ψυχὴ
603 2920 694 2971 καὶ
719 2920 959 2990 πνεῦμα.
989 2924 1098 2977 Καὶ
1117 2926 1225 2995 γάρ
1253 2927 1394 2990 τινές
1416 2945 1570 2996 φασι,
1594 2929 1676 2996 Τῷ
1701 2914 1885 2986 πνεύ-

291 3013 460 3064 ματι,
501 2997 580 3086 τῷ
612 3002 910 3086 χαρίσματι
943 3004 1141 3073 λέγειν.
1180 3009 1276 3060 Ἂν
1314 3009 1422 3080 7&9
1449 3013 1627 3065 ἐκεῖνο
1754 3018 1886 3086 παρ’

297 3083 480 3168 ᾖμῖνχ
505 3082 791 3149 δοξάζεται
832 3088 862 3140 6
885 3088 1047 3152 Θεός·
1081 3090 1230 3144 ἐσται
1264 3091 1343 3154 δὲ,
1377 3093 1444 3146 ἂν
1474 3082 1721 3166 καθαράν
1754 3082 1887 3168 καρ-

294 3162 415 3216 δίαν
455 3165 692 3237 ἔχωμεν.
725 3168 833 3252 Τοῦ
859 3170 994 3223 Θεοῦ
1025 3171 1080 3224 δέ
1112 3173 1252 3226 αύτά
1295 3174 1515 3244 ἔφησεν,
1557 3162 1657 3231 ούκ
1696 3162 1885 3252 ἐπειδὴ

292 3248 637 3334 παρήγαγεν
676 3251 816 3306 αύτά
853 3253 1036 3320 μόνον,
1082 3255 1197 3308 ἀλλ’
1244 3257 1432 3328 ἐπειδὴ
1465 3260 1560 3312 καὶ
1599 3248 1884 3334 ἀλλοτριῶ

293 3327 486 3418 θέντα,
525 3333 588 3418 ἐκ
620 3333 886 3418 δευτέρους
907 3337 1070 3390 πάλιν
1104 3341 1391 3410 ἐκτήσατο,
1420 3327 1600 3414 τιμὴν
1640 3346 1702 3398 τὸ
1742 3327 1881 3418 αἷμα

287 3410 394 3495 τοῦ
430 3412 628 3495 Παιδὸς
663 3417 940 3481 καταθείς.
993 3420 1134 3490 Ὅρα
1163 3421 1279 3484 πῶς
1307 3425 1385 3485 εἰς
1431 3410 1522 3477 τὸν
1551 3410 1882 3495 Χριστὸνπὸ

289 3493 412 3580 πάν
441 3494 716 3566 ἀπήρτισε
735 3514 748 3527 ·
782 3498 896 3563 πῶς
938 3503 1083 3572 ἡμᾶς
1114 3506 1193 3566 εἰς
1220 3505 1310 3557 τὸν
1339 3507 1570 3576 οὐρανὸν
1606 3493 1877 3580 ἀνήγαγε.

286 3577 451 3648 Μέλη
480 3580 576 3633 τοῦ
619 3581 858 3654 Χριστοῦ
898 3586 1041 3647 ἐστε,
1067 3589 1223 3657 φησί,
1262 3590 1388 3651 ναός
1421 3592 1543 3642 ἐστε
1582 3592 1677 3645 τοῦ
1701 3577 1876 3648 ΪῘνέύ-

287 3678 469 3748 ματος
489 3678 504 3692 ⁸
536 3667 637 3748 μὴ
682 3666 864 3720 τοίνυν
900 3669 1113 3734 γίνεσθε
1136 3670 1342 3741 πόρνης
1379 3671 1514 3743 μέλη
1535 3691 1549 3706 ·
1589 3676 1649 3728 ού
1680 3678 1790 3748 γὰρ
1815 3679 1877 3731 τὸ

285 3744 453 3815 σῶμα
498 3747 561 3799 τὸ
611 3749 768 3819 ὑμῶν
817 3751 1129 3820 ύϐρίζεταισ
1176 3753 1238 3805 ού
1277 3754 1388 3824 γάρ
1427 3755 1487 3809 τὸ
1517 3757 1678 3828 σῶμα
1721 3744 1876 3830 ὑμῶν

281 3828 457 3891 ἐστιν,
485 3830 624 3883 ἀλλά
663 3832 756 3885 τοῦ
781 3834 1041 3904 Χριστοῦ.
1082 3835 1267 3888 Ταῦτα
1290 3837 1345 3890 δὲ
1380 3837 1584 3906 ἔλεγεν,
1608 3828 1877 3913 ὁμοῦ-καί

278 3911 382 3981 τὴν
423 3913 840 3984 φιλανθρωπίαν
869 3916 1298 3988 ἐνδεικνύμενος,
1325 3921 1405 3973 ὅτι
1430 3921 1595 3976 αὐτοῦ
1627 3911 1688 3978 τὸ
1713 3927 1873 3998 σῶμα

276 3993 344 4046 τὸ
391 3997 692 4081 ἡμέτερον,
732 4000 827 4052 καὶ
880 4001 979 4070 τῆς
1020 4001 1268 4067 ἐξουσίας
1305 4004 1407 4073 τῆς
1448 4009 1690 4078 πονηρᾶς
1724 3993 1872 4081 ἡμᾶς

277 4078 717 4162 ἀφαιρούμενος.
767 4083 828 4135 Et
871 4084 982 4152 7&9
1013 4084 1296 4156 ἀλλότριόν
1335 4088 1449 4140 ἐστι
1471 4089 1532 4141 τὸ
1561 4078 1870 4162 σῶμα,-ούκ

274 4159 442 4230 ἔχετε
489 4161 736 4226 ἐξουσίαν
761 4166 1042 4238 ἀλλότριον
1081 4168 1243 4237 σῶμα
1295 4169 1557 4240 ὑϐρίζειν,
1591 4159 1743 4242 φησὶ,
1776 4177 1870 4228 καὶ

276 4242 542 4311 μάλιστα
586 4246 715 4299 ὅταν
801 4250 1156 4311 Δεσποτικὸν,
1186 4250 1307 4304 ούδέ
1337 4252 1462 4305 ναὸν
1497 4254 1744 4323 μολύνειν
1777 4257 1870 4310 τοῦ

273 4325 630 4396 Πνεύματος.
664 4331 726 4383 Εἰ
755 4332 863 4402 γὰρ
894 4332 1136 4403 ἰδιωτικῇ
1172 4349 1255 4396 τις
1288 4335 1530 4388 ἐπελθὼν
1567 4338 1734 4410 οἰκίᾳ,
1778 4342 1871 4393 καὶ

275 4412 555 4478 κωμάσας
587 4414 668 4476 εἰς
701 4415 940 4486 ἐκείνην,
989 4417 1091 4486 τὴν
1145 4418 1382 4488 ἐσχάτην
1415 4419 1574 4473 δώσει
1619 4421 1809 4492 δίκην
1841 4425 1870 4476 6

274 4492 552 4561 βασιλέως
580 4497 711 4551 ναὸν
757 4498 956 4572 λῃστοῦ
997 4500 1168 4554 ποιῶν
1215 4502 1580 4572 καταγώγιον,
1615 4507 1868 4575 ἐννόησον

269 4577 419 4631 πόσα
452 4580 706 4635 πείσεται
735 4585 902 4638 κακά.
929 4583 1116 4638 Ταῦτα
1147 4581 1241 4638 οὖν
1277 4589 1553 4658 ἐννοήσας,
1589 4590 1867 4661 αἰδέσθητι

265 4660 361 4714 τὸν
407 4662 776 4718 ἐνοικοῦνταο
831 4669 860 4720 ὁ
914 4667 1021 4740 7&9
1068 4669 1425 4740 Παράκλητός
1484 4674 1630 4724 ἐστιν
1677 4660 1862 4738 οὗτος·

265 4745 466 4814 φρῖξον
515 4746 609 4800 τὸν
657 4750 1153 4822 συμπεπλεγμένον
1187 4771 1268 4806 σοι
1308 4754 1402 4806 καὶ
1437 4755 1861 4824 κεκολλημένον·

262 4830 290 4880 6
319 4831 434 4901 7&9
467 4833 713 4902 Χριστός
745 4837 881 4889 ἐστι.
911 4836 1003 4906 Μὴ
1048 4837 1157 4908 7&9
1190 4837 1252 4890 σὺ
1284 4838 1418 4909 μέλη
1468 4839 1703 4910 Χριστοῦ
1733 4842 1860 4894 ἐαυο

261 4910 355 4964 τὸν
384 4915 700 4985 ἐποίησας;
743 4917 1028 4988 Ἐννόησον
1062 4919 1227 4984 οὕτω,
1259 4923 1352 4974 καὶ
1383 4921 1511 4991 μένε
1545 4923 1856 4994 σωφρονῶν,

260 4995 408 5060 τίνος
439 4993 516 5068 ἦν
551 4999 688 5068 μέλη
716 5011 763 5064 ιι,
797 5001 891 5054 καὶ
936 5003 1081 5067 τίνος
1113 5004 1325 5072 γέγονε.
1359 5005 1574 5076 Πόρνης
1621 4993 1690 5075 ἦν
1723 5007 1860 5079 μέλη

262 5079 372 5148 πρὸ
408 5081 642 5146 τούτου,
675 5084 769 5136 καὶ
814 5087 844 5138 6
872 5085 1107 5156 Χριστὸς
1139 5087 1394 5158 ἐποίησεν
1427 5087 1566 5140 αύτά
1597 5087 1736 5158 μέλη
1765 5089 1860 5142 τοῦ

262 5161 394 5217 ἰδίου
449 5164 738 5235 σώματος.
772 5169 886 5222 οὐκ
919 5171 1028 5237 ἄρα
1072 5171 1252 5224 αὐτῶν
1282 5171 1532 5236 ἐξουσίαν
1574 5171 1717 5242 ἔχεις
1747 5172 1860 5226 λοιο

259 5245 391 5328 7m-
419 5249 629 5318 ἐκείνῳ
650 5249 869 5304 δούλευε
901 5252 978 5323 τῷ
1005 5253 1454 5325 ἐλευθερώσαντι.
1485 5254 1622 5309 Ούδέ
1650 5255 1779 5328 7&9,
1813 5260 1860 5311 εἰ

260 5327 555 5403 θυγατέρα
585 5334 749 5404 ἔχων,
780 5339 845 5390 ἐκ
871 5337 1073 5408 πολλῆς
1118 5339 1216 5407 τῆς
1258 5337 1444 5402 ἀνοίας
1483 5339 1860 5409 ἐξεμίσθωσας

260 5411 432 5486 αὐτὴν
495 5419 895 5489 πορνοϐοσκῷ,
949 5421 1310 5493 πορνεύεσθαι
1372 5421 1672 5494 ἐποίησας,
1739 5421 1860 5477 εἶτα

262 5493 537 5564 βασιλέως
589 5501 705 5563 υίὸς
759 5501 972 5573 παριὼν
1031 5503 1370 5574 ἠλευθέρωσέ
1426 5523 1482 5558 τε
1522 5493 1705 5578 αὐτὴν
1759 5510 1859 5578 τῆς

260 5577 508 5645 δουλείας
535 5584 757 5654 ἐκείνης
796 5589 891 5638 καὶ
935 5587 1173 5656 συνῆψεν
1213 5587 1407 5658 ἐαυτῷ,
1442 5589 1630 5658 κύριος
1659 5585 1709 5642 εί
1750 5590 1858 5642 λοι-

327 5745 350 5772 ¹
381 5745 592 5807 Ion-91.,
613 5747 741 5805 τίνος
766 5749 849 5799 οὖν
869 5752 1007 5811 μέλη.

1376 217 1442 272 IN
1484 208 1705 279 EP‘IST.
1743 221 1762 277 l
1800 224 1892 278 AD
1928 221 2088 278 (10R.
2132 224 2364 281 ιιυιιη..
2410 226 2590 282 xvm.

3521 242 3626 299 “8

2046 340 2146 393 τεὸν
2177 342 2330 426 ἄγειν
2371 343 2543 414 αὐτὴν
2573 342 2665 396 ἐπὶ
2694 343 2755 398 τὸ
2780 350 3060 416 περ-νεῖον·
3094 348 3242 418 ἀπαξ
3275 352 3384 426 7&9
3415 356 3623 423 ἱδωκας

2045 424 2135 474 καὶ
2163 424 2473 492 ἐπώλησας.
2494 427 2537 477 Τ
2539 426 2747 480 οιοῦτόν
2769 429 2883 481 ἐστι
2918 432 3010 483 καὶ
3033 431 3095 484 τὸ
3115 424 3380 506 ἡμέτερον
3399 455 3413 468 ·
3439 439 3621 509 ἐξεμι-

2037 505 2328 576 σθὼοαμεν
2378 508 2475 578 τὴν
2522 510 2705 579 σάρκα
2763 513 2863 595 τὴν
2895 515 3103 566 ἑαυτῶν
3145 515 3223 587 τῷ
3251 517 3504 592 διαϐόλῳ,
3533 505 3620 595 τῷ

2031 589 2256 672 χαλεπῴ
2299 591 2653 663 πορνοϐοσκῷ
2678 610 2689 621 ·
2731 594 2856 648 ἰδὼν
2883 597 2912 648 6
2943 598 3199 668 Χριστὸς.
3227 589 3495 672 ἐρρύσατο
3517 589 3616 658 ab;

2031 671 2132 741 τήν
2161 674 2254 725 καὶ
2283 674 2560 759 ἀπήλλαξε
2606 678 2705 746 τῆς
2745 682 2988 751 πονηρᾶς
3027 671 3336 753 τυραννίδος
3363 687 3578 759 ἐκείνης
3597 706 3612 720 ⁸

2028 755 2090 839 ού
2111 756 2292 808 τοίνυν
2318 758 2468 811 ἐστὶν
2495 759 2739 830 ἡμετέρα
2769 760 2977 824 λοιπὸν,
3005 764 3140 818 ἀλλά
3165 765 3259 819 τοῦ
3283 755 3611 839 ῥυσαμένου.

2041 838 2166 922 Ἑάν
2203 839 2394 912 ἐθέλῃς
2439 842 2513 906 ὡς
2558 844 2749 918 νύμφῃ
2778 846 3044 915 βασιλέως
3085 851 3408 922 κεχρῆσθαι,
3431 838 3614 918 οὐδεὶς

2025 921 2054 972 ὁ
2096 923 2353 1009 κωλοῳνο
2407 926 2503 978 ἐὰν
2544 927 2600 980 δι
2650 930 2744 981 ἐπὶ
2779 930 2848 983 τὰ
2888 931 3129 1003 πρότερα
3172 921 3407 1006 ἀγάγῃς,
3447 938 3612 1009 πείσῃ

2022 1005 2090 1058 τὰ
2144 1008 2302 1071 αύτά,
2357 1011 2392 1062 ἀ
2446 1011 2572 1074 τοὺς
2617 1013 2845 1066 τοιαῦτα
2896 1015 3219 1084 ὑϐρίζοντας
3273 1005 3440 1083 εἰκός.
3518 1005 3614 1074 Διδ

2026 1088 2225 1156 μᾶλλον
2264 1090 2437 1160 αὐτὴν
2471 1099 2842 1166 κατακοσμεῖν
2871 1097 3000 1168 χρὴ,
3041 1099 3162 1169 ούχὶ
3199 1101 3602 1170 καταισχύνειν.

2022 1172 2096 1255 Ού
2124 1173 2232 1255 7&9
2274 1174 2416 1244 ἔχεις
2449 1176 2698 1243 ἐξουσίαν
2725 1180 2826 1249 τῆς
2868 1181 3072 1250 σαρκὸς
3101 1183 3160 1233 ἐν
3197 1186 3316 1246 ταῖς
3344 1189 3607 1255 πονηραῖς

2019 1253 2362 1338 ἐπιθυμίαις.
2399 1257 2518 1310 ἀλλ’
2559 1260 2618 1311 ἐν
2665 1255 2746 1324 οἷς
2792 1261 2858 1313 ἂν
2888 1264 2915 1315 6
2960 1262 3093 1325 Θεὸς
3123 1265 3352 1338 ἐπιτάξῃ
3396 1253 3602 1334 μόνοις.

2030 1336 2313 1410 Ἐννόησον
2361 1339 2490 1407 γοῦν
2533 1342 2726 1413 ήλίκης
2774 1345 2945 1414 αὐτὴν
2979 1344 3192 1417 ὕϐρεως
3228 1336 3540 1417 ἀπήλλαξεν
3571 1352 3606 1398 ὁ

2015 1418 2178 1484 Θεόςο
2234 1421 2326 1475 καὶ
2372 1425 2482 1495 γάρ
2540 1427 2722 1496 πάσης
2773 1427 2978 1498 πόρνης
3012 1430 3363 1500 αἰσχρότερον
3413 1449 3601 1504 προει-

2015 1503 2206 1587 στήκει
2260 1506 2293 1576 ή
2354 1506 2515 1574 φύσις
2572 1511 2606 1578 ή
2654 1510 2901 1580 ήμετέρα
2952 1511 3058 1582 πρὸ
3096 1512 3309 1566 τούτου.
3350 1503 3467 1566 Καί
3489 1515 3604 1587 7&9

2011 1585 2254 1668 λῃστεῖαι
2299 1589 2395 1642 καὶ
2442 1590 2808 1662 ἀνδροφονίαι,
2861 1593 2954 1646 καὶ
3009 1595 3239 1659 ἐκαστος
3279 1585 3598 1668 παράνομος

2010 1665 2272 1739 λογισμὸς
2328 1673 2465 1741 πρὸς
2517 1673 2686 1743 αὐτὴν
2739 1677 2947 1738 εἰσιὼν,
3015 1665 3469 1739 συγκατεκλίνετο
3499 1665 3595 1750 ’τῇ

2007 1750 2173 1824 ψυχῇ,
2229 1754 2322 1807 καὶ
2375 1755 2730 1825 μισθώματος
2786 1759 2970 1826 ὀλίγου
3024 1762 3120 1813 καὶ
3168 1760 3264 1813 τοῦ
3318 1763 3593 1831 τυχόντος,

2006 1836 2106 1905 τῆς
2144 1836 2429 1909 παρούσης
2467 1839 2683 1909 ἡδονῆς.
2729 1841 2790 1894 'H
2825 1843 2935 1912 γὰρ
2967 1843 3115 1913 ψυχὴ
3140 1845 3420 1914 φυρομένη
3455 1845 3594 1914 μετὰ

2006 1917 2115 1969 τῶν
2160 1919 2415 1991 πονηρῶν
2458 1921 2679 1974 ἐννοιῶν
2736 1924 2832 1976 καὶ
2876 1924 3150 1997 πράξεων,
3199 1927 3385 1980 τοῦτον
3428 1928 3593 1998 ἐκαρ⁴

2005 2000 2174 2054 ποῦτο
2208 2003 2371 2072 μάνον
2391 2003 2485 2057 τὸν
2511 2004 2721 2074 μισθόν.

2070 2176 2139 2244 7'.
2162 2175 2312 2249 [155]
2346 2178 2504 2234 Ἀλλά
2539 2181 2600 2233 τὸ
2631 2181 2731 2252 μὲν
2779 2182 2884 2253 πρὸ
2904 2184 3095 2238 τούτου
3135 2186 3307 2242 ταῦτα
3345 2190 3587 2259 γίνεσθαι

2000 2259 2175 2312 καίτοι
2203 2259 2374 2313 δεινὸν
2394 2261 2474 2326 δν,
2503 2262 2601 2333 οὐχ
2642 2263 2787 2317 οὕτω
2814 2266 2987 2321 δεινὸν
3013 2261 3083 2339 ἦν
3101 2284 3118 2302 ο
3154 2268 3217 2323 τό
3244 2271 3302 2324 δέ
3331 2274 3468 2342 μετὰ
3492 2276 3588 2329 τὸν

1997 2343 2244 2428 οὐρανὸν,
2277 2343 2426 2428 μετά
2440 2344 2508 2399 τά
2538 2344 2803 2415 βασίλεια,
2847 2350 2986 2420 μετά
3024 2351 3083 2404 τὸ
3111 2352 3220 2406 τῶν
3262 2358 3582 2428 μυστηρίων

1995 2425 2300 2479 ἀπολαῦσαι
2359 2426 2470 2480 τῶν
2515 2430 2760 2498 φρικτῶν
2815 2431 2977 2484 πάλιν
3025 2433 3372 2502 μολύνεσθαι,
3423 2425 3584 2493 ποίαν

1995 2508 2105 2574 ἕξει
2148 2509 2512 2581 συγγνώμην;
2562 2507 2636 2564 Ἦ
2681 2514 2782 2567 οὐκ
2817 2513 2920 2567 οίει
2951 2517 3044 2568 καὶ
3087 2520 3199 2580 τοῖς
3232 2519 3581 2586 πλεονέκταις

1995 2594 2089 2646 καὶ
2123 2593 2311 2656 πᾶσιν,
2351 2589 2434 2657 οἷς
2472 2593 2782 2665 ἔμπροσθεν
2825 2598 3248 2670 ἀπηρίθμησεν,
3289 2604 3454 2656 αὐτὸν
3485 2606 3582 2658 τὸν

1990 2673 2238 2728 διάϐολον
2267 2677 2831 2743 συγκατακλίνεσθαι;
2865 2680 2963 2742 τὰς
2996 2681 3052 2734 δέ
3084 2683 3578 2756 καλλωπιζομένας

1990 2758 2127 2829 πρὸς
2155 2758 2449 2825 ἀσέλγειαν
2477 2763 2746 2826 γυναῖκας
2789 2763 2888 2832 οὐχ
2937 2765 3044 2833 ἡγῇ
3091 2764 3210 2833 μετ’
3251 2767 3460 2820 ἐκείνου
3489 2769 3577 2837 μί-

1987 2839 2256 2910 γνυσθαι;
2310 2842 2406 2895 καὶ
2461 2843 2545 2906 τίς
2596 2844 2815 2914 ἀντερεῖ
2857 2845 3035 2916 τούτῳ
3084 2846 3164 2916 τῷ
3201 2845 3382 2918 λόγῳ;
3423 2850 3484 2902 Εἰ
3515 2849 3575 2903 δέ

1987 2924 2101 2978 ἐστι
2133 2942 2217 2988 τις
2269 2925 2610 2994 φιλονεικῶν,
2649 2927 2933 2980 ἀποδυέτω
2974 2929 3073 3000 τὴν
3119 2929 3300 3002 ψυχὴν
3342 2932 3452 2986 τῶν
3506 2933 3575 2988 τά

1983 3007 2209 3061 τοιαῦτα
2241 3007 2667 3079 ἀσχημονουσῶν
2693 3010 2990 3079 γυναικῶν,
3017 3013 3110 3064 καὶ
3137 3011 3324 3082 δψεται
3355 3015 3575 3080 πάντως

1982 3089 2074 3142 τὸν
2111 3093 2348 3162 πονηρὸν
2377 3092 2608 3162 δαίμονα
2637 3095 2844 3147 ἐκεῖνον
2867 3095 3112 3164 σφοδρῶς
3143 3099 3570 3170 συμπεπλεγμέ-

1982 3190 2071 3226 νον
2097 3175 2306 3238 αύταῖς.
2340 3176 2608 3230 Δύσκολον
2630 3176 2760 3247 7&9,
2786 3177 3084 3247 ἀγαπητοὶ,
3117 3178 3395 3246 δύσκολον,
3428 3184 3572 3252 τάχα

1980 3255 2036 3308 δὲ
2054 3258 2146 3310 καὶ
2173 3259 2472 3328 ἀμήχανον,
2500 3259 2594 3312 τοῦ
2620 3259 2870 3328 σώματος
2895 3259 3374 3332 καλλωπιζομένου
3404 3263 3568 3326 οὕτω,

1979 3340 2075 3392 καὶ
2110 3340 2210 3410 τὴν
2261 3340 2440 3412 ψυχὴν
2487 3340 2622 3410 ὁμοῦ
2667 3342 3107 3406 καλλωπίζεσθαι
3141 3362 3155 3374 '
3198 3346 3311 3398 ἀλλ’
3351 3348 3567 3418 ἀνάγκη

1981 3420 2210 3493 θάτερον
2236 3423 2577 3493 ἀμελεῖσθαι,
2613 3423 3041 3492 ἐπιμελουμένου
3069 3427 3329 3496 θατέρου⁶
3365 3429 3427 3479 ού
3457 3429 3564 3500 7&9

1981 3503 2094 3572 ἔχει
2121 3505 2282 3573 φύσιν
2307 3507 2442 3574 ὁμοῦ
2479 3506 2654 3559 ταῦτα
2683 3505 2950 3574 γίνεσθαι.
2979 3509 3070 3559 Διό
3103 3526 3290 3578 φησιν’
3337 3511 3402 3562 '0
3427 3517 3567 3565 κολ-

1979 3586 2248 3656 λώμενος
2283 3588 2357 3656 τῇ
2389 3592 2603 3658 πόρνῃ,
2641 3588 2712 3643 ἓν
2738 3588 2911 3658 σῶμά
2947 3591 3120 3642 ἐστιν
3140 3608 3152 3621 ·
3187 3595 3220 3644 ό
3245 3590 3314 3644 δὲ
3347 3594 3567 3647 κολλώ-

1974 3686 2160 3736 μενος
2214 3671 2294 3736 τῷ
2338 3674 2554 3740 Κιφίῳ,
2606 3672 2677 3726 ἐν
2728 3671 2964 3741 πνεῦμά
2997 3673 3150 3727 ἐστι.
3182 3673 3405 3745 Πνεῦμα
3454 3677 3565 3748 γὰρ

1977 3755 2185 3824 γίνεται
2235 3755 2424 3809 λοιπὸν
2461 3758 2489 3809 6
2537 3757 2801 3820 τοιοῦτος.
2858 3758 2960 3810 κᾶν
3010 3757 3172 3828 σῶμα
3226 3761 3558 3830 περίκειται.

1977 3838 2144 3891 Ὅταν
2170 3839 2278 3910 γὰρ
2311 3839 2477 3911 μηδὲν
2509 3840 2819 3910 σωματικὸν
2859 3840 2996 3911 μηδὲ
3029 3842 3176 3911 παχὺ
3207 3842 3342 3911 μηδέ
3373 3843 3561 3913 γήϊνον

1973 3922 2100 3992 περὶ
2145 3923 2308 3976 αὑτὸν
2426 3923 2611 3987 ἀπλῶς
2652 3923 2712 3976 τὸ
2761 3923 2922 3993 σῶμα
2979 3925 3287 3995 περίκειται
3322 3941 3334 3954 ο
3362 3927 3491 3978 ὅταν.⁸
3524 3929 3558 3996 ἡ

1973 4005 2122 4056 πᾶσα
2157 4004 2302 4076 ἁρχὴ
2344 4006 2442 4076 τῆς
2471 4006 2652 4077 ψυχῆς
2753 4008 2847 4058 καὶ
2895 4005 2988 4058 τοῦ
3033 4006 3366 4076 πνεύματος,
3412 4008 3556 4061 οὕτω

1970 4088 2249 4154 δοξάζεται
2281 4091 2309 4142 6
2341 4089 2494 4153 Θεός.
2543 4093 2633 4144 Διὸ
2678 4093 2770 4145 καὶ
2817 4093 2872 4144 ἐν
2911 4094 2978 4162 τῇ
3035 4091 3166 4161 εὐχῇ
3221 4092 3555 4162 κελευόμεθα

1972 4171 2168 4240 λέγειν·
2213 4174 2568 4242 Ἁγιασθήτω
2609 4175 2676 4228 τὸ
2701 4174 2888 4242 ὄνομά
2919 4191 3034 4227 σου
3063 4191 3076 4203 ·
3120 4175 3218 4226 καὶ
3258 4176 3286 4226 6
3321 4176 3553 4244 Χριστός

1973 4271 2126 4322 φησι⁸
2158 4255 2460 4323 Λαμψάτω
2487 4256 2552 4306 τὸ
2586 4255 2714 4320 φῶς
2740 4257 2908 4322 ὑμῶν
2934 4257 3276 4322 ἔμπροσθεν
3299 4255 3416 4307 τῶν
3447 4257 3554 4310 dr-

1971 4337 2240 4405 θρώπων,
2271 4337 2430 4401 ὅπως
2459 4337 2630 4390 ἵδωσι
2661 4339 2734 4390 τὰ
2763 4339 2916 4390 καλὰ
2949 4338 3093 4406 ἔργα
3118 4335 3304 4404 ὑμῶν,
3338 4338 3551 4392 x0160-

1969 4418 2204 4480 ξὰσωσι
2243 4418 2350 4470 τὸν
2391 4418 2623 4484 Πατέρα
2657 4417 2825 4486 ὑμῶν
2852 4419 2959 4471 τὸν
3001 4421 3070 4472 ἐν
3096 4419 3218 4485 τοῖς
3249 4420 3545 4487 οὐρανοῖς.

1970 4501 2127 4554 Οὖτω
2167 4500 2484 4565 δοξάζουσιν
2527 4503 2690 4556 αὑτὸν
2746 4503 2841 4555 καὶ
2879 4504 2927 4555 οἱ
2969 4503 3218 4574 οὐρανοὶ,
3260 4505 3320 4556 ού
3364 4504 3548 4576 φωνὴν

1966 4585 2240 4653 ἀφιέντες,
2271 4584 2407 4638 ἀλλά
2429 4584 2520 4639 διὰ
2554 4586 2649 4656 τῆς
2677 4584 2850 4655 ὅψεως
2884 4586 3304 4657 θαυμαζόμενοι,
3336 4590 3428 4640 καὶ
3449 4589 3547 4658 τὴν

1964 4667 2120 4733 δόξαν
2153 4668 2233 4731 εἰς
2269 4668 2360 4721 τὸν
2391 4667 2734 4739 Δημιουργὸν
2774 4670 3154 4738 ἀναφέροντες.
3195 4668 3352 4724 Οὕτω
3385 4671 3542 4738 δοξά-

1967 4765 2149 4819 σωμεν
2168 4749 2327 4802 αὑτὸν
2349 4751 2444 4802 καὶ
2471 4753 2652 4821 ἡμεῖς,
2676 4753 2873 4822 μᾶλλον
2901 4753 2956 4805 δὲ
2987 4755 3082 4806 καὶ
3107 4754 3266 4806 πλέον
3286 4753 3539 4807 ἐκείνων

1965 4831 2241 4902 δυνάμεθα
2275 4833 2402 4903 γὰρ,
2437 4833 2503 4886 ἂν
2534 4835 2823 4906 ἐθέλωμεν.
2859 4838 2931 4889 Ού
2963 4837 3071 4908 7&9
3099 4836 3271 4900 οὕτως
3313 4838 3543 4908 οὐρανὸς

1964 4916 2057 4968 καὶ
2079 4916 2262 4988 ἡμέρα
2287 4919 2381 4969 καὶ
2410 4917 2526 4982 νὺξ,
2560 4917 2634 4982 ὡς
2666 4921 2794 4987 ἀγία
2826 4920 2974 4991 ψυχὴ
2997 4922 3207 4986 δοξάζει
3231 4922 3379 4975 Θεόν.
3409 4923 3540 4975 ’Ὡσ-

1962 5015 2070 5070 περ
2093 4999 2200 5069 γὰρ
2225 4999 2304 5061 εἰς
2332 4998 2391 5050 τὸ
2412 4999 2602 5061 κάλλος
2629 5003 2721 5055 τοῦ
2742 5004 2970 5074 ούρανοῦ
2999 5021 3080 5065 τις
3102 5003 3341 5073 ἀφορῶν,
3368 5004 3536 5072 λέγει·

1961 5081 2098 5144 Δόξα
2130 5099 2232 5142 σοι,
2261 5083 2290 5133 6
2327 5081 2479 5144 Θεὸς,
2523 5081 2634 5136 οἷον
2674 5084 2831 5153 ἔργον
2861 5086 3080 5146 ἔκτισας
3103 5100 3114 5112 ’
3144 5085 3288 5138 οὕτω
3331 5087 3395 5156 δὴ
3443 5090 3538 5141 καὶ

1961 5167 2040 5227 εἰς
2066 5164 2258 5234 ἀνδρὸς
2284 5164 2486 5234 ἀρετὴν
2515 5164 2746 5233 βλέπων,
2774 5167 2868 5218 καὶ
2897 5165 3074 5235 πολλῴ
3093 5168 3248 5220 πλέον
3277 5170 3532 5225 ἐνταῦθα.

1991 5249 2098 5299 Απ⁹
2127 5249 2348 5299 ἐκείνων
2376 5247 2474 5316 μὲν
2507 5247 2616 5316 γάρ
2639 5248 2746 5300 τῶν
2784 5249 3097 5318 κτισμάτων
3127 5250 3188 5301 ού
3225 5252 3427 5315 πάντες
3452 5254 3538 5306 60-

1963 5329 2232 5394 ξάζουσιν,
2269 5329 2403 5382 ἀλλά
2432 5330 2615 5382 πολλοί
2639 5331 2731 5382 καὶ
2758 5332 3040 5402 αύτόματα
3063 5329 3202 5386 εἰναι
3228 5333 3444 5402 λέγουσι
3467 5336 3537 5386 τά

1960 5414 2087 5465 ὂντα
2109 5428 2120 5440 ·
2158 5412 2305 5464 ἄλλοι
2341 5412 2397 5464 δέ
2430 5414 2523 5466 καὶ
2570 5413 2815 5484 δαίμοσιν
2856 5415 3170 5470 ἀνατιθέασι
3204 5415 3298 5469 τοῦ
3329 5417 3535 5482 κόσμου

1959 5497 2058 5564 τὴν
2092 5495 2450 5565 δημιουργίαν
2496 5501 2590 5550 καὶ
2639 5499 2735 5570 τὴν
2783 5501 3057 5567 πρόνοιαν,
3092 5501 3140 5552 οἳ
3191 5501 3283 5552 καὶ
3331 5496 3535 5564 σφόδρα

1960 5579 2323 5646 ἀσύγγνωστα
2351 5580 2751 5650 ἁμαρτάνουσιν
2777 5601 2790 5613 ·
2824 5586 2914 5636 ἐπὶ
2933 5585 2990 5636 δὲ
3011 5583 3300 5653 ἀνθρώπου
3333 5577 3533 5646 ἀρετῆς

1960 5663 2134 5724 οὐδεὶς
2161 5661 2382 5714 τοιαῦτα
2417 5665 2841 5733 ἀναισχυ,τῆσαι
2883 5668 3188 5734 δυνήσεται,
3221 5659 3356 5712 ἀλλὰ
3399 5659 3535 5709 πάν-

1966 5764 2068 5809 τως
2110 5745 2316 5810 δοξάσει
2363 5747 2448 5798 τὸν
2498 5749 2650 5812 Θεὸν,
2701 5749 2791 5800 τὸν
2841 5749 3159 5801 δουλεύοντα
3203 5740 3350 5808 αὐτῷ
3400 5742 3538 5805 μετὰ
