3986 6202
345 340 448 396 149

339 459 488 524 tiam,
512 457 659 531 quod
687 467 958 530 peccatum
980 458 1070 515 vix
1095 461 1302 515 veniam
1331 459 1577 514 admittat
1608 478 1620 512 :
1650 459 1790 512 circa
1819 459 1927 512 vir-

339 559 510 606 tutem
553 561 733 607 autem
779 551 1042 617 hominis,
1077 568 1234 608 nemo
1269 553 1348 606 sic
1387 550 1726 621 impudenter
1769 565 1928 621 agere

341 643 562 714 poterit,
583 643 674 698 sed
695 646 911 698 omnino
930 645 1252 715 glorificabit
1272 645 1464 707 Demn,
1487 643 1612 698 dum
1637 641 1783 696 videt
1805 656 1926 696 eum

341 735 433 799 qui
468 733 576 788 Deo
604 736 764 788 servit
791 747 978 790 sancte
1025 739 1314 790 viventem.
1356 735 1486 803 Quis
1515 735 1656 790 enim
1694 748 1799 788 neu
1828 733 1926 787 ob-

344 836 627 898 stupescet,
673 828 888 897 quando
928 829 1191 899 quispiam
1214 873 1226 891 ,
1259 827 1420 882 homo
1443 841 1564 882 cum
1589 828 1658 880 sit
1683 840 1924 880 commu-

342 916 527 984 nisque
548 927 752 971 naturze
781 920 1072 988 particeps,
1100 920 1150 973 in
1180 919 1478 988 mediisque
1504 931 1725 972 versans
1756 915 1926 970 homi-

341 1007 490 1062 nibus
514 1054 529 1073 ,
559 1009 700 1062 sicut
725 1010 968 1076 adamas,
1020 1028 1123 1064 non
1169 1010 1497 1065 convertitur
1522 1009 1585 1062 ad
1619 1009 1922 1077 passionum

341 1114 523 1170 agmen
547 1102 569 1153 ?
595 1117 720 1156 cum
753 1102 891 1156 inter
938 1103 1112 1172 ignem
1141 1116 1195 1158 et
1221 1102 1418 1158 ferrum
1442 1113 1494 1156 et
1525 1101 1663 1154 feras
1704 1114 1923 1154 versans

340 1189 616 1244 adamante
660 1192 847 1246 fortior
887 1202 988 1256 est,
1021 1204 1070 1246 et
1100 1209 1196 1261 per
1238 1194 1448 1263 pietatis
1491 1192 1713 1246 verbum
1755 1191 1920 1244 ratio.

339 1293 565 1349 nemque
591 1283 773 1336 omnia
800 1283 1161 1351 superaverit?
1185 1283 1396 1351 quando
1425 1282 1627 1351 probris
1663 1281 1916 1345 afﬁcitur,

337 1379 389 1424 et
413 1372 726 1427 benedicit?
756 1374 963 1443 quando
1008 1377 1145 1430 male
1190 1377 1334 1428 audit
1373 1385 1426 1428 et
1466 1374 1678 1428 laudat?
1706 1372 1920 1441 quando

339 1464 581 1519 molestia
614 1467 658 1519 ei
687 1478 916 1531 creatur,
940 1477 992 1520 et
1013 1467 1102 1522 ille
1130 1480 1244 1521 orat
1273 1484 1367 1536 pro
1397 1469 1458 1521 iis
1486 1467 1576 1536 qui
1605 1481 1785 1520 secum
1813 1464 1916 1518 ini-

338 1570 445 1623 que
465 1558 664 1624 agunt?
685 1557 895 1628 quando
919 1560 1125 1613 insidiis
1145 1561 1428 1628 appetitur,
1448 1568 1499 1612 et
1521 1561 1634 1627 ipse
1660 1556 1915 1612 beneficia

341 1657 560 1714 prmstat
609 1648 1003 1703 insidiatoribus
1030 1661 1083 1704 et
1108 1651 1458 1703 adversariis?
1498 1651 1621 1703 lla‘c
1645 1659 1698 1702 et
1723 1649 1914 1702 similia

341 1739 512 1807 magis
549 1755 708 1807 quant
748 1739 861 1794 ca:li
902 1739 1199 1808 gloriﬁcant
1240 1742 1422 1794 Deum.
1472 1740 1644 1794 Grmci
1689 1755 1915 1808 namque

337 1829 525 1883 ctelum
581 1829 856 1894 videntes,
887 1846 991 1883 non
1041 1831 1244 1898 pudore
1287 1831 1620 1893 afficiuntur;
1675 1840 1911 1885 sanctum

329 1933 508 1975 autem
543 1921 714 1975 virttm
750 1923 987 1977 videntes
1037 1935 1304 1978 accurate-
1334 1924 1714 1992 philosophiam
1756 1922 1909 1977 exhi-

331 2015 568 2080 bentem,
602 2013 805 2083 pudore
833 2014 1210 2069 suffunduntur
1235 2031 1453 2084 seseque
1478 2015 1749 2069 damnant.
1775 2015 1907 2070 Cum

327 2106 464 2158 enim
496 2109 560 2163 is.
591 2106 680 2170 qui
706 2105 946 2175 ejusdem
976 2118 1178 2161 naturm
1207 2123 1424 2162 consors
1447 2119 1546 2172 est,
1572 2109 1640 2162 ita
1662 2110 1908 2177 superior

327 2197 426 2250 illis
453 2206 574 2260 est,
605 2205 660 2250 et
689 2198 854 2251 multo
891 2198 1089 2267 magis,
1121 2213 1276 2266 quam
1309 2199 1495 2251 celum
1526 2207 1719 2252 terram
1749 2214 1907 2268 supe-

324 2296 430 2349 rat;
462 2287 545 2340 vel
577 2286 726 2339 inviti
773 2287 1042 2356 cogitant,
1071 2287 1350 2356 quamdam
1380 2287 1610 2341 divinam
1656 2289 1904 2343 virtutem

327 2378 436 2433 inec
461 2379 678 2446 operari
711 2395 725 2430 :
751 2378 872 2432 ideo
899 2380 1004 2433 ait:
1030 2379 1095 2432 Et
1123 2380 1405 2449 gloriﬁcent
1455 2379 1660 2434 Patrem
1686 2390 1902 2434 oestrum

319 2475 402 2541 qui
439 2475 490 2526 in
525 2473 665 2526 cretis
710 2482 802 2527 est.
845 2473 934 2526 Vis
964 2481 1020 2526 et
1047 2473 1264 2526 aliunde
1305 2473 1542 2537 discere,
1570 2474 1836 2542 quomodo
1872 2488 1899 2526 a

319 2581 594 2619 servorum
641 2579 859 2618 suorum
908 2565 1015 2618 vita
1062 2565 1386 2634 gloriﬁcetur
1431 2567 1592 2630 Deus,
1635 2567 1901 2636 quomodo

315 2659 472 2710 etiam
502 2673 531 2709 a
564 2656 874 2710 miraculis?
904 2657 1128 2710 Immisit
1153 2657 1436 2725 aliquando
1476 2658 1900 2712 Nabuchodono-

313 2762 403 2800 sor
434 2757 543 2801 tres
575 2762 770 2816 pueros
797 2748 846 2800 iu
877 2747 1166 2801 fornacem.
1201 2747 1399 2801 Deinde
1429 2749 1549 2816 quia
1575 2747 1700 2802 vidit
1724 2749 1899 2816 ignem

312 2853 417 2890 non
449 2839 572 2890 illos
599 2853 870 2906 superare,
894 2840 966 2890 ait
995 2855 1008 2890 :
1042 2836 1342 2890 Benedictus
1362 2837 1520 2902 Deus,
1543 2839 1628 2906 qui
1649 2841 1782 2892 misit
1803 2857 1896 2893 an-

309 2930 472 2997 gelum
495 2946 669 2993 suum,
700 2939 747 2982 et
767 2930 946 2997 eripuit
973 2945 1153 2998 pueros
1174 2945 1294 2982 suos
1319 2944 1349 2982 a
1380 2928 1613 2990 fornace,
1637 2935 1756 2995 quia
1776 2947 1896 2984 con-

307 3021 528 3088 ﬁderuut
553 3023 608 3074 in
631 3039 746 3076 eum
777 3038 795 3075 :
819 3032 863 3074 et
894 3023 1096 3075 uerbum
1121 3025 1252 3091 regis
1283 3032 1595 3075 mutaverunt
1626 3022 1801 3092 (Dan.
1837 3024 1892 3077 5.

305 3112 432 3180 95).
457 3115 597 3181 Quid
624 3114 794 3168 dici~?
815 3123 1151 3182 contemptus
1180 3114 1342 3175 fuisti,
1369 3124 1420 3166 et
1447 3116 1654 3167 miraris
1684 3131 1778 3169 eos
1804 3117 1892 3184 qui

305 3207 665 3277 respueruut?
714 3207 907 3269 Etiam,
957 3207 1147 3275 inquit,
1193 3216 1247 3261 et
1299 3215 1513 3274 propter
1564 3206 1664 3261 hoc
1719 3207 1891 3275 ipsum

300 3300 442 3367 quod
488 3301 825 3370 contemptui
853 3299 1064 3353 habitus
1090 3299 1224 3364 sint;
1259 3306 1317 3352 et
1344 3299 1580 3353 miraculi
1613 3299 1748 3353 lnntc
1779 3311 1890 3354 sta-

302 3395 402 3447 tuit
428 3409 547 3449 esse
575 3410 808 3448 causam.
838 3395 1019 3464 itaque
1051 3408 1155 3448 non
1188 3401 1400 3462 propter
1439 3393 1646 3462 signum
1687 3403 1888 3447 tantum

300 3493 430 3538 tunc
455 3486 628 3553 gloria
655 3486 765 3539 Deo
790 3486 916 3550 fuit,
944 3485 1037 3539 sed
1071 3492 1288 3553 propter
1330 3486 1656 3553 propositum
1697 3501 1886 3539 eorum

297 3575 388 3643 qui
419 3576 514 3629 illo
546 3576 728 3644 injecti
758 3586 890 3631 sunt.
941 3576 1092 3644 Quod
1123 3576 1169 3630 si
1200 3576 1320 3643 quis
1351 3576 1451 3629 hoc
1473 3586 1526 3630 et
1552 3577 1678 3629 illml
1710 3592 1804 3645 per
1829 3591 1888 3630 se

294 3666 587 3732 examinet,
625 3681 731 3720 non
761 3667 859 3722 hoc
888 3667 976 3721 illo
1005 3669 1177 3723 minus
1205 3676 1308 3722 est.
1333 3668 1374 3720 A
1407 3666 1622 3721 fornace
1652 3671 1790 3721 enim
1820 3668 1874 3720 Ii.

295 3763 516 3817 berasse
537 3804 553 3828 ,
586 3778 696 3815 non
724 3771 803 3816 est
831 3763 998 3832 majus
1024 3764 1089 3817 ad
1115 3763 1374 3817 rationem
1421 3763 1694 3825 miraculi,
1728 3778 1882 3831 quam

291 3854 480 3907 animis
535 3853 870 3922 persuasisse
916 3865 973 3905 ut
1017 3853 1426 3922 ingrederentur
1482 3856 1532 3908 in
1591 3854 1879 3909 fornacem.

289 3941 571 4008 Quomodo
597 3945 742 3998 enim
772 3959 876 3997 non
907 3943 1126 4012 dignum
1174 3953 1392 4014 stupore
1432 3945 1608 4010 fuerit,
1637 3962 1757 4000 cum
1789 3961 1880 4001 rex

288 4035 465 4097 orbis,
496 4044 606 4089 tam
637 4035 818 4088 multis
844 4035 1009 4088 armis
1034 4035 1453 4104 circumseptus,
1484 4042 1749 4092 exercitus
1782 4037 1877 4090 ha-

288 4125 442 4190 bens,
476 4125 667 4191 duces,
696 4125 976 4195 toparchas
996 4137 1051 4180 et
1074 4127 1342 4191 coasules,
1367 4137 1521 4181 terra:
1546 4139 1597 4181 et
1626 4132 1755 4181 mari
1781 4130 1879 4182 im-

287 4232 503 4286 perans,
525 4234 555 4272 a
582 4221 764 4288 pueris
784 4220 1007 4290 captivis
1034 4219 1326 4289 despicitur
1345 4261 1359 4283 ,
1386 4228 1441 4274 et
1462 4220 1618 4273 vincti
1642 4221 1877 4276 vincien-

286 4320 390 4364 tem
419 4320 684 4381 superant
712 4320 766 4367 et
788 4321 958 4366 totum
983 4312 1148 4382 ipsius
1172 4313 1389 4366 vincunt
1410 4312 1740 4366 exercitum?
1760 4311 1876 4366 Non

285 4400 422 4457 enim
470 4410 772 4473 potuerunt
801 4403 852 4458 id
873 4445 889 4464 ,
918 4403 1060 4472 quod
1105 4403 1414 4465 voluerunt,
1447 4416 1538 4456 rex
1570 4410 1625 4455 et
1654 4402 1876 4458 clientes

285 4491 416 4559 ejus,
439 4495 526 4563 qui
573 4504 630 4550 et
676 4495 801 4549 haec
840 4504 895 4548 et
944 4493 1172 4547 fornacis
1213 4494 1419 4562 copiam
1457 4492 1750 4555 habebant;
1781 4493 1876 4548 sed

286 4582 428 4648 nudi,
461 4585 640 4649 servi,
673 4583 1219 4656 exteri,pauci(quid
1260 4585 1398 4638 enim
1442 4584 1610 4638 tribus
1655 4583 1878 4654 paucius

284 4673 412 4740 sit?)
454 4674 788 4730 immensum
827 4672 1121 4730 exercitum
1155 4676 1318 4730 vincti
1350 4675 1717 4746 proﬂigarunt.
1756 4675 1875 4730 Jam

282 4765 419 4820 enim
455 4783 602 4822 mors
625 4767 1051 4837 despiciebatur,
1076 4768 1195 4836 quia
1232 4768 1556 4823 adventuros
1577 4779 1691 4823 erat
1717 4767 1874 4824 Chri-

280 4867 388 4912 stus
413 4877 428 4914 :
455 4868 507 4914 et
536 4861 683 4915 sicut
711 4859 826 4927 jam
851 4859 1059 4913 orituro
1085 4860 1221 4925 sole,
1241 4869 1523 4929 antequam
1551 4859 1686 4914 radii
1712 4875 1875 4929 appa-

282 4950 765 5021 reant,splendida
794 4949 1024 5005 efﬁcitur
1052 4950 1138 5004 lux
1169 4951 1273 5005 diei
1304 4968 1316 5002 :
1349 4950 1427 5004 sic
1456 4951 1614 5005 etiam
1647 4961 1874 5004 venturo

283 5039 488 5108 iustitia:
512 5043 635 5098 sole
665 5057 819 5096 mors
847 5043 1057 5097 tandem
1084 5042 1326 5096 cedebat.
1359 5041 1497 5109 Quid
1538 5043 1626 5097 illo
1667 5042 1874 5098 theatro

284 5134 612 5203 Splendidius
643 5133 854 5189 fuerit?
892 5134 1019 5204 quid
1050 5134 1269 5189 victoria
1292 5133 1533 5188 clarius?
1568 5134 1694 5202 quid
1725 5135 1874 5190 novis

285 5232 488 5299 tropzeis
519 5229 832 5301 insignius?

351 5319 401 5378 4.
457 5321 573 5378 Hoc
601 5320 665 5376 [it
695 5320 866 5375 etiam
895 5329 1080 5374 nostro
1105 5329 1370 5390 tempore.
1416 5317 1483 5373 Et
1507 5333 1646 5372 nunc
1673 5333 1764 5372 rex
1793 5327 1875 5373 est

289 5411 625 5483 Babylonica:
669 5413 942 5478 fornacis,
974 5429 1116 5468 nunc
1141 5414 1300 5468 etiam
1326 5411 1601 5467 fornacem
1632 5410 1876 5465 accendit

290 5500 368 5558 illa
386 5508 702 5578 graviorem
738 5523 754 5559 :
784 5515 866 5559 est
891 5505 1050 5559 etiam
1077 5509 1163 5573 qui
1195 5519 1335 5557 nunc
1358 5504 1498 5557 illam
1521 5503 1672 5572 jubet
1699 5501 1872 5555 admi-

293 5602 387 5654 rari
433 5601 736 5672 imaginem
768 5618 782 5652 :
809 5599 1004 5654 adsunt
1050 5596 1150 5666 ipsi
1188 5606 1242 5650 et
1267 5603 1490 5663 satrapae
1517 5604 1572 5650 et
1599 5595 1793 5649 milites
1821 5603 1875 5648 et

293 5693 478 5747 musica
527 5691 894 5754 demulcens;
927 5687 1187 5756 multique
1215 5686 1358 5740 illam
1388 5686 1672 5756 imaginem
1701 5686 1873 5739 admi~

300 5795 498 5851 rantur,
539 5783 798 5840 variam.
839 5793 1107 5847 magnam.
1155 5776 1283 5830 Tale
1311 5776 1450 5829 enim
1491 5775 1760 5846 quidpiam
1786 5784 1868 5828 est

587 5881 882 5941 Pn'n0L.
932 5879 1049 5938 Gn.
1101 5880 1257 5940 LXI.

1362 341 1427 398 IN
1470 338 1685 399 EPIST.
1728 344 1745 398 l
1811 344 1902 398 AD
1940 341 2096 400 COR.
2139 342 2368 400 HOMIL.
2416 344 2599 400 XVIII.

3519 355 3622 414 ιω

2034 458 2258 512 avaritia
2282 498 2296 520 ,
2327 458 2485 526 quale
2511 460 2688 529 imago
2718 459 2804 514 illa
2831 501 2847 526 ,
2881 476 2948 517 ne
2972 460 3173 518 ferrum
3202 464 3421 535 quidem
3448 467 3623 541 despi-

2032 548 2181 602 ciens
2206 589 2222 614 ,
2266 549 2359 603 sed
2385 564 2451 604 ex
2492 549 2846 606 dissimilibus
2869 556 3166 623 composita
3195 556 3354 612 rebus
3376 597 3396 624 ,
3437 563 3618 615 omnia

2031 641 2284 695 admirari
2321 642 2516 710 jubens
2543 683 2558 707 ,
2587 658 2662 698 tes
2687 685 2703 710 ,
2733 643 2930 699 ferrum
2955 686 2969 710 ,
2997 656 3052 700 et
3076 664 3195 715 quze
3218 660 3344 704 sunt
3385 651 3490 706 illis
3517 653 3617 707 ad-

2033 732 2249 787 modum
2296 734 2504 788 viliora.
2551 734 2656 789 Sed
2711 738 3164 806 quemadmodum
3196 741 3309 797 haec
3336 753 3499 809 sunt;
3545 745 3623 800 ita

2029 825 2189 878 etiam
2218 839 2360 880 nunc
2388 835 2514 880 sunt
2540 841 2830 896 puerorum
2859 829 3067 884 illorum
3098 833 3390 888 imitatores
3418 837 3506 903 qui
3533 837 3615 890 di—

2028 927 2193 970 cunt:
2225 917 2337 971 Diis
2365 919 2471 971 tuis
2495 933 2596 971 non
2623 921 2908 985 servimus,
2942 932 2994 975 et
3025 923 3310 993 imaginem
3341 935 3482 980 tuam
3508 944 3612 983 non

2027 1008 2348 1073 adoramus;
2379 1011 2474 1064 sed
2523 1019 2580 1064 et
2623 1014 2952 1081 paupertatis
2985 1013 3254 1070 fornacem
3284 1019 3614 1074 sustinemus

2027 1107 2080 1152 et
2120 1099 2278 1152 aliam
2327 1116 2541 1154 omnem
2587 1103 2855 1156 miseriam
2902 1120 2997 1173 pro
3030 1105 3120 1158 Dei
3168 1108 3388 1175 legibus.
3422 1109 3492 1165 Et
3537 1112 3608 1166 illi

2025 1190 2240 1260 quidem
2262 1193 2351 1262 qui
2373 1195 2538 1248 multa
2563 1193 2778 1259 habent,
2801 1204 2858 1249 ut
2877 1206 2931 1250 et
2955 1206 3164 1251 veteres
3188 1199 3283 1262 illi,
3311 1201 3446 1253 banc
3469 1218 3609 1270 μωνθ

2024 1281 2250 1336 adorant
2291 1294 2346 1338 et
2371 1285 2788 1351 comburuntur;
2837 1287 2923 1354 qui
2971 1303 3098 1342 vero
3129 1289 3259 1342 nihil
3295 1292 3604 1358 possident.

2025 1369 2159 1426 hanc
2185 1375 2531 1444 despiciunt,
2557 1385 2612 1430 et
2635 1376 2684 1430 in
2716 1386 3032 1446 paupertate
3063 1389 3359 1445 versantes,
3399 1382 3450 1434 in
3484 1398 3607 1437 rore

2023 1467 2192 1534 magis
2231 1467 2576 1535 deliciantur,
2623 1486 2781 1538 quam
2812 1471 2887 1525 illi
2915 1472 3003 1540 qui
3047 1473 3099 1526 in
3134 1488 3311 1528 rerum
3338 1476 3492 1545 copia
3523 1478 3602 1528 νίς

2024 1565 2149 1609 vunt
2174 1575 2186 1610 :
2215 1558 2354 1612 sicut
2378 1569 2433 1614 et
2463 1571 2590 1614 tunc
2612 1576 2859 1631 quoque,
2891 1563 2982 1631 qui
3013 1563 3312 1632 injecerunt
3336 1567 3602 1621 combusti

2018 1657 2137 1699 sunt
2158 1688 2172 1710 ,
2196 1649 2284 1717 qui
2321 1659 2496 1704 autem
2525 1651 2578 1704 in
2606 1651 2785 1706 medio
2809 1662 3001 1718 erant,
3030 1669 3127 1708 ceu
3158 1655 3209 1708 in
3235 1670 3371 1726 aqua
3397 1667 3449 1710 et
3477 1673 3602 1712 rore

2018 1740 2387 1795 versabantur.
2414 1743 2698 1814 Tyrannus
2725 1753 2904 1799 autem
2935 1747 3023 1800 ille
3052 1758 3176 1802 tunc
3201 1748 3370 1818 magis
3396 1766 3422 1801 a
3450 1747 3601 1802 ﬂant-

2016 1844 2103 1884 ma
2159 1831 2447 1898 urebatur,
2499 1834 2576 1887 ira
2621 1834 2993 1890 vehementius
3043 1836 3189 1891 illum
3238 1837 3597 1903 incendente,

2014 1937 2174 1992 quam
2199 1925 2348 1991 pueri
2378 1925 2453 1978 illi
2479 1925 2911 1980 incenderentur.
2940 1925 3072 1980 Nam
3113 1927 3326 1982 illorum
3356 1945 3422 1982 ne
3449 1945 3599 1984 sum-

2015 2029 2132 2068 mos
2158 2015 2372 2084 quidem
2400 2017 2622 2085 capillos
2649 2019 2820 2087 potuit
2859 2018 2996 2087 ignis
3037 2027 3288 2089 tangere;
3320 2019 3474 2088 hujus
3497 2035 3598 2075 au-

2015 2111 2122 2157 tem
2169 2115 2402 2160 mentem
2433 2107 2551 2175 igne
2598 2108 2970 2163 vehementius
3016 2109 3093 2164 ira
3122 2108 3380 2166 incendit.
3414 2112 3597 2181 Cogita

2011 2197 2155 2251 enim
2185 2208 2439 2267 quantum
2472 2199 2600 2253 illud
2624 2211 2798 2264 esset,
2829 2201 2879 2252 in
2915 2210 3020 2255 tam
3049 2201 3344 2256 multorum
3371 2217 3597 2270 conspe-

2009 2300 2099 2344 ctu
2144 2306 2173 2344 a
2222 2293 2402 2361 pueris
2446 2293 2669 2360 captivis
2709 2293 2881 2361 ipsum
2927 2293 3224 2350 contemni.
3265 2294 3414 2350 Tunc
3451 2296 3594 2351 enim

2010 2383 2276 2447 ostendit,
2309 2400 2370 2438 se
2397 2385 2609 2439 illorum
2639 2387 2826 2441 urbem
2857 2387 3066 2456 cepisse
3085 2429 3100 2452 ,
3138 2402 3242 2442 nou
3271 2389 3320 2440 vi
3351 2404 3467 2452 sua,
3496 2388 3589 2444 sed

2011 2483 2227 2544 propter
2249 2476 2534 2530 multorum
2560 2485 2796 2545 peccata.
2829 2477 2958 2532 Nam
2980 2479 3025 2532 si
3052 2479 3260 2533 vinctos
3283 2495 3390 2533 non
3423 2480 3591 2548 potuit

2007 2580 2262 2632 superare
2281 2607 2293 2630 ,
2327 2567 2596 2636 etiamque
2648 2569 2698 2620 in
2726 2566 2994 2622 fornacem
3027 2569 3252 2638 injectus
3277 2609 3292 2634 ,
3320 2569 3592 2638 quomodo

2006 2656 2128 2709 illos
2158 2657 2275 2726 lege
2304 2656 2426 2710 belli
2468 2666 2808 2726 superasset,
2855 2659 2898 2712 si
2928 2673 3117 2713 omnes
3146 2659 3280 2712 tales
3323 2657 3592 2711 fuissent?

2008 2747 2158 2802 Unde
2189 2747 2528 2801 manifestum
2569 2758 2652 2800 est
2681 2749 2969 2801 multorum
2999 2761 3215 2817 peccata
3260 2749 3446 2802 urbem
3478 2758 3589 2802 tra-

2003 2837 2223 2892 didisse.
2261 2838 2391 2893 Vide
2429 2847 2606 2892 autem
2631 2853 2789 2906 quam
2818 2855 2847 2890 a
2881 2853 3012 2891 vana
3042 2839 3210 2909 gloria
3241 2841 3399 2893 alieni
3440 2842 3590 2909 pueri

2002 2941 2200 2984 essent.
2247 2930 2361 2984 Non
2391 2931 2532 2984 enim
2578 2931 2883 2986 iusilierunt
2914 2931 2964 2984 in
3016 2930 3330 2997 fornacem,
3360 2932 3452 2986 sed
3478 2933 3586 3001 jam

1999 3021 2125 3074 olim
2177 3020 2375 3075 Christi
2421 3035 2744 3091 prtecepzum
2795 3023 3086 3082 servabant
3133 3023 3398 3078 dicentis:
3431 3021 3590 3078 Orate

1999 3130 2060 3166 ne
2086 3115 2279 3167 intretis
2309 3116 2360 3168 iu
2389 3117 2711 3168 teutationem
2756 3116 2971 3186 (Matth.
3001 3117 3089 3171 26.
3121 3116 3211 3190 Η)
3245 3136 3258 3171 :
3290 3132 3464 3188 neque
3495 3117 3581 3172 fu-

1995 3215 2186 3273 gerunt
2238 3206 2452 3275 quando
2489 3206 2631 3260 ducti
2661 3218 2818 3272 sunt,
2863 3209 2956 3262 sed
3006 3219 3272 3264 steterunt
3322 3210 3372 3263 in
3407 3210 3586 3264 medio

1996 3295 2245 3350 fortiter:
2281 3313 2452 3365 neque
2480 3314 2587 3352 non
2625 3309 2850 3354 vocante
2877 3299 3214 3354 decertantes
3233 3341 3248 3366 ,
3284 3316 3455 3370 neque
3485 3316 3582 3356 vo-

1993 3399 2148 3444 cante
2172 3389 2360 3443 molles
2386 3401 2441 3444 et
2469 3390 2663 3459 ignavi,
2694 3390 2786 3444 sed
2811 3391 2875 3443 ad
2905 3393 3079 3446 omnia
3107 3393 3274 3461 parati
3303 3403 3356 3447 et
3377 3395 3579 3448 strenui

1993 3481 2246 3550 omnique
2279 3481 2466 3535 fiducia
2497 3481 2660 3549 pleni.
2710 3484 3000 3535 Audiamus
3029 3479 3172 3537 enim
3202 3484 3328 3552 quid
3357 3485 3538 3538 dicant
3563 3526 3577 3546 ,

1994 3583 2048 3623 ut
2081 3572 2202 3626 inde
2241 3587 2426 3626 eorum
2454 3572 2834 3640 philosophum
2867 3589 3081 3626 sensum
3112 3574 3413 3628 ediscamus
3439 3591 3451 3627 :
3483 3573 3578 3629 Est

1992 3661 2131 3715 Deus
2182 3663 2234 3713 in
2276 3663 2416 3714 cwtis
2463 3673 2639 3730 potem
2682 3664 2877 3730 eripere
2916 3680 3007 3716 nos
3034 3663 3196 3736 (Dan.
3231 3665 3278 3719 ὃν
3319 3665 3429 3735 i7).
3460 3665 3574 3721 Non

1989 3753 2132 3806 enim
2161 3753 2228 3807 de
2254 3767 2314 3807 se
2340 3763 2463 3806 sunt
2500 3755 2746 3819 solliciti,
2791 3756 2886 3809 sed
2931 3771 3052 3808 mox
3084 3755 3432 3812 comburendi
3463 3799 3478 3824 ,
3507 3758 3576 3812 de

1987 3845 2158 3913 gloria
2193 3845 2282 3898 Dei
2313 3845 2527 3899 solliciti
2573 3856 2716 3899 sunt.
2752 3846 2817 3902 Ut
2842 3847 2983 3902 enim
3007 3887 3021 3911 ,
3053 3848 3205 3900 nobis
3233 3849 3525 3905 combustis
3554 3891 3572 3916 ,

1989 3937 2153 3989 Deum
2177 3951 2280 3990 non
2310 3935 2529 3989 damnes
2557 3937 2949 3994 imbecillitatis.
2979 3940 3087 4006 jam
3121 3940 3214 3993 tibi
3243 3951 3408 3996 totum
3438 3941 3572 4013 dog-

1986 4044 2070 4080 ma
2116 4036 2357 4082 nostrutn
2403 4040 2651 4084 accurate
2676 4033 3073 4085 anmmtiautus.
3111 4032 3203 4085 Est
3230 4032 3365 4088 Deus
3389 4034 3443 4088 in
3469 4050 3571 4088 cc-

1985 4118 2076 4184 lis,
2122 4133 2226 4173 non
2275 4121 2393 4173 talis
2423 4122 2593 4188 qualis
2623 4123 2735 4175 inec
2766 4123 2939 4194 imago
2971 4125 3022 4178 in
3064 4135 3201 4178 terra
3230 4166 3244 4187 ,
3279 4125 3567 4181 inanimata

1981 4224 2036 4266 et
2067 4226 2246 4278 muta,
2290 4213 2380 4267 sed
2428 4215 2516 4283 qui
2548 4216 2715 4282 possit
2760 4232 2826 4269 ex
2876 4217 3050 4271 media
3101 4216 3318 4274 fornace
3360 4219 3566 4275 ardenti

1981 4303 2212 4371 eripere.
2245 4303 2322 4356 Ne
2353 4304 2531 4372 itaque
2561 4306 2706 4358 illum
2734 4306 2957 4360 damnes
2985 4307 3400 4371 imbecillitatis,
3425 4311 3567 4378 quod

1984 4406 2083 4446 nos
2113 4394 2254 4446 sinat
2281 4394 2330 4446 in
2364 4409 2482 4447 eam
2514 4396 2746 4449 incidere
2778 4413 2790 4447 :
2826 4408 2930 4449 tam
2963 4405 3153 4464 potens
3178 4408 3300 4462 est,
3332 4408 3388 4450 ttt
3415 4409 3565 4466 post—

1983 4499 2140 4554 quam
2175 4483 2520 4538 inciderimus
2541 4526 2554 4548 ,
2587 4501 2684 4538 nos
2709 4501 2736 4537 a
2784 4485 2995 4540 flanuna
3023 4488 3237 4556 eripere
3268 4489 3470 4555 possit;
3505 4488 3567 4542 Et

1982 4578 2024 4629 si
2055 4593 2154 4629 non
2185 4577 2379 4647 faciat,
2407 4586 2579 4629 uotum
2607 4577 2670 4630 sit
2698 4577 2785 4630 tibi
2807 4620 2820 4642 ,
2855 4594 2884 4630 ο
2909 4595 3019 4645 rest,
3050 4579 3184 4648 quod
3213 4580 3312 4632 diis
3339 4582 3438 4634 tuis
3465 4597 3566 4634 non

1982 4670 2225 4724 servimus
2251 4711 2265 4732 ,
2295 4679 2342 4723 et
2371 4685 2580 4723 auream
2610 4686 2759 4739 quam
2790 4671 3006 4741 posuisti
3035 4681 3254 4726 statuant
3287 4689 3389 4726 non
3430 4673 3563 4728 udo-

1981 4781 2152 4817 ramus
2196 4763 2357 4833 (Ibid.
2386 4779 2432 4817 υ.
2469 4764 2578 4832 18).
2617 4763 2747 4817 Vide
2793 4779 2887 4818 eos
2928 4774 3079 4819 certo
3119 4767 3346 4821 consilio
3377 4775 3426 4820 et
3457 4766 3565 4820 dis-

1980 4857 2297 4926 pensatione
2328 4870 2432 4910 non
2464 4869 2622 4909 nosse
2651 4859 2907 4910 futurum.
2953 4857 3006 4911 Si
3067 4860 3207 4911 enim
3241 4859 3519 4912 scivissent
3545 4901 3560 4924 ,

1978 4949 2280 5003 admirandi
2329 4963 2432 4999 non
2486 4947 2714 5002 fuissent
2760 4947 2877 5002 haec
2904 4948 3163 5004 facientes
3202 4968 3213 5002 :
3247 4950 3372 5020 quid
3421 4950 3562 5004 enim

1981 5041 2171 5093 mirum
2198 5081 2214 5106 ,
2255 5039 2300 5092 si
2331 5039 2551 5108 pignora
2579 5040 2767 5095 salutis
2811 5041 3066 5095 habentes
3086 5081 3102 5107 ,
3131 5044 3312 5112 gravia
3343 5044 3428 5097 illa
3467 5058 3563 5096 au-

1979 5129 2165 5184 dacter
2211 5129 2508 5182 adiissent?
2557 5130 2651 5183 sed
2692 5130 3082 5198 glorificaretur
3125 5131 3336 5198 quidem
3379 5133 3558 5200 Deus,

1979 5224 2067 5292 qui
2105 5221 2366 5288 potuisset
2412 5219 2622 5287 eripere
2660 5234 2728 5273 ex
2761 5224 3015 5283 fornace;
3049 5221 3147 5289 ipsi
3180 5237 3306 5277 vero
3335 5239 3437 5277 non
3467 5225 3562 5278 ad-

1983 5314 2254 5369 mirabiles
2280 5312 2523 5377 fuissent,
2553 5319 2736 5379 utpote
2765 5313 2853 5381 qui
2883 5329 2986 5366 non
3019 5314 3070 5368 in
3102 5317 3331 5384 pericula
3357 5317 3563 5387 seipsos

1982 5406 2359 5474 conjecissent.
2408 5401 2534 5457 ideo
2579 5403 2849 5471 permisit,
2892 5415 2950 5459 ut
2993 5406 3093 5475 ipsi
3140 5408 3279 5478 quod
3329 5407 3562 5462 futurum

1982 5509 2100 5554 erat
2144 5502 2481 5567 ignorarent,
2511 5506 2568 5550 ut
2598 5498 2764 5567 magis
2807 5513 2901 5552 eos
2926 5499 3269 5568 glorificaret.
3321 5498 3387 5551 Et
3429 5499 3566 5551 sicut

1983 5593 2080 5660 ipsi
2109 5588 2499 5644 conﬁrmabant
2528 5604 2708 5659 regem
2735 5629 2750 5655 ,
2783 5600 2843 5644 ut
2890 5607 2956 5644 ne
2987 5593 3152 5646 Deum
3185 5588 3564 5645 imbecillitati;

1982 5683 2297 5748 damnaret,
2347 5682 2392 5736 si
2442 5683 2542 5750 ipsi
2591 5685 2855 5738 combusti
2906 5683 3128 5737 fuissent
3166 5702 3178 5736 :
3212 5685 3282 5734 ita
3329 5685 3385 5728 et
3427 5678 3566 5731 Deus

1987 5784 2272 5842 utrumque
2316 5774 2600 5844 praestitit,
2637 5783 2692 5828 et
2719 5774 3008 5843 potentiam
3037 5787 3185 5826 suam
3217 5763 3488 5836 ostendit,
3514 5777 3566 5822 et

3148 5865 3225 5924 10
