3986 6202
406 285 501 342 flii

403 410 692 466 puerorum
735 396 972 452 animum
1018 395 1416 465 prteclariorem
1465 390 1658 448 effecit.
1712 389 1987 446 Undenam

405 503 534 559 ergo
562 487 669 542 illis
701 486 814 541 haec
851 485 1136 549 dubitatio,
1170 485 1400 556 inquies,
1432 493 1489 538 ut
1519 498 1625 538 non
1657 480 1990 538 conﬁderent

401 596 462 634 se
488 582 663 635 salvos
684 581 922 636 exituros
943 593 1062 633 esse
1082 578 1104 632 ?
1129 577 1282 645 Quod
1301 592 1358 632 se
1382 576 1598 632 viliores
1627 574 1846 629 omnino
1871 588 1989 628 esse

405 680 694 740 putarent,
722 679 778 726 et
806 670 897 725 tali
926 669 1185 724 beneflcio
1215 667 1481 737 indignos.
1510 665 1662 733 Quod
1683 675 1859 720 autem
1883 679 1988 719 non

402 776 467 813 ex
499 761 806 829 conjectura
850 759 954 814 hoc
993 759 1198 823 dicam,
1249 757 1302 812 in
1346 756 1620 813 fornacem
1649 755 1876 825 conjecti
1909 754 1988 808 ia-

405 855 814 918 mentabantur,
867 853 984 908 haec
1032 852 1274 907 dicentes
1321 869 1334 904 :
1387 849 1755 914 Peccavimus,
1803 848 1991 917 injuste

398 947 590 1016 egimus
615 961 633 1000 :
657 963 760 1001 non
786 947 902 1001 licet
931 947 1072 999 nobis
1108 961 1164 998 os
1208 943 1406 1014 aperire
1440 942 1603 1011 (Dan.
1631 942 1684 996 '5.
1715 939 1832 1011 29).
1860 939 1990 994 Pro-

402 1046 586 1105 pterea
621 1037 908 1103 dicebant,
944 1035 1010 1090 Et
1054 1038 1097 1090 si
1127 1052 1248 1090 non.
1283 1035 1338 1089 Si
1367 1035 1511 1090 enim
1540 1049 1646 1088 non
1674 1033 1818 1088 clare
1844 1032 1989 1087 dice-

400 1129 549 1192 bant,
583 1129 766 1183 Potest
792 1143 891 1182 nos
913 1128 1062 1182 Deus
1088 1129 1332 1197 eripere;
1360 1126 1405 1180 si
1429 1136 1612 1180 autem
1638 1140 1747 1179 non
1779 1125 1988 1193 eripue-

400 1220 504 1287 rit,
538 1231 759 1290 propter
787 1231 1006 1291 peccata
1035 1230 1214 1274 nostra
1247 1234 1354 1273 non
1382 1218 1613 1290 eripiet,
1641 1232 1709 1272 ne
1737 1216 1946 1272 mireris
1970 1234 1985 1269 :

401 1311 500 1365 visi
529 1311 672 1366 enim
702 1321 886 1366 essent
929 1310 1067 1380 apud
1101 1311 1356 1366 barbaros
1402 1317 1739 1379 peccatorum
1768 1322 1986 1363 suorum

399 1402 620 1458 obtentu
667 1402 758 1457 Dei
789 1403 1208 1457 imbecillitatem
1236 1402 1508 1470 obtegere.
1542 1400 1828 1470 PrOpterea
1866 1413 1985 1454 cum

406 1493 473 1547 de
502 1494 619 1564 ejus
647 1496 879 1564 potentia
922 1503 1125 1548 tantum
1158 1493 1362 1563 loquuti
1393 1501 1614 1556 essent,
1641 1506 1855 1546 causam
1881 1507 1986 1544 non

406 1593 632 1651 ponunt.
666 1584 1094 1654 Alioquin-recte
1125 1583 1319 1638 eruditi
1344 1591 1498 1638 erant
1537 1583 1629 1637 Dei
1651 1582 1848 1651 judicia
1881 1599 1986 1636 non

405 1675 617 1730 curiose
640 1675 932 1745 inquirere.
961 1676 1090 1729 Cum
1125 1674 1239 1729 haec
1257 1690 1386 1743 ergo
1411 1672 1693 1740 dixissent,
1727 1673 1781 1727 in
1808 1673 1984 1743 ignem

405 1768 628 1838 ingressi
651 1776 794 1834 sunt,
815 1784 914 1824 nec
935 1783 1116 1837 regem
1139 1767 1460 1822 contumelia
1483 1765 1798 1832 affecerunt,
1815 1782 1988 1834 neque

407 1870 637 1916 statuam
683 1872 950 1917 evertere.
1001 1859 1182 1913 Virum
1232 1859 1372 1912 enim
1422 1856 1614 1912 fortem
1666 1859 1825 1912 talem
1869 1871 1988 1911 esse

406 1960 655 2019 oportet,
688 1951 1024 2007 moderatum
1067 1958 1122 2004 et
1152 1957 1489 2004 mansuetum
1514 1988 1529 2012 ,
1561 1948 1790 2002 maxime
1818 1947 1870 2002 in
1899 1962 1990 2016 pe-

403 2043 622 2109 riculis,
657 2053 811 2100 utne
840 2043 1089 2098 videatur
1134 2057 1202 2096 ex
1248 2042 1326 2095 ira
1371 2049 1424 2094 et
1470 2054 1602 2094 vana
1649 2040 1817 2110 gloria
1866 2038 1987 2094 talia

403 2134 553 2190 adire
581 2135 871 2190 certamina
893 2175 909 2202 ,
938 2134 1037 2189 sed
1069 2148 1140 2187 ex
1171 2131 1484 2186 fortitudine
1526 2139 1582 2186 et
1614 2132 1986 2202 temperantia.

401 2221 533 2277 Nam
564 2225 654 2294 qui
696 2223 1020 2278 contumelia
1062 2221 1260 2285 allicit,
1291 2221 1342 2274 in
1374 2219 1732 2290 suspicionem
1775 2220 1988 2275 illorum

401 2313 685 2368 criminum
705 2313 854 2369 venit
877 2329 890 2366 :
915 2312 1006 2382 qui
1033 2326 1163 2366 vero
1188 2311 1417 2366 sustinet
1438 2318 1492 2364 et
1521 2309 1751 2366 trahitur
1772 2324 1836 2366 ac
1863 2325 1983 2366 cum

1109 283 1166 339 S.
1199 227 1481 338 ⁵,ΙΟΑΝΝιὸ
1504 277 1978 337 CHRYSOSTOMI
2008 277 2327 333 A'RfilflEP.
2357 273 2885 333 CONSTANTINOP.

2101 388 2501 445 mansuetudine
2540 388 2816 457 decertat,
2844 403 2952 445 non
2981 389 3140 471 modo
3165 397 3224 446 ut
3247 391 3401 449 fortis
3429 393 3482 449 in
3513 393 3685 450 admi-

2097 481 2303 535 ratione
2328 479 2554 536 habetur
2579 525 2592 546 ,
2618 481 2713 537 sed
2738 483 2898 538 etiam
2923 481 2992 538 ob
3014 483 3434 542 moderationem
3457 496 3512 543 et
3535 503 3684 543 man-

2096 573 2430 628 suetudinem
2484 589 2588 629 non
2640 575 2816 629 minus
2845 574 3168 630 celebratur.
3214 575 3270 631 id
3297 578 3440 648 quod
3484 588 3539 634 et
3586 581 3682 650 ipsi

2097 672 2221 716 tunc
2268 662 2545 730 fecerunt,
2573 678 2694 718 cum
2727 672 2781 726 et
2825 663 3192 720 fortitudinem
3236 676 3290 721 et
3319 669 3686 724 mansuetudi-

2097 772 2219 812 nem
2249 771 2464 811 omnem
2495 757 2887 812 exhibuerunt:
2918 773 3017 813 nec
3043 758 3329 829 quidquam
3361 760 3537 818 fecere
3563 778 3684 832 pro-

2096 858 2214 917 pter
2242 849 2546 904 mercedem
2574 860 2630 903 et
2659 850 2957 918 praemium.
2980 850 3048 905 Et
3069 851 3112 904 si
3136 851 3389 919 noluerit,
3415 853 3680 924 inquiunt,

2094 953 2194 994 nos
2222 939 2431 1008 eripere
2451 981 2466 1005 ,
2513 940 2619 994 diis
2647 943 2751 994 tuis
2782 956 2886 995 non
2918 942 3185 996 servimus
3215 958 3229 996 :
3272 942 3384 1011 jam
3413 944 3558 999 enim
3591 961 3682 1000 rc-

2094 1035 2516 1089 muneratiOnem
2565 1035 2858 1098 habemus,
2922 1050 2979 1090 ut
3030 1034 3171 1104 digiti
3225 1035 3422 1102 habiti,
3473 1039 3563 1108 qui
3617 1041 3684 1093 ab

2095 1123 2367 1194 impietate
2396 1125 2779 1191 liberaremur,
2825 1135 2881 1182 et
2920 1123 3064 1196 quod
3117 1137 3402 1196 prepterea
3452 1143 3680 1200 corpora

2094 1225 2481 1269 cremarentur.
2515 1215 2580 1269 Et
2599 1231 2694 1270 nos
2721 1216 2881 1286 igitur
2908 1215 3166 1273 habentes
3190 1217 3300 1288 jam
3335 1220 3640 1276 mercedem
3663 1262 3679 1284 ,

2095 1323 2217 1362 nam
2241 1308 2500 1362 habemus
2520 1350 2533 1373 ,
2565 1308 2710 1378 digni
2736 1308 2901 1364 habiti
2920 1311 3008 1380 qui
3032 1310 3177 1365 illum
3202 1325 3677 1381 cognosceremus,

2093 1409 2148 1454 et
2171 1402 2259 1470 qui
2291 1400 2531 1454 membra
2559 1399 2756 1456 Christi
2787 1401 3156 1466 efficeremur,
3189 1419 3256 1457 ne
3284 1403 3546 1458 faciamus
3590 1405 3676 1459 illa

2095 1493 2332 1547 membra
2363 1494 2682 1549 meretricis.
2717 1493 2770 1548 In
2798 1493 2902 1549 hoc
2930 1495 3072 1550 enim
3103 1505 3208 1550 tam
3241 1497 3509 1553 horrenda
3539 1499 3684 1555 dicto

2097 1585 2326 1639 finienda
2358 1594 2442 1640 est
2467 1587 2640 1640 oratio
2681 1603 2694 1641 :
2722 1595 2780 1641 ut
2812 1587 3044 1642 validum
3093 1587 3356 1646 habentes
3382 1595 3683 1648 commina-

2098 1678 2260 1733 tionis
2288 1679 2571 1746 timorem,
2609 1694 2918 1734 maneamus
2944 1695 3075 1735 auro
3121 1683 3364 1750 puriores
3410 1683 3514 1738 hoc
3541 1694 3683 1739 metu

2096 1768 2310 1823 redditi.
2363 1768 2454 1824 Sic
2504 1769 2647 1824 enim
2699 1770 2990 1839 poterimus
3036 1786 3066 1824 a
3114 1772 3466 1830 fornicatione
3515 1777 3685 1846 erepti

2096 1857 2367 1912 Christum
2401 1858 2584 1914 videre
2613 1877 2626 1912 :
2660 1875 2821 1930 quem
2867 1861 3070 1916 utinam
3101 1878 3222 1916 cum
3272 1864 3462 1919 fiducia
3508 1866 3688 1922 videa-

2098 1965 2216 2004 mus
2242 1950 2296 2004 in
2330 1949 2421 2002 illo
2449 1949 2565 2014 die,
2599 1952 2765 2022 gratia
2794 1961 2851 2006 et
2896 1951 3225 2024 benignitate
3268 1955 3480 2011 Domini
3514 1959 3682 2012 nostri

2095 2039 2222 2094 Jcsu
2262 2039 2498 2106 Christi,
2541 2043 2755 2114 quicum
2804 2044 2947 2099 Patri
2989 2061 3197 2117 unaque
3244 2046 3467 2118 Spiritui
3499 2059 3685 2104 sancto

2096 2132 2260 2200 gloria
2282 2172 2298 2198 ,
2332 2132 2504 2187 honor
2525 2173 2540 2199 ,
2570 2133 2873 2205 imperium,
2905 2152 3048 2193 nunc
3077 2147 3128 2192 et
3157 2151 3392 2208 semper,
3422 2149 3476 2194 et
3503 2141 3557 2194 in
3586 2157 3684 2196 sa:-

2097 2226 2211 2280 cnla
2257 2227 2597 2283 saeculorum.
2633 2228 2823 2284 Amen.

398 2441 3676 2468 ww

1776 2499 2124 2561 HOMILIA
2168 2499 2346 2562 XIX.

403 2607 531 2660 (Ἷλν.
565 2608 615 2660 7.
647 2609 779 2663 ν.’⁴Ι.
811 2607 888 2663 De
930 2608 1109 2678 quibus
1154 2615 1320 2661 autem
1364 2605 1634 2675 scripsistis
1685 2604 1850 2658 mihi:
1883 2602 1986 2656 Bo-

477 2717 596 2753 uum
634 2710 704 2755 est
747 2702 941 2756 homini
977 2701 1237 2755 mulierem
1279 2715 1380 2753 non
1425 2706 1669 2769 tangere:
1693 2696 1748 2750 2.
1782 2707 1992 2766 prapter

477 2792 866 2860 fornicationem
902 2801 1069 2846 autent
1109 2791 1452 2861 unusquisque
1477 2805 1624 2844 suam
1659 2804 1866 2843 uxorem
1894 2789 1989 2840 ha-

475 2887 606 2947 beat,
640 2892 684 2936 et
721 2898 1031 2952 unaquaque
1055 2897 1201 2936 suum
1228 2882 1409 2934 virum.

485 2977 534 3026 l.
579 2973 865 3045 Postquam
897 2972 1210 3044 gravissima
1245 2973 1341 3024 tria
1369 2971 1603 3026 correxit
1630 2971 1756 3024 vitia
1779 3012 1794 3037 ,
1825 2985 1989 3024 unum

409 3067 624 3136 quidem
651 3067 792 3138 quod
823 3067 1170 3122 divelleretur
1201 3065 1462 3129 Ecclesia,
1489 3065 1783 3120 secundum
1812 3075 1988 3120 autem

408 3159 748 3214 fornicatoris
772 3201 787 3224 ,
817 3159 1034 3214 tertium
1065 3162 1211 3212 avari
1238 3173 1252 3222 ;
1285 3155 1481 3212 deinde
1507 3157 1718 3210 mitiore
1755 3171 1881 3210 usus
1909 3164 1992 3210 est

406 3251 648 3306 oratione
677 3269 689 3305 :
733 3258 788 3306 et
817 3249 1236 3305 admonitionem
1268 3249 1658 3316 consiliumque
1701 3247 1990 3318 interponit

407 3341 474 3397 de
497 3342 841 3397 matrimonio
859 3353 920 3396 et
951 3340 1020 3396 de
1047 3340 1382 3411 virginitate,
1412 3355 1441 3394 a
1471 3338 1868 3394 molestioribus
1897 3353 1991 3392 au-

409 3437 636 3491 ditorem
665 3434 936 3505 ad'quieta
965 3432 1186 3487 ducens.
1215 3433 1269 3486 In
1297 3430 1534 3486 secunda
1560 3429 1988 3500 autem-epistola

404 3529 733 3582 contrarium
763 3526 891 3582 facit
927 3543 941 3580 :
991 3525 1178 3596 incipit
1202 3524 1345 3579 enim
1375 3539 1401 3576 a
1435 3523 1768 3586 mitioribus,
1793 3523 1991 3578 desinit

406 3630 584 3675 autem
615 3620 666 3674 in
699 3619 954 3674 tristiora.
988 3617 1239 3673 llie'vero
1268 3625 1546 3686 postquam
1575 3615 1643 3670 de
1684 3616 1990 3686 virginitate

407 3724 716 3765 sermonem
763 3709 1021 3780 perfecit,
1051 3721 1239 3762 rursus
1287 3706 1398 3760 exit
1441 3705 1506 3760 ad
1551 3721 1611 3760 ea
1655 3720 1774 3776 quae
1822 3706 1991 3775 magis

407 3809 652 3872 pungunt
680 3814 742 3854 ac
771 3799 993 3865 feriunt,
1023 3813 1128 3854 non
1160 3799 1339 3854 omnia
1357 3797 1712 3854 continenter
1742 3813 1946 3868 ponens
1969 3840 1986 3865 ,

408 3893 502 3947 sed
531 3905 836 3947 sermonem
863 3891 918 3946 in
950 3900 1178 3960 utroque
1203 3891 1414 3944 varians
1432 3931 1447 3956 ,
1478 3898 1534 3944 ut
1574 3899 1782 3958 tempus
1808 3893 1987 3960 exige-

411 3986 537 4047 liat,
588 3996 796 4037 necnon
828 3981 1169 4054 praesentium
1213 3995 1392 4034 rerum
1420 3993 1566 4033 usus.
1612 3978 1740 4034 Ideo
1764 3981 1838 4034 ait
1867 3998 1881 4034 :
1917 3979 1993 4034 De

407 4077 586 4147 quibus
619 4085 785 4129 autem
825 4074 1097 4145 scripsistis
1139 4073 1283 4127 mihi.
1325 4072 1662 4142 Scripseram
1690 4082 1866 4128 autem
1891 4074 1946 4128 ei
1971 4116 1986 4140 ,

408 4186 475 4224 an
514 4176 788 4240 oporteret
832 4169 901 4223 ab
941 4181 1107 4222 uxore
1138 4166 1406 4221 abstinere
1431 4180 1497 4219 an
1543 4180 1671 4221 non.
1720 4166 1786 4221 Et
1815 4167 1880 4222 ad
1925 4183 1988 4222 ea

409 4263 712 4318 rescribens
732 4303 746 4329 ,
787 4270 843 4316 et
869 4260 938 4316 de
969 4259 1308 4314 matrimonio
1334 4259 1502 4329 legem
1532 4258 1708 4314 ferens
1733 4301 1747 4326 ,
1781 4273 1989 4314 sermo-

412 4370 534 4409 nem
561 4355 631 4410 de
659 4355 961 4424 virginitate
988 4351 1190 4407 inducit
1223 4370 1236 4404 :
1269 4349 1466 4406 Bonum
1494 4361 1566 4405 est
1594 4352 1786 4407 homini
1812 4354 1990 4408 mulie-

405 4464 511 4499 rem
538 4464 640 4500 non
668 4456 889 4516 tangere.
923 4444 1051 4498 Nam
1079 4445 1121 4498 si
1149 4485 1164 4512 ,
1196 4443 1382 4512 inquit,
1415 4443 1557 4512 quod
1587 4443 1783 4498 bonum
1815 4455 1896 4499 est
1935 4453 1990 4499 ct

406 4535 694 4590 admodum
723 4535 988 4589 excellens
1019 4534 1214 4604 quieris
1234 4576 1247 4598 ,
1289 4534 1478 4587 melius
1505 4543 1590 4588 est
1617 4549 1735 4587 cum
1765 4535 1988 4590 muliere

409 4626 608 4679 nullam
641 4623 839 4678 habere
868 4623 1350 4686 consuetudinem;
1397 4623 1440 4675 si
1469 4622 1608 4692 quod
1656 4632 1826 4678 tutum
1859 4635 1943 4680 est
1970 4668 1985 4692 ,

404 4730 455 4772 et
485 4717 624 4788 quod
654 4717 1018 4771 infirmitatem
1062 4726 1203 4768 tuam
1232 4715 1380 4783 juvet
1405 4754 1418 4776 ,
1449 4713 1788 4768 matrimonio
1817 4725 1985 4774 utere.

408 4813 540 4878 Quia
571 4818 747 4864 autem
777 4809 1068 4862 verisimile
1097 4815 1243 4870 erat,
1273 4816 1329 4858 ut
1356 4807 1516 4859 etiam
1547 4821 1686 4859 nunc
1713 4807 1877 4869 solet,
1917 4809 1988 4861 vi-

409 4918 524 4955 rum
558 4900 695 4956 velle
720 4943 734 4966 ,
770 4899 1054 4953 mulierem
1091 4912 1218 4950 vero
1249 4910 1351 4950 non
1383 4897 1538 4960 item;
1570 4897 1650 4951 vel
1678 4906 1838 4952 etiam
1861 4911 1989 4951 con-

414 5007 493 5048 tra
517 5037 531 5060 ,
578 4994 701 5050 vide
731 4991 1001 5064 quomodo
1041 4991 1109 5045 de
1137 5000 1365 5058 utroque
1392 4988 1638 5044 disserat.
1695 4991 1759 5044 Et
1806 4991 1988 5046 dicunt

408 5087 624 5156 quidam
645 5127 659 5150 ,
691 5086 794 5140 hoc
817 5084 886 5139 ab
913 5082 1003 5138 illo
1028 5082 1227 5137 dictum
1256 5079 1623 5136 sacerdotibus
1654 5081 1814 5135 fuisse
1843 5100 1856 5136 :
1887 5098 1986 5152 ego

411 5191 546 5232 vero
571 5191 637 5230 ex
663 5176 729 5229 iis
750 5182 1170 5244 quaesequuutur
1196 5186 1309 5227 rem
1337 5171 1650 5226 examinans
1667 5213 1683 5237 ,
1711 5186 1816 5226 non
1845 5171 1988 5227 dixe-

407 5270 510 5325 rim
539 5281 651 5323 rem
678 5267 750 5319 ita
785 5280 844 5320 se
874 5265 1070 5320 habere
1095 5281 1106 5316 :
1129 5277 1306 5332 neque
1333 5262 1475 5317 enim
1517 5261 1764 5316 universe
1796 5262 1985 5317 admo-

407 5362 664 5418 nitionem
687 5358 1071 5412 constituisset.
1098 5355 1153 5411 Si
1183 5365 1361 5409 autem
1387 5353 1756 5409 sacerdotibus
1781 5364 1984 5410 tantum

405 5456 525 5510 haec
567 5448 907 5521 scripsisset,
938 5447 1160 5500 dixisset
1185 5459 1314 5498 sane
1358 5461 1372 5497 :
1420 5444 1625 5498 Bonum
1665 5454 1749 5500 est
1775 5444 1985 5500 doctori

405 5559 628 5601 uxorem
660 5557 766 5596 non
801 5551 1018 5609 tangere
1043 5552 1057 5600 ;
1086 5549 1225 5589 nunc
1252 5545 1426 5588 autem
1451 5534 1738 5589 universitn
1765 5536 1865 5588 hoc
1895 5550 1985 5604 po-

403 5639 512 5692 suit
556 5654 567 5690 :
612 5632 808 5689 Bonum
836 5641 907 5684 est
937 5628 1164 5694 homini,
1195 5625 1379 5680 dicens
1403 5667 1416 5690 ,
1447 5640 1552 5678 non
1581 5635 1782 5680 tantum
1811 5641 1985 5680 sacer—

406 5732 552 5793 doti;
600 5740 654 5785 et
699 5742 882 5783 rursus
905 5765 920 5790 ,
953 5723 1164 5776 Solutus
1203 5736 1255 5774 es
1295 5718 1357 5772 ab
1405 5718 1602 5771 uxore?
1633 5719 1737 5771 noli
1764 5734 1984 5788 querere

2098 2618 2326 2656 uxorem.
2358 2601 2472 2656 Non
2499 2602 2634 2657 dixit
2655 2645 2668 2665 ,
2703 2603 2778 2658 Tu
2808 2604 3060 2660 sacerdos
3088 2616 3141 2660 et
3165 2606 3374 2674 doctor,
3405 2611 3503 2665 sed
3533 2612 3684 2668 inde-

2099 2695 2282 2761 finite;
2327 2705 2379 2749 et
2412 2704 2552 2750 totus
2597 2697 2819 2750 omnino
2848 2712 3026 2752 sermo
3056 2699 3134 2754 sic
3173 2701 3437 2771 procedit.
3468 2703 3532 2758 Et
3565 2720 3682 2759 cum

2097 2787 2266 2854 dixit,
2305 2787 2519 2857 Propter
2545 2790 2904 2860 fornicationes
2928 2792 3270 2863 unusquisque
3306 2810 3450 2847 suam
3478 2811 3683 2850 uxorem

2098 2879 2307 2947 habeat,
2354 2895 2419 2934 ex
2466 2881 2578 2950 ipsa
2610 2881 2974 2936 concessionis
3004 2897 3164 2937 causa
3195 2883 3262 2938 ad
3293 2887 3680 2941 continentiam

2095 2971 2266 3026 duxit.
2293 2973 2346 3026 ὃ.
2384 2972 2547 3028 Uxori
2570 2975 2646 3027 vir
2668 2973 2889 3028 debitum
2913 2975 3092 3028 reddat
3114 2993 3133 3041 ;
3159 2975 3390 3032 similiter
3423 2989 3472 3032 et
3507 2981 3686 3034 mulier

2097 3063 2222 3116 viro.
2255 3063 2390 3129 Quid
2420 3073 2502 3118 est
2540 3071 2717 3119 autem
2745 3064 2956 3120 debitus
2987 3066 3202 3120 honor?
3233 3067 3422 3124 Mulier
3449 3085 3560 3124 non
3589 3070 3685 3124 ha.

2100 3155 2186 3209 bet
2213 3165 2528 3225 potestatem
2556 3157 2638 3211 sui
2665 3159 2926 3227 corporis,
2957 3157 3050 3213 sed
3088 3170 3142 3213 et
3167 3160 3358 3214 ancilla
3386 3169 3442 3215 et
3466 3161 3683 3217 domina

2098 3247 2196 3300 viri
2227 3255 2328 3300 est.
2362 3247 2417 3302 Si
2454 3247 2718 3303 defeceris
2757 3249 2824 3304 ab
2853 3265 2912 3304 ea
2945 3266 3064 3320 quae
3101 3253 3353 3307 convenit
3381 3257 3644 3311 servitute
3665 3298 3682 3320 .

2101 3337 2262 3392 Deum
2293 3338 2560 3395 offendis:
2593 3341 2638 3394 si
2663 3349 2840 3395 autem
2865 3341 3159 3398 abscedere
3189 3342 3298 3408 vis,
3322 3359 3444 3400 cum
3474 3346 3558 3401 vir
3584 3346 3684 3404 hoc

2097 3430 2398 3499 permiserit
2421 3473 2435 3498 ,
2481 3432 2668 3486 saltem
2698 3431 2761 3486 ad
2793 3433 2954 3488 breve
2982 3443 3189 3504 tempus
3234 3434 3347 3491 ﬂat.
3391 3437 3682 3509 Propterea

2096 3530 2150 3577 et
2177 3521 2411 3578 debitam
2457 3540 2568 3580 rem
2610 3527 2855 3592 vocavit,
2887 3535 2948 3581 ut
2989 3527 3300 3584 ostenderet
3327 3530 3531 3588 nullum
3565 3548 3684 3588 esse

2096 3613 2177 3666 sui
2203 3612 2498 3680 dominum,
2521 3615 2614 3670 sed
2643 3630 2762 3671 esse
2789 3617 3013 3672 alterum
3038 3619 3260 3675 alterius
3284 3636 3522 3679 servum.
3546 3625 3679 3680 Cum

2097 3719 2228 3775 ergo
2258 3707 2456 3761 videris
2481 3710 2817 3764 meretricem
2853 3719 2906 3766 te
2925 3710 2995 3765 ad
3027 3721 3302 3780 peccatum
3331 3715 3680 3784 allicientem,

2097 3793 2184 3849 dic
2215 3813 2228 3848 :
2255 3795 2370 3851 Non
2399 3805 2484 3850 est
2513 3813 2689 3851 meum
2719 3813 2947 3869 corpus,
2980 3802 3075 3856 sed
3105 3804 3307 3860 uxoris.
3350 3805 3553 3863 Eadem
3598 3810 3679 3864 di-

2096 3895 2184 3939 cat
2213 3901 2348 3940 uxor
2370 3887 2500 3953 illis,
2523 3888 2614 3956 qui
2649 3890 2947 3944 castitatem
2978 3905 3128 3946 suam
3158 3893 3361 3949 violare
3388 3906 3638 3968 satagunt
3665 3919 3679 3954 :

2097 3978 2306 4048 Corpus
2337 3995 2513 4033 meum
2541 3995 2646 4034 non
2675 3990 2758 4035 est
2801 3997 2975 4038 meum
2997 4025 3013 4051 ,
3057 3985 3150 4038 sed
3182 3987 3298 4040 viri.
3340 3987 3395 4044 Si
3423 4005 3555 4046 vero
3584 4007 3680 4048 nec

2095 4069 2322 4123 maritus
2349 4085 2450 4124 nec
2479 4086 2612 4125 uxor
2642 4082 2956 4141 potestatem
2982 4076 3223 4145 corporis
3251 4077 3472 4145 habent,
3512 4084 3681 4137 multo

2097 4159 2272 4214 minus
2314 4161 2678 4230 pecuniarum.
2717 4163 2913 4220 Audite
2940 4181 3287 4239 qnmcnmque
3329 4173 3549 4228 maritos
3585 4174 3681 4228 ha-

2095 4249 2255 4318 betis,
2275 4261 2329 4306 et
2353 4253 2673 4324 quicumque
2705 4270 2918 4310 uxores.
2953 4256 3008 4311 Si
3037 4259 3180 4312 enim
3205 4273 3406 4331 corpus
3431 4263 3532 4316 sibi
3559 4278 3680 4333 pro-

2097 4344 2270 4410 prium
2321 4343 2521 4399 habere
2575 4360 2684 4400 non
2733 4345 2904 4413 licet,
2954 4348 3124 4402 multo
3172 4351 3348 4404 minus
3398 4356 3675 4420 pecunias.

2095 4436 2234 4491 Alibi
2281 4452 2410 4492 sane
2456 4453 2703 4508 magnam
2734 4438 2825 4493 dat
2865 4440 3057 4495 marito
3090 4443 3497 4512 praerogativam
3525 4455 3574 4499 et
3624 4447 3677 4501 in

2095 4525 2244 4580 Novo
2269 4539 2321 4580 et
2353 4528 2403 4580 in
2433 4527 2608 4584 Veteri
2637 4528 2980 4584 Testamento
3000 4530 3184 4586 dicens
3203 4573 3218 4598 ,
3246 4533 3324 4586 Ad
3344 4534 3507 4588 virum
3540 4546 3678 4590 tum

2096 4621 2353 4673 conversio
2384 4631 2468 4673 tua
2490 4663 2504 4688 ,
2532 4632 2578 4675 et
2607 4623 2717 4691 ipse
2745 4623 2832 4676 tibi
2871 4622 3217 4678 dominabitur
3241 4625 3259 4695 (
3283 4623 3408 4680 Cen.
3440 4628 3496 4682 3.
3525 4629 3595 4683 16
3617 4629 3636 4698 )
3661 4647 3675 4693 ;

2098 4711 2292 4765 Paulus
2321 4722 2498 4766 autem
2527 4714 2605 4768 sic
2644 4713 2888 4769 dividens
2917 4724 2970 4768 et
2994 4715 3234 4770 scribens
3273 4733 3286 4768 :
3326 4716 3452 4783 Viri,
3483 4719 3680 4791 diligite

2095 4818 2281 4856 uxores
2303 4818 2320 4865 ,'
2343 4819 2473 4856 uxor
2509 4815 2675 4859 autem
2705 4807 2875 4859 timeat
2904 4807 3066 4860 virum
3093 4807 3312 4879 (Ephcs.
3340 4809 3395 4864 5.
3423 4811 3520 4880 25)
3548 4831 3560 4866 :
3595 4813 3680 4868 hic

2095 4909 2224 4949 vero
2253 4908 2358 4948 non
2403 4895 2537 4948 ultra
2583 4897 2756 4965 majus
2785 4907 2876 4952 aut
2919 4899 3094 4953 minus
3141 4902 3322 4968 ponit,
3370 4902 3466 4957 sed
3514 4919 3676 4958 unam

2095 4994 2434 5054 potestatem.
2487 4986 2709 5054 Quare?
2751 4986 2884 5054 Quia
2931 4988 2999 5043 de
3046 4992 3291 5047 castitate
3338 5009 3518 5048 sermo
3577 4997 3677 5064 ipsi

2093 5086 2226 5131 erat.
2275 5075 2330 5130 In
2375 5076 2496 5132 aliis
2521 5077 2734 5146 quidem
2764 5079 3202 5148 prterogativam,
3237 5081 3446 5152 inquit,
3481 5082 3676 5139 habeat

2095 5169 2316 5224 maritus
2341 5187 2352 5221 :
2381 5169 2466 5223 ubi
2493 5178 2670 5224 autem
2697 5168 2766 5224 de
2787 5170 3110 5225 continentia
3136 5173 3311 5243 agitur
3329 5214 3343 5233 .
3374 5189 3480 5229 non
3521 5176 3672 5231 item.

2105 5259 2192 5313 i’ir
2238 5270 2530 5331 potestatem
2565 5259 2645 5313 sui
2691 5262 2918 5330 corporis
2957 5278 3057 5316 non
3099 5263 3268 5330 habet,
3310 5279 3476 5333 neque
3518 5285 3672 5323 sta-or.

2093 5353 2253 5409 Multa
2281 5362 2364 5408 est
2399 5354 2674 5422 tequalitas
2698 5394 2712 5417 ,
2743 5364 2796 5408 et
2841 5354 2984 5408 nulla
3019 5356 3390 5425 prterngativa.

2156 5440 2686 5514 Canjngiijura.-—5.
2700 5443 2874 5498 Nolite
2898 5447 3142 5516 fraudare
3164 5447 3398 5513 inuicem,
3412 5450 3511 5502 nisi
3543 5451 3678 5518 fort:

2091 5553 2154 5588 ex
2183 5550 2447 5587 consensu.
2479 5533 2617 5599 Quid
2661 5534 2762 5590 hoc
2791 5538 2916 5590 est?
2941 5535 3018 5590 Ne
3045 5551 3104 5590 se
3146 5539 3437 5604 contineat,
3475 5539 3674 5610 inquit,

2093 5640 2226 5680 uxor
2255 5624 2448 5677 marito
2489 5627 2707 5680 nolente
2731 5667 2745 5690 ,
2779 5642 2950 5696 neque
2999 5627 3223 5683 maritus
3267 5629 3432 5684 invita
3476 5644 3673 5688 uxore.

2090 5717 2298 5783 Quare?
2324 5715 2454 5783 Quia
2484 5731 2670 5787 magna
2688 5731 2750 5772 ex
2778 5717 2863 5774 tali
2888 5718 3211 5774 continentia
3235 5721 3476 5775 oriuntur
3505 5728 3671 5774 mata:
