3986 6202
415 304 520 358 1355

408 416 902 492 ραμυϐίαςλταῦτης
930 423 1332 496 ἀποστερήσῃς.
1363 423 1473 478 Καὶ
1510 425 1690 489 καλῶς
1719 421 1860 492 εἷπε,
1889 425 1987 494 Μὴ

405 503 810 571 ἀποστερεῖτε,
833 506 1200 579 ἀποστέρησιν
1226 509 1461 564 ἐνταῦθα
1486 512 1580 565 καὶ
1601 510 1820 583 ὀφειλὴν
1850 513 1986 566 ἀνω-

406 587 549 657 τέρω
573 586 740 641 εἰπὼν
775 600 825 655 ⁸,
851 590 937 643 ἵνα
958 591 1106 664 δείξῃ
1124 594 1220 664 τῆς
1242 594 1559 660 δεσποτείας
1590 597 1688 667 τὴν
1716 597 1984 652 ἐπίτασιν.

407 672 479 726 Τὸ
529 674 639 745 γὰρ
700 674 926 740 ἄκοντος
977 677 1206 751 θατέρου
1269 682 1694 753 ἐγκρατεύεσθαι
1737 684 1986 755 θάτερον,

402 761 726 834 ἀποστερεῖν
759 766 899 818 ἐστι⁹
937 766 998 819 τὸ
1032 766 1091 821 δέ
1148 768 1382 833 ἑκόντος,
1419 770 1621 825 οὐκέτι.
1688 772 1822 826 Οὐδὲ
1855 774 1985 845 γάρ,

400 851 452 903 εἰ
472 849 661 914 πείσας
685 868 754 922 με
779 852 965 918 λάϐοις
985 872 1038 908 τι
1065 855 1173 908 τῶν
1194 854 1363 926 ἐμῶν,
1387 858 1804 930 ἀποστερεῖσθαι(
1822 879 1894 931 φη
1904 879 1986 933 μι.

414 937 473 989 '0
505 937 614 1008 7&9
638 940 862 1005 ἄκοντος
892 942 986 996 καὶ
1040 940 1363 1013 βιαζομένου
1418 943 1617 1010 λαϐὼν,
1672 948 1983 1019 ἀποστερεῖ·

399 1020 538 1092 ὅπερ
564 1022 777 1077 ποιοῦσι
812 1024 1003 1078 πολλαὶ
1029 1026 1301 1095 γυναῖκες,
1341 1029 1561 1099 μείζονα
1590 1031 1687 1102 τῆς
1710 1030 1986 1086 δικαιοσύ-

401 1121 499 1173 νης
528 1104 804 1176 ἁμαρτίαν
837 1107 1225 1181 ἐργαζόμεναι,
1282 1112 1377 1165 καί¹
1420 1112 1520 1183 τῆς
1550 1114 1837 1184 ἀσελγείας
1890 1118 1984 1171 τοῦ

401 1185 597 1256 ἀνδρὸς
646 1188 940 1244 ὑπεύθυνοι
991 1192 1272 1264 γινόμεναι
1332 1194 1527 1271 ταύτῃ,
1560 1199 1654 1251 καὶ
1679 1198 1984 1254 διασπῶσαι

402 1269 598 1353 πάντα.
629 1273 787 1326 Δεῖδέ
812 1273 1030 1329 πάντων
1060 1280 1331 1350 προτιμᾷν
1362 1281 1460 1350 τὴν
1478 1269 1766 1352 ήόμόνοιαν,
1796 1285 1983 1353 ἐπειδὴ

401 1351 495 1403 καὶ
518 1354 734 1408 πάντων
770 1357 929 1412 τοῦτο
957 1359 1306 1433 κυριώτερον,
1345 1364 1440 1418 καὶ
1464 1351 1740 1435 εἰνβούλει,
1768 1369 1862 1421 καὶ
1890 1368 1982 1421 ἐπί

400 1434 508 1522 τῶν
540 1438 881 1522 πραγμάτων
929 1443 1061 1496 αὐτὸ
1102 1445 1466 1517 ἐξετάσωμεν.
1511 1434 1691 1502 Ἔστω
1717 1453 1825 1521 γὰρ
1846 1452 1981 1522 γυνὴ

400 1520 493 1605 καί
528 1521 686 1605 ἀνὴρ,
718 1523 810 1576 καὶ
841 1525 1261 1605 ἐγκρατευέσθω
1304 1532 1337 1602 ἡ
1386 1532 1522 1603 γυνὴ
1548 1533 1622 1604 μὴ
1655 1520 1982 1605 βουλομένου

398 1601 493 1654 τοῦ
516 1603 725 1693 ἀνδρός·
743 1607 811 1693 τί
831 1604 947 1673 οὖν,
973 1609 1038 1663 ἄν
1058 1613 1263 1676 ἐκεῖνος
1287 1601 1877 1691 ἐντεῦθεν-πορνεόῃζῆ
1907 1623 1982 1693 μὴ

398 1687 633 1777 πορνεύῃ
698 1691 816 1760 μὲν,
851 1694 987 1765 ἀλγῇ
1035 1696 1091 1747 δὲ
1127 1699 1219 1749 καὶ
1271 1697 1564 1771 Θορυϐἦται
1606 1687 1696 1756 καὶ
1730 1687 1976 1777 πῦρῶταί

397 1772 491 1823 καὶ
525 1776 816 1860 μάχηται,
874 1778 969 1830 καὶ
1036 1781 1203 1850 μυρία
1254 1786 1317 1853 τῇ
1391 1788 1607 1853 γυναικὶ
1670 1772 1970 1860 πράγματα

397 1855 643 1947 παρέχῃς
675 1859 723 1947 τί
758 1859 818 1912 τὸ
844 1860 1035 1947 κέρδος
1062 1864 1163 1934 τῆς
1204 1869 1454 1936 νηστείας
1485 1872 1580 1924 καὶ
1635 1855 1736 1942 τῆς
1762 1855 1965 1947 ἐγκρα-

395 1935 563 2028 ⁸τείας,
599 1939 817 2028 ἀγάπης
855 1935 1293 2020 διερρηγμένηςς
1325 1951 1512 2006 Οὐδέν.
1546 1935 1726 2019 Πόσα-ς
1740 1935 1968 2028 γάρ’ἐν-

396 2018 486 2113 θεν
512 2018 798 2113 λοιδορίας,
836 2028 977 2082 πόσα
1031 2018 1350 2104 πράγματα,
1393 2037 1558 2091 πόσον
1585 2018 1798 2113 ἀνάγκη
1818 2018 1973 2111 ’γίνε-

397 2102 521 2156 σθαι
556 2105 790 2177 πόλεμον
812 2127 826 2174 ;

465 2218 533 2290 β’.
562 2221 732 2310 ᾬταν
755 2222 863 2310 γὰρ
892 2225 950 2276 ἐν
980 2226 1127 2298 οἰκίᾳ
1155 2229 1295 2301 ἀνὴρ
1340 2232 1433 2286 καὶ
1468 2235 1603 2306 γυνὴ
1634 2237 1976 2310 διεστηκότες

386 2296 548 2390 ὦσιν,
571 2304 719 2358 οὐδὲν
761 2306 890 2390 νηὸς
932 2296 1338 2384 χειμαζομένης
1376 2296 1603 2387 ἀμείνωὶ
1622 2321 1654 2390 ή
1683 2296 1829 2377 οἰκίά
1861 2296 1977 2378 διαἰ

390 2386 666 2452 κείσεται,
700 2387 795 2441 τοῦ
848 2391 1183 2464 κυϐερνήτου
1218 2396 1355 2467 πρὸς
1387 2386 1478 2453 τὸν
1507 2386 1732 2474 πρωρέα
1758 2405 1975 2461 διαστα-

395 2468 694 2534 σιάζοντος.
725 2472 826 2525 Διιά
870 2473 1027 2528 τοῦτό
1058 2493 1213 2549 φησι·
1244 2480 1341 2550 Μὴ
1379 2468 1764 2555 ἀποστερεῖτε
1788 2488 1978 2557 ἀλλή-

388 2561 560 2624 λους,
576 2560 634 2643 εί
652 2560 738 2629 μή
761 2578 814 2613 τι
839 2561 918 2615 ἂν
942 2563 1010 2617 ἐκ
1040 2566 1373 2636 συμφώνου
1405 2573 1557 2640 πρὸς
1598 2577 1829 2643 καιρὸν,
1876 2578 1976 2633 ἵνα

389 2640 723 2730 σχολάζητε
747 2643 824 2730 τῇ
846 2649 1107 2730 νηστείᾳ
1126 2649 1223 2704 καί
1250 2650 1326 2720 τῇ
1350 2656 1665 2726 προσευχῇ
1673 2640 1823 2730 ίτὴνή
1836 2664 1975 2730 μετὰ

387 2725 632 2814 πλείονος
666 2728 907 2814 σπουδῆς
936 2733 1250 2814 προσευχὴν
1279 2736 1511 2792 ἐνταῦθα
1540 2740 1734 2810 λέγων.
1770 2725 1975 2814 Ὲίγάρ

386 2807 588 2893 κωλύει
635 2810 765 2875 τοὺς
803 2812 1085 2880 συνιόντας
1120 2817 1372 2888 ἀλλήλοις
1404 2807 1679 2893 εὔχεσθαι,
1709 2825 1771 2879 τὸ
1821 2807 1974 2882 ἀδιαί

384 2890 622 2960 λείπτως
642 2894 899 2966 εὔχεσθαι
933 2898 1051 2963 πῶς
1081 2901 1148 2955 ἂν
1180 2902 1294 2974 ἔχοι
1321 2890 1542 2977 καιρόν;
1610 2911 1771 2966 Ἐστι
1793 2913 1974 2968 τοίνυν

385 2977 484 3065 καὶ
558 2979 766 3065 ὁμιλεῖν
817 2985 1075 3065 γυναικὶ,
1152 2986 1249 3040 καὶ
1288 2989 1421 3060 εὐχῇ
1488 2994 1798 3065 προσέχειν·
1854 2997 1971 3052 ἀλλ’

389 3062 683 3150 ἐγκρατεία
729 3064 1097 3150 ἀκριϐεστέρα
1143 3069 1352 3134 γίνεται
1387 3062 1547 3144 αὕτη.
1586 3062 1791 3150 Otii-7&9
1821 3077 1973 3135 εἶπεν

389 3144 595 3212 ἁπλῶς,
623 3148 740 3202 Ἵνα
763 3149 1170 3221 προσεύχησθε,
1191 3153 1328 3220 ἀλλ’,
1359 3156 1494 3211 Ἵνα
1521 3144 1875 3231 σχολάζητε,
1897 3166 1973 3231 ώς

388 3242 643 3313 ἀσχολίαν
670 3245 1024 3315 ἐμποιοῦντος
1061 3247 1157 3301 τοῦ
1200 3251 1543 3321 πράγματος,
1575 3255 1691 3309 ἀλλ’
1711 3259 1810 3313 οὐκ
1834 3261 1972 3316 ἀκα-

388 3327 636 3398 θαρσίαν.
671 3328 779 3382 Καὶ
810 3329 998 3384 πάλιν
1029 3331 1126 3385 ἐπὶ
1157 3332 1222 3387 τὸ
1261 3335 1409 3389 αὐτὸ
1441 3338 1834 3410 συνέρχεσθε,
1872 3345 1974 3399 ἵνα

387 3410 735 3501 μὴῄπεῇιράζῃ
760 3412 913 3501 ὐμᾷς
943 3417 977 3469 ό
1015 3415 1305 3484 Σατανᾶς.
1339 3418 1456 3473 Ἷνα
1488 3421 1598 3494 7&9
1631 3425 1705 3496 μὴ
1731 3425 1855 3501 δόξῃ
1885 3446 1972 3481 νο-

387 3493 642 3579 μοθεσίας
668 3492 804 3550 εἶναι
834 3496 896 3551 τὸ
923 3501 1175 3570 πρᾶγμα,
1196 3501 1518 3574 προστίθησι
1534 3492 1748 3579 καίτὴν
1768 3492 1966 3565 αἰτίαν.

384 3578 518 3631 Ποία
537 3579 594 3633 δέ
623 3581 772 3635 ἐστιν
803 3580 977 3653 αὕτ.η;
1014 3584 1147 3636 Ἵνα
1165 3585 1255 3653 μὴ
1292 3586 1532 3657 πειράζῃ
1550 3578 1756 3660 ὑμᾶςό
1776 3597 1967 3650 Eata-

381 3661 649 3750 régtﬁal
677 3665 763 3750 ῖνα
796 3666 975 3750 μάθῃς
1020 3668 1103 3721 ὅτι
1161 3670 1259 3739 οὐχ
1296 3672 1325 3723 6
1367 3670 1613 3739 διάϐολος
1641 3677 1774 3731 αὐτὸ
1809 3680 1971 3750 μόνον

382 3745 677 3816 ἐργάζεται
704 3746 888 3832 τὸτῆς
928 3751 1194 3820 μοιχείας,
1226 3753 1495 3823 ἐπήγαγε·
1532 3759 1637 3813 Διά
1665 3759 1780 3828 τὴν
1797 3745 1969 3832 ἀκρα.

382 3832 529 3886 σίαν
560 3833 746 3901 ὑμῶν.
802 3831 988 3886 Τοῦτο
1032 3833 1101 3886 δὲ
1126 3835 1283 3904 λέγω
1304 3842 1457 3892 κατὰ
1477 3843 1863 3914 συγγνώμην,
1893 3850 1965 3902 οὐ

383 3917 508 3969 κατ’
533 3914 843 3984 ἐπιταγήν.
862 3915 1023 3970 Θέλω
1047 3917 1155 3985 γὰρ
1171 3919 1401 3986 πάντας
1419 3921 1769 3992 ἀνθρώπους
1788 3924 1961 3995 εἶναι,

380 3999 461 4064 ὡς
493 3998 591 4053 καί
614 3997 894 4068 ἐμαυτὸν,
922 3997 1074 4071 [161]
1121 4000 1192 4053 έν
1215 4001 1542 4072 ἐγκρατείᾳ.
1580 4006 1751 4061 Τοῦτο
1773 4011 1964 4066 πολλα-

380 4081 477 4152 χοῦ
505 4083 666 4147 ποιεῦ,
695 4082 823 4135 ὅταν
847 4083 975 4153 περί
1004 4082 1277 4138 δυσκόλων
1313 4090 1572 4158 παραινεῖ
1599 4092 1957 4162 πραγμάτων·

380 4163 569 4218 ἐαυτὸν
616 4164 675 4219 ἐν
721 4165 872 4238 μέσῳ
920 4165 1122 4238 τίθησι,
1169 4167 1262 4221 καί
1324 4186 1479 4240 φησι·
1538 4174 1802 4243 Μιμηταί
1842 4196 1964 4246 μου

377 4251 638 4319 γίνεσθε.
679 4250 844 4305 Ἀλλ’
875 4250 1134 4318 ἕκαστος
1158 4252 1224 4305 τὸ
1251 4252 1410 4308 ἴδιον
1452 4254 1718 4328 χάρισμα
1739 4260 1866 4331 ἔχει
1895 4263 1964 4319 ἐκ

379 4334 549 4397 Θεοῦ,
571 4335 638 4401 ὃς
656 4334 776 4407 μὲν
799 4336 1009 4403 οὕτως,
1035 4336 1103 4403 ὃς
1130 4336 1201 4390 δὲ
1216 4338 1422 4405 οὓτως.
1462 4341 1679 4415 Ἐπειδὴ
1708 4344 1817 4416 γὰρ
1838 4348 1966 4417 σφό-

374 4417 479 4490 δρα
503 4418 682 4472 αὐτῶν
709 4422 1093 4491 κατηγόρησεν
1119 4419 1310 4484 εἰπὼν,
1359 4423 1463 4477 Διά
1504 4424 1618 4495 τὴν
1662 4427 1964 4495 ἀκρασίαν

376 4499 545 4579 ὑμῶν
568 4541 582 4564 ,
638 4502 800 4555 πάλιν
852 4504 1051 4566 αὐτοὺς
1134 4505 1565 4576 παρεμυθήσατο
1642 4512 1957 4582 ἐπαγαγών·

378 4572 680 4649 Ἕκαστος
711 4584 867 4637 ἴδιον
904 4584 1170 4656 χάρισμα
1218 4572 1345 4656 ἔχει
1387 4572 1458 4641 ἐκ
1504 4591 1677 4644 Θεοῦ·
1708 4572 1776 4648 οδ
1804 4572 1963 4650 τοῦτο

375 4666 574 4740 δηλῶν,
610 4668 692 4720 ὅτι
726 4669 825 4739 τῆς
856 4671 1133 4741 ἡμετέρας
1175 4671 1414 4742 σπουδῆς
1443 4673 1504 4725 οὐ
1526 4673 1698 4730 δεῖται
1742 4678 1805 4731 τὸ
1827 4697 1957 4735 κατ-

374 4751 636 4820 όρθωμα,
676 4751 790 4803 ἀλλ’
838 4752 975 4825 ὅπερ
1013 4752 1185 4825 ἔφθην
1218 4753 1412 4818 εἰπὼν,
1466 4758 1961 4832 παραμυθούμενος

375 4833 594 4899 αὐτούς.
648 4835 711 4888 Εἰ
743 4834 849 4905 7&9
880 4837 1124 4906 χάρισμά
1172 4841 1311 4904 ἐστι,
1353 4840 1446 4894 καί
1489 4841 1641 4896 οὐδὲν
1673 4844 1960 4916 ἄνθρωπος

375 4919 455 4982 εἰς
487 4917 646 4975 τοῦτο
674 4920 940 4991 εἰσφέρει,
965 4920 1084 4987 πῶς
1116 4924 1370 4993 ἐπάγεις·
1393 4925 1556 4997 Λέγω
1584 4926 1653 4981 δὲ
1676 4930 1799 4997 τοῖς
1818 4932 1960 5003 ἀγά-

373 5019 508 5071 μοις
538 5004 634 5058 καί
667 5003 797 5070 ταῖς
829 5002 1060 5072 χήραις·
1087 5005 1280 5061 καλὸν
1297 5009 1528 5075 αὑταῖς,
1545 5009 1655 5065 ἐὰν
1667 5002 1961 5082 μείνωσιν

376 5085 456 5150 ὡς
485 5087 662 5166 κάγώ.
693 5090 763 5142 El
792 5087 859 5140 δὲ
897 5090 1006 5143 οὐκ
1080 5090 1556 5160 ἐγκρατεύονται,
1612 5098 1959 5166 γαμησάτω-

377 5185 533 5231 car;
561 5165 713 5254 Εξδες
755 5173 853 5239 τὴν
906 5173 1121 5227 σύνεσιν
1152 5174 1247 5228 τοῦ
1286 5176 1525 5244 Παύλου,
1717 5165 1811 5236 καὶ
1837 5184 1953 5254 βελ-

375 5251 528 5304 τίονα
555 5240 793 5305 δείκνυσι
824 5254 921 5325 τὴν
978 5257 1341 5329 ἐγκράτειαν,
1382 5262 1477 5315 καὶ
1515 5262 1616 5317 οὐκ
1657 5240 1957 5335 ἀναγκάζει

375 5337 466 5388 τὸν
491 5334 565 5407 μὴ
604 5333 902 5421 φθάνοντα,
926 5336 1181 5405 δεδοικὼς
1218 5343 1291 5411 μή
1331 5360 1384 5397 τι
1413 5333 1955 5421 παράπτωματγένη-

374 5435 495 5483 ταις
530 5417 811 5485 Ιῴεῖττον
832 5418 942 5487 γάρ
975 5421 1106 5475 ἐστι
1155 5423 1444 5493 γαμῆσαι,
1592 5417 1951 5497 πυροῦσθαι.

385 5504 676 5572 Ἐνέφηνεν
701 5501 800 5571 ὅση
828 5502 923 5572 τῆς
944 5503 1245 5574 ἐπιθυμίας
1273 5509 1675 5578 ήτυραννίς.’0
1697 5514 1753 5566 δὲ
1784 5514 1953 5584 λέγει,

373 5588 612 5669 τοιοῦτόν
642 5588 810 5641 ἐστιν·
848 5589 908 5641 El
940 5586 1140 5662 πολλὴν
1174 5590 1466 5662 ὑπομένεις
1494 5593 1636 5664 βίαν,
1668 5599 1826 5669 φησὶ.
1861 5601 1955 5653 καὶ

375 5668 641 5738 πύρωσιν,
663 5670 1009 5742 ἀπαλλάγηθι
1036 5673 1213 5727 πόνων
1233 5675 1326 5730 καὶ
1350 5674 1610 5745 ἱδρώτων,
1638 5681 1712 5750 μή
1721 5668 1847 5735 ποτε
1862 5684 1955 5735 καὶ

438 5824 462 5849 ⁸
490 5822 661 5872 Περι-αι
685 5825 844 5875 εἰπών.

1120 306 1179 361 S.
1223 306 1504 362 JOANNIS
1543 306 2024 364 CHRYSOSTOMI
2067 308 2395 368 ARCHIEP.
2440 308 2991 368 CONSTANTINOP.

3582 311 3678 371 I51

2098 435 2459 505 περιτραπῇς.
2472 436 2599 501 Τοῖς
2627 433 2696 486 δὲ
2726 426 3091 502 γεγαμηκόσι
3124 426 3539 499 παραγγέλλω,
3570 430 3677 486 οὐκ

2097 512 2232 579 ἐγὼ,
2255 516 2393 570 ἀλλ’
2432 519 2464 571 ὁ
2491 517 2722 585 Κύριος.
2773 511 2991 582 Ἐπειδὴ
3026 512 3190 583 νόμον
3220 510 3402 583 ῥητῶς
3453 510 3561 565 ὑπὸ
3586 511 3675 567 τοῦ

2095 596 2334 668 Χριστοῦ
2364 600 2587 654 τεθέντα
2617 598 2799 671 μέλλει
2822 595 3218 665 ἀναγινώσκειν
3237 595 3364 666 περὶ
3389 594 3482 648 τοῦ
3512 596 3673 665 χωρὶς

2097 683 2354 751 πορνείας
2390 683 2466 754 μὴ
2497 684 2715 754 ἀφιέναι
2738 683 2994 751 γυναῖκα,
3025 679 3113 733 διά
3161 679 3317 733 τοῦτό
3344 694 3530 750 φησιν·
3555 682 3672 735 οὐκ

2093 764 2224 831 ἐγώ·
2260 765 2329 819 τά
2352 768 2452 837 μὲν
2481 768 2591 839 7&9
2615 766 2880 838 εἰρημένα
2910 761 3238 835 ἔμπροσθεν,
3269 761 3435 816 εἶκαὶ
3469 762 3543 833 μὴ
3581 763 3669 835 ρη·

2089 847 2197 912 τῶς
2227 848 2434 921 εἴρητο,
2468 851 2601 905 ἀλλὰ
2636 851 2735 905 καὶ
2763 848 2911 919 αὐτῷ
2937 848 3088 901 δοκεῖ
3116 846 3312 901 ταῦτα·
3359 845 3522 900 τοῦτο
3552 847 3672 918 μιν·

2091 957 2171 993 τοι
2193 942 2285 995 καί
2313 942 2493 1012 ῥητῶς
2534 943 2873 1014 παρέδωκεν.
2911 940 3072 993 Ὥστε
3103 938 3183 1005 τὸ,
3225 936 3395 1009 Ἐγὼ,
3448 937 3543 991 καὶ
3589 938 3667 1004 τὸ,

2092 1025 2214 1078 Οὐκ
2230 1024 2364 1094 ἐγὼ,
2388 1025 2591 1098 ταύτην
2615 1026 2726 1097 ἔχει
2763 1026 2862 1098 τὴν
2895 1022 3184 1095 διαφοράν.
3243 1022 3364 1077 Ἵνα
3393 1022 3504 1094 γὰρ
3539 1022 3670 1094 μηδι

2086 1105 2156 1160 τὰ
2191 1109 2354 1162 αὑτοῦ
2384 1109 2696 1182 ἀνθρώπινα
2726 1107 2863 1164 εῖναι
2882 1107 3130 1179 νομίσῃς,
3160 1104 3249 1159 διά
3278 1104 3439 1160 τοῦτο
3458 1108 3669 1177 ἐπήγα-

2086 1206 2201 1259 γεν·
2238 1190 2399 1246 Δοκῶ
2425 1193 2535 1263 γὰρ
2559 1194 2720 1265 κάγὼ
2751 1192 2992 1260 Πνεῦμα
3043 1189 3190 1245 Θεοῦ
3219 1190 3407 1259 ἔχειν.
3465 1188 3530 1242 Τί
3578 1184 3668 1244 οὖν

2086 1272 2256 1340 ἐστιν,
2318 1274 2347 1328 δ
2385 1279 2499 1340 τοῖς
2551 1277 2896 1347 γεγαμηκόσι
2949 1273 3320 1347 παρήγγειλεν
3373 1273 3403 1325 6
3441 1272 3665 1345 Κύριος,

2085 1357 2355 1414 Γυναῖκα
2375 1358 2493 1413 ἀπὸ
2542 1359 2762 1428 ἀνδρὸς
2789 1358 2876 1429 μὴ
2923 1356 3287 1428 χωρισθῆναι
3308 1371 3326 1420 ;
3351 1355 3462 1410 ἐὰν
3478 1355 3547 1409 δὲ
3570 1354 3665 1410 καὶ

2085 1440 2372 1511 χωρισθῇ,
2395 1442 2619 1512 μενέτω
2647 1443 2890 1514 ἄγαμος,
2914 1442 2952 1510 ἢ
2983 1439 3062 1506 τῷ
3090 1440 3263 1509 ἀνδρί
3289 1438 3667 1510 καταλλαγή-

2085 1539 2184 1576 τω·
2223 1524 2319 1579 καὶ
2352 1524 2541 1596 ἄνδρα
2578 1527 2831 1596 γυναῖκα
2849 1525 2936 1596 μὴ
2973 1525 3254 1595 ἀφιέναι;
3303 1523 3524 1595 Ἐπειδὴ
3558 1524 3664 1594 7&9

2087 1604 2179 1659 καὶ
2202 1605 2271 1659 δι’
2303 1609 2630 1681 ἐγκράτειαν
2655 1609 2749 1662 καὶ
2781 1609 2846 1662 δι’
2874 1609 3038 1672 ἄλλας
3090 1607 3386 1679 προφάσεις
3414 1608 3510 1661 καὶ
3574 1626 3663 1678 μι-

2086 1688 2386 1762 κροψυχίας
2418 1692 2663 1760 γίνεσθαι
2683 1692 2977 1763 διαιρέσεις
3003 1690 3306 1755 συνέϐαινε,
3328 1689 3538 1760 βέλτιον
3568 1690 3664 1761 μὲν

2088 1773 2223 1845 μηδὲ
2251 1774 2506 1843 γενέσθαι
2543 1776 2643 1845 τήν
2669 1774 2863 1847 ἀρχὴν,
2918 1774 3104 1845 φησίν·
3137 1774 3185 1826 εἰ
3215 1771 3272 1826 δέ
3309 1773 3419 1844 ἄρα
3450 1773 3547 1827 καὶ
3577 1773 3664 1839 γέ-

2084 1873 2247 1921 νοιτο,
2282 1857 2490 1927 μενέτω
2515 1859 2548 1930 ή
2579 1858 2716 1930 γυνὴ
2742 1858 2883 1929 μετὰ
2904 1857 2998 1911 τοῦ
3029 1856 3243 1927 ἀνδρὸς,
3283 1857 3446 1909 εἰκαὶ
3480 1855 3557 1925 μὴ
3597 1856 3661 1927 τῇ

2086 1937 2252 2006 μίξει,
2281 1939 2421 1993 ἀλλά
2451 1939 2529 2009 τῷ
2562 1941 2765 2012 μηδένα
2802 1940 2989 2012 ἕτερον
3019 1940 3452 2010 παρεισαγαγεῖν
3473 1937 3660 2009 ἄνδρα.

2087 2021 2221 2090 Τοῖς
2245 2023 2315 2078 δὲ
2336 2025 2573 2092 λοιποῖς
2623 2025 2738 2096 ἐγὼ
2768 2023 2924 2095 λέγω
2945 2064 2960 2090 ,
3014 2026 3127 2094 οὐχ
3153 2026 3187 2078 ό
3212 2024 3447 2091 Κύριος·
3473 2022 3550 2077 ΕΖ
3577 2039 3664 2088 τις

2080 2105 2344 2175 ἀδελφὸς
2381 2108 2636 2177 γυναῖκα
2666 2108 2794 2179 ἔχει
2823 2107 3100 2188 ἄπιστον,
3130 2106 3231 2161 καὶ
3258 2104 3413 2174 αὐτὴ
3445 2120 3665 2160 συνευ-

2080 2192 2250 2246 δοκεῖ
2271 2191 2458 2246 οἰκεῖν
2478 2192 2605 2262 μετ’
2657 2191 2867 2257 αὑτοῦ,
2906 2191 2993 2263 μὴ
3024 2190 3244 2260 ἀφιέτω
3293 2189 3508 2256 αὐτήν.
3554 2188 3665 2243 Καὶ

2080 2277 2234 2346 γυνὴ
2263 2276 2426 2343 εἴτις
2455 2275 2579 2345 ἔχει
2606 2275 2796 2346 ἄνδρα
2820 2275 3081 2331 ἄπιστον
3098 2317 3113 2340 ,
3141 2274 3238 2329 καὶ
3284 2273 3472 2340 αὐτὸς
3514 2288 3664 2328 συν-

2078 2359 2321 2414 ευδοκεῖ
2369 2358 2557 2413 οἰκεῖν
2594 2360 2723 2429 μετ’
2783 2358 2993 2427 αὐτῆς,
3050 2357 3139 2429 μὴ
3188 2356 3408 2427 ἀφιέτω
3456 2357 3662 2412 αὐτόν.

2081 2443 2291 2514 Ὥσπερ
2320 2443 2428 2515 7&9
2457 2443 2586 2514 περί⁵
2613 2442 2709 2496 τοῦ
2739 2441 3069 2515 χωρίζεσθαι
3105 2442 3318 2513 πόρνων
3346 2440 3664 2511 διαλεγόμε-

2077 2546 2186 2593 νος,
2225 2531 2290 2600 τῇ
2327 2526 2706 2600 ἐπιδιορθώσει
2736 2526 2795 2580 τὸ
2824 2527 3060 2597 πρᾶγμα
3091 2526 3393 2598 πεποίηκεν
3435 2523 3661 2580 εὔκολον

2076 2611 2266 2676 εἰπὼν,
2297 2610 2407 2665 Καὶ
2430 2612 2502 2664 οὐ
2546 2608 2786 2674 πάντως
2815 2608 2942 2675 τοῖς
2968 2609 3218 2675 πόρνοις
3275 2607 3383 2662 τοῦ
3421 2608 3659 2678 κόσμου

2075 2697 2312 2751 τούτου·
2332 2692 2474 2747 οὕτω
2490 2692 2670 2764 δήκαὶ
2694 2690 2929 2746 ἐνταῦθα
2980 2691 3181 2762 πολλῆς
3208 2691 3545 2763 προενόησεν
3573 2693 3660 2746 εὐ-

2075 2778 2281 2843 κολίας,
2333 2775 2522 2831 εἰπών·
2565 2775 2692 2829 Ἐάν
2746 2791 2832 2839 τις
2879 2776 2914 2849 ἢ
2963 2773 3103 2846 γυνή
3158 2774 3363 2846 ἄνδρα,
3426 2774 3460 2844 ἢ
3518 2775 3661 2847 ἀνὴρ

2073 2863 2308 2928 γυναῖκα
2338 2859 2438 2931 ἔχῃ
2472 2860 2724 2922 ἄπιστον,
2765 2858 2839 2929 μὴ
2863 2858 3071 2926 ἀφιέτω
3107 2858 3303 2928 αὑτήν.
3355 2857 3422 2911 Τί
3444 2857 3657 2927 λέγειςς

2072 2943 2138 2997 ἂν
2175 2944 2274 3014 μὲν
2313 2944 2562 3008 ἄπιστος,
2617 2940 2828 3012 μενέτω
2875 2938 3017 3012 μετά
3058 2939 3158 3010 τῆς
3198 2940 3475 3009 γυναικός·
3507 2940 3575 2995 ἂν
3602 2941 3659 2995 δέ

2072 3029 2292 3100 πόρνος,
2325 3026 2557 3098 μηκέτι;
2613 3025 2792 3081 καίτοι
2830 3041 2894 3094 γε
2950 3023 3175 3077 ἔλαττον
3219 3025 3254 3095 ή
3283 3025 3512 3097 πορνεία
3560 3024 3661 3096 τῆς

2071 3112 2351 3175 ἀπιστίας.
2379 3110 2644 3164 Ἔλαττον
2680 3109 2781 3181 μὲν
2822 3109 2856 3179 ή
2890 3107 3140 3179 πορνεία,
3167 3107 3282 3161 ἀλλ’
3326 3109 3355 3161 6
3377 3107 3513 3172 Θεὸς
3552 3108 3658 3162 τῶν

2072 3195 2181 3249 σῶν
2207 3193 2447 3263 φείδεται
2484 3191 2709 3262 σφόδρα.
2750 3189 2921 3245 Τοῦτο
2966 3190 3061 3244 καὶ
3087 3191 3145 3245 ἐν
3182 3193 3249 3262 τῇ
3301 3190 3465 3264 θυσίᾳ
3517 3191 3661 3245 ποιεῖ

2071 3279 2267 3349 λέγων⁶
2304 3279 2489 3346 Ἄφες
2528 3275 2644 3343 τὴν
2673 3276 2920 3339 θυσίαν,
2958 3273 3060 3329 καὶ
3108 3274 3528 3346 καταλλάγηθι
3579 3271 3659 3341 τῷ

2071 3360 2314 3431 ἀδελφῷ
2341 3376 2480 3414 σου·
2522 3357 2685 3413 τοῦτο
2710 3359 2807 3412 καὶ
2839 3357 2934 3411 ἐπὶ
2962 3357 3057 3411 τοῦ
3092 3359 3160 3413 τά
3208 3358 3381 3430 μύρια
3416 3358 3660 3414 τάλαντα

2070 3444 2397 3516 ὀφείλοντος.
2448 3444 2567 3497 Καὶ.
2609 3442 2717 3514 γὰρ
2768 3444 2976 3497 ἐκεῖνον
3027 3442 3197 3515 μύρια
3257 3444 3357 3513 μὲν
3416 3444 3657 3499 τάλαντα

2072 3526 2452 3599 χρεωστοῦντα
2493 3517 2652 3598 [162]
2686 3524 2838 3596 αὐτῷ
2866 3526 2967 3580 οὐκ
3019 3525 3304 3591 ἐκόλασεν,
3355 3525 3554 3580 ἐκατὸν
3600 3525 3658 3581 δὲ

2069 3612 2301 3683 δηνάρια
2357 3610 2451 3665 τὸν
2494 3609 2779 3665 σύνδουλον
2809 3609 3194 3680 ἀπαιτήσαντα
3248 3611 3653 3681 ἐτιμωρήσατο.

2070 3692 2224 3759 Εἶτα,
2250 3696 2339 3750 ἵνα
2373 3694 2446 3767 μὴ
2485 3693 2719 3765 φοϐῆται
2763 3694 2798 3764 ή
2827 3694 2987 3764 γυνὴ,
3041 3692 3117 3758 ὡς
3157 3692 3469 3766 ἀκάθαρτος
3513 3710 3657 3764 γινο-

2073 3781 2210 3852 μένη
2240 3778 2330 3833 διά
2350 3778 2449 3849 τὴν
2500 3777 2664 3848 μίξιν,
2703 3777 2889 3847 φησίν·
2939 3776 3251 3847 Ἠγίασται
3275 3777 3388 3847 γὰρ
3423 3781 3457 3832 ό
3498 3777 3659 3848 ἀνὴρ

2069 3866 2103 3917 ό
2121 3862 2378 3927 ἄπιστος
2397 3860 2468 3914 έν
2502 3858 2579 3929 τῇ
2622 3858 2880 3929 γυναικί,
2911 3860 3011 3915 καί
3041 3860 3325 3928 ἡγίασται
3346 3859 3385 3927 ή
3411 3860 3570 3931 γυνὴ
3618 3861 3656 3929 ἡ

2069 3945 2325 4010 ἄπιστος
2348 3944 2418 3997 ἐν
2454 3941 2536 4007 τῷ
2583 3941 2778 4012 ἀνδρί.
2804 3942 2998 3997 Καίτοι
3023 3944 3072 3996 εἰ
3102 3945 3131 3998 6
3154 3946 3222 4015 τῇ
3246 3943 3425 4018 πόρνῃ
3455 3944 3659 3999 κολλώ-

2072 4046 2250 4101 μενος,
2274 4028 2334 4082 ἓν
2365 4027 2526 4098 σῶμά
2554 4028 2723 4094 ἐστιν,
2771 4026 2994 4098 εὔδηλον
3022 4029 3105 4082 ὅτι
3136 4028 3232 4082 καὶ
3266 4030 3302 4100 ή
3324 4027 3404 4100 τῷ
3441 4029 3659 4085 εἰδωλο-

2068 4114 2240 4185 λάτρῃ
2275 4110 2613 4183 κολλωμένη,
2676 4110 2735 4165 ἓν
2796 4109 2959 4183 σῶμά
3016 4113 3184 4167 ἐστιν·
3225 4109 3285 4167 ἐν
3331 4112 3434 4184 μὲν
3494 4112 3658 4185 σῶμά

2066 4198 2235 4265 ἐστιν,
2271 4195 2386 4251 ἀλλ’
2407 4195 2468 4249 οὐ
2488 4195 2698 4264 γίνεται
2732 4193 3066 4267 ἀκάθαρτος,
3098 4193 3235 4249 ἀλλά
3262 4196 3389 4267 νικᾷ
3415 4197 3450 4267 ή
3487 4196 3658 4251 καθα-

2069 4282 2229 4352 ρότης
2256 4280 2356 4351 τῆς
2377 4277 2633 4348 γυναικὸς
2679 4278 2779 4349 τὴν
2808 4278 3150 4351 ἀκαθαρσίαν
3170 4276 3267 4332 τοῦ
3310 4278 3529 4350 ἀνδρὸς,
3561 4280 3660 4335 καὶ

2065 4366 2193 4437 νικᾷ
2217 4365 2251 4436 ή
2277 4362 2591 4433 καθαρότης
2619 4359 2715 4415 τοῦ
2748 4360 2944 4415 πιστοῦ
2996 4359 3192 4433 ἀνδρὸς
3232 4359 3397 4417 πάλιν
3432 4362 3497 4417 τὸ
3521 4364 3658 4419 ἀκά-

2065 4447 2263 4520 θαρτον
2289 4447 2388 4518 τῆς
2410 4445 2641 4500 ἀπίστου
2678 4445 2959 4515 γυναικός.

2134 4583 2203 4647 γ’.
2218 4574 2340 4640 Πῶς
2372 4570 2467 4629 οὖν
2492 4574 2727 4630 ἐνταῦθα
2744 4577 2844 4648 μὲν
2857 4579 3206 4649 νενίκηταιτδ
3226 4580 3658 4656 ἀκάθαρτον,διδ

2064 4660 2159 4714 καὶ
2190 4658 2585 4730 ἐπιτέτραπται
2609 4661 2642 4731 ή
2675 4662 2954 4716 συνουσία·
2980 4662 3074 4717 ἐπὶ
3106 4662 3164 4717 δὲ
3186 4665 3288 4736 τῆς
3318 4669 3656 4740 πορνευομὰ

2063 4760 2159 4814 νης
2209 4742 2465 4811 γυναικὸς
2516 4742 2578 4795 οὐ
2620 4747 3007 4817 κατηγορεῖται
3062 4745 3344 4803 ἐκϐάλλων
3407 4751 3586 4823 αὐτὴν
3627 4753 3661 4807 6

2063 4826 2243 4898 ἁνήρ;
2286 4824 2409 4879 Ὅτι
2448 4825 2683 4880 ἐνταῦθα
2707 4827 2806 4897 μὲν
2839 4826 2996 4894 ἐλπὶς
3031 4828 3301 4895 σώζεσθαι
3346 4833 3410 4886 τὸ
3432 4835 3655 4889 ἀπολωο

2063 4910 2152 4976 λδς
2183 4910 2351 4981 μέρος
2373 4909 2461 4964 διά
2488 4908 2583 4964 τοῦ
2625 4909 2827 4982 γάμου,
2875 4912 3070 4966 ἐκεῖδέ
3102 4916 3131 4966 6
3164 4916 3344 4985 γάμος
3372 4917 3475 4988 ήδη
3536 4918 3656 4973 δια-

2064 4993 2300 5049 λέλυται·
2332 4994 2495 5048 κάκεῖ
2529 4993 2630 5066 μὲν
2645 4994 2945 5067 ἀμφότεροι
2971 4995 3398 5069 διαφθείρονται,
3417 5001 3656 5056 ἐνταῦθα

2062 5080 2119 5133 δὲ
2150 5078 2379 5150 θατέρου
2414 5077 2475 5131 τδ
2498 5077 2770 5148 ἔγκλημα.
2802 5072 2927 5132 Οἷόν
2959 5096 3011 5133 τι
3032 5080 3198 5150 λέγω·
3234 5082 3424 5137 Ἔστιν
3457 5085 3491 5155 ὴ
3523 5101 3661 5157 πορ-

2062 5163 2314 5218 νευθεῖσα
2356 5161 2632 5228 καθάπαξ,
2675 5162 2869 5234 μιαρά.
2902 5163 2967 5218 Εἰ
3015 5166 3196 5220 τοίνυν
3247 5168 3277 5221 6
3308 5166 3662 5241 κολλώμενος

2061 5251 2128 5320 τῇ
2159 5248 2337 5321 πόρνῃ
2380 5248 2438 5299 ἓν
2477 5244 2639 5316 σῶμά
2665 5246 2819 5305 ἐστι.
2871 5248 2967 5301 καὶ
3000 5248 3164 5313 αὐτὸς
3197 5249 3411 5318 γίνεται
3458 5253 3662 5326 μιαρὸς

2062 5332 2401 5405 πορνευούσῃ
2457 5328 2807 5402 μιγνύμενος.
2842 5330 2931 5386 διὰ
2964 5332 3124 5386 τοῦτο
3154 5333 3461 5403 ἀφίπταται
3487 5339 3521 5408 ή
3559 5355 3666 5392 κα-

2062 5416 2299 5487 θαρότης
2329 5416 2537 5469 ἅπασα.
2586 5414 2848 5470 Ἐνταῦθα
2874 5415 2932 5470 δὲ
2962 5416 3063 5489 οὐχ
3090 5417 3288 5483 οὕτως·
3315 5417 3457 5473 ἀλλά
3491 5421 3614 5486 πῶς
3641 5438 3661 5489 ;

2065 5500 2255 5552 Ἔστιν
2300 5495 2611 5570 ἀκάθαρτος
2652 5498 2681 5553 6
2714 5499 3129 5572 εἰδωλολάτρης,
3158 5500 3276 5555 ἀλλ’
3303 5504 3337 5573 ή
3367 5504 3508 5577 γυνὴ
3553 5506 3665 5562 οὐκ

2061 5581 2207 5635 ἔστιν
2234 5579 2563 5653 ἀκάθαρτος.
2596 5583 2658 5636 Εἰ
2686 5584 2783 5654 μὲν
2823 5585 2933 5656 γὰρ
2971 5584 3249 5638 ἐκοινώνει
3302 5587 3455 5657 αὑτῷ
3511 5589 3661 5645 κατά

2060 5664 2238 5727 τοῦτο,
2272 5662 2408 5718 καθὸ
2431 5664 2743 5736 ἀκάθαρτος
2779 5662 2868 5737 ἦν,
2903 5666 3049 5736 λέγω
3082 5666 3140 5720 δὲ
3174 5666 3321 5721 κο.τά
3363 5669 3468 5736 τὴν
3520 5671 3660 5725 ἀσέ-

2060 5747 2234 5811 ϐειαν,
2264 5746 2455 5817 ἔμελλε
2496 5749 2590 5801 καὶ
2622 5747 2763 5821 αῦτη
2796 5751 3108 5824 ἀκάθαρτος
3130 5751 3405 5821 γίνεσθαι·
3434 5757 3557 5809 νυνὶ
3598 5754 3661 5809 δὲ

2065 5835 2268 5905 ἑτέρως
2290 5835 2388 5905 μὲν
2416 5833 2562 5889 ἔστιν
2579 5835 2889 5908 ἀκάθαρτος
2920 5842 2949 5894 6
2969 5839 3386 5912 εἰδωλολάτρης,
3405 5842 3465 5897 ἐν
3481 5842 3661 5912 ἑτέρῳ
