3986 6202
351 324 455 384 153

346 461 470 500 nam
501 451 558 499 et
583 441 866 509 adulteria,
889 449 942 495 et
970 437 1353 496 fornicationes
1380 445 1435 492 et
1457 435 1741 491 domorum
1771 448 1928 490 ever—

348 538 532 593 siones
554 551 700 607 saepe
726 533 844 589 inde
873 540 1212 603 consequuta:
1239 538 1384 585 sunt.
1415 530 1468 585 Si
1497 529 1638 584 enim
1658 544 1776 584 cum
1800 544 1934 581 uxo-

353 649 444 688 res
471 631 726 696 habeant,
758 629 1106 694 fornicamur,
1137 625 1305 681 multo
1330 624 1498 694 magis
1519 625 1563 678 si
1592 624 1711 678 illos
1737 623 1804 678 ab
1837 624 1934 678 hac

348 725 722 781 consolatione
767 721 1079 792 privaveris.
1110 723 1176 778 Et
1205 732 1353 779 recte
1399 723 1554 787 dixit,
1591 718 1767 774 Nolite
1791 719 1934 788 [ναι.

353 817 495 880 dare,
529 815 764 870 fraudem
793 814 880 870 hic
905 824 960 870 et
986 812 1226 869 debitum
1257 812 1504 884 superius
1531 811 1807 883 appellans
1829 851 1845 875 ,
1877 819 1934 864 ut

352 907 642 962 dominium
671 909 846 978 majus
880 907 1210 963 ostenderet.
1240 907 1376 962 Nam
1409 906 1574 960 invito
1603 907 1772 961 altero
1797 905 1931 958 alte-

350 1015 464 1053 rum
486 1013 544 1053 se
563 1001 843 1055 continere
863 1041 879 1066 ,
905 1000 1034 1056 illud
1053 1009 1134 1055 est
1149 999 1427 1066 fraudare;
1452 1009 1678 1069 utroque
1700 996 1931 1061 volente,

349 1105 450 1144 non
479 1089 629 1144 item.
662 1090 779 1145 Non
810 1092 977 1157 enim,
1001 1093 1045 1146 si
1073 1101 1354 1162 postquam
1404 1090 1533 1145 mihi
1577 1090 1931 1159 persuaseris,

348 1184 544 1254 aliquid
573 1200 642 1240 ex
666 1185 802 1241 meis
827 1187 1080 1256 accipias,
1114 1185 1348 1240 fraudari
1375 1200 1460 1240 tne
1487 1184 1630 1239 dico.
1660 1181 1760 1248 Qui
1789 1182 1931 1235 enim

345 1275 411 1329 ab
440 1276 610 1330 invito
635 1287 690 1331 et
719 1293 814 1346 per
835 1279 941 1332 vim
967 1288 1152 1334 coacto
1179 1279 1394 1347 accipit,
1419 1277 1505 1332 ille
1523 1275 1753 1330 fraudat.
1778 1272 1933 1340 Quod

345 1369 528 1424 multce
557 1370 810 1424 mulieres
842 1371 1059 1433 faciunt,
1088 1387 1206 1442 qua:
1235 1378 1507 1441 peccatum
1531 1368 1822 1424 admittunt
1842 1369 1930 1438 ju-

344 1459 550 1512 stitiam
581 1475 935 1530 exsuperans,
986 1471 1041 1518 et
1068 1461 1166 1518 hac
1215 1463 1420 1518 ratione
1447 1462 1682 1517 libidinis
1709 1462 1934 1517 marito-

346 1565 468 1604 rum
511 1552 564 1604 in
593 1553 744 1621 culpa
773 1561 940 1621 sunt,
971 1555 1252 1624 omniaque
1290 1554 1342 1608 in
1389 1554 1777 1609 dissensionem
1811 1569 1932 1606 ver-

347 1650 490 1696 tunt.
517 1643 741 1711 Oportet
757 1653 933 1699 autem
954 1646 1292 1701 concordiam
1314 1648 1558 1702 omnibus
1582 1655 1929 1716 anteponere,

347 1736 475 1804 quia
530 1735 635 1790 hoc
673 1737 922 1791 omnibus
947 1746 1031 1792 est
1056 1738 1464 1808 prteferendum.
1489 1739 1558 1793 Et
1582 1740 1626 1794 si
1661 1739 1851 1808 placet,
1881 1739 1932 1793 id

351 1827 405 1879 in
435 1825 603 1880 rebus
632 1827 764 1896 ipsis
814 1829 1197 1883 examinemus.
1226 1828 1346 1883 Sint
1372 1844 1504 1884 uxor
1529 1838 1582 1884 et
1610 1830 1852 1894 maritus,
1879 1837 1932 1884 et

345 1933 407 1972 se
427 1919 702 1973 contineat
735 1934 871 1973 uxor
895 1920 1110 1976 nolente
1134 1921 1330 1976 marito
1359 1940 1374 1976 :
1403 1921 1528 1991 quid
1555 1937 1682 1992 ergo
1701 1963 1716 1987 ,
1767 1922 1810 1975 si
1841 1921 1930 1976 ille

342 2007 473 2062 hinc
498 2007 566 2062 ad
596 2006 974 2063 fornicandum
1005 2010 1328 2076 inducatur;
1373 2022 1463 2068 aut
1488 2028 1595 2066 non
1639 2013 1930 2068 fornicelur

338 2102 580 2173 quidem,
611 2102 707 2158 sed
736 2102 935 2166 doleat,
973 2105 1217 2159 turbetur
1237 2146 1250 2170 ,
1285 2106 1612 2170 incendatur,
1642 2115 1841 2175 pugnet
1867 2121 1929 2159 ac

339 2196 538 2266 litiget,
568 2204 622 2250 et
648 2196 927 2251 innumera
958 2198 1108 2251 uxori
1139 2200 1346 2267 negotia
1372 2199 1662 2253 exhibeat?
1688 2198 1815 2269 quid
1840 2199 1923 2252 lu-

337 2288 420 2341 cri
448 2302 511 2342 ex
535 2287 740 2356 jejunio
767 2298 821 2342 et
849 2289 1176 2343 continentia
1199 2331 1214 2355 ,
1243 2304 1362 2344 cum
1389 2291 1583 2345 caritas
1623 2291 1788 2345 fracta
1817 2291 1926 2346 sit?

336 2379 503 2434 Nihil.
541 2383 680 2446 Quot
721 2381 866 2435 enim
894 2381 1018 2437 inde
1043 2383 1306 2449 convicia,
1335 2393 1461 2454 quot
1491 2384 1722 2455 negotia,
1749 2399 1926 2454 quan-

337 2481 451 2528 tum
483 2473 678 2528 bellum
710 2473 1012 2528 necessario
1029 2473 1264 2529 oriatur!
1303 2543 1308 2546 ί

412 2562 466 2617 2.
501 2562 634 2619 Cum
665 2564 810 2618 enim
866 2563 1009 2618 domi
1058 2565 1282 2620 maritus
1333 2573 1387 2620 et
1438 2582 1572 2620 uxor
1622 2565 1920 2635 dissident,

333 2670 450 2709 non
501 2655 692 2710 melius
733 2670 792 2710 se
822 2654 1040 2710 habebit
1081 2656 1294 2722 domus,
1347 2673 1503 2726 quam
1535 2659 1686 2714 navis
1727 2660 1921 2729 agitata

333 2753 683 2815 tempestate,
711 2746 1067 2816 gubernatore
1089 2748 1178 2816 qui
1207 2749 1274 2803 ab
1298 2764 1361 2804 eo
1386 2765 1598 2818 proram
1631 2751 1767 2821 regit
1813 2753 1922 2807 dis-

327 2839 628 2894 sentiente.
685 2837 911 2908 ldeoque
938 2839 1013 2894 ait
1041 2857 1056 2893 :
1087 2838 1262 2893 Nolite
1287 2843 1530 2910 fraudare
1554 2843 1784 2909 invicem,
1823 2845 1922 2898 nisi

328 2931 476 2997 forte
487 2946 550 2984 ea:
567 2946 813 2984 consensu
833 2929 900 2983 ad
915 2940 1109 3000 tempus
1133 2940 1189 2984 ut
1214 2933 1392 2985 vacetis
1394 2933 1595 3004 jejunio
1617 2943 1661 2987 et
1679 2935 1918 2998 orationi;

327 3023 402 3080 de
440 3023 686 3079 oratione
721 3036 842 3075 cum
871 3020 1059 3092 majori
1100 3022 1277 3076 studio
1307 3022 1437 3078 facta
1457 3025 1544 3079 hic
1573 3025 1817 3094 loquens.
1861 3025 1916 3081 Si

327 3115 474 3169 enim
495 3128 650 3168 orare
671 3113 955 3184 prohibeat
969 3113 1158 3184 eosqui
1172 3113 1310 3169 inter
1325 3130 1384 3171 se
1398 3126 1612 3183 coeunt,
1633 3117 1919 3185 illud,Sine

326 3206 730 3262 intermissione
755 3219 932 3272 orare,
955 3205 1222 3276 quomodo
1250 3207 1421 3261 locum
1443 3216 1497 3262 et
1526 3217 1733 3278 tempus
1750 3209 1915 3264 habe-

326 3296 445 3352 bit?
476 3297 604 3352 licet
634 3311 764 3367 ergo
794 3305 848 3350 et
875 3311 997 3350 cum
1033 3311 1197 3351 uxore
1221 3297 1663 3352 consuetudinem
1697 3299 1914 3362 habere,

324 3397 384 3442 et
415 3388 649 3442 orationi
693 3387 1041 3444 incumbere:
1072 3388 1165 3443 sed
1199 3404 1293 3458 per
1319 3391 1703 3444 continentiam
1733 3408 1917 3460 preca-

327 3477 410 3531 tio
426 3476 728 3530 accuratior
755 3478 1012 3532 redditur.
1037 3477 1150 3534 Non
1171 3478 1313 3534 enim
1335 3479 1648 3549 simpliciter
1670 3480 1820 3548 dixit,
1846 3482 1919 3538 Ut

320 3567 542 3633 oretis;
597 3567 690 3622 sed
723 3567 791 3622 Ut
841 3571 1038 3634 vacetis,
1070 3579 1252 3639 utpote
1296 3586 1417 3626 cum
1464 3586 1553 3627 res
1583 3575 1916 3629 vocationem

323 3661 593 3730 praebeat,
629 3658 724 3714 sed
754 3674 859 3714 non
892 3661 1299 3717 immunditiam.
1329 3661 1394 3716 Et
1413 3667 1593 3717 iterum
1619 3665 1670 3717 in
1695 3666 1916 3734 idipsum

319 3751 610 3817 convenite,
645 3766 709 3804 ne
735 3759 884 3804 tentet
922 3766 1005 3805 vos
1029 3762 1254 3809 satanas.
1284 3753 1364 3808 Ne
1411 3754 1683 3809 videretur
1733 3757 1874 3810 enim
1899 3799 1916 3823 ,

322 3857 441 3895 rem
470 3855 600 3898 esse
629 3840 747 3912 lege
786 3841 1130 3896 constitutam
1152 3883 1166 3906 ,
1196 3857 1412 3898 causam
1441 3842 1608 3898 addit.
1661 3845 1915 3912 Quaenam

321 3935 412 3989 illa
443 3935 557 3990 est?
580 3933 664 3988 Ne
685 3943 838 3990 tentet
867 3950 952 3989 vos
967 3944 1192 3990 satanas.
1219 3936 1285 3991 Et
1311 3945 1370 3991 ut
1395 3936 1570 3992 discas
1597 3953 1701 3992 non
1728 3940 1915 3995 diabo-

319 4027 436 4081 lum
465 4033 674 4081 tantum
701 4026 948 4080 adulterii
994 4041 1212 4081 causam
1253 4042 1392 4094 esse,
1421 4027 1697 4098 subjumtit
1731 4047 1744 4084 :
1777 4029 1913 4085 Pro-

317 4129 436 4187 pter
456 4118 876 4172 incontinentiam
900 4127 1135 4174 uestram.
1167 4119 1222 4172 6.
1261 4117 1374 4174 Hoc
1397 4129 1563 4175 autem
1600 4123 1712 4176 dico
1737 4140 1913 4178 secun-

315 4215 449 4266 dum
476 4212 885 4282 indulgentiam,
917 4229 1019 4267 non
1055 4213 1332 4268 secundum
1379 4216 1667 4285 imperium.
1697 4218 1750 4273 7.
1788 4218 1916 4273 Volo

315 4316 501 4361 autem
535 4321 709 4359 omnes
741 4305 964 4360 homines
988 4321 1096 4360 esse
1123 4306 1254 4360 sicut
1282 4307 1548 4376 meipsum,
1572 4310 1625 4361 in
1661 4311 1915 4364 continen-

316 4398 415 4450 tia.
455 4397 575 4451 lloc
611 4409 758 4465 sape
783 4395 936 4461 facit,
966 4395 1179 4467 quando
1209 4411 1296 4451 res
1324 4394 1570 4451 difﬁciles
1600 4397 1790 4452 suadet
1815 4414 1829 4452 :
1859 4418 1916 4455 se

315 4491 373 4546 in
405 4490 593 4546 medio
621 4489 770 4560 ponit
789 4497 844 4545 et
867 4489 960 4552 ait,
987 4487 1273 4543 Imitatores
1298 4491 1394 4542 ntei
1425 4497 1594 4544 estote.
1621 4490 1727 4544 Sed
1759 4507 1915 4544 unus-

314 4584 544 4651 quisque
591 4583 850 4653 proprium
898 4580 1088 4634 donum
1137 4579 1283 4634 habet
1312 4597 1374 4633 ea:
1399 4578 1528 4646 Deo,
1557 4579 1690 4635 alius
1717 4581 1916 4646 quidem

310 4674 414 4736 sic,
448 4673 590 4726 alius
615 4689 727 4726 vero
747 4673 822 4726 sic
851 4672 898 4744 (l
915 4714 927 4727 .
947 4670 1066 4725 Cor.
1087 4673 1144 4726 4.
1173 4670 1286 4743 l6).
1308 4671 1440 4739 Quia
1461 4672 1603 4726 enim
1622 4672 1773 4726 valde
1797 4672 1918 4727 illos

311 4764 604 4820 accusavit
627 4765 830 4829 dicens,
857 4763 1074 4834 PrOpter
1097 4763 1512 4816 incontinentiam
1533 4773 1766 4828 uestram,
1791 4779 1916 4816 rur-

309 4871 408 4913 sus
442 4858 601 4927 ipsos
627 4856 934 4911 consolatus
951 4855 1399 4925 estsubjungens,
1422 4854 1767 4926 Unusquisque
1794 4873 1912 4924 pro-

310 4951 493 5019 prium
525 4947 722 5002 donum
759 4947 905 5000 habet
928 4963 990 5000 ea:
1012 4945 1117 5000 Deo
1134 4961 1154 5010 ;
1183 4961 1287 5001 non
1319 4948 1420 5000 hoc
1441 4945 1740 5013 declarans,
1775 4947 1916 5016 quod

307 5039 416 5097 hoc
446 5047 608 5098 recte
636 5039 831 5093 factum
862 5046 1048 5093 nostro
1077 5037 1254 5094 studio
1283 5052 1389 5091 non
1438 5046 1620 5107 egeat;
1672 5039 1766 5093 sed
1795 5079 1807 5102 ,
1865 5051 1917 5092 ut

308 5137 467 5204 prius
496 5133 644 5200 dixi,
671 5131 958 5186 consolans
979 5131 1119 5186 illos.
1152 5129 1283 5184 Nam
1312 5130 1356 5183 si
1387 5129 1587 5184 donum
1617 5138 1721 5196 est,
1745 5137 1800 5184 et
1834 5132 1910 5183 ni-

306 5227 380 5283 hil
435 5228 616 5282 homo
665 5223 733 5278 ad
784 5225 884 5276 hoc
923 5222 1096 5290 all'ert,
1145 5220 1414 5292 quomodo
1467 5218 1638 5274 dicis?
1683 5220 1737 5275 8.
1792 5219 1917 5273 Dico

303 5331 485 5375 autem
510 5334 621 5372 non
649 5316 820 5386 nuptis
843 5325 888 5369 et
916 5315 1078 5368 viduis
1103 5331 1124 5371 :
1155 5317 1338 5370 bonum
1375 5323 1447 5369 est
1474 5314 1596 5378 illis,
1625 5312 1670 5367 si
1696 5313 1767 5365 sic
1807 5330 1920 5380 per-

303 5413 602 5466 manserint
632 5419 689 5462 ut
715 5425 826 5480 ego.
857 5409 908 5462 9.
945 5409 1093 5473 Quod
1117 5408 1162 5463 si
1190 5424 1243 5461 se
1271 5424 1370 5461 non
1394 5406 1670 5471 continent,
1706 5406 1914 5457 nubant.

306 5501 570 5558 Vidistin’
609 5499 763 5554 Pauli
811 5499 1131 5568 sapientiam
1157 5540 1173 5565 ,
1219 5497 1487 5568 quomodo
1541 5507 1596 5553 ct
1639 5495 1916 5551 meliorem

303 5596 568 5652 ostendat
594 5607 718 5650 esse
738 5592 1150 5654 continentiam,
1176 5600 1230 5644 et
1261 5606 1363 5645 non
1389 5600 1543 5658 cogat
1561 5604 1677 5643 eum
1700 5588 1787 5657 qui
1811 5603 1914 5641 non

306 5688 644 5760 assequitur,
681 5685 877 5740 timens
906 5700 976 5740 ne
1003 5682 1055 5737 in
1085 5679 1606 5760 Iapsumincidatur?
1632 5677 1816 5732 Melius
1845 5689 1916 5732 est

303 5758 686 5849 enintinulterc,
721 5795 877 5849 quam
909 5777 1009 5831 uri.
1041 5773 1300 5830 lndicavit
1327 5758 1518 5843 quanta
1562 5772 1628 5829 sit
1655 5772 1912 5841 concupi-

1397 319 1464 376 ΙΝ
1502 318 1714 376 EPIST.
1758 316 1778 371 ι
1840 315 1933 370 AD
1971 314 2123 370 (10R.
2169 316 2375 374 llOMlL
2435 319 2574 378 XIX.

3524 343 3621 400 ίΞὸ

2046 437 2264 490 ερεηιὶτε
2294 440 2552 508 tyrannis.
2583 441 2694 498 lloe
2722 455 2900 502 autem
2933 451 3042 504 vult
3065 453 3366 522 signiﬁcare
3399 476 3409 509 :
3441 459 3498 515 Si
3521 462 3634 516 vim.

2046 525 2269 582 multam
2320 538 2374 584 ct
2415 539 2604 587 aestum
2659 538 2872 603 pateris,
2901 555 2931 593 a
2996 541 3266 602 laboribus
3315 555 3368 602 et
3408 551 3624 606 sudori-

2039 619 2140 674 bus
2190 629 2240 673 te
2269 622 2458 688 libera,
2507 641 2574 680 ne
2602 626 2737 682 forte
2783 632 3129 691 subvertaris.
3187 639 3272 694 l0.
3329 642 3404 698 lis
3433 655 3620 703 autern.

2037 713 2123 779 qui
2175 715 2499 768 matrimonio
2533 720 2704 786 juncti
2746 734 2883 788 sunt,
2931 730 3190 798 principio,
3230 749 3330 786 non
3383 753 3491 804 ego,
3536 740 3623 791 sed

2041 801 2308 859 Dominus.
2341 806 2474 874 Quia
2511 809 2682 880 legem
2721 815 2936 873 disertis
2964 821 3142 877 verbis
3169 839 3197 875 a
3221 801 3439 882 Christo
3463 829 3624 884 latam

2037 904 2118 950 est
2139 896 2396 964 lecturus,
2429 899 2496 954 de
2521 917 2684 959 uxore
2715 921 2821 960 non
2843 907 3154 966 dimittenda
3180 916 3283 970 nisi
3309 919 3378 972 sit
3399 919 3626 976 fornica-

2040 996 2112 1053 ta,
2148 998 2428 1057 propterea
2459 991 2618 1059 dicit,
2671 995 2793 1051 Non
2823 1016 2933 1070 ego.
2987 1002 3118 1056 Nam
3148 1021 3266 1074 qua:
3297 1010 3441 1078 prius
3483 1013 3624 1068 dicta

2037 1095 2179 1148 sunt,
2208 1085 2416 1140 etiamsi
2446 1102 2557 1141 non
2597 1089 2810 1146 disertis
2853 1093 3029 1148 verbis
3074 1097 3210 1152 dicta
3242 1101 3348 1155 sint
3369 1144 3384 1168 ,
3420 1105 3516 1170 ipsi
3546 1118 3624 1160 ta-

2039 1192 2160 1232 men
2191 1192 2251 1232 ea
2297 1193 2420 1234 esse
2466 1179 2734 1235 videntur.
2789 1185 2855 1237 At
2883 1185 2985 1240 hoc
3011 1188 3225 1256 quidem
3273 1193 3363 1248 ille
3405 1193 3633 1251 disertis

2040 1270 2219 1325 verbis
2242 1271 2459 1328 tradidit
2490 1291 2505 1328 :
2537 1274 2714 1344 itaque
2747 1276 2898 1343 illud,
2931 1277 3074 1349 Ego,
3102 1292 3155 1335 et
3195 1282 3313 1338 Non
3341 1303 3452 1355 ego,
3485 1289 3623 1345 hanc

2041 1363 2237 1418 habent
2265 1364 2644 1424 diﬂerentiam.
2675 1368 2753 1425 Ne
2774 1372 2915 1426 enim
2948 1388 3042 1426 sua
3071 1389 3191 1430 esse
3222 1375 3452 1434 humana
3478 1390 3624 1450 puta~

2039 1469 2144 1518 res,
2178 1454 2296 1510 ideo
2324 1456 2598 1526 subiunxit
2628 1479 2640 1513 :
2673 1459 2807 1515 Puto
2836 1464 2968 1516 enim
2992 1466 3129 1531 quod
3151 1477 3199 1520 et
3229 1485 3321 1539 ego
3367 1471 3627 1533 Spiritmn

2000 1554 2011 1562 ‘
2038 1545 2134 1598 Dei
2163 1546 2392 1600 habeam.
2417 1549 2554 1614 Quid
2584 1560 2669 1605 est
2694 1568 2842 1622 ergo,
2873 1555 3014 1624 quod
3045 1555 3301 1614 Dominus
3321 1563 3624 1631 coniugatis.

2037 1639 2290 1706 praecepit
2310 1681 2324 1704 ,
2358 1639 2576 1694 Uxorem
2608 1660 2638 1695 a
2667 1646 2773 1698 viro
2817 1663 2918 1701 non
2944 1649 3198 1703 discedere
3223 1652 3248 1704 .9
3275 1653 3361 1707 ll.
3394 1657 3528 1721 quod
3575 1660 3619 1710 si

2035 1729 2337 1797 discesserit,
2371 1743 2566 1786 maneat
2596 1734 2828 1803 innupta,
2854 1748 2940 1792 aut
2981 1740 3086 1792 viro
3105 1758 3196 1794 suo
3226 1747 3609 1800 reconcilietur:

2035 1830 2080 1874 et
2105 1825 2179 1874 vir
2209 1838 2416 1876 uxorem
2444 1839 2546 1877 non
2571 1825 2808 1880 dimittat.
2834 1827 2968 1894 Quia
2999 1833 3141 1885 enim
3169 1841 3224 1888 et
3250 1847 3466 1904 promer
3488 1854 3619 1893 con-

2034 1915 2310 1969 tinentiam
2338 1924 2394 1969 et
2420 1925 2638 1985 propter
2658 1917 2794 1974 alios
2841 1920 3088 1976 obtentus
3133 1934 3185 1978 et
3231 1924 3618 1994 dissensiones,

2033 2008 2327 2063 dl\'l.~l0ll€8
2350 2007 2461 2063 ﬁeri
2488 2008 2864 2078 contingebat;
2899 2013 3084 2068 melius
3111 2017 3325 2084 quidem
3353 2035 3382 2071 a
3417 2021 3616 2088 princi-

2035 2099 2123 2166 pio
2164 2097 2370 2167 luisset,
2404 2114 2509 2154 non
2543 2099 2629 2153 illa
2657 2098 2772 2155 ﬁeri
2795 2143 2816 2168 ,
2851 2102 2944 2156 sed
2972 2104 3014 2157 si
3048 2104 3182 2159 facta
3215 2116 3356 2173 sunt,
3400 2124 3616 2167 maneat

2035 2205 2168 2243 uxor
2208 2206 2328 2245 cum
2373 2192 2506 2253 viro,
2535 2193 2636 2246 etsi
2666 2209 2770 2247 non
2808 2194 2874 2248 ad
2920 2198 3286 2266 concubitum,
3339 2211 3513 2259 tamen
3561 2216 3618 2260 ut

2034 2283 2238 2336 nulltun
2265 2283 2426 2338 alium
2459 2284 2675 2339 inducat
2699 2287 2890 2340 virum.
2938 2287 3022 2341 12.
3055 2288 3261 2344 theris
3312 2303 3476 2348 autent
3524 2314 3614 2367 ego

2032 2374 2165 2438 dico,
2189 2391 2290 2427 non
2321 2373 2567 2428 Dominus
2593 2393 2609 2430 :
2648 2375 2708 2430 Si
2737 2379 2847 2446 quis
2888 2382 3048 2446 frater
3071 2397 3275 2434 uxorem
3305 2386 3484 2438 habeat
3523 2391 3610 2440 in-

2034 2465 2251 2533 ﬁdelem,
2280 2477 2328 2521 et
2353 2468 2457 2520 huic
2478 2471 2722 2522 consentit
2750 2471 2976 2526 habitare
3001 2490 3114 2526 cum
3135 2476 3244 2541 illo,
3275 2493 3372 2531 non
3395 2481 3612 2535 dimittat

2030 2558 2192 2612 illam.
2230 2559 2313 2614 15.
2341 2558 2406 2612 Et
2426 2561 2468 2613 si
2487 2576 2587 2626 qua
2617 2562 2796 2616 mulier
2824 2565 3005 2617 habeat
3035 2565 3194 2618 virum
3238 2568 3492 2634 inﬁdelem
3519 2615 3532 2636 ,
3565 2584 3613 2626 et

2031 2651 2112 2704 hic
2159 2652 2399 2705 consentit
2426 2651 2653 2706 habitare
2689 2669 2802 2706 cum
2848 2654 2961 2721 illa,
3014 2673 3112 2709 non
3149 2660 3370 2714 dimittat
3424 2665 3607 2716 uirum.

2029 2742 2487 2810 Quemadmodum
2527 2744 2670 2798 enim
2695 2760 2816 2798 cum
2849 2745 3156 2814 loqueretur
3181 2750 3246 2802 de
3274 2755 3631 2820 separatione-

2034 2849 2064 2887 a
2093 2833 2530 2902 fornicatoribus,
2559 2836 2901 2891 correctione
2942 2837 3168 2906 quadam
3198 2857 3308 2894 rem
3338 2841 3609 2898 difﬁcilem

2031 2925 2262 2980 reddidit
2304 2926 2510 2993 dicens,
2555 2925 2621 2980 Et
2647 2944 2747 2982 non
2774 2929 2944 2998 utique
2982 2947 3014 2983 a
3043 2931 3429 2998 fornicatoribus
3457 2937 3626 3006 hujus.

2035 3018 2212 3070 mundi
2240 3033 2258 3071 :
2284 3018 2362 3072 sic
2389 3017 2568 3072 ethoc
2595 3019 2714 3074 loco
2744 3034 2988 3090 magnam
3018 3023 3245 3090 providit
3293 3041 3411 3080 esse
3443 3026 3610 3082 facill-

2031 3117 2190 3163 tatem
2223 3125 2237 3162 :
2261 3108 2450 3179 Siquis
2466 3117 2556 3163 aut
2580 3125 2713 3164 uxor
2734 3111 2928 3177 virum,
2956 3121 3048 3167 aut
3076 3114 3156 3168 vir
3179 3132 3397 3171 uxorem
3419 3117 3612 3174 habent

2030 3200 2322 3266 inﬁdelem,
2351 3217 2419 3256 ne
2439 3201 2672 3256 dimittat
2697 3218 2838 3258 eam.
2863 3203 2999 3270 Quid
3021 3205 3195 3260 dicis?
3218 3210 3261 3261 si
3290 3211 3499 3278 quidem
3526 3214 3608 3266 in-

2027 3293 2194 3350 ﬁdelis
2239 3295 2346 3360 sit,
2392 3305 2603 3350 maneat
2645 3310 2765 3350 cum
2804 3313 3001 3361 uxore;
3054 3301 3097 3353 si
3146 3300 3452 3369 fornicator,
3506 3321 3622 3359 non

2025 3384 2194 3437 item?
2237 3400 2556 3454 quamquam
2613 3388 2785 3440 minus
2826 3399 2907 3443 est
2965 3401 3238 3458 peccatum
3287 3395 3602 3460 forniCatio;

2024 3475 2116 3528 sed
2135 3476 2270 3529 Deus
2299 3476 2404 3529 tuis
2441 3475 2599 3529 rebus
2622 3477 2774 3531 valde
2803 3480 2990 3545 parcit.
3022 3480 3132 3534 Hoc
3159 3483 3318 3535 etiam
3347 3484 3397 3536 in
3443 3488 3611 3537 sacri-

2024 3561 2145 3618 ﬁcio
2176 3563 2321 3630 facit,
2352 3565 2536 3620 dicens
2566 3582 2577 3617 :
2611 3564 2822 3620 Dimitte
2845 3569 3169 3635 sacriﬁcium,
3205 3581 3249 3624 et
3295 3576 3624 3629 reconciliare

2023 3658 2173 3725 fratri
2197 3667 2282 3711 tuo
2328 3657 2542 3726 (Matth.
2570 3659 2621 3712 5.
2646 3658 2761 3727 24).
2793 3659 2865 3713 Ita
2893 3661 3052 3716 etiam
3082 3663 3230 3717 illum
3258 3706 3272 3730 ,
3307 3666 3396 3734 qui
3426 3665 3610 3723 decem

2024 3749 2187 3804 millia
2241 3749 2434 3804 talenta
2479 3748 2708 3805 debebat
2759 3751 2898 3818 sibi,
2953 3768 3057 3808 non
3110 3757 3342 3826 punivit;
3393 3773 3613 3815 conser—

2025 3858 2146 3896 vum
2199 3851 2378 3896 autem
2443 3852 2654 3898 centum
2709 3843 2958 3899 denarios
3004 3847 3302 3918 exigentem
3344 3852 3610 3922 supplicio

2022 3933 2216 3989 affecit.
2239 3931 2456 3998 Deinde,
2495 3951 2560 3989 ne
2587 3935 2796 3991 timeret
2829 3937 3039 4002 mulier,
3070 3955 3137 3994 ne
3157 3953 3376 4010 promer
3403 3944 3601 3998 coitum

2021 4035 2166 4081 esset
2204 4027 2510 4091 immunda,
2560 4027 2688 4081 dicit
2739 4045 2750 4081 :
2807 4030 2894 4082 14.
2949 4030 3310 4100 Sanctiﬁcatus
3361 4048 3432 4090 est
3473 4040 3608 4090 enim

2022 4119 2097 4171 vir
2135 4118 2356 4186 inﬁdelis
2403 4134 2490 4187 per
2517 4118 2810 4185 mulierem,
2862 4129 2908 4173 et
2935 4123 3252 4189 sanctiﬁcata
3307 4137 3378 4178 est
3426 4130 3608 4182 mulier

2020 4209 2238 4276 inﬁdelis
2290 4226 2376 4279 per
2407 4211 2587 4262 virum.
2621 4211 2777 4279 Atqui
2805 4212 2848 4264 si
2901 4212 2964 4278 is,
3012 4214 3100 4281 qui
3128 4217 3396 4270 meretrici
3425 4219 3607 4272 adhae-

2021 4312 2124 4366 ret,
2158 4317 2316 4354 unum
2347 4316 2542 4370 corpus
2589 4310 2704 4368 est,
2755 4302 2928 4370 palam
2974 4312 3056 4357 est
3104 4319 3244 4368 eam,
3293 4321 3410 4373 qua:
3439 4307 3608 4361 idolo‘

2023 4392 2170 4444 latrre
2218 4390 2477 4452 adhaeret,
2540 4407 2700 4444 unum
2749 4407 2946 4459 eurpus
2983 4408 3102 4447 esse
3136 4412 3148 4446 :
3180 4410 3342 4448 unum
3391 4398 3605 4466 quidem

2023 4495 2103 4539 est
2130 4498 2354 4552 corpus,
2400 4492 2454 4536 at
2495 4497 2602 4537 non
2636 4483 2694 4536 lit
2739 4482 3047 4550 immunda,
3100 4485 3194 4540 sed
3241 4486 3402 4541 vincit
3455 4505 3608 4542 niuri-

2023 4575 2149 4628 ditia
2201 4573 2444 4628 mulieris
2493 4574 2591 4628 viri
2657 4573 3048 4629 immunditiam
3103 4592 3120 4631 :
3172 4579 3336 4633 vincit
3399 4597 3611 4650 quoque

2025 4665 2283 4720 munditia
2315 4666 2412 4721 viri
2441 4665 2616 4722 ﬁdelis
2647 4667 3036 4722 immunditiam
3069 4672 3309 4726 mulieris
3353 4672 3604 4728 inﬁdelis.

2094 4760 2147 4814 '5.
2170 4758 2278 4814 Cur
2305 4774 2432 4830 ergo
2465 4759 2551 4815 hic
2585 4761 2722 4814 victa
2749 4761 3199 4828 estimmunditia,
3231 4764 3452 4834 ideoque
3477 4781 3610 4820 con-

2023 4853 2233 4908 cubitus
2263 4852 2628 4922 permittitur;
2676 4853 2728 4907 in
2781 4853 3002 4908 muliere
3030 4866 3205 4908 antem
3236 4856 3473 4911 adultera
3504 4875 3611 4911 nrn

2023 4947 2229 5001 crimini
2269 4946 2425 5001 datur
2459 4945 2607 5010 viro,
2649 4960 2770 4999 cum
2805 4946 2948 5000 illam
2979 4948 3159 5015 ejicit?
3188 4948 3318 5015 Quia
3348 4950 3433 5004 hic
3488 4965 3614 5020 spes

2024 5048 2105 5095 est
2131 5039 2246 5094 fore
2273 5046 2328 5091 ut
2355 5052 2449 5107 per
2475 5037 2872 5091 matrimonium
2904 5054 3024 5106 pars
3048 5039 3132 5092 illa
3157 5057 3272 5108 quae
3292 5041 3497 5107 peribat
3522 5057 3610 5094 sa-

2028 5132 2188 5186 lutem
2223 5138 2626 5198 consequatur;
2656 5129 2764 5182 illic
2799 5146 2927 5182 vero
2967 5131 3365 5184 malrinmniurn
3393 5132 3502 5200 jam
3527 5148 3612 5186 Su-

2026 5220 2194 5274 lutum
2235 5227 2317 5273 est
2348 5236 2359 5270 :
2386 5229 2437 5271 et
2468 5217 2575 5269 illic
2599 5216 2814 5286 quidem
2846 5217 3002 5270 ambo
3033 5230 3483 5289 corrumpuntur,
3527 5223 3612 5275 hic

2027 5325 2154 5364 vero
2180 5309 2398 5363 alterius
2425 5307 2627 5362 crimen
2666 5316 2764 5361 est.
2794 5307 3034 5377 L'xempli
3063 5324 3218 5364 causa
3252 5329 3263 5364 :
3292 5329 3412 5382 qua:
3441 5316 3576 5367 lorni
3595 5346 3609 5352 -

2025 5412 2140 5455 cata
2170 5401 2264 5453 fuit
2288 5442 2301 5464 ,
2335 5398 2660 5454 exsecranda
2688 5409 2833 5454 certe
2859 5408 2958 5454 est.
2992 5400 3045 5455 Si
3075 5418 3200 5472 ergo
3240 5407 3324 5472 qui
3372 5405 3611 5458 adhaeret

2027 5492 2292 5546 meretrici
2321 5532 2335 5556 ,
2375 5506 2537 5544 unum
2569 5505 2762 5560 corpus
2793 5501 2908 5559 est,
2936 5504 2988 5547 et
3021 5494 3257 5560 impurus
3299 5497 3387 5549 ille
3417 5495 3478 5548 ﬁt
3522 5496 3609 5559 qui

2026 5599 2146 5638 cum
2179 5582 2458 5637 meretrice
2483 5583 2772 5648 miscetur;
2816 5584 2937 5638 ideo
2991 5593 3136 5640 certe
3194 5594 3301 5639 tota
3344 5584 3606 5639 munditia

2027 5675 2222 5729 avolat.
2250 5674 2343 5728 llic
2373 5683 2546 5729 autem
2575 5690 2678 5727 non
2706 5676 2782 5729 sic
2807 5692 2820 5739 ;
2851 5675 2942 5728 sed
2971 5675 3273 5743 quomodo?
3303 5674 3606 5727 immundus

2029 5778 2108 5824 est
2140 5767 2412 5824 idololatra
2441 5809 2452 5835 ,
2488 5767 2578 5824 sed
2607 5767 2797 5822 mulier
2829 5783 2933 5822 non
2966 5778 3046 5822 est.
3077 5765 3368 5821 immunda.
3403 5761 3536 5814 Nam
3568 5757 3607 5812 si
