3986 6202
344 304 444 361 Ιΐίῠ

343 434 566 480 consors
591 417 691 486 ipsi
712 419 855 470 esset
887 410 940 465 in
973 407 1059 463 illa
1089 419 1149 460 re
1165 397 1459 459 secundum
1486 404 1646 464 quam
1690 386 1921 486 immun-

347 475 580 579 dusest,
611 475 663 563 in
690 505 984 575 impietate,
1009 499 1246 568 inquam,
1275 493 1389 561 ipsa
1420 497 1632 558 quoque
1655 475 1925 579 immunda

348 570 488 664 liuet
514 625 528 660 :
558 570 700 659 nunc
725 570 903 653 autem
939 593 1045 648 alio
1074 587 1234 645 modo
1263 580 1568 639 immundus
1597 585 1679 632 est
1703 570 1929 629 idolola-

351 711 462 765 tra;
505 697 557 750 in
601 693 702 748 alia
729 698 906 745 autem
932 701 992 741 re
1020 682 1119 753 ipsi
1159 677 1400 750 jungitur
1430 687 1596 736 uxor,
1629 670 1679 722 in
1710 681 1811 737 qua
1844 664 1933 717 ille

354 788 660 848 immundus
683 800 787 840 non
814 791 917 837 est.
951 774 1285 834 Connubium
1307 770 1449 824 enim
1467 774 1550 821 est
1569 772 1624 818 et
1647 772 1933 830 corporum

354 883 560 947 mixtio,
592 881 644 934 in
684 892 787 947 qua
826 883 910 929 est
956 869 1208 928 societas.
1255 864 1334 919 Ad
1377 862 1492 915 haec
1540 871 1668 913 vero
1707 868 1828 923 spes
1849 857 1937 947 est

355 977 506 1034 il.qu
556 971 625 1026 ab
672 982 841 1023 uxore
889 970 1198 1020 revocatum
1248 955 1348 1021 iri,
1398 951 1484 1006 cui
1532 947 1788 1002 adlueret.
1847 941 1938 994 Ille

359 1076 537 1121 autem
585 1062 721 1116 alius
767 1073 871 1111 non
922 1055 996 1108 ita
1036 1050 1190 1104 facile
1232 1038 1603 1118 (curabitur).
1657 1033 1940 1105 Quomodo

359 1160 450 1214 illa
494 1171 652 1221 uxor,
705 1166 825 1222 qua:
855 1149 1028 1218 ipsum
1072 1143 1223 1215 prius
1272 1137 1533 1194 dedecore
1562 1131 1757 1192 affecit,
1789 1136 1842 1182 et
1867 1126 1944 1179 al-

364 1250 466 1306 teri
496 1262 557 1302 se
593 1217 796 1301 dedidit
833 1217 1060 1310 iuraque
1097 1228 1418 1289 matrimonii
1450 1223 1717 1285 abolevit,
1751 1217 1940 1288 injuria

367 1339 616 1396 aﬁ‘ectum
661 1346 917 1391 revocare
964 1325 1194 1398 poterit;
1227 1338 1346 1378 cum
1397 1318 1629 1373 maxime
1658 1315 1749 1370 ille
1792 1310 1943 1381 quasi

367 1432 680 1506 peregrinus
707 1423 959 1483 maneat?
990 1423 1256 1476 Praeterea
1284 1423 1459 1468 autem
1491 1418 1612 1480 post
1646 1404 1948 1462 fornicatio-

371 1495 743 1584 itemvmaritus
764 1533 867 1572 non
885 1525 968 1570 est
989 1516 1122 1567 ultra
1151 1507 1372 1563 maritus
1392 1524 1405 1558 :
1428 1503 1515 1557 hic
1533 1508 1712 1556 autem
1732 1495 1945 1561 mulier,

372 1621 496 1672 licet
522 1613 660 1670 idola
688 1610 848 1672 colat,
875 1605 972 1660 viri
999 1603 1086 1674 ius
1107 1616 1212 1656 non
1250 1596 1464 1653 amittit.
1493 1594 1602 1649 Nec
1629 1592 1748 1646 sine
1787 1602 1948 1645 causa

375 1725 497 1763 cum
527 1705 726 1762 inﬁdeli
754 1701 977 1761 habitat,
1001 1696 1095 1751 sed
1124 1696 1241 1764 ipso
1265 1691 1512 1744 volente:
1543 1687 1768 1756 ideoque
1789 1684 1946 1738 dixit:

378 1800 440 1854 l'It
467 1801 573 1867 ipse
601 1794 841 1851 consentit
868 1791 1096 1844 habitare
1123 1801 1236 1840 cum
1259 1783 1370 1838 illa.
1399 1780 1535 1849 Quid
1559 1779 1724 1844 enim,
1747 1791 1950 1848 quaeso,

375 1887 681 1947 detrimenti
708 1884 887 1948 fuerit,
907 1897 1028 1936 cum
1058 1894 1121 1936 ea
1142 1891 1262 1949 quae
1282 1875 1348 1929 ad
1378 1875 1688 1944 religionem
1710 1879 1956 1941 spectant

379 1989 581 2054 integra
611 1982 888 2043 maneant,
929 1980 983 2029 et
1030 1971 1098 2026 de
1123 1967 1321 2024 inﬁdeli
1356 1969 1494 2020 bona
1521 1978 1644 2035 spes
1669 1963 1756 2027 sit,
1781 1965 1823 2016 si
1846 1962 1954 2031 iam

378 2083 504 2129 sunt
539 2070 808 2141 coniugati
849 2071 1138 2128 maneant,
1168 2077 1268 2116 nec
1297 2056 1550 2128 superﬁui
1595 2055 1716 2110 belli
1749 2055 1959 2109 occasio

380 2162 699 2222 inducatur?
718 2175 888 2231 neque
907 2159 1050 2214 enim
1071 2157 1157 2210 hic
1172 2153 1406 2223 loquitur
1432 2151 1498 2204 de
1516 2150 1579 2203 iis
1605 2149 1693 2219 qui
1724 2147 1959 2202 nondum

376 2250 547 2322 iuncti
597 2256 741 2313 sunt,
773 2243 869 2300 sed
918 2242 987 2297 de
1015 2239 1333 2310 coniugatis.
1384 2234 1499 2288 Non
1529 2233 1671 2288 enim
1697 2232 1830 2286 dixit
1860 2249 1874 2286 :
1905 2232 1960 2285 Si

295 2379 299 2386 -
380 2344 499 2413 quis
523 2341 650 2394 velit
672 2338 915 2404 accipere
935 2331 1202 2387 inﬁdelem
1229 2345 1243 2381 :
1274 2329 1389 2392 sed,
1410 2324 1470 2380 Si
1491 2325 1600 2392 quis
1616 2322 1760 2376 habet
1781 2324 1964 2390 inﬁde-

385 2436 516 2494 lem;
544 2431 594 2486 id
612 2437 717 2492 est,
744 2427 789 2482 si
810 2425 928 2496 quis
948 2433 1224 2493 postquam
1250 2417 1518 2476 connubio
1537 2417 1753 2485 junctus
1781 2414 1960 2482 fuerit,

387 2522 616 2592 accipiat.
655 2517 879 2574 verbum
912 2516 1009 2584 piae
1047 2512 1359 2583 religionis;
1412 2508 1606 2565 deinde
1633 2523 1755 2578 pars
1795 2508 1964 2562 altera

387 2613 644 2671 manserit
669 2613 721 2665 in
747 2608 1055 2666 inﬁdelitate
1077 2650 1092 2676 ,
1122 2605 1353 2674 velitque
1381 2614 1555 2659 tamen
1585 2617 1685 2656 una
1703 2600 1962 2664 habitare,

394 2721 463 2761 ne
491 2709 768 2773 separetur
801 2716 815 2754 :
850 2698 1214 2766 Sanctificatus
1243 2696 1378 2751 enim
1402 2702 1508 2759 est,
1539 2692 1732 2762 inquit,
1777 2691 1854 2744 vir
1881 2691 1967 2744 in-

393 2798 559 2866 fidelis
589 2812 676 2866 per
717 2807 945 2848 uxorem.
989 2791 1160 2846 Tanta
1190 2799 1273 2846 est
1317 2785 1592 2842 munditia:
1649 2795 1752 2840 tua:
1793 2784 1966 2853 copia.

393 2890 529 2960 Quid
560 2904 707 2958 ergo,
739 2896 1026 2942 sanctusne
1051 2893 1134 2938 est
1163 2882 1419 2954 gentilis?
1446 2879 1787 2949 Nequaquam
1816 2896 1828 2930 :
1864 2891 1968 2930 non

392 2982 534 3038 enim
563 2981 714 3046 dixit,
737 2977 965 3035 Sanctus
989 2983 1101 3042 est;
1130 2975 1244 3039 sed,
1271 2972 1632 3040 Sanctiﬁcatus
1649 2979 1719 3023 est
1741 2985 1830 3039 per
1846 2983 1974 3021 umo-

395 3091 521 3127 rem.
555 3072 668 3127 lloe
696 3085 856 3141 porro
879 3067 1032 3134 dixit,
1060 3082 1165 3120 non
1199 3073 1256 3120 ut
1279 3072 1520 3118 sanctum
1551 3063 1697 3116 illum
1727 3059 1971 3115 declara-

396 3176 499 3232 ret,
519 3165 612 3221 sed
631 3175 685 3217 ιιι
700 3163 824 3217 hinc
843 3160 1201 3233 magisuxoris
1217 3167 1414 3214 metum
1432 3156 1745 3226 depelleret,
1770 3154 1942 3224 ipsum
1959 3183 1976 3196 -

397 3273 501 3328 que
523 3255 592 3311 ad
623 3254 861 3310 veritatis
901 3252 1222 3309 desiderium
1253 3248 1546 3304 induceret.
1577 3246 1692 3302 Non
1737 3246 1878 3301 enim
1926 3245 1976 3298 in

398 3347 713 3419 corporibus
740 3344 1040 3416 coniugatis
1063 3352 1146 3399 est
1175 3340 1505 3397 immunditia
1527 3380 1542 3406 ,
1593 3338 1688 3394 sed
1717 3338 1769 3392 in
1811 3338 1981 3392 libero

400 3440 620 3495 arbitrio
646 3447 702 3495 et
727 3435 1160 3509 cogitationibus.
1193 3433 1329 3489 Hinc
1351 3433 1590 3503 sequitur
1612 3429 1878 3500 probatio.
1925 3429 1981 3485 Si

404 3533 544 3588 enim
566 3529 837 3586 immunda
864 3541 1087 3582 manens
1107 3524 1314 3596 gignis;
1348 3524 1520 3578 infans
1546 3530 1722 3576 autem
1769 3536 1873 3574 non
1905 3527 1985 3573 est

405 3642 469 3680 ex
511 3635 562 3680 te
587 3624 735 3689 sola;
781 3620 1090 3677 immundus
1116 3635 1244 3688 ergo
1270 3626 1352 3672 est
1397 3617 1592 3680 infans,
1624 3623 1716 3669 aut
1737 3628 1800 3668 ex
1827 3613 1988 3666 dimi-

406 3720 491 3772 dia
525 3727 675 3787 parte
721 3715 951 3770 mundus
980 3731 992 3767 :
1026 3729 1167 3768 nunc
1193 3721 1369 3766 autem
1399 3719 1613 3764 nonest
1661 3707 1988 3763 immundus.

414 3811 646 3879 Ideoque
679 3807 984 3876 subiungit:
1004 3805 1243 3872 Alioquin
1262 3802 1355 3871 ﬁlii
1373 3802 1520 3854 vestri
1542 3800 1787 3853 immundi
1805 3807 1987 3860 essent;

413 3917 544 3954 nunc
573 3907 741 3952 autent
766 3896 930 3951 sancti
954 3904 1106 3959 sunt;
1135 3893 1186 3947 id
1208 3901 1311 3958 est,
1333 3907 1438 3944 non
1454 3890 1731 3944 immundi.
1751 3889 1841 3944 Ille
1865 3902 1992 3942 vero

413 4000 629 4046 sanctos
643 3990 786 4060 ipsos
803 3986 1034 4052 vocavit,
1050 3993 1108 4038 ut
1123 3986 1172 4037 vi
1191 3985 1472 4038 verborum
1493 3981 1793 4049 huiusmodi
1817 3980 1994 4049 suspi-

417 4083 588 4137 cionis
609 4089 807 4137 metum
835 4079 1158 4134 elimiuaret.
1193 4077 1277 4131 l5.
1310 4076 1371 4130 Si
1396 4084 1560 4128 autem
1581 4073 1803 4142 inﬁdelis
1831 4072 1994 4125 disce-

422 4179 518 4244 dit,
548 4174 792 4231 discedat.
819 4172 918 4228 Hic
940 4171 1082 4228 enim
1113 4169 1252 4224 nulla
1279 4176 1363 4224 est
1390 4167 1689 4221 fornicatio.
1735 4163 1871 4232 Quid
1899 4163 1998 4218 sibi

427 4270 539 4324 vult
567 4277 744 4322 autem
790 4262 920 4321 illud
951 4280 964 4317 :
996 4261 1230 4332 Inﬁdelis
1264 4260 1306 4314 si
1335 4258 1541 4312 discedit
1573 4266 1661 4311 aut
1695 4267 1958 4327 separatur
1977 4256 2002 4307 ?

430 4363 590 4418 Verbi
621 4361 787 4433 gratia
818 4358 864 4414 si
893 4368 943 4414 te
967 4357 1119 4428 iubet
1139 4353 1441 4410 sacriﬁcare
1467 4360 1558 4405 aut
1583 4349 1783 4406 sociam
1816 4349 2004 4418 impie-

426 4457 552 4510 tatis
581 4469 704 4509 esse
730 4461 949 4523 propter
989 4448 1339 4514 connubium,
1367 4447 1449 4500 vel
1477 4444 1786 4505 discedere;
1816 4442 2008 4497 u'telius

428 4556 511 4600 est
549 4545 812 4612 disrumpi
860 4541 1206 4606 connubium,
1260 4553 1419 4609 quam
1477 4537 1616 4605 piam
1669 4535 2005 4604 religionem.

428 4638 763 4704 Quapropter
813 4631 996 4687 subdit
1024 4649 1036 4683 :
1073 4631 1195 4685 Non
1225 4630 1357 4684 enim
1387 4625 1615 4681 servituti
1643 4625 1893 4686 subiectus
1932 4635 2009 4679 est

434 4731 592 4798 frater
618 4733 705 4779 aut
732 4740 877 4777 soror
901 4723 953 4775 in
989 4721 1236 4793 ejusmodi
1266 4721 1431 4774 rebus.
1461 4716 1517 4773 Si
1547 4716 1785 4786 quotidie
1830 4731 1892 4770 ea
1945 4717 2013 4772 de

426 4832 598 4873 causa
627 4823 828 4886 pugnet
855 4824 907 4869 et
952 4814 1147 4868 bellum
1178 4821 1426 4876 moveat,
1459 4810 1648 4881 inquit,
1704 4810 1894 4865 melius
1934 4820 2017 4864 est

438 4909 697 4980 separari.
738 4899 851 4962 Hoc
879 4906 1022 4961 enim
1054 4905 1492 4960 subiudicatcum
1536 4903 1699 4959 dicit:
1729 4902 1797 4957 In
1842 4920 2016 4974 pacem

437 5015 608 5057 autem
637 5002 827 5056 vocavit
865 5017 957 5055 nos
988 4998 1145 5054 Deus.
1199 4998 1291 5054 Ille
1318 4999 1459 5054 enim
1499 4998 1609 5068 iam
1637 5013 1852 5054 causam
1881 5013 2016 5070 prae-

444 5093 577 5158 buit,
609 5103 666 5149 ut
692 5094 738 5149 is
760 5095 849 5164 qui
879 5092 1170 5148 fornicatus
1199 5100 1298 5146 est.
1330 5091 1413 5147 t6.
1443 5091 1578 5158 Quid
1603 5093 1737 5144 enim
1755 5093 1872 5156 scis,
1903 5108 2016 5145 mtt-

444 5186 558 5247 lier,
599 5187 642 5238 si
682 5187 842 5239 virum
889 5187 1084 5241 salvum
1109 5185 1307 5256 facies?
1353 5184 1463 5239 Hoc
1515 5183 1744 5238 refertur
1773 5183 1836 5238 ad
1869 5183 2018 5247 illud,

453 5275 536 5330 Ne
564 5276 780 5329 dimittat
808 5277 994 5343 ipsum.
1026 5276 1157 5330 Nam
1188 5279 1233 5330 si
1275 5276 1454 5331 turbas
1487 5292 1591 5330 non
1615 5284 1812 5340 movet,
1843 5291 2019 5340 mane,

447 5368 658 5438 inquit;
691 5367 813 5421 hinc
860 5369 1000 5421 enim
1027 5367 1234 5420 lucrum
1265 5370 1524 5433 refertur;
1575 5385 1747 5434 mane,
1784 5369 2022 5432 hortare,

447 5459 729 5516 consilium
750 5457 875 5513 dato
891 5468 942 5514 et
961 5458 1247 5528 persuade:
1268 5461 1440 5515 nullus
1458 5463 1596 5516 enim
1619 5464 1807 5518 doctor
1825 5470 2024 5515 tantum

451 5554 669 5624 poterit,
696 5560 952 5624 quantum
976 5567 1128 5606 uxor.
1152 5551 1336 5618 Neque
1370 5553 1593 5622 imponit
1625 5555 1701 5608 illi
1735 5555 2026 5609 necessita—

453 5656 584 5710 tem.
612 5661 784 5716 neque
806 5660 918 5700 rem
949 5648 1018 5697 ab
1048 5645 1135 5698 illa
1155 5644 1337 5714 exigit,
1369 5659 1435 5698 ne
1466 5648 1676 5715 gravius
1699 5662 1832 5700 onus
1861 5650 2031 5714 impo-

455 5745 562 5802 nat,
588 5736 841 5808 iubetque
870 5755 935 5793 ne
973 5737 1254 5806 desperet;
1281 5737 1372 5792 sed
1409 5753 1518 5791 rem
1557 5738 1606 5796 iu
1644 5737 1814 5792 futuro
1847 5741 2022 5794 incer-

1087 289 1142 346 s.
1180 277 1456 344 JOANNIS
1485 235 1965 332 ‘cuavsosrout

2087 258 2323 317 iClllEP.
2363 256 2894 316 CONSTANTINOP.

2040 384 2146 430 tam
2174 389 2228 434 et
2258 397 2570 451 suspensam
2604 386 2872 456 relinquit,
2905 385 3090 441 dicens
3119 402 3132 440 :
3167 383 3304 451 Quid
3335 381 3466 436 enim
3499 381 3618 441 scis,

2034 471 2238 538 mulier,
2287 475 2333 528 si
2362 477 2520 529 virum
2567 478 2761 531 salvum
2788 478 2945 547 facies
2971 477 3112 531 .’aut
3139 479 3262 548 quid
3301 479 3420 541 scis,
3443 479 3516 531 vir
3537 520 3553 543 ,
3576 478 3622 531 si

2038 566 2296 619 mulierem
2323 569 2514 622 salvam
2544 568 2738 637 facies?
2762 579 2816 624 et
2853 585 3064 624 rursum
3098 586 3111 622 :
3147 570 3232 623 ΓΙ.
3267 567 3386 622 Nisi
3415 568 3620 621 unicui-

2037 673 2132 725 que
2174 659 2302 711 sicut
2330 659 2495 714 divisit
2532 660 2691 727 Deus,
2721 677 3120 731 unumquemque
3145 661 3276 714 sicut
3303 660 3494 714 uocauit
3518 658 3621 713 Do-

2040 751 2225 811 minus,
2250 752 2321 805 ita
2346 754 2454 821 ipse
2469 755 2705 808 ambulet.
2733 755 2817 810 l8.
2840 756 3179 809 Circumcisus
3199 764 3402 809 vocatus
3424 765 3495 808 est
3521 753 3620 808 ali-

2041 845 2192 913 quis?
2231 863 2332 899 non
2385 847 2608 901 adducat
2663 850 2984 918 prteputium.
3036 847 3101 902 In
3146 849 3392 920 prteputio
3439 848 3625 916 aliquis

2043 947 2247 990 vocatus
2274 940 2382 992 est?
2407 956 2506 992 non
2550 940 2957 995 circumcidatur.
3007 941 3092 997 i9.
3123 941 3452 995 Circumcisio
3498 940 3629 993 nihil

2044 1036 2138 1093 est,
2165 1037 2213 1080 et
2239 1029 2542 1098 prtrputium
2566 1030 2697 1084 nihil
2714 1040 2822 1095 est;
2847 1031 2936 1084 sed
2973 1031 3250 1084 observatio
3271 1031 3628 1083 mandatorum

3519 239 3618 297 156

2052 1117 2160 1171 Dei.
2190 1118 2278 1172 20.
2326 1119 2681 1192 Unusquisque
2719 1123 2770 1175 in
2797 1140 2898 1192 qua
2923 1124 3179 1176 vocatione
3206 1134 3410 1178 vocatus
3437 1133 3528 1190 est,
3575 1126 3628 1175 in

2047 1227 2106 1263 ea
2134 1223 2441 1280 permaneat.
2471 1213 2558 1268 ‘21.
2586 1213 2773 1269 Servus
2797 1226 2999 1269 vocatus
3039 1215 3128 1270 es?
3148 1233 3247 1269 non
3273 1217 3337 1269 sit
3359 1217 3444 1269 tibi
3469 1231 3628 1270 curre.

2051 1302 2177 1357 Haec
2205 1305 2269 1357 ad
2304 1304 2464 1358 ﬁdem
2491 1305 2620 1360 nihil
2641 1306 2960 1374 conferunt,
2992 1308 3164 1378 inquit
3200 1326 3214 1363 :
3258 1324 3325 1362 ne
3351 1325 3477 1379 ergo
3500 1327 3632 1364 con-

2054 1395 2240 1449 tendas
2270 1411 2440 1466 neque
2463 1398 2693 1453 turberis
2723 1416 2736 1451 :
2767 1399 2898 1454 ﬁdes
2927 1400 3067 1454 enim
3098 1400 3210 1454 hmc
3245 1401 3421 1455 omnia
3451 1402 3630 1471 eiecit.

2057 1484 2410 1557 Unusquisque
2437 1489 2490 1542 in
2519 1505 2618 1559 qua
2647 1491 2901 1546 vocatione
2927 1500 3131 1545 vocatus
3153 1501 3244 1554 est,
3269 1494 3322 1545 in
3353 1508 3410 1547 ea
3437 1510 3637 1563 perma-

2053 1588 2188 1631 neat.
2252 1578 2483 1634 Uxorcm
2531 1582 2732 1636 habens
2780 1582 3047 1639 inﬁdelem
3091 1594 3307 1639 vocatus
3335 1585 3435 1640 es?
3481 1600 3639 1640 mane

2055 1682 2178 1722 cum
2208 1668 2297 1723 illa
2330 1689 2343 1725 :
2372 1686 2438 1726 ne
2479 1681 2699 1742 pr0pter
2729 1672 2884 1728 ﬁdem
2911 1675 3094 1744 ejicias
3143 1691 3388 1729 uxorem.
3439 1675 3641 1731 Servus

2057 1771 2274 1815 vocatus
2301 1764 2398 1816 es?
2430 1779 2496 1818 ne
2525 1764 2595 1819 sit
2643 1765 2735 1819 tibi
2765 1781 2908 1821 ειη-ιε
2937 1784 2948 1819 :
2975 1781 3162 1821 servus
3193 1781 3369 1820 mane.
3419 1767 3641 1837 Przepu-

2061 1853 2190 1906 tium
2240 1852 2443 1910 habens
2495 1857 2803 1911 credidisti?
2850 1873 2971 1912 eum
3014 1861 3274 1928 przeputio
3311 1875 3488 1914 mane.
3517 1857 3643 1914 Cir—

2061 1945 2328 2001 cumcisus
2344 1947 2614 2002 credidisti
2635 1950 2657 2001 '.-'
2676 1964 2830 2005 mane
2852 1951 3219 2005 circumcisus.
3243 1951 3351 2005 Hoc
3378 1951 3522 2005 enim
3540 1951 3646 2006 sibi

2062 2036 2173 2091 vult
2191 2036 2317 2090 illud
2347 2053 2361 2089 :
2401 2037 2751 2109 Unusquisque
2771 2041 2897 2094 sicut
2915 2039 3082 2094 divisit
3109 2039 3261 2094 Deus.
3295 2040 3419 2095 Haec
3446 2040 3647 2111 quippe

2065 2147 2170 2184 non
2214 2140 2342 2185 sunt
2367 2131 2744 2201 impedimenta
2787 2132 2854 2187 ad
2893 2134 3162 2202 pietatem.
3195 2133 3275 2188 Tu
3307 2150 3432 2188 cum
3457 2149 3650 2190 servus

2065 2237 2234 2285 esses,
2267 2232 2486 2278 vocatus
2523 2238 2582 2277 es
2615 2240 2626 2274 :
2672 2223 2809 2280 alius
2848 2239 3068 2278 uxorem
3100 2222 3304 2280 habens
3333 2224 3606 2280 infidelem
3630 2265 3648 2292 ,

2067 2315 2201 2369 alius
2240 2316 2606 2371 circumcisus.

2136 2414 2190 2467 4.
2224 2413 2412 2483 Papae!
2440 2412 2648 2465 ubinam
2681 2413 2990 2465 servitmem
3019 2409 3233 2479 posuit?
3257 2409 3325 2466 Ut
3351 2409 3479 2464 nihil
3502 2409 3653 2479 iurat

2068 2507 2403 2562 circumcisio
2428 2548 2442 2570 ,
2491 2503 2727 2572 nihilque
2769 2512 2924 2556 nocet
2967 2502 3312 2571 praeputium,
3360 2501 3438 2555 sic
3481 2516 3654 2571 neque

2071 2598 2304 2652 servitus
2332 2610 2504 2666 neque
2533 2594 2770 2648 libertas.
2805 2592 2976 2661 thue
3005 2591 3131 2646 illud
3161 2591 3359 2646 clarius
3387 2606 3451 2646 ex
3478 2590 3653 2644 abun-

2071 2688 2249 2743 dantia
2293 2687 2568 2748 ostendat,
2600 2685 2716 2738 ait:
2749 2683 2854 2736 Sed
2885 2683 2929 2737 si
2970 2693 3110 2752 potes
3149 2683 3262 2750 ﬁeri
3302 2681 3452 2746 liber,
3496 2681 3659 2752 magis

2072 2792 2251 2845 utere;
2284 2779 2384 2833 hoc
2412 2788 2513 2840 est,
2547 2775 2713 2846 magis
2737 2776 2957 2829 servias.
2989 2773 3058 2828 Et
3079 2788 3174 2827 cur
3195 2788 3340 2836 eum,
3367 2773 3456 2842 qui
3491 2772 3659 2841 possit

2076 2873 2211 2929 liber
2239 2871 2378 2927 efﬁci
2404 2912 2418 2935 ,
2449 2870 2600 2939 iubet
2627 2884 2841 2924 servum
2884 2865 3146 2920 ritanere?
3177 2865 3242 2921 Ut
3270 2867 3520 2920 ostendat
3547 2879 3660 2918 ser-

2080 2975 2332 3031 virtutem
2360 2971 2494 3026 nihil
2516 2968 2728 3032 laedere,
2755 2965 2865 3020 imo
2888 2961 3164 3034 prodesse.
3189 2958 3299 3014 Nec
3325 2957 3518 3029 ignoro
3541 2957 3664 3028 qui-

2082 3067 2202 3121 dem
2235 3063 2499 3134 quosdam
2531 3073 2652 3115 esse
2678 3056 2771 3128 qui
2804 3053 2957 3117 illud,
2991 3049 3164 3117 Magis
3199 3058 3362 3112 utere,
3389 3047 3456 3102 de
3496 3047 3664 3101 liber-

2087 3166 2199 3212 tate
2227 3156 2431 3210 dictum
2463 3167 2587 3207 esse
2615 3155 2827 3220 putent,
2868 3145 3112 3198 dicentes
3140 3158 3153 3192 :
3191 3138 3247 3192 Si
3291 3148 3466 3207 potes,
3496 3138 3664 3193 liber-

2087 3255 2248 3304 tatem
2290 3244 2608 3315 adipiscere.
2639 3237 2744 3294 Sed
2775 3237 2927 3290 Pauli
2963 3247 3130 3300 scopo
3167 3230 3324 3285 valde
3348 3230 3662 3300 oppositum

2085 3349 2231 3396 esset
2267 3339 2370 3392 hoc
2393 3337 2618 3396 dictum,
2649 3327 2840 3386 sihoc
2877 3323 3268 3381 subindicaret.
3302 3321 3489 3393 Neque
3517 3323 3663 3378 enim

2087 3433 2198 3493 ille,
2239 3430 2367 3485 dum
2418 3438 2635 3482 servum
2682 3419 2997 3476 consolatur
3036 3415 3277 3486 dicitque
3311 3414 3490 3485 ipsum
3529 3415 3662 3469 nihil

2089 3523 2231 3587 lardi,
2259 3523 2470 3592 iuberet
2498 3534 2620 3574 eum
2650 3515 2955 3570 libertatem
2990 3508 3243 3580 adipisci.
3279 3506 3497 3564 Diceret
3519 3509 3660 3562 enim

2092 3614 2323 3669 fortasse
2351 3610 2620 3682 quispiam
2654 3625 2666 3660 :
2701 3605 2842 3673 Quid
2875 3602 3063 3672 igitur,
3093 3600 3138 3654 si
3183 3615 3290 3654 non
3332 3600 3562 3671 possim,
3591 3616 3659 3654 an

2092 3702 2292 3774 iniuria
2327 3702 2409 3757 vel
2435 3702 2634 3756 damno
2661 3694 2904 3752 afﬁcior?

2167 3808 2231 3855 In
2256 3802 2336 3864 iis,
2360 3815 2472 3870 qua:
2491 3797 2559 3852 ad
2582 3796 2834 3852 Christum
2861 3801 3086 3863 spectant
3115 3804 3284 3844 servus
3311 3795 3356 3841 et
3387 3783 3514 3839 liber
3536 3800 3682 3853 pares

2097 3906 2236 3952 sunt.
2263 3924 2334 3934 —
2359 3892 2472 3947 Non
2502 3891 2604 3945 hoc
2630 3903 2758 3957 ergo
2787 3886 2950 3946 dicit;
2983 3883 3074 3938 sed
3107 3891 3162 3935 ut
3190 3894 3350 3951 supra
3383 3876 3643 3948 explicavi
3662 3913 3675 3934 .

2101 3986 2386 4044 ostendere
2413 3983 2616 4046 volens,
2650 3979 2777 4033 nihil
2806 3978 2922 4050 plus
2947 3976 3222 4032 accedere.
3255 3974 3298 4028 si
3334 3971 3470 4027 liber
3488 3969 3691 4026 efficia-

2107 4090 2213 4145 tur,
2242 4079 2316 4133 ait
2340 4094 2352 4130 :
2381 4074 2597 4130 Etiamsi
2627 4087 2791 4142 penes
2811 4080 2863 4125 te
2889 4078 3050 4133 esset,
3078 4075 3134 4122 ut
3158 4066 3458 4121 libertatem
3483 4063 3694 4131 accipe—

2107 4186 2214 4234 res,
2244 4181 2429 4224 servus
2458 4166 2631 4234 potius
2657 4170 2889 4218 maneto.
2918 4159 3117 4216 Deinde
3138 4172 3353 4212 causam
3376 4153 3686 4223 subiungit:

2107 4263 2196 4318 2'2.
2233 4262 2332 4331 Qui
2359 4261 2491 4314 enim
2518 4259 2571 4312 in
2599 4256 2819 4310 Domino
2849 4262 3051 4308 vocatus
3078 4260 3150 4304 est
3175 4265 3364 4312 servus,
3394 4247 3602 4300 libertus
3623 4252 3694 4297 est

2110 4358 2318 4412 Domini
2350 4375 2366 4408 :
2393 4353 2624 4409 similiter
2648 4351 2732 4420 qui
2765 4349 2888 4402 liber
2913 4355 3117 4400 vocatus
3143 4353 3234 4408 est,
3258 4357 3426 4396 servus
3447 4348 3522 4394 est
3543 4338 3690 4394 Chri-

2113 4455 2195 4508 sti.
2232 4451 2287 4505 Ιιι
2321 4451 2383 4504 iis
2412 4447 2553 4502 enim
2575 4487 2588 4510 ,
2619 4459 2737 4516 qua:
2777 4443 2842 4497 ad
2871 4441 3139 4496 Christum
3181 4445 3458 4506 spectant,
3493 4436 3697 4505 inquit,

2115 4546 2274 4600 ambo
2303 4549 2428 4597 sunt
2458 4553 2610 4610 pares
2641 4555 2654 4592 :
2684 4535 2930 4590 similiter
2958 4540 3013 4586 et
3049 4540 3104 4586 tu
3137 4529 3335 4585 Christi
3367 4542 3558 4582 servus
3579 4568 3593 4590 ,
3625 4525 3701 4578 si-

2119 4635 2313 4692 militer
2336 4633 2497 4686 herus
2519 4639 2659 4684 tuus.
2681 4624 2958 4695 Quomodo
2987 4637 3115 4692 ergo
3131 4635 3314 4675 servus
3336 4627 3418 4674 est
3441 4615 3702 4670 libertus?

2123 4725 2252 4794 Quia
2293 4723 2536 4778 liberavit
2568 4729 2620 4773 te
2642 4761 2654 4783 ,
2688 4733 2792 4773 non
2836 4725 3038 4769 tantum
3069 4729 3099 4767 a
3127 4718 3345 4781 peccato
3369 4751 3384 4771 ,
3417 4709 3511 4764 sed
3545 4709 3703 4762 etiam

2121 4820 2189 4874 ab
2215 4826 2432 4872 externa
2464 4813 2744 4875 servitute,
2771 4809 2896 4864 dum
2925 4820 3110 4862 manes
3130 4820 3338 4860 servus.
3361 4802 3545 4872 Neque
3565 4800 3707 4855 enim

2123 4922 2339 4965 servum
2367 4905 2493 4960 sinit
2515 4917 2633 4958 esse
2657 4915 2890 4958 servum.
2918 4913 3089 4967 neque
3111 4895 3380 4950 hominem
3406 4903 3710 4948 manentem

2127 5003 2179 5057 in
2211 5000 2465 5056 servitute
2489 5014 2502 5050 :
2529 4995 2632 5051 hoc
2655 4995 2795 5049 enim
2825 4991 3067 5045 mirabile
3089 4997 3193 5044 est.
3224 4988 3286 5043 Et
3307 4985 3582 5057 quomodo
3603 5000 3714 5039 ser-

2127 5109 2227 5149 vus
2255 5093 2390 5148 liber
2415 5099 2513 5153 est,
2545 5101 2768 5143 manens
2797 5085 3019 5138 servus?
3041 5081 3263 5150 Quando
3287 5080 3353 5135 ab
3378 5079 3545 5133 animi
3575 5093 3718 5131 mor-

2131 5186 2212 5241 bis
2232 5193 2286 5240 et
2305 5183 2583 5238 aﬁ‘ectihus
2609 5179 2896 5233 liberatur:
2918 5175 3130 5244 quando
3151 5173 3363 5228 divitias
3384 5171 3687 5225 contemnit
3708 5185 3719 5221 :

2133 5278 2266 5332 iram
2293 5286 2622 5342 ca-terosque
2647 5269 2810 5324 animi
2837 5276 3031 5322 motus.
3061 5267 3150 5321 25.
3188 5264 3359 5318 Pretio
3385 5263 3544 5333 empti
3563 5263 3682 5317 estis
3704 5274 3720 5310 .-

2136 5369 2289 5421 nolite
2315 5366 2426 5434 fieri
2454 5363 2579 5417 servi
2608 5361 2884 5414 hominum.
2915 5358 3025 5413 Hoc
3052 5357 3250 5412 dictum
3279 5365 3381 5420 εει,
3413 5368 3522 5408 non
3550 5353 3724 5406 scrtis

2139 5459 2316 5520 modo,
2348 5457 2441 5512 sed
2477 5456 2633 5510 etiam
2667 5455 2870 5510 liberis.
2917 5453 3098 5507 Potest
3125 5451 3264 5505 enim
3295 5451 3382 5518 qui
3406 5461 3607 5502 servus
3634 5445 3724 5504 sit.

2141 5569 2245 5608 non
2272 5566 2390 5606 esse
2421 5562 2609 5603 servus
2633 5589 2647 5614 ,
2680 5558 2734 5602 et
2768 5549 2856 5616 qui
2902 5546 3068 5611 liber,
3097 5559 3284 5598 servus
3314 5557 3454 5596 esse.
3495 5540 3560 5593 Et
3591 5553 3722 5609 quo-

2141 5644 2300 5700 modo
2321 5643 2408 5712 qui
2440 5656 2624 5694 servus
2654 5651 2753 5703 est,
2778 5655 2962 5693 servus
2994 5652 3098 5691 non
3128 5635 3232 5689 sit?
3257 5632 3484 5698 Quando
3511 5641 3733 5702 propter

2140 5740 2306 5795 Deum
2356 5749 2533 5791 omnia
2575 5733 2792 5800 fecerit,
2826 5730 3036 5806 quando
3081 5744 3185 5784 non
3227 5725 3474 5782 simulate
3517 5724 3690 5793 egerit
3717 5763 3733 5790 ,
