3986 6202
404 239 505 297 157

403 365 515 405 των
536 348 836 421 ἐλευθέρων
850 362 875 391 ι
903 350 1328 422 ἐλευθερώτερος
1344 347 1436 422 ἦν.
1459 352 1538 424 Τῇ
1563 353 1818 427 δεσποίνῃ
1838 352 1968 423 γοῦν

403 432 505 488 οὐκ
534 428 699 500 εἶξεν.
736 435 816 496 είς
856 432 1002 503 άπερ
1043 434 1306 506 ἠθέλησεν
1334 438 1368 505 ὴ
1418 436 1755 507 κεκτημένη.
1801 437 1969 492 Πάλιν

404 515 666 587 ἐλευθέρα
685 513 753 587 ἦν
776 515 981 586 ἐκείνη,
1006 516 1101 569 καὶ
1133 518 1353 571 πάντων
1373 513 1443 588 ἦν
1466 518 1850 591 δουλικωτέρα,
1880 522 1971 576 τὸν

404 600 708 671 θεράποντα
749 599 1117 654 κολακεύουσα
1151 602 1246 655 καὶ
1282 601 1696 672 παρακαλοῦσα·
1729 603 1842 659 ἀλλ’
1872 604 1972 659 οὐκ

353 738 360 751 ,
404 682 587 735 ιπεισε
615 680 707 735 τὸν
751 681 1053 752 ἐλεύθερον,
1086 681 1116 735 δ
1146 680 1221 753 μὴ
1247 682 1503 752 ἠθέλησε,
1553 685 1797 755 ποιῆσαι.
1858 687 1970 741 Οὐκ

400 764 509 834 ἄρα
535 763 744 818 δουλεία
761 764 822 816 τὸ
842 765 1073 834 πρᾶγμα
1088 760 1175 833 ἦν,
1203 764 1316 818 ἀλλ’
1338 765 1664 838 ἐλευθερίαή
1688 768 1967 824 ἀνωτάτω.

401 848 468 899 Τί
493 845 601 918 γάρ
624 844 937 917 ἐνεποδίσθη
960 847 1097 918 πρὸς
1120 848 1321 918 ἀρετήν
1344 849 1550 912 ἐκεῖνος
1580 850 1688 903 ἀπὸ
1717 851 1816 920 τῆς
1849 853 1970 903 δου-

396 924 580 995 λείαςς
630 929 997 983 ’Δκουέτωσαν
1025 930 1201 984 δοῦλοι
1227 931 1322 984 καὶ
1347 931 1617 998 ἐλεύθεροι
1637 948 1652 963 ο
1689 933 1784 996 Τίς
1821 931 1968 986 ἐδού-

398 1010 617 1077 λευσεν;
645 1014 674 1065 ό
693 1012 1028 1083 ἀξιούμενος.
1058 1013 1090 1085 ἢ
1136 1015 1170 1085 ή
1202 1014 1455 1081 άξιοῦσας
1487 1017 1520 1086 ἡ
1554 1015 1965 1086 παρακαλοῦσα,

399 1092 549 1165 [165]
579 1094 611 1163 ἢ
645 1097 675 1149 ό
720 1094 1073 1165 καταφρονῶν
1113 1097 1496 1168 ἱκετευούσης
1531 1098 1642 1157 Kal
1672 1096 1780 1169 γὰρ
1829 1097 1966 1151 εἰσὶν

395 1178 511 1246 ὅροι
541 1177 742 1233 δούλων
773 1177 925 1249 παρὰ
954 1178 1048 1233 τοῦ
1075 1178 1210 1233 Θεοῦ
1239 1179 1514 1250 κείμενοι·
1542 1181 1635 1234 καὶ
1676 1181 1836 1253 μέχρι
1862 1178 1964 1235 ποῦ

394 1259 476 1313 δεῖ
502 1258 789 1328 φυλάττειν
820 1260 1037 1329 αὐτοὺς,
1079 1263 1175 1315 καὶ
1219 1260 1379 1315 τοῦτο
1402 1262 1842 1334 νενομοθέτηται,
1872 1264 1966 1317 καὶ

396 1342 743 1414 ὕπερϐαίνειν
800 1343 998 1408 αὐτοὺς
1059 1344 1119 1397 06
1154 1345 1283 1416 χρή.
1346 1346 1518 1399 Ὅταν
1572 1345 1681 1417 γὰρ
1728 1346 1891 1416 μηδὲν
1938 1348 1967 1400 ὁ

394 1427 659 1499 δεσπότης
690 1429 950 1500 ἐπιτάττῃ
979 1428 1089 1483 τῶν
1123 1429 1197 1500 μὴ
1227 1430 1524 1485 δοκούντων
1555 1430 1633 1502 τῷ
1664 1430 1804 1502 Θεῷ,
1834 1431 1965 1485 ἐπε-

397 1508 521 1563 σθαι
552 1510 634 1564 δεῖ
659 1510 754 1564 καὶ
785 1509 1096 1564 πείθεσθαι·
1132 1512 1440 1583 περαιτέρω
1471 1512 1529 1566 65
1568 1513 1796 1583 μηκέτι·
1824 1513 1965 1567 οὕτω

394 1593 504 1662 γάρ
548 1594 576 1645 ὀ
614 1591 798 1654 δοῦλος
840 1592 1122 1663 ἐλεύθερος
1163 1593 1391 1661 γίνεται.
1438 1596 1534 1648 Ἂν
1561 1594 1619 1648 δὲ
1658 1596 1964 1667 περαιτέρω

393 1674 611 1746 προῒης,
644 1673 744 1728 κᾶν
769 1673 1051 1744 ἐλεύθερος
1083 1670 1170 1746 ᾗς,
1202 1675 1389 1743 ἐγένου
1410 1676 1611 1740 δοῦλος.
1635 1676 1805 1730 Τοῦτο
1835 1678 1963 1747 γοῦν

391 1757 687 1809 αἰνίττεται
724 1756 927 1824 λέγων·
954 1756 1052 1823 Μὴ
1090 1757 1330 1826 γίνεσθε
1373 1757 1584 1813 δοῦλοι
1616 1759 1958 1826 ἀνθρώπων.

391 1839 455 1895 Εἰ
486 1838 543 1891 δέ
571 1837 645 1909 μὴ
670 1837 845 1899 τοῦτο,
877 1837 991 1891 ἀλλ’
1018 1840 1272 1894 ἐκέλευσε
1306 1840 1737 1912 καταλιμπάνειν
1765 1841 1960 1894 δεσπό-

387 1938 505 1985 τας,
544 1921 640 1974 καὶ
668 1920 986 1992 ἐλευθέρους
1017 1922 1341 1991 φιλονεικεῖν
1383 1923 1648 1993 γίνεσθαι,
1679 1923 1795 1986 πῶς
1823 1941 1962 1996 παρ-

387 2006 504 2077 ῄνει
553 2004 763 2073 λέγων*
811 2005 1112 2071 ’Ἕκαστος
1159 2006 1230 2059 ἐν
1276 2007 1465 2072 τούτῳ
1505 2004 1752 2076 μενέτω,
1803 2007 1875 2060 ἐν
1913 2007 1961 2071 ᾧ

387 2089 647 2156 ἐκλήθη;
673 2089 769 2142 καὶ
797 2087 1054 2158 ἀλλαχοῦ,
1089 2090 1254 2143 Ὅσοι
1279 2089 1440 2142 εἰσὶν
1476 2090 1592 2143 ὑπὸ
1617 2088 1792 2159 ζυγὸν
1817 2090 1956 2143 δοῦο

386 2175 506 2235 λοι,
544 2169 688 2237 τοὺς
733 2170 922 2236 ἰδίους
952 2171 1254 2235 δεσπότας
1299 2170 1501 2238 πάσης
1531 2170 1705 2240 τιμῆς
1746 2172 1959 2238 ἀξίους

385 2255 789 2324 ἡγείσθωσαν,
817 2253 915 2307 καί
933 2252 1019 2323 μὴ
1042 2256 1607 2322 καταφρονείτωσαν
1625 2259 1679 2308 ot
1704 2256 1959 2323 πιστοὺς

387 2338 633 2406 ἔχοντες
660 2336 980 2401 δεσπότας,
1008 2335 1096 2388 ὅτι
1118 2336 1370 2405 ἀδελφοί
1390 2340 1547 2390 εἰσιν
1574 2341 1627 2391 vl
1655 2338 1761 2408 τῆς
1791 2342 1955 2408 εὐερ-

385 2420 597 2487 γεσίας
642 2419 1250 2486 άντιλαμϐανόμενοι;
1298 2419 1411 2472 Kal
1452 2420 1717 2489 Ἐφεσίοις
1758 2421 1816 2475 δὲ
1864 2423 1959 2475 καὶ

386 2500 796 2559 Κολασσαεῦσιν
827 2501 1175 2563 ἐπιστέλλων,
1211 2502 1276 2554 τὰ
1307 2502 1446 2556 αὑτά
1479 2502 1817 2558 διατάττεται
1865 2507 1958 2559 καὶ

387 2586 690 2657 νομοθετεῖ.
740 2584 905 2640 Ὅθεν
935 2584 1111 2653 δῆλον,
1138 2585 1222 2639 δτι
1264 2587 1324 2639 οὐ
1362 2585 1565 2657 ταύτην
1605 2589 1820 2659 ἀναιρεῖ
1857 2590 1957 2659 τὴν

385 2671 649 2736 δουλείαν,
681 2669 818 2724 ἀλλά
847 2669 945 2740 τὴν
977 2669 1084 2723 ἀπὸ
1119 2671 1218 2739 τῆς
1266 2670 1463 2733 κακίας
1515 2670 1610 2723 καὶ
1652 2670 1957 2743 ἐλευθέροις

385 2754 696 2824 γινομένην,
724 2752 870 2823 ¹ίιπερ
896 2752 1013 2807 ἐστὶ
1040 2751 1418 2822 χαλεπωτάτη,
1442 2751 1544 2806 κᾶν
1568 2753 1849 2824 ἐλεύθερός
1872 2772 1956 2819 τις

385 2834 462 2888 ὢν
514 2836 653 2907 αὐτῇ
694 2834 939 2907 δουλεύῃ.
990 2835 1056 2887 Τί
1095 2834 1204 2904 γάρ
1234 2834 1519 2889 ἀπώναντο
1541 2838 1589 2889 οἱ
1618 2836 1713 2891 τοῦ
1760 2837 1955 2909 Ἰωσήφ

385 2918 603 2986 ἀδελφοὶ
630 2917 901 2987 ἐλεύθεροι
924 2916 1073 2979 ὄντες
1095 2933 1110 2980 ς
1142 2918 1262 2988 οὐχὶ
1292 2917 1507 2971 πάντων
1534 2914 1673 2988 ἦσαν
1696 2920 1803 2973 τῶν
1830 2920 1950 2973 δού-

386 3001 491 3055 λων
518 2999 917 3070 δουλικώτεροι,
959 3000 1055 3053 καὶ
1094 2999 1231 3071 πρὸς
1252 2999 1344 3055 τὸν
1382 3000 1589 3070 πατέρα
1616 3002 1951 3073 ψευδόμενοι,

387 3083 481 3137 καὶ
514 3083 651 3153 1:96;
694 3076 1135 3155 τοὺςέμπόρους
1179 3083 1250 3136 τά
1288 3083 1364 3153 μὴ
1397 3083 1524 3143 ὄντα
1555 3083 1822 3153 λέγοντες,
1861 3087 1955 3140 καὶ

387 3166 525 3237 πρὸς
566 3164 656 3219 τὸν
686 3164 948 3235 ἀδελφόνς
1013 3164 1151 3218 Ἀλλ’
1183 3165 1281 3218 οὐκ
1313 3167 1341 3218 ὁ
1379 3165 1659 3239 ἐλεύθερος
1692 3170 1952 3235 τοιοῦτος,

390 3247 529 3303 ἀλλὰ
561 3246 838 3318 πανταχοῦ
874 3246 969 3303 καὶ
1011 3248 1069 3300 ἐν
1110 3249 1275 3302 πᾶσιν
1301 3247 1504 3321 ἀληθής
1523 3267 1534 3280 ·
1570 3251 1662 3304 καὶ
1685 3252 1835 3305 οὐδὲν
1861 3254 1955 3305 a6-

383 3333 476 3387 τδν
520 3331 888 3387 δουλώσασθαι
926 3331 1184 3402 ἠδυνήθη.
1217 3331 1279 3385 οὐ
1301 3331 1516 3402 δεσμὸς,
1552 3334 1612 3387 οὐ
1633 3334 1864 3400 δουλεία,
1892 3338 1953 3390 οὐ

384 3415 673 3485 δεσποίνης
702 3414 863 3485 ἔρως,
891 3413 952 3467 06
985 3413 1045 3466 τὸ
1067 3417 1123 3467 ἐν
1152 3415 1407 3488 ἀλλοτρίᾳ
1427 3411 1592 3471 εἶναι’
1622 3418 1738 3472 ἀλλ’
1765 3419 1955 3490 ἐμενεν

384 3497 664 3570 ἐλεύθερος
693 3495 986 3567 πανταχοῦ.
1016 3495 1184 3549 Τοῦτο
1215 3498 1323 3570 γὰρ
1367 3498 1602 3568 μάλιστά
1622 3502 1770 3556 ἐστιν
1805 3502 1955 3556 ἐλευ-

384 3581 560 3655 θερία,
587 3582 716 3636 ὅταν
744 3580 839 3637 καὶ
864 3581 922 3633 ἐν
949 3578 1162 3651 δουλείᾳ
1193 3579 1489 3654 διαλάμπῃ.

455 3733 517 3780 ε’.
535 3725 786 3781 Τοιοῦτον
804 3726 832 3779 ό
857 3724 1300 3795 Χριστιανισμό,·
1324 3725 1382 3779 ἐν
1410 3724 1618 3797 δουλείᾳ
1641 3725 1952 3797 ἐλευθερίαν

384 3807 667 3879 χαρίζεται
691 3810 739 3860 ιι.
770 3807 880 3859 Kal
922 3807 1173 3877 καθάπερ
1201 3808 1261 3860 τὸ
1308 3807 1466 3875 φύσει
1495 3810 1735 3880 ἄτρωτον
1770 3809 1949 3879 σῶμα,

383 3892 505 3947 τότε
533 3890 802 3943 δείκνυται
833 3889 1091 3959 ἄτρωτον,
1124 3891 1252 3943 ὅταν
1282 3890 1572 3959 δεξάμενον
1606 3891 1756 3959 βέλος
1785 3893 1952 3961 μηδὲν

386 3973 533 4046 πάθῃ
581 3972 785 4029 δεινόν’
826 3970 968 4025 οὕτω
1010 3972 1103 4024 καὶ
1147 3971 1177 4022 ό
1229 3972 1472 4043 ἀκριϐῶς
1520 3972 1801 4043 ἐλεύθερος
1831 3975 1952 4028 τότε

383 4056 658 4130 φαίνεται,
685 4056 813 4111 ὅταν
844 4054 937 4108 καὶ
961 4053 1226 4116 δεσπότας
1257 4053 1396 4123 ἔχων
1443 4055 1517 4125 μὴ
1546 4053 1808 4125 δουλωθῇ.
1853 4056 1953 4109 Διά

381 4138 544 4197 τοῦτο
585 4137 796 4195 κελεύει
828 4136 1011 4191 δοῦλον
1039 4137 1241 4208 μένειν.
1271 4138 1334 4190 Et
1363 4137 1406 4190 δ’
1431 4137 1493 4190 o6
1520 4136 1740 4191 δυνατὸν
1769 4136 1953 4191 δοῦλον

380 4224 509 4280 ὅντα
545 4218 685 4280 εἶναι
735 4223 1078 4295 Χριστιανὸν,
1133 4216 1245 4277 οἷον
1290 4220 1416 4293 χρὴ,
1472 4221 1676 4294 πολλὴν
1713 4221 1815 4292 τῆς
1863 4222 1952 4275 56-

382 4308 596 4372 σεδείας
638 4307 921 4365 ἀσθένειαν
968 4305 1365 4379 κατηγοροῦσιν
1412 4306 1706 4380 ’Έλληνεςο
1742 4306 1949 4376 ὥσπερ,

380 4394 447 4452 ἂν
472 4393 737 4465 μάθωσιν,
765 4394 846 4448 ὅτι
866 4394 965 4464 τὴν
987 4392 1270 4447 εὐσέϐειαν
1294 4390 1444 4445 οὐδὲν
1465 4390 1691 4460 βλάπτει
1714 4389 1946 4456 δουλεία,

379 4476 749 4547 θαυμάσονται
789 4476 852 4533 τὸ
901 4475 1185 4549 κήρυγμα.
1218 4476 1280 4529 El
1312 4475 1421 4546 γὰρ
1452 4474 1678 4537 θάνατος
1706 4476 1854 4545 ἡμᾶς
1886 4475 1948 4528 οὐ

380 4559 606 4630 βλάπτει
638 4557 758 4615 0665
806 4558 1066 4629 μάστιγες
1111 4559 1232 4613 0665
1276 4556 1472 4627 δεσμὰ,
1528 4555 1710 4625 πολλῴ
1746 4556 1948 4626 μᾶλλον

376 4640 608 4703 δουλεία,
650 4640 762 4711 πῦρ
801 4640 894 4699 καὶ
929 4640 1145 4712 σίδηρος
1177 4639 1271 4693 καὶ⁸
1296 4636 1609 4709 τυραννίδες
1638 4639 1828 4708 μυρίαι
1853 4642 1948 4694 καὶ

377 4725 520 4780 νόσοι
542 4725 635 4778 καὶ
655 4723 837 4778 πενίαι
853 4724 948 4776 καὶ
965 4723 1147 4794 θηρία,
1173 4722 1267 4776 καὶ
1294 4721 1464 4792 μυρία
1478 4720 1683 4775 τούτων
1707 4722 1949 4791 χαλεπώ-

376 4824 535 4879 τερα,
560 4808 659 4861 οὐκ
682 4805 923 4878 ἔϐλαψαν
947 4808 1073 4869 τοὺς
1099 4806 1342 4868 πιστοὺς,
1367 4804 1501 4859 ἀλλὰ
1528 4806 1623 4857 καὶ
1653 4805 1950 4860 δυνατωτέ-

379 4909 507 4965 ρους
545 4889 827 4964 ἐποίησαν.
857 4888 968 4942 Καὶ
1005 4888 1120 4951 πῶς
1150 4888 1362 4943 δουλεία
1392 4887 1593 4958 βλάψαι
1618 4889 1943 4959 δυνήσεται,

376 4976 574 5048 φησίν;
606 4974 720 5051 Οὐχ
746 4973 885 5042 αὕτη
915 4971 1141 5042 βλάπτει
1158 4973 1192 5042 ή
1218 4970 1451 5037 δουλεία,
1472 4972 1740 5041 ἀγαπητέ,
1767 4972 1882 5026 ἀλλ’
1910 4976 1943 5046 ἡ

374 5060 538 5131 φύσει
554 5057 769 5117 δουλεία
791 5058 825 5127 ἡ
854 5055 952 5125 τῆς
975 5056 1270 5128 ἁμαρτίας.
1301 5053 1416 5112 Κάν
1438 5055 1641 5124 ταύτην
1670 5055 1744 5126 μὴ
1760 5051 1824 5129 ᾖς
1850 5056 1947 5126 τὴν

374 5141 619 5199 δουλείαν
631 5139 836 5205 δοῦλος,
859 5138 1051 5218 θάρρει
1071 5139 1166 5195 καὶ
1185 5138 1477 5210 εὐφραίνου
1493 5156 1506 5169 ’
1527 5137 1709 5218 οὐδείς
1721 5155 1782 5191 σε
1796 5138 1947 5193 ούδέν

374 5222 633 5291 ἀδικῆσαι
675 5222 986 5292 δυνήσεται,
1042 5222 1339 5277 ἀδούλωτον
1369 5221 1561 5292 ἔχοντα
1592 5220 1655 5274 τδ
1693 5217 1849 5290 ἦθοςσ
1881 5222 1948 5276 ἂν

373 5307 432 5361 δέ
472 5303 677 5374 ταύτης
722 5302 791 5377 ᾖς
831 5303 1036 5367 δοῦλος,
1075 5305 1181 5358 κᾶν
1219 5308 1480 5376 μυριάκις
1533 5303 1816 5376 ἐλεύθερος
1856 5302 1942 5379 ᾖς,

374 5389 527 5444 οὐδὲν
554 5387 745 5457 ὄφελός
774 5404 857 5442 σοι
880 5387 978 5456 τῆς
1002 5385 1332 5457 ἐλευθερίας.
1356 5387 1421 5439 Τί
1449 5386 1558 5457 γὰρ
1585 5387 1797 5456 ὄφελος,
1826 5388 1947 5442 εἰπέ

382 5489 497 5544 μοι,
540 5471 667 5525 ὅταν
710 5468 984 5540 ἀνθρώπῳ
1029 5470 1128 5541 μὲν
1163 5469 1238 5550 μὴ
1277 5468 1554 5553 δουλεύης,
1602 5472 1714 5534 τοῖς
1751 5470 1808 5526 δὲ
1841 5472 1946 5525 πά-

443 5693 472 5723 ⁸
503 5693 781 5755 Ἐλευθέρων
799 5692 1005 5747 deeslin
1018 5690 1164 5752 Reg.,
1178 5695 1443 5755 905501un
1458 5691 1612 5740 ίιιτεεο
1635 5705 1784 5743 sensu
1805 5693 1946 5742 omit—

388 5753 442 5802 U.
517 5752 549 5793 ’δ
571 5752 832 5822 Legebanlr
855 5754 1140 5817 χαρίζεσθαι,
1162 5752 1205 5803 ει
1237 5765 1367 5812 mox,
1390 5754 1636 5815 εῦτρωτον.

1072 240 1129 295 S.
1162 240 1445 296 JOANNIS
1478 240 1964 299 CHRYSOS'I'OMI
2000 241 2321 299 ARCHIEP.
2364 240 2913 301 CONSTANTINOP.

2074 353 2193 407 θεσι
2221 353 2445 408 σεαυτὸν
2488 353 2954 425 ύποκατακλίνῃς;
3001 355 3065 408 Ol
3107 352 3206 424 μὲν
3238 352 3346 423 γάρ
3374 352 3652 424 ἄνθρωποι

2075 436 2170 489 καὶ
2212 435 2502 506 φείσασθαι
2554 437 2873 490 ἐπίστανται
2909 437 3192 503 πολλάκις,
3240 437 3438 490 ἐκεῖνοι
3491 436 3548 489 δέ
3598 441 3648 491 ot

2074 516 2224 590 [166]
2265 518 2521 573 δεσπόται
2563 519 2819 573 οὐδέποτε
2866 519 3212 590 κορέννυνταί
3262 536 3358 572 σου
3401 520 3500 590 τῆς
3541 521 3658 573 ἀπο

2070 599 2283 665 ωλείας.
2317 601 2598 665 Δουλεύεις
2639 601 2947 673 ἀνθρώπῳς
2989 601 3150 656 Ἀλλά
3192 602 3286 656 καὶ
3311 603 3342 655 δ
3369 603 3649 672 Δεσπότης

2071 698 2153 735 σοι
2180 682 2458 750 δουλεύει,
2502 683 2873 753 διοικούμενος
2916 700 2999 737 σοι
3034 686 3105 738 τά
3133 685 3233 754 τῆς
3277 683 3504 754 τροφῆς,
3528 685 3650 737 ἐπί-

2072 763 2398 835 μελούμενός
2425 783 2520 819 σου
2553 766 2652 836 τῆς
2691 766 2900 834 ὑγιείας
2929 767 3023 821 καὶ
3054 766 3369 836 ἐνδυμάτων
3401 767 3497 821 καὶ
3515 768 3649 820 ὐπο-

2066 846 2129 916 δη
2139 847 2345 916 μάτων,
2396 849 2490 903 καὶ
2523 849 2632 903 τῶν
2664 847 2838 904 ἄλλων
2874 849 3131 903 ἀπάντων
3170 849 3491 921 φροντίζων.
3534 850 3648 905 Kal

2066 931 2162 1002 οὐχ
2187 930 2333 986 οὓτω
2356 933 2420 986 σὺ
2452 932 2717 996 δέδοικας,
2750 933 2827 1003 μὴ
2853 932 3235 1005 προσκρούσεις
3271 932 3350 1002 τῷ
3375 932 3645 1005 Δεσπότη,

2065 1010 2142 1075 ὡς
2173 1014 2377 1076 ἐκεῖνος
2400 1014 2603 1069 δέδοικε
2627 1015 2701 1084 μή
2732 1015 2785 1067 τί
2810 1031 2891 1068 σοι
2919 1013 3029 1069 τῶν
3050 1015 3363 1082 ἀναγκαίων
3392 1013 3643 1086 ἐπιλίπῃ.

2079 1096 2220 1149 Ἀλλ’
2263 1097 2471 1160 ἐκεῖνος
2511 1097 2855 1162 κατάκειται,
2906 1098 2971 1151 σὺ
3007 1098 3066 1154 65
3111 1097 3372 1168 ἕστηκας.
3427 1098 3538 1151 Kal
3590 1097 3644 1150 τί

2064 1176 2250 1243 τοῦτο;
2294 1179 2417 1232 οὐδὲ
2451 1180 2560 1251 γάρ
2595 1180 2753 1233 τοῦτο
2792 1182 2923 1251 παρ’
2968 1179 3119 1250 αὒτῷ
3151 1179 3333 1250 μόνον,
3370 1177 3507 1232 άλλά
3545 1180 3643 1233 καὶ

2065 1259 2217 1332 παρὰ
2277 1261 2380 1315 σοί.
2438 1261 2704 1326 Πολλάκις
2769 1261 2901 1331 γοῦν
2950 1260 3045 1315 σοῦ
3087 1261 3485 1332 κατακειμένου
3546 1262 3644 1316 καὶ

2067 1341 2360 1407 ὑπνοῦντος
2400 1341 2600 1413 ήδέως,
2647 1344 2852 1406 ἐκεῖνος
2884 1344 2982 1414 οὐχ
3035 1341 3236 1413 ἕστηκε
3288 1344 3469 1413 μόνον,
3502 1343 3643 1398 ἀλλά

2064 1425 2158 1478 καὶ
2216 1426 2417 1497 μυρίας
2471 1425 2730 1496 ὑπομένει
2786 1426 2908 1496 βίας
2960 1427 3054 1480 ἐπὶ
3099 1425 3202 1497 τῆς
3260 1427 3489 1496 ἀγορᾶς,
3544 1427 3640 1480 καὶ

2063 1507 2331 1579 ἀγρυπνεῖ
2354 1507 2448 1561 σοῦ
2475 1507 2872 1580 χαλεπώτερον.
2907 1509 2972 1564 Τί
3003 1509 3135 1578 γοῦν
3158 1527 3173 1576 ;
3200 1509 3442 1563 τοιοῦτον
3464 1509 3638 1564 ἔπαθε

2062 1590 2216 1661 παρὰ
2239 1591 2343 1662 τῆς
2371 1591 2657 1661 δεσποίνης
2682 1592 2711 1645 ὁ
2738 1591 2961 1663 Ἰωσὴφ,
2988 1585 3101 1645 οἷον
3126 1591 3276 1663 παρά
3316 1593 3417 1663 τῆς
3447 1592 3634 1646 ἐπιθυ-

2066 1675 2196 1745 μίας
2226 1675 2438 1744 ἐκείνη;
2472 1669 2639 1738 Οὗτος
2684 1675 2784 1744 μὲν
2814 1676 2946 1747 γὰρ,
2993 1673 3032 1729 ά
3064 1675 3318 1743 ἐπιτάξαι
3368 1675 3636 1746 ἠθέλησεν

2061 1756 2265 1825 ἐκείνη,
2286 1757 2385 1810 οὐκ
2408 1757 2682 1828 ἐποίησεν⁸
2700 1757 2882 1825 ἐκείνη
2900 1758 2979 1823 δὲ,
3002 1756 3039 1812 ἀ
3053 1758 3316 1825 ἐπέταξεν
3330 1759 3364 1829 ἡ
3380 1758 3638 1812 δέσποινα

2061 1838 2249 1909 αὐτῆς,
2283 1841 2316 1910 ή
2340 1839 2597 1908 ἀσέλγεια
2619 1838 2784 1909 λέγω,
2821 1839 2999 1895 πάντα
3020 1838 3224 1913 ἔπραξε
3244 1857 3258 1871 °
3292 1842 3386 1894 καὶ
3419 1841 3482 1894 06
3507 1840 3641 1911 πρό.

2060 1939 2216 1994 τερον
2241 1922 2474 1992 ἀπέστη,
2496 1922 2600 1985 ἕως
2624 1921 2690 1976 ἂν
2711 1922 2878 1993 αὐτὴν
2904 1923 3260 1997 κατῄσχυνεν.
3284 1924 3445 1988 Ποῖος
3464 1924 3641 1979 ταῦτα

2060 2005 2336 2060 ἐπιτάττει
2366 2005 2665 2075 δεσπότηςς
2708 2007 2857 2068 ποῖος
2887 2004 3150 2075 τύραννος
3179 2006 3357 2077 ὠμός;
3398 2006 3637 2077 Δεήθητί

2062 2106 2156 2141 σου
2201 2088 2296 2142 τοῦ
2343 2088 2552 2155 δούλου,
2595 2089 2780 2159 φησὶν,
2816 2088 3089 2141 ἱκέτευσον
3125 2087 3215 2141 τὸν
3268 2088 3640 2159 αίχμάλωτον,

2059 2170 2387 2225 κολάκευσον
2430 2171 2521 2224 τὸν
2566 2170 2953 2242 άργυρώνητον
2976 2186 2990 2201 ·
3022 2169 3123 2224 κᾶν
3146 2170 3439 2243 διαπτύσῃ.
3473 2170 3639 2225 πάλιν

2059 2253 2360 2322 ἐπίμεινον,
2405 2252 2507 2306 κᾶν
2559 2252 2817 2314 πολλάκις
2866 2252 3028 2323 εἴπῃς
3069 2252 3163 2305 καὶ
3192 2252 3269 2324 μὴ
3308 2254 3641 2323 ἀνάσχηται,

2060 2336 2392 2407 ἐπιτήρησον
2442 2336 2700 2405 ἐρημίαν,
2737 2334 2831 2388 καὶ
2862 2334 3044 2403 βίασαι
3070 2334 3165 2387 καὶ
3203 2335 3365 2404 γενοῦ
3394 2336 3640 2404 καταγέ-

2058 2410 2271 2482 λαστος.
2296 2419 2361 2471 Τί
2391 2419 2732 2489 ἀτιμότερον,
2757 2417 2811 2469 τί
2833 2418 2890 2471 δὲ
2914 2417 3118 2471 τούτων
3145 2418 3503 2492 αἰσχρότερον
3527 2421 3640 2474 τῶν

2060 2500 2356 2572 ρημάτων;
2414 2501 2513 2555 Ἂν
2556 2500 2614 2553 65
2662 2499 2828 2570 μηδὲν
2859 2499 2993 2571 μηδὲ
3044 2500 3218 2564 οὕτως
3271 2500 3498 2575 ἀνύσῃς.
3542 2504 3639 2556 καὶ

2058 2583 2460 2655 συκοφάντησον
2490 2583 2584 2637 καὶ
2628 2582 2912 2655 ἀπάτησον
2949 2583 3041 2634 τὸν
3073 2582 3451 2637 συνοικοῦντα.
3489 2584 3636 2656 Ὅρα

2058 2665 2174 2728 πῶς
2221 2663 2569 2735 ἀνελεύθερα,
2612 2662 2729 2727 πῶς
2760 2663 2963 2735 αἰσχρὰ
2990 2663 3059 2718 τά
3089 2665 3465 2735 ἐπιτάγματα,
3517 2665 3636 2730 πῶς

2056 2748 2237 2818 άπηνῆ
2259 2749 2354 2801 καὶ
2384 2748 2511 2818 ώμά
2551 2748 2644 2800 καὶ
2676 2746 2897 2819 μανικά.
2931 2745 2993 2799 Τί
3036 2746 3276 2799 τοιοῦτον
3301 2748 3582 2803 ἐπιτάττει
3606 2751 3636 2805 ὁ

2055 2829 2340 2903 δεσπότης,
2369 2824 2459 2884 οἶα
2491 2826 2749 2893 ἐπέταξεν
2778 2831 2813 2898 ἡ
2839 2829 3100 2895 ἀσέλγεια
3127 2831 3192 2900 τῇ
3217 2829 3509 2904 βασιλίσσῃ
3535 2849 3635 2901 γυ-

2055 2915 2200 2968 ναικὶ
2224 2915 2345 2967 τότε
2370 2914 2587 2984 ἐκείνῃ;
2616 2911 2732 2967 ἀλλ’
2752 2912 2899 2983 ὅμως
2929 2913 3028 2965 οὐκ
3050 2912 3319 2983 ἐτόλμησε
3350 2916 3635 2986 παρακοῦ-

2057 3013 2167 3052 σαι.
2212 2997 2270 3050 Ὀ
2292 2995 2347 3050 65
2389 2995 2586 3066 Ἰωσὴφ
2614 2994 2765 3047 οὐδὲν
2789 2993 3028 3047 τοιοῦτον
3057 2995 3369 3064 ὑπέμεινεν,
3399 2996 3539 3050 ἀλλὰ
3569 2997 3637 3050 τά

2055 3077 2269 3131 ἐναντία
2304 3079 2498 3141 πάντα,
2530 3077 2566 3130 θ.
2596 3077 2753 3143 δόξαν
2782 3077 2946 3148 ἔφερε
2976 3076 3069 3129 καὶ
3090 3078 3279 3146 τιμήν.
3306 3077 3496 3132 Βούλει
3541 3081 3637 3133 καὶ

2055 3159 2238 3231 ἕτερον
2261 3160 2426 3231 ἄνδρα
2457 3161 2583 3212 ἰδεῖν
2606 3159 2710 3212 ὑπὸ
2733 3159 3020 3229 δεσποίνης
3042 3159 3284 3230 χαλεπῆς
3310 3161 3484 3214 πολλά
3516 3165 3636 3217 ἐπι-

2054 3241 2311 3309 ταγέντα,
2336 3242 2430 3295 καὶ
2465 3242 2615 3294 οὐδὲν
2644 3241 2989 3312 τολμήσαντα
3021 3242 3399 3312 παρακοῦσαι;

2138 3331 2416 3404 Ἐννόησον
2442 3333 2532 3386 τὸν
2592 3333 2751 3398 Κάῖν,
2784 3332 2884 3386 ὅσοι
2922 3333 3026 3385 ὑπὸ
3079 3332 3178 3401 τῆς
3210 3332 3508 3402 βασκανίας
3541 3336 3637 3390 ἐπ’

2055 3417 2247 3485 ετάγη.
2311 3416 2604 3483 Ἐπέιαξεν
2638 3417 2822 3487 ἐκείνη
2860 3416 3058 3486 σφάξαι
3091 3417 3182 3470 τὸν
3217 3417 3468 3486 ἀδελφὸν,
3503 3420 3637 3489 ψεύ-

2056 3499 2250 3553 σασθαι
2264 3498 2356 3551 τὸν
2376 3498 2529 3561 θεὸν,
2552 3498 2792 3569 λυπῆσαι
2809 3498 2900 3552 τὸν
2918 3496 3155 3571 πατέρα,
3177 3500 3632 3572 ἀναισχυντῆσαι,

2054 3584 2147 3638 καὶ
2182 3582 2359 3636 πάντα
2402 3581 2648 3651 ἐποίησε,
2700 3582 2793 3633 καὶ
2838 3581 2991 3636 οὐδὲν
3042 3584 3381 3652 παρήκουσε.
3431 3585 3543 3637 Καὶ
3584 3584 3636 3637 τί

2054 3665 2374 3737 θαυμάζεις,
2405 3666 2454 3718 εί
2481 3665 2564 3733 ἐφ’
2616 3664 2732 3727 ἐνὸς
2768 3662 3037 3732 τοσαύτην
3074 3664 3189 3733 ἔχει
3226 3665 3379 3736 ίσχὺν
3427 3666 3633 3739 αῦτηή

2053 3749 2336 3812 δέσποινας
2406 3744 2763 3818 Ὀλοκλήρους
2796 3746 3057 3810 πολλάκις
3100 3747 3304 3818 δήμους
3356 3749 3630 3805 ἀπώλεσε.

2055 3833 2190 3895 Τοὺς
2230 3831 2363 3899 γοῦν
2418 3831 2703 3891 Ἰουδαίους
2738 3832 2793 3883 αί
2828 3832 3085 3899 γυναῖκες
3129 3830 3237 3884 τῶν
3277 3831 3632 3903 Μαδιηναίων

2053 3914 2364 3985 δεδεμένους
2383 3913 2566 3984 σχεδὸν
2588 3912 2966 3984 αἰχμαλώτους
2984 3911 3193 3970 ἔλαϐον.
3216 3917 3283 3987 τῇ
3305 3916 3405 3987 τῆς
3422 3917 3632 3982 οἰκείας

2054 3996 2356 4068 εὐμορφίας
2391 3994 2654 4066 ἐπιθυμίᾳ
2691 3994 2915 4059 τούτους
2945 3995 3350 4067 χειρωσάμεναι
3394 3998 3628 4064 πάντας,

2054 4078 2268 4150 Ταύτην
2321 4077 2498 4131 τοίνυν
2552 4078 2649 4151 τὴν
2701 4078 2946 4132 δουλείαν
3000 4078 3280 4134 ἐκϐάλλων
3317 4081 3345 4133 ὁ
3394 4081 3629 4148 Παῦλος,

2054 4162 2235 4231 ἐλεγε’
2284 4161 2379 4229 Μὴ
2413 4161 2651 4231 γίνεσθε
2700 4160 2910 4216 δοῦλοι
2958 4159 3286 4231 ἀνθρώπων
3310 4178 3324 4195 ·
3356 4165 3629 4227 τουτέστι,

2053 4245 2145 4317 Μὴ
2190 4244 2438 4299 πείθεσθε
2480 4242 2790 4314 ἀνθρώποις
2834 4242 3012 4298 ἄτοπα
3059 4246 3460 4308 ἐπιτάττουσιν,
3492 4248 3630 4302 άλλά

2054 4328 2190 4397 μηδὲ
2237 4329 2469 4390 ἐαυτοῖς.
2517 4320 2649 4379 Εἶτα
2696 4324 3004 4394 ἀνενεγκὼν
3065 4326 3163 4397 τὴν
3217 4326 3479 4391 διάνοιαν,
3539 4332 3632 4384 καὶ

2052 4413 2284 4482 ποιήσας
2333 4409 2561 4482 ὑψηλὴν,
2626 4410 2795 4480 φησί·
2846 4409 2988 4480 Περὶ
3037 4408 3107 4463 δὲ
3154 4408 3275 4464 τῶν
3318 4412 3633 4479 παρθένων

2049 4492 2341 4563 ἐπιταγὴν
2389 4494 2607 4560 Κυρίου
2653 4495 2766 4547 οὐκ
2812 4490 2963 4567 ἔχω·
3003 4491 3245 4564 γνώμην
3277 4492 3347 4545 δὲ
3398 4493 3630 4565 δίδωμι,

2049 4578 2127 4645 ὡς
2183 4576 2517 4646 ἠλεημένος
2564 4575 2684 4631 ὑπὸ
2733 4576 2957 4644 Κυρίου
3005 4577 3223 4642 πιστὸς
3272 4576 3447 4633 εἶναι.
3495 4580 3633 4650 ὐδῷ

2050 4662 2146 4715 καὶ
2179 4660 2328 4725 τάξει
2361 4659 2666 4733 προϐαίνων
2699 4659 2790 4712 καὶ
2819 4659 2914 4729 τῆς
2967 4658 3264 4731 παρθενίας
3295 4663 3629 4731 μνημονεύει

2048 4744 2253 4798 λοιπόν.
2316 4742 2532 4813 Ἐπειδὴ
2560 4741 2669 4812 γάρ
2713 4744 2824 4805 τοῖς
2867 4743 2995 4812 περὶ
3059 4742 3387 4813 ἐγκρατείας
3431 4745 3631 4807 αὐτοὺς

2049 4826 2383 4895 ἐνεγύμνασέ
2432 4842 2490 4879 τε
2532 4826 2627 4878 καὶ
2660 4823 2959 4897 ἐρῤύθμισε
3009 4823 3208 4894 λόγοις,
3254 4825 3502 4887 ἐκϐαίνει
3535 4829 3631 4882 καὶ

2050 4909 2182 4979 πρὸς
2212 4911 2273 4962 τὸ
2305 4907 2509 4979 μεῖζον,
2558 4907 2882 4978 Ἐπιταγὴν
2922 4910 3034 4961 οὐκ
3076 4907 3215 4977 ἔχω,
3252 4908 3451 4977 λέγων,
3490 4911 3628 4966 ἀλλά

2047 4994 2252 5066 νομίζω
2284 4992 2447 5047 καλὸν
2488 4990 2648 5046 εἶναι.
2674 4993 2774 5046 Διά
2821 4992 2904 5056 τίς
2945 4991 3046 5045 Διὰ
3074 4993 3175 5061 τὴν
3217 4992 3387 5064 αὐτὴν
3417 4996 3625 5063 αίτίαν,

2048 5078 2114 5149 ην
2146 5076 2276 5151 περὶ
2305 5079 2405 5147 τῆς
2438 5075 2765 5149 ἐγκρατείας
2792 5074 3030 5130 τέθεικε.
3071 5074 3317 5129 Δέδεσαι
3350 5081 3597 5148 γυναικί
3607 5096 3629 5146 ;

2042 5162 2127 5233 μή
2154 5160 2308 5228 ζήτει
2330 5162 2535 5217 λύσιν.
2565 5157 2833 5215 Λέλυσαι
2863 5160 2984 5214 ἀπὸ
3009 5161 3326 5228 γυναικός;
3349 5161 3438 5229 μὴ
3469 5161 3628 5233 ζήτει

2046 5246 2322 5316 γυναῖκα.
2356 5242 2543 5299 Ταῦτα
2585 5244 2687 5297 οὐκ
2730 5243 3144 5314 ἐναντιουμένου
3188 5244 3305 5296 ἐστὶ
3334 5248 3450 5309 τοῖς
3486 5265 3627 5319 προ-

2044 5331 2247 5403 τέροις,
2277 5327 2412 5381 ἀλλὰ
2449 5327 2543 5381 καὶ
2571 5326 2775 5398 σφόδρα
2810 5326 3147 5397 συνᾴδοντος.
3181 5325 3336 5399 [ιθ-ιι
3371 5329 3485 5382 Kal
3514 5332 3630 5399 γὰρ

2046 5414 2141 5467 καὶ
2180 5413 2295 5465 ἐκεῖ
2336 5426 2521 5481 φησιν’
2555 5411 2626 5464 El
2661 5409 2746 5479 μή
2778 5427 2832 5464 τι
2872 5409 2948 5463 ἂν
2991 5410 3060 5462 ἐκ
3106 5411 3477 5477 συμφώνου’
3531 5414 3629 5469 καὶ

2045 5493 2281 5547 ἐνταῦθα
2320 5492 2503 5556 πάλιν,
2532 5492 2778 5547 Δέδεσαι
2809 5492 3051 5561 γυναικί
3071 5508 3088 5554 ;
3124 5489 3207 5558 μὴ
3227 5489 3383 5555 ζήτει
3409 5494 3622 5556 λύσιν.

2046 5576 2218 5631 Τοῦτο
2252 5576 2308 5629 δέ
2333 5575 2432 5629 οὐκ
2475 5575 2621 5629 ἐστιν
2660 5577 2900 5631 ἐναντίον
2920 5592 2933 5606 ·
2961 5575 3025 5628 τὸ
3052 5574 3159 5644 γάρ
3197 5572 3343 5643 παρά
3367 5576 3622 5650 γνώμην,

2045 5660 2198 5721 λύσις
2240 5659 2420 5712 ἐστίν·
2466 5659 2599 5714 εἰδὲ
2632 5659 2772 5712 κατὰ
2811 5658 3035 5730 γνώμην
3085 5656 3385 5728 ἀμφότεροι
3418 5658 3628 5732 ἐγκρα-

2048 5744 2309 5808 τεύοιντο,
2348 5745 2447 5798 οὐκ
2483 5743 2595 5797 ἐστι
2623 5743 2794 5806 λύσις.
