3986 6202
277 269 382 324 157

274 379 488 456 quando
515 393 626 433 non
653 376 719 432 ad
747 375 955 433 oculum
983 372 1228 429 servierit
1256 389 1268 424 :
1298 371 1400 425 hoc
1426 379 1512 425 est
1549 365 1852 456 hominibus

275 454 485 528 servire
509 513 523 536 ,
555 479 612 526 et
651 483 770 524 esse
805 467 1048 521 liberum.
1081 463 1146 518 Et
1181 460 1450 533 quomodo
1479 472 1690 514 rursum
1721 454 1858 510 liber

278 579 403 619 cum
427 562 501 617 sit
527 561 804 631 quispiam,
834 572 1022 614 servus
1049 555 1317 611 efﬁcitur?
1346 551 1572 621 Quando
1598 547 1732 619 apud
1762 547 1859 601 ho-

283 654 458 709 mines
485 651 678 707 malum
709 649 820 703 obit
847 647 1203 702 ministerium
1223 687 1240 712 ,
1273 654 1365 699 aut
1401 652 1622 714 prepter
1643 639 1856 711 gulam,

282 752 373 800 aut
404 750 616 813 propter
638 739 982 810 pecuniarum
1011 736 1380 806 cupiditatem,
1411 743 1504 787 aut
1529 741 1744 802 propter
1768 746 1858 798 po-

286 838 516 892 tentiam.
540 833 668 888 Nam
694 832 784 902 qui
813 831 933 885 talis
959 840 1064 894 est,
1091 829 1193 884 etsi
1225 829 1379 891 liber,
1412 826 1584 880 servis
1615 824 1864 878 omnibus

280 928 560 984 demissior
582 934 684 982 est.
721 926 848 981 Haec
872 924 1030 979 ambo
1056 921 1338 978 considera
1371 940 1383 975 :
1411 933 1602 975 servus
1627 926 1741 974 erat
1768 916 1860 972 Jo-

283 1020 429 1090 seph,
451 1018 544 1074 sed
576 1033 682 1073 non
713 1017 990 1071 hominum
1017 1029 1207 1070 servus
1238 1032 1251 1068 :
1281 1011 1503 1079 ideoque
1529 1012 1580 1064 in
1608 1009 1865 1064 servitute

284 1113 568 1168 liberorum
596 1111 837 1166 omnium
874 1109 1175 1163 liberrimns
1200 1115 1336 1161 erat.
1367 1106 1520 1160 Herae
1550 1104 1726 1174 itaque
1757 1118 1865 1157 non

280 1204 460 1266 cessit,
489 1203 558 1256 ad
585 1203 893 1273 cupidinem
926 1215 1071 1254 suam
1101 1198 1356 1253 famulum
1383 1195 1697 1265 impellenti.
1726 1195 1866 1249 Rur-

279 1309 396 1349 sum
426 1295 516 1348 illa
549 1294 715 1350 libera
749 1303 903 1357 erat,
945 1293 1036 1348 sed
1075 1292 1247 1347 servis
1275 1290 1524 1346 omnibus
1559 1289 1865 1355 demissior,

279 1401 403 1455 quae
450 1385 649 1439 famulo
693 1385 1004 1440 adulabatur
1046 1385 1324 1455 ipsumque
1371 1381 1728 1453 provocabat;
1772 1381 1868 1436 sed

281 1476 457 1531 libero
496 1491 602 1531 non
642 1478 906 1546 persuasit
933 1486 984 1532 ut
1024 1476 1072 1530 id
1107 1475 1308 1531 faceret
1342 1473 1484 1545 quod
1524 1475 1710 1528 nollet.
1752 1472 1867 1528 Non

283 1583 418 1637 ergo
457 1570 691 1624 servitus
729 1570 819 1623 illa
852 1579 1000 1632 erat,
1031 1567 1126 1624 sed
1161 1582 1409 1638 suprema
1451 1568 1672 1622 libertas
1703 1582 1717 1618 :
1746 1565 1869 1636 qttid

283 1663 434 1715 enim
467 1661 543 1716 illi
573 1663 639 1716 ad
668 1662 919 1716 virtutem
948 1661 1327 1730 impedimento
1356 1660 1454 1714 fuit
1482 1659 1746 1714 servitus?
1768 1660 1871 1712 Au-

285 1754 443 1808 diant
481 1755 622 1808 servi
650 1765 706 1808 et
747 1753 900 1809 liberi
931 1771 943 1806 :
971 1753 1089 1822 quis
1119 1752 1370 1819 servivit,
1401 1753 1489 1821 qui
1525 1759 1741 1821 rogatus
1768 1757 1869 1814 est,

283 1861 355 1898 an
383 1860 506 1915 qua:
538 1846 790 1915 rogavit?
814 1861 933 1914 quae
963 1846 1313 1914 supplicavit,
1343 1859 1409 1898 an
1439 1846 1527 1914 qui
1570 1843 1870 1913 supplican-

281 1945 391 1991 tem
412 1935 697 2005 despexit?
716 1936 851 1992 Sunt
873 1937 1016 1991 enim
1041 1937 1251 1990 termini
1280 1937 1447 1990 servis
1475 1951 1502 1987 a
1538 1936 1644 1990 Deo
1671 1934 1827 2003 positi
1852 1951 1865 1988 :

281 2040 336 2084 et
365 2012 645 2100 quousque
671 2045 766 2084 eos
805 2028 1018 2084 modum
1051 2044 1265 2083 servare
1293 2038 1571 2098 oporteat,
1615 2037 1870 2082 statutum

281 2129 368 2173 est
397 2120 447 2172 in
480 2119 709 2188 legibus,
738 2133 873 2189 quas
902 2119 1244 2190 pra-tergredi
1269 2135 1372 2173 non
1406 2120 1547 2174 licet.
1571 2119 1704 2174 Cum
1727 2119 1870 2174 enitn

284 2208 448 2266 herus
477 2211 608 2266 nihil
643 2213 882 2282 prazcipit
907 2211 1049 2282 quod
1084 2213 1193 2265 Deo
1216 2211 1526 2282 displiceat,
1562 2222 1688 2268 tunc
1713 2213 1872 2267 obse-

283 2303 460 2372 quiet
491 2318 682 2372 parere
721 2305 798 2358 illi
840 2314 1091 2372 oportet;
1127 2305 1350 2360 ulterius
1383 2315 1560 2359 autem
1605 2306 1824 2360 minime
1857 2322 1870 2358 :

283 2394 367 2448 sic
408 2393 546 2448 enim
592 2411 779 2449 servus
827 2396 960 2450 liber
1002 2395 1247 2451 efficitur.
1288 2397 1345 2452 Si
1396 2398 1531 2451 ultra
1577 2397 1870 2466 procedas,

283 2487 495 2543 etiamsi
523 2485 659 2541 liber
701 2487 801 2551 sis,
832 2501 1020 2539 servus
1045 2485 1265 2540 enectus
1293 2501 1372 2540 es.
1403 2487 1516 2541 lloc
1544 2487 1722 2556 itaque
1747 2487 1875 2543 sub-

287 2579 494 2634 indicat
518 2594 638 2632 cum
667 2579 796 2632 dicit
829 2599 842 2631 :
882 2576 1053 2630 Nolite
1078 2579 1192 2646 ﬁeri
1223 2579 1351 2632 servi
1391 2578 1670 2631 hominum.
1699 2577 1753 2633 Si
1785 2594 1877 2632 au-

287 2681 398 2724 tem
431 2684 539 2723 non
569 2670 637 2721 ita
669 2669 768 2734 sit,
795 2676 848 2722 et
873 2668 916 2722 si
947 2668 1106 2736 jussit
1131 2667 1292 2722 heros
1323 2668 1625 2738 relinquere
1645 2710 1659 2733 ,
1693 2678 1747 2723 et
1782 2685 1878 2737 pro

285 2759 628 2830 assequenda
663 2759 902 2813 libertate
941 2759 1288 2824 contendere,
1317 2759 1585 2828 quomodo
1625 2760 1874 2815 hortaba-

287 2862 379 2906 tur
403 2851 589 2905 dicens
612 2868 626 2904 :
656 2848 1007 2919 Unusquisque
1034 2851 1086 2903 in
1115 2851 1209 2903 hoc
1230 2858 1452 2916 maneat,
1475 2852 1527 2903 in
1548 2867 1648 2920 quo
1674 2862 1880 2905 vocatus

287 2953 362 2996 cst
384 2943 410 2995 ?
436 2951 491 2996 et
519 2941 642 2996 alibi
679 2958 692 2993 τ
729 2939 1040 3010 Quicumque
1072 2949 1186 2995 sunt
1211 2940 1302 2994 sub
1322 2943 1452 3012 jngo
1478 2943 1628 3008 servi,
1652 2943 1880 2996 dominos

290 3051 412 3088 suos
443 3035 582 3088 omni
603 3034 795 3086 honore
820 3034 1000 3104 dignos
1019 3046 1272 3100 censeant,
1297 3044 1345 3088 et
1373 3051 1472 3088 non
1494 3035 1772 3103 despiciant
1797 3039 1882 3105 qui

291 3125 469 3194 ﬁdeles
493 3127 677 3180 habent
706 3126 960 3189 dominos,
987 3129 1109 3195 quia
1134 3127 1315 3194 fratres
1343 3138 1457 3180 sunt
1481 3128 1567 3193 qui
1590 3127 1883 3195 beneﬁcium

290 3227 665 3286 consequuntur
689 3220 764 3289 (l.
797 3217 934 3272 Tim.
959 3218 1014 3272 6.
1044 3219 1093 3272 1.
1117 3218 1210 3288 2)?
1240 3219 1301 3272 Et
1331 3219 1576 3288 Ephesiis
1601 3229 1760 3290 atque
1783 3220 1885 3274 Co-

292 3311 634 3366 lossensibus
672 3312 915 3366 scribens
957 3311 1142 3366 eadem
1188 3312 1298 3380 ipsa
1345 3313 1586 3381 prtecipit
1615 3323 1665 3366 et
1702 3314 1887 3366 Statuit

296 3400 523 3472 (Ephes.
556 3403 610 3455 6.
637 3403 693 3456 5.
719 3418 889 3472 seqq;
919 3401 1028 3456 Col.
1059 3403 1110 3457 5.
1139 3401 1256 3470 92).
1285 3403 1436 3459 Unde
1466 3403 1638 3473 palam
1673 3413 1788 3470 est,
1822 3405 1885 3457 il-

297 3494 414 3549 lum
461 3493 601 3547 hanc
640 3494 945 3548 servitutem
990 3509 1094 3548 non
1131 3495 1345 3560 tollere,
1373 3495 1468 3549 sed
1495 3509 1613 3549 eam
1641 3511 1762 3564 quae
1793 3511 1888 3563 per

301 3585 428 3639 vitia
453 3584 616 3638 etiam
651 3583 844 3638 liberos
873 3584 1089 3647 invadit,
1119 3602 1236 3653 qua:
1258 3594 1340 3638 est
1364 3585 1701 3654 gravissima,
1728 3586 1887 3638 etiam

296 3676 346 3730 si
375 3676 497 3745 quis
525 3675 662 3730 liber
690 3674 788 3744 ipsi
813 3675 1023 3730 serviat.
1050 3675 1184 3743 Quid
1210 3677 1352 3730 enim
1383 3675 1568 3729 lucrati
1595 3685 1717 3729 sunt
1741 3675 1892 3730 Jose-

299 3765 393 3834 phi
425 3767 646 3831 fratres,
680 3765 834 3821 liberi
863 3782 980 3822 cum
1013 3768 1230 3822 essent?
1259 3783 1434 3822 annon
1465 3775 1618 3822 erant
1646 3767 1892 3821 omnibus

299 3859 475 3913 servis
514 3858 852 3924 scrviliores,
886 3860 974 3927 qui
1014 3860 1153 3928 apud
1192 3868 1393 3928 patrem
1425 3860 1807 3925 mentirentur,
1837 3869 1892 3914 et

300 3950 698 4006 mercatoribus
723 3950 852 4006 falsa
876 3959 1177 4011 narrarent.
1208 3961 1262 4004 ut
1288 3952 1444 4006 etiam
1479 3951 1665 4006 fratri?
1692 3954 1760 4007 At
1786 3968 1890 4006 non

302 4045 428 4098 talis
454 4052 571 4098 erat
603 4042 737 4097 liber
763 4044 869 4106 ille,
899 4043 994 4098 sed
1026 4044 1222 4112 ubique
1246 4054 1299 4098 et
1330 4045 1378 4098 in
1411 4047 1659 4099 omnibus
1688 4061 1845 4100 verax
1876 4063 1890 4098 :

302 4136 553 4204 nihilque
575 4134 723 4189 illum
749 4135 800 4189 in
831 4138 1140 4191 servitutem
1169 4137 1410 4206 redigere
1432 4137 1622 4206 potuit,
1650 4153 1754 4191 non
1779 4140 1896 4191 vius

301 4226 452 4292 cnla,
487 4239 596 4279 non
627 4225 736 4296 ipsa
766 4227 1012 4289 servitus,
1049 4243 1154 4281 non
1177 4227 1321 4280 liene
1349 4242 1518 4292 amor,
1550 4241 1654 4282 non
1678 4228 1816 4298 quod
1843 4229 1895 4282 in

305 4318 481 4370 aliena
506 4325 646 4372 terra
675 4329 855 4372 esset:
879 4319 973 4373 sed
999 4318 1193 4389 ubique
1216 4319 1348 4373 liber
1374 4319 1585 4371 mansit.
1619 4318 1731 4373 Iloe
1754 4320 1896 4373 enim

307 4411 548 4465 maxime
589 4409 962 4478 libertas'est,
995 4411 1208 4481 quando
1233 4428 1294 4466 ea
1326 4416 1376 4465 in
1407 4411 1662 4466 servitute
1687 4427 1901 4482 quoque

311 4502 505 4572 fulget.

391 4595 446 4650 5.
477 4593 622 4650 Talis
645 4599 737 4650 res
763 4604 846 4649 est
871 4593 1309 4648 Christianismus
1338 4612 1350 4647 :
1381 4596 1431 4650 in
1457 4596 1714 4652 servitute
1744 4597 1906 4652 liber-

311 4695 480 4740 tatem
510 4685 782 4756 elargitur.
813 4687 890 4740 Ac
925 4685 1065 4739 sicut
1093 4701 1288 4755 corpus
1323 4726 1339 4748 ,
1385 4691 1528 4759 quod
1582 4703 1646 4742 ex
1704 4697 1898 4742 natura

321 4776 401 4830 sit
432 4776 783 4840 vulnerabile,
833 4786 959 4831 tunc
999 4777 1387 4831 invulnerabile
1417 4779 1746 4842 ostenditur,
1782 4794 1902 4832 cum

306 4877 540 4932 t:\(:t'plt)
564 4865 672 4918 telo
699 4866 1003 4937 nihilgrave
1029 4870 1232 4937 patitur
1261 4870 1372 4922 :sic
1394 4869 1625 4938 quivere
1655 4871 1901 4936 liberest,

310 4963 442 5008 tunc
472 4955 598 5010 talis
630 4967 886 5026 apparet,
917 4959 1130 5028 quando
1157 4960 1316 5014 etiam
1348 4976 1467 5014 cum
1509 4960 1667 5016 heros
1707 4962 1902 5026 habet,

307 5058 421 5097 non
448 5049 501 5098 in
534 5048 849 5102 servitutem
896 5050 1174 5120 redigitur.
1218 5051 1342 5106 Ideo
1368 5052 1520 5121 jubet
1549 5068 1758 5106 servum
1792 5071 1905 5108 ma-

306 5151 462 5193 nere.
494 5138 552 5194 Si
578 5149 759 5195 autem
789 5142 898 5196 ﬁeri
926 5157 1030 5197 non
1059 5153 1238 5214 potest
1259 5154 1334 5207 ut,
1366 5160 1487 5200 cum
1514 5146 1583 5199 sit
1608 5160 1812 5213 servus,
1839 5149 1909 5203 sit

305 5229 658 5285 Christianus
677 5232 889 5301 qualem
910 5250 1030 5290 esse
1051 5245 1282 5306 oportet,
1310 5251 1514 5306 magn-13
1534 5235 1908 5294 imbecillitatis

307 5320 456 5389 piam
496 5322 813 5392 religionem
849 5327 1176 5380 accusabunt
1214 5326 1423 5394 Gnrci;
1463 5328 1601 5398 quod
1633 5328 1676 5381 si
1707 5328 1911 5384 (lis-cant

306 5413 458 5468 illata
488 5414 622 5469 nihil
655 5433 684 5470 a
717 5419 972 5473 servitute
1004 5420 1146 5483 lzcdi,
1176 5419 1606 5488 praedicationem
1637 5421 1909 5476 mirabun-

309 5513 427 5559 tur.
454 5505 592 5561 Nam
625 5509 668 5560 si
699 5516 872 5579 neque
909 5525 1057 5566 mors
1099 5511 1253 5564 nobis
1295 5521 1452 5566 nocet
1495 5529 1666 5585 neque
1705 5515 1908 5584 ﬂagella

309 5612 494 5666 neque
531 5600 768 5668 vincula,
804 5603 975 5657 multo
1006 5604 1184 5658 minus
1219 5604 1470 5671 servitus,
1503 5607 1652 5676 ignis,
1689 5606 1908 5670 ferrum,

315 5689 465 5746 mille
492 5694 830 5764 tyrannides,
861 5697 1053 5760 morbi,
1081 5704 1388 5766 paupertas,
1414 5695 1556 5762 ferr,
1582 5709 1634 5754 et
1657 5709 1909 5753 sexcenta

1295 255 1360 314 IN
1399 251 1620 312 EPIST.
1661 249 1679 306 I
1743 249 1835 305 AD
1873 244 2031 304 COB.
2073 248 2300 306 IIOMIL.
2345 252 2486 308 XIX.

3443 267 3547 323 153

1963 362 2046 416 his
2084 367 2324 432 graviora
2365 368 2548 424 tidcles
2587 387 2690 426 non
2734 371 3023 442 laeserunt,
3067 377 3174 433 imo
3220 383 3548 446 potentiores

1965 456 2226 512 fecerunt.
2267 460 2332 514 Et
2362 465 2630 530 quomodo
2661 467 2889 520 servitus
2928 483 3120 524 nocere
3159 473 3389 538 poterit?
3430 473 3546 530 Non

1966 551 2078 618 ipsa
2137 557 2368 608 servitus
2422 565 2599 620 nocet,
2628 557 2840 625 dilecte,
2886 559 2978 615 sed
3033 566 3231 631 peccati
3284 569 3538 636 servitut,

1963 659 2084 713 qua:
2112 660 2236 699 vere
2263 645 2382 700 talis
2410 655 2510 701 est.
2559 649 2614 704 Si
2657 650 2793 706 hanc
2839 669 2942 706 non
2983 655 3175 710 subeas
3214 659 3544 726 servitutem,

1965 733 2176 790 confide
2211 745 2265 790 et
2306 736 2525 804 laetare;
2568 739 2744 795 nullus
2776 743 2867 796 tibi
2900 759 3092 799 nocere
3125 749 3350 818 poterit,
3382 760 3436 804 ut
3460 751 3552 820 qui

1969 841 2147 880 mores
2172 826 2369 882 habeas
2393 829 2460 885 ab
2479 832 2624 884 omni
2655 834 2918 889 servitute
2945 835 3143 892 lily-ros
3168 856 3180 891 :
3205 841 3248 892 si
3276 856 3405 895 vero
3430 858 3553 909 pec-

1968 918 2070 970 cati
2096 931 2283 971 servus
2309 919 2417 984 sis,
2447 921 2606 974 etiam
2636 923 2678 975 si
2706 924 2896 978 millies
2926 925 3063 980 liber
3090 929 3272 995 fueris,
3301 931 3429 985 nihil
3458 932 3552 986 tibi

1972 1007 2189 1063 libertas
2234 1008 2321 1062 illa
2367 1011 2602 1078 prodest.
2645 1012 2774 1080 Qua:
2817 1016 2960 1069 enim
2994 1019 3225 1084 utilitas,
3259 1038 3478 1088 quaeso,
3509 1025 3552 1078 si

1973 1097 2173 1151 homini
2202 1099 2413 1166 quidem
2446 1116 2550 1155 non
2576 1104 2796 1164 servias.
2821 1105 2914 1160 sed
2944 1109 3104 1161 animi
3138 1111 3338 1164 morbis
3361 1122 3410 1166 te
3437 1113 3556 1167 sub-

1969 1187 2162 1257 jicias?
2185 1188 2436 1245 Homines
2461 1182 2656 1262 quippe
2680 1210 2822 1264 sape
2852 1212 3070 1266 parcere
3096 1201 3292 1265 Sciunt,
3325 1202 3398 1256 illi
3429 1220 3555 1258 vero

1973 1279 2172 1334 domini
2201 1297 2486 1352 numquam
2514 1294 2598 1338 tua
2627 1288 2860 1354 pernicie
2887 1290 3167 1343 satiantur.
3195 1291 3403 1346 llomini
3437 1309 3554 1347 ser-

1976 1371 2096 1426 vis?
2123 1372 2228 1428 Sed
2263 1375 2422 1428 lit-rus
2447 1392 2659 1446 quoque
2682 1378 2774 1432 tilti
2801 1383 2984 1446 st-rvit,
3007 1382 3096 1452 qui
3122 1383 3431 1438 alimentum
3462 1387 3554 1440 tibi

1976 1465 2262 1531 ministrat,
2297 1467 2650 1522 valetudinem
2683 1478 2822 1524 tuam
2852 1481 3024 1532 curat.
3048 1484 3244 1542 vestes,
3272 1476 3480 1530 calceos
3503 1486 3557 1531 et

1974 1557 2074 1610 alia
2104 1558 2280 1612 omnia
2322 1560 2643 1629 suppeditat.
2672 1560 2854 1630 Neque
2885 1564 2955 1618 ita
2984 1575 3038 1618 ttt
3071 1565 3245 1632 times,
3279 1578 3330 1621 ιιι
3361 1583 3426 1624 ne
3453 1569 3552 1622 dn-

1975 1649 2178 1704 minum
2205 1651 2463 1717 oﬂendas,
2491 1663 2548 1708 ut
2579 1654 2666 1709 ille
2690 1666 2864 1720 curat,
2895 1673 2961 1712 ne
2985 1658 3108 1728 quid
3141 1660 3232 1713 tibi
3266 1677 3329 1715 ex
3363 1677 3553 1717 neces-

1975 1742 2134 1796 sariis
2175 1742 2334 1796 desit.
2377 1746 2444 1798 At
2485 1745 2575 1798 ille
2609 1749 2904 1812 accumbit,
2937 1760 2988 1802 tu
3021 1765 3147 1804 vero
3174 1761 3304 1806 stas.
3338 1753 3399 1806 Et
3429 1755 3555 1824 quid

1978 1831 2120 1886 hoc?
2150 1849 2320 1903 neque
2347 1835 2488 1890 enim
2529 1836 2580 1890 id
2612 1838 2750 1906 apud
2792 1840 2938 1892 illum
2983 1851 3184 1895 tantum
3221 1842 3555 1912 observatur,

1976 1923 2072 1979 sed
2113 1925 2272 1979 etiam
2303 1928 2441 1996 apud
2485 1938 2556 1983 le.
2599 1928 2752 1998 Saepe
2785 1945 3011 2000 namque
3049 1944 3099 1987 te
3133 1934 3479 1990 recumbente
3507 1946 3560 1990 et

1977 2019 2215 2072 suaviter
2258 2017 2557 2074 dormiente
2580 2062 2594 2085 ,
2639 2020 2725 2075 ille
2759 2037 2864 2076 non
2907 2022 3065 2077 modo
3095 2032 3232 2088 stat,
3270 2024 3362 2080 sed
3399 2027 3558 2081 etiam

1979 2109 2124 2163 mille
2163 2111 2337 2180 ptenis
2373 2109 2602 2166 afllcitur
2642 2111 2693 2167 in
2734 2113 2846 2168 foro
2872 2157 2884 2179 ,
2922 2124 2976 2170 et
3013 2116 3288 2171 molestius
3316 2133 3473 2189 quam
3507 2130 3561 2174 tu

1978 2202 2182 2273 vigilat.
2216 2203 2352 2271 Quid
2391 2221 2517 2276 ergo
2541 2248 2553 2269 ,
2589 2215 2674 2260 tan
2704 2223 2863 2263 umne
2907 2224 3094 2279 passus
3135 2221 3216 2265 est
3257 2210 3454 2281 Joseph
3495 2213 3562 2266 ab

1980 2291 2141 2357 hera,
2175 2305 2429 2363 quantum
2474 2297 2562 2349 illa
2605 2312 2631 2348 a
2671 2299 3095 2367 COltCllplsCOlllla
3127 2299 3262 2354 sua?
3295 2301 3388 2356 llic
3417 2301 3559 2356 enim

1983 2399 2100 2454 quae
2130 2384 2216 2437 illa
2237 2384 2426 2454 jubere
2453 2388 2635 2454 voluit,
2662 2405 2766 2442 non
2797 2389 2919 2445 fecit
2943 2407 2957 2443 :
2983 2391 3070 2444 illa
3095 2407 3222 2448 vero
3241 2409 3360 2464 qua:
3385 2395 3560 2450 domi-

1984 2492 2049 2530 na
2094 2477 2209 2545 ejus
2255 2477 2418 2532 libido
2463 2481 2772 2549 imperavit,
2803 2482 2979 2536 omnia
3019 2482 3182 2550 fecit;
3217 2500 3388 2556 neque
3417 2487 3564 2556 prius

1983 2568 2206 2634 destitit,
2235 2569 2404 2623 donec
2430 2586 2548 2624 eam
2575 2570 2836 2626 dedecore
2865 2573 3062 2630 all-scit.
3089 2577 3269 2642 Qualis
3299 2579 3458 2633 herus
3487 2589 3564 2632 ta—

1984 2661 2052 2715 lia
2079 2660 2344 2730 imperat?
2372 2663 2548 2731 qualis
2577 2664 2822 2718 immanis
2849 2669 3148 2736 tyrannus?
3175 2668 3341 2739 Ruga,
3375 2672 3560 2740 inquit,

1984 2766 2197 2806 servum
2239 2759 2426 2818 tuum,
2465 2754 2685 2808 atlnlare
2739 2757 3001 2825 emptitio,
3031 2757 3266 2827 supplico
3308 2762 3562 2828 captivo:

1985 2844 2193 2898 etiamsi
2221 2848 2500 2914 respuerit,
2535 2863 2717 2900 rursus
2745 2848 2878 2902 iusta
2907 2866 2919 2914 ;
2953 2850 3158 2903 etiamsi
3189 2852 3384 2920 saepius
3413 2851 3566 2908 dixe-

1987 2936 2060 2990 ris
2085 2947 2138 2990 et
2170 2939 2254 2987 ille
2282 2953 2384 2990 non
2415 2953 2665 2994 assensus
2699 2939 2892 3006 fuerit,
2923 2942 3144 2995 observa
3185 2944 3564 3014 solitudinem,

1987 3036 2041 3082 et
2069 3028 2176 3081 vim
2207 3028 2365 3082 facito
2395 3039 2448 3083 et
2478 3039 2526 3084 te
2557 3033 2664 3085 risu
2693 3032 2906 3102 dignam
2941 3033 3137 3102 pra-be.
3171 3034 3306 3102 Quid
3339 3035 3565 3107 ignomi-

1989 3117 2222 3182 niosius,
2252 3119 2377 3188 quid
2420 3121 2624 3190 turpius
2656 3121 2804 3176 hisce
2844 3123 3061 3178 verbis?
3100 3123 3155 3179 Si
3198 3138 3376 3181 autem
3405 3144 3470 3181 ne
3499 3129 3567 3182 ita

1990 3209 2201 3279 quidem
2229 3211 2427 3279 aliquid
2459 3213 2764 3280 perfeceris,
2791 3215 2934 3268 illum
2960 3218 3282 3272 calumniare
3306 3232 3359 3273 et
3385 3221 3570 3289 decipe

1991 3301 2289 3371 conjugem.
2321 3302 2453 3357 Vide
2478 3321 2636 3375 quam
2663 3306 2959 3370 illiberalis,
2985 3325 3141 3378 quam
3172 3311 3340 3380 turpia
3370 3327 3570 3380 przrce-

1994 3401 2081 3459 pta
2108 3393 2244 3456 sint,
2276 3410 2432 3463 quam
2471 3397 2691 3450 immitia
2718 3437 2732 3462 ,
2765 3414 2920 3467 quam
2951 3414 3094 3452 saeva
3121 3443 3135 3466 ,
3168 3418 3326 3470 quam
3356 3405 3570 3461 furiosa.

1994 3483 2128 3548 Quid
2159 3493 2359 3537 tantum
2390 3490 2700 3556 prmceperit
2732 3487 2893 3542 herus
2916 3490 3109 3558 quivis,
3134 3504 3387 3562 quantum
3418 3496 3572 3552 lasei-

1996 3579 2078 3628 via
2111 3583 2236 3628 tunc
2263 3577 2514 3644 praecepit
2551 3580 2710 3647 regite
2744 3581 2952 3634 mulieri
2974 3581 2996 3620 ⁷
3024 3593 3075 3636 et
3109 3593 3283 3637 tamen
3315 3601 3419 3640 non
3451 3603 3577 3643 ausa

1996 3676 2080 3721 est
2123 3683 2226 3720 non
2268 3666 2505 3737 obsequi.
2537 3668 2734 3740 Joseph
2777 3687 2904 3726 vero
2939 3674 3066 3728 nihil
3099 3675 3200 3730 tale
3227 3692 3413 3746 passus
3438 3722 3450 3742 ,
3484 3683 3578 3736 sed

1997 3762 2260 3814 comi-aria
2291 3763 2487 3826 omnia,
2520 3779 2638 3834 quae
2678 3765 2899 3834 gloriam
2930 3776 2983 3822 et
3014 3768 3271 3825 honorem
3303 3773 3576 3829 afferrent.

2003 3851 2093 3906 Vis
2122 3853 2280 3907 alium
2312 3853 2492 3910 videre
2523 3859 2694 3912 virum
2719 3901 2732 3921 ,
2762 3861 2846 3914 cui
2878 3876 3014 3915 szeva
3047 3863 3256 3918 domina
3286 3867 3449 3923 multa
3477 3871 3576 3923 im-

2001 3945 2220 4013 peravit,
2253 3961 2352 4001 nec
2378 3964 2540 4004 ausus
2567 3960 2650 4005 est
2681 3951 2768 4006 ille
2797 3969 2902 4007 non
2929 3955 3189 4025 obsequi?

2069 4036 2285 4092 Invidia:
2323 4043 2528 4095 malum.
2561 4073 2630 4082 —
2659 4042 2882 4099 Cainnm
2910 4049 3080 4116 cogita
3107 4089 3121 4114 ,
3153 4061 3346 4119 quanta
3393 4070 3584 4123 nempe

2000 4129 2067 4183 ab
2093 4131 2285 4185 invidia
2326 4132 2472 4202 jussa
2513 4137 2800 4205 acceperit.
2833 4137 2902 4192 Ut
2930 4138 3148 4194 fratrem
3181 4143 3449 4198 occideret
3481 4147 3581 4198 im-

2004 4223 2206 4289 peravit
2226 4265 2239 4286 ,
2272 4235 2327 4276 nt
2357 4225 2466 4279 Deo
2495 4229 2834 4292 mentiretur,
2865 4239 3067 4300 patrem
3100 4232 3286 4288 dolore
3312 4236 3581 4302 afﬁceret,

2005 4313 2342 4381 impudenter
2363 4328 2542 4382 ageret
2569 4335 2581 4369 :
2611 4328 2664 4370 et
2690 4319 2867 4372 omnia
2893 4330 3217 4391 exsequutus
3243 4333 3344 4385 est,
3369 4339 3431 4379 ac
3459 4328 3586 4382 nihil

2007 4403 2368 4471 praetermisit.
2404 4407 2605 4475 Ecquid
2647 4410 2858 4462 miraris
2881 4452 2893 4474 ,
2922 4411 2964 4464 si
2999 4411 3111 4466 lucc
3141 4411 3354 4468 dotnina
3389 4427 3586 4472 tantam

2008 4495 2112 4548 vim
2141 4494 2333 4550 haheat
2360 4497 2410 4550 in
2441 4513 2565 4564 uno,
2597 4515 2715 4570 qna.-
2741 4501 2976 4571 integros
3001 4518 3142 4572 sarpe
3169 4506 3392 4574 populos
3415 4510 3590 4578 perdi-

2009 4586 2129 4642 dit?
2155 4588 2369 4645 Jndaeos
2400 4602 2545 4648 certe
2582 4593 2986 4650 Madianitarum
3029 4598 3279 4654 mulieres
3307 4601 3510 4657 vinctos
3538 4613 3594 4660 ct

2011 4678 2120 4734 fere
2149 4683 2388 4754 captivos
2415 4684 2786 4751 abduxerunt,
2815 4703 2934 4741 cum
2977 4687 3161 4745 fortine
3195 4709 3305 4747 suae
3337 4699 3592 4766 concupi-

2010 4775 2213 4830 scentia
2252 4775 2369 4831 illos
2400 4792 2586 4831 omnes
2615 4778 2865 4834 allexere.
2903 4779 3046 4833 llanc
3079 4783 3254 4851 itaque
3283 4788 3589 4842 servitutem

2009 4864 2230 4934 cjicicns
2263 4865 2456 4921 Paulus
2477 4908 2492 4932 ,
2524 4869 2734 4924 dicebat
2766 4888 2777 4923 :
2815 4869 2895 4924 Nc
2921 4874 3029 4926 sitis
3059 4876 3186 4927 servi
3215 4877 3514 4943 hominum;
3543 4879 3592 4935 id

2011 4967 2126 5024 est,
2165 4974 2232 5012 ne
2271 4959 2634 5028 obsequamini
2682 4963 2985 5018 hominibus
3022 4967 3248 5020 absurda
3284 4969 3593 5037 imperanti-

2013 5054 2142 5117 ltus;
2172 5055 2278 5109 imo
2307 5072 2372 5109 ne
2400 5057 2552 5109 vobis
2576 5059 2787 5126 quidem
2817 5061 2964 5129 ipsis.
2995 5061 3193 5116 Deinde
3219 5077 3340 5116 cum
3365 5075 3593 5119 mentem

2014 5149 2295 5210 erexisset,
2326 5148 2716 5218 sublimemque
2747 5149 2980 5217 fecisset,
3012 5151 3086 5208 ait
3119 5172 3129 5206 :
3163 5154 3250 5210 25.
3286 5155 3362 5210 De
3388 5158 3567 5227 uirgini

2016 5241 2105 5292 bus
2146 5249 2310 5293 autem
2359 5250 2668 5308 prazceptunt
2715 5240 2927 5295 Domini
2957 5259 3056 5298 non
3097 5245 3250 5301 habeo
3288 5263 3305 5300 :
3334 5249 3597 5301 consilium

2016 5342 2182 5383 autem
2212 5331 2276 5382 do
2297 5372 2310 5394 ,
2343 5339 2598 5399 tamquam
2636 5333 3040 5402 misericordiam,
3065 5349 3396 5408 consequutus
3425 5357 3456 5390 a
3486 5339 3595 5390 Do—

2019 5424 2176 5488 mino,
2207 5430 2258 5474 ut
2286 5422 2383 5473 sim
2407 5422 2589 5490 ﬁdelis.
2621 5423 2787 5478 Recto
2813 5425 2998 5480 ordine
3029 5429 3322 5495 procedens
3348 5427 3414 5480 de
3439 5427 3598 5496 virgi-

2019 5517 2183 5569 nitate
2207 5514 2457 5584 deinceps
2489 5517 2811 5571 mentionem
2843 5517 2988 5572 facit.
3024 5519 3307 5587 Postquam
3338 5517 3477 5568 enint
3508 5535 3600 5571 eos

2021 5607 2086 5660 de
2115 5608 2439 5660 continentia
2469 5608 2717 5677 loquutus
2744 5610 2984 5662 exercuit
3011 5619 3064 5664 et
3096 5605 3425 5675 composuit,
3453 5607 3518 5661 ad
3552 5608 3599 5661 id

2022 5703 2160 5776 quod
2203 5703 2373 5773 majus
2417 5714 2496 5760 est
2535 5704 2834 5774 egreditur,
2881 5702 3228 5773 Prwceptum,
3273 5695 3471 5766 inquit,
3507 5718 3604 5755 nou
