  <div class='ocr_page' id='page_1' title='image "/cluster/home/n/w/nwhite01/storage/ocr_20150623/61/mdp.39015008622618/165.png"; bbox 0 0 3986 6202; ppageno 0'>
   <div class='ocr_carea' id='block_1_1' title="bbox 360 257 462 314">
    <p class='ocr_par' dir='ltr' id='par_1_1' title="bbox 360 257 462 314">
     <span class='ocr_line' id='line_1_1' title="bbox 360 257 462 314; baseline -0.02 0"><span class='ocrx_word' id='word_1_1' title='bbox 360 257 462 314; x_wconf 63' lang='grc'><strong>159</strong></span> 
     </span>
    </p>
   </div>
   <div class='ocr_carea' id='block_1_2' title="bbox 368 359 1949 436">
    <p class='ocr_par' dir='ltr' id='par_1_2' title="bbox 368 359 1949 436">
     <span class='ocr_line' id='line_1_2' title="bbox 368 359 1949 436; baseline -0.007 -12"><span class='ocrx_word' id='word_1_2' title='bbox 368 373 566 436; x_wconf 70' lang='lat' dir='ltr'><strong>habeo;</strong></span> <span class='ocrx_word' id='word_1_3' title='bbox 593 368 688 425; x_wconf 88' lang='lat' dir='ltr'><strong>sed</strong></span> <span class='ocrx_word' id='word_1_4' title='bbox 717 368 910 423; x_wconf 84' lang='lat' dir='ltr'><strong>bonam</strong></span> <span class='ocrx_word' id='word_1_5' title='bbox 941 381 1050 422; x_wconf 89' lang='lat' dir='ltr'><strong>rem</strong></span> <span class='ocrx_word' id='word_1_6' title='bbox 1079 381 1198 420; x_wconf 85' lang='lat' dir='ltr'><strong>esse</strong></span> <span class='ocrx_word' id='word_1_7' title='bbox 1226 373 1373 436; x_wconf 88' lang='lat' dir='ltr'><strong>puto.</strong></span> <span class='ocrx_word' id='word_1_8' title='bbox 1404 361 1623 431; x_wconf 82' lang='lat' dir='ltr'><strong>Quare?</strong></span> <span class='ocrx_word' id='word_1_9' title='bbox 1652 360 1852 416; x_wconf 87' lang='lat' dir='ltr'><strong>Eadem</strong></span> <span class='ocrx_word' id='word_1_10' title='bbox 1879 359 1949 414; x_wconf 84' lang='lat' dir='ltr'><strong>de</strong></span> 
     </span>
    </p>
   </div>
   <div class='ocr_carea' id='block_1_3' title="bbox 367 451 1948 531">
    <p class='ocr_par' dir='ltr' id='par_1_3' title="bbox 367 451 1948 531">
     <span class='ocr_line' id='line_1_3' title="bbox 367 451 1948 531; baseline -0.008 -14"><span class='ocrx_word' id='word_1_11' title='bbox 367 475 529 518; x_wconf 86' lang='lat' dir='ltr'><strong>causa</strong></span> <span class='ocrx_word' id='word_1_12' title='bbox 552 501 566 524; x_wconf 87' lang='lat'><strong>,</strong></span> <span class='ocrx_word' id='word_1_13' title='bbox 592 474 741 531; x_wconf 83' lang='lat' dir='ltr'><strong>qttattt</strong></span> <span class='ocrx_word' id='word_1_14' title='bbox 786 457 855 513; x_wconf 88' lang='lat' dir='ltr'><strong>de</strong></span> <span class='ocrx_word' id='word_1_15' title='bbox 889 456 1213 514; x_wconf 72' lang='lat' dir='ltr'><strong>continentia</strong></span> <span class='ocrx_word' id='word_1_16' title='bbox 1257 454 1452 525; x_wconf 90' lang='lat' dir='ltr'><strong>posuit.</strong></span> <span class='ocrx_word' id='word_1_17' title='bbox 1484 453 1574 508; x_wconf 76' lang='lat'><strong>27.</strong></span> <span class='ocrx_word' id='word_1_18' title='bbox 1618 451 1871 522; x_wconf 75' lang='lat' dir='ltr'><strong>Alligatus</strong></span> <span class='ocrx_word' id='word_1_19' title='bbox 1897 467 1948 504; x_wconf 86' lang='lat' dir='ltr'><strong>es</strong></span> 
     </span>
    </p>
   </div>
   <div class='ocr_carea' id='block_1_4' title="bbox 366 540 1952 617">
    <p class='ocr_par' dir='ltr' id='par_1_4' title="bbox 366 540 1952 617">
     <span class='ocr_line' id='line_1_4' title="bbox 366 540 1952 617; baseline -0.009 -9"><span class='ocrx_word' id='word_1_20' title='bbox 366 553 517 608; x_wconf 72' lang='lat' dir='ltr'><strong>uxori</strong></span> <span class='ocrx_word' id='word_1_21' title='bbox 535 553 562 608; x_wconf 71' lang='grc'>2</span> <span class='ocrx_word' id='word_1_22' title='bbox 587 550 696 606; x_wconf 84' lang='lat' dir='ltr'><strong>noli</strong></span> <span class='ocrx_word' id='word_1_23' title='bbox 719 565 945 617; x_wconf 70' lang='lat' dir='ltr'><strong>querere</strong></span> <span class='ocrx_word' id='word_1_24' title='bbox 976 547 1299 602; x_wconf 89' lang='lat' dir='ltr'><strong>solutionem.</strong></span> <span class='ocrx_word' id='word_1_25' title='bbox 1342 544 1555 600; x_wconf 75' lang='lat' dir='ltr'><strong>Solutus</strong></span> <span class='ocrx_word' id='word_1_26' title='bbox 1583 559 1634 598; x_wconf 89' lang='lat' dir='ltr'><strong>es</strong></span> <span class='ocrx_word' id='word_1_27' title='bbox 1663 542 1725 596; x_wconf 90' lang='lat' dir='ltr'><strong>ab</strong></span> <span class='ocrx_word' id='word_1_28' title='bbox 1753 540 1952 596; x_wconf 70' lang='lat' dir='ltr'><strong>uxore!</strong></span> 
     </span>
    </p>
   </div>
   <div class='ocr_carea' id='block_1_5' title="bbox 365 632 1952 713">
    <p class='ocr_par' dir='ltr' id='par_1_5' title="bbox 365 632 1952 713">
     <span class='ocr_line' id='line_1_5' title="bbox 365 632 1952 713; baseline -0.008 -15"><span class='ocrx_word' id='word_1_29' title='bbox 365 643 475 698; x_wconf 87' lang='lat' dir='ltr'><strong>noli</strong></span> <span class='ocrx_word' id='word_1_30' title='bbox 500 657 723 713; x_wconf 68' lang='lat' dir='ltr'><strong>querere</strong></span> <span class='ocrx_word' id='word_1_31' title='bbox 751 655 980 695; x_wconf 75' lang='lat' dir='ltr'><strong>uxorem.</strong></span> <span class='ocrx_word' id='word_1_32' title='bbox 1005 637 1133 693; x_wconf 71' lang='lat' dir='ltr'><strong>Haec</strong></span> <span class='ocrx_word' id='word_1_33' title='bbox 1164 651 1267 691; x_wconf 91' lang='lat' dir='ltr'><strong>non</strong></span> <span class='ocrx_word' id='word_1_34' title='bbox 1294 645 1420 691; x_wconf 89' lang='lat' dir='ltr'><strong>sunt</strong></span> <span class='ocrx_word' id='word_1_35' title='bbox 1444 634 1786 705; x_wconf 79' lang='lat' dir='ltr'><strong>repugnantis</strong></span> <span class='ocrx_word' id='word_1_36' title='bbox 1813 632 1952 702; x_wconf 86' lang='lat' dir='ltr'><strong>prio-</strong></span> 
     </span>
    </p>
   </div>
   <div class='ocr_carea' id='block_1_6' title="bbox 369 725 1955 798">
    <p class='ocr_par' dir='ltr' id='par_1_6' title="bbox 369 725 1955 798">
     <span class='ocr_line' id='line_1_6' title="bbox 369 725 1955 798; baseline -0.006 -10"><span class='ocrx_word' id='word_1_37' title='bbox 369 735 548 798; x_wconf 83' lang='lat' dir='ltr'><strong>ribus;</strong></span> <span class='ocrx_word' id='word_1_38' title='bbox 573 735 680 787; x_wconf 88' lang='lat' dir='ltr'><strong>imo</strong></span> <span class='ocrx_word' id='word_1_39' title='bbox 701 732 852 786; x_wconf 87' lang='lat' dir='ltr'><strong>valde</strong></span> <span class='ocrx_word' id='word_1_40' title='bbox 873 732 938 786; x_wconf 89' lang='lat' dir='ltr'><strong>iis</strong></span> <span class='ocrx_word' id='word_1_41' title='bbox 959 730 1321 786; x_wconf 87' lang='lat' dir='ltr'><strong>assentientis.</strong></span> <span class='ocrx_word' id='word_1_42' title='bbox 1339 728 1471 784; x_wconf 85' lang='lat' dir='ltr'><strong>Nam</strong></span> <span class='ocrx_word' id='word_1_43' title='bbox 1496 740 1546 782; x_wconf 91' lang='lat' dir='ltr'><strong>et</strong></span> <span class='ocrx_word' id='word_1_44' title='bbox 1571 728 1677 782; x_wconf 87' lang='lat' dir='ltr'><strong>illic</strong></span> <span class='ocrx_word' id='word_1_45' title='bbox 1699 727 1772 782; x_wconf 87' lang='lat' dir='ltr'><strong>ait</strong></span> <span class='ocrx_word' id='word_1_46' title='bbox 1797 746 1810 782; x_wconf 90' lang='lat'><strong>:</strong></span> <span class='ocrx_word' id='word_1_47' title='bbox 1835 725 1955 780; x_wconf 87' lang='lat' dir='ltr'><strong>Nisi</strong></span> 
     </span>
    </p>
   </div>
   <div class='ocr_carea' id='block_1_7' title="bbox 365 819 1954 896">
    <p class='ocr_par' dir='ltr' id='par_1_7' title="bbox 365 819 1954 896">
     <span class='ocr_line' id='line_1_7' title="bbox 365 819 1954 896; baseline -0.003 -20"><span class='ocrx_word' id='word_1_48' title='bbox 365 830 498 896; x_wconf 75' lang='lat' dir='ltr'><strong>forte</strong></span> <span class='ocrx_word' id='word_1_49' title='bbox 523 840 587 878; x_wconf 78' lang='lat' dir='ltr'><strong>ea:</strong></span> <span class='ocrx_word' id='word_1_50' title='bbox 609 839 854 878; x_wconf 76' lang='lat' dir='ltr'><strong>consensu</strong></span> <span class='ocrx_word' id='word_1_51' title='bbox 877 839 896 887; x_wconf 77' lang='lat'><strong>,&#39;</strong></span> <span class='ocrx_word' id='word_1_52' title='bbox 926 821 1012 877; x_wconf 89' lang='lat' dir='ltr'><strong>hic</strong></span> <span class='ocrx_word' id='word_1_53' title='bbox 1040 837 1168 876; x_wconf 91' lang='lat' dir='ltr'><strong>vero</strong></span> <span class='ocrx_word' id='word_1_54' title='bbox 1191 821 1320 876; x_wconf 87' lang='lat' dir='ltr'><strong>dicit</strong></span> <span class='ocrx_word' id='word_1_55' title='bbox 1349 837 1362 876; x_wconf 92' lang='lat'><strong>:</strong></span> <span class='ocrx_word' id='word_1_56' title='bbox 1394 821 1643 890; x_wconf 77' lang='lat' dir='ltr'><strong>Alligatus</strong></span> <span class='ocrx_word' id='word_1_57' title='bbox 1680 835 1732 874; x_wconf 88' lang='lat' dir='ltr'><strong>es</strong></span> <span class='ocrx_word' id='word_1_58' title='bbox 1767 820 1912 874; x_wconf 73' lang='lat' dir='ltr'><strong>uxori</strong></span> <span class='ocrx_word' id='word_1_59' title='bbox 1929 819 1954 872; x_wconf 80' lang='lat'><strong><em>?</em></strong></span> 
     </span>
    </p>
   </div>
   <div class='ocr_carea' id='block_1_8' title="bbox 366 910 1953 986">
    <p class='ocr_par' dir='ltr' id='par_1_8' title="bbox 366 910 1953 986">
     <span class='ocr_line' id='line_1_8' title="bbox 366 910 1953 986; baseline -0.004 -16"><span class='ocrx_word' id='word_1_60' title='bbox 366 916 473 970; x_wconf 85' lang='lat' dir='ltr'><strong>noli</strong></span> <span class='ocrx_word' id='word_1_61' title='bbox 500 931 723 986; x_wconf 64' lang='lat' dir='ltr'><strong>querere</strong></span> <span class='ocrx_word' id='word_1_62' title='bbox 761 915 1085 969; x_wconf 72' lang='lat' dir='ltr'><strong>solutionem.</strong></span> <span class='ocrx_word' id='word_1_63' title='bbox 1135 912 1250 968; x_wconf 85' lang='lat' dir='ltr'><strong>Hoc</strong></span> <span class='ocrx_word' id='word_1_64' title='bbox 1288 927 1449 981; x_wconf 89' lang='lat' dir='ltr'><strong>porro</strong></span> <span class='ocrx_word' id='word_1_65' title='bbox 1489 910 1817 966; x_wconf 86' lang='lat' dir='ltr'><strong>contrarium</strong></span> <span class='ocrx_word' id='word_1_66' title='bbox 1846 926 1953 964; x_wconf 90' lang='lat' dir='ltr'><strong>non</strong></span> 
     </span>
    </p>
   </div>
   <div class='ocr_carea' id='block_1_9' title="bbox 363 1003 1955 1076">
    <p class='ocr_par' dir='ltr' id='par_1_9' title="bbox 363 1003 1955 1076">
     <span class='ocr_line' id='line_1_9' title="bbox 363 1003 1955 1076; baseline -0.004 -14"><span class='ocrx_word' id='word_1_67' title='bbox 363 1017 443 1062; x_wconf 90' lang='lat' dir='ltr'><strong>est</strong></span> <span class='ocrx_word' id='word_1_68' title='bbox 469 1022 483 1060; x_wconf 88' lang='lat'><strong>:</strong></span> <span class='ocrx_word' id='word_1_69' title='bbox 509 1022 630 1061; x_wconf 90' lang='lat' dir='ltr'><strong>nam</strong></span> <span class='ocrx_word' id='word_1_70' title='bbox 659 1006 800 1076; x_wconf 87' lang='lat' dir='ltr'><strong>quod</strong></span> <span class='ocrx_word' id='word_1_71' title='bbox 832 1015 1024 1075; x_wconf 69' lang='lat' dir='ltr'><strong>prmlcr</strong></span> <span class='ocrx_word' id='word_1_72' title='bbox 1049 1013 1283 1060; x_wconf 90' lang='lat' dir='ltr'><strong>mentem</strong></span> <span class='ocrx_word' id='word_1_73' title='bbox 1311 1014 1390 1058; x_wconf 87' lang='lat' dir='ltr'><strong>est</strong></span> <span class='ocrx_word' id='word_1_74' title='bbox 1417 1012 1471 1058; x_wconf 90' lang='lat' dir='ltr'><strong>et</strong></span> <span class='ocrx_word' id='word_1_75' title='bbox 1497 1003 1844 1066; x_wconf 79' lang='lat' dir='ltr'><strong>voluntatem,</strong></span> <span class='ocrx_word' id='word_1_76' title='bbox 1871 1010 1955 1056; x_wconf 87' lang='lat' dir='ltr'><strong>est</strong></span> 
     </span>
    </p>
   </div>
   <div class='ocr_carea' id='block_1_10' title="bbox 363 1095 1950 1165">
    <p class='ocr_par' dir='ltr' id='par_1_10' title="bbox 363 1095 1950 1165">
     <span class='ocr_line' id='line_1_10' title="bbox 363 1095 1950 1165; baseline -0.004 -12"><span class='ocrx_word' id='word_1_77' title='bbox 363 1098 599 1165; x_wconf 89' lang='lat' dir='ltr'><strong>solutio;</strong></span> <span class='ocrx_word' id='word_1_78' title='bbox 631 1099 674 1152; x_wconf 87' lang='lat' dir='ltr'><strong>si</strong></span> <span class='ocrx_word' id='word_1_79' title='bbox 715 1107 896 1152; x_wconf 89' lang='lat' dir='ltr'><strong>autem</strong></span> <span class='ocrx_word' id='word_1_80' title='bbox 924 1096 1291 1152; x_wconf 90' lang='lat' dir='ltr'><strong>continuerint</strong></span> <span class='ocrx_word' id='word_1_81' title='bbox 1319 1111 1382 1150; x_wconf 80' lang='lat' dir='ltr'><strong>ex</strong></span> <span class='ocrx_word' id='word_1_82' title='bbox 1417 1095 1692 1164; x_wconf 90' lang='lat' dir='ltr'><strong>utriusque</strong></span> <span class='ocrx_word' id='word_1_83' title='bbox 1721 1109 1950 1148; x_wconf 88' lang='lat' dir='ltr'><strong>consen-</strong></span> 
     </span>
    </p>
   </div>
   <div class='ocr_carea' id='block_1_11' title="bbox 367 1190 945 1256">
    <p class='ocr_par' dir='ltr' id='par_1_11' title="bbox 367 1190 945 1256">
     <span class='ocr_line' id='line_1_11' title="bbox 367 1190 945 1256; baseline -0.007 -9"><span class='ocrx_word' id='word_1_84' title='bbox 367 1208 452 1256; x_wconf 88' lang='lat' dir='ltr'><strong>su,</strong></span> <span class='ocrx_word' id='word_1_85' title='bbox 487 1208 590 1246; x_wconf 89' lang='lat' dir='ltr'><strong>non</strong></span> <span class='ocrx_word' id='word_1_86' title='bbox 617 1201 696 1246; x_wconf 88' lang='lat' dir='ltr'><strong>est</strong></span> <span class='ocrx_word' id='word_1_87' title='bbox 725 1190 945 1247; x_wconf 90' lang='lat' dir='ltr'><strong>solutio.</strong></span> 
     </span>
    </p>
   </div>
   <div class='ocr_carea' id='block_1_12' title="bbox 435 1276 1944 1347">
    <p class='ocr_par' dir='ltr' id='par_1_12' title="bbox 435 1276 1944 1347">
     <span class='ocr_line' id='line_1_12' title="bbox 435 1276 1944 1347; baseline -0.002 -10"><span class='ocrx_word' id='word_1_88' title='bbox 435 1282 488 1337; x_wconf 84' lang='lat'><strong>6.</strong></span> <span class='ocrx_word' id='word_1_89' title='bbox 525 1282 758 1346; x_wconf 88' lang='lat' dir='ltr'><strong>Deinde,</strong></span> <span class='ocrx_word' id='word_1_90' title='bbox 802 1297 870 1335; x_wconf 90' lang='lat' dir='ltr'><strong>ne</strong></span> <span class='ocrx_word' id='word_1_91' title='bbox 909 1279 1014 1336; x_wconf 89' lang='lat' dir='ltr'><strong>hoc</strong></span> <span class='ocrx_word' id='word_1_92' title='bbox 1044 1280 1286 1334; x_wconf 88' lang='lat' dir='ltr'><strong>videatur</strong></span> <span class='ocrx_word' id='word_1_93' title='bbox 1315 1279 1400 1333; x_wconf 79' lang='lat' dir='ltr'><strong>lex</strong></span> <span class='ocrx_word' id='word_1_94' title='bbox 1430 1293 1578 1339; x_wconf 89' lang='lat' dir='ltr'><strong>esse,</strong></span> <span class='ocrx_word' id='word_1_95' title='bbox 1626 1276 1944 1347; x_wconf 70' lang='lat' dir='ltr'><strong>subiunxit:</strong></span> 
     </span>
    </p>
   </div>
   <div class='ocr_carea' id='block_1_13' title="bbox 365 1366 1955 1439">
    <p class='ocr_par' dir='ltr' id='par_1_13' title="bbox 365 1366 1955 1439">
     <span class='ocr_line' id='line_1_13' title="bbox 365 1366 1955 1439; baseline -0.004 -12"><span class='ocrx_word' id='word_1_96' title='bbox 365 1370 453 1427; x_wconf 73' lang='lat'><strong>28.</strong></span> <span class='ocrx_word' id='word_1_97' title='bbox 488 1370 546 1426; x_wconf 93' lang='lat' dir='ltr'><strong>Si</strong></span> <span class='ocrx_word' id='word_1_98' title='bbox 573 1383 741 1426; x_wconf 89' lang='lat' dir='ltr'><strong>autem</strong></span> <span class='ocrx_word' id='word_1_99' title='bbox 767 1371 1018 1439; x_wconf 89' lang='lat' dir='ltr'><strong>acceperis</strong></span> <span class='ocrx_word' id='word_1_100' title='bbox 1047 1385 1276 1436; x_wconf 74' lang='lat' dir='ltr'><strong>uxorem,</strong></span> <span class='ocrx_word' id='word_1_101' title='bbox 1308 1384 1407 1422; x_wconf 86' lang='lat' dir='ltr'><strong>non</strong></span> <span class='ocrx_word' id='word_1_102' title='bbox 1437 1367 1673 1437; x_wconf 79' lang='lat' dir='ltr'><strong>peccasti.</strong></span> <span class='ocrx_word' id='word_1_103' title='bbox 1701 1366 1812 1422; x_wconf 85' lang='lat' dir='ltr'><strong>Sub</strong></span> <span class='ocrx_word' id='word_1_104' title='bbox 1841 1367 1955 1420; x_wconf 65' lang='lat' dir='ltr'><strong>hate</strong></span> 
     </span>
    </p>
   </div>
   <div class='ocr_carea' id='block_1_14' title="bbox 367 1459 1950 1534">
    <p class='ocr_par' dir='ltr' id='par_1_14' title="bbox 367 1459 1950 1534">
     <span class='ocr_line' id='line_1_14' title="bbox 367 1459 1950 1534; baseline -0.005 -16"><span class='ocrx_word' id='word_1_105' title='bbox 367 1463 714 1534; x_wconf 79' lang='lat' dir='ltr'><strong>praesentium</strong></span> <span class='ocrx_word' id='word_1_106' title='bbox 743 1477 956 1517; x_wconf 88' lang='lat' dir='ltr'><strong>causam</strong></span> <span class='ocrx_word' id='word_1_107' title='bbox 987 1460 1175 1524; x_wconf 78' lang='lat' dir='ltr'><strong>affert,</strong></span> <span class='ocrx_word' id='word_1_108' title='bbox 1206 1461 1494 1514; x_wconf 84' lang='lat' dir='ltr'><strong>instantem</strong></span> <span class='ocrx_word' id='word_1_109' title='bbox 1541 1459 1912 1513; x_wconf 71' lang='lat' dir='ltr'><strong>necessitatem</strong></span> <span class='ocrx_word' id='word_1_110' title='bbox 1934 1498 1950 1522; x_wconf 94' lang='lat'><strong>,</strong></span> 
     </span>
    </p>
   </div>
   <div class='ocr_carea' id='block_1_15' title="bbox 367 1551 1953 1627">
    <p class='ocr_par' dir='ltr' id='par_1_15' title="bbox 367 1551 1953 1627">
     <span class='ocr_line' id='line_1_15' title="bbox 367 1551 1953 1627; baseline -0.005 -15"><span class='ocrx_word' id='word_1_111' title='bbox 367 1567 580 1627; x_wconf 85' lang='lat' dir='ltr'><strong>tempus</strong></span> <span class='ocrx_word' id='word_1_112' title='bbox 615 1564 947 1610; x_wconf 84' lang='lat' dir='ltr'><strong>contractum</strong></span> <span class='ocrx_word' id='word_1_113' title='bbox 976 1563 1031 1610; x_wconf 89' lang='lat' dir='ltr'><strong>et</strong></span> <span class='ocrx_word' id='word_1_114' title='bbox 1071 1553 1489 1608; x_wconf 83' lang='lat' dir='ltr'><strong>tribulationem.</strong></span> <span class='ocrx_word' id='word_1_115' title='bbox 1534 1551 1696 1606; x_wconf 82' lang='lat' dir='ltr'><strong>Multa</strong></span> <span class='ocrx_word' id='word_1_116' title='bbox 1727 1565 1953 1619; x_wconf 87' lang='lat' dir='ltr'><strong>namque</strong></span> 
     </span>
    </p>
   </div>
   <div class='ocr_carea' id='block_1_16' title="bbox 367 1641 1952 1714">
    <p class='ocr_par' dir='ltr' id='par_1_16' title="bbox 367 1641 1952 1714">
     <span class='ocr_line' id='line_1_16' title="bbox 367 1641 1952 1714; baseline -0.004 -12"><span class='ocrx_word' id='word_1_117' title='bbox 367 1646 692 1702; x_wconf 90' lang='lat' dir='ltr'><strong>connubium</strong></span> <span class='ocrx_word' id='word_1_118' title='bbox 718 1660 901 1701; x_wconf 86' lang='lat' dir='ltr'><strong>secum</strong></span> <span class='ocrx_word' id='word_1_119' title='bbox 931 1644 1112 1710; x_wconf 89' lang='lat' dir='ltr'><strong>trahit,</strong></span> <span class='ocrx_word' id='word_1_120' title='bbox 1144 1660 1262 1714; x_wconf 81' lang='lat' dir='ltr'><strong>quae</strong></span> <span class='ocrx_word' id='word_1_121' title='bbox 1293 1653 1350 1699; x_wconf 90' lang='lat' dir='ltr'><strong>et</strong></span> <span class='ocrx_word' id='word_1_122' title='bbox 1379 1643 1464 1697; x_wconf 91' lang='lat' dir='ltr'><strong>hic</strong></span> <span class='ocrx_word' id='word_1_123' title='bbox 1491 1641 1867 1704; x_wconf 87' lang='lat' dir='ltr'><strong>subindicavit,</strong></span> <span class='ocrx_word' id='word_1_124' title='bbox 1898 1649 1952 1696; x_wconf 88' lang='lat' dir='ltr'><strong>et</strong></span> 
     </span>
    </p>
   </div>
   <div class='ocr_carea' id='block_1_17' title="bbox 369 1735 1950 1806">
    <p class='ocr_par' dir='ltr' id='par_1_17' title="bbox 369 1735 1950 1806">
     <span class='ocr_line' id='line_1_17' title="bbox 369 1735 1950 1806; baseline -0.005 -10"><span class='ocrx_word' id='word_1_125' title='bbox 369 1743 422 1796; x_wconf 86' lang='lat' dir='ltr'><strong>in</strong></span> <span class='ocrx_word' id='word_1_126' title='bbox 451 1755 700 1796; x_wconf 87' lang='lat' dir='ltr'><strong>sermone</strong></span> <span class='ocrx_word' id='word_1_127' title='bbox 726 1740 795 1795; x_wconf 92' lang='lat' dir='ltr'><strong>de</strong></span> <span class='ocrx_word' id='word_1_128' title='bbox 813 1736 1140 1794; x_wconf 89' lang='lat' dir='ltr'><strong>continentia</strong></span> <span class='ocrx_word' id='word_1_129' title='bbox 1167 1755 1180 1791; x_wconf 92' lang='lat'><strong>:</strong></span> <span class='ocrx_word' id='word_1_130' title='bbox 1213 1737 1323 1792; x_wconf 90' lang='lat' dir='ltr'><strong>illic</strong></span> <span class='ocrx_word' id='word_1_131' title='bbox 1348 1735 1558 1806; x_wconf 88' lang='lat' dir='ltr'><strong>quidem</strong></span> <span class='ocrx_word' id='word_1_132' title='bbox 1582 1735 1766 1790; x_wconf 87' lang='lat' dir='ltr'><strong>dicens</strong></span> <span class='ocrx_word' id='word_1_133' title='bbox 1787 1777 1801 1801; x_wconf 92' lang='lat'><strong>,</strong></span> <span class='ocrx_word' id='word_1_134' title='bbox 1829 1750 1950 1788; x_wconf 92' lang='lat' dir='ltr'><strong>mu-</strong></span> 
     </span>
    </p>
   </div>
   <div class='ocr_carea' id='block_1_18' title="bbox 367 1825 1954 1902">
    <p class='ocr_par' dir='ltr' id='par_1_18' title="bbox 367 1825 1954 1902">
     <span class='ocr_line' id='line_1_18' title="bbox 367 1825 1954 1902; baseline -0.005 -14"><span class='ocrx_word' id='word_1_135' title='bbox 367 1836 548 1888; x_wconf 89' lang='lat' dir='ltr'><strong>lierem</strong></span> <span class='ocrx_word' id='word_1_136' title='bbox 576 1847 678 1887; x_wconf 91' lang='lat' dir='ltr'><strong>non</strong></span> <span class='ocrx_word' id='word_1_137' title='bbox 702 1833 781 1886; x_wconf 86' lang='lat' dir='ltr'><strong>sui</strong></span> <span class='ocrx_word' id='word_1_138' title='bbox 807 1840 1120 1902; x_wconf 79' lang='lat' dir='ltr'><strong>potestatem</strong></span> <span class='ocrx_word' id='word_1_139' title='bbox 1140 1829 1369 1894; x_wconf 88' lang='lat' dir='ltr'><strong>habere;</strong></span> <span class='ocrx_word' id='word_1_140' title='bbox 1399 1828 1484 1883; x_wconf 91' lang='lat' dir='ltr'><strong>hic</strong></span> <span class='ocrx_word' id='word_1_141' title='bbox 1509 1838 1710 1894; x_wconf 91' lang='lat' dir='ltr'><strong>autem,</strong></span> <span class='ocrx_word' id='word_1_142' title='bbox 1740 1825 1954 1882; x_wconf 87' lang='lat' dir='ltr'><strong>Solutus</strong></span> 
     </span>
    </p>
   </div>
   <div class='ocr_carea' id='block_1_19' title="bbox 366 1917 1953 1992">
    <p class='ocr_par' dir='ltr' id='par_1_19' title="bbox 366 1917 1953 1992">
     <span class='ocr_line' id='line_1_19' title="bbox 366 1917 1953 1992; baseline -0.004 -12"><span class='ocrx_word' id='word_1_143' title='bbox 366 1944 438 1980; x_wconf 83' lang='lat' dir='ltr'><strong>es.</strong></span> <span class='ocrx_word' id='word_1_144' title='bbox 475 1925 534 1980; x_wconf 87' lang='lat' dir='ltr'><strong>Si</strong></span> <span class='ocrx_word' id='word_1_145' title='bbox 572 1934 740 1978; x_wconf 82' lang='lat' dir='ltr'><strong>autent</strong></span> <span class='ocrx_word' id='word_1_146' title='bbox 769 1940 976 1980; x_wconf 71' lang='lat' dir='ltr'><strong>uxorem</strong></span> <span class='ocrx_word' id='word_1_147' title='bbox 1003 1923 1290 1992; x_wconf 87' lang='lat' dir='ltr'><strong>acceperis,</strong></span> <span class='ocrx_word' id='word_1_148' title='bbox 1323 1937 1423 1974; x_wconf 86' lang='lat' dir='ltr'><strong>non</strong></span> <span class='ocrx_word' id='word_1_149' title='bbox 1467 1921 1716 1988; x_wconf 86' lang='lat' dir='ltr'><strong>peccasti;</strong></span> <span class='ocrx_word' id='word_1_150' title='bbox 1747 1934 1854 1973; x_wconf 89' lang='lat' dir='ltr'><strong>non</strong></span> <span class='ocrx_word' id='word_1_151' title='bbox 1885 1917 1953 1973; x_wconf 89' lang='lat' dir='ltr'><strong>de</strong></span> 
     </span>
    </p>
   </div>
   <div class='ocr_carea' id='block_1_20' title="bbox 364 2013 1950 2090">
    <p class='ocr_par' dir='ltr' id='par_1_20' title="bbox 364 2013 1950 2090">
     <span class='ocr_line' id='line_1_20' title="bbox 364 2013 1950 2090; baseline -0.006 -15"><span class='ocrx_word' id='word_1_152' title='bbox 364 2034 429 2075; x_wconf 87' lang='lat' dir='ltr'><strong>ea</strong></span> <span class='ocrx_word' id='word_1_153' title='bbox 459 2019 682 2090; x_wconf 88' lang='lat' dir='ltr'><strong>loquens</strong></span> <span class='ocrx_word' id='word_1_154' title='bbox 727 2033 847 2088; x_wconf 65' lang='lat' dir='ltr'><strong>quae</strong></span> <span class='ocrx_word' id='word_1_155' title='bbox 891 2016 1249 2087; x_wconf 75' lang='lat' dir='ltr'><strong>virginitatem</strong></span> <span class='ocrx_word' id='word_1_156' title='bbox 1284 2014 1480 2084; x_wconf 84' lang='lat' dir='ltr'><strong>elegit;</strong></span> <span class='ocrx_word' id='word_1_157' title='bbox 1514 2015 1627 2085; x_wconf 86' lang='lat' dir='ltr'><strong>ipsa</strong></span> <span class='ocrx_word' id='word_1_158' title='bbox 1657 2013 1800 2069; x_wconf 90' lang='lat' dir='ltr'><strong>enim</strong></span> <span class='ocrx_word' id='word_1_159' title='bbox 1841 2013 1950 2082; x_wconf 89' lang='lat' dir='ltr'><strong>jam</strong></span> 
     </span>
    </p>
   </div>
   <div class='ocr_carea' id='block_1_21' title="bbox 368 2107 1952 2181">
    <p class='ocr_par' dir='ltr' id='par_1_21' title="bbox 368 2107 1952 2181">
     <span class='ocr_line' id='line_1_21' title="bbox 368 2107 1952 2181; baseline -0.004 -17"><span class='ocrx_word' id='word_1_160' title='bbox 368 2110 624 2181; x_wconf 89' lang='lat' dir='ltr'><strong>peccavit.</strong></span> <span class='ocrx_word' id='word_1_161' title='bbox 655 2108 788 2165; x_wconf 83' lang='lat' dir='ltr'><strong>Nam</strong></span> <span class='ocrx_word' id='word_1_162' title='bbox 814 2109 858 2162; x_wconf 88' lang='lat' dir='ltr'><strong>si</strong></span> <span class='ocrx_word' id='word_1_163' title='bbox 887 2107 1061 2162; x_wconf 72' lang='lat' dir='ltr'><strong>vidua:</strong></span> <span class='ocrx_word' id='word_1_164' title='bbox 1091 2107 1144 2161; x_wconf 91' lang='lat' dir='ltr'><strong>in</strong></span> <span class='ocrx_word' id='word_1_165' title='bbox 1171 2107 1375 2161; x_wconf 87' lang='lat' dir='ltr'><strong>crimen</strong></span> <span class='ocrx_word' id='word_1_166' title='bbox 1409 2113 1684 2170; x_wconf 88' lang='lat' dir='ltr'><strong>vocantur,</strong></span> <span class='ocrx_word' id='word_1_167' title='bbox 1715 2119 1835 2158; x_wconf 89' lang='lat' dir='ltr'><strong>cum</strong></span> <span class='ocrx_word' id='word_1_168' title='bbox 1861 2119 1952 2158; x_wconf 90' lang='lat' dir='ltr'><strong>se-</strong></span> 
     </span>
    </p>
   </div>
   <div class='ocr_carea' id='block_1_22' title="bbox 368 2194 1950 2270">
    <p class='ocr_par' dir='ltr' id='par_1_22' title="bbox 368 2194 1950 2270">
     <span class='ocr_line' id='line_1_22' title="bbox 368 2194 1950 2270; baseline -0.006 -14"><span class='ocrx_word' id='word_1_169' title='bbox 368 2201 574 2256; x_wconf 89' lang='lat' dir='ltr'><strong>cundas</strong></span> <span class='ocrx_word' id='word_1_170' title='bbox 613 2201 826 2270; x_wconf 84' lang='lat' dir='ltr'><strong>nuptias</strong></span> <span class='ocrx_word' id='word_1_171' title='bbox 851 2197 1257 2264; x_wconf 79' lang='lat' dir='ltr'><strong>contraxerint,</strong></span> <span class='ocrx_word' id='word_1_172' title='bbox 1301 2196 1346 2251; x_wconf 89' lang='lat' dir='ltr'><strong>si</strong></span> <span class='ocrx_word' id='word_1_173' title='bbox 1374 2194 1542 2250; x_wconf 83' lang='lat' dir='ltr'><strong>semel</strong></span> <span class='ocrx_word' id='word_1_174' title='bbox 1580 2194 1842 2264; x_wconf 76' lang='lat' dir='ltr'><strong>elegerint</strong></span> <span class='ocrx_word' id='word_1_175' title='bbox 1871 2194 1950 2248; x_wconf 88' lang='lat' dir='ltr'><strong>vi-</strong></span> 
     </span>
    </p>
   </div>
   <div class='ocr_carea' id='block_1_23' title="bbox 369 2284 1955 2358">
    <p class='ocr_par' dir='ltr' id='par_1_23' title="bbox 369 2284 1955 2358">
     <span class='ocr_line' id='line_1_23' title="bbox 369 2284 1955 2358; baseline -0.006 -11"><span class='ocrx_word' id='word_1_176' title='bbox 369 2293 660 2354; x_wconf 86' lang='lat' dir='ltr'><strong>duitatem;</strong></span> <span class='ocrx_word' id='word_1_177' title='bbox 689 2289 858 2344; x_wconf 91' lang='lat' dir='ltr'><strong>multo</strong></span> <span class='ocrx_word' id='word_1_178' title='bbox 885 2288 1054 2358; x_wconf 85' lang='lat' dir='ltr'><strong>magis</strong></span> <span class='ocrx_word' id='word_1_179' title='bbox 1075 2287 1325 2357; x_wconf 78' lang='lat' dir='ltr'><strong>virgines.</strong></span> <span class='ocrx_word' id='word_1_180' title='bbox 1359 2284 1757 2340; x_wconf 85' lang='lat' dir='ltr'><strong>Tribulationem</strong></span> <span class='ocrx_word' id='word_1_181' title='bbox 1785 2293 1955 2338; x_wconf 85' lang='lat' dir='ltr'><strong>tamen</strong></span> 
     </span>
    </p>
   </div>
   <div class='ocr_carea' id='block_1_24' title="bbox 367 2377 1950 2450">
    <p class='ocr_par' dir='ltr' id='par_1_24' title="bbox 367 2377 1950 2450">
     <span class='ocr_line' id='line_1_24' title="bbox 367 2377 1950 2450; baseline -0.004 -13"><span class='ocrx_word' id='word_1_182' title='bbox 367 2383 536 2438; x_wconf 89' lang='lat' dir='ltr'><strong>carnis</strong></span> <span class='ocrx_word' id='word_1_183' title='bbox 560 2381 810 2437; x_wconf 83' lang='lat' dir='ltr'><strong>habebunt</strong></span> <span class='ocrx_word' id='word_1_184' title='bbox 835 2379 1149 2450; x_wconf 82' lang='lat' dir='ltr'><strong>hujusmodi.</strong></span> <span class='ocrx_word' id='word_1_185' title='bbox 1181 2377 1342 2449; x_wconf 82' lang='lat' dir='ltr'><strong>Atqui</strong></span> <span class='ocrx_word' id='word_1_186' title='bbox 1383 2379 1543 2434; x_wconf 89' lang='lat' dir='ltr'><strong>etiam</strong></span> <span class='ocrx_word' id='word_1_187' title='bbox 1583 2377 1912 2446; x_wconf 87' lang='lat' dir='ltr'><strong>voluptatem</strong></span> <span class='ocrx_word' id='word_1_188' title='bbox 1936 2419 1950 2443; x_wconf 95' lang='lat'><strong>,</strong></span> 
     </span>
    </p>
   </div>
   <div class='ocr_carea' id='block_1_25' title="bbox 372 2471 1954 2545">
    <p class='ocr_par' dir='ltr' id='par_1_25' title="bbox 372 2471 1954 2545">
     <span class='ocr_line' id='line_1_25' title="bbox 372 2471 1954 2545; baseline -0.003 -15"><span class='ocrx_word' id='word_1_189' title='bbox 372 2475 598 2545; x_wconf 85' lang='lat' dir='ltr'><strong>inquies.</strong></span> <span class='ocrx_word' id='word_1_190' title='bbox 625 2473 732 2530; x_wconf 85' lang='lat' dir='ltr'><strong>Sed</strong></span> <span class='ocrx_word' id='word_1_191' title='bbox 773 2473 892 2527; x_wconf 91' lang='lat' dir='ltr'><strong>vide</strong></span> <span class='ocrx_word' id='word_1_192' title='bbox 918 2472 1189 2543; x_wconf 76' lang='lat' dir='ltr'><strong>quomodo</strong></span> <span class='ocrx_word' id='word_1_193' title='bbox 1230 2471 1374 2526; x_wconf 80' lang='lat' dir='ltr'><strong>illam</strong></span> <span class='ocrx_word' id='word_1_194' title='bbox 1404 2471 1658 2540; x_wconf 86' lang='lat' dir='ltr'><strong>temporis</strong></span> <span class='ocrx_word' id='word_1_195' title='bbox 1695 2471 1954 2526; x_wconf 83' lang='lat' dir='ltr'><strong>brevitate</strong></span> 
     </span>
    </p>
   </div>
   <div class='ocr_carea' id='block_1_26' title="bbox 372 2561 1952 2633">
    <p class='ocr_par' dir='ltr' id='par_1_26' title="bbox 372 2561 1952 2633">
     <span class='ocr_line' id='line_1_26' title="bbox 372 2561 1952 2633; baseline -0.004 -12"><span class='ocrx_word' id='word_1_196' title='bbox 372 2565 717 2632; x_wconf 76' lang='lat' dir='ltr'><strong>contraxerit,</strong></span> <span class='ocrx_word' id='word_1_197' title='bbox 745 2565 960 2620; x_wconf 88' lang='lat' dir='ltr'><strong>dicens:</strong></span> <span class='ocrx_word' id='word_1_198' title='bbox 989 2563 1080 2619; x_wconf 63' lang='grc' dir='ltr'><strong>ἓξ).</strong></span> <span class='ocrx_word' id='word_1_199' title='bbox 1103 2561 1324 2633; x_wconf 85' lang='lat' dir='ltr'><strong>Tempus</strong></span> <span class='ocrx_word' id='word_1_200' title='bbox 1352 2565 1493 2616; x_wconf 84' lang='lat' dir='ltr'><strong>breve</strong></span> <span class='ocrx_word' id='word_1_201' title='bbox 1519 2573 1610 2616; x_wconf 90' lang='lat' dir='ltr'><strong>est.</strong></span> <span class='ocrx_word' id='word_1_202' title='bbox 1640 2561 1694 2616; x_wconf 81' lang='lat' dir='ltr'><strong>Id</strong></span> <span class='ocrx_word' id='word_1_203' title='bbox 1723 2571 1834 2626; x_wconf 83' lang='lat' dir='ltr'><strong>est,</strong></span> <span class='ocrx_word' id='word_1_204' title='bbox 1863 2561 1952 2631; x_wconf 90' lang='lat' dir='ltr'><strong>ju-</strong></span> 
     </span>
    </p>
   </div>
   <div class='ocr_carea' id='block_1_27' title="bbox 373 2651 1954 2728">
    <p class='ocr_par' dir='ltr' id='par_1_27' title="bbox 373 2651 1954 2728">
     <span class='ocr_line' id='line_1_27' title="bbox 373 2651 1954 2728; baseline -0.005 -14"><span class='ocrx_word' id='word_1_205' title='bbox 373 2658 560 2714; x_wconf 87' lang='lat' dir='ltr'><strong>bemur</strong></span> <span class='ocrx_word' id='word_1_206' title='bbox 581 2655 905 2728; x_wconf 86' lang='lat' dir='ltr'><strong>peregrinari</strong></span> <span class='ocrx_word' id='word_1_207' title='bbox 928 2663 982 2711; x_wconf 89' lang='lat' dir='ltr'><strong>et</strong></span> <span class='ocrx_word' id='word_1_208' title='bbox 1009 2655 1267 2710; x_wconf 81' lang='lat' dir='ltr'><strong>excedere</strong></span> <span class='ocrx_word' id='word_1_209' title='bbox 1297 2653 1511 2708; x_wconf 84' lang='lat' dir='ltr'><strong>demum</strong></span> <span class='ocrx_word' id='word_1_210' title='bbox 1538 2670 1552 2716; x_wconf 88' lang='lat'><strong>;</strong></span> <span class='ocrx_word' id='word_1_211' title='bbox 1584 2662 1638 2706; x_wconf 92' lang='lat' dir='ltr'><strong>tu</strong></span> <span class='ocrx_word' id='word_1_212' title='bbox 1663 2668 1792 2708; x_wconf 89' lang='lat' dir='ltr'><strong>vero</strong></span> <span class='ocrx_word' id='word_1_213' title='bbox 1820 2651 1954 2706; x_wconf 88' lang='lat' dir='ltr'><strong>inte-</strong></span> 
     </span>
    </p>
   </div>
   <div class='ocr_carea' id='block_1_28' title="bbox 373 2744 1955 2819">
    <p class='ocr_par' dir='ltr' id='par_1_28' title="bbox 373 2744 1955 2819">
     <span class='ocr_line' id='line_1_28' title="bbox 373 2744 1955 2819; baseline -0.005 -13"><span class='ocrx_word' id='word_1_214' title='bbox 373 2751 485 2806; x_wconf 85' lang='lat' dir='ltr'><strong>rius</strong></span> <span class='ocrx_word' id='word_1_215' title='bbox 527 2750 718 2806; x_wconf 88' lang='lat' dir='ltr'><strong>curris.</strong></span> <span class='ocrx_word' id='word_1_216' title='bbox 765 2749 926 2819; x_wconf 85' lang='lat' dir='ltr'><strong>Atqui</strong></span> <span class='ocrx_word' id='word_1_217' title='bbox 973 2747 1180 2802; x_wconf 91' lang='lat' dir='ltr'><strong>etiamsi</strong></span> <span class='ocrx_word' id='word_1_218' title='bbox 1229 2746 1360 2801; x_wconf 85' lang='lat' dir='ltr'><strong>nihil</strong></span> <span class='ocrx_word' id='word_1_219' title='bbox 1406 2745 1688 2800; x_wconf 89' lang='lat' dir='ltr'><strong>molestum</strong></span> <span class='ocrx_word' id='word_1_220' title='bbox 1735 2744 1955 2799; x_wconf 86' lang='lat' dir='ltr'><strong>haberet</strong></span> 
     </span>
    </p>
   </div>
   <div class='ocr_carea' id='block_1_29' title="bbox 317 2836 1951 2905">
    <p class='ocr_par' dir='ltr' id='par_1_29' title="bbox 317 2836 1951 2905">
     <span class='ocr_line' id='line_1_29' title="bbox 317 2836 1951 2905; baseline -0.007 -7"><span class='ocrx_word' id='word_1_221' title='bbox 317 2877 320 2880; x_wconf 80' lang='lat'><strong><em>~</em></strong></span> <span class='ocrx_word' id='word_1_222' title='bbox 374 2841 801 2903; x_wconf 91' lang='lat' dir='ltr'><strong>matrimonium,</strong></span> <span class='ocrx_word' id='word_1_223' title='bbox 831 2839 899 2894; x_wconf 88' lang='lat' dir='ltr'><strong>ad</strong></span> <span class='ocrx_word' id='word_1_224' title='bbox 938 2840 1114 2892; x_wconf 86' lang='lat' dir='ltr'><strong>futura</strong></span> <span class='ocrx_word' id='word_1_225' title='bbox 1157 2848 1333 2893; x_wconf 91' lang='lat' dir='ltr'><strong>tamen</strong></span> <span class='ocrx_word' id='word_1_226' title='bbox 1366 2836 1615 2892; x_wconf 84' lang='lat' dir='ltr'><strong>festinare</strong></span> <span class='ocrx_word' id='word_1_227' title='bbox 1643 2843 1951 2905; x_wconf 83' lang='lat' dir='ltr'><strong>Oportcret;</strong></span> 
     </span>
    </p>
   </div>
   <div class='ocr_carea' id='block_1_30' title="bbox 370 2928 1957 2998">
    <p class='ocr_par' dir='ltr' id='par_1_30' title="bbox 370 2928 1957 2998">
     <span class='ocr_line' id='line_1_30' title="bbox 370 2928 1957 2998; baseline -0.006 -8"><span class='ocrx_word' id='word_1_228' title='bbox 370 2949 492 2990; x_wconf 88' lang='lat' dir='ltr'><strong>cum</strong></span> <span class='ocrx_word' id='word_1_229' title='bbox 519 2945 697 2988; x_wconf 85' lang='lat' dir='ltr'><strong>autem</strong></span> <span class='ocrx_word' id='word_1_230' title='bbox 738 2931 1034 2987; x_wconf 86' lang='lat' dir='ltr'><strong>molestiam</strong></span> <span class='ocrx_word' id='word_1_231' title='bbox 1076 2945 1257 2984; x_wconf 88' lang='lat' dir='ltr'><strong>secum</strong></span> <span class='ocrx_word' id='word_1_232' title='bbox 1300 2928 1507 2994; x_wconf 84' lang='lat' dir='ltr'><strong>trahat,</strong></span> <span class='ocrx_word' id='word_1_233' title='bbox 1537 2928 1663 2998; x_wconf 90' lang='lat' dir='ltr'><strong>quid</strong></span> <span class='ocrx_word' id='word_1_234' title='bbox 1701 2943 1837 2998; x_wconf 90' lang='lat' dir='ltr'><strong>opus</strong></span> <span class='ocrx_word' id='word_1_235' title='bbox 1873 2937 1957 2981; x_wconf 85' lang='lat' dir='ltr'><strong>est</strong></span> 
     </span>
    </p>
   </div>
   <div class='ocr_carea' id='block_1_31' title="bbox 370 3019 1956 3088">
    <p class='ocr_par' dir='ltr' id='par_1_31' title="bbox 370 3019 1956 3088">
     <span class='ocr_line' id='line_1_31' title="bbox 370 3019 1956 3088; baseline -0.008 -5"><span class='ocrx_word' id='word_1_236' title='bbox 370 3041 510 3083; x_wconf 89' lang='lat' dir='ltr'><strong>onus</strong></span> <span class='ocrx_word' id='word_1_237' title='bbox 528 3023 838 3080; x_wconf 79' lang='lat' dir='ltr'><strong>attrahere?</strong></span> <span class='ocrx_word' id='word_1_238' title='bbox 858 3037 954 3078; x_wconf 90' lang='lat' dir='ltr'><strong>cur</strong></span> <span class='ocrx_word' id='word_1_239' title='bbox 982 3029 1180 3076; x_wconf 80' lang='lat' dir='ltr'><strong>tantam</strong></span> <span class='ocrx_word' id='word_1_240' title='bbox 1203 3020 1479 3088; x_wconf 77' lang='lat' dir='ltr'><strong>suscipere</strong></span> <span class='ocrx_word' id='word_1_241' title='bbox 1502 3020 1719 3080; x_wconf 87' lang='lat' dir='ltr'><strong>molem,</strong></span> <span class='ocrx_word' id='word_1_242' title='bbox 1743 3019 1956 3087; x_wconf 87' lang='lat' dir='ltr'><strong>quando</strong></span> 
     </span>
    </p>
   </div>
   <div class='ocr_carea' id='block_1_32' title="bbox 376 3111 1953 3190">
    <p class='ocr_par' dir='ltr' id='par_1_32' title="bbox 376 3111 1953 3190">
     <span class='ocr_line' id='line_1_32' title="bbox 376 3111 1953 3190; baseline -0.007 -16"><span class='ocrx_word' id='word_1_243' title='bbox 376 3129 654 3190; x_wconf 85' lang='lat' dir='ltr'><strong>postquam</strong></span> <span class='ocrx_word' id='word_1_244' title='bbox 695 3115 1034 3185; x_wconf 86' lang='lat' dir='ltr'><strong>susceperis,</strong></span> <span class='ocrx_word' id='word_1_245' title='bbox 1078 3113 1148 3168; x_wconf 89' lang='lat' dir='ltr'><strong>ita</strong></span> <span class='ocrx_word' id='word_1_246' title='bbox 1179 3113 1251 3168; x_wconf 91' lang='lat' dir='ltr'><strong>uti</strong></span> <span class='ocrx_word' id='word_1_247' title='bbox 1303 3113 1388 3166; x_wconf 91' lang='lat' dir='ltr'><strong>illa</strong></span> <span class='ocrx_word' id='word_1_248' title='bbox 1417 3121 1631 3180; x_wconf 88' lang='lat' dir='ltr'><strong>oportet</strong></span> <span class='ocrx_word' id='word_1_249' title='bbox 1672 3127 1734 3165; x_wconf 90' lang='lat' dir='ltr'><strong>ac</strong></span> <span class='ocrx_word' id='word_1_250' title='bbox 1775 3111 1818 3165; x_wconf 89' lang='lat' dir='ltr'><strong>si</strong></span> <span class='ocrx_word' id='word_1_251' title='bbox 1850 3125 1953 3165; x_wconf 87' lang='lat' dir='ltr'><strong>non</strong></span> 
     </span>
    </p>
   </div>
   <div class='ocr_carea' id='block_1_33' title="bbox 374 3205 1957 3274">
    <p class='ocr_par' dir='ltr' id='par_1_33' title="bbox 374 3205 1957 3274">
     <span class='ocr_line' id='line_1_33' title="bbox 374 3205 1957 3274; baseline -0.006 -8"><span class='ocrx_word' id='word_1_252' title='bbox 374 3211 634 3267; x_wconf 74' lang='lat' dir='ltr'><strong>haberes?</strong></span> <span class='ocrx_word' id='word_1_253' title='bbox 673 3210 874 3265; x_wconf 88' lang='lat' dir='ltr'><strong>etenim</strong></span> <span class='ocrx_word' id='word_1_254' title='bbox 911 3209 986 3262; x_wconf 88' lang='lat' dir='ltr'><strong>ait</strong></span> <span class='ocrx_word' id='word_1_255' title='bbox 1019 3229 1032 3264; x_wconf 87' lang='lat'><strong>:</strong></span> <span class='ocrx_word' id='word_1_256' title='bbox 1079 3207 1178 3274; x_wconf 84' lang='lat' dir='ltr'><strong>Qui</strong></span> <span class='ocrx_word' id='word_1_257' title='bbox 1218 3205 1401 3260; x_wconf 83' lang='lat' dir='ltr'><strong>habent</strong></span> <span class='ocrx_word' id='word_1_258' title='bbox 1447 3220 1660 3268; x_wconf 73' lang='lat' dir='ltr'><strong>uxores,</strong></span> <span class='ocrx_word' id='word_1_259' title='bbox 1701 3212 1957 3274; x_wconf 81' lang='lat' dir='ltr'><strong>tamquam</strong></span> 
     </span>
    </p>
   </div>
   <div class='ocr_carea' id='block_1_34' title="bbox 372 3293 1954 3364">
    <p class='ocr_par' dir='ltr' id='par_1_34' title="bbox 372 3293 1954 3364">
     <span class='ocr_line' id='line_1_34' title="bbox 372 3293 1954 3364; baseline -0.008 -5"><span class='ocrx_word' id='word_1_260' title='bbox 372 3321 474 3359; x_wconf 87' lang='lat' dir='ltr'><strong>non</strong></span> <span class='ocrx_word' id='word_1_261' title='bbox 502 3301 738 3357; x_wconf 80' lang='lat' dir='ltr'><strong>habentes</strong></span> <span class='ocrx_word' id='word_1_262' title='bbox 760 3300 880 3356; x_wconf 88' lang='lat' dir='ltr'><strong>sint.</strong></span> <span class='ocrx_word' id='word_1_263' title='bbox 909 3298 1112 3353; x_wconf 84' lang='lat' dir='ltr'><strong>Deinde</strong></span> <span class='ocrx_word' id='word_1_264' title='bbox 1132 3340 1147 3363; x_wconf 95' lang='lat'><strong>,</strong></span> <span class='ocrx_word' id='word_1_265' title='bbox 1177 3313 1299 3352; x_wconf 89' lang='lat' dir='ltr'><strong>cum</strong></span> <span class='ocrx_word' id='word_1_266' title='bbox 1323 3296 1390 3351; x_wconf 89' lang='lat' dir='ltr'><strong>de</strong></span> <span class='ocrx_word' id='word_1_267' title='bbox 1416 3294 1606 3349; x_wconf 79' lang='lat' dir='ltr'><strong>futuris</strong></span> <span class='ocrx_word' id='word_1_268' title='bbox 1632 3293 1758 3364; x_wconf 90' lang='lat' dir='ltr'><strong>quid</strong></span> <span class='ocrx_word' id='word_1_269' title='bbox 1789 3294 1954 3348; x_wconf 89' lang='lat' dir='ltr'><strong>inter-</strong></span> 
     </span>
    </p>
   </div>
   <div class='ocr_carea' id='block_1_35' title="bbox 375 3390 1959 3467">
    <p class='ocr_par' dir='ltr' id='par_1_35' title="bbox 375 3390 1959 3467">
     <span class='ocr_line' id='line_1_35' title="bbox 375 3390 1959 3467; baseline -0.007 -18"><span class='ocrx_word' id='word_1_270' title='bbox 375 3394 672 3467; x_wconf 87' lang='lat' dir='ltr'><strong>posuisset,</strong></span> <span class='ocrx_word' id='word_1_271' title='bbox 714 3406 900 3448; x_wconf 85' lang='lat' dir='ltr'><strong>rursus</strong></span> <span class='ocrx_word' id='word_1_272' title='bbox 938 3390 1006 3446; x_wconf 88' lang='lat' dir='ltr'><strong>ad</strong></span> <span class='ocrx_word' id='word_1_273' title='bbox 1035 3404 1274 3460; x_wconf 63' lang='lat' dir='ltr'><strong>praesens</strong></span> <span class='ocrx_word' id='word_1_274' title='bbox 1301 3399 1510 3457; x_wconf 88' lang='lat' dir='ltr'><strong>tempus</strong></span> <span class='ocrx_word' id='word_1_275' title='bbox 1537 3400 1844 3440; x_wconf 84' lang='lat' dir='ltr'><strong>sermonem</strong></span> <span class='ocrx_word' id='word_1_276' title='bbox 1875 3401 1959 3439; x_wconf 92' lang='lat' dir='ltr'><strong>re-</strong></span> 
     </span>
    </p>
   </div>
   <div class='ocr_carea' id='block_1_36' title="bbox 373 3477 1958 3552">
    <p class='ocr_par' dir='ltr' id='par_1_36' title="bbox 373 3477 1958 3552">
     <span class='ocr_line' id='line_1_36' title="bbox 373 3477 1958 3552; baseline -0.011 -7"><span class='ocrx_word' id='word_1_277' title='bbox 373 3488 540 3545; x_wconf 85' lang='lat' dir='ltr'><strong>ducit.</strong></span> <span class='ocrx_word' id='word_1_278' title='bbox 571 3486 782 3543; x_wconf 85' lang='lat' dir='ltr'><strong>Etenim</strong></span> <span class='ocrx_word' id='word_1_279' title='bbox 821 3483 926 3539; x_wconf 88' lang='lat' dir='ltr'><strong>alia</strong></span> <span class='ocrx_word' id='word_1_280' title='bbox 953 3492 1078 3538; x_wconf 91' lang='lat' dir='ltr'><strong>sunt</strong></span> <span class='ocrx_word' id='word_1_281' title='bbox 1103 3479 1400 3552; x_wconf 86' lang='lat' dir='ltr'><strong>spiritualia</strong></span> <span class='ocrx_word' id='word_1_282' title='bbox 1427 3495 1443 3532; x_wconf 87' lang='lat'><strong>:</strong></span> <span class='ocrx_word' id='word_1_283' title='bbox 1495 3478 1582 3532; x_wconf 89' lang='lat' dir='ltr'><strong>illa</strong></span> <span class='ocrx_word' id='word_1_284' title='bbox 1611 3477 1807 3547; x_wconf 87' lang='lat' dir='ltr'><strong>quippe</strong></span> <span class='ocrx_word' id='word_1_285' title='bbox 1837 3491 1958 3546; x_wconf 79' lang='lat' dir='ltr'><strong>qtne</strong></span> 
     </span>
    </p>
   </div>
   <div class='ocr_carea' id='block_1_37' title="bbox 375 3567 1958 3644">
    <p class='ocr_par' dir='ltr' id='par_1_37' title="bbox 375 3567 1958 3644">
     <span class='ocr_line' id='line_1_37' title="bbox 375 3567 1958 3644; baseline -0.009 -10"><span class='ocrx_word' id='word_1_286' title='bbox 375 3580 474 3636; x_wconf 91' lang='lat' dir='ltr'><strong>viri</strong></span> <span class='ocrx_word' id='word_1_287' title='bbox 518 3587 672 3640; x_wconf 90' lang='lat' dir='ltr'><strong>sunt,</strong></span> <span class='ocrx_word' id='word_1_288' title='bbox 707 3576 823 3632; x_wconf 65' lang='lat' dir='ltr'><strong>haec</strong></span> <span class='ocrx_word' id='word_1_289' title='bbox 849 3584 1026 3630; x_wconf 90' lang='lat' dir='ltr'><strong>autem</strong></span> <span class='ocrx_word' id='word_1_290' title='bbox 1055 3588 1174 3644; x_wconf 69' lang='lat' dir='ltr'><strong>quae</strong></span> <span class='ocrx_word' id='word_1_291' title='bbox 1201 3580 1327 3627; x_wconf 87' lang='lat' dir='ltr'><strong>sunt</strong></span> <span class='ocrx_word' id='word_1_292' title='bbox 1361 3569 1451 3624; x_wconf 89' lang='lat' dir='ltr'><strong>Dei</strong></span> <span class='ocrx_word' id='word_1_293' title='bbox 1481 3579 1670 3633; x_wconf 85' lang='lat' dir='ltr'><strong>curat;</strong></span> <span class='ocrx_word' id='word_1_294' title='bbox 1699 3567 1800 3620; x_wconf 90' lang='lat' dir='ltr'><strong>alia</strong></span> <span class='ocrx_word' id='word_1_295' title='bbox 1830 3581 1958 3621; x_wconf 92' lang='lat' dir='ltr'><strong>vero</strong></span> 
     </span>
    </p>
   </div>
   <div class='ocr_carea' id='block_1_38' title="bbox 375 3658 1958 3741">
    <p class='ocr_par' dir='ltr' id='par_1_38' title="bbox 375 3658 1958 3741">
     <span class='ocr_line' id='line_1_38' title="bbox 375 3658 1958 3741; baseline -0.012 -13"><span class='ocrx_word' id='word_1_296' title='bbox 375 3681 500 3728; x_wconf 90' lang='lat' dir='ltr'><strong>sunt</strong></span> <span class='ocrx_word' id='word_1_297' title='bbox 526 3669 807 3741; x_wconf 65' lang='lat' dir='ltr'><strong>praesentis</strong></span> <span class='ocrx_word' id='word_1_298' title='bbox 830 3667 986 3734; x_wconf 71' lang='lat' dir='ltr'><strong>vitm;</strong></span> <span class='ocrx_word' id='word_1_299' title='bbox 1015 3664 1142 3720; x_wconf 92' lang='lat' dir='ltr'><strong>illud</strong></span> <span class='ocrx_word' id='word_1_300' title='bbox 1167 3677 1377 3733; x_wconf 89' lang='lat' dir='ltr'><strong>nempe,</strong></span> <span class='ocrx_word' id='word_1_301' title='bbox 1405 3659 1495 3716; x_wconf 76' lang='lat'><strong>52.</strong></span> <span class='ocrx_word' id='word_1_302' title='bbox 1532 3658 1656 3714; x_wconf 83' lang='lat' dir='ltr'><strong>Volo</strong></span> <span class='ocrx_word' id='word_1_303' title='bbox 1682 3669 1847 3712; x_wconf 87' lang='lat' dir='ltr'><strong>autem</strong></span> <span class='ocrx_word' id='word_1_304' title='bbox 1875 3674 1958 3710; x_wconf 85' lang='lat' dir='ltr'><strong>vos</strong></span> 
     </span>
    </p>
   </div>
   <div class='ocr_carea' id='block_1_39' title="bbox 375 3755 1956 3826">
    <p class='ocr_par' dir='ltr' id='par_1_39' title="bbox 375 3755 1956 3826">
     <span class='ocr_line' id='line_1_39' title="bbox 375 3755 1956 3826; baseline -0.01 -4"><span class='ocrx_word' id='word_1_305' title='bbox 375 3769 485 3823; x_wconf 86' lang='lat' dir='ltr'><strong>sine</strong></span> <span class='ocrx_word' id='word_1_306' title='bbox 509 3761 846 3819; x_wconf 79' lang='lat' dir='ltr'><strong>sollicitudine</strong></span> <span class='ocrx_word' id='word_1_307' title='bbox 869 3777 994 3814; x_wconf 85' lang='lat' dir='ltr'><strong>esse.</strong></span> <span class='ocrx_word' id='word_1_308' title='bbox 1026 3762 1276 3812; x_wconf 88' lang='lat' dir='ltr'><strong>Attamen</strong></span> <span class='ocrx_word' id='word_1_309' title='bbox 1304 3755 1433 3810; x_wconf 88' lang='lat' dir='ltr'><strong>illttd</strong></span> <span class='ocrx_word' id='word_1_310' title='bbox 1458 3769 1668 3826; x_wconf 88' lang='lat' dir='ltr'><strong>quoque</strong></span> <span class='ocrx_word' id='word_1_311' title='bbox 1697 3758 1746 3807; x_wconf 92' lang='lat' dir='ltr'><strong>iu</strong></span> <span class='ocrx_word' id='word_1_312' title='bbox 1769 3767 1956 3809; x_wconf 88' lang='lat' dir='ltr'><strong>eorum</strong></span> 
     </span>
    </p>
   </div>
   <div class='ocr_carea' id='block_1_40' title="bbox 378 3843 1956 3928">
    <p class='ocr_par' dir='ltr' id='par_1_40' title="bbox 378 3843 1956 3928">
     <span class='ocr_line' id='line_1_40' title="bbox 378 3843 1956 3928; baseline -0.006 -22"><span class='ocrx_word' id='word_1_313' title='bbox 378 3863 696 3928; x_wconf 82' lang='lat' dir='ltr'><strong>potestatem</strong></span> <span class='ocrx_word' id='word_1_314' title='bbox 740 3851 983 3906; x_wconf 86' lang='lat' dir='ltr'><strong>remittit.</strong></span> <span class='ocrx_word' id='word_1_315' title='bbox 1012 3847 1143 3902; x_wconf 86' lang='lat' dir='ltr'><strong>Nam</strong></span> <span class='ocrx_word' id='word_1_316' title='bbox 1173 3848 1260 3917; x_wconf 88' lang='lat' dir='ltr'><strong>qui</strong></span> <span class='ocrx_word' id='word_1_317' title='bbox 1306 3855 1586 3916; x_wconf 89' lang='lat' dir='ltr'><strong>postquam</strong></span> <span class='ocrx_word' id='word_1_318' title='bbox 1627 3844 1862 3899; x_wconf 81' lang='lat' dir='ltr'><strong>ostendit</strong></span> <span class='ocrx_word' id='word_1_319' title='bbox 1907 3843 1956 3897; x_wconf 90' lang='lat' dir='ltr'><strong>id</strong></span> 
     </span>
    </p>
   </div>
   <div class='ocr_carea' id='block_1_41' title="bbox 1035 245 2826 308">
    <p class='ocr_par' dir='ltr' id='par_1_41' title="bbox 1035 245 2826 308">
     <span class='ocr_line' id='line_1_41' title="bbox 1035 245 2826 308; baseline -0.003 0"><span class='ocrx_word' id='word_1_320' title='bbox 1035 250 1093 308; x_wconf 70' lang='grc' dir='ltr'><strong>Β.</strong></span> <span class='ocrx_word' id='word_1_321' title='bbox 1130 249 1408 308; x_wconf 75' lang='lat' dir='ltr'><strong>JOANNIS</strong></span> <span class='ocrx_word' id='word_1_322' title='bbox 1435 247 1904 305; x_wconf 78' lang='lat' dir='ltr'><strong>CHRYSOSTOMI</strong></span> <span class='ocrx_word' id='word_1_323' title='bbox 1945 245 2260 304; x_wconf 79' lang='lat' dir='ltr'><strong>ARCIIIEP.</strong></span> <span class='ocrx_word' id='word_1_324' title='bbox 2300 245 2826 304; x_wconf 69' lang='lat' dir='ltr'><strong>CONSTANTlNOP.</strong></span> 
     </span>
    </p>
   </div>
   <div class='ocr_carea' id='block_1_42' title="bbox 3546 250 3646 306">
    <p class='ocr_par' dir='ltr' id='par_1_42' title="bbox 3546 250 3646 306">
     <span class='ocr_line' id='line_1_42' title="bbox 3546 250 3646 306; baseline -0.05 -1"><span class='ocrx_word' id='word_1_325' title='bbox 3546 251 3570 305; x_wconf 81' lang='grc' dir='ltr'>ι</span> <span class='ocrx_word' id='word_1_326' title='bbox 3582 250 3646 306; x_wconf 74' lang='lat'><strong>60</strong></span> 
     </span>
    </p>
   </div>
   <div class='ocr_carea' id='block_1_43' title="bbox 2051 358 3648 432">
    <p class='ocr_par' dir='ltr' id='par_1_43' title="bbox 2051 358 3648 432">
     <span class='ocr_line' id='line_1_43' title="bbox 2051 358 3648 432; baseline 0.006 -21"><span class='ocrx_word' id='word_1_327' title='bbox 2051 359 2190 427; x_wconf 90' lang='lat' dir='ltr'><strong>quod</strong></span> <span class='ocrx_word' id='word_1_328' title='bbox 2217 369 2299 415; x_wconf 88' lang='lat' dir='ltr'><strong>est</strong></span> <span class='ocrx_word' id='word_1_329' title='bbox 2338 358 2644 429; x_wconf 87' lang='lat' dir='ltr'><strong>eligendum</strong></span> <span class='ocrx_word' id='word_1_330' title='bbox 2665 403 2678 425; x_wconf 93' lang='lat'><strong>,</strong></span> <span class='ocrx_word' id='word_1_331' title='bbox 2723 375 2910 416; x_wconf 83' lang='lat' dir='ltr'><strong>rursus</strong></span> <span class='ocrx_word' id='word_1_332' title='bbox 2947 361 3125 432; x_wconf 84' lang='lat' dir='ltr'><strong>cogit,</strong></span> <span class='ocrx_word' id='word_1_333' title='bbox 3160 360 3370 417; x_wconf 87' lang='lat' dir='ltr'><strong>videtur</strong></span> <span class='ocrx_word' id='word_1_334' title='bbox 3397 376 3504 417; x_wconf 90' lang='lat' dir='ltr'><strong>non</strong></span> <span class='ocrx_word' id='word_1_335' title='bbox 3535 377 3648 420; x_wconf 77' lang='lat' dir='ltr'><strong>suis</strong></span> 
     </span>
    </p>
   </div>
   <div class='ocr_carea' id='block_1_44' title="bbox 2056 451 3643 524">
    <p class='ocr_par' dir='ltr' id='par_1_44' title="bbox 2056 451 3643 524">
     <span class='ocr_line' id='line_1_44' title="bbox 2056 451 3643 524; baseline 0.003 -19"><span class='ocrx_word' id='word_1_336' title='bbox 2056 451 2220 507; x_wconf 87' lang='lat' dir='ltr'><strong>tidere</strong></span> <span class='ocrx_word' id='word_1_337' title='bbox 2249 451 2442 507; x_wconf 85' lang='lat' dir='ltr'><strong>verbis.</strong></span> <span class='ocrx_word' id='word_1_338' title='bbox 2473 454 2811 522; x_wconf 79' lang='lat' dir='ltr'><strong>Quapmpter</strong></span> <span class='ocrx_word' id='word_1_339' title='bbox 2831 453 3179 508; x_wconf 81' lang='lat' dir='ltr'><strong>concessione</strong></span> <span class='ocrx_word' id='word_1_340' title='bbox 3201 453 3368 524; x_wconf 84' lang='lat' dir='ltr'><strong>magis</strong></span> <span class='ocrx_word' id='word_1_341' title='bbox 3390 453 3538 524; x_wconf 87' lang='lat' dir='ltr'><strong>ipsos</strong></span> <span class='ocrx_word' id='word_1_342' title='bbox 3566 456 3643 510; x_wconf 88' lang='lat' dir='ltr'><strong>in-</strong></span> 
     </span>
    </p>
   </div>
   <div class='ocr_carea' id='block_1_45' title="bbox 2054 542 3643 609">
    <p class='ocr_par' dir='ltr' id='par_1_45' title="bbox 2054 542 3643 609">
     <span class='ocr_line' id='line_1_45' title="bbox 2054 542 3643 609; baseline 0.003 -13"><span class='ocrx_word' id='word_1_343' title='bbox 2054 542 2204 596; x_wconf 78' lang='lat' dir='ltr'><strong>duxit</strong></span> <span class='ocrx_word' id='word_1_344' title='bbox 2239 556 2293 597; x_wconf 90' lang='lat' dir='ltr'><strong>et</strong></span> <span class='ocrx_word' id='word_1_345' title='bbox 2332 543 2583 609; x_wconf 79' lang='lat' dir='ltr'><strong>retinuit,</strong></span> <span class='ocrx_word' id='word_1_346' title='bbox 2629 543 2814 598; x_wconf 89' lang='lat' dir='ltr'><strong>dicens</strong></span> <span class='ocrx_word' id='word_1_347' title='bbox 2844 561 2858 598; x_wconf 91' lang='lat'><strong>:</strong></span> <span class='ocrx_word' id='word_1_348' title='bbox 2891 544 2978 600; x_wconf 76' lang='grc'><strong>35.</strong></span> <span class='ocrx_word' id='word_1_349' title='bbox 3033 543 3196 599; x_wconf 84' lang='lat' dir='ltr'><strong>Porro</strong></span> <span class='ocrx_word' id='word_1_350' title='bbox 3224 546 3319 598; x_wconf 83' lang='lat' dir='ltr'><strong>hoc</strong></span> <span class='ocrx_word' id='word_1_351' title='bbox 3347 546 3415 598; x_wconf 80' lang='lat' dir='ltr'><strong>ad</strong></span> <span class='ocrx_word' id='word_1_352' title='bbox 3441 546 3643 600; x_wconf 82' lang='lat' dir='ltr'><strong>utilita-</strong></span> 
     </span>
    </p>
   </div>
   <div class='ocr_carea' id='block_1_46' title="bbox 2057 638 3652 712">
    <p class='ocr_par' dir='ltr' id='par_1_46' title="bbox 2057 638 3652 712">
     <span class='ocr_line' id='line_1_46' title="bbox 2057 638 3652 712; baseline 0.003 -24"><span class='ocrx_word' id='word_1_353' title='bbox 2057 645 2153 689; x_wconf 85' lang='lat' dir='ltr'><strong>tem</strong></span> <span class='ocrx_word' id='word_1_354' title='bbox 2180 646 2394 691; x_wconf 79' lang='lat' dir='ltr'><strong>uestram</strong></span> <span class='ocrx_word' id='word_1_355' title='bbox 2421 638 2534 692; x_wconf 85' lang='lat' dir='ltr'><strong>dico</strong></span> <span class='ocrx_word' id='word_1_356' title='bbox 2551 679 2565 703; x_wconf 91' lang='lat'><strong>,</strong></span> <span class='ocrx_word' id='word_1_357' title='bbox 2611 655 2713 692; x_wconf 90' lang='lat' dir='ltr'><strong>non</strong></span> <span class='ocrx_word' id='word_1_358' title='bbox 2739 649 2792 693; x_wconf 79' lang='lat' dir='ltr'><strong>ut</strong></span> <span class='ocrx_word' id='word_1_359' title='bbox 2820 639 3054 710; x_wconf 81' lang='lat' dir='ltr'><strong>laqueum</strong></span> <span class='ocrx_word' id='word_1_360' title='bbox 3097 639 3232 695; x_wconf 83' lang='lat' dir='ltr'><strong>vobis</strong></span> <span class='ocrx_word' id='word_1_361' title='bbox 3256 640 3484 712; x_wconf 83' lang='lat' dir='ltr'><strong>injiciam</strong></span> <span class='ocrx_word' id='word_1_362' title='bbox 3506 681 3523 706; x_wconf 95' lang='lat'><strong>,</strong></span> <span class='ocrx_word' id='word_1_363' title='bbox 3555 642 3652 695; x_wconf 86' lang='lat' dir='ltr'><strong>sed</strong></span> 
     </span>
    </p>
   </div>
   <div class='ocr_carea' id='block_1_47' title="bbox 2056 728 3640 798">
    <p class='ocr_par' dir='ltr' id='par_1_47' title="bbox 2056 728 3640 798">
     <span class='ocr_line' id='line_1_47' title="bbox 2056 728 3640 798; baseline 0.005 -18"><span class='ocrx_word' id='word_1_364' title='bbox 2056 729 2125 780; x_wconf 89' lang='lat' dir='ltr'><strong>ad</strong></span> <span class='ocrx_word' id='word_1_365' title='bbox 2149 729 2204 782; x_wconf 86' lang='lat' dir='ltr'><strong>id</strong></span> <span class='ocrx_word' id='word_1_366' title='bbox 2226 729 2360 798; x_wconf 87' lang='lat' dir='ltr'><strong>quod</strong></span> <span class='ocrx_word' id='word_1_367' title='bbox 2389 728 2652 784; x_wconf 84' lang='lat' dir='ltr'><strong>honestum</strong></span> <span class='ocrx_word' id='word_1_368' title='bbox 2678 740 2753 784; x_wconf 88' lang='lat' dir='ltr'><strong>est</strong></span> <span class='ocrx_word' id='word_1_369' title='bbox 2773 771 2787 794; x_wconf 94' lang='lat'><strong>,</strong></span> <span class='ocrx_word' id='word_1_370' title='bbox 2831 742 2876 784; x_wconf 93' lang='lat' dir='ltr'><strong>et</strong></span> <span class='ocrx_word' id='word_1_371' title='bbox 2902 731 3037 796; x_wconf 89' lang='lat' dir='ltr'><strong>quod</strong></span> <span class='ocrx_word' id='word_1_372' title='bbox 3077 732 3372 797; x_wconf 81' lang='lat' dir='ltr'><strong>facultatem</strong></span> <span class='ocrx_word' id='word_1_373' title='bbox 3399 732 3640 796; x_wconf 76' lang='lat' dir='ltr'><strong>pmbeat.</strong></span> 
     </span>
    </p>
   </div>
   <div class='ocr_carea' id='block_1_48' title="bbox 2058 817 3642 890">
    <p class='ocr_par' dir='ltr' id='par_1_48' title="bbox 2058 817 3642 890">
     <span class='ocr_line' id='line_1_48' title="bbox 2058 817 3642 890; baseline 0.003 -19"><span class='ocrx_word' id='word_1_374' title='bbox 2058 817 2292 873; x_wconf 85' lang='lat' dir='ltr'><strong>Audiant</strong></span> <span class='ocrx_word' id='word_1_375' title='bbox 2316 820 2576 890; x_wconf 85' lang='lat' dir='ltr'><strong>virgines,</strong></span> <span class='ocrx_word' id='word_1_376' title='bbox 2606 820 2748 890; x_wconf 90' lang='lat' dir='ltr'><strong>quod</strong></span> <span class='ocrx_word' id='word_1_377' title='bbox 2779 820 3062 890; x_wconf 80' lang='lat' dir='ltr'><strong>virginitas</strong></span> <span class='ocrx_word' id='word_1_378' title='bbox 3086 821 3139 875; x_wconf 86' lang='lat' dir='ltr'><strong>in</strong></span> <span class='ocrx_word' id='word_1_379' title='bbox 3179 821 3282 876; x_wconf 92' lang='lat' dir='ltr'><strong>hoc</strong></span> <span class='ocrx_word' id='word_1_380' title='bbox 3307 836 3413 876; x_wconf 89' lang='lat' dir='ltr'><strong>non</strong></span> <span class='ocrx_word' id='word_1_381' title='bbox 3454 822 3642 876; x_wconf 86' lang='lat' dir='ltr'><strong>termi-</strong></span> 
     </span>
    </p>
   </div>
   <div class='ocr_carea' id='block_1_49' title="bbox 2059 911 3642 981">
    <p class='ocr_par' dir='ltr' id='par_1_49' title="bbox 2059 911 3642 981">
     <span class='ocr_line' id='line_1_49' title="bbox 2059 911 3642 981; baseline 0.003 -20"><span class='ocrx_word' id='word_1_382' title='bbox 2059 917 2250 962; x_wconf 87' lang='lat' dir='ltr'><strong>netur:</strong></span> <span class='ocrx_word' id='word_1_383' title='bbox 2286 924 2407 962; x_wconf 87' lang='lat' dir='ltr'><strong>nam</strong></span> <span class='ocrx_word' id='word_1_384' title='bbox 2447 924 2568 978; x_wconf 71' lang='lat' dir='ltr'><strong>qua:</strong></span> <span class='ocrx_word' id='word_1_385' title='bbox 2605 923 2694 964; x_wconf 82' lang='lat' dir='ltr'><strong>res</strong></span> <span class='ocrx_word' id='word_1_386' title='bbox 2730 911 2910 964; x_wconf 85' lang='lat' dir='ltr'><strong>mundi</strong></span> <span class='ocrx_word' id='word_1_387' title='bbox 2941 919 3125 974; x_wconf 88' lang='lat' dir='ltr'><strong>curat,</strong></span> <span class='ocrx_word' id='word_1_388' title='bbox 3171 926 3270 967; x_wconf 88' lang='lat' dir='ltr'><strong>nec</strong></span> <span class='ocrx_word' id='word_1_389' title='bbox 3297 911 3445 981; x_wconf 83' lang='lat' dir='ltr'><strong>virgo</strong></span> <span class='ocrx_word' id='word_1_390' title='bbox 3487 912 3642 967; x_wconf 85' lang='lat' dir='ltr'><strong>fuerit</strong></span> 
     </span>
    </p>
   </div>
   <div class='ocr_carea' id='block_1_50' title="bbox 2059 998 3655 1068">
    <p class='ocr_par' dir='ltr' id='par_1_50' title="bbox 2059 998 3655 1068">
     <span class='ocr_line' id='line_1_50' title="bbox 2059 998 3655 1068; baseline 0.003 -17"><span class='ocrx_word' id='word_1_391' title='bbox 2059 1013 2157 1053; x_wconf 86' lang='lat' dir='ltr'><strong>nec</strong></span> <span class='ocrx_word' id='word_1_392' title='bbox 2183 998 2430 1054; x_wconf 87' lang='lat' dir='ltr'><strong>honesta.</strong></span> <span class='ocrx_word' id='word_1_393' title='bbox 2459 998 2593 1053; x_wconf 84' lang='lat' dir='ltr'><strong>Cum</strong></span> <span class='ocrx_word' id='word_1_394' title='bbox 2620 999 2848 1056; x_wconf 78' lang='lat' dir='ltr'><strong>dixisset</strong></span> <span class='ocrx_word' id='word_1_395' title='bbox 2872 1001 3046 1068; x_wconf 81' lang='lat' dir='ltr'><strong>enim,</strong></span> <span class='ocrx_word' id='word_1_396' title='bbox 3079 1000 3255 1056; x_wconf 73' lang='lat' dir='ltr'><strong>Divisa</strong></span> <span class='ocrx_word' id='word_1_397' title='bbox 3283 1011 3356 1056; x_wconf 88' lang='lat' dir='ltr'><strong>est</strong></span> <span class='ocrx_word' id='word_1_398' title='bbox 3387 1003 3570 1057; x_wconf 82' lang='lat' dir='ltr'><strong>mulier</strong></span> <span class='ocrx_word' id='word_1_399' title='bbox 3597 1013 3655 1057; x_wconf 73' lang='lat' dir='ltr'><strong>es</strong></span> 
     </span>
    </p>
   </div>
   <div class='ocr_carea' id='block_1_51' title="bbox 2057 1089 3645 1165">
    <p class='ocr_par' dir='ltr' id='par_1_51' title="bbox 2057 1089 3645 1165">
     <span class='ocr_line' id='line_1_51' title="bbox 2057 1089 3645 1165; baseline 0.006 -22"><span class='ocrx_word' id='word_1_400' title='bbox 2057 1092 2216 1162; x_wconf 81' lang='lat' dir='ltr'><strong>virgo,</strong></span> <span class='ocrx_word' id='word_1_401' title='bbox 2247 1089 2388 1146; x_wconf 87' lang='lat' dir='ltr'><strong>hanc</strong></span> <span class='ocrx_word' id='word_1_402' title='bbox 2413 1091 2769 1147; x_wconf 76' lang='lat' dir='ltr'><strong>dill‘erentiatn</strong></span> <span class='ocrx_word' id='word_1_403' title='bbox 2803 1095 3012 1163; x_wconf 90' lang='lat' dir='ltr'><strong>posuit,</strong></span> <span class='ocrx_word' id='word_1_404' title='bbox 3042 1104 3097 1150; x_wconf 89' lang='lat' dir='ltr'><strong>et</strong></span> <span class='ocrx_word' id='word_1_405' title='bbox 3134 1095 3320 1165; x_wconf 82' lang='lat' dir='ltr'><strong>quain</strong></span> <span class='ocrx_word' id='word_1_406' title='bbox 3349 1111 3409 1150; x_wconf 93' lang='lat' dir='ltr'><strong>re</strong></span> <span class='ocrx_word' id='word_1_407' title='bbox 3437 1095 3645 1152; x_wconf 81' lang='lat' dir='ltr'><strong>discre-</strong></span> 
     </span>
    </p>
   </div>
   <div class='ocr_carea' id='block_1_52' title="bbox 2059 1183 3645 1257">
    <p class='ocr_par' dir='ltr' id='par_1_52' title="bbox 2059 1183 3645 1257">
     <span class='ocr_line' id='line_1_52' title="bbox 2059 1183 3645 1257; baseline 0.002 -19"><span class='ocrx_word' id='word_1_408' title='bbox 2059 1192 2186 1252; x_wconf 90' lang='lat' dir='ltr'><strong>pent</strong></span> <span class='ocrx_word' id='word_1_409' title='bbox 2211 1183 2367 1237; x_wconf 80' lang='lat' dir='ltr'><strong>dixit.</strong></span> <span class='ocrx_word' id='word_1_410' title='bbox 2391 1183 2470 1239; x_wconf 81' lang='lat' dir='ltr'><strong>Ac</strong></span> <span class='ocrx_word' id='word_1_411' title='bbox 2495 1198 2617 1238; x_wconf 91' lang='lat' dir='ltr'><strong>cum</strong></span> <span class='ocrx_word' id='word_1_412' title='bbox 2643 1184 3010 1239; x_wconf 88' lang='lat' dir='ltr'><strong>delinitioncm</strong></span> <span class='ocrx_word' id='word_1_413' title='bbox 3039 1185 3188 1240; x_wconf 88' lang='lat' dir='ltr'><strong>dedit</strong></span> <span class='ocrx_word' id='word_1_414' title='bbox 3216 1186 3432 1257; x_wconf 82' lang='lat' dir='ltr'><strong>virginis</strong></span> <span class='ocrx_word' id='word_1_415' title='bbox 3457 1196 3513 1242; x_wconf 89' lang='lat' dir='ltr'><strong>et</strong></span> <span class='ocrx_word' id='word_1_416' title='bbox 3539 1203 3645 1242; x_wconf 89' lang='lat' dir='ltr'><strong>non</strong></span> 
     </span>
    </p>
   </div>
   <div class='ocr_carea' id='block_1_53' title="bbox 2058 1276 3646 1347">
    <p class='ocr_par' dir='ltr' id='par_1_53' title="bbox 2058 1276 3646 1347">
     <span class='ocr_line' id='line_1_53' title="bbox 2058 1276 3646 1347; baseline 0.004 -19"><span class='ocrx_word' id='word_1_417' title='bbox 2058 1276 2312 1346; x_wconf 86' lang='lat' dir='ltr'><strong>virginis,</strong></span> <span class='ocrx_word' id='word_1_418' title='bbox 2355 1291 2459 1331; x_wconf 84' lang='lat' dir='ltr'><strong>non</strong></span> <span class='ocrx_word' id='word_1_419' title='bbox 2490 1277 2736 1347; x_wconf 87' lang='lat' dir='ltr'><strong>nuptias,</strong></span> <span class='ocrx_word' id='word_1_420' title='bbox 2780 1293 2885 1333; x_wconf 90' lang='lat' dir='ltr'><strong>non</strong></span> <span class='ocrx_word' id='word_1_421' title='bbox 2921 1279 3304 1336; x_wconf 89' lang='lat' dir='ltr'><strong>continentiam</strong></span> <span class='ocrx_word' id='word_1_422' title='bbox 3337 1279 3502 1344; x_wconf 80' lang='lat' dir='ltr'><strong>dixit,</strong></span> <span class='ocrx_word' id='word_1_423' title='bbox 3548 1280 3646 1335; x_wconf 87' lang='lat' dir='ltr'><strong>sed</strong></span> 
     </span>
    </p>
   </div>
   <div class='ocr_carea' id='block_1_54' title="bbox 2057 1353 3644 1444">
    <p class='ocr_par' dir='ltr' id='par_1_54' title="bbox 2057 1353 3644 1444">
     <span class='ocr_line' id='line_1_54' title="bbox 2057 1353 3644 1444; baseline 0.004 -22"><span class='ocrx_word' id='word_1_424' title='bbox 2057 1368 2437 1425; x_wconf 85' lang='lat' dir='ltr'><strong>sollicitudinis</strong></span> <span class='ocrx_word' id='word_1_425' title='bbox 2462 1353 2784 1426; x_wconf 80' lang='lat' dir='ltr'><strong>vacuitatem</strong></span> <span class='ocrx_word' id='word_1_426' title='bbox 2827 1383 2881 1428; x_wconf 92' lang='lat' dir='ltr'><strong>et</strong></span> <span class='ocrx_word' id='word_1_427' title='bbox 2908 1387 3155 1444; x_wconf 83' lang='lat' dir='ltr'><strong>magnam</strong></span> <span class='ocrx_word' id='word_1_428' title='bbox 3201 1373 3644 1430; x_wconf 86' lang='lat' dir='ltr'><strong>sollicitudinem.</strong></span> 
     </span>
    </p>
   </div>
   <div class='ocr_carea' id='block_1_55' title="bbox 2057 1460 3645 1534">
    <p class='ocr_par' dir='ltr' id='par_1_55' title="bbox 2057 1460 3645 1534">
     <span class='ocr_line' id='line_1_55' title="bbox 2057 1460 3645 1534; baseline 0.005 -21"><span class='ocrx_word' id='word_1_429' title='bbox 2057 1460 2171 1514; x_wconf 74' lang='lat' dir='ltr'><strong>Non</strong></span> <span class='ocrx_word' id='word_1_430' title='bbox 2203 1460 2344 1515; x_wconf 90' lang='lat' dir='ltr'><strong>enim</strong></span> <span class='ocrx_word' id='word_1_431' title='bbox 2379 1463 2553 1518; x_wconf 86' lang='lat' dir='ltr'><strong>coitus</strong></span> <span class='ocrx_word' id='word_1_432' title='bbox 2583 1463 2754 1518; x_wconf 87' lang='lat' dir='ltr'><strong>malus</strong></span> <span class='ocrx_word' id='word_1_433' title='bbox 2797 1475 2876 1518; x_wconf 87' lang='lat' dir='ltr'><strong>est</strong></span> <span class='ocrx_word' id='word_1_434' title='bbox 2899 1504 2922 1530; x_wconf 79' lang='lat'><strong>,</strong></span> <span class='ocrx_word' id='word_1_435' title='bbox 2958 1465 3052 1520; x_wconf 90' lang='lat' dir='ltr'><strong>sed</strong></span> <span class='ocrx_word' id='word_1_436' title='bbox 3096 1465 3536 1534; x_wconf 86' lang='lat' dir='ltr'><strong>impedimentum</strong></span> <span class='ocrx_word' id='word_1_437' title='bbox 3578 1467 3645 1522; x_wconf 87' lang='lat' dir='ltr'><strong>ad</strong></span> 
     </span>
    </p>
   </div>
   <div class='ocr_carea' id='block_1_56' title="bbox 2057 1549 3646 1626">
    <p class='ocr_par' dir='ltr' id='par_1_56' title="bbox 2057 1549 3646 1626">
     <span class='ocr_line' id='line_1_56' title="bbox 2057 1549 3646 1626; baseline 0.005 -24"><span class='ocrx_word' id='word_1_438' title='bbox 2057 1549 2446 1621; x_wconf 88' lang='lat' dir='ltr'><strong>philosophiam</strong></span> <span class='ocrx_word' id='word_1_439' title='bbox 2475 1552 2696 1607; x_wconf 88' lang='lat' dir='ltr'><strong>malum.</strong></span> <span class='ocrx_word' id='word_1_440' title='bbox 2728 1553 2817 1608; x_wconf 78' lang='lat'><strong>36.</strong></span> <span class='ocrx_word' id='word_1_441' title='bbox 2849 1553 2911 1609; x_wconf 89' lang='lat' dir='ltr'><strong>Si</strong></span> <span class='ocrx_word' id='word_1_442' title='bbox 2933 1556 3046 1623; x_wconf 85' lang='lat' dir='ltr'><strong>quis</strong></span> <span class='ocrx_word' id='word_1_443' title='bbox 3075 1565 3245 1611; x_wconf 89' lang='lat' dir='ltr'><strong>autem</strong></span> <span class='ocrx_word' id='word_1_444' title='bbox 3268 1566 3468 1626; x_wconf 86' lang='lat' dir='ltr'><strong>turpem</strong></span> <span class='ocrx_word' id='word_1_445' title='bbox 3491 1574 3547 1612; x_wconf 87' lang='lat' dir='ltr'><strong>se</strong></span> <span class='ocrx_word' id='word_1_446' title='bbox 3570 1558 3646 1610; x_wconf 76' lang='grc' dir='ltr'><strong>υἰρ</strong></span> 
     </span>
    </p>
   </div>
   <div class='ocr_carea' id='block_1_57' title="bbox 2060 1643 3654 1718">
    <p class='ocr_par' dir='ltr' id='par_1_57' title="bbox 2060 1643 3654 1718">
     <span class='ocr_line' id='line_1_57' title="bbox 2060 1643 3654 1718; baseline 0.005 -22"><span class='ocrx_word' id='word_1_447' title='bbox 2060 1643 2169 1696; x_wconf 88' lang='lat' dir='ltr'><strong>deri</strong></span> <span class='ocrx_word' id='word_1_448' title='bbox 2213 1643 2466 1698; x_wconf 72' lang='lat' dir='ltr'><strong>existimat</strong></span> <span class='ocrx_word' id='word_1_449' title='bbox 2493 1661 2648 1714; x_wconf 85' lang='lat' dir='ltr'><strong>super</strong></span> <span class='ocrx_word' id='word_1_450' title='bbox 2676 1647 2868 1718; x_wconf 85' lang='lat' dir='ltr'><strong>uirgine</strong></span> <span class='ocrx_word' id='word_1_451' title='bbox 2901 1663 3014 1702; x_wconf 84' lang='lat' dir='ltr'><strong>sua.</strong></span> <span class='ocrx_word' id='word_1_452' title='bbox 3057 1648 3156 1703; x_wconf 81' lang='lat' dir='ltr'><strong>Hic</strong></span> <span class='ocrx_word' id='word_1_453' title='bbox 3193 1648 3405 1704; x_wconf 85' lang='lat' dir='ltr'><strong>videtur</strong></span> <span class='ocrx_word' id='word_1_454' title='bbox 3429 1649 3654 1718; x_wconf 84' lang='lat' dir='ltr'><strong>quidem</strong></span> 
     </span>
    </p>
   </div>
   <div class='ocr_carea' id='block_1_58' title="bbox 2060 1735 3647 1809">
    <p class='ocr_par' dir='ltr' id='par_1_58' title="bbox 2060 1735 3647 1809">
     <span class='ocr_line' id='line_1_58' title="bbox 2060 1735 3647 1809; baseline 0.003 -21"><span class='ocrx_word' id='word_1_455' title='bbox 2060 1735 2127 1789; x_wconf 89' lang='lat' dir='ltr'><strong>de</strong></span> <span class='ocrx_word' id='word_1_456' title='bbox 2167 1735 2508 1790; x_wconf 86' lang='lat' dir='ltr'><strong>matrimonio</strong></span> <span class='ocrx_word' id='word_1_457' title='bbox 2533 1735 2713 1806; x_wconf 89' lang='lat' dir='ltr'><strong>loqui;</strong></span> <span class='ocrx_word' id='word_1_458' title='bbox 2755 1745 2924 1793; x_wconf 88' lang='lat' dir='ltr'><strong>totum</strong></span> <span class='ocrx_word' id='word_1_459' title='bbox 2947 1746 3126 1792; x_wconf 88' lang='lat' dir='ltr'><strong>autem</strong></span> <span class='ocrx_word' id='word_1_460' title='bbox 3170 1737 3300 1794; x_wconf 83' lang='lat' dir='ltr'><strong>dicit</strong></span> <span class='ocrx_word' id='word_1_461' title='bbox 3323 1738 3394 1794; x_wconf 91' lang='lat' dir='ltr'><strong>de</strong></span> <span class='ocrx_word' id='word_1_462' title='bbox 3424 1739 3647 1809; x_wconf 78' lang='lat' dir='ltr'><strong>virgini-</strong></span> 
     </span>
    </p>
   </div>
   <div class='ocr_carea' id='block_1_59' title="bbox 2063 1828 3652 1897">
    <p class='ocr_par' dir='ltr' id='par_1_59' title="bbox 2063 1828 3652 1897">
     <span class='ocr_line' id='line_1_59' title="bbox 2063 1828 3652 1897; baseline 0.004 -17"><span class='ocrx_word' id='word_1_463' title='bbox 2063 1835 2168 1882; x_wconf 87' lang='lat' dir='ltr'><strong>tate</strong></span> <span class='ocrx_word' id='word_1_464' title='bbox 2197 1845 2210 1882; x_wconf 91' lang='lat'><strong>:</strong></span> <span class='ocrx_word' id='word_1_465' title='bbox 2243 1843 2367 1882; x_wconf 86' lang='lat' dir='ltr'><strong>nam</strong></span> <span class='ocrx_word' id='word_1_466' title='bbox 2393 1837 2446 1882; x_wconf 89' lang='lat' dir='ltr'><strong>et</strong></span> <span class='ocrx_word' id='word_1_467' title='bbox 2481 1828 2774 1884; x_wconf 85' lang='lat' dir='ltr'><strong>secundum</strong></span> <span class='ocrx_word' id='word_1_468' title='bbox 2798 1829 3044 1884; x_wconf 90' lang='lat' dir='ltr'><strong>concedit</strong></span> <span class='ocrx_word' id='word_1_469' title='bbox 3068 1830 3470 1885; x_wconf 88' lang='lat' dir='ltr'><strong>matrimonium</strong></span> <span class='ocrx_word' id='word_1_470' title='bbox 3488 1871 3503 1897; x_wconf 97' lang='lat'><strong>,</strong></span> <span class='ocrx_word' id='word_1_471' title='bbox 3532 1839 3652 1886; x_wconf 82' lang='lat' dir='ltr'><strong>tan-</strong></span> 
     </span>
    </p>
   </div>
   <div class='ocr_carea' id='block_1_60' title="bbox 2062 1917 3647 1988">
    <p class='ocr_par' dir='ltr' id='par_1_60' title="bbox 2062 1917 3647 1988">
     <span class='ocr_line' id='line_1_60' title="bbox 2062 1917 3647 1988; baseline 0.003 -16"><span class='ocrx_word' id='word_1_472' title='bbox 2062 1927 2173 1973; x_wconf 93' lang='lat' dir='ltr'><strong>tum</strong></span> <span class='ocrx_word' id='word_1_473' title='bbox 2211 1917 2278 1973; x_wconf 89' lang='lat' dir='ltr'><strong>In</strong></span> <span class='ocrx_word' id='word_1_474' title='bbox 2313 1917 2554 1974; x_wconf 88' lang='lat' dir='ltr'><strong>Domino.</strong></span> <span class='ocrx_word' id='word_1_475' title='bbox 2595 1918 2731 1988; x_wconf 85' lang='lat' dir='ltr'><strong>Quid</strong></span> <span class='ocrx_word' id='word_1_476' title='bbox 2759 1929 2840 1977; x_wconf 89' lang='lat' dir='ltr'><strong>est</strong></span> <span class='ocrx_word' id='word_1_477' title='bbox 2879 1920 3048 1988; x_wconf 90' lang='lat' dir='ltr'><strong>illud,</strong></span> <span class='ocrx_word' id='word_1_478' title='bbox 3093 1920 3160 1976; x_wconf 87' lang='lat' dir='ltr'><strong>In</strong></span> <span class='ocrx_word' id='word_1_479' title='bbox 3203 1921 3470 1976; x_wconf 72' lang='lat' dir='ltr'><strong>Domino!</strong></span> <span class='ocrx_word' id='word_1_480' title='bbox 3512 1923 3647 1978; x_wconf 84' lang='lat' dir='ltr'><strong>Cum</strong></span> 
     </span>
    </p>
   </div>
   <div class='ocr_carea' id='block_1_61' title="bbox 2061 2011 3645 2086">
    <p class='ocr_par' dir='ltr' id='par_1_61' title="bbox 2061 2011 3645 2086">
     <span class='ocr_line' id='line_1_61' title="bbox 2061 2011 3645 2086; baseline 0.001 -20"><span class='ocrx_word' id='word_1_481' title='bbox 2061 2011 2306 2066; x_wconf 88' lang='lat' dir='ltr'><strong>castitate</strong></span> <span class='ocrx_word' id='word_1_482' title='bbox 2324 2053 2340 2078; x_wconf 89' lang='lat'><strong>,</strong></span> <span class='ocrx_word' id='word_1_483' title='bbox 2363 2027 2483 2066; x_wconf 90' lang='lat' dir='ltr'><strong>cum</strong></span> <span class='ocrx_word' id='word_1_484' title='bbox 2513 2011 2812 2069; x_wconf 88' lang='lat' dir='ltr'><strong>honestate.</strong></span> <span class='ocrx_word' id='word_1_485' title='bbox 2843 2013 2954 2069; x_wconf 84' lang='lat' dir='ltr'><strong>Hac</strong></span> <span class='ocrx_word' id='word_1_486' title='bbox 2981 2015 3126 2070; x_wconf 91' lang='lat' dir='ltr'><strong>enim</strong></span> <span class='ocrx_word' id='word_1_487' title='bbox 3157 2015 3354 2086; x_wconf 88' lang='lat' dir='ltr'><strong>ubique</strong></span> <span class='ocrx_word' id='word_1_488' title='bbox 3381 2024 3465 2071; x_wconf 88' lang='lat' dir='ltr'><strong>est</strong></span> <span class='ocrx_word' id='word_1_489' title='bbox 3491 2031 3645 2085; x_wconf 88' lang='lat' dir='ltr'><strong>opus,</strong></span> 
     </span>
    </p>
   </div>
   <div class='ocr_carea' id='block_1_62' title="bbox 2062 2105 3648 2179">
    <p class='ocr_par' dir='ltr' id='par_1_62' title="bbox 2062 2105 3648 2179">
     <span class='ocr_line' id='line_1_62' title="bbox 2062 2105 3648 2179; baseline 0.003 -22"><span class='ocrx_word' id='word_1_490' title='bbox 2062 2105 2340 2173; x_wconf 87' lang='lat' dir='ltr'><strong>ipsamque</strong></span> <span class='ocrx_word' id='word_1_491' title='bbox 2365 2105 2571 2175; x_wconf 91' lang='lat' dir='ltr'><strong>insequi</strong></span> <span class='ocrx_word' id='word_1_492' title='bbox 2612 2116 2824 2176; x_wconf 92' lang='lat' dir='ltr'><strong>oportet</strong></span> <span class='ocrx_word' id='word_1_493' title='bbox 2855 2123 2870 2163; x_wconf 85' lang='lat'>:</span> <span class='ocrx_word' id='word_1_494' title='bbox 2900 2107 3138 2179; x_wconf 87' lang='lat' dir='ltr'><strong>alioquin</strong></span> <span class='ocrx_word' id='word_1_495' title='bbox 3166 2124 3234 2163; x_wconf 91' lang='lat' dir='ltr'><strong>ne</strong></span> <span class='ocrx_word' id='word_1_496' title='bbox 3261 2109 3390 2164; x_wconf 90' lang='lat' dir='ltr'><strong>licet</strong></span> <span class='ocrx_word' id='word_1_497' title='bbox 3427 2109 3648 2178; x_wconf 89' lang='lat' dir='ltr'><strong>quidem</strong></span> 
     </span>
    </p>
   </div>
   <div class='ocr_carea' id='block_1_63' title="bbox 2063 2194 3658 2271">
    <p class='ocr_par' dir='ltr' id='par_1_63' title="bbox 2063 2194 3658 2271">
     <span class='ocr_line' id='line_1_63' title="bbox 2063 2194 3658 2271; baseline 0.004 -22"><span class='ocrx_word' id='word_1_498' title='bbox 2063 2194 2231 2250; x_wconf 87' lang='lat' dir='ltr'><strong>Deum</strong></span> <span class='ocrx_word' id='word_1_499' title='bbox 2254 2194 2456 2252; x_wconf 90' lang='lat' dir='ltr'><strong>videre.</strong></span> <span class='ocrx_word' id='word_1_500' title='bbox 2483 2197 2542 2252; x_wconf 89' lang='lat' dir='ltr'><strong>Si</strong></span> <span class='ocrx_word' id='word_1_501' title='bbox 2562 2206 2739 2254; x_wconf 92' lang='lat' dir='ltr'><strong>autem</strong></span> <span class='ocrx_word' id='word_1_502' title='bbox 2762 2199 3153 2270; x_wconf 67' lang='lat' dir='ltr'><strong>prtelerivimus</strong></span> <span class='ocrx_word' id='word_1_503' title='bbox 3169 2215 3253 2264; x_wconf 88' lang='lat' dir='ltr'><strong>ea.</strong></span> <span class='ocrx_word' id='word_1_504' title='bbox 3279 2216 3399 2271; x_wconf 80' lang='lat' dir='ltr'><strong>quae</strong></span> <span class='ocrx_word' id='word_1_505' title='bbox 3420 2200 3658 2256; x_wconf 86' lang='lat' dir='ltr'><strong>dicenda-</strong></span> 
     </span>
    </p>
   </div>
   <div class='ocr_carea' id='block_1_64' title="bbox 2061 2287 3646 2363">
    <p class='ocr_par' dir='ltr' id='par_1_64' title="bbox 2061 2287 3646 2363">
     <span class='ocr_line' id='line_1_64' title="bbox 2061 2287 3646 2363; baseline 0.002 -20"><span class='ocrx_word' id='word_1_506' title='bbox 2061 2293 2214 2343; x_wconf 80' lang='lat' dir='ltr'><strong>erant</strong></span> <span class='ocrx_word' id='word_1_507' title='bbox 2231 2288 2297 2342; x_wconf 91' lang='lat' dir='ltr'><strong>de</strong></span> <span class='ocrx_word' id='word_1_508' title='bbox 2314 2287 2635 2359; x_wconf 87' lang='lat' dir='ltr'><strong>virginitate,</strong></span> <span class='ocrx_word' id='word_1_509' title='bbox 2657 2306 2813 2346; x_wconf 83' lang='lat' dir='ltr'><strong>nemo</strong></span> <span class='ocrx_word' id='word_1_510' title='bbox 2835 2306 2933 2345; x_wconf 88' lang='lat' dir='ltr'><strong>nos</strong></span> <span class='ocrx_word' id='word_1_511' title='bbox 2947 2291 3283 2363; x_wconf 73' lang='lat' dir='ltr'><strong>negligentia:</strong></span> <span class='ocrx_word' id='word_1_512' title='bbox 3303 2291 3646 2347; x_wconf 85' lang='lat' dir='ltr'><strong>condemnet.</strong></span> 
     </span>
    </p>
   </div>
   <div class='ocr_carea' id='block_1_65' title="bbox 2062 2379 3652 2454">
    <p class='ocr_par' dir='ltr' id='par_1_65' title="bbox 2062 2379 3652 2454">
     <span class='ocr_line' id='line_1_65' title="bbox 2062 2379 3652 2454; baseline 0.003 -21"><span class='ocrx_word' id='word_1_513' title='bbox 2062 2380 2282 2434; x_wconf 87' lang='lat' dir='ltr'><strong>Librum</strong></span> <span class='ocrx_word' id='word_1_514' title='bbox 2311 2379 2454 2436; x_wconf 90' lang='lat' dir='ltr'><strong>enim</strong></span> <span class='ocrx_word' id='word_1_515' title='bbox 2489 2381 2751 2452; x_wconf 82' lang='lat' dir='ltr'><strong>integrum</strong></span> <span class='ocrx_word' id='word_1_516' title='bbox 2788 2383 2838 2436; x_wconf 90' lang='lat' dir='ltr'><strong>in</strong></span> <span class='ocrx_word' id='word_1_517' title='bbox 2882 2398 3008 2454; x_wconf 81' lang='lat' dir='ltr'><strong>eam</strong></span> <span class='ocrx_word' id='word_1_518' title='bbox 3030 2401 3142 2438; x_wconf 90' lang='lat' dir='ltr'><strong>rem</strong></span> <span class='ocrx_word' id='word_1_519' title='bbox 3175 2383 3440 2440; x_wconf 90' lang='lat' dir='ltr'><strong>edidimus</strong></span> <span class='ocrx_word' id='word_1_520' title='bbox 3471 2385 3568 2453; x_wconf 86' lang='lat' dir='ltr'><strong>(a),</strong></span> <span class='ocrx_word' id='word_1_521' title='bbox 3599 2394 3652 2438; x_wconf 88' lang='lat' dir='ltr'><strong>et</strong></span> 
     </span>
    </p>
   </div>
   <div class='ocr_carea' id='block_1_66' title="bbox 2061 2473 3649 2545">
    <p class='ocr_par' dir='ltr' id='par_1_66' title="bbox 2061 2473 3649 2545">
     <span class='ocr_line' id='line_1_66' title="bbox 2061 2473 3649 2545; baseline 0.002 -18"><span class='ocrx_word' id='word_1_522' title='bbox 2061 2488 2181 2527; x_wconf 90' lang='lat' dir='ltr'><strong>cum</strong></span> <span class='ocrx_word' id='word_1_523' title='bbox 2213 2473 2285 2527; x_wconf 92' lang='lat' dir='ltr'><strong>ibi</strong></span> <span class='ocrx_word' id='word_1_524' title='bbox 2311 2483 2563 2529; x_wconf 78' lang='lat' dir='ltr'><strong>accurate</strong></span> <span class='ocrx_word' id='word_1_525' title='bbox 2583 2485 2838 2544; x_wconf 88' lang='lat' dir='ltr'><strong>quatttum</strong></span> <span class='ocrx_word' id='word_1_526' title='bbox 2864 2477 3132 2545; x_wconf 85' lang='lat' dir='ltr'><strong>potuimus</strong></span> <span class='ocrx_word' id='word_1_527' title='bbox 3157 2477 3300 2531; x_wconf 89' lang='lat' dir='ltr'><strong>illam</strong></span> <span class='ocrx_word' id='word_1_528' title='bbox 3319 2491 3433 2532; x_wconf 89' lang='lat' dir='ltr'><strong>rem</strong></span> <span class='ocrx_word' id='word_1_529' title='bbox 3458 2488 3649 2531; x_wconf 68' lang='lat' dir='ltr'><strong>tracta»</strong></span> 
     </span>
    </p>
   </div>
   <div class='ocr_carea' id='block_1_67' title="bbox 2064 2564 3647 2637">
    <p class='ocr_par' dir='ltr' id='par_1_67' title="bbox 2064 2564 3647 2637">
     <span class='ocr_line' id='line_1_67' title="bbox 2064 2564 3647 2637; baseline 0.003 -22"><span class='ocrx_word' id='word_1_530' title='bbox 2064 2564 2332 2630; x_wconf 83' lang='lat' dir='ltr'><strong>vcrimus,</strong></span> <span class='ocrx_word' id='word_1_531' title='bbox 2360 2579 2817 2635; x_wconf 86' lang='lat' dir='ltr'><strong>supervacaneum</strong></span> <span class='ocrx_word' id='word_1_532' title='bbox 2860 2582 2980 2622; x_wconf 88' lang='lat' dir='ltr'><strong>esse</strong></span> <span class='ocrx_word' id='word_1_533' title='bbox 3020 2568 3270 2623; x_wconf 80' lang='lat' dir='ltr'><strong>duximus</strong></span> <span class='ocrx_word' id='word_1_534' title='bbox 3313 2567 3502 2622; x_wconf 84' lang='lat' dir='ltr'><strong>eadem</strong></span> <span class='ocrx_word' id='word_1_535' title='bbox 3537 2567 3647 2637; x_wconf 81' lang='lat' dir='ltr'><strong>ipsa</strong></span> 
     </span>
    </p>
   </div>
   <div class='ocr_carea' id='block_1_68' title="bbox 2064 2656 3645 2726">
    <p class='ocr_par' dir='ltr' id='par_1_68' title="bbox 2064 2656 3645 2726">
     <span class='ocr_line' id='line_1_68' title="bbox 2064 2656 3645 2726; baseline 0.003 -16"><span class='ocrx_word' id='word_1_536' title='bbox 2064 2656 2150 2710; x_wconf 87' lang='lat' dir='ltr'><strong>hic</strong></span> <span class='ocrx_word' id='word_1_537' title='bbox 2199 2663 2462 2726; x_wconf 87' lang='lat' dir='ltr'><strong>repetere.</strong></span> <span class='ocrx_word' id='word_1_538' title='bbox 2514 2657 2872 2726; x_wconf 85' lang='lat' dir='ltr'><strong>Quamobrem</strong></span> <span class='ocrx_word' id='word_1_539' title='bbox 2923 2661 3015 2716; x_wconf 92' lang='lat' dir='ltr'><strong>illo</strong></span> <span class='ocrx_word' id='word_1_540' title='bbox 3059 2663 3392 2716; x_wconf 87' lang='lat' dir='ltr'><strong>remittentes</strong></span> <span class='ocrx_word' id='word_1_541' title='bbox 3435 2660 3645 2716; x_wconf 84' lang='lat' dir='ltr'><strong>audito-</strong></span> 
     </span>
    </p>
   </div>
   <div class='ocr_carea' id='block_1_69' title="bbox 2065 2747 3646 2816">
    <p class='ocr_par' dir='ltr' id='par_1_69' title="bbox 2065 2747 3646 2816">
     <span class='ocr_line' id='line_1_69' title="bbox 2065 2747 3646 2816; baseline 0.003 -15"><span class='ocrx_word' id='word_1_542' title='bbox 2065 2763 2214 2812; x_wconf 89' lang='lat' dir='ltr'><strong>rem,</strong></span> <span class='ocrx_word' id='word_1_543' title='bbox 2255 2748 2343 2802; x_wconf 90' lang='lat' dir='ltr'><strong>hic</strong></span> <span class='ocrx_word' id='word_1_544' title='bbox 2372 2747 2502 2802; x_wconf 91' lang='lat' dir='ltr'><strong>illud</strong></span> <span class='ocrx_word' id='word_1_545' title='bbox 2531 2747 2806 2816; x_wconf 80' lang='lat' dir='ltr'><strong>dit-emus,</strong></span> <span class='ocrx_word' id='word_1_546' title='bbox 2839 2752 3223 2806; x_wconf 89' lang='lat' dir='ltr'><strong>continentiam</strong></span> <span class='ocrx_word' id='word_1_547' title='bbox 3265 2767 3389 2808; x_wconf 89' lang='lat' dir='ltr'><strong>esse</strong></span> <span class='ocrx_word' id='word_1_548' title='bbox 3434 2762 3646 2807; x_wconf 90' lang='lat' dir='ltr'><strong>sectan-</strong></span> 
     </span>
    </p>
   </div>
   <div class='ocr_carea' id='block_1_70' title="bbox 2062 2837 3648 2915">
    <p class='ocr_par' dir='ltr' id='par_1_70' title="bbox 2062 2837 3648 2915">
     <span class='ocr_line' id='line_1_70' title="bbox 2062 2837 3648 2915; baseline 0.004 -24"><span class='ocrx_word' id='word_1_549' title='bbox 2062 2837 2185 2892; x_wconf 89' lang='lat' dir='ltr'><strong>dam</strong></span> <span class='ocrx_word' id='word_1_550' title='bbox 2216 2856 2227 2890; x_wconf 89' lang='lat'>:</span> <span class='ocrx_word' id='word_1_551' title='bbox 2262 2853 2385 2893; x_wconf 92' lang='lat' dir='ltr'><strong>nam</strong></span> <span class='ocrx_word' id='word_1_552' title='bbox 2411 2839 2486 2893; x_wconf 90' lang='lat' dir='ltr'><strong>ait</strong></span> <span class='ocrx_word' id='word_1_553' title='bbox 2517 2838 2605 2894; x_wconf 90' lang='lat' dir='ltr'><strong>ille</strong></span> <span class='ocrx_word' id='word_1_554' title='bbox 2631 2857 2646 2895; x_wconf 91' lang='lat'><strong>:</strong></span> <span class='ocrx_word' id='word_1_555' title='bbox 2679 2838 2867 2894; x_wconf 88' lang='lat' dir='ltr'><strong>Pacem</strong></span> <span class='ocrx_word' id='word_1_556' title='bbox 2899 2843 3252 2915; x_wconf 82' lang='lat' dir='ltr'><strong>persequimini</strong></span> <span class='ocrx_word' id='word_1_557' title='bbox 3280 2853 3327 2896; x_wconf 86' lang='lat' dir='ltr'><strong>et</strong></span> <span class='ocrx_word' id='word_1_558' title='bbox 3355 2847 3648 2915; x_wconf 74' lang='lat' dir='ltr'><strong>sanctiﬁca-</strong></span> 
     </span>
    </p>
   </div>
   <div class='ocr_carea' id='block_1_71' title="bbox 2062 2931 3646 3007">
    <p class='ocr_par' dir='ltr' id='par_1_71' title="bbox 2062 2931 3646 3007">
     <span class='ocr_line' id='line_1_71' title="bbox 2062 2931 3646 3007; baseline 0.005 -25"><span class='ocrx_word' id='word_1_559' title='bbox 2062 2931 2249 2984; x_wconf 89' lang='lat' dir='ltr'><strong>tionem</strong></span> <span class='ocrx_word' id='word_1_560' title='bbox 2265 2973 2279 2995; x_wconf 98' lang='lat'><strong>,</strong></span> <span class='ocrx_word' id='word_1_561' title='bbox 2306 2931 2414 2986; x_wconf 90' lang='lat' dir='ltr'><strong>sine</strong></span> <span class='ocrx_word' id='word_1_562' title='bbox 2440 2947 2539 3002; x_wconf 86' lang='lat' dir='ltr'><strong>qua</strong></span> <span class='ocrx_word' id='word_1_563' title='bbox 2574 2949 2718 2986; x_wconf 88' lang='lat' dir='ltr'><strong>nemo</strong></span> <span class='ocrx_word' id='word_1_564' title='bbox 2742 2933 2926 2986; x_wconf 81' lang='lat' dir='ltr'><strong>videbit</strong></span> <span class='ocrx_word' id='word_1_565' title='bbox 2958 2933 3251 2988; x_wconf 89' lang='lat' dir='ltr'><strong>Dominum.</strong></span> <span class='ocrx_word' id='word_1_566' title='bbox 3281 2935 3349 2991; x_wconf 91' lang='lat' dir='ltr'><strong>Ut</strong></span> <span class='ocrx_word' id='word_1_567' title='bbox 3374 2952 3502 3007; x_wconf 87' lang='lat' dir='ltr'><strong>ergo</strong></span> <span class='ocrx_word' id='word_1_568' title='bbox 3527 2952 3646 2992; x_wconf 87' lang='lat' dir='ltr'><strong>eum</strong></span> 
     </span>
    </p>
   </div>
   <div class='ocr_carea' id='block_1_72' title="bbox 2064 3021 3648 3098">
    <p class='ocr_par' dir='ltr' id='par_1_72' title="bbox 2064 3021 3648 3098">
     <span class='ocr_line' id='line_1_72' title="bbox 2064 3021 3648 3098; baseline 0.006 -24"><span class='ocrx_word' id='word_1_569' title='bbox 2064 3021 2248 3078; x_wconf 91' lang='lat' dir='ltr'><strong>videre</strong></span> <span class='ocrx_word' id='word_1_570' title='bbox 2275 3021 2586 3094; x_wconf 86' lang='lat' dir='ltr'><strong>dignemur;</strong></span> <span class='ocrx_word' id='word_1_571' title='bbox 2621 3024 2733 3078; x_wconf 90' lang='lat' dir='ltr'><strong>sive</strong></span> <span class='ocrx_word' id='word_1_572' title='bbox 2772 3024 2823 3078; x_wconf 92' lang='lat' dir='ltr'><strong>iu</strong></span> <span class='ocrx_word' id='word_1_573' title='bbox 2871 3025 3175 3094; x_wconf 85' lang='lat' dir='ltr'><strong>virginitate</strong></span> <span class='ocrx_word' id='word_1_574' title='bbox 3215 3027 3505 3098; x_wconf 87' lang='lat' dir='ltr'><strong>degamus,</strong></span> <span class='ocrx_word' id='word_1_575' title='bbox 3539 3028 3648 3083; x_wconf 81' lang='lat' dir='ltr'><strong>sive</strong></span> 
     </span>
    </p>
   </div>
   <div class='ocr_carea' id='block_1_73' title="bbox 2063 3117 3639 3193">
    <p class='ocr_par' dir='ltr' id='par_1_73' title="bbox 2063 3117 3639 3193">
     <span class='ocr_line' id='line_1_73' title="bbox 2063 3117 3639 3193; baseline 0.005 -23"><span class='ocrx_word' id='word_1_576' title='bbox 2063 3118 2116 3170; x_wconf 91' lang='lat' dir='ltr'><strong>in</strong></span> <span class='ocrx_word' id='word_1_577' title='bbox 2141 3117 2324 3186; x_wconf 86' lang='lat' dir='ltr'><strong>primis</strong></span> <span class='ocrx_word' id='word_1_578' title='bbox 2342 3117 2455 3173; x_wconf 90' lang='lat' dir='ltr'><strong>sive</strong></span> <span class='ocrx_word' id='word_1_579' title='bbox 2477 3118 2526 3172; x_wconf 93' lang='lat' dir='ltr'><strong>in</strong></span> <span class='ocrx_word' id='word_1_580' title='bbox 2552 3118 2802 3175; x_wconf 83' lang='lat' dir='ltr'><strong>secundis</strong></span> <span class='ocrx_word' id='word_1_581' title='bbox 2822 3121 3038 3190; x_wconf 89' lang='lat' dir='ltr'><strong>nuptiis,</strong></span> <span class='ocrx_word' id='word_1_582' title='bbox 3067 3122 3206 3176; x_wconf 89' lang='lat' dir='ltr'><strong>hanc</strong></span> <span class='ocrx_word' id='word_1_583' title='bbox 3227 3137 3639 3193; x_wconf 87' lang='lat' dir='ltr'><strong>persequamur,</strong></span> 
     </span>
    </p>
   </div>
   <div class='ocr_carea' id='block_1_74' title="bbox 2066 3207 3646 3284">
    <p class='ocr_par' dir='ltr' id='par_1_74' title="bbox 2066 3207 3646 3284">
     <span class='ocr_line' id='line_1_74' title="bbox 2066 3207 3646 3284; baseline 0.004 -22"><span class='ocrx_word' id='word_1_584' title='bbox 2066 3219 2122 3262; x_wconf 91' lang='lat' dir='ltr'><strong>ut</strong></span> <span class='ocrx_word' id='word_1_585' title='bbox 2150 3222 2372 3277; x_wconf 79' lang='lat' dir='ltr'><strong>regnum</strong></span> <span class='ocrx_word' id='word_1_586' title='bbox 2401 3207 2654 3263; x_wconf 70' lang='lat' dir='ltr'><strong>cartorum</strong></span> <span class='ocrx_word' id='word_1_587' title='bbox 2697 3208 3080 3280; x_wconf 84' lang='lat' dir='ltr'><strong>adipiscamur,</strong></span> <span class='ocrx_word' id='word_1_588' title='bbox 3112 3213 3281 3281; x_wconf 87' lang='lat' dir='ltr'><strong>gratia</strong></span> <span class='ocrx_word' id='word_1_589' title='bbox 3312 3221 3368 3266; x_wconf 90' lang='lat' dir='ltr'><strong>et</strong></span> <span class='ocrx_word' id='word_1_590' title='bbox 3403 3213 3646 3284; x_wconf 83' lang='lat' dir='ltr'><strong>benigni-</strong></span> 
     </span>
    </p>
   </div>
   <div class='ocr_carea' id='block_1_75' title="bbox 2065 3300 3651 3374">
    <p class='ocr_par' dir='ltr' id='par_1_75' title="bbox 2065 3300 3651 3374">
     <span class='ocr_line' id='line_1_75' title="bbox 2065 3300 3651 3374; baseline 0.004 -20"><span class='ocrx_word' id='word_1_591' title='bbox 2065 3309 2174 3355; x_wconf 89' lang='lat' dir='ltr'><strong>tate</strong></span> <span class='ocrx_word' id='word_1_592' title='bbox 2205 3300 2410 3354; x_wconf 89' lang='lat' dir='ltr'><strong>Domini</strong></span> <span class='ocrx_word' id='word_1_593' title='bbox 2443 3301 2612 3355; x_wconf 89' lang='lat' dir='ltr'><strong>nostri</strong></span> <span class='ocrx_word' id='word_1_594' title='bbox 2641 3301 2768 3356; x_wconf 85' lang='lat' dir='ltr'><strong>Jesu</strong></span> <span class='ocrx_word' id='word_1_595' title='bbox 2807 3302 3037 3369; x_wconf 87' lang='lat' dir='ltr'><strong>Christi,</strong></span> <span class='ocrx_word' id='word_1_596' title='bbox 3081 3306 3296 3374; x_wconf 89' lang='lat' dir='ltr'><strong>quicum</strong></span> <span class='ocrx_word' id='word_1_597' title='bbox 3336 3305 3479 3361; x_wconf 85' lang='lat' dir='ltr'><strong>Patri</strong></span> <span class='ocrx_word' id='word_1_598' title='bbox 3521 3323 3651 3361; x_wconf 84' lang='lat' dir='ltr'><strong>una-</strong></span> 
     </span>
    </p>
   </div>
   <div class='ocr_carea' id='block_1_76' title="bbox 2065 3394 3650 3466">
    <p class='ocr_par' dir='ltr' id='par_1_76' title="bbox 2065 3394 3650 3466">
     <span class='ocr_line' id='line_1_76' title="bbox 2065 3394 3650 3466; baseline 0.006 -21"><span class='ocrx_word' id='word_1_599' title='bbox 2065 3409 2169 3464; x_wconf 87' lang='lat' dir='ltr'><strong>que</strong></span> <span class='ocrx_word' id='word_1_600' title='bbox 2197 3394 2414 3463; x_wconf 84' lang='lat' dir='ltr'><strong>Spiritui</strong></span> <span class='ocrx_word' id='word_1_601' title='bbox 2437 3405 2623 3450; x_wconf 89' lang='lat' dir='ltr'><strong>saucto</strong></span> <span class='ocrx_word' id='word_1_602' title='bbox 2651 3395 2843 3466; x_wconf 89' lang='lat' dir='ltr'><strong>gloria,</strong></span> <span class='ocrx_word' id='word_1_603' title='bbox 2878 3398 3180 3466; x_wconf 88' lang='lat' dir='ltr'><strong>imperium,</strong></span> <span class='ocrx_word' id='word_1_604' title='bbox 3211 3399 3404 3466; x_wconf 91' lang='lat' dir='ltr'><strong>honor,</strong></span> <span class='ocrx_word' id='word_1_605' title='bbox 3437 3414 3579 3455; x_wconf 90' lang='lat' dir='ltr'><strong>nunc</strong></span> <span class='ocrx_word' id='word_1_606' title='bbox 3599 3410 3650 3454; x_wconf 89' lang='lat' dir='ltr'><strong>et</strong></span> 
     </span>
    </p>
   </div>
   <div class='ocr_carea' id='block_1_77' title="bbox 2065 3485 3296 3556">
    <p class='ocr_par' dir='ltr' id='par_1_77' title="bbox 2065 3485 3296 3556">
     <span class='ocr_line' id='line_1_77' title="bbox 2065 3485 3296 3556; baseline 0.002 -16"><span class='ocrx_word' id='word_1_607' title='bbox 2065 3500 2296 3556; x_wconf 85' lang='lat' dir='ltr'><strong>semper,</strong></span> <span class='ocrx_word' id='word_1_608' title='bbox 2333 3493 2389 3542; x_wconf 91' lang='lat' dir='ltr'><strong>et</strong></span> <span class='ocrx_word' id='word_1_609' title='bbox 2418 3485 2470 3540; x_wconf 90' lang='lat' dir='ltr'><strong>in</strong></span> <span class='ocrx_word' id='word_1_610' title='bbox 2497 3487 2692 3541; x_wconf 67' lang='lat' dir='ltr'><strong>saecula</strong></span> <span class='ocrx_word' id='word_1_611' title='bbox 2725 3487 3067 3542; x_wconf 69' lang='lat' dir='ltr'><strong>saeculorum.</strong></span> <span class='ocrx_word' id='word_1_612' title='bbox 3103 3491 3296 3544; x_wconf 87' lang='lat' dir='ltr'><strong>Amen.</strong></span> 
     </span>
    </p>
   </div>
   <div class='ocr_carea' id='block_1_78' title="bbox 2127 3664 3652 3730">
    <p class='ocr_par' dir='ltr' id='par_1_78' title="bbox 2127 3664 3652 3730">
     <span class='ocr_line' id='line_1_78' title="bbox 2127 3664 3652 3730; baseline 0.002 -16"><span class='ocrx_word' id='word_1_613' title='bbox 2127 3666 2201 3727; x_wconf 92' lang='lat' dir='ltr'><strong>(a)</strong></span> <span class='ocrx_word' id='word_1_614' title='bbox 2224 3664 2317 3716; x_wconf 85' lang='lat' dir='ltr'><strong>Hic</strong></span> <span class='ocrx_word' id='word_1_615' title='bbox 2340 3664 2516 3730; x_wconf 81' lang='lat' dir='ltr'><strong>librum</strong></span> <span class='ocrx_word' id='word_1_616' title='bbox 2534 3665 2766 3730; x_wconf 68' lang='lat' dir='ltr'><strong>suumde</strong></span> <span class='ocrx_word' id='word_1_617' title='bbox 2788 3665 3084 3730; x_wconf 80' lang='lat' dir='ltr'><strong>Virginitate</strong></span> <span class='ocrx_word' id='word_1_618' title='bbox 3107 3671 3366 3730; x_wconf 78' lang='lat' dir='ltr'><strong>memorat,</strong></span> <span class='ocrx_word' id='word_1_619' title='bbox 3385 3681 3536 3730; x_wconf 86' lang='lat' dir='ltr'><strong>quem</strong></span> <span class='ocrx_word' id='word_1_620' title='bbox 3553 3669 3652 3717; x_wconf 82' lang='lat' dir='ltr'><strong>odi-</strong></span> 
     </span>
    </p>
   </div>
   <div class='ocr_carea' id='block_1_79' title="bbox 2065 3726 3649 3790">
    <p class='ocr_par' dir='ltr' id='par_1_79' title="bbox 2065 3726 3649 3790">
     <span class='ocr_line' id='line_1_79' title="bbox 2065 3726 3649 3790; baseline 0.002 -14"><span class='ocrx_word' id='word_1_621' title='bbox 2065 3739 2174 3776; x_wconf 90' lang='lat' dir='ltr'><strong>mus</strong></span> <span class='ocrx_word' id='word_1_622' title='bbox 2184 3726 2333 3790; x_wconf 74' lang='lat' dir='ltr'><strong>Tomo</strong></span> <span class='ocrx_word' id='word_1_623' title='bbox 2357 3726 2401 3786; x_wconf 86' lang='grc' dir='ltr'><strong>ι,</strong></span> <span class='ocrx_word' id='word_1_624' title='bbox 2417 3726 2509 3775; x_wconf 85' lang='lat' dir='ltr'><strong>col.</strong></span> <span class='ocrx_word' id='word_1_625' title='bbox 2532 3726 2757 3790; x_wconf 71' lang='lat'><strong>581-582.</strong></span> <span class='ocrx_word' id='word_1_626' title='bbox 2773 3726 2902 3788; x_wconf 80' lang='lat' dir='ltr'><strong>Lege</strong></span> <span class='ocrx_word' id='word_1_627' title='bbox 2927 3729 3150 3776; x_wconf 81' lang='lat' dir='ltr'><strong>Monitum</strong></span> <span class='ocrx_word' id='word_1_628' title='bbox 3167 3727 3307 3789; x_wconf 85' lang='lat' dir='ltr'><strong>Operi</strong></span> <span class='ocrx_word' id='word_1_629' title='bbox 3329 3726 3649 3790; x_wconf 67' lang='lat' dir='ltr'><strong>praemissam,</strong></span> 
     </span>
    </p>
   </div>
   <div class='ocr_carea' id='block_1_80' title="bbox 2067 3789 3651 3898">
    <p class='ocr_par' dir='ltr' id='par_1_80' title="bbox 2067 3789 3651 3898">
     <span class='ocr_line' id='line_1_80' title="bbox 2067 3789 3651 3850; baseline 0.001 -12"><span class='ocrx_word' id='word_1_630' title='bbox 2067 3791 2146 3838; x_wconf 90' lang='lat' dir='ltr'><strong>ubi</strong></span> <span class='ocrx_word' id='word_1_631' title='bbox 2175 3789 2305 3837; x_wconf 87' lang='lat' dir='ltr'><strong>clare</strong></span> <span class='ocrx_word' id='word_1_632' title='bbox 2331 3791 2557 3850; x_wconf 87' lang='lat' dir='ltr'><strong>probatur</strong></span> <span class='ocrx_word' id='word_1_633' title='bbox 2580 3789 2711 3836; x_wconf 85' lang='lat' dir='ltr'><strong>idem</strong></span> <span class='ocrx_word' id='word_1_634' title='bbox 2745 3789 2904 3837; x_wconf 69' lang='lat' dir='ltr'><strong>iisum</strong></span> <span class='ocrx_word' id='word_1_635' title='bbox 2926 3801 3050 3837; x_wconf 79' lang='lat' dir='ltr'><strong>oms</strong></span> <span class='ocrx_word' id='word_1_636' title='bbox 3094 3797 3146 3838; x_wconf 85' lang='lat' dir='ltr'><strong>et</strong></span> <span class='ocrx_word' id='word_1_637' title='bbox 3191 3801 3286 3837; x_wconf 89' lang='lat' dir='ltr'><strong>non</strong></span> <span class='ocrx_word' id='word_1_638' title='bbox 3325 3789 3458 3839; x_wconf 76' lang='lat' dir='ltr'><strong>aliud</strong></span> <span class='ocrx_word' id='word_1_639' title='bbox 3483 3793 3531 3839; x_wconf 89' lang='lat' dir='ltr'><strong>in</strong></span> <span class='ocrx_word' id='word_1_640' title='bbox 3556 3789 3651 3840; x_wconf 78' lang='lat' dir='ltr'><strong>ﬁne</strong></span> 
     </span>
     <span class='ocr_line' id='line_1_81' title="bbox 2067 3803 3318 3898; baseline 0 0"><span class='ocrx_word' id='word_1_641' title='bbox 2067 3849 2438 3898; x_wconf 75' lang='lat' dir='ltr'><strong>huiusttomiliae</strong></span> <span class='ocrx_word' id='word_1_642' title='bbox 2463 3849 2512 3897; x_wconf 89' lang='lat' dir='ltr'><strong>in</strong></span> <span class='ocrx_word' id='word_1_643' title='bbox 2535 3849 2688 3898; x_wconf 81' lang='lat' dir='ltr'><strong>Enlst.</strong></span> <span class='ocrx_word' id='word_1_644' title='bbox 2716 3803 2779 3898; x_wconf 72' lang='lat' dir='ltr'><strong>ad</strong></span> <span class='ocrx_word' id='word_1_645' title='bbox 2798 3804 3012 3898; x_wconf 68' lang='lat' dir='ltr'><strong>Curiatii.</strong></span> <span class='ocrx_word' id='word_1_646' title='bbox 3038 3850 3318 3898; x_wconf 87' lang='lat' dir='ltr'><strong>memorari.</strong></span> 
     </span>
    </p>
   </div>
   <div class='ocr_carea' id='block_1_81' title="bbox 2066 3849 3318 3912">
    <p class='ocr_par' dir='ltr' id='par_1_81' title="bbox 2066 3849 3318 3912">
     <span class='ocr_line' id='line_1_82' title="bbox 2066 3849 3318 3912; baseline 0.001 -14"><span class='ocrx_word' id='word_1_647' title='bbox 2066 3851 2211 3912; x_wconf 86' lang='lat' dir='ltr'><strong>hujus</strong></span> <span class='ocrx_word' id='word_1_648' title='bbox 2226 3849 2438 3898; x_wconf 75' lang='lat' dir='ltr'><strong>ttoniiliae</strong></span> <span class='ocrx_word' id='word_1_649' title='bbox 2463 3849 2512 3897; x_wconf 89' lang='lat' dir='ltr'><strong>in</strong></span> <span class='ocrx_word' id='word_1_650' title='bbox 2535 3849 2688 3912; x_wconf 80' lang='lat' dir='ltr'><strong>Epist.</strong></span> <span class='ocrx_word' id='word_1_651' title='bbox 2716 3849 2774 3898; x_wconf 87' lang='lat' dir='ltr'><strong>ad</strong></span> <span class='ocrx_word' id='word_1_652' title='bbox 2798 3849 3012 3900; x_wconf 84' lang='lat' dir='ltr'><strong>Corinth.</strong></span> <span class='ocrx_word' id='word_1_653' title='bbox 3038 3850 3318 3900; x_wconf 87' lang='lat' dir='ltr'><strong>memorari.</strong></span> 
     </span>
    </p>
   </div>
   <div class='ocr_carea' id='block_1_82' title="bbox 400 3959 3655 3991">
    <p class='ocr_par' dir='ltr' id='par_1_82' title="bbox 400 3959 3655 3991">
     <span class='ocr_line' id='line_1_83' title="bbox 400 3959 3655 3991; baseline -0.003 -2"><span class='ocrx_word' id='word_1_654' title='bbox 400 3959 3655 3991; x_wconf 60' lang='lat'><strong>._;__———-——————-—~———&#39;————————__———————</strong></span> 
     </span>
    </p>
   </div>
   <div class='ocr_carea' id='block_1_83' title="bbox 1802 4050 2337 4112">
    <p class='ocr_par' dir='ltr' id='par_1_83' title="bbox 1802 4050 2337 4112">
     <span class='ocr_line' id='line_1_84' title="bbox 1802 4050 2337 4112; baseline -0.004 -1"><span class='ocrx_word' id='word_1_655' title='bbox 1802 4050 2146 4112; x_wconf 74' lang='lat' dir='ltr'><strong>HOMLLIA</strong></span> <span class='ocrx_word' id='word_1_656' title='bbox 2187 4051 2337 4111; x_wconf 82' lang='lat' dir='ltr'><strong>XX.</strong></span> 
     </span>
    </p>
   </div>
   <div class='ocr_carea' id='block_1_84' title="bbox 374 4200 1954 4275">
    <p class='ocr_par' dir='ltr' id='par_1_84' title="bbox 374 4200 1954 4275">
     <span class='ocr_line' id='line_1_85' title="bbox 374 4200 1954 4275; baseline -0.011 -6"><span class='ocrx_word' id='word_1_657' title='bbox 374 4211 503 4269; x_wconf 72' lang='lat' dir='ltr'><strong>Car.</strong></span> <span class='ocrx_word' id='word_1_658' title='bbox 536 4211 590 4268; x_wconf 91' lang='lat'><strong>8.</strong></span> <span class='ocrx_word' id='word_1_659' title='bbox 623 4226 675 4265; x_wconf 93' lang='lat' dir='ltr'><strong>v.</strong></span> <span class='ocrx_word' id='word_1_660' title='bbox 712 4210 762 4266; x_wconf 83' lang='lat' dir='ltr'><strong>l.</strong></span> <span class='ocrx_word' id='word_1_661' title='bbox 797 4207 876 4264; x_wconf 86' lang='lat' dir='ltr'><strong>De</strong></span> <span class='ocrx_word' id='word_1_662' title='bbox 916 4208 980 4264; x_wconf 90' lang='lat' dir='ltr'><strong>iis</strong></span> <span class='ocrx_word' id='word_1_663' title='bbox 1025 4214 1212 4271; x_wconf 86' lang='lat' dir='ltr'><strong>autem,</strong></span> <span class='ocrx_word' id='word_1_664' title='bbox 1261 4217 1375 4275; x_wconf 73' lang='lat' dir='ltr'><strong>qua:</strong></span> <span class='ocrx_word' id='word_1_665' title='bbox 1418 4201 1570 4256; x_wconf 85' lang='lat' dir='ltr'><strong>idolis</strong></span> <span class='ocrx_word' id='word_1_666' title='bbox 1604 4200 1954 4268; x_wconf 88' lang='lat' dir='ltr'><strong>immolantur,</strong></span> 
     </span>
    </p>
   </div>
   <div class='ocr_carea' id='block_1_85' title="bbox 449 4291 1961 4371">
    <p class='ocr_par' dir='ltr' id='par_1_85' title="bbox 449 4291 1961 4371">
     <span class='ocr_line' id='line_1_86' title="bbox 449 4291 1961 4371; baseline -0.011 -11"><span class='ocrx_word' id='word_1_667' title='bbox 449 4307 634 4360; x_wconf 83' lang='lat' dir='ltr'><strong>scimus</strong></span> <span class='ocrx_word' id='word_1_668' title='bbox 657 4301 792 4371; x_wconf 86' lang='lat' dir='ltr'><strong>quod</strong></span> <span class='ocrx_word' id='word_1_669' title='bbox 829 4316 1002 4356; x_wconf 86' lang='lat' dir='ltr'><strong>omnes</strong></span> <span class='ocrx_word' id='word_1_670' title='bbox 1027 4297 1290 4355; x_wconf 85' lang='lat' dir='ltr'><strong>scientiam</strong></span> <span class='ocrx_word' id='word_1_671' title='bbox 1319 4293 1577 4350; x_wconf 80' lang='lat' dir='ltr'><strong>habemus.</strong></span> <span class='ocrx_word' id='word_1_672' title='bbox 1625 4291 1853 4349; x_wconf 88' lang='lat' dir='ltr'><strong>Scientia</strong></span> <span class='ocrx_word' id='word_1_673' title='bbox 1881 4291 1961 4345; x_wconf 87' lang='lat' dir='ltr'><strong>in-</strong></span> 
     </span>
    </p>
   </div>
   <div class='ocr_carea' id='block_1_86' title="bbox 448 4391 1192 4468">
    <p class='ocr_par' dir='ltr' id='par_1_86' title="bbox 448 4391 1192 4468">
     <span class='ocr_line' id='line_1_87' title="bbox 448 4391 1192 4468; baseline -0.011 -17"><span class='ocrx_word' id='word_1_674' title='bbox 448 4397 570 4468; x_wconf 76' lang='lat' dir='ltr'><strong>ﬂat,</strong></span> <span class='ocrx_word' id='word_1_675' title='bbox 597 4395 784 4451; x_wconf 88' lang='lat' dir='ltr'><strong>caritas</strong></span> <span class='ocrx_word' id='word_1_676' title='bbox 807 4408 923 4448; x_wconf 80' lang='lat' dir='ltr'><strong>vero</strong></span> <span class='ocrx_word' id='word_1_677' title='bbox 952 4391 1192 4455; x_wconf 79' lang='lat' dir='ltr'><strong>cedi/ient.</strong></span> 
     </span>
    </p>
   </div>
   <div class='ocr_carea' id='block_1_87' title="bbox 451 4478 1962 4556">
    <p class='ocr_par' dir='ltr' id='par_1_87' title="bbox 451 4478 1962 4556">
     <span class='ocr_line' id='line_1_88' title="bbox 451 4478 1962 4556; baseline -0.008 -12"><span class='ocrx_word' id='word_1_678' title='bbox 451 4491 502 4544; x_wconf 71' lang='grc' dir='ltr'><strong>ί.</strong></span> <span class='ocrx_word' id='word_1_679' title='bbox 532 4488 764 4544; x_wconf 82' lang='lat' dir='ltr'><strong>Necesse</strong></span> <span class='ocrx_word' id='word_1_680' title='bbox 802 4496 884 4541; x_wconf 87' lang='lat' dir='ltr'><strong>cst</strong></span> <span class='ocrx_word' id='word_1_681' title='bbox 912 4487 1086 4556; x_wconf 90' lang='lat' dir='ltr'><strong>primo</strong></span> <span class='ocrx_word' id='word_1_682' title='bbox 1110 4483 1290 4539; x_wconf 90' lang='lat' dir='ltr'><strong>dicere</strong></span> <span class='ocrx_word' id='word_1_683' title='bbox 1315 4480 1442 4552; x_wconf 89' lang='lat' dir='ltr'><strong>quid</strong></span> <span class='ocrx_word' id='word_1_684' title='bbox 1473 4479 1574 4536; x_wconf 85' lang='lat' dir='ltr'><strong>sibi</strong></span> <span class='ocrx_word' id='word_1_685' title='bbox 1609 4479 1735 4535; x_wconf 87' lang='lat' dir='ltr'><strong>velit</strong></span> <span class='ocrx_word' id='word_1_686' title='bbox 1763 4478 1850 4533; x_wconf 89' lang='lat' dir='ltr'><strong>hic</strong></span> <span class='ocrx_word' id='word_1_687' title='bbox 1879 4478 1962 4532; x_wconf 93' lang='lat' dir='ltr'><strong>lo-</strong></span> 
     </span>
    </p>
   </div>
   <div class='ocr_carea' id='block_1_88' title="bbox 378 4570 1960 4648">
    <p class='ocr_par' dir='ltr' id='par_1_88' title="bbox 378 4570 1960 4648">
     <span class='ocr_line' id='line_1_89' title="bbox 378 4570 1960 4648; baseline -0.011 -10"><span class='ocrx_word' id='word_1_688' title='bbox 378 4595 477 4638; x_wconf 85' lang='lat' dir='ltr'><strong>cus</strong></span> <span class='ocrx_word' id='word_1_689' title='bbox 506 4597 520 4634; x_wconf 91' lang='lat'><strong>:</strong></span> <span class='ocrx_word' id='word_1_690' title='bbox 552 4583 631 4635; x_wconf 88' lang='lat' dir='ltr'><strong>sic</strong></span> <span class='ocrx_word' id='word_1_691' title='bbox 665 4593 893 4648; x_wconf 88' lang='lat' dir='ltr'><strong>namque</strong></span> <span class='ocrx_word' id='word_1_692' title='bbox 924 4577 1079 4631; x_wconf 90' lang='lat' dir='ltr'><strong>facile</strong></span> <span class='ocrx_word' id='word_1_693' title='bbox 1108 4575 1438 4644; x_wconf 88' lang='lat' dir='ltr'><strong>intelligetur</strong></span> <span class='ocrx_word' id='word_1_694' title='bbox 1467 4570 1610 4640; x_wconf 91' lang='lat' dir='ltr'><strong>quod</strong></span> <span class='ocrx_word' id='word_1_695' title='bbox 1645 4570 1839 4624; x_wconf 91' lang='lat' dir='ltr'><strong>dicturi</strong></span> <span class='ocrx_word' id='word_1_696' title='bbox 1868 4583 1960 4622; x_wconf 78' lang='lat' dir='ltr'><strong>su-</strong></span> 
     </span>
    </p>
   </div>
   <div class='ocr_carea' id='block_1_89' title="bbox 383 4659 1964 4739">
    <p class='ocr_par' dir='ltr' id='par_1_89' title="bbox 383 4659 1964 4739">
     <span class='ocr_line' id='line_1_90' title="bbox 383 4659 1964 4739; baseline -0.011 -10"><span class='ocrx_word' id='word_1_697' title='bbox 383 4688 520 4730; x_wconf 88' lang='lat' dir='ltr'><strong>mus.</strong></span> <span class='ocrx_word' id='word_1_698' title='bbox 562 4670 664 4739; x_wconf 90' lang='lat' dir='ltr'><strong>Qui</strong></span> <span class='ocrx_word' id='word_1_699' title='bbox 703 4669 846 4726; x_wconf 91' lang='lat' dir='ltr'><strong>enim</strong></span> <span class='ocrx_word' id='word_1_700' title='bbox 883 4668 1112 4739; x_wconf 88' lang='lat' dir='ltr'><strong>aliquem</strong></span> <span class='ocrx_word' id='word_1_701' title='bbox 1153 4663 1391 4722; x_wconf 87' lang='lat' dir='ltr'><strong>accusari</strong></span> <span class='ocrx_word' id='word_1_702' title='bbox 1432 4661 1615 4725; x_wconf 89' lang='lat' dir='ltr'><strong>videt,</strong></span> <span class='ocrx_word' id='word_1_703' title='bbox 1669 4659 1770 4715; x_wconf 90' lang='lat' dir='ltr'><strong>nisi</strong></span> <span class='ocrx_word' id='word_1_704' title='bbox 1818 4660 1964 4728; x_wconf 89' lang='lat' dir='ltr'><strong>prius</strong></span> 
     </span>
    </p>
   </div>
   <div class='ocr_carea' id='block_1_90' title="bbox 382 4750 1960 4834">
    <p class='ocr_par' dir='ltr' id='par_1_90' title="bbox 382 4750 1960 4834">
     <span class='ocr_line' id='line_1_91' title="bbox 382 4750 1960 4834; baseline -0.008 -18"><span class='ocrx_word' id='word_1_705' title='bbox 382 4762 586 4834; x_wconf 85' lang='lat' dir='ltr'><strong>peccati</strong></span> <span class='ocrx_word' id='word_1_706' title='bbox 610 4770 852 4816; x_wconf 88' lang='lat' dir='ltr'><strong>naturam</strong></span> <span class='ocrx_word' id='word_1_707' title='bbox 884 4769 1092 4824; x_wconf 87' lang='lat' dir='ltr'><strong>noscat,</strong></span> <span class='ocrx_word' id='word_1_708' title='bbox 1119 4772 1238 4828; x_wconf 70' lang='lat' dir='ltr'><strong>qua:</strong></span> <span class='ocrx_word' id='word_1_709' title='bbox 1264 4756 1514 4810; x_wconf 89' lang='lat' dir='ltr'><strong>dicentur</strong></span> <span class='ocrx_word' id='word_1_710' title='bbox 1543 4765 1646 4806; x_wconf 90' lang='lat' dir='ltr'><strong>non</strong></span> <span class='ocrx_word' id='word_1_711' title='bbox 1679 4750 1960 4820; x_wconf 90' lang='lat' dir='ltr'><strong>intelliget.</strong></span> 
     </span>
    </p>
   </div>
   <div class='ocr_carea' id='block_1_91' title="bbox 379 4841 1960 4925">
    <p class='ocr_par' dir='ltr' id='par_1_91' title="bbox 379 4841 1960 4925">
     <span class='ocr_line' id='line_1_92' title="bbox 379 4841 1960 4925; baseline -0.009 -14"><span class='ocrx_word' id='word_1_712' title='bbox 379 4857 493 4925; x_wconf 86' lang='lat' dir='ltr'><strong>Qua</strong></span> <span class='ocrx_word' id='word_1_713' title='bbox 521 4868 648 4924; x_wconf 81' lang='lat' dir='ltr'><strong>ergo</strong></span> <span class='ocrx_word' id='word_1_714' title='bbox 675 4851 746 4908; x_wconf 88' lang='lat' dir='ltr'><strong>de</strong></span> <span class='ocrx_word' id='word_1_715' title='bbox 787 4865 848 4906; x_wconf 88' lang='lat' dir='ltr'><strong>re</strong></span> <span class='ocrx_word' id='word_1_716' title='bbox 893 4859 1019 4905; x_wconf 91' lang='lat' dir='ltr'><strong>tunc</strong></span> <span class='ocrx_word' id='word_1_717' title='bbox 1053 4847 1361 4904; x_wconf 84' lang='lat' dir='ltr'><strong>Corinthios</strong></span> <span class='ocrx_word' id='word_1_718' title='bbox 1389 4843 1710 4901; x_wconf 80' lang='lat' dir='ltr'><strong>accusabat?</strong></span> <span class='ocrx_word' id='word_1_719' title='bbox 1746 4841 1960 4898; x_wconf 90' lang='lat' dir='ltr'><strong>Crimen</strong></span> 
     </span>
    </p>
   </div>
   <div class='ocr_carea' id='block_1_92' title="bbox 377 4934 1964 5018">
    <p class='ocr_par' dir='ltr' id='par_1_92' title="bbox 377 4934 1964 5018">
     <span class='ocr_line' id='line_1_93' title="bbox 377 4934 1964 5018; baseline -0.009 -14"><span class='ocrx_word' id='word_1_720' title='bbox 377 4957 495 5004; x_wconf 88' lang='lat' dir='ltr'><strong>erat</strong></span> <span class='ocrx_word' id='word_1_721' title='bbox 528 4961 814 5018; x_wconf 88' lang='lat' dir='ltr'><strong>magnum,</strong></span> <span class='ocrx_word' id='word_1_722' title='bbox 845 4959 908 4999; x_wconf 89' lang='lat' dir='ltr'><strong>ac</strong></span> <span class='ocrx_word' id='word_1_723' title='bbox 935 4942 1230 4998; x_wconf 89' lang='lat' dir='ltr'><strong>multorum</strong></span> <span class='ocrx_word' id='word_1_724' title='bbox 1269 4955 1430 4996; x_wconf 90' lang='lat' dir='ltr'><strong>causa</strong></span> <span class='ocrx_word' id='word_1_725' title='bbox 1468 4939 1752 4993; x_wconf 91' lang='lat' dir='ltr'><strong>malorum.</strong></span> <span class='ocrx_word' id='word_1_726' title='bbox 1795 4934 1964 5004; x_wconf 86' lang='lat' dir='ltr'><strong>Quale</strong></span> 
     </span>
    </p>
   </div>
   <div class='ocr_carea' id='block_1_93' title="bbox 380 5029 1964 5102">
    <p class='ocr_par' dir='ltr' id='par_1_93' title="bbox 380 5029 1964 5102">
     <span class='ocr_line' id='line_1_94' title="bbox 380 5029 1964 5102; baseline -0.009 -6"><span class='ocrx_word' id='word_1_727' title='bbox 380 5041 546 5097; x_wconf 80' lang='lat' dir='ltr'><strong>illud?</strong></span> <span class='ocrx_word' id='word_1_728' title='bbox 571 5040 719 5097; x_wconf 71' lang='lat' dir='ltr'><strong>Multi</strong></span> <span class='ocrx_word' id='word_1_729' title='bbox 745 5055 810 5096; x_wconf 80' lang='lat' dir='ltr'><strong>ex</strong></span> <span class='ocrx_word' id='word_1_730' title='bbox 842 5037 948 5094; x_wconf 89' lang='lat' dir='ltr'><strong>illis</strong></span> <span class='ocrx_word' id='word_1_731' title='bbox 973 5049 1094 5092; x_wconf 91' lang='lat' dir='ltr'><strong>cum</strong></span> <span class='ocrx_word' id='word_1_732' title='bbox 1121 5033 1455 5100; x_wconf 89' lang='lat' dir='ltr'><strong>didicissent,</strong></span> <span class='ocrx_word' id='word_1_733' title='bbox 1486 5047 1590 5086; x_wconf 90' lang='lat' dir='ltr'><strong>non</strong></span> <span class='ocrx_word' id='word_1_734' title='bbox 1622 5045 1740 5102; x_wconf 71' lang='lat' dir='ltr'><strong>qua:</strong></span> <span class='ocrx_word' id='word_1_735' title='bbox 1761 5029 1964 5084; x_wconf 84' lang='lat' dir='ltr'><strong>intrant</strong></span> 
     </span>
    </p>
   </div>
   <div class='ocr_carea' id='block_1_94' title="bbox 378 5119 1962 5200">
    <p class='ocr_par' dir='ltr' id='par_1_94' title="bbox 378 5119 1962 5200">
     <span class='ocr_line' id='line_1_95' title="bbox 378 5119 1962 5200; baseline -0.007 -16"><span class='ocrx_word' id='word_1_736' title='bbox 378 5130 660 5200; x_wconf 85' lang='lat' dir='ltr'><strong>inquinare</strong></span> <span class='ocrx_word' id='word_1_737' title='bbox 687 5129 980 5196; x_wconf 91' lang='lat' dir='ltr'><strong>hominem,</strong></span> <span class='ocrx_word' id='word_1_738' title='bbox 1003 5125 1097 5183; x_wconf 85' lang='lat' dir='ltr'><strong>sed</strong></span> <span class='ocrx_word' id='word_1_739' title='bbox 1118 5140 1238 5197; x_wconf 72' lang='lat' dir='ltr'><strong>qua:</strong></span> <span class='ocrx_word' id='word_1_740' title='bbox 1258 5133 1455 5180; x_wconf 78' lang='lat' dir='ltr'><strong>exeunt</strong></span> <span class='ocrx_word' id='word_1_741' title='bbox 1477 5139 1489 5176; x_wconf 90' lang='lat'><strong>:</strong></span> <span class='ocrx_word' id='word_1_742' title='bbox 1513 5131 1564 5176; x_wconf 90' lang='lat' dir='ltr'><strong>et</strong></span> <span class='ocrx_word' id='word_1_743' title='bbox 1587 5119 1750 5184; x_wconf 84' lang='lat' dir='ltr'><strong>idola,</strong></span> <span class='ocrx_word' id='word_1_744' title='bbox 1770 5133 1962 5188; x_wconf 90' lang='lat' dir='ltr'><strong>nempe</strong></span> 
     </span>
    </p>
   </div>
   <div class='ocr_carea' id='block_1_95' title="bbox 377 5211 1962 5289">
    <p class='ocr_par' dir='ltr' id='par_1_95' title="bbox 377 5211 1962 5289">
     <span class='ocr_line' id='line_1_96' title="bbox 377 5211 1962 5289; baseline -0.006 -14"><span class='ocrx_word' id='word_1_745' title='bbox 377 5222 555 5289; x_wconf 71' lang='lat' dir='ltr'><strong>ligna,</strong></span> <span class='ocrx_word' id='word_1_746' title='bbox 599 5220 803 5289; x_wconf 87' lang='lat' dir='ltr'><strong>lapides</strong></span> <span class='ocrx_word' id='word_1_747' title='bbox 850 5229 905 5275; x_wconf 91' lang='lat' dir='ltr'><strong>et</strong></span> <span class='ocrx_word' id='word_1_748' title='bbox 946 5219 1365 5280; x_wconf 60' lang='lat' dir='ltr'><strong>daemonesmec</strong></span> <span class='ocrx_word' id='word_1_749' title='bbox 1404 5229 1601 5271; x_wconf 84' lang='lat' dir='ltr'><strong>nocere</strong></span> <span class='ocrx_word' id='word_1_750' title='bbox 1647 5227 1745 5268; x_wconf 92' lang='lat' dir='ltr'><strong>nec</strong></span> <span class='ocrx_word' id='word_1_751' title='bbox 1767 5211 1962 5283; x_wconf 87' lang='lat' dir='ltr'><strong>juvare</strong></span> 
     </span>
    </p>
   </div>
   <div class='ocr_carea' id='block_1_96' title="bbox 382 5304 1962 5382">
    <p class='ocr_par' dir='ltr' id='par_1_96' title="bbox 382 5304 1962 5382">
     <span class='ocr_line' id='line_1_97' title="bbox 382 5304 1962 5382; baseline -0.004 -16"><span class='ocrx_word' id='word_1_752' title='bbox 382 5324 572 5382; x_wconf 87' lang='lat' dir='ltr'><strong>posse,</strong></span> <span class='ocrx_word' id='word_1_753' title='bbox 615 5310 730 5367; x_wconf 89' lang='lat' dir='ltr'><strong>sine</strong></span> <span class='ocrx_word' id='word_1_754' title='bbox 775 5309 936 5365; x_wconf 90' lang='lat' dir='ltr'><strong>modo</strong></span> <span class='ocrx_word' id='word_1_755' title='bbox 978 5311 1086 5365; x_wconf 92' lang='lat' dir='ltr'><strong>ullo</strong></span> <span class='ocrx_word' id='word_1_756' title='bbox 1131 5309 1232 5363; x_wconf 91' lang='lat' dir='ltr'><strong>hac</strong></span> <span class='ocrx_word' id='word_1_757' title='bbox 1273 5305 1509 5377; x_wconf 88' lang='lat' dir='ltr'><strong>perfecta</strong></span> <span class='ocrx_word' id='word_1_758' title='bbox 1541 5306 1620 5362; x_wconf 88' lang='lat' dir='ltr'><strong>rei</strong></span> <span class='ocrx_word' id='word_1_759' title='bbox 1657 5304 1962 5375; x_wconf 86' lang='lat' dir='ltr'><strong>cognitione</strong></span> 
     </span>
    </p>
   </div>
   <div class='ocr_carea' id='block_1_97' title="bbox 382 5395 1960 5467">
    <p class='ocr_par' dir='ltr' id='par_1_97' title="bbox 382 5395 1960 5467">
     <span class='ocr_line' id='line_1_98' title="bbox 382 5395 1960 5467; baseline -0.001 -12"><span class='ocrx_word' id='word_1_760' title='bbox 382 5403 689 5467; x_wconf 83' lang='lat' dir='ltr'><strong>utebantur,</strong></span> <span class='ocrx_word' id='word_1_761' title='bbox 719 5411 773 5457; x_wconf 91' lang='lat' dir='ltr'><strong>et</strong></span> <span class='ocrx_word' id='word_1_762' title='bbox 811 5405 866 5455; x_wconf 84' lang='lat' dir='ltr'><strong>in</strong></span> <span class='ocrx_word' id='word_1_763' title='bbox 907 5415 1061 5456; x_wconf 87' lang='lat' dir='ltr'><strong>suum</strong></span> <span class='ocrx_word' id='word_1_764' title='bbox 1102 5409 1156 5455; x_wconf 90' lang='lat' dir='ltr'><strong>et</strong></span> <span class='ocrx_word' id='word_1_765' title='bbox 1195 5400 1248 5454; x_wconf 92' lang='lat' dir='ltr'><strong>in</strong></span> <span class='ocrx_word' id='word_1_766' title='bbox 1294 5399 1520 5454; x_wconf 84' lang='lat' dir='ltr'><strong>aliorum</strong></span> <span class='ocrx_word' id='word_1_767' title='bbox 1559 5395 1960 5453; x_wconf 90' lang='lat' dir='ltr'><strong>detrimentum.</strong></span> 
     </span>
    </p>
   </div>
   <div class='ocr_carea' id='block_1_98' title="bbox 380 5487 1959 5565">
    <p class='ocr_par' dir='ltr' id='par_1_98' title="bbox 380 5487 1959 5565">
     <span class='ocr_line' id='line_1_99' title="bbox 380 5487 1959 5565; baseline -0.006 -14"><span class='ocrx_word' id='word_1_768' title='bbox 380 5495 513 5551; x_wconf 69' lang='lat' dir='ltr'><strong>Nam</strong></span> <span class='ocrx_word' id='word_1_769' title='bbox 553 5493 621 5551; x_wconf 91' lang='lat' dir='ltr'><strong>ad</strong></span> <span class='ocrx_word' id='word_1_770' title='bbox 658 5492 800 5550; x_wconf 84' lang='lat' dir='ltr'><strong>idola</strong></span> <span class='ocrx_word' id='word_1_771' title='bbox 835 5491 1291 5565; x_wconf 86' lang='lat' dir='ltr'><strong>ingrediebantur,</strong></span> <span class='ocrx_word' id='word_1_772' title='bbox 1339 5500 1394 5546; x_wconf 89' lang='lat' dir='ltr'><strong>et</strong></span> <span class='ocrx_word' id='word_1_773' title='bbox 1429 5504 1733 5546; x_wconf 88' lang='lat' dir='ltr'><strong>mensarum</strong></span> <span class='ocrx_word' id='word_1_774' title='bbox 1764 5487 1959 5545; x_wconf 90' lang='lat' dir='ltr'><strong>ibidem</strong></span> 
     </span>
    </p>
   </div>
   <div class='ocr_carea' id='block_1_99' title="bbox 384 5582 1959 5660">
    <p class='ocr_par' dir='ltr' id='par_1_99' title="bbox 384 5582 1959 5660">
     <span class='ocr_line' id='line_1_100' title="bbox 384 5582 1959 5660; baseline -0.004 -17"><span class='ocrx_word' id='word_1_775' title='bbox 384 5591 669 5660; x_wconf 84' lang='lat' dir='ltr'><strong>participes</strong></span> <span class='ocrx_word' id='word_1_776' title='bbox 693 5596 884 5654; x_wconf 89' lang='lat' dir='ltr'><strong>erant,</strong></span> <span class='ocrx_word' id='word_1_777' title='bbox 919 5585 1148 5658; x_wconf 90' lang='lat' dir='ltr'><strong>hincque</strong></span> <span class='ocrx_word' id='word_1_778' title='bbox 1178 5600 1422 5656; x_wconf 87' lang='lat' dir='ltr'><strong>magnam</strong></span> <span class='ocrx_word' id='word_1_779' title='bbox 1452 5583 1748 5640; x_wconf 81' lang='lat' dir='ltr'><strong>inferebant</strong></span> <span class='ocrx_word' id='word_1_780' title='bbox 1775 5582 1959 5655; x_wconf 83' lang='lat' dir='ltr'><strong>perni-</strong></span> 
     </span>
    </p>
   </div>
   <div class='ocr_carea' id='block_1_100' title="bbox 383 5677 1962 5754">
    <p class='ocr_par' dir='ltr' id='par_1_100' title="bbox 383 5677 1962 5754">
     <span class='ocr_line' id='line_1_101' title="bbox 383 5677 1962 5754; baseline -0.004 -18"><span class='ocrx_word' id='word_1_781' title='bbox 383 5682 541 5738; x_wconf 84' lang='lat' dir='ltr'><strong>ciem.</strong></span> <span class='ocrx_word' id='word_1_782' title='bbox 579 5682 708 5738; x_wconf 72' lang='lat' dir='ltr'><strong>Nam</strong></span> <span class='ocrx_word' id='word_1_783' title='bbox 750 5682 840 5754; x_wconf 89' lang='lat' dir='ltr'><strong>qui</strong></span> <span class='ocrx_word' id='word_1_784' title='bbox 867 5680 1040 5737; x_wconf 86' lang='lat' dir='ltr'><strong>adhuc</strong></span> <span class='ocrx_word' id='word_1_785' title='bbox 1070 5679 1207 5736; x_wconf 90' lang='lat' dir='ltr'><strong>idola</strong></span> <span class='ocrx_word' id='word_1_786' title='bbox 1251 5677 1542 5742; x_wconf 87' lang='lat' dir='ltr'><strong>timebant,</strong></span> <span class='ocrx_word' id='word_1_787' title='bbox 1583 5691 1680 5733; x_wconf 87' lang='lat' dir='ltr'><strong>nec</strong></span> <span class='ocrx_word' id='word_1_788' title='bbox 1723 5688 1962 5734; x_wconf 86' lang='lat' dir='ltr'><strong>contem-</strong></span> 
     </span>
    </p>
   </div>
   <div class='ocr_carea' id='block_1_101' title="bbox 2067 4201 3648 4278">
    <p class='ocr_par' dir='ltr' id='par_1_101' title="bbox 2067 4201 3648 4278">
     <span class='ocr_line' id='line_1_102' title="bbox 2067 4201 3648 4278; baseline 0.005 -22"><span class='ocrx_word' id='word_1_789' title='bbox 2067 4201 2240 4256; x_wconf 88' lang='lat' dir='ltr'><strong>nenda</strong></span> <span class='ocrx_word' id='word_1_790' title='bbox 2269 4201 2355 4256; x_wconf 91' lang='lat' dir='ltr'><strong>illa</strong></span> <span class='ocrx_word' id='word_1_791' title='bbox 2388 4215 2507 4257; x_wconf 89' lang='lat' dir='ltr'><strong>esse</strong></span> <span class='ocrx_word' id='word_1_792' title='bbox 2535 4201 2863 4268; x_wconf 89' lang='lat' dir='ltr'><strong>didicerant,</strong></span> <span class='ocrx_word' id='word_1_793' title='bbox 2891 4220 3164 4261; x_wconf 78' lang='lat' dir='ltr'><strong>ccenarum</strong></span> <span class='ocrx_word' id='word_1_794' title='bbox 3193 4208 3496 4278; x_wconf 86' lang='lat' dir='ltr'><strong>hujusmodi</strong></span> <span class='ocrx_word' id='word_1_795' title='bbox 3529 4223 3648 4276; x_wconf 60' lang='lat' dir='ltr'><strong>paro</strong></span> 
     </span>
    </p>
   </div>
   <div class='ocr_carea' id='block_1_102' title="bbox 2069 4292 3651 4369">
    <p class='ocr_par' dir='ltr' id='par_1_102' title="bbox 2069 4292 3651 4369">
     <span class='ocr_line' id='line_1_103' title="bbox 2069 4292 3651 4369; baseline 0.004 -23"><span class='ocrx_word' id='word_1_796' title='bbox 2069 4292 2256 4363; x_wconf 89' lang='lat' dir='ltr'><strong>tieipes</strong></span> <span class='ocrx_word' id='word_1_797' title='bbox 2282 4301 2433 4347; x_wconf 88' lang='lat' dir='ltr'><strong>erant</strong></span> <span class='ocrx_word' id='word_1_798' title='bbox 2453 4333 2468 4358; x_wconf 93' lang='lat'><strong>,</strong></span> <span class='ocrx_word' id='word_1_799' title='bbox 2500 4307 2620 4348; x_wconf 90' lang='lat' dir='ltr'><strong>cum</strong></span> <span class='ocrx_word' id='word_1_800' title='bbox 2667 4293 3016 4364; x_wconf 87' lang='lat' dir='ltr'><strong>perfectiores</strong></span> <span class='ocrx_word' id='word_1_801' title='bbox 3045 4297 3289 4354; x_wconf 87' lang='lat' dir='ltr'><strong>viderent</strong></span> <span class='ocrx_word' id='word_1_802' title='bbox 3317 4299 3545 4369; x_wconf 91' lang='lat' dir='ltr'><strong>idipsum</strong></span> <span class='ocrx_word' id='word_1_803' title='bbox 3577 4300 3651 4353; x_wconf 84' lang='lat' dir='ltr'><strong>fa-</strong></span> 
     </span>
    </p>
   </div>
   <div class='ocr_carea' id='block_1_103' title="bbox 2067 4384 3650 4461">
    <p class='ocr_par' dir='ltr' id='par_1_103' title="bbox 2067 4384 3650 4461">
     <span class='ocr_line' id='line_1_104' title="bbox 2067 4384 3650 4461; baseline 0.003 -22"><span class='ocrx_word' id='word_1_804' title='bbox 2067 4386 2304 4450; x_wconf 88' lang='lat' dir='ltr'><strong>cientes,</strong></span> <span class='ocrx_word' id='word_1_805' title='bbox 2352 4393 2408 4440; x_wconf 89' lang='lat' dir='ltr'><strong>et</strong></span> <span class='ocrx_word' id='word_1_806' title='bbox 2446 4384 2570 4440; x_wconf 89' lang='lat' dir='ltr'><strong>hinc</strong></span> <span class='ocrx_word' id='word_1_807' title='bbox 2615 4387 2850 4442; x_wconf 81' lang='lat' dir='ltr'><strong>maxime</strong></span> <span class='ocrx_word' id='word_1_808' title='bbox 2897 4388 3228 4444; x_wconf 80' lang='lat' dir='ltr'><strong>laedebantur</strong></span> <span class='ocrx_word' id='word_1_809' title='bbox 3260 4389 3475 4461; x_wconf 91' lang='lat' dir='ltr'><strong>(neque</strong></span> <span class='ocrx_word' id='word_1_810' title='bbox 3508 4391 3650 4447; x_wconf 91' lang='lat' dir='ltr'><strong>enim</strong></span> 
     </span>
    </p>
   </div>
   <div class='ocr_carea' id='block_1_104' title="bbox 2067 4477 3653 4552">
    <p class='ocr_par' dir='ltr' id='par_1_104' title="bbox 2067 4477 3653 4552">
     <span class='ocr_line' id='line_1_105' title="bbox 2067 4477 3653 4552; baseline 0.003 -19"><span class='ocrx_word' id='word_1_811' title='bbox 2067 4477 2254 4533; x_wconf 90' lang='lat' dir='ltr'><strong>eadem</strong></span> <span class='ocrx_word' id='word_1_812' title='bbox 2284 4492 2386 4548; x_wconf 91' lang='lat' dir='ltr'><strong>qua</strong></span> <span class='ocrx_word' id='word_1_813' title='bbox 2419 4478 2498 4532; x_wconf 90' lang='lat' dir='ltr'><strong>illi</strong></span> <span class='ocrx_word' id='word_1_814' title='bbox 2529 4486 2708 4534; x_wconf 91' lang='lat' dir='ltr'><strong>mente</strong></span> <span class='ocrx_word' id='word_1_815' title='bbox 2741 4481 2981 4550; x_wconf 86' lang='lat' dir='ltr'><strong>apposita</strong></span> <span class='ocrx_word' id='word_1_816' title='bbox 3003 4522 3018 4547; x_wconf 95' lang='lat'><strong>,</strong></span> <span class='ocrx_word' id='word_1_817' title='bbox 3051 4481 3144 4537; x_wconf 91' lang='lat' dir='ltr'><strong>sed</strong></span> <span class='ocrx_word' id='word_1_818' title='bbox 3173 4483 3326 4552; x_wconf 86' lang='lat' dir='ltr'><strong>quasi</strong></span> <span class='ocrx_word' id='word_1_819' title='bbox 3369 4482 3526 4536; x_wconf 90' lang='lat' dir='ltr'><strong>idolis</strong></span> <span class='ocrx_word' id='word_1_820' title='bbox 3555 4483 3653 4536; x_wconf 84' lang='lat' dir='ltr'><strong>im-</strong></span> 
     </span>
    </p>
   </div>
   <div class='ocr_carea' id='block_1_105' title="bbox 2069 4568 3645 4643">
    <p class='ocr_par' dir='ltr' id='par_1_105' title="bbox 2069 4568 3645 4643">
     <span class='ocr_line' id='line_1_106' title="bbox 2069 4568 3645 4643; baseline 0.003 -21"><span class='ocrx_word' id='word_1_821' title='bbox 2069 4569 2264 4622; x_wconf 89' lang='lat' dir='ltr'><strong>molata</strong></span> <span class='ocrx_word' id='word_1_822' title='bbox 2290 4568 2590 4624; x_wconf 88' lang='lat' dir='ltr'><strong>babebant:</strong></span> <span class='ocrx_word' id='word_1_823' title='bbox 2622 4580 2676 4624; x_wconf 90' lang='lat' dir='ltr'><strong>et</strong></span> <span class='ocrx_word' id='word_1_824' title='bbox 2696 4586 2759 4626; x_wconf 87' lang='lat' dir='ltr'><strong>ea</strong></span> <span class='ocrx_word' id='word_1_825' title='bbox 2781 4587 2868 4625; x_wconf 91' lang='lat' dir='ltr'><strong>res</strong></span> <span class='ocrx_word' id='word_1_826' title='bbox 2891 4573 2970 4626; x_wconf 88' lang='lat' dir='ltr'><strong>via</strong></span> <span class='ocrx_word' id='word_1_827' title='bbox 2994 4572 3195 4628; x_wconf 88' lang='lat' dir='ltr'><strong>eratad</strong></span> <span class='ocrx_word' id='word_1_828' title='bbox 3224 4573 3645 4643; x_wconf 86' lang='lat' dir='ltr'><strong>idololatriam):</strong></span> 
     </span>
    </p>
   </div>
   <div class='ocr_carea' id='block_1_106' title="bbox 2067 4661 3652 4732">
    <p class='ocr_par' dir='ltr' id='par_1_106' title="bbox 2067 4661 3652 4732">
     <span class='ocr_line' id='line_1_107' title="bbox 2067 4661 3652 4732; baseline 0 -16"><span class='ocrx_word' id='word_1_829' title='bbox 2067 4669 2123 4716; x_wconf 90' lang='lat' dir='ltr'><strong>et</strong></span> <span class='ocrx_word' id='word_1_830' title='bbox 2151 4661 2225 4714; x_wconf 90' lang='lat' dir='ltr'><strong>illi</strong></span> <span class='ocrx_word' id='word_1_831' title='bbox 2251 4676 2462 4731; x_wconf 88' lang='lat' dir='ltr'><strong>quoque</strong></span> <span class='ocrx_word' id='word_1_832' title='bbox 2492 4661 2581 4731; x_wconf 93' lang='lat' dir='ltr'><strong>qui</strong></span> <span class='ocrx_word' id='word_1_833' title='bbox 2612 4661 2960 4732; x_wconf 85' lang='lat' dir='ltr'><strong>perfectiores</strong></span> <span class='ocrx_word' id='word_1_834' title='bbox 2989 4673 3164 4731; x_wconf 89' lang='lat' dir='ltr'><strong>erant,</strong></span> <span class='ocrx_word' id='word_1_835' title='bbox 3193 4680 3298 4719; x_wconf 91' lang='lat' dir='ltr'><strong>non</strong></span> <span class='ocrx_word' id='word_1_836' title='bbox 3325 4664 3425 4719; x_wconf 90' lang='lat' dir='ltr'><strong>levi</strong></span> <span class='ocrx_word' id='word_1_837' title='bbox 3451 4665 3652 4719; x_wconf 88' lang='lat' dir='ltr'><strong>damno</strong></span> 
     </span>
    </p>
   </div>
   <div class='ocr_carea' id='block_1_107' title="bbox 2067 4751 3655 4821">
    <p class='ocr_par' dir='ltr' id='par_1_107' title="bbox 2067 4751 3655 4821">
     <span class='ocr_line' id='line_1_108' title="bbox 2067 4751 3655 4821; baseline 0.002 -14"><span class='ocrx_word' id='word_1_838' title='bbox 2067 4751 2460 4821; x_wconf 85' lang='lat' dir='ltr'><strong>alliciebautur,</strong></span> <span class='ocrx_word' id='word_1_839' title='bbox 2490 4753 2618 4809; x_wconf 91' lang='lat' dir='ltr'><strong>dum</strong></span> <span class='ocrx_word' id='word_1_840' title='bbox 2649 4754 2850 4811; x_wconf 90' lang='lat' dir='ltr'><strong>mensis</strong></span> <span class='ocrx_word' id='word_1_841' title='bbox 2877 4755 3186 4812; x_wconf 61' lang='lat' dir='ltr'><strong>daemonicis</strong></span> <span class='ocrx_word' id='word_1_842' title='bbox 3225 4758 3549 4812; x_wconf 89' lang='lat' dir='ltr'><strong>fruerentur.</strong></span> <span class='ocrx_word' id='word_1_843' title='bbox 3587 4757 3655 4811; x_wconf 83' lang='lat' dir='ltr'><strong>Et</strong></span> 
     </span>
    </p>
   </div>
   <div class='ocr_carea' id='block_1_108' title="bbox 2071 4846 3653 4918">
    <p class='ocr_par' dir='ltr' id='par_1_108' title="bbox 2071 4846 3653 4918">
     <span class='ocr_line' id='line_1_109' title="bbox 2071 4846 3653 4918; baseline 0.001 -17"><span class='ocrx_word' id='word_1_844' title='bbox 2071 4846 2172 4902; x_wconf 93' lang='lat' dir='ltr'><strong>hoc</strong></span> <span class='ocrx_word' id='word_1_845' title='bbox 2199 4847 2418 4918; x_wconf 89' lang='lat' dir='ltr'><strong>quidem</strong></span> <span class='ocrx_word' id='word_1_846' title='bbox 2457 4847 2659 4903; x_wconf 86' lang='lat' dir='ltr'><strong>crimen</strong></span> <span class='ocrx_word' id='word_1_847' title='bbox 2687 4857 2821 4905; x_wconf 88' lang='lat' dir='ltr'><strong>erat.</strong></span> <span class='ocrx_word' id='word_1_848' title='bbox 2855 4849 3050 4905; x_wconf 88' lang='lat' dir='ltr'><strong>Beatus</strong></span> <span class='ocrx_word' id='word_1_849' title='bbox 3079 4860 3257 4904; x_wconf 88' lang='lat' dir='ltr'><strong>autem</strong></span> <span class='ocrx_word' id='word_1_850' title='bbox 3285 4849 3388 4914; x_wconf 88' lang='lat' dir='ltr'><strong>vir,</strong></span> <span class='ocrx_word' id='word_1_851' title='bbox 3422 4860 3478 4904; x_wconf 88' lang='lat' dir='ltr'><strong>ut</strong></span> <span class='ocrx_word' id='word_1_852' title='bbox 3521 4847 3653 4903; x_wconf 90' lang='lat' dir='ltr'><strong>illud</strong></span> 
     </span>
    </p>
   </div>
   <div class='ocr_carea' id='block_1_109' title="bbox 2068 4941 3650 5007">
    <p class='ocr_par' dir='ltr' id='par_1_109' title="bbox 2068 4941 3650 5007">
     <span class='ocr_line' id='line_1_110' title="bbox 2068 4941 3650 5007; baseline -0.003 -10"><span class='ocrx_word' id='word_1_853' title='bbox 2068 4941 2410 5007; x_wconf 88' lang='lat' dir='ltr'><strong>emendaret,</strong></span> <span class='ocrx_word' id='word_1_854' title='bbox 2442 4956 2549 4996; x_wconf 91' lang='lat' dir='ltr'><strong>non</strong></span> <span class='ocrx_word' id='word_1_855' title='bbox 2592 4942 2773 4996; x_wconf 90' lang='lat' dir='ltr'><strong>statim</strong></span> <span class='ocrx_word' id='word_1_856' title='bbox 2804 4942 3109 4999; x_wconf 87' lang='lat' dir='ltr'><strong>vehementi</strong></span> <span class='ocrx_word' id='word_1_857' title='bbox 3154 4941 3322 4996; x_wconf 91' lang='lat' dir='ltr'><strong>utitur</strong></span> <span class='ocrx_word' id='word_1_858' title='bbox 3363 4941 3608 4996; x_wconf 85' lang='lat' dir='ltr'><strong>oratione</strong></span> <span class='ocrx_word' id='word_1_859' title='bbox 3638 4958 3650 4993; x_wconf 92' lang='lat'>:</span> 
     </span>
    </p>
   </div>
   <div class='ocr_carea' id='block_1_110' title="bbox 2069 5028 3653 5104">
    <p class='ocr_par' dir='ltr' id='par_1_110' title="bbox 2069 5028 3653 5104">
     <span class='ocr_line' id='line_1_111' title="bbox 2069 5028 3653 5104; baseline -0.001 -18"><span class='ocrx_word' id='word_1_860' title='bbox 2069 5048 2190 5087; x_wconf 88' lang='lat' dir='ltr'><strong>nam</strong></span> <span class='ocrx_word' id='word_1_861' title='bbox 2222 5048 2287 5086; x_wconf 82' lang='lat' dir='ltr'><strong>ex</strong></span> <span class='ocrx_word' id='word_1_862' title='bbox 2330 5031 2634 5102; x_wconf 90' lang='lat' dir='ltr'><strong>insipientia</strong></span> <span class='ocrx_word' id='word_1_863' title='bbox 2665 5034 2833 5104; x_wconf 89' lang='lat' dir='ltr'><strong>magis</strong></span> <span class='ocrx_word' id='word_1_864' title='bbox 2853 5076 2867 5097; x_wconf 93' lang='lat'><strong>,</strong></span> <span class='ocrx_word' id='word_1_865' title='bbox 2899 5049 3056 5104; x_wconf 87' lang='lat' dir='ltr'><strong>quam</strong></span> <span class='ocrx_word' id='word_1_866' title='bbox 3087 5048 3153 5089; x_wconf 79' lang='lat' dir='ltr'><strong>ex</strong></span> <span class='ocrx_word' id='word_1_867' title='bbox 3184 5031 3385 5087; x_wconf 89' lang='lat' dir='ltr'><strong>malitia</strong></span> <span class='ocrx_word' id='word_1_868' title='bbox 3423 5032 3476 5085; x_wconf 90' lang='lat' dir='ltr'><strong>id</strong></span> <span class='ocrx_word' id='word_1_869' title='bbox 3505 5028 3653 5085; x_wconf 85' lang='lat' dir='ltr'><strong>desi-</strong></span> 
     </span>
    </p>
   </div>
   <div class='ocr_carea' id='block_1_111' title="bbox 2064 5122 3650 5193">
    <p class='ocr_par' dir='ltr' id='par_1_111' title="bbox 2064 5122 3650 5193">
     <span class='ocr_line' id='line_1_112' title="bbox 2064 5122 3650 5193; baseline -0.002 -17"><span class='ocrx_word' id='word_1_870' title='bbox 2064 5122 2346 5193; x_wconf 88' lang='lat' dir='ltr'><strong>gnabatur.</strong></span> <span class='ocrx_word' id='word_1_871' title='bbox 2376 5123 2553 5191; x_wconf 86' lang='lat' dir='ltr'><strong>Quare</strong></span> <span class='ocrx_word' id='word_1_872' title='bbox 2583 5123 2734 5176; x_wconf 91' lang='lat' dir='ltr'><strong>initio</strong></span> <span class='ocrx_word' id='word_1_873' title='bbox 2759 5122 3134 5178; x_wconf 86' lang='lat' dir='ltr'><strong>adhortatione</strong></span> <span class='ocrx_word' id='word_1_874' title='bbox 3155 5122 3325 5192; x_wconf 89' lang='lat' dir='ltr'><strong>magis</strong></span> <span class='ocrx_word' id='word_1_875' title='bbox 3351 5130 3487 5191; x_wconf 87' lang='lat' dir='ltr'><strong>opus</strong></span> <span class='ocrx_word' id='word_1_876' title='bbox 3511 5129 3650 5184; x_wconf 88' lang='lat' dir='ltr'><strong>erat,</strong></span> 
     </span>
    </p>
   </div>
   <div class='ocr_carea' id='block_1_112' title="bbox 2065 5214 3654 5287">
    <p class='ocr_par' dir='ltr' id='par_1_112' title="bbox 2065 5214 3654 5287">
     <span class='ocr_line' id='line_1_113' title="bbox 2065 5214 3654 5287; baseline -0.002 -17"><span class='ocrx_word' id='word_1_877' title='bbox 2065 5231 2224 5286; x_wconf 89' lang='lat' dir='ltr'><strong>quam</strong></span> <span class='ocrx_word' id='word_1_878' title='bbox 2269 5216 2572 5272; x_wconf 90' lang='lat' dir='ltr'><strong>vehementi</strong></span> <span class='ocrx_word' id='word_1_879' title='bbox 2615 5215 2975 5284; x_wconf 84' lang='lat' dir='ltr'><strong>increpatione</strong></span> <span class='ocrx_word' id='word_1_880' title='bbox 3016 5226 3070 5272; x_wconf 92' lang='lat' dir='ltr'><strong>et</strong></span> <span class='ocrx_word' id='word_1_881' title='bbox 3095 5216 3478 5287; x_wconf 87' lang='lat' dir='ltr'><strong>indignatione.</strong></span> <span class='ocrx_word' id='word_1_882' title='bbox 3522 5214 3654 5268; x_wconf 82' lang='lat' dir='ltr'><strong>Ani-</strong></span> 
     </span>
    </p>
   </div>
   <div class='ocr_carea' id='block_1_113' title="bbox 2071 5307 3654 5378">
    <p class='ocr_par' dir='ltr' id='par_1_113' title="bbox 2071 5307 3654 5378">
     <span class='ocr_line' id='line_1_114' title="bbox 2071 5307 3654 5378; baseline -0.001 -16"><span class='ocrx_word' id='word_1_883' title='bbox 2071 5307 2340 5363; x_wconf 88' lang='lat' dir='ltr'><strong>madvertc</strong></span> <span class='ocrx_word' id='word_1_884' title='bbox 2369 5309 2526 5378; x_wconf 88' lang='lat' dir='ltr'><strong>igitur</strong></span> <span class='ocrx_word' id='word_1_885' title='bbox 2563 5307 2678 5376; x_wconf 88' lang='lat' dir='ltr'><strong>ejus</strong></span> <span class='ocrx_word' id='word_1_886' title='bbox 2735 5309 3104 5378; x_wconf 90' lang='lat' dir='ltr'><strong>prudentiam,</strong></span> <span class='ocrx_word' id='word_1_887' title='bbox 3149 5307 3420 5378; x_wconf 90' lang='lat' dir='ltr'><strong>quomodo</strong></span> <span class='ocrx_word' id='word_1_888' title='bbox 3471 5307 3654 5361; x_wconf 87' lang='lat' dir='ltr'><strong>statim</strong></span> 
     </span>
    </p>
   </div>
   <div class='ocr_carea' id='block_1_114' title="bbox 2065 5397 3656 5468">
    <p class='ocr_par' dir='ltr' id='par_1_114' title="bbox 2065 5397 3656 5468">
     <span class='ocr_line' id='line_1_115' title="bbox 2065 5397 3656 5468; baseline -0.003 -15"><span class='ocrx_word' id='word_1_889' title='bbox 2065 5399 2486 5454; x_wconf 91' lang='lat' dir='ltr'><strong>admonitionem</strong></span> <span class='ocrx_word' id='word_1_890' title='bbox 2516 5397 2733 5468; x_wconf 87' lang='lat' dir='ltr'><strong>incipiat</strong></span> <span class='ocrx_word' id='word_1_891' title='bbox 2757 5417 2770 5454; x_wconf 90' lang='lat'><strong>:</strong></span> <span class='ocrx_word' id='word_1_892' title='bbox 2805 5399 2880 5454; x_wconf 89' lang='lat' dir='ltr'><strong>De</strong></span> <span class='ocrx_word' id='word_1_893' title='bbox 2906 5401 2966 5454; x_wconf 90' lang='lat' dir='ltr'><strong>iis</strong></span> <span class='ocrx_word' id='word_1_894' title='bbox 2995 5409 3199 5466; x_wconf 86' lang='lat' dir='ltr'><strong>autem,</strong></span> <span class='ocrx_word' id='word_1_895' title='bbox 3229 5415 3345 5467; x_wconf 76' lang='lat' dir='ltr'><strong>qua:</strong></span> <span class='ocrx_word' id='word_1_896' title='bbox 3373 5398 3526 5452; x_wconf 88' lang='lat' dir='ltr'><strong>idolis</strong></span> <span class='ocrx_word' id='word_1_897' title='bbox 3555 5397 3656 5450; x_wconf 86' lang='lat' dir='ltr'><strong>im-</strong></span> 
     </span>
    </p>
   </div>
   <div class='ocr_carea' id='block_1_115' title="bbox 2067 5478 3658 5562">
    <p class='ocr_par' dir='ltr' id='par_1_115' title="bbox 2067 5478 3658 5562">
     <span class='ocr_line' id='line_1_116' title="bbox 2067 5478 3658 5562; baseline -0.001 -19"><span class='ocrx_word' id='word_1_898' title='bbox 2067 5489 2342 5555; x_wconf 87' lang='lat' dir='ltr'><strong>molantur,</strong></span> <span class='ocrx_word' id='word_1_899' title='bbox 2368 5491 2553 5545; x_wconf 87' lang='lat' dir='ltr'><strong>scimus</strong></span> <span class='ocrx_word' id='word_1_900' title='bbox 2575 5478 2713 5562; x_wconf 69' lang='lat' dir='ltr'><strong>quod</strong></span> <span class='ocrx_word' id='word_1_901' title='bbox 2738 5508 2908 5547; x_wconf 88' lang='lat' dir='ltr'><strong>omnes</strong></span> <span class='ocrx_word' id='word_1_902' title='bbox 2931 5492 3194 5546; x_wconf 87' lang='lat' dir='ltr'><strong>scientiam</strong></span> <span class='ocrx_word' id='word_1_903' title='bbox 3215 5489 3476 5544; x_wconf 81' lang='lat' dir='ltr'><strong>habemus.</strong></span> <span class='ocrx_word' id='word_1_904' title='bbox 3507 5487 3658 5541; x_wconf 81' lang='lat' dir='ltr'><strong>Infir-</strong></span> 
     </span>
    </p>
   </div>
   <div class='ocr_carea' id='block_1_116' title="bbox 2067 5580 3659 5656">
    <p class='ocr_par' dir='ltr' id='par_1_116' title="bbox 2067 5580 3659 5656">
     <span class='ocr_line' id='line_1_117' title="bbox 2067 5580 3659 5656; baseline -0.003 -18"><span class='ocrx_word' id='word_1_905' title='bbox 2067 5582 2326 5638; x_wconf 89' lang='lat' dir='ltr'><strong>tnioribus</strong></span> <span class='ocrx_word' id='word_1_906' title='bbox 2376 5583 2615 5651; x_wconf 89' lang='lat' dir='ltr'><strong>relictis,</strong></span> <span class='ocrx_word' id='word_1_907' title='bbox 2671 5585 2812 5655; x_wconf 91' lang='lat' dir='ltr'><strong>quod</strong></span> <span class='ocrx_word' id='word_1_908' title='bbox 2859 5600 3075 5656; x_wconf 89' lang='lat' dir='ltr'><strong>semper</strong></span> <span class='ocrx_word' id='word_1_909' title='bbox 3124 5583 3282 5651; x_wconf 86' lang='lat' dir='ltr'><strong>facit,</strong></span> <span class='ocrx_word' id='word_1_910' title='bbox 3331 5580 3659 5638; x_wconf 86' lang='lat' dir='ltr'><strong>valentiores</strong></span> 
     </span>
    </p>
   </div>
   <div class='ocr_carea' id='block_1_117' title="bbox 2066 5672 3658 5746">
    <p class='ocr_par' dir='ltr' id='par_1_117' title="bbox 2066 5672 3658 5746">
     <span class='ocr_line' id='line_1_118' title="bbox 2066 5672 3658 5746; baseline -0.001 -17"><span class='ocrx_word' id='word_1_911' title='bbox 2066 5675 2296 5746; x_wconf 86' lang='lat' dir='ltr'><strong>primum</strong></span> <span class='ocrx_word' id='word_1_912' title='bbox 2332 5675 2654 5746; x_wconf 81' lang='lat' dir='ltr'><strong>aggreditur.</strong></span> <span class='ocrx_word' id='word_1_913' title='bbox 2703 5676 2814 5732; x_wconf 84' lang='lat' dir='ltr'><strong>lloc</strong></span> <span class='ocrx_word' id='word_1_914' title='bbox 2856 5678 2998 5733; x_wconf 89' lang='lat' dir='ltr'><strong>cnim</strong></span> <span class='ocrx_word' id='word_1_915' title='bbox 3031 5676 3193 5733; x_wconf 87' lang='lat' dir='ltr'><strong>etiam</strong></span> <span class='ocrx_word' id='word_1_916' title='bbox 3242 5676 3294 5731; x_wconf 88' lang='lat' dir='ltr'><strong>in</strong></span> <span class='ocrx_word' id='word_1_917' title='bbox 3335 5673 3558 5745; x_wconf 75' lang='lat' dir='ltr'><strong>epistola</strong></span> <span class='ocrx_word' id='word_1_918' title='bbox 3591 5672 3658 5728; x_wconf 89' lang='lat' dir='ltr'><strong>ad</strong></span> 
     </span>
    </p>
   </div>
  </div>
