3986 6202
389 355 514 412 καθ’
556 349 719 407 ἑαυτὸ
742 350 804 403 τὸ
853 346 1085 418 πρᾶγμα
1129 341 1395 409 ἐξετάζει,
1427 342 1564 411 ὅπερ
1608 339 1704 391 zeal
1735 336 1830 392 ἐπὶ
1864 334 1967 404 τῆς

391 448 582 517 σοφίας
602 443 700 514 τῆς
728 440 922 507 ἔξωθεν
946 440 1002 492 ἐν
1026 438 1139 499 τοῖς
1169 432 1477 505 ἔμπροσθεν
1500 431 1747 500 ἐποίησε,
1772 426 1964 483 καθαι-

390 540 501 610 ρῶν
529 534 697 603 αὐτὴν
726 531 845 603 μεθ’
875 527 1202 601 ὑπερϐολῆς.
1250 524 1392 577 Ἀλλ’
1426 525 1543 577 ἐκεῖ
1575 522 1676 593 μὲν
1696 518 1858 573 τοῦτο
1884 518 1966 610 εί-

387 605 562 690 κότως
588 624 792 679 ἐποίει·
828 622 950 676 ὅλον
975 618 1085 691 7&9
1129 617 1306 672 διόλου
1347 613 1680 686 κατηγορίας
1714 610 1865 677 ἀξιον
1898 605 1969 681 ἦν

386 720 481 774 zeal
527 716 697 786 πολλὴ
744 717 778 785 ή
830 711 1085 767 εὐκολία·
1136 710 1327 779 διόπερ
1371 706 1490 760 οὐδὲ
1542 702 1792 773 περιττὸν
1835 699 1970 756 αὐτὸ

384 810 622 863 δείκνυσι
673 807 835 877 μόνον
858 844 874 871 ,
915 801 1052 857 ἀλλά
1091 800 1190 854 zeal
1229 797 1475 853 ἐναντίον
1512 795 1590 867 τῷ
1622 793 1965 865 κηρύγματι.

397 892 743 959 Ἐνταῦθαδὲ
766 901 866 954 οὐκ
892 898 1020 968 ἐνῆν
1058 895 1215 950 τοῦτο
1245 894 1465 975 ποιῆσαι
1487 909 1500 922 υ
1536 887 1739 975 γνῶσις
1767 886 1876 957 7&9
1897 880 1966 957 ἦν

380 992 443 1046 τὸ
479 992 819 1062 τελούμενον,
856 989 952 1043 zeal
989 987 1194 1056 γνῶσις
1240 972 1442 1038 τελεία.
1479 978 1620 1034 Οῦτε
1665 972 1759 1031 06v
1792 976 1966 1049 αὐτὴν

382 1084 704 1138 καταϐαλεῖν
752 1081 991 1151 ἀσφαλὲς
1029 1075 1119 1151 ἦν,
1168 1078 1263 1131 zeal
1291 1076 1383 1129 τὸν
1428 1071 1598 1142 τῦφον
1641 1070 1818 1133 άλλως
1862 1068 1964 1120 οὐκ

380 1175 510 1246 ἐνῆν
551 1174 802 1227 ἐκϐαλεῖν
838 1173 928 1225 τὸν
957 1172 1050 1224 ἐπὶ
1082 1168 1274 1240 ταύτῃ.
1306 1167 1373 1219 Τί
1400 1160 1494 1219 06v
1528 1164 1707 1227 ποιεῖς
1735 1159 1961 1233 Πρῶτον

377 1266 458 1338 τῷ
508 1265 681 1331 δεῖξαι
728 1264 916 1336 κοινὴν
948 1262 1124 1334 αὐτὴν
1156 1258 1343 1323 οὖσαν,
1383 1254 1737 1313 καταστέλλει
1768 1254 1829 1308 τὸ
1855 1252 1960 1324 φύ-

380 1375 533 1429 σημα
557 1358 620 1412 τὸ
645 1356 890 1411 ἐκείνων.
921 1356 982 1410 Οί
1004 1353 1113 1425 7&9
1146 1352 1361 1423 ἔχοντές
1391 1367 1445 1403 τι
1478 1349 1623 1422 μέγα
1652 1349 1749 1402 zeal
1771 1347 1957 1412 καλὸν,

375 1453 506 1507 ὅταν
544 1450 697 1521 μόνοι
736 1449 924 1520 ἔχωσι,
972 1446 1174 1518 μᾶλλον
1218 1444 1539 1516 ἐπαίρονται
1564 1459 1577 1472 ο
1615 1440 1683 1497 ἂν
1721 1441 1778 1496 δὲ
1822 1440 1959 1513 μεςά

379 1547 556 1603 ἀλλων
580 1543 821 1614 φανῶσιν
837 1541 969 1594 αὐτὸ
995 1537 1345 1610 κεκτημένοι,
1378 1535 1562 1589 οὐκέτι
1582 1534 1784 1605 ὁμοίως
1804 1533 1961 1586 τοῦτο

378 1639 670 1708 πάσχουσι.
720 1632 943 1704 Πρῶτον
974 1630 1075 1702 μὲν
1116 1624 1210 1683 οὖν
1255 1627 1390 1681 αὐτὸ
1425 1627 1739 1693 κοινοποιετ,
1769 1623 1958 1695 ἐπειδὴ

377 1730 574 1783 ἐκεῖνοι
600 1724 777 1780 αὐτῶν
796 1722 928 1776 αὐτὸ
942 1718 1081 1775 εἶναι
1101 1718 1349 1791 ἐνόμιζον
1370 1717 1544 1788 μόνων
1563 1734 1578 1748 ο
1596 1715 1787 1770 ἔπειτα
1808 1716 1959 1786 ποιή-

375 1836 476 1883 σας
506 1815 704 1881 κοινὸν,
737 1815 797 1868 οὐ
825 1813 1038 1885 τίθησιν
1067 1810 1261 1865 ἑαυτὸν
1289 1811 1346 1862 ἐν
1370 1811 1439 1880 τῇ
1477 1808 1735 1880 κοινωνίᾳ
1769 1806 1950 1878 μόνον,

372 1911 496 1966 {ml
523 1911 619 1966 zeal
638 1909 811 1973 οὕτως
829 1906 894 1962 ἂν
913 1905 1113 1976 μᾶλλον
1141 1904 1337 1966 αὐτοὺς
1360 1902 1586 1973 ἐπῆρεν.
1611 1900 1826 1970 Ὠσπερ
1846 1898 1955 1969 γάρ

371 2003 433 2058 τὸ
464 2004 625 2074 μόνον
661 2000 805 2071 ἐχειν
841 1996 1082 2069 ἐπαίρει,
1123 1994 1266 2050 οὕτω
1303 1993 1560 2048 κοινωνὸν
1589 1992 1687 2046 ἕνα
1722 2010 1824 2045 που
1860 1991 1955 2044 zeal

369 2095 621 2167 δεύτερον
653 2092 796 2164 ἐχειν
821 2089 927 2144 τῶν
956 2088 1356 2161 ὑπερεχόντων,
1393 2086 1495 2140 οὐκ
1536 2086 1757 2139 ἐλαττον
1795 2084 1953 2138 τοῦτο

373 2189 535 2241 ποιεῖ.
578 2184 675 2241 Διά
707 2183 867 2237 τοῦτο
908 2182 1008 2252 οὐχ
1040 2180 1233 2236 ἑαυτὸν
1268 2180 1505 2249 τίθησιν,
1538 2178 1674 2232 ἀλλὰ
1722 2178 1948 2242 πάντας.

371 2278 447 2333 ού
476 2279 585 2348 7&9
608 2271 783 2341 εἶπεν,
807 2274 891 2328 ὅτι
920 2271 1033 2328 Kal
1066 2272 1178 2340 ἐγὼ
1209 2270 1318 2341 ἐχω
1356 2269 1581 2338 γνῶσιν,
1607 2268 1743 2331 ἀλλ’,
1774 2267 1951 2323 Οἴδα-

363 2386 482 2441 μεν
518 2369 610 2424 ὅτι
634 2365 857 2432 πάντες
889 2364 1119 2437 γνῶσιν
1162 2362 1402 2433 ἔχομεν.
1443 2361 1558 2416 Ἑνὶ
1586 2360 1685 2432 μὲν
1707 2356 1801 2414 οὖν
1829 2359 1952 2413 τού-

368 2478 449 2532 τῳ
481 2458 681 2531 πρώτῳ
711 2457 1009 2511 κατέϐαλεν
1029 2455 1209 2511 αὐτῶν
1234 2455 1297 2509 τὸ
1328 2456 1604 2527 φρόνημα,
1629 2451 1868 2523 δευτέρῳ
1893 2450 1951 2505 δὲ

371 2549 763 2621 σφοδροτέρως.
790 2548 936 2620 Ποίῳ
955 2549 1019 2620 δὴ
1036 2547 1209 2618 τούτῳ
1228 2565 1242 2614 ;
1265 2547 1354 2619 Τῷ
1375 2547 1547 2614 δεῖξαι
1568 2546 1649 2600 ὅτι
1672 2545 1793 2600 οὺδέ
1818 2544 1950 2599 αὐτὸ

369 2640 430 2695 τὸ
474 2642 707 2713 πρᾶγμα
755 2639 1165 2713 ἀπηρτισμένον
1209 2639 1378 2703 ἐστὶν,
1416 2637 1552 2695 ἀλλά
1600 2637 1695 2690 zeal
1744 2635 1949 2707 σφόδρα

369 2729 586 2798 ἀτελές·
624 2732 721 2787 zeal
755 2731 817 2786 ού
846 2731 1006 2803 μόνον
1031 2731 1239 2797 ἀτελὲς,
1267 2728 1402 2785 ἀλλά
1425 2729 1518 2784 zeal
1542 2728 1826 2802 βλαϐερὸν,
1854 2728 1948 2781 ἐὰν

371 2826 447 2898 μὴ
478 2822 512 2900 ᾗ
557 2823 986 2896 συνεζευγμένον
1029 2824 1215 2896 ἕτερον
1249 2821 1418 2895 αὐτῷ.
1442 2820 1627 2877 Εἰπὼν
1661 2821 1792 2892 7&9,
1818 2821 1950 2875 Ὀτι

367 2910 591 2978 πάντες
616 2910 843 2982 γνῶσιν
864 2911 1104 2981 ἔχομεν,
1139 2912 1420 2981 ἐπήγαγεν
1445 2926 1457 2940 ’
1496 2910 1566 2966 Ἠ
1590 2909 1811 2980 γνῶσις
1835 2928 1946 2979 59v-

366 3001 511 3067 σιοῖ,
535 3004 574 3071 ἡ
606 3001 676 3056 δὲ
698 3002 899 3071 ἀγάπη
927 3001 1242 3072 οἰκοδομεῖ.
1271 3002 1434 3055 Ὥστε
1462 3003 1591 3056 ὅταν
1612 3003 1781 3073 χωρὶς
1810 3003 1948 3071 ἀγά-

369 3106 477 3160 πης
507 3086 564 3162 ᾖ,
594 3092 690 3144 zeal
718 3091 798 3155 είς
841 3091 1098 3145 ἀπόνοιαν
1130 3090 1296 3161 αἴρει.
1351 3090 1490 3144 Ἀλλ’
1513 3092 1633 3145 οὐδὲ
1662 3094 1695 3164 ή
1733 3095 1944 3165 ἀγάπη,

368 3181 523 3254 φησὶ,
563 3182 732 3252 χωρὶς
766 3180 1021 3252 γνώσεως
1056 3182 1245 3254 κέρδος
1273 3182 1387 3254 ἔχει
1412 3200 1487 3238 τι.
1534 3184 1674 3238 Ἀλλ’
1699 3184 1800 3239 οὐκ
1824 3182 1945 3241 εἷπε

367 3273 526 3328 τοῦτο
555 3289 571 3305 ο
613 3273 731 3327 ἀλλ’
766 3274 839 3339 ὠς
884 3274 1303 3346 ὡμολογημένον
1336 3276 1496 3345 ἀφεὶς
1522 3316 1536 3341 ,
1565 3275 1833 3332 δείκνυσιν
1862 3280 1944 3333 ὅτι

368 3365 576 3438 σφόδρα
620 3365 792 3420 δεῖται
836 3367 1049 3421 ἐκείνου
1096 3365 1279 3421 τοῦτο.
1321 3368 1382 3421 Ὀ
1411 3368 1642 3441 μὲνγὰρ
1692 3369 1941 3439 ἀγαπῶν,

367 3455 462 3510 ἅτε
484 3455 703 3528 ἐντολὴν
730 3455 954 3528 πληρῶν
978 3456 1075 3528 τὴν
1106 3457 1293 3511 πασῶν
1333 3460 1699 3531 κυριωτέραν,
1737 3461 1841 3514 κᾶν
1869 3462 1945 3514 ἐλ-

365 3548 620 3603 λείποντά
663 3550 785 3602 τινα
823 3548 942 3622 ἔχῃ,
977 3550 1188 3620 ταχέως
1234 3549 1385 3624 1170]
1430 3551 1799 3607 ἀπολαύσεται
1844 3556 1945 3623 τῆς

365 3639 619 3708 γνώσεως
642 3640 729 3694 διά
776 3640 877 3711 τὴν
911 3641 1151 3710 ἀγάπην,
1200 3640 1390 3714 ὥσπερ
1426 3644 1454 3695 6
1502 3645 1800 3716 Κορνήλιος
1851 3646 1943 3698 zeal

363 3732 539 3804 ἕτεροι
570 3731 755 3785 πολλοι
776 3747 791 3761 °
818 3733 847 3784 6
874 3732 932 3784 δέ
958 3731 1158 3799 γνῶσιν
1188 3732 1288 3801 μὲν
1338 3732 1498 3803 ἔχων,
1531 3733 1753 3806 ἀγάπην
1787 3735 1843 3789 δὲ
1867 3735 1943 3808 μὴ

364 3823 525 3894 ἔχων,
559 3824 622 3876 οὐ
656 3821 817 3892 μόνον
850 3821 1004 3876 οὐδὲν
1045 3824 1439 3894 προσλήψεται,
1474 3824 1611 3879 ἀλλά
1648 3826 1744 3880 zeal
1773 3826 1941 3898 αὐτῆς

364 3914 680 3966 ἐκπεσεῖται
707 3906 774 3983 ἧς
798 3911 933 3983 ἔχει,
974 3911 1232 3977 πολλάκις
1260 3916 1337 3976 εἰς
1372 3914 1631 3969 ἀπόνοιαν
1663 3915 1940 3986 ἐμπεσών.

368 4002 531 4055 ’Ὥστε
557 4002 590 4072 ἡ
618 4000 716 4073 μὲν
742 4002 944 4071 γνῶσις
976 4001 1198 4073 ἀγάπης
1219 4001 1318 4055 οὐκ
1348 4001 1463 4055 ἐστι
1495 4004 1776 4074 ποιητικὴ,
1805 4003 1945 4057 ἀλλά

363 4091 459 4146 καὶ
483 4090 791 4146 τούναντίον
808 4091 1094 4165 ἀποσχίζει
1119 4092 1210 4147 τὸν
1237 4092 1313 4164 μὴ
1338 4092 1695 4166 προσέχοντα,
1717 4096 1943 4165 φυσῶσα

363 4183 459 4237 zeal
479 4182 802 4255 ἐπαίρουσα.
833 4184 944 4238 Kal
965 4184 1074 4256 7&9
1096 4184 1326 4256 διαιρεῖν
1345 4184 1535 4240 εἴωθεν
1558 4188 1592 4258 ή
1617 4187 1906 4252 ἀλαζονεία
1922 4203 1938 4220 ο

361 4274 482 4347 ἠδὲ
520 4275 712 4346 ἀγάπη
760 4276 854 4330 zeal
903 4276 1158 4346 συνάγειν
1206 4277 1302 4330 καὶ
1345 4276 1483 4348 πρὸς
1524 4278 1725 4347 γνῶσιν
1761 4280 1936 4347 ἄγειν.

366 4366 536 4440 Ὅπερ
558 4363 654 4422 οὖν
690 4369 786 4425 zeal
812 4367 989 4439 δηλῶν
1010 4367 1201 4437 ἔλεγεν
1222 4384 1237 4400 ο
1270 4368 1341 4420 El
1371 4365 1439 4421 δέ
1473 4383 1564 4434 τις
1592 4365 1797 4439 ἀγαπᾷ
1833 4370 1942 4423 τὸν

359 4461 530 4524 Θεὸν,
562 4456 744 4526 οὗτος
773 4460 1069 4530 ἔγνωσται
1107 4461 1210 4514 ὑπ’
1249 4463 1458 4517 αὑτοῦ.
1490 4462 1653 4515 Ὥστε
1690 4464 1751 4516 οὐ
1782 4463 1941 4519 τοῦτο

358 4550 578 4615 κωλύω,
608 4550 764 4620 φησι,
795 4551 856 4603 τὸ
886 4551 1097 4606 τελείαν
1129 4550 1332 4620 γνῶσιν
1363 4552 1528 4623 ἔχειν,
1556 4552 1697 4606 ἀλλά
1715 4555 1775 4607 τὸ
1801 4557 1940 4625 μετά

355 4642 579 4711 ἀγάπης
608 4641 811 4712 ταύτην
831 4641 997 4713 ἔχειν,
1027 4643 1185 4697 τοῦτο
1210 4642 1420 4698 κελεύω
1437 4661 1451 4674 ·
1484 4645 1608 4698 ἐπεὶ
1638 4647 1826 4717 κέρδος
1851 4649 1939 4702 06-

354 4724 467 4788 δέν,
494 4724 630 4779 ἀλλά
656 4724 751 4778 καὶ
785 4724 998 4795 βλάϐος.

436 4906 503 4978 β’.
519 4905 683 4978 Ὀρᾷς
709 4905 856 4969 ὅπως
877 4903 977 4977 ἤδη
993 4904 1463 4980 προανακρούεται
1476 4906 1564 4961 τὸν
1580 4907 1939 4982 περὶάγάπης

354 4997 547 5068 λόγονς
584 4996 801 5070 Ἐπειδὴ
836 4996 945 5068 7&9
991 4995 1166 5050 ταῦτα
1208 4995 1389 5052 πάντα
1426 4997 1535 5051 ἀπὸ
1566 4998 1755 5054 τούτου
1809 5018 1937 5057 συν·-

356 5091 538 5147 έϐαινε
567 5093 638 5149 τὰ
670 5090 837 5157 κακὰ,
873 5090 970 5145 zeal
994 5090 1096 5144 οὐκ
1126 5088 1237 5145 ἀπὸ
1268 5088 1483 5156 τελείας
1516 5090 1788 5162 γνώσεως,
1817 5094 1933 5149 ἀλλ’

356 5184 464 5239 ἀπὸ
495 5184 590 5239 τοῦ
627 5186 702 5255 μὴ
741 5185 945 5257 σφόδρα
977 5185 1152 5255 φιλεῖν
1185 5184 1320 5257 μηδὲ
1350 5185 1626 5255 φείδεσθαι
1661 5186 1770 5240 τῶν
1796 5187 1934 5258 πλη-

357 5276 492 5340 σίον,
515 5274 639 5330 ὅθεν
667 5277 763 5330 καὶ
790 5277 855 5330 τὸ
875 5277 1275 5348 διασπασθῆναι
1302 5279 1499 5342 αὐτοὺς
1525 5279 1714 5348 γέγονε
1748 5282 1843 5334 καὶ
1870 5281 1931 5334 τὸ

354 5365 702 5438 ἐπαίρεσθαι,
746 5368 841 5421 zeal
867 5369 938 5422 τὰ
966 5368 1101 5424 ἄλλα
1140 5371 1320 5425 πάντα
1353 5372 1497 5445 άπερ
1520 5373 1705 5439 αὐτοῖς
1738 5374 1929 5429 ἐνεκά-

352 5456 499 5522 λεσε,
533 5459 628 5513 καὶ
652 5458 759 5531 πρὸ
784 5459 976 5514 τούτου
995 5463 1088 5516 zeal
1114 5462 1254 5532 μετὰ
1275 5463 1468 5533 ταῦτα,
1500 5466 1740 5538 συνεχῶς
1760 5467 1927 5538 αὐτῆς

354 5552 713 5623 ἐπιμελεῖται,
752 5553 852 5625 τὴν
889 5557 1074 5628 πηγήν
1117 5557 1226 5611 τῶν
1271 5557 1492 5628 ἀγαθῶν
1524 5558 1923 5630 διορθούμενος.

354 5643 420 5697 Τί
440 5646 617 5700 τοίνυν
642 5645 981 5718 πεφύσησθε,
1013 5648 1198 5720 φησὶν,
1221 5649 1313 5702 ἐπὶ
1341 5652 1406 5722 τῇ
1431 5652 1627 5718 γνώσει
1652 5670 1668 5719 ;
1694 5653 1791 5707 “Av
1820 5653 1928 5725 7&9

355 5734 452 5801 τὴν
484 5736 703 5811 ἀγάπην
737 5739 815 5813 μὴ
843 5740 1024 5814 ἔχητε,
1066 5743 1161 5798 zeal
1195 5741 1529 5814 βλαϐήσεσθε
1564 5743 1844 5799 ἐντεῦθεν·
1874 5743 1926 5797 τί

1092 229 1151 284 S.
1189 223 1473 284 JOANNIS
1510 172 1861 278 ΟΠΠΫΒΟΞἸ
1878 223 1947 274 ω

2049 223 2370 280 ARCHIEP.
2408 224 2962 288 CONSTANTINOP.

3558 244 3660 300 ιω

2076 335 2184 408 7&9
2216 337 2541 408 ἀλαζονείας
2572 346 2780 416 χεῖρον;
2805 345 2872 400 ἂν
2899 346 2957 401 δέ
2991 346 3167 402 ἐκεῖνο
3192 354 3390 424 προσῇ,
3422 354 3517 409 zeal
3540 359 3664 412 τοῦ-

2072 446 2134 482 το
2163 429 2317 485 ἔσται
2365 434 2423 491 ἐν
2449 434 2743 509 ἀσφαλείᾳ.
2796 437 2916 492 Κᾶν
2949 439 3057 511 γάρ
3094 457 3147 493 τι
3180 441 3342 495 πλέον
3373 445 3523 517 είδῇς
3564 449 3660 504 τοῦ

2069 520 2318 592 πλησίον,
2362 524 2536 593 φιλῶν
2573 527 2738 581 αὑτὸν
2771 528 2870 583 οὐκ
2906 530 3132 601 ἐπαίρῃ,
3177 533 3315 587 ἀλλά
3364 536 3520 604 ἄγεις
3562 543 3661 595 zeal

2069 614 2237 669 αὑτὸν
2262 617 2355 671 ἐπὶ
2382 616 2564 674 τοῦτο.
2593 620 2688 673 Διὸ
2716 619 2812 675 zeal
2839 619 3030 686 εἰπὼν,
3074 623 3145 678 Ἠ
3170 623 3394 695 γνῶσις
3425 631 3660 698 φυσιοῖ,

2070 707 2374 778 ἐπήγαγεν,
2415 707 2478 764 Ἠ
2508 707 2578 762 δὲ
2605 710 2809 779 ἀγάπη
2842 712 3157 782 οἰκοδομεῖ.
3203 715 3326 769 Οὐκ·
3366 712 3511 784 εἷπε,
3541 722 3656 775 Meo

2066 798 2301 867 τριάζει,
2343 799 2482 854 ἀλλά
2525 799 2586 855 τὸ
2621 800 2799 873 πολλῷ
2840 802 3003 856 πλέον
3059 804 3152 859 zeal
3195 808 3654 884 κερδαλεώτερον·

2064 888 2187 942 οὐδέ
2218 888 2328 959 7&9
2378 891 2558 961 ἐφύσα
2596 892 2755 964 μόνον
2795 894 2828 966 ή
2873 893 3093 965 γνῶσις,
3138 897 3274 952 ἀλλά
3308 901 3401 955 zeal
3432 903 3652 961 διέσπα.

2064 976 2164 1031 Διά
2199 977 2359 1032 τοῦτο
2394 981 2591 1053 ἐκείνῳ
2613 980 2772 1036 τοῦτο
2812 982 3131 1056 ἀντέθηκεν.
3172 983 3309 1045 Εἶτα
3347 978 3449 1046 καῖ
3470 994 3656 1063 τρίτον

2064 1066 2245 1140 τίθησι
2280 1069 2579 1142 δυνάμενον
2626 1072 2827 1138 αὐτοὺς
2874 1074 3143 1131 καθελεῖν.
3176 1078 3337 1134 Ποῖον
3369 1079 3434 1151 δὴ
3463 1081 3654 1149 τοῦτο;

2067 1162 2189 1215 Ὅτι
2220 1162 2325 1218 κᾶν
2356 1165 2760 1239 συνεζευγμένη
2800 1163 2835 1241 ᾖ
2875 1169 2908 1240 ἠ
2942 1168 3155 1242 ἀγάπη,
3193 1171 3314 1227 οὐδὲ
3339 1171 3514 1237 οὕτως
3542 1175 3655 1229 άπ-

2060 1256 2362 1329 ηρτισμένη
2410 1258 2560 1312 ἐστὶν
2592 1258 2732 1331 αὕτη
2775 1261 2808 1332 ή
2848 1260 3079 1329 γνῶσιςο
3118 1262 3198 1315 διὸ
3227 1265 3321 1317 zeal
3345 1265 3652 1336 ἐπήγαγεψ

2062 1343 2133 1395 Εἰ
2155 1341 2224 1397 δέ
2258 1359 2348 1409 τις
2375 1343 2544 1399 δοκεῖ
2562 1345 2782 1400 ειδέναι
2814 1365 2890 1412 τι,
2918 1348 3152 1404 οὐδέπω
3186 1352 3368 1406 οὐδὲν
3402 1354 3648 1424 ἔγνωκε,

2060 1431 2254 1499 καθὼς
2292 1434 2389 1487 δεῖ
2414 1434 2654 1504 γνῶναι.
2686 1436 2836 1510 Αὕτη
2872 1440 3062 1511 καιρία
3090 1442 3125 1512 ἡ
3165 1440 3370 1514 πληγή.
3399 1445 3475 1496 06
3504 1444 3655 1513 λέγω

2059 1525 2189 1594 7&9,
2225 1527 2410 1597 φησὶν,
2429 1528 2527 1582 ’ὅτι
2551 1531 2706 1600 κοινή
2744 1532 2780 1603 ἡ
2806 1531 3008 1600 γνῶσις
3040 1533 3279 1588 πάντων’
3304 1534 3365 1587 06
3398 1534 3542 1604 λέγω
3565 1538 3648 1590 ὅτι

2061 1615 2235 1687 μισῶν
2283 1617 2375 1672 τὸν
2408 1617 2636 1691 πλησίον
2687 1621 2782 1675 zeal
2814 1624 3232 1696 ἀπονοούμενος,
3287 1624 3357 1677 τά
3409 1627 3650 1698 μέγιστα

2060 1708 2286 1762 σεαυτὸν
2312 1710 2735 1776 καταϐλάπτεις.
2767 1712 2884 1767 Κᾶν
2913 1716 3023 1788 7&9
3054 1715 3215 1787 μόνος
3238 1714 3388 1788 ἔχῃς,
3420 1716 3524 1770 κᾶν
3548 1736 3650 1789 με-

2057 1798 2308 1871 τριάξῃς,
2335 1800 2437 1855 κᾶν
2471 1803 2631 1874 φιλῇς
2660 1804 2751 1858 τὸν
2776 1804 3026 1875 ἀδελφὸν,
3059 1807 3150 1861 καὶ
3173 1805 3345 1872 οὕτως
3376 1807 3575 1880 ἀτελὴς
3595 1805 3651 1864 εἷ

2058 1891 2198 1945 κατὰ
2227 1893 2328 1964 τὴν
2362 1895 2585 1962 γνῶσινο
2609 1896 2820 1952 οὐδέπω
2847 1896 2957 1970 γὰρ
2984 1898 3136 1952 οὐδὲν
3163 1894 3334 1963 οἶδας,
3358 1899 3436 1964 ὡς
3459 1900 3540 1954 δεῖ
3562 1903 3647 1954 εί·

2054 1984 2224 2038 δέναι.
2259 1986 2321 2039 Εί
2349 1986 2406 2039 δὲ
2432 1987 2644 2052 οὐδενὸς
2664 1988 2877 2043 οὐδέπω
2908 1990 3109 2062 ἀκριϐῆ
3151 1990 3251 2062 τὴν
3284 1990 3487 2059 γνῶσιν
3519 1991 3645 2062 ἐχορ

2059 2092 2178 2146 μεν,
2203 2076 2321 2141 πῶς
2344 2095 2491 2142 τινες
2513 2081 2594 2145 είς
2615 2080 2869 2134 τοσοῦτον
2892 2083 3088 2151 μανίας
3112 2083 3339 2154 ήλασαν,
3361 2083 3435 2147 ὡς
3462 2084 3647 2152 λέγειν

2052 2165 2144 2219 τὸν
2171 2166 2304 2220 Θεὸν
2336 2168 2533 2223 εἰδέναι
2570 2171 2710 2242 μετά
2736 2172 3024 2243 ἀκριϐείας
3054 2174 3270 2244 ἀπάσης
3289 2191 3304 2240 ;
3325 2175 3459 2228 ὅπου
3489 2191 3555 2243 γε
3591 2177 3645 2230 ει

2052 2257 2147 2311 καὶ
2191 2258 2407 2313 πάντων
2449 2260 2670 2333 εἴχομεν
2706 2264 2906 2336 ἀκριϐῆ
2940 2264 3142 2331 γνῶσιν
3175 2265 3274 2338 τὴν
3301 2265 3410 2320 τῶν
3441 2266 3641 2332 ἀλλων,

2051 2351 2173 2406 οὐδὲ
2203 2351 2347 2407 οὕτω
2369 2353 2591 2408 δυνατὸν
2612 2352 2681 2428 ἦν
2708 2355 2852 2426 ἔχειν
2880 2357 3087 2430 ταύτην
3116 2357 3308 2424 οὕτως.
3334 2359 3500 2412 Ὅσον
3530 2359 3639 2430 7&9

2051 2443 2216 2499 αὐτοῦ
2257 2446 2394 2518 πρὸς
2445 2447 2658 2501 ἅπαντα
2690 2448 2751 2502 τὸ
2788 2449 2971 2521 μέσον,
3007 2450 3129 2506 οὐδὲ
3172 2452 3350 2505 εἰπεῖν
3392 2450 3494 2505 ἔνι.
3529 2451 3641 2505 Kal

2050 2536 2152 2608 ὅρα
2186 2536 2303 2601 πῶς
2335 2537 2516 2592 αὐτῶν
2563 2542 2877 2595 κατέσπασε
2917 2542 2980 2595 τὸ
3009 2541 3260 2612 φύσημα.
3294 2541 3370 2597 Οὐ
3417 2543 3527 2614 7&9
3562 2538 3642 2596 εἷ-

2051 2644 2172 2691 πεν,
2205 2627 2285 2682 ὅτι
2316 2630 2451 2701 Περὶ
2483 2628 2593 2684 τῶν
2624 2633 3003 2704 προκειμένων
3035 2633 3134 2688 οὐκ
3161 2636 3314 2706 ἔχετε
3343 2636 3444 2707 τὴν
3471 2652 3639 2707 προσ-

2049 2719 2183 2791 ήκου
2191 2737 2288 2773 σαν
2301 2722 2524 2789 γνῶσιν,
2539 2723 2672 2777 ἀλλά
2688 2725 2816 2795 περὶ
2832 2725 3032 2790 παντὸς
3047 2727 3392 2798 πράγματος.
3411 2728 3520 2781 Kal
3536 2730 3637 2782 οὐκ

2049 2809 2222 2878 εἷπεν,
2251 2814 2333 2868 ὅτι
2363 2814 2571 2887 Ὑμεῖς,
2606 2816 2743 2883 ἀλλ’,
2774 2818 2855 2872 ὃτι
2881 2818 3003 2873 Οὐδ’
3021 2818 3291 2885 ὁστισοῦν,
3309 2821 3409 2874 κᾶν
3430 2821 3638 2892 Πέτρος

2048 2895 2103 2973 ᾗ,
2137 2900 2240 2956 κᾶν
2280 2902 2509 2969 Παῦλος,
2545 2906 2650 2958 κᾶν
2680 2905 2948 2961 ὁστισοῦν.
2981 2905 3131 2980 [1⁸11]
3162 2909 3351 2980 Τούτῳ
3392 2911 3505 2983 γὰρ
3542 2912 3637 2965 zeal

2050 2993 2501 3064 παρεμυθήσατο,
2550 2997 2645 3049 zeal
2683 2997 3025 3053 συνέστειλεν
3055 3000 3253 3064 αὐτοὺς
3301 3001 3440 3070 μετά
3473 3005 3637 3073 ἀκρμ

2048 3083 2219 3147 ϐείας.
2258 3089 2325 3140 El
2350 3085 2417 3140 δέ
2449 3104 2537 3153 τις
2573 3089 2775 3158 ἀγαπᾷ
2804 3089 2913 3143 τὸν
2938 3088 3106 3155 Θεὸν,
3131 3085 3312 3155 οὗτος
3339 3092 3635 3162 ἔγνωσται

2046 3178 2150 3230 ὑπ’
2174 3178 2361 3232 αὐτοῦ
2383 3189 2424 3233 ⁸.
2460 3182 2572 3233 Οὐκ
2612 3176 2784 3249 εἶπεν,
2820 3181 3000 3251 Ἔγνω
3029 3183 3210 3251 αὐτὸν,
3256 3184 3371 3238 ἀλλ’
3413 3186 3636 3256 Ἔγνω-

2046 3285 2184 3323 σται
2218 3271 2317 3325 ὑπ’
2347 3272 2553 3325 αὐτοῦ.
2589 3273 2662 3325 Ού
2690 3273 2799 3344 7&9
2836 3275 2999 3344 ήμεῖς
3030 3274 3194 3329 αὐτὸν
3222 3275 3491 3346 ἔγνωμεν,
3518 3277 3635 3331 ἀλλ’

2046 3362 2208 3426 αύτὸς
2256 3365 2407 3434 ἡμᾶς
2456 3363 2617 3433 ἔγνω.
2657 3366 2749 3418 Διὸ
2787 3367 2879 3420 zeal
2922 3368 2950 3420 6
2985 3370 3219 3441 Χριστὸς
3262 3367 3470 3437 ἔλεγεν,
3508 3371 3633 3438 οὐχ

2044 3452 2214 3522 ὑμεῖς
2231 3471 2309 3522 με
2332 3452 2714 3520 ἐξελέξασθε,
2737 3456 2874 3510 ἀλλ’
2904 3456 3020 3526 ἐγὼ
3052 3456 3207 3528 ὑμᾶς
3227 3457 3631 3529 ἐξελεξάμην·

2046 3545 2139 3598 zeal
2171 3545 2382 3608 Παῦλος
2413 3545 2669 3617 ἀλλαχοῦ,
2709 3545 2852 3602 Τότε
2882 3548 2951 3602 δὲ
2973 3549 3401 3622 ἐπιγνώσομαι,
3432 3551 3632 3620 καθὼς

2045 3636 2143 3690 καὶ
2171 3637 2582 3707 ἐπεγνώσθην.
2614 3637 2814 3693 Σκόπει
2837 3640 3018 3694 τοίνυν
3042 3641 3108 3694 δι’
3128 3643 3269 3697 ὅσων
3291 3644 3631 3715 κατήνεγκεν

2044 3726 2222 3779 αὐτῶν
2269 3727 2330 3780 τὸ
2371 3730 2648 3800 φρόνημα.
2706 3728 2930 3800 Πρῶτον
2969 3729 3190 3798 ἔδειξεν,
3240 3732 3325 3786 δτι
3364 3734 3428 3787 οὐ
3475 3734 3631 3805 μόνοι

2044 3818 2384 3883 ἐπίστανται,
2416 3819 2559 3891 άπερ
2588 3819 2756 3874 ίσασι·
2782 3820 3013 3887 Πάντες
3040 3823 3173 3895 γάρ,
3212 3825 3368 3895 φησὶ,
3399 3824 3633 3896 γνῶσιν

2043 3912 2298 3981 ἔχομεν’
2349 3912 2560 3979 ἔπειτα,
2598 3913 2680 3966 ὅτι
2733 3912 2992 3986 βλαϐερὸν
3045 3915 3107 3969 τὸ
3156 3918 3410 3988 πρᾶγμα,
3456 3920 3631 3989 χωρὶς

2043 4006 2263 4077 ἀγάπης
2302 4005 2382 4059 ὸν*
2427 4007 2482 4065 Ἠ
2516 4006 2625 4080 7&9
2657 4009 2900 4078 γνῶσις,
2928 4011 3083 4081 φησὶ,
3110 4009 3339 4080 φυσιοῒ’
3370 4006 3514 4079 εἶτα,
3544 4014 3629 4067 ὅτι

2045 4098 2139 4151 zeal
2183 4098 2318 4168 μετά
2367 4098 2590 4171 ἀγάπης
2619 4098 2699 4165 ὃν,
2722 4101 2823 4154 οὐκ
2869 4102 3278 4172 ἀπηρτισμένον
3312 4104 3461 4157 ἐστὶν
3500 4104 3630 4158 οὐδὲ

2044 4188 2267 4243 τέλειον·
2290 4193 2360 4246 El
2392 4192 2499 4262 7&9
2521 4209 2609 4257 τις
2636 4192 2801 4247 δοκεῖ
2834 4194 3054 4251 ειδέναι
3082 4212 3158 4258 τι,
3180 4195 3415 4250 οὐδέπω
3441 4197 3629 4252 οὐδὲν

2042 4279 2285 4349 ἔγνωκε,
2313 4285 2466 4355 φησὶ,
2495 4283 2690 4349 καθὼς
2717 4283 2815 4338 δεῖ
2839 4284 3082 4356 γνῶναι.
3119 4287 3261 4358 Πρὸς
3284 4288 3516 4352 τούτοις,
3542 4290 3629 4344 ὅτι

2042 4373 2162 4426 οὐδὲ
2192 4375 2324 4429 αὐτὸ
2356 4375 2516 4429 τοῦτο
2547 4376 2759 4431 οἴκοθεν
2788 4375 3026 4447 ἔχουσιν,
3053 4377 3193 4431 ἀλλά
3222 4379 3315 4431 τοῦ
3351 4379 3488 4432 Θεοῦ
3519 4380 3627 4433 δωο

2045 4467 2373 4537 ρησαμένου·
2427 4468 2489 4520 ού
2535 4469 2643 4539 7&9
2702 4464 2885 4534 εἶπεν,
2919 4470 3102 4538 Ἔγνω
3148 4468 3242 4523 τὸν
3282 4470 3448 4535 Θεὸν,
3506 4473 3626 4525 ἀλλ’

2045 4559 2377 4627 Ἕγνωσται
2405 4562 2507 4617 ὑπ’
2537 4561 2724 4616 αὑτοῦ
2751 4577 2765 4593 ο
2813 4558 2952 4629 εἶτα,
2981 4563 3062 4616 ὅτι
3089 4564 3197 4617 ἀπὸ
3229 4564 3449 4635 ἀγάπης
3477 4564 3628 4635 γίνε-

2039 4665 2129 4703 ται
2171 4649 2330 4702 τοῦτο
2366 4651 2517 4717 αὐτὸ,
2548 4653 2614 4724 ἢν
2638 4653 2740 4706 οὐκ
2770 4651 2983 4724 ἔχουσιν
3015 4653 3091 4718 ὼς
3118 4655 3247 4726 χρή’
3281 4657 3352 4710 El
3372 4656 3481 4726 γάρ
3508 4674 3624 4725 τις,

2040 4744 2222 4813 φησὶν,
2258 4742 2459 4810 ἀγαπᾷ
2492 4743 2599 4797 τὸν
2627 4743 2796 4810 θεὸν,
2836 4741 3015 4811 οὗτος
3052 4745 3343 4815 ἔγνωσται
3377 4747 3481 4802 ὑπ’
3517 4750 3627 4803 αὐ-

2037 4833 2166 4889 τοῦ.
2209 4834 2309 4887 Διά
2358 4834 2629 4890 τοσούτων
2677 4837 2856 4890 τοίνυν
2897 4837 3239 4901 καταλεάνας
3286 4837 3468 4893 αὐτῶν
3521 4839 3624 4907 τὴν

2037 4925 2364 4996 φλεγμονὴν,
2398 4926 2623 4999 ἄρχεται
2656 4927 3023 4999 δογματίζειν,
3055 4927 3199 4982 οὕτω
3236 4928 3441 4998 λέγων·
3478 4931 3623 4999 Περὶ

2035 5016 2144 5086 τῆς
2175 5017 2463 5087 ,ϐρώσεως
2490 5015 2604 5074 οὖν
2633 5017 2752 5072 τῶν
2782 5017 3210 5083 εἰδωλοθύτων,
3247 5019 3495 5089 οῖδαμεν
3527 5020 3624 5078 ὅτι

2033 5110 2217 5165 οὐδὲν
2243 5110 2497 5165 εἴδωλον
2523 5110 2596 5166 ἐν
2619 5112 2843 5180 κόσμῳ,
2867 5109 2964 5164 καί
2988 5111 3076 5164 ὅτι
3098 5109 3299 5177 οὐδεὶς
3328 5110 3474 5178 Θεὸς
3494 5111 3624 5166 ἔτεα

2023 5221 2156 5271 ρος,
2188 5204 2241 5257 εί
2272 5202 2358 5273 μὴ
2397 5198 2503 5269 εἷς.
2540 5202 2649 5256 Θέα
2676 5203 2756 5265 εἰς
2787 5203 2919 5273 ὅσην
2950 5202 3315 5273 στενοχωρίαν
3362 5200 3618 5260 ἐνέπεσε.

2032 5298 2142 5352 Kal
2185 5296 2294 5369 7&9
2340 5295 2627 5368 ἀμφότερα
2677 5295 2923 5366 βούλεται
2958 5295 3392 5357 κατασκευάσαι,
3428 5294 3510 5348 ὅτι
3553 5310 3620 5349 τε

2030 5386 2331 5457 ἀπέχεσθαι
2363 5386 2446 5440 δεῖ
2471 5386 2569 5456 τῆς
2590 5385 2848 5457 τοιαύτης
2882 5386 3178 5458 τραπέζης,
3210 5384 3307 5439 καὶ
3342 5384 3425 5437 ὅτι
3457 5384 3619 5453 ἰσχὺν

2028 5480 2129 5532 οὐκ
2163 5478 2276 5549 ἔχει
2308 5477 2444 5548 πρὸς
2482 5476 2545 5531 τὸ
2584 5476 2783 5547 βλάψαι
2811 5479 2938 5540 τοὺς
2970 5476 3315 5546 μετέχοντας
3353 5474 3500 5544 άπερ
3546 5473 3616 5526 οὐ

2030 5571 2236 5641 σφόδρα
2274 5569 2524 5639 ἀλλήλοις
2566 5568 2933 5640 συμϐαίνοντα
2963 5563 3051 5640 ἦν.
3082 5564 3359 5631 Μαθόντες
3384 5561 3494 5634 γὰρ
3524 5563 3614 5619 ὅτι

2091 5754 2115 5783 ⁸
2142 5752 2350 5803 Deerant
2379 5749 2519 5803 verba
2544 5752 2773 5813 ἔγνωσται
2808 5748 2888 5797 ὑπ’
2910 5744 3076 5796 αὐτοῦ.
