3986 6202
325 383 421 440 IGI

320 497 602 552 Romanos
625 492 774 559 fecit,
808 491 987 545 dicens
1017 506 1030 543 :
1063 488 1144 544 Tu
1175 503 1289 542 vero
1317 486 1442 558 quid
1462 486 1670 556 judicas
1697 487 1906 556 fratrem

321 600 468 644 tuum
497 587 676 656 (Rom.
713 586 792 640 Η.
817 583 938 653 I0)?
967 582 1053 636 hic
1077 580 1220 637 enim
1253 589 1356 644 est,
1388 579 1478 649 qui
1514 577 1717 633 facilius
1744 576 1910 644 possit

323 675 748 750 increpationem
786 674 1048 742 accipere.
1079 670 1233 738 Quod
1277 670 1363 724 hic
1402 684 1616 740 quoque
1657 667 1783 722 facit
1812 685 1826 722 :
1855 676 1910 721 et

328 770 506 839 primo
535 768 724 836 fastum
764 780 949 820 eorum
990 771 1248 824 evacuat.
1281 763 1408 818 dum
1443 759 1586 830 quod
1617 760 1691 814 illi
1723 759 1910 828 praeci-

332 875 494 928 puum
515 859 766 929 putabam
785 866 835 910 et
859 857 1153 926 perfectam
1179 854 1480 916 scientiam,
1505 853 1606 906 hoc
1625 865 1912 906 commune

329 967 450 1007 esse
476 949 832 1021 pronuntiavit
861 967 872 1002 :
907 949 1114 1004 Scimus
1142 947 1308 1010 enim,
1343 945 1542 1016 inquit,
1573 944 1708 1013 quod
1739 958 1912 996 omnes

325 1045 581 1096 scientiam
607 1043 870 1096 habemus.
902 1040 1035 1095 Nam
1061 1042 1107 1095 si
1136 1040 1256 1094 illos
1279 1039 1446 1094 altum
1471 1051 1660 1106 sapere
1695 1036 1906 1096 sitiens,

325 1138 493 1206 primo
523 1134 852 1190 ostendisset
879 1149 992 1188 rem
1015 1148 1137 1188 esse
1157 1133 1276 1186 aliis
1304 1132 1538 1196 noxiam,
1570 1143 1674 1182 non
1703 1137 1908 1180 tantum

324 1229 602 1295 utilitatis,
661 1235 926 1298 quantum
988 1226 1168 1281 damni
1225 1224 1512 1279 attulisset.
1576 1220 1910 1276 Anihitiosus

321 1320 515 1389 quippe
540 1319 774 1382 animus,
794 1333 915 1372 cum
941 1317 1118 1386 aliqua
1147 1333 1202 1370 re
1223 1331 1280 1370 se
1302 1315 1478 1370 ornari
1499 1321 1667 1383 putat,
1696 1311 1909 1366 etiam~i

322 1411 440 1465 aliis
462 1412 535 1465 sit
563 1411 741 1475 noxia,
764 1425 882 1464 eam
909 1409 1209 1464 accuratius
1233 1408 1424 1462 retinet
1453 1408 1524 1461 ob
1551 1421 1701 1461 vanae
1720 1404 1910 1473 glorize

323 1503 689 1575 tyrannidem.
734 1503 862 1557 ldco
905 1503 1102 1557 Paulus
1147 1502 1320 1570 primo
1365 1515 1476 1555 rem
1526 1508 1585 1554 ut
1630 1498 1684 1552 in
1727 1512 1786 1551 se
1827 1505 1912 1550 est

324 1596 633 1661 examinat,
665 1604 722 1650 ut
749 1595 889 1650 circa
919 1603 1190 1648 externam
1221 1594 1530 1662 sapientiam
1561 1591 1807 1660 superius
1832 1590 1909 1642 fe-

324 1688 397 1740 cit
423 1729 437 1751 ,
472 1687 619 1740 illam
646 1687 864 1740 omnino
893 1685 1172 1754 dejiciens.
1210 1684 1314 1739 Sed
1341 1684 1450 1737 illic
1474 1683 1689 1752 quidem
1720 1681 1770 1735 id
1791 1680 1911 1750 jure

325 1777 596 1843 faciebat;
632 1786 799 1831 totum
834 1775 977 1830 enim
1005 1775 1420 1845 reprehensione
1444 1775 1662 1844 dignum
1689 1782 1832 1838 erat,
1860 1780 1913 1826 et

324 1869 501 1923 facilis
529 1884 616 1922 res
644 1875 798 1921 erat:
826 1876 1156 1936 quapropter
1183 1864 1234 1920 id
1261 1880 1367 1920 non
1408 1864 1567 1919 modo
1591 1877 1910 1932 supervaca-

323 1975 518 2025 neum,
552 1958 646 2013 sed
670 1959 832 2012 etiam
862 1957 1225 2026 praedicationi
1255 1957 1578 2010 contrarium
1606 1969 1724 2009 esse
1756 1953 1906 2007 dixit.

322 2051 420 2105 Ilic
446 2059 624 2103 autem
657 2065 764 2102 non
802 2049 963 2103 liceat
993 2048 1064 2101 ita
1089 2047 1265 2102 facere
1290 2064 1303 2100 :
1337 2061 1456 2100 nam
1489 2045 1538 2099 id
1563 2045 1630 2099 de
1653 2059 1758 2114 quo
1787 2059 1910 2112 age-

321 2142 478 2196 batur
503 2140 727 2196 scientia
760 2147 879 2194 erat
898 2179 916 2206 ,
949 2147 1006 2193 et
1033 2139 1254 2194 scientia
1285 2137 1535 2205 perfecta.
1568 2135 1750 2205 Neque
1779 2149 1909 2204 ergo

322 2248 437 2288 eam
475 2233 710 2304 dejicere
742 2240 913 2287 tutum
955 2238 1106 2298 erat,
1139 2245 1236 2285 nec
1280 2229 1436 2285 aliter
1479 2227 1673 2283 licebat
1715 2227 1908 2281 fastum

323 2342 385 2382 ex
415 2327 505 2381 illa
534 2335 854 2396 conceptum
894 2324 1151 2394 dejicere.
1186 2321 1323 2391 Quid
1359 2337 1488 2392 ergo
1537 2321 1696 2376 facit?
1724 2321 1909 2375 Primo

325 2419 469 2472 illam
501 2417 792 2472 ostendens
817 2430 939 2472 esse
959 2429 1322 2480 communem,
1356 2414 1567 2468 illorum
1592 2413 1786 2468 fastum
1813 2413 1908 2466 de-

325 2512 524 2580 primit.
553 2510 651 2578 Qui
681 2510 823 2565 enim
846 2523 1100 2578 magnum
1125 2508 1396 2578 quidpiam
1424 2517 1479 2563 et
1507 2507 1787 2578 pulchrum
1817 2505 1912 2559 ha-

329 2604 488 2668 bent,
519 2604 563 2656 si
593 2602 691 2655 soli
723 2601 986 2664 habeant,
1017 2602 1186 2670 magis
1210 2599 1537 2662 efferuntur;
1566 2598 1610 2652 si
1636 2612 1761 2652 vero
1789 2612 1910 2650 cum

241 2685 244 2687 Α
327 2695 444 2750 aliis
465 2694 518 2748 id
539 2693 812 2764 possidere
833 2691 1326 2760 deprehendantur,
1349 2707 1454 2748 non
1477 2691 1588 2761 pari
1613 2699 1736 2746 tunc
1753 2690 1914 2744 modo

325 2785 504 2840 affecti
547 2793 689 2838 sunt.
737 2784 970 2838 Primum
1003 2785 1163 2854 igitur
1200 2784 1303 2839 hoc
1332 2797 1615 2839 commune
1642 2783 1908 2850 ostendit,

325 2877 582 2948 quoniam
631 2877 729 2946 ipsi
775 2876 1030 2946 putabant
1069 2877 1122 2932 id
1167 2877 1268 2932 sibi
1309 2885 1514 2931 tantum
1554 2883 1862 2946 competere
1897 2893 1910 2930 :

326 2969 524 3023 deinde
549 2976 831 3039 postquam
864 2968 994 3023 illud
1024 2982 1310 3024 commune
1339 2967 1486 3036 fecit,
1518 2983 1624 3022 non
1653 2983 1712 3022 se
1739 2968 1910 3022 solum

328 3061 644 3129 participem
669 3059 798 3114 dicit
828 3079 841 3114 :
871 3061 951 3115 sic
979 3060 1120 3115 enim
1152 3060 1268 3114 illos
1292 3061 1462 3131 magis
1498 3060 1796 3116 extulisset.
1845 3060 1916 3117 Ut

330 3153 370 3205 si
397 3167 535 3206 unus
577 3159 783 3205 tantum
811 3150 1022 3213 habeat,
1045 3150 1326 3205 seextollit
1356 3168 1370 3203 :
1404 3150 1476 3205 ita
1511 3151 1555 3204 si
1597 3166 1758 3205 unum
1801 3161 1916 3205 tan—

332 3252 441 3298 tum
467 3243 551 3297 vel
575 3243 802 3298 alterum
834 3258 902 3298 ex
929 3242 1209 3312 prmcipuis
1234 3251 1535 3298 consortem
1561 3241 1773 3307 habeat,
1807 3258 1913 3298 non

333 3335 556 3390 minoris
577 3351 691 3390 rem
723 3334 868 3389 facit.
895 3333 1021 3389 Ideo
1045 3350 1149 3388 non
1181 3349 1239 3389 se
1265 3334 1436 3388 Solum
1466 3336 1644 3404 ponit,
1673 3335 1767 3390 sed
1795 3352 1915 3391 om-

334 3443 471 3481 nes:
502 3444 610 3481 non
636 3430 778 3482 enim
801 3428 956 3490 dixit,
988 3428 1098 3497 Ego
1123 3429 1399 3481 scientiam
1430 3429 1628 3495 habeo;
1659 3429 1773 3493 sed,
1799 3429 1918 3485 Sci-

335 3535 454 3573 mus
481 3519 618 3589 quod
635 3536 801 3573 ontnes
830 3519 1090 3573 scientiam
1120 3518 1377 3573 habemus.
1411 3519 1524 3574 Hoc
1554 3521 1713 3590 igitur
1742 3522 1917 3589 priore

332 3610 481 3664 dicto
519 3623 708 3663 eorum
752 3607 941 3662 fastum
979 3609 1198 3678 deiecit;
1243 3611 1482 3664 secundo
1528 3621 1707 3664 autem
1753 3611 1916 3666 vehe-

336 3701 590 3756 mentius.
622 3700 897 3767 Quodnam
926 3699 1048 3753 illud
1068 3701 1188 3754 csr?
1219 3701 1370 3768 Quod
1399 3701 1646 3754 ostendat
1677 3717 1786 3755 rem
1812 3717 1918 3755 non

336 3793 662 3862 perfectam.
701 3793 808 3844 imo
831 3791 1113 3845 admodum
1152 3792 1520 3860 imperfectam
1549 3807 1708 3854 esse;
1746 3808 1919 3862 neque

339 3885 494 3938 modo
526 3883 929 3953 imperfectam,
958 3885 1052 3938 sed
1083 3893 1136 3938 et
1167 3886 1400 3948 noxiam,
1432 3884 1531 3937 nisi
1563 3884 1630 3937 sit
1655 3883 1796 3938 aliud
1819 3884 1917 3938 ad-

330 3976 595 4046 junctum.
625 3976 756 4030 Cum
785 3975 1012 4030 dixisset
1047 3977 1222 4041 enim,
1260 3976 1538 4030 Scientiam
1566 3993 1737 4030 omnes
1768 3977 1922 4031 Imbe-

337 4085 474 4134 mus,
504 4067 780 4137 sulijunxit
806 4083 822 4126 ξ
867 4066 1093 4122 Scientia
1120 4067 1267 4136 inﬂat
1286 4108 1301 4132 ,
1333 4068 1518 4122 caritas
1547 4079 1713 4122 autem
1751 4070 1916 4137 terti/i-

334 4170 434 4212 cat.
467 4159 654 4230 Itaque
692 4175 812 4213 cum
852 4171 935 4216 est
983 4161 1102 4216 sine
1150 4161 1406 4222 caritate,
1453 4161 1518 4214 ad
1560 4162 1918 4231 arrogantiam

334 4251 570 4306 extollit.
605 4255 670 4304 At
701 4267 870 4322 neque
913 4253 1144 4320 caritas,
1178 4252 1419 4323 inquies,
1452 4253 1654 4322 absque
1698 4255 1919 4309 scientia

335 4344 536 4413 aliquid
563 4344 694 4398 lucri
717 4343 894 4399 habet.
922 4343 1116 4399 Verum
1143 4359 1249 4397 non
1278 4343 1379 4398 hoc
1400 4344 1552 4407 dixit,
1583 4345 1676 4398 sed
1703 4345 1842 4413 quod
1867 4344 1920 4399 in

337 4435 584 4490 confesso
606 4448 686 4491 est
709 4436 1038 4506 relinquens,
1065 4438 1300 4492 ostendit
1322 4437 1422 4491 hoc
1445 4438 1536 4491 illo
1559 4437 1713 4491 valde
1741 4453 1918 4507 egere.

337 4526 470 4581 Nam
497 4525 585 4598 qui
614 4528 817 4599 diligit,
852 4539 1035 4599 utpote
1071 4531 1163 4600 qui
1211 4540 1530 4600 praeceptum
1564 4530 1781 4598 impleat
1806 4545 1923 4584 om-

339 4619 486 4672 nium
521 4621 1057 4688 praestantissimum,
1100 4621 1309 4676 etiamsi
1353 4621 1478 4692 quid
1524 4622 1623 4692 ipsi
1667 4621 1920 4686 deficiat,

337 4709 446 4762 cito
476 4724 573 4779 per
613 4711 890 4766 caritatem
925 4712 1148 4767 scientia
1195 4712 1420 4780 fruetur,
1463 4721 1522 4767 ut
1563 4713 1840 4768 Cornelius
1870 4723 1925 4769 et

337 4800 426 4854 alii
459 4801 612 4854 multi
640 4819 654 4853 :
684 4803 772 4871 qni
804 4810 985 4858 autem
1021 4804 1301 4859 scientiam
1341 4804 1556 4874 quidem
1603 4805 1793 4870 habet,
1827 4803 1923 4859 sed

336 4894 754 4947 non‘earitatein
775 4936 790 4960 ,
825 4911 932 4949 non
961 4895 1124 4952 modo
1153 4896 1287 4952 nihil
1313 4906 1584 4959 assumet,
1617 4897 1708 4952 sed
1742 4898 1808 4952 ab
1836 4898 1924 4951 illa

333 4998 495 5052 quam
520 4982 685 5038 habet
705 4985 936 5052 excidet,
963 5000 1108 5057 saipe
1129 4988 1181 5042 in
1210 4989 1566 5058 arrogantiam
1597 4989 1798 5044 labens.
1824 4989 1928 5042 Ila-

330 5091 440 5143 que
469 5075 698 5130 scientia
745 5078 1022 5133 caritatem
1055 5095 1160 5134 non
1203 5081 1370 5149 parit,
1403 5080 1511 5133 imo
1539 5089 1728 5133 contra
1768 5080 1836 5134 ab
1864 5095 1925 5133 ea

330 5168 609 5223 abscindit
634 5184 759 5224 eum
791 5171 880 5240 qui
913 5187 1018 5226 non
1049 5173 1307 5240 attendit,
1336 5172 1464 5226 dum
1507 5171 1658 5225 illum
1690 5171 1837 5225 inﬂat
1877 5180 1932 5226 et

326 5261 567 5313 extollit.
621 5260 835 5316 Etenim
881 5264 1184 5334 arrogantia
1229 5263 1470 5319 dividere
1517 5263 1688 5326 solet;
1735 5264 1931 5318 caritas

327 5367 468 5404 vero
493 5352 774 5423 conjungit
799 5363 854 5408 et
876 5354 944 5410 ad
973 5357 1251 5411 scientiam
1277 5357 1513 5412 adducit.
1544 5355 1695 5423 Quod
1723 5356 1931 5426 signifi-

325 5457 467 5497 cans
495 5445 588 5500 ille
615 5444 828 5503 dicebat
852 5466 865 5501 :
897 5448 960 5504 Si
984 5450 1097 5520 quis
1121 5461 1286 5504 autem
1313 5450 1477 5521 diligit
1507 5447 1672 5503 Deum
1691 5491 1704 5512 ,
1735 5449 1816 5502 hic
1844 5465 1932 5503 co-

326 5534 507 5604 gnitus
537 5546 616 5592 est
651 5537 713 5590 ab
741 5539 852 5608 ipso
883 5541 962 5610 (1.
993 5541 1110 5594 Cor.
1141 5541 1195 5595 8.
1219 5541 1298 5611 5).
1331 5539 1511 5609 Itaque
1540 5556 1645 5594 non
1678 5539 1929 5610 impedio,

327 5624 547 5695 inquit,
591 5631 885 5700 quominus
913 5634 1147 5702 perfecta
1176 5633 1396 5686 scientia
1428 5633 1716 5700 habeatur;
1757 5633 1849 5688 sed
1882 5642 1938 5686 ut

328 5730 465 5771 cum
503 5721 736 5777 caritate
783 5722 1073 5788 habeatur,
1117 5723 1220 5776 hoc
1266 5723 1519 5794 praecipio
1549 5741 1564 5778 :
1595 5725 1828 5796 alioquin
1858 5723 1938 5777 lu-

327 5822 494 5865 crum
520 5819 751 5880 nntium,
775 5813 869 5869 sed
895 5813 1301 5869 detrimentum.

1377 371 1443 430 IN
1481 370 1696 428 EPIST.
1737 369 1778 425 ι.
1821 369 1913 425 AD
1950 368 2108 424 COR.
2150 367 2380 424 IIOMIL.
2424 367 2543 425 XX.

3511 377 3609 432 (62

2086 481 2137 535 2.
2187 481 2373 536 Vidcn‘
2399 482 2668 552 quomodo
2687 483 2795 553 jam
2824 485 2962 539 viam
2997 497 3147 555 parat
3173 487 3238 543 ad
3268 503 3598 559 sermonem,

2015 587 2176 640 quem
2202 571 2272 627 de
2314 575 2539 630 caritate
2568 583 2653 629 est
2681 573 2960 631 habiturus
2977 579 3001 628 ?
3027 578 3159 634 Nam
3186 581 3308 652 quia
3343 582 3456 638 haec
3477 599 3598 641 om-

2017 663 2103 716 nia
2136 664 2275 717 mala
2307 664 2433 719 hinc
2470 666 2827 732 accidebant,
2877 684 2982 724 non
3029 680 3208 727 autem
3257 689 3322 728 cx
3367 675 3600 744 perfecta

2014 754 2263 819 scientia,
2293 755 2388 810 sed
2417 758 2560 826 quod
2593 774 2699 812 non
2724 759 3011 815 admodum
3043 761 3350 834 diligerent,
3385 782 3482 821 nec
3515 785 3598 824 re-

2017 846 2112 902 bus
2143 849 2370 918 proximi
2406 862 2708 918 parcerent;
2744 853 2885 907 unde
2915 856 3262 924 contingebat
3288 857 3409 912 illos
3438 858 3603 912 dissi-

2015 938 2142 993 dere
2166 982 2180 1001 ,
2203 939 2380 994 efferri
2405 980 2422 1003 ,
2463 951 2763 1013 cieteraque
2808 949 2985 1000 omnia
3015 950 3233 1004 evenire
3256 991 3272 1016 ,
3316 950 3385 1005 de
3411 952 3605 1020 quibus

2016 1029 2104 1084 ille
2131 1039 2184 1085 et
2211 1040 2335 1085 ante
2361 1041 2414 1086 et
2442 1044 2563 1102 post
2603 1033 2718 1088 haec
2746 1037 3019 1107 redarguit
3044 1053 3058 1091 :
3085 1041 3392 1109 frequenter
3421 1041 3488 1096 de
3516 1058 3608 1095 ca-

2015 1122 2171 1176 ritate
2217 1133 2438 1190 tractat,
2489 1125 2690 1180 fontem
2731 1129 2971 1182 oniuium
3017 1129 3278 1185 bonorum
3331 1133 3603 1202 puriorem

2016 1211 2266 1268 reddens.
2297 1214 2433 1282 Quid
2458 1231 2587 1286 ergo
2615 1217 2778 1271 inflati
2807 1219 2937 1273 estis
2958 1261 2973 1285 ,
3008 1220 3212 1289 inquit,
3243 1222 3310 1277 de
3337 1225 3604 1280 scientia?

2015 1302 2069 1356 Si
2090 1303 2232 1356 enim
2261 1305 2539 1360 caritatem
2565 1323 2670 1360 non
2720 1308 3039 1376 habueritis,
3073 1310 3198 1365 hinc
3224 1313 3477 1367 damnum
3504 1330 3596 1370 ac-

2015 1393 2226 1462 cipietis
2251 1410 2264 1446 :
2294 1396 2419 1465 quid
2464 1399 2608 1452 enim
2649 1402 2953 1469 arrogantia
3003 1402 3196 1471 pejus?
3231 1404 3275 1457 si
3310 1420 3440 1460 vero
3469 1407 3601 1462 illud

2016 1485 2189 1550 adsit,
2227 1489 2388 1542 etiam
2419 1489 2520 1544 hoc
2551 1491 2604 1545 in
2651 1500 2766 1545 tuto
2788 1493 2911 1547 erit.
2948 1495 3172 1550 Etiamsi
3217 1497 3360 1551 enim
3397 1498 3598 1568 aliquid

2015 1580 2245 1649 amplius
2272 1584 2414 1637 scias
2435 1624 2450 1647 ,
2483 1598 2640 1654 quam
2671 1587 2978 1655 proximus;
3011 1589 3056 1642 si
3095 1604 3245 1644 ames
3273 1591 3456 1657 illum,
3491 1609 3598 1647 non

2015 1672 2312 1737 extolleris,
2342 1673 2435 1728 sed
2467 1676 2640 1744 ipsum
2663 1691 2878 1746 quoque
2903 1678 2969 1732 ad
2994 1678 3097 1734 hoc
3118 1679 3371 1737 dcduces.
3398 1683 3599 1750 Quam-

2015 1762 2200 1817 obrem
2230 1779 2350 1818 cum
2382 1766 2609 1823 dixisset
2629 1811 2642 1830 .
2677 1769 2904 1824 Scientia
2945 1773 3112 1842 inﬂat,
3146 1773 3368 1839 addidit,
3400 1774 3600 1832 Caritas

2015 1867 2185 1910 autem
2212 1858 2452 1927 azdiﬁcat.
2484 1859 2599 1915 Non
2625 1861 2759 1916 dixit
2784 1905 2798 1927 ,
2829 1863 3066 1920 Modesto
3089 1882 3147 1921 se
3169 1869 3347 1937 gerit,
3371 1870 3463 1925 sed
3495 1871 3597 1926 ali-

2014 1947 2140 2016 quid
2174 1948 2332 2018 longe
2360 1951 2530 2018 majus
2558 1961 2609 2006 et
2641 1953 2858 2007 utilius:
2890 1957 3114 2011 scientia
3141 1961 3284 2013 enim
3305 1976 3409 2015 non
3439 1965 3600 2019 modo

2016 2037 2252 2105 inflabat,
2285 2040 2377 2095 sed
2405 2043 2566 2096 etiam
2596 2043 2948 2115 disjuugebat.
2983 2048 3212 2118 Ideoque
3259 2053 3358 2107 hoc
3387 2053 3458 2109 illi
3504 2069 3601 2124 0p-

2017 2135 2216 2202 pusuit.
2246 2135 2448 2191 Deinde
2471 2139 2685 2192 tertium
2717 2155 2930 2209 qucque
2963 2144 3130 2210 ponit,
3157 2144 3298 2213 quod
3330 2147 3448 2200 illos
3476 2163 3599 2218 pos.

2017 2224 2082 2278 sit
2109 2224 2362 2294 dejicere.
2392 2227 2672 2296 Quodnam
2706 2230 2835 2284 illud
2884 2233 3006 2285 est?
3042 2233 3192 2299 Quod
3227 2236 3436 2290 etiamsi
3465 2253 3599 2293 con-

2011 2315 2191 2385 juncta
2216 2319 2283 2373 sit
2304 2322 2520 2387 caritas,
2550 2337 2617 2376 ne
2637 2323 2716 2377 sic
2735 2323 2951 2393 quidem
2983 2325 3219 2394 perfecta
3248 2328 3592 2385 sitscicntia:

2017 2408 2242 2479 ideoque
2268 2411 2544 2480 subjunxit
2569 2432 2581 2467 :
2613 2412 2670 2467 2.
2702 2414 2764 2469 Si
2782 2415 2895 2486 quis
2922 2427 3088 2471 autem
3116 2419 3366 2474 existimat
3395 2439 3448 2476 se
3475 2425 3602 2478 scire

2016 2498 2210 2568 aliquid
2225 2542 2241 2566 ,
2265 2501 2490 2554 nondum
2513 2505 2743 2574 cognouit
2758 2508 3039 2574 -quomodo
3061 2519 3288 2577 aperteat
3315 2527 3429 2566 eum
3451 2515 3599 2569 scire.

2019 2588 2144 2644 Ilzec
2170 2591 2406 2646 maxima
2441 2594 2592 2664 plaga
2626 2595 2900 2664 infligitur.
2928 2598 3043 2652 Non
3071 2600 3192 2656 dico
3213 2604 3377 2668 enim,
3410 2605 3600 2676 inquit,

2018 2680 2295 2736 scientiam
2338 2698 2679 2740 communem
2725 2702 2845 2742 esse
2890 2691 3172 2746 omnibus:
3203 2709 3310 2749 non
3349 2695 3470 2750 dico
3512 2707 3602 2764 te,

2017 2773 2107 2841 qui
2139 2773 2264 2828 odio
2296 2775 2463 2830 habes
2505 2779 2808 2846 proximum
2852 2790 2906 2834 et
2949 2797 3205 2852 arrogans
3247 2799 3340 2852 es,
3373 2787 3466 2841 tibi
3499 2789 3600 2858 ipsi

2019 2866 2250 2922 maxime
2275 2883 2490 2923 nocere.
2520 2870 2742 2925 Etiamsi
2767 2873 2910 2927 enim
2942 2874 3087 2929 solus
3116 2875 3362 2942 haberes,
3389 2879 3600 2933 etiamsl

2018 2960 2258 3015 modeste
2285 2977 2473 3031 ageres
2498 3006 2513 3030 ,
2543 2965 2754 3020 etiamsi
2797 2967 3014 3023 fratrem
3044 2969 3300 3040 diligeres
3325 3013 3340 3037 ,
3369 2973 3448 3026 sic
3471 2988 3603 3043 quo—

2018 3066 2122 3120 que
2151 3052 2492 3122 imperfectus
2523 3070 2673 3111 esses
2694 3059 2987 3114 secundum
3018 3063 3297 3117 scientiam
3323 3081 3336 3116 :
3365 3064 3600 3120 nondum

2019 3143 2160 3195 enim
2189 3144 2297 3199 scis
2321 3145 2614 3216 quidpiam,
2645 3158 2702 3202 ut
2728 3151 2867 3204 scire
2897 3162 3126 3221 oportet.
3155 3151 3290 3222 Quid
3315 3155 3359 3209 si
3402 3155 3600 3210 nullam

2019 3231 2192 3287 adhuc
2213 3245 2514 3290 accuratam
2537 3239 2815 3293 scientiam
2839 3239 3166 3308 habeamus;
3195 3245 3462 3315 quomodo
3485 3247 3603 3316 qui-

2019 3323 2141 3378 dam
2171 3324 2222 3378 in
2250 3333 2450 3380 tantam
2480 3328 2738 3383 insaniam
2771 3344 3169 3400 processerunt,
3197 3344 3253 3388 nt
3281 3335 3522 3393 dicerent
3542 3354 3602 3394 se

2022 3415 2185 3470 Deum
2204 3433 2324 3473 cuin
2351 3420 2498 3475 omni
2521 3423 2861 3478 accurationc
2882 3430 3245 3494 cognoscere?
3263 3444 3384 3484 nam
3413 3435 3603 3484 etiam-

2021 3511 2066 3564 si
2120 3514 2357 3566 omnium
2419 3513 2642 3568 aliarum
2701 3530 2882 3570 rerum
2955 3528 3261 3572 accuratam
3324 3523 3602 3576 scientiam

2024 3602 2377 3669 haberemus,
2412 3619 2584 3674 neque
2637 3606 2715 3659 sic
2746 3604 2858 3660 fieri
2900 3619 3107 3676 posset,
3157 3618 3209 3662 ut
3263 3609 3399 3663 lianc
3447 3612 3606 3666 etiam

2024 3690 2362 3748 haberemus.
2400 3693 2664 3759 Quantum
2687 3695 2827 3749 enim
2855 3696 2925 3750 sit
2947 3697 3172 3767 spatium
3203 3699 3340 3753 inter
3369 3700 3532 3754 Deum
3554 3711 3610 3756 et

2024 3784 2125 3838 alia
2154 3785 2331 3839 omnia
2355 3827 2369 3852 ,
2400 3801 2466 3841 ne
2493 3785 2599 3841 dici
2624 3787 2838 3857 quidem
2870 3800 3061 3858 potest.
3093 3790 3162 3844 Et
3190 3791 3310 3847 vide
3335 3793 3606 3863 quomodo

2026 3878 2237 3933 illorum
2272 3879 2464 3934 fastum
2506 3881 2742 3951 dejiciat.
2786 3883 2899 3937 Non
2932 3884 3074 3939 cnim
3105 3884 3283 3953 dixit,
3331 3887 3404 3941 Dc
3445 3887 3606 3942 rebus

2023 3973 2313 4044 ριόροείιίδ
2338 3984 2720 4045 congruentem
2767 3978 3042 4032 scientiam
3085 3995 3190 4033 non
3227 3979 3466 4046 habetis,
3511 3981 3607 4038 sed

2017 4067 2092 4121 De
2118 4079 2176 4120 re
2203 4065 2463 4135 qualibet.
2492 4065 2677 4138 Neque
2699 4069 2870 4136 dixit,
2905 4067 3014 4124 Vos
3058 4079 3260 4124 tantum
3285 4115 3298 4138 ,
3330 4073 3422 4127 scd
3445 4069 3609 4138 .Qui-

2025 4171 2254 4226 cumque
2281 4157 2386 4212 sit:
2413 4159 2624 4214 etiamsi
2672 4160 2861 4215 Petrus
2893 4160 3091 4228 fuerit,
3123 4164 3334 4217 etiamsi
3379 4165 3608 4230 Paulus,

2025 4250 2231 4304 etiamsi
2259 4250 2433 4320 quivis
2463 4252 2617 4306 alius.
2655 4251 2766 4307 Iloc
2791 4255 2932 4306 enim
2961 4253 3106 4306 dicto
3140 4255 3256 4308 illos
3287 4265 3534 4310 accurate
3556 4267 3612 4310 et

2024 4342 2331 4395 consmatus
2362 4351 2444 4396 est
2486 4351 2542 4395 et
2585 4344 2863 4409 repressit.
2914 4343 2966 4396 5.
3004 4342 3065 4395 Si
3093 4344 3203 4410 quis
3231 4354 3399 4395 autem
3445 4344 3612 4414 diligit

2027 4431 2215 4499 Deum,
2251 4433 2331 4486 hic
2359 4435 2588 4504 cognitus
2615 4444 2686 4486 est
2709 4433 2770 4486 ab
2815 4450 2893 4487 eo.
2926 4433 3042 4488 Non
3069 4434 3236 4496 dixit,
3266 4433 3424 4488 Novit
3451 4453 3573 4490 eum
3593 4477 3610 4505 ,

2029 4525 2145 4592 sed,
2177 4524 2419 4594 Coguitus
2459 4533 2529 4578 est
2558 4528 2620 4578 ab
2650 4540 2726 4578 eo.
2776 4524 2892 4579 Non
2939 4525 3080 4579 enim
3112 4541 3209 4580 nos
3255 4527 3429 4596 ipsum
3461 4533 3612 4583 ltm'l-

2031 4631 2170 4682 mus,
2204 4616 2296 4671 sed
2326 4617 2440 4686 ipse
2468 4630 2566 4670 nos
2595 4616 2744 4670 novit
2778 4616 2876 4688 (a).
2911 4615 3035 4671 Ideo
3081 4617 3293 4672 dicebat
3323 4618 3570 4674 Christus
3596 4637 3609 4673 :

2031 4709 2153 4765 Non
2184 4725 2269 4764 vos
2298 4726 2374 4764 me
2402 4708 2642 4781 elegistis,
2674 4709 2763 4764 sed
2788 4727 2879 4780 ego
2908 4710 3034 4780 elegi
3059 4726 3143 4764 vos
3169 4709 3348 4782 (Joan.
3377 4713 3461 4768 I5.
3498 4711 3610 4786 I6);

2031 4813 2083 4860 et
2111 4803 2309 4858 Paulus
2339 4803 2464 4858 alibi
2497 4821 2510 4857 :
2541 4800 2686 4856 Tunc
2714 4814 2882 4856 autem
2918 4819 3216 4873 cognoscam
3260 4805 3388 4858 sicut
3431 4815 3479 4859 et
3523 4823 3613 4860 co-

2031 4896 2200 4967 gnitus
2244 4911 2357 4948 sum
2403 4894 2497 4962 (I.
2530 4894 2649 4948 Cor.
2683 4895 2769 4948 I5.
2814 4895 2940 4966 I2).
2976 4896 3254 4966 Perpende
3300 4897 3458 4968 igitur
3487 4908 3613 4969 quot

2032 4987 2188 5042 dictis
2219 4988 2430 5041 illorum
2465 4985 2658 5040 fastum
2690 4987 2972 5057 deprimat.
3021 4989 3202 5044 Primo
3230 4991 3468 5045 ostendit
3498 4991 3616 5047 illos

2035 5095 2140 5133 non
2169 5079 2316 5132 solos
2342 5078 2482 5131 scire
2513 5092 2578 5131 ea
2602 5093 2720 5146 qua:
2743 5080 2951 5143 sciuut;
2989 5078 3176 5134 Omnes
3204 5082 3346 5134 enim
3368 5119 3382 5144 ,
3414 5080 3617 5150 inquit,

2034 5169 2294 5222 scientiam
2340 5167 2616 5222 habemus:
2658 5167 2850 5222 deinde
2895 5184 3007 5221 rem
3039 5183 3161 5222 esse
3193 5169 3412 5224 noxiam
3435 5213 3450 5239 ,
3480 5171 3524 5226 si
3551 5173 3622 5229 sit

2039 5262 2154 5315 sine
2181 5262 2443 5325 caritate;
2491 5275 2614 5313 nam
2665 5259 2893 5313 Scientia
2934 5260 3120 5329 inﬂat,
3155 5261 3323 5332 inquit
3352 5283 3367 5318 :
3400 5276 3582 5335 postea
3603 5307 3623 5335 ,

2039 5352 2181 5422 quod
2209 5351 2420 5406 etiamsi
2462 5351 2531 5405 sit
2559 5365 2678 5405 cum
2723 5350 2978 5417 caritate,
3011 5351 3062 5407 id
3092 5369 3196 5407 non
3225 5355 3527 5412 absolutum
3556 5359 3627 5413 sit

2043 5457 2216 5513 neque
2243 5441 2536 5512 perfectum
2567 5458 2582 5497 :
2609 5440 2671 5496 Si
2695 5440 2836 5496 enim
2865 5442 2976 5512 quis
3003 5453 3147 5512 putat
3176 5460 3229 5498 se
3252 5447 3381 5500 scire
3408 5448 3624 5513 aliquid,

2043 5534 2266 5589 nondum
2298 5534 2392 5587 scit
2473 5535 2899 5605 quemadmodum
2953 5547 3152 5606 oportet
3194 5539 3342 5592 scire.
3386 5539 3467 5592 Ad
3515 5537 3628 5591 haec

2044 5644 2173 5684 vero
2199 5669 2213 5694 ,
2244 5626 2385 5697 quod
2415 5640 2518 5682 non
2550 5626 2652 5682 hoc
2677 5643 2744 5682 ex
2777 5643 2836 5683 se
2864 5628 3140 5694 habeant,
3173 5629 3266 5682 sed
3296 5628 3404 5680 Deo
3433 5627 3628 5691 dante;

2110 5765 2186 5828 (α)
2212 5764 2264 5813 li
2289 5766 2615 5828 sequentibus
2639 5766 2839 5826 Regium
2858 5765 3082 5815 Codicem
3106 5763 3378 5825 sequimur.
3404 5757 3458 5805 In
3482 5757 3636 5810 Editis

2048 5826 2268 5888 quaedam
2289 5826 2564 5876 necessaria
2588 5827 2813 5877 deerant.
