3986 6202
395 323 499 381 163

391 454 402 488 ι
431 449 501 488 on
529 432 668 490 enim
687 429 851 493 dixit,
879 425 1035 481 Novit
1064 424 1251 487 Demn,
1279 421 1394 483 sed,
1419 417 1660 488 Cognitus
1685 426 1757 468 est
1783 416 1845 468 ab
1866 430 1923 467 eo
1951 429 1966 466 :

395 524 589 582 deinde
611 563 628 586 ,
657 521 795 590 quod
825 519 922 572 hoc
946 531 973 570 a
1001 515 1222 568 caritate
1271 511 1363 564 (lat
1386 552 1400 574 ,
1430 524 1587 578 quam
1621 522 1726 561 non
1773 505 1971 559 habent

397 628 458 672 ut
485 621 778 684 opOrteret.
809 608 937 662 Nam
966 607 1025 660 Si
1050 605 1161 674 quis
1188 643 1202 663 ,
1236 603 1305 655 ait
1328 644 1342 666 ,
1374 600 1538 670 diligit
1566 598 1758 664 Deum,
1783 595 1862 647 hic
1888 610 1970 647 co-

395 707 564 778 gnitus
591 712 664 756 est
690 701 751 753 ab
777 716 856 753 eo.
902 697 1036 752 Cum
1087 709 1179 763 per
1220 693 1334 746 hzcc
1364 692 1604 745 leniisset
1634 689 1847 778 illorum
1883 694 1970 778 tu-

396 773 626 858 morem,
648 790 831 859 incipit
854 788 1147 841 doctrinam
1171 784 1448 837 inStituerc
1479 781 1561 835 his
1581 779 1756 833 verbis
1785 795 1797 828 :
1823 776 1876 830 4.
1898 773 1978 827 De

395 901 506 941 esca
527 885 684 954 igitur
701 895 816 952 qua:
836 880 933 932 diis
958 877 1253 930 immolatur
1272 913 1287 936 ,
1318 874 1506 926 scimus
1529 869 1662 940 quod
1691 867 1889 921 nullum
1914 865 1976 917 sit

397 978 592 1031 idolum
619 979 674 1029 in
703 974 892 1027 mundo
913 1014 927 1036 ,
955 981 1000 1023 et
1026 969 1157 1037 quod
1181 967 1356 1020 nullus
1382 962 1520 1017 Deus
1544 964 1677 1015 alius
1706 960 1805 1013 nisi
1825 969 1975 1011 unus;

404 1067 536 1122 Vide
585 1068 637 1119 in
681 1074 932 1136 quautam
992 1058 1289 1128 angustiam
1339 1053 1607 1108 inciderit.
1658 1050 1785 1105 Vult
1836 1049 1978 1103 enim

405 1172 691 1229 utrumque
711 1156 958 1226 probare,
979 1150 1119 1222 quod
1145 1168 1172 1201 ιι
1199 1149 1288 1201 tali
1318 1160 1501 1200 mensa
1522 1144 1793 1198 abstinere
1819 1155 1982 1229 oporf

409 1261 542 1312 teat,
575 1228 795 1317 etquod
835 1247 938 1298 vim
982 1259 1085 1295 non
1128 1240 1320 1293 haheat
1362 1235 1431 1291 ad
1460 1233 1728 1290 laidendos
1771 1245 1865 1284 eos
1892 1228 1984 1300 qui

407 1353 532 1396 sunt
561 1339 676 1409 ejus
703 1336 1023 1407 participes:
1054 1347 1173 1401 qtue
1199 1328 1413 1399 quidem
1441 1342 1546 1380 non
1585 1322 1874 1378 admodum
1903 1322 1954 1374 in

408 1442 488 1486 ter
515 1446 573 1484 se
601 1427 1007 1484 conveniebant.
1040 1423 1171 1477 Nam
1195 1437 1314 1475 cum
1342 1419 1656 1474 didicissent
1684 1431 1747 1470 ea
1778 1430 1882 1468 non
1911 1411 1991 1467 af-

410 1524 549 1577 ferre
597 1521 894 1585 damnum,
948 1533 1009 1571 ea
1064 1525 1330 1583 tatnquam
1387 1510 1742 1566 indill'erentia
1794 1505 1990 1560 adituri

412 1622 567 1668 erant
607 1627 620 1664 :
665 1626 785 1664 cum
828 1625 956 1664 vero
1001 1606 1385 1676 impedirentur
1426 1617 1493 1655 ne
1538 1601 1623 1654 illa
1671 1608 1988 1666 tangerent,

411 1719 597 1759 rursus
630 1700 1068 1770 suspicabantur,
1112 1697 1250 1766 quod
1306 1692 1556 1763 prohibiti
1609 1698 1792 1744 essent
1839 1686 1990 1757 quasi

415 1795 504 1848 illa
538 1794 644 1848 vim
689 1792 949 1846 haberent
976 1788 1229 1842 laadendi.
1262 1786 1386 1840 Ideo
1436 1800 1554 1839 cum
1588 1783 1848 1835 idolorum
1875 1781 1994 1846 opi-

414 1887 626 1938 nionem
655 1882 983 1945 Sustulisset,
1008 1878 1311 1932 abstinendi
1337 1877 1561 1946 primam
1592 1888 1808 1927 causam
1841 1870 1996 1924 affert

414 1976 634 2031 fratrum
666 1972 1018 2036 ollendicula,
1046 1971 1124 2024 sic
1164 1969 1350 2022 dicens
1374 1985 1388 2021 :
1416 1966 1492 2020 De
1519 1982 1630 2019 esca
1658 1965 1814 2033 igitur
1839 2003 1854 2025 ,
1887 1975 2000 2028 qutz

416 2067 512 2118 diis
539 2065 848 2126 immolatur,
872 2063 1058 2116 scimus
1078 2060 1211 2130 quod
1242 2056 1441 2112 nullum
1465 2057 1530 2108 sit
1554 2053 1748 2107 idolum
1775 2053 1827 2105 in
1849 2068 2000 2103 mun-

417 2159 501 2210 do.
536 2156 740 2212 Rursus
767 2155 938 2224 ipsmn
967 2168 1251 2206 commune
1301 2149 1460 2213 l'acit,
1494 2160 1594 2200 nec
1619 2143 1870 2200 concedit
1899 2142 2003 2196 hoc

419 2249 630 2303 illorutn
672 2263 790 2302 esse
833 2246 1034 2309 Solum,
1082 2241 1176 2296 sed
1218 2240 1457 2295 extendit
1496 2238 1858 2307 cognitionem
1911 2249 2004 2302 per

425 2351 592 2396 totum
619 2341 806 2394 orbem
834 2348 1009 2392 terrm.
1055 2335 1237 2403 Neque
1277 2334 1418 2387 enim
1460 2331 1597 2400 apud
1627 2345 1720 2384 vos
1761 2336 2000 2388 tantum,

425 2435 617 2506 inquit,
650 2432 746 2489 sed
776 2432 968 2501 ubique
999 2439 1259 2484 terrarum
1293 2427 1394 2480 hoc
1417 2424 1612 2493 dogma
1644 2422 1748 2476 vim
1777 2421 2000 2474 obtinet.

428 2526 706 2594 Quodnam
739 2522 908 2577 illud?
957 2519 1106 2584 Quod
1151 2518 1346 2572 nullum
1375 2518 1438 2570 sit
1483 2514 1672 2568 idolum
1704 2514 1755 2566 in
1785 2511 1969 2564 mundo
1989 2550 2004 2576 ,

428 2627 474 2670 et
505 2617 634 2685 quod
675 2631 776 2668 non
802 2613 864 2667 sit
908 2610 1049 2665 Deus
1078 2610 1210 2663 alius
1255 2608 1350 2661 nisi
1390 2622 1539 2660 unus.
1586 2604 1700 2658 Non
1733 2611 1855 2656 sunt
1879 2617 2008 2669 ergo

433 2708 610 2762 idola?
632 2723 737 2764 non
759 2714 882 2760 sunt
908 2701 1280 2758 statuae'lSunt
1301 2699 1537 2769 quidem,
1563 2697 1655 2752 sed
1686 2695 1880 2750 nullam
1906 2695 2007 2746 vim

441 2801 660 2862 habent;
691 2812 864 2868 neque
889 2796 963 2851 dii
994 2803 1138 2860 sunt,
1167 2793 1262 2847 sed
1292 2790 1496 2858 lapides
1525 2796 1579 2842 et
1606 2787 1898 2841 diemones.
1929 2782 2010 2836 Ad

434 2901 688 2960 utrosque
707 2891 849 2945 enim
877 2904 1016 2943 nunc
1040 2888 1336 2942 orationem
1367 2882 1540 2952 dirigit
1569 2923 1584 2946 ,
1608 2891 1660 2935 et
1686 2880 1750 2934 ad
1779 2878 2011 2932 crassio-

435 2999 520 3037 res
547 2991 600 3036 ct
628 2981 692 3033 ad
718 2997 814 3035 eos
856 2980 948 3049 qui
986 2975 1352 3048 philosophari
1383 2974 1646 3027 videntur.
1694 2971 1826 3037 Quia
1868 2969 2011 3024 enim

437 3072 525 3126 alii
559 3072 688 3124 nihil
721 3071 840 3140 plus
884 3070 1062 3124 sciunt
1105 3083 1261 3137 quam
1299 3064 1532 3135 lapides,
1566 3063 1654 3117 alii
1681 3077 1808 3115 vero
1834 3060 2017 3113 dicunt

443 3168 663 3217 virtute~
682 3160 934 3231 quasdam
959 3161 1010 3214 in
1041 3159 1146 3213 illis
1161 3156 1422 3220 habitare,
1441 3171 1572 3225 quas
1595 3155 1753 3209 etiam
1775 3152 1906 3207 deos
1926 3166 2020 3204 vo—

441 3263 594 3311 cant;
621 3253 722 3306 illis
743 3251 956 3321 quidem
979 3249 1108 3305 dicit
1131 3249 1330 3303 nullum
1357 3261 1477 3301 cs~e
1506 3246 1703 3300 idolum
1729 3246 1778 3297 in
1798 3243 2014 3308 mundo,

442 3343 560 3397 aliis
606 3358 773 3408 vero,
806 3357 910 3396 non
941 3357 1060 3396 esse
1090 3340 1260 3395 Deum
1307 3341 1361 3393 in
1405 3337 1602 3391 nitindo
1647 3337 1745 3389 nisi
1770 3349 1954 3388 unum.

515 3437 566 3490 5.
606 3435 786 3490 Vidcn'
813 3434 1082 3506 quomodo
1111 3448 1214 3485 non
1243 3432 1435 3485 frustra
1466 3429 1656 3499 dogma
1684 3428 2020 3484 constituens

444 3527 558 3582 ha‘c
589 3527 782 3580 scribat
808 3566 825 3592 ,
867 3525 961 3581 scd
989 3525 1054 3578 ad
1082 3523 1434 3578 diﬂ'ereutiam
1482 3521 1866 3576 externorum?
1897 3533 2018 3572 nam

443 3619 568 3673 illud
599 3619 791 3688 ltitique
817 3615 1208 3671 observandum
1232 3657 1246 3680 ,
1279 3616 1393 3668 sive
1433 3613 1679 3667 ahStilttle
1694 3611 1978 3682 quiddicat
1999 3649 2014 3674 ,

443 3711 556 3764 sive
595 3711 716 3762 aliis
743 3710 1028 3762 obsistens.
1081 3705 1265 3775 Neque
1308 3706 1452 3760 enim
1495 3704 1598 3758 hoc
1637 3719 1823 3772 parum
1867 3703 2022 3757 nobis

452 3799 664 3854 confert
693 3800 758 3851 ad
788 3799 1096 3866 dogmatmn
1139 3797 1532 3851 accurationem
1555 3804 1610 3849 et
1650 3795 1716 3848 ad
1758 3794 2020 3849 dictorum

453 3888 877 3954 intelligentiam.
913 3886 966 3941 5.
1005 3884 1142 3938 Nunt
1169 3886 1263 3939 etsi
1287 3895 1402 3938 sunt
1427 3887 1512 3952 qui
1541 3887 1780 3936 dicuntur
1807 3884 1897 3946 dii,
1923 3885 2026 3937 sive

451 3980 504 4031 in
523 3975 782 4041 etrlo,sire
806 3975 855 4028 in
879 3985 1043 4037 terra;
1073 3984 1128 4027 ut
1147 3984 1262 4027 sunt
1288 3975 1358 4026 dii
1388 3973 1536 4026 multi
1554 3983 1601 4024 et
1627 3973 1820 4025 domini
1843 3973 1987 4025 multi
2004 3990 2022 4026 :

452 4066 506 4122 6.
541 4064 681 4118 nobis
707 4076 870 4117 tamen
892 4081 1021 4118 unus
1050 4063 1184 4117 Deus
1217 4062 1370 4116 Pater
1387 4104 1402 4130 ,
1430 4078 1493 4116 ea:
1516 4079 1611 4132 quo
1636 4062 1805 4114 omnia
1825 4101 1841 4126 ,
1869 4072 1915 4114 et
1937 4077 2028 4116 nos

455 4157 509 4210 in
522 4157 656 4226 ipso;
672 4165 717 4209 et
736 4173 865 4208 unus
889 4154 1134 4208 Dominus
1151 4153 1299 4208 Jesus
1315 4153 1562 4220 Christus,
1581 4170 1668 4223 per
1677 4170 1823 4224 quem
1835 4155 2024 4220 omnia,

456 4260 504 4302 et
532 4264 623 4302 nos
666 4265 754 4317 per
779 4248 964 4319 ipsum.
997 4247 1128 4314 Quia
1158 4245 1322 4312 dixit,
1356 4245 1560 4300 nullum
1599 4259 1718 4300 esse
1750 4245 1948 4299 idolum
1973 4253 2029 4300 et

456 4340 658 4394 nnllmn
694 4340 857 4396 Deum
890 4338 1085 4404 alium;
1117 4349 1374 4406 erantque
1401 4347 1576 4393 tamen
1608 4337 1768 4402 idola,
1798 4345 1854 4392 et
1877 4347 2031 4392 erant

455 4434 543 4504 qui
571 4433 642 4488 dii
676 4434 1036 4490 vocabantur:
1071 4448 1137 4487 ne
1176 4431 1420 4487 videatur
1442 4440 1631 4486 contra
1659 4445 1770 4485 rem
1807 4429 2030 4485 manife-

455 4536 591 4580 stam
638 4540 888 4594 pugnare,
919 4525 1189 4594 subjungit
1232 4523 1322 4597 (si
1373 4532 1498 4578 sunt
1537 4524 1605 4575 ita
1643 4524 1889 4590 appellati
1929 4522 2023 4588 dii,

460 4625 515 4668 ut
565 4628 750 4669 revera
801 4624 947 4678 sunt,
978 4630 1082 4669 non
1138 4630 1261 4668 vere
1294 4623 1436 4672 sunt,
1482 4613 1576 4666 scd
1626 4613 1699 4666 ita
1747 4614 2028 4677 dicuntur;

459 4723 567 4760 non
624 4705 676 4759 in
726 4721 820 4767 re,
863 4705 956 4760 sed
1000 4706 1053 4760 in
1082 4707 1246 4759 verbo
1290 4705 1388 4756 hoc
1438 4701 1740 4773 habentes)
1773 4722 1786 4756 :
1817 4704 1935 4760 Sive
1981 4705 2033 4758 iu

460 4799 584 4850 calo
607 4839 621 4861 ,
653 4797 755 4850 siue
783 4797 834 4849 in
865 4806 1033 4861 terra;
1061 4795 1113 4848 in
1162 4797 1294 4849 caelo
1339 4794 1523 4848 dicens
1566 4794 1732 4847 solent
1760 4803 1811 4848 et
1857 4795 2032 4850 lunam

461 4899 517 4943 et
556 4889 814 4958 reliquum
846 4898 1108 4941 astrorum
1137 4889 1394 4951 chorum;
1428 4903 1548 4941 nam
1583 4887 1696 4942 lucc
1723 4888 1882 4942 etiam
1908 4888 2036 4944 ado-

464 4979 654 5036 rabant
678 4979 940 5050 gentiles;
974 4979 1026 5032 in
1060 4988 1220 5044 terra,
1253 4978 1543 5042 daemonas,
1573 4989 1625 5032 et
1647 4995 1740 5034 cos
1771 4993 1834 5033 ex
1859 4977 2032 5033 homi-

464 5071 618 5126 nibus
645 5072 734 5140 qui
774 5071 827 5125 in
856 5069 988 5126 deos
1015 5070 1168 5125 relati
1213 5079 1358 5124 sunt.
1409 5069 1516 5124 Sed
1543 5069 1683 5122 nobis
1720 5085 1852 5122 unus
1897 5067 2036 5123 Deus

468 5159 639 5214 Pater.
675 5162 807 5216 Cum
836 5165 981 5235 prius
1022 5163 1289 5233 posuisset
1327 5163 1527 5232 absque
1577 5162 1663 5216 illa
1692 5176 1822 5213 voce
1847 5161 2034 5227 Pater,

465 5261 519 5304 et
547 5251 784 5314 dixisset,
819 5252 1011 5307 Nullus
1043 5264 1116 5307 est
1140 5256 1271 5308 alius
1305 5253 1438 5307 Deus
1460 5254 1558 5306 nisi
1585 5270 1746 5316 unus;
1774 5268 1913 5308 nunc
1936 5253 2039 5308 hoc

466 5342 647 5404 addit,
680 5351 954 5411 postquam
985 5345 1104 5398 illos
1132 5345 1351 5398 omnino
1377 5343 1631 5412 eiecerat.
1669 5343 1868 5399 Deinde
1897 5343 2037 5413 quod

468 5449 547 5490 est
573 5435 861 5488 maximum
893 5436 1181 5492 divinitatis
1205 5436 1463 5505 judicium
1492 5437 1639 5491 addit
1665 5455 1676 5490 :
1711 5436 1792 5491 Ea:
1813 5454 1913 5506 quo
1933 5455 2042 5490 om-

469 5528 574 5584 nia.
607 5528 716 5581 Hoc
736 5529 877 5582 enim
900 5527 1135 5582 ostendit
1166 5527 1288 5582 illos
1320 5543 1423 5582 non
1446 5543 1566 5582 esse
1585 5529 1734 5583 deos.
1765 5529 1843 5582 Dii
1871 5529 2036 5594 enim,

469 5619 659 5688 inquit,
692 5621 780 5690 qui
809 5621 998 5676 ctelnm
1028 5630 1082 5676 et
1112 5631 1305 5676 terram
1344 5636 1448 5674 non
1491 5620 1729 5676 fecerunt
1752 5662 1767 5687 ,
1796 5634 2036 5692 pereant.

474 5708 694 5779 Deinde,
726 5712 868 5786 quod
901 5729 1004 5768 non
1036 5714 1210 5769 minus
1241 5723 1344 5780 est,
1374 5712 1555 5782 adjicit
1583 5730 1594 5766 :
1627 5711 1691 5764 Et
1714 5729 1804 5766 nos
1835 5714 1885 5766 in
1906 5715 2035 5784 ipso.

1133 308 1190 366 S.
1229 303 1503 362 .‘OA‘NNIS
1547 296 2017 356 CHRYSOSTUMI
2058 294 2374 350 ARCHIEP.
2415 291 2942 348 CONSTANTINOP.

3555 293 3648 351 164

2080 410 2303 478 Quando
2322 410 2462 464 enim
2481 408 2634 473 dixit,
2656 409 2738 462 Ea:
2753 425 2850 478 quo
2877 409 3045 462 omnia
3068 451 3083 473 ,
3099 409 3425 464 creationem
3453 422 3659 466 meniu-

2081 510 2164 555 rat
2184 509 2240 554 et
2255 499 2657 570 productionetn
2675 515 2740 552 ex
2760 498 2927 553 nihilo
2947 499 3012 552 ad
3035 499 3373 554 existentiam
3393 517 3408 564 ;
3433 514 3554 554 cum
3573 517 3658 556 au-

2083 603 2187 646 tem
2209 592 2358 654 dicit,
2380 591 2444 644 Et
2465 609 2555 645 nos
2580 593 2632 644 in
2648 593 2779 659 ipso,
2814 591 2932 646 lidei
2953 601 3008 646 et
3020 592 3416 660 coniunctionis
3436 595 3656 648 verbum

2084 681 2283 752 profert
2307 699 2319 733 :
2344 683 2485 752 quod
2509 694 2661 736 antea
2685 697 2894 752 quoque
2917 682 3166 737 dicebat:
3193 681 3276 736 Ea:
3294 684 3405 752 ipso
3426 693 3593 738 autem
3617 692 3662 737 et

2065 789 2169 829 ’νος
2195 779 2312 830 estis
2343 776 2396 828 in
2412 775 2610 828 Christo
2621 774 2746 828 Jesu
2766 776 2841 843 (1.
2859 774 2975 828 Cor.
2994 775 3046 828 1.
3204 776 3405 845 Duplici
3426 775 3569 830 enim
3589 791 3664 828 ra-

2086 866 2230 919 tione
2243 882 2307 918 ex
2333 866 2448 933 ipso
2465 881 2668 930 smnus,
2688 865 2896 934 etquod
2913 880 3033 918 cum
3053 881 3158 920 non
3176 880 3442 931 essemus,
3459 865 3584 920 facti
3602 864 3665 919 si-

2085 971 2223 1021 mus,
2247 967 2297 1010 et
2319 957 2460 1025 quod
2500 956 2680 1010 lideles
2711 957 2830 1009 iacti
2862 956 3027 1008 simus
3047 972 3060 1007 :
3079 970 3200 1009 nam
3235 957 3336 1010 hoc
3351 970 3566 1026 quoque
3585 965 3666 1009 est

2087 1049 2292 1102 creatio
2311 1066 2323 1100 :
2343 1048 2483 1117 quod
2500 1050 2660 1102 etiam
2679 1049 2802 1104 alibi
2821 1048 2977 1102 dicit:
3001 1044 3068 1102 Ut
3085 1048 3212 1102 duos
3229 1061 3416 1102 crearet
3436 1055 3486 1101 in
3503 1049 3668 1110 seipse

2090 1145 2141 1194 in
2159 1157 2311 1194 unum
2333 1156 2512 1194 novum
2533 1141 2782 1194 hominem
2799 1138 3014 1211 (Ep/tes.
3037 1140 3091 1193 2.
3113 1138 3225 1212 16).
3248 1139 3316 1193 Et
3337 1157 3465 1194 unus
3485 1140 3671 1195 Domi-

2090 1249 2186 1285 nus
2209 1231 2240 1284 J
2249 1249 2360 1286 esus
2390 1232 2640 1297 Christus,
2688 1248 2776 1300 per
2799 1248 2943 1302 quem
2979 1233 3148 1286 omnia
3169 1243 3215 1285 et
3244 1249 3336 1286 nos
3370 1250 3460 1301 per
3477 1235 3666 1305 ipsum.

2094 1326 2159 1379 Et
2200 1325 2360 1378 etiam
2391 1323 2460 1378 de
2489 1323 2702 1378 Christo
2743 1323 2988 1378 simihter
3036 1325 3136 1378 hoc
3175 1325 3532 1395 cogitandum.
3568 1327 3670 1383 Per

2094 1419 2264 1487 ipsum
2293 1419 2435 1471 enim
2461 1433 2528 1470 ex
2555 1416 2724 1471 nihilo
2754 1417 3064 1485 productum
3095 1427 3174 1472 est
3206 1432 3374 1486 genus
3397 1418 3668 1474 hominum

2094 1511 2160 1565 ad
2200 1511 2536 1566 existentiam
2559 1549 2573 1573 ,
2602 1520 2658 1563 et
2683 1524 2745 1564 ex
2777 1524 2964 1563 errore
2996 1509 3061 1563 ad
3095 1510 3368 1564 veritatem
3417 1512 3672 1566 reductus

2096 1611 2196 1658 est.
2229 1602 2413 1672 Itaque
2443 1602 2572 1655 illml
2593 1643 2607 1665 ,
2639 1602 2720 1656 Ea:
2748 1618 2866 1670 quo.
2896 1617 3001 1656 non
3032 1611 3147 1667 est,
3175 1604 3292 1658 sine
3332 1603 3548 1657 Christ)
3573 1625 3585 1658 :
3609 1622 3674 1659 ex

2098 1694 2215 1763 ipso
2241 1693 2382 1748 enim
2417 1708 2511 1763 per
2538 1693 2808 1747 Christum
2859 1694 3023 1747 creati
3070 1709 3275 1748 sumus.
3321 1695 3504 1764 Neque
3549 1712 3677 1763 ergo

2100 1784 2317 1839 nomina
2351 1793 2621 1853 tamquam
2647 1793 2791 1838 sorte
2834 1783 3117 1839 distributa
3157 1785 3370 1852 divisit,
3401 1786 3541 1840 Filio
3565 1790 3680 1857 qui-

2100 1875 2222 1930 dem
2257 1875 2530 1939 Dominus,
2562 1874 2703 1928 Patri
2736 1889 2863 1929 vero
2891 1875 3063 1939 Dens,
3093 1877 3410 1932 attribuens.
3453 1877 3586 1931 Nam
3617 1895 3676 1932 ea

2102 1981 2316 2035 quoque
2346 1967 2485 2020 solet
2514 1980 2656 2035 saepe
2688 1977 2895 2020 mutare
2923 1965 3196 2035 Scriptura
3219 2009 3232 2032 ,
3267 1979 3319 2023 ut
3349 1984 3469 2023 cum
3500 1969 3632 2024 dicit
3657 2011 3672 2034 ,

2103 2059 2246 2112 Dixit
2293 2058 2540 2112 Dominus
2590 2057 2811 2112 Domino
2841 2074 2985 2121 utea;
3033 2067 3087 2113 et
3134 2075 3357 2124 rursus,
3400 2059 3681 2132 Propterea

2105 2153 2250 2203 unxit
2277 2160 2324 2203 te
2370 2149 2537 2214 Deus,
2565 2150 2700 2203 Deus
2729 2160 2843 2204 tuus
2866 2150 3181 2219 (Psal.lO9.
3202 2150 3313 2206 Let
3355 2154 3444 2207 44.
3473 2153 3560 2224 8);
3593 2166 3642 2208 ct
3663 2196 3676 2216 ,

2112 2242 2192 2295 Ea:
2238 2242 2414 2306 quibus
2442 2242 2670 2296 Christus
2709 2244 2985 2296 secundum
3029 2260 3263 2308 carnem,
3291 2244 3378 2310 qui
3423 2254 3496 2298 est
3534 2263 3684 2315 super

2107 2334 2276 2386 omnia
2307 2333 2439 2386 Deus
2482 2333 2659 2405 (Rom.
2691 2334 2746 2388 9.
2775 2333 2853 2404 5).
2889 2333 2951 2387 Et
2999 2348 3144 2403 saepe
3174 2334 3373 2389 videris
3417 2334 3534 2389 haec
3573 2351 3692 2390 mtt-

2111 2433 2212 2477 tata
2241 2425 2474 2478 nomina.
2519 2426 2575 2480 Si
2601 2435 2780 2480 autem
2825 2436 3006 2480 essent
3046 2427 3196 2496 quasi
3238 2438 3385 2481 sorte
3414 2429 3685 2498 assignata

2114 2515 2401 2585 unicuique
2454 2525 2659 2570 natura:
2679 2557 2694 2580 ,
2729 2532 2902 2586 neque
2949 2517 3088 2572 Dens
3111 2526 3256 2573 esset
3283 2517 3484 2585 Filius,
3516 2534 3688 2587 neque

2116 2607 2256 2660 Deus
2283 2616 2340 2660 ut
2373 2607 2556 2670 Pater,
2589 2623 2812 2662 manens
2839 2608 3037 2673 Filius;
3065 2623 3188 2663 cum
3219 2610 3382 2674 dixit,
3410 2609 3518 2664 Sed
3550 2611 3690 2664 nobis

2113 2717 2242 2753 unus
2274 2698 2441 2765 Deus,
2474 2700 2744 2770 superﬂue
2772 2701 3062 2757 addidisset
3093 2702 3220 2756 illud
3243 2744 3256 2765 ,
3282 2701 3472 2768 Pater,
3505 2705 3690 2758 volens

2114 2791 2416 2862 signiﬁcare
2444 2793 2738 2862 ingenitum
2771 2811 2783 2847 :
2816 2795 2946 2848 satis
2971 2796 3113 2849 enim
3143 2794 3327 2850 luisset
3351 2795 3500 2858 illud,
3528 2795 3688 2862 Deus,

2115 2886 2158 2935 si
2186 2883 2300 2953 ejus
2341 2884 2507 2938 solius
2537 2884 2814 2940 exhiberet
2849 2885 3249 2956 cognitionem,
3281 2886 3346 2941 ad
3394 2886 3446 2941 id
3493 2887 3696 2956 signiﬁ-

2113 2973 2364 3028 candum.
2399 2974 2514 3030 Non
2567 2975 2668 3030 hoc
2714 2985 2890 3031 autem
2933 2975 3142 3043 solum,
3173 2975 3268 3031 sed
3313 2975 3456 3030 aliud
3485 2990 3697 3047 quoque

2117 3065 2220 3118 dici
2256 3075 2450 3135 potest.
2505 3066 2559 3120 Si
2586 3066 2729 3123 enim
2761 3067 2962 3122 dixeris
2986 3107 3001 3133 ,
3031 3067 3154 3136 quia
3185 3068 3323 3123 Deus
3353 3084 3490 3122 unus
3525 3069 3700 3124 dictus

2119 3167 2200 3212 est
2220 3200 2234 3221 ,
2268 3158 2392 3211 illud
2419 3201 2434 3224 ,
2485 3158 2621 3213 Deus
2643 3198 2662 3226 ,
2700 3175 2806 3214 non
2836 3161 3084 3215 convenit
3110 3160 3277 3226 Filio;
3304 3161 3531 3216 observa
3561 3163 3698 3232 quod

2122 3251 2224 3307 hoc
2253 3253 2413 3307 etiam
2458 3252 2525 3306 de
2560 3253 2696 3307 Filio
2721 3253 2826 3307 dici
2868 3255 3051 3324 possit.
3089 3253 3297 3308 Etenim
3329 3253 3496 3308 Filius
3520 3296 3535 3320 ,
3566 3269 3698 3309 unus

2069 3342 2074 3348 ’
2123 3342 2384 3398 Dominus
2417 3344 2593 3398 dictus
2621 3355 2738 3408 est;
2767 3359 2942 3414 neque
2969 3354 3145 3401 tamen
3177 3345 3299 3402 ideo
3329 3347 3455 3400 illud
3475 3389 3491 3414 ,
3522 3346 3700 3403 Domi-

2123 3450 2218 3487 nus
2237 3474 2251 3496 ,
2282 3435 2381 3502 ipsi
2412 3434 2514 3488 soli
2557 3445 2866 3503 competere
2902 3435 3148 3491 dicimus.
3177 3436 3517 3507 Quapropter
3543 3455 3699 3509 quam

2127 3529 2236 3582 vim
2267 3527 2426 3582 habet
2454 3528 2581 3582 illud
2603 3569 2618 3590 ,
2653 3527 2798 3584 Unus
2819 3571 2834 3594 ,
2862 3545 2985 3599 erga
3009 3529 3200 3584 Filium
3221 3572 3236 3596 ,
3266 3531 3510 3586 eamdem
3546 3533 3703 3589 habet

2124 3636 2248 3690 erga
2301 3621 2510 3675 Patrem
2542 3639 2556 3677 :
2586 3637 2649 3676 ac
2687 3620 3137 3690 quemadmodum
3188 3623 3276 3678 ille
3324 3639 3429 3679 non
3481 3626 3704 3696 impedit

2126 3713 2411 3780 quominus
2438 3712 2596 3766 Pater
2621 3712 2884 3766 Dominus
2907 3712 2996 3778 sit,
3025 3727 3092 3766 eo
3115 3712 3276 3769 modo
3304 3730 3409 3784 quo
3432 3715 3599 3770 Filius
3623 3726 3704 3772 est

2130 3804 2404 3869 Dominus,
2433 3819 2498 3858 eo
2526 3803 2668 3873 quod
2697 3802 2866 3857 Filius
2887 3819 3025 3858 unus
3070 3804 3327 3860 Dominus
3355 3805 3602 3862 dicatur:
3634 3808 3702 3860 ita

2128 3910 2301 3962 neque
2327 3893 2519 3948 Filium
2567 3893 2791 3961 impedit
2827 3894 3114 3962 quominus
3149 3897 3217 3950 sit
3248 3895 3386 3952 Deus
3408 3938 3423 3962 ,
3455 3913 3522 3952 eo
3550 3899 3708 3954 modo

2127 3999 2235 4052 quo
2259 3983 2417 4037 Pater
2446 3993 2530 4037 est
2572 3983 2710 4038 Deus
2728 4024 2743 4049 ,
2775 3984 2916 4053 quod
2944 3985 3102 4040 Pater
3129 3986 3337 4041 dicatur
3364 4003 3500 4042 unus
3545 3989 3704 4044 Deus.

2128 4072 2280 4139 Quod
2306 4075 2351 4127 si
2382 4073 2596 4142 quidam
2631 4073 2864 4128 dixerlnt
2887 4116 2903 4141 ,
2931 4091 3026 4130 cur
3063 4076 3319 4146 Spiritum
3368 4095 3472 4132 non
3504 4095 3702 4135 memo-

2129 4163 2298 4219 ravit?
2328 4163 2456 4218 illud
2486 4165 2809 4231 dixerimus,
2832 4167 3002 4235 ipsum
3027 4183 3218 4237 nempe
3247 4168 3557 4224 idololatras
3580 4171 3710 4224 allo-

2131 4258 2220 4327 qui
2241 4298 2256 4322 ,
2276 4267 2330 4312 et
2353 4257 2421 4311 de
2448 4257 2552 4311 diis
2577 4257 2762 4311 multis
2783 4257 2955 4328 deque
2980 4257 3213 4313 dominis
3240 4261 3420 4314 multis
3445 4275 3567 4315 esse
3593 4276 3709 4315 cer-

2132 4356 2330 4403 tamen.
2365 4347 2489 4402 Ideo
2517 4363 2638 4402 cum
2677 4349 2890 4403 Patrem
2918 4350 3082 4403 Deum
3111 4349 3355 4416 dixisset,
3381 4351 3574 4406 Filium
3608 4351 3713 4405 Do-

2134 4439 2336 4494 minum
2385 4439 2692 4508 appellavit.
2735 4439 2791 4494 Si
2833 4454 2962 4510 ergo
3006 4440 3216 4496 Patrem
3265 4457 3370 4496 non
3419 4457 3585 4498 ausus
3631 4453 3712 4498 est

2142 4543 2280 4584 nunc
2309 4529 2578 4598 appellare
2610 4530 2889 4584 Dominum
2913 4545 3032 4585 cum
3064 4529 3220 4598 Filio,
3251 4547 3318 4586 ne
3346 4533 3399 4585 in
3442 4533 3712 4603 suspicio-

2137 4635 2258 4674 nem
2288 4620 2497 4674 veniret
2521 4619 2662 4690 quod
2692 4621 2826 4674 duos
2853 4620 3058 4676 diceret
3084 4622 3369 4688 Domitios,
3423 4639 3600 4693 neque
3625 4624 3713 4680 Fi-

2138 4710 2268 4765 lium
2317 4710 2485 4765 Deum
2528 4726 2648 4766 cum
2691 4712 2882 4776 Patre,
2930 4727 2996 4766 ne
3030 4720 3310 4782 putaretur
3352 4712 3488 4769 duos
3534 4716 3715 4770 dicere

2140 4799 2278 4854 Deos
2298 4839 2311 4862 ,
2330 4801 2454 4868 quid
2473 4802 2702 4866 miraris,
2723 4804 2768 4858 si
2785 4802 3038 4872 Spiritum
3061 4818 3165 4857 non
3183 4807 3599 4860 memoraverit?
3626 4806 3718 4860 ad-

2139 4907 2326 4945 versus
2355 4893 2475 4946 illos
2499 4894 2640 4946 enim
2671 4903 2780 4948 tum
2808 4894 3170 4960 concertabat,
3198 4905 3255 4950 ut
3275 4897 3588 4953 ostenderet
3610 4913 3715 4953 non

2139 4997 2258 5038 esse
2287 4984 2424 5053 apud
2467 4999 2564 5038 nos
2610 4985 3051 5054 multiplicitatem
3095 4986 3339 5041 deorum.
3381 4987 3506 5042 Ideo
3551 4989 3713 5055 illud,

2146 5073 2308 5141 Unus,
2339 5075 2554 5131 assidue
2587 5077 2780 5131 retinet
2811 5077 3016 5143 dicens,
3050 5077 3171 5132 Non
3201 5090 3272 5133 est
3296 5078 3434 5134 Deus
3462 5081 3598 5137 alius
3623 5084 3730 5137 nisi

2141 5182 2302 5231 unus;
2325 5177 2398 5230 et,
2436 5167 2595 5221 Nobis
2624 5185 2752 5222 unus
2780 5178 2852 5222 est
2880 5170 3018 5224 Deus
3039 5180 3086 5225 et
3111 5187 3242 5225 unus
3267 5171 3538 5227 Dominus.
3571 5175 3720 5230 Unde

2145 5258 2482 5313 manifestum
2513 5269 2595 5312 est
2629 5259 2773 5312 illttm
2795 5300 2810 5323 ,
2841 5261 3141 5316 auditorum
3170 5263 3460 5318 infirmitati
3494 5281 3720 5333 parce-no

2145 5358 2272 5414 tem,
2308 5349 2408 5404 hoc
2433 5349 2686 5418 arguendi
2717 5351 2876 5406 modo
2905 5367 3054 5407 usum
3083 5368 3204 5410 esse
3225 5395 3240 5418 ,
3289 5354 3516 5424 ideoque
3547 5357 3720 5425 Spiri-

2146 5451 2254 5494 tum
2284 5455 2387 5494 non
2420 5443 2820 5498 memoravisse.
2869 5443 3002 5499 Nam
3053 5445 3097 5498 si
3142 5445 3248 5502 hoc
3293 5462 3399 5500 non
3428 5459 3593 5511 esset,
3625 5464 3723 5502 nec

2145 5529 2267 5583 alibi
2295 5531 2620 5600 oportuisset
2666 5533 2922 5601 Spiritum
2974 5551 3306 5600 memorare.
3353 5552 3530 5607 neque
3571 5539 3724 5592 illum

2146 5637 2264 5675 cum
2301 5621 2459 5677 Patre
2501 5634 2554 5677 et
2600 5625 2736 5678 Filio
2761 5627 3106 5696 conjungere.
3154 5627 3286 5682 Nam
3333 5629 3377 5682 si
3422 5643 3452 5681 a
3485 5628 3645 5683 Patre
3671 5639 3724 5684 et

2150 5712 2285 5769 Filio
2313 5725 2452 5771 esset
2479 5715 2726 5774 exclusus
2750 5758 2764 5783 ,
2795 5718 2962 5774 multo
2987 5719 3155 5790 magis
3198 5719 3346 5776 illum
3371 5721 3426 5777 in
3455 5720 3724 5794 baptismo
