3986 6202
309 252 413 308 165

301 366 401 422 οὐκ
431 367 548 438 ἔχει
585 366 814 441 βλάϐην,
853 367 924 432 ὡς
956 369 1270 442 ἀδιαφόροις
1298 369 1526 442 ἔμελλον
1560 373 1890 447 ἐπιτρέχειν·

302 455 647 521 κωλυθέντες
674 459 730 512 δὲ
759 459 934 512 αὐτῶν
955 459 1244 528 ἀπτεσθαι,
1263 462 1428 518 πάλιν
1459 466 1781 536 ὑπώπτευον
1807 470 1888 522 δτι

301 549 376 612 ὼς
403 548 559 619 ἰσχὺν
583 551 810 619 ἐχόντων
833 552 907 614 είς
931 550 991 604 τὸ
1019 551 1276 622 βλάπτειν
1306 556 1678 629 ἐκωλύθησαν.
1704 561 1802 615 Διά
1826 561 1890 632 δὴ

306 638 466 692 τοῦτο
513 639 750 693 καθελὼν
793 641 892 712 τὴν
942 643 1049 697 τῶν
1091 645 1328 701 εἰδώλων
1376 649 1654 713 ὑπόνοιαν,
1711 652 1890 708 αἰτίαν

309 731 531 802 πρώτην
592 733 768 803 τίθησι
819 734 912 786 τοῦ
959 736 1283 809 ἀπέχεσθαι,
1336 740 1406 794 τὰ
1457 744 1729 797 σκάνδαλα
1781 745 1891 798 τῶν

311 824 564 893 ἀδελφῶν,
600 824 740 879 οὕτω
768 825 968 896 λέγων·
999 831 1142 900 Περὶ
1161 831 1272 902 τῆς
1305 833 1589 903 βρώσεως
1627 832 1742 892 οὖν
1774 838 1892 891 τῶν

306 915 728 983 είὸωλοθύτων,
760 920 1010 990 οῖδαμεν
1045 923 1134 977 ὅτι
1167 924 1352 979 οὐδὲν
1400 927 1654 981 ειδωλον
1685 928 1756 982 ἐν
1789 930 1890 982 κό-

305 1022 446 1076 σμῳ.
479 1010 648 1063 Πάλιν
681 1012 861 1065 κοινὸν
886 1013 1018 1068 αὐτὸ
1052 1019 1216 1081 ποιεῖ,
1258 1017 1353 1072 καὶ
1391 1019 1451 1072 ού
1487 1022 1764 1090 συγχωρεῖ
1791 1019 1889 1090 μὸ-

304 1117 403 1152 νων
431 1101 656 1156 ἐκείνων
688 1104 946 1172 γενέσθαι
972 1107 1151 1174 τοῦτο,
1177 1109 1290 1163 ἀλλ’
1314 1111 1540 1164 ἐκτείνει
1561 1111 1660 1183 τὴν
1685 1111 1887 1180 γνῶσιν

301 1190 570 1260 πανταχοῦ
597 1195 696 1262 τῆς
725 1194 1072 1266 οἰκουμένης.
1100 1198 1234 1252 Οὐδὲ
1262 1199 1369 1270 γὰρ
1391 1203 1519 1272 παρ’
1546 1203 1674 1272 ύμῖν
1702 1204 1884 1271 μόνον,

298 1281 484 1348 φησὶν,
509 1282 656 1364 ἀλλὰ,
671 1286 947 1356 πανταχοῦ
973 1287 1073 1355 τῆς
1091 1289 1196 1360 γῆς
1215 1290 1374 1345 τοῦτο
1397 1297 1587 1363 κρατεῖ
1605 1295 1665 1347 τὸ
1685 1294 1883 1364 δόγμα·

293 1373 456 1426 Ποῖον
485 1373 550 1445 δὴ
583 1359 758 1442 τοῦτο,
796 1380 917 1432 Ὅτι
940 1379 1118 1435 οὐδὲν
1143 1359 1398 1439 εἴδωλον
1519 1359 1884 1457 κόσμφ,-καί

295 1463 386 1516 ἔτι
423 1465 622 1532 οὐδεὶς
650 1468 792 1536 Θεὸς
840 1471 1060 1540 ἔτερος,
1102 1476 1155 1529 εί
1183 1476 1268 1545 μὴ
1297 1473 1388 1544 εἷς
1400 1497 1420 1545 ;
1466 1481 1580 1534 Οὐκ
1613 1481 1762 1537 ἐστιν
1790 1480 1884 1538 οὖν

293 1553 533 1622 εἷδωλα;
573 1558 673 1611 οὐκ
705 1559 820 1612 ἐστι
855 1560 1046 1629 ξόανας
1073 1565 1230 1619 Ἐστι
1291 1568 1414 1640 μὲν,
1473 1572 1589 1624 ἀλλ’
1621 1574 1723 1628 οῦκ
1771 1576 1883 1647 ἔχει

292 1644 422 1699 τινά
462 1647 640 1716 ίσχὺν,
664 1651 786 1704 οὐδὲ
815 1650 929 1706 θεοί
955 1656 1112 1721 εἰσιν,
1138 1656 1276 1712 ἀλλὰ
1300 1659 1438 1716 λίθοι
1481 1667 1575 1718 καὶ
1609 1644 1878 1738 δαίμονες.

296 1735 445 1806 Πρὸς
476 1739 586 1810 γάρ
619 1741 966 1814 ἀμφοτέρους
993 1747 1334 1804 ἀποτείνεται
1367 1751 1485 1818 νῦν,
1508 1758 1604 1810 καὶ
1629 1735 1754 1822 τοῦς
1781 1777 1884 1812 πα-

289 1827 562 1898 χυτέρους
620 1831 802 1885 αὐτῶν
878 1837 973 1889 καὶ
1018 1838 1147 1902 τοὺς
1199 1839 1488 1909 δοκοῦντας
1549 1847 1876 1919 φιλοσοφεῖν.

301 1917 526 1991 Ἐπειδή
565 1920 674 1992 γὰρ
699 1925 748 1976 οί
778 1925 880 1995 μὲν
909 1929 1062 1983 οὐδὲν
1093 1932 1254 1987 πλέον
1278 1936 1389 1990 τῶν
1414 1937 1576 1993 λίθων
1607 1917 1803 2006 ἴσασιν,
1828 1949 1876 2000 οί

281 2007 341 2059 δὲ
374 2007 598 2078 λέγουσι
631 2016 726 2067 καὶ
762 2015 1026 2088 δυνάμεις
1068 2023 1218 2087 τινάς
1257 2027 1424 2080 οίκεῖν
1469 2030 1528 2082 ἐν
1566 2031 1770 2098 αὐτοῖς,
1809 2035 1878 2100 ἃς

284 2101 384 2151 καὶ
432 2099 588 2166 θεοὺς
626 2104 876 2171 καλοῦσι,
918 2110 1057 2178 πρὸς
1108 2111 1209 2179 μὲν
1255 2110 1350 2168 οὖν
1402 2117 1643 2182 ἐκείνους
1686 2099 1873 2192 φησὶν,

281 2193 367 2244 ὅτι
425 2195 591 2249 Οὐδὲν
632 2198 848 2252 εἴδωλον
890 2202 950 2254 ἐν
990 2204 1212 2276 κόσμῳ·
1246 2208 1381 2278 πρὸς
1416 2210 1473 2264 δὲ
1511 2213 1756 2278 τούτους,
1791 2217 1873 2269 ὃτι

280 2284 477 2350 Οὐδεὶς
503 2285 635 2353 Θεὸς
661 2289 868 2362 ἔτερος,
886 2295 932 2346 εί
958 2295 1033 2367 μὴ
1062 2293 1162 2362 εἷς.

355 2414 429 2473 γ’.
451 2404 599 2478 [172]
643 2407 805 2479 Ὁρᾷς
828 2410 944 2476 πῶς
975 2413 1071 2484 οὐχ
1111 2415 1296 2482 ἁπλῶς
1315 2419 1654 2493 δογματίζων
1673 2428 1873 2496 γράφει

274 2499 474 2563 ταῦτα,
500 2499 636 2553 ἀλλά
663 2502 798 2570 πρὸς
820 2503 1226 2579 ἀντιδιαστολὴν
1257 2511 1364 2565 τῶν
1389 2512 1618 2582 ἐξωθεν;
1645 2520 1736 2571 καὶ
1766 2522 1873 2591 γὰρ

274 2591 374 2643 καὶ
418 2589 577 2644 τοῦτο
613 2594 888 2665 πανταχοῦ
929 2597 1033 2668 χρὴ
1075 2607 1434 2673 παρατηρεῖν,
1461 2609 1568 2660 εἴτε
1610 2611 1873 2665 άπολελυυ

274 2681 468 2750 μόνως
496 2681 644 2752 λέγει
669 2701 740 2751 τι,
772 2686 879 2740 εἴτε
912 2690 1046 2760 πρός
1075 2708 1223 2755 τινας
1249 2695 1553 2767 ἱστάμενος.
1595 2703 1728 2754 Οὐδὲ
1762 2705 1870 2776 γὰρ

270 2773 334 2826 τὸ
357 2773 528 2843 τυχὸν
551 2777 629 2838 είς
649 2773 744 2845 τὴν
769 2776 872 2830 τῶν
898 2777 1183 2850 δογμάτων
1206 2785 1334 2855 ἡμῖν
1360 2799 1383 2827 ι
1407 2789 1692 2862 ἀκρίϐειαν
1714 2773 1870 2849 τοῦτο

271 2869 550 2934 συντελεῖ,
580 2870 674 2921 καὶ
703 2872 784 2934 είς
811 2873 982 2945 αὐτὴν
1008 2874 1116 2928 τῶν
1146 2875 1451 2950 λεγομένων
1480 2884 1578 2956 τὴν
1603 2890 1867 2960 κατανόη-

275 2977 381 3015 σιν.
425 2960 535 3014 Kal
581 2960 694 3032 γὰρ
732 2962 902 3033 εἴπερ
940 2967 1058 3020 εἰσί
1101 2971 1414 3040 λεγόμενοι
1462 2978 1606 3042 θεοί,
1641 2981 1762 3034 εἴτε
1798 2983 1869 3036 ἐν

269 3051 515 3121 ούρανῷ
537 3054 659 3108 εἶτε
683 3055 785 3110 ἐπὶ
809 3056 941 3125 τῆς,
967 3059 1171 3132 ὥσπερ
1198 3060 1312 3118 οὖν
1327 3067 1445 3121 είσί
1473 3071 1595 3124 θεοὶ
1624 3076 1862 3141 πολλοὶ,

272 3146 376 3200 καί
425 3147 615 3214 κύριοι
644 3151 886 3204 πολλοί·
920 3153 1061 3207 ἀλλ’
1092 3155 1238 3224 ἡμῖν
1281 3156 1370 3225 εἷς
1406 3162 1550 3229 Θεὸς
1578 3167 1611 3218 o'
1641 3167 1863 3236 Πατὴρ,

269 3236 340 3302 ἐξ
374 3233 451 3294 οὗ
479 3240 549 3292 τὰ
571 3239 789 3303 πάντα,
817 3243 914 3296 καὶ
943 3245 1116 3313 ἡμεῖς
1158 3249 1246 3312 είς
1271 3251 1476 3306 αὐτόν·
1514 3256 1613 3308 καί
1636 3253 1724 3324 εἷς

263 3346 410 3393 ριος
449 3329 679 3395 Ἰησοῦς
703 3332 980 3400 Χριστὸς,
1007 3334 1083 3391 δι’
1106 3335 1182 3394 οὗ
1211 3339 1284 3394 τὰ
1308 3342 1530 3412 πάντα,
1558 3351 1654 3403 καὶ
1692 3351 1865 3420 ἡμεῖς

266 3419 352 3473 δι’
376 3420 593 3474 αὐτοῦ.
640 3423 856 3496 Ἐπειδὴ
892 3421 1043 3480 εἷπεν
1093 3431 1174 3483 ὅτι
1205 3419 1362 3487 οὐδὲν
1394 3435 1615 3492 εἴδωλον
1650 3419 1745 3496 καί
1773 3446 1864 3498 οὐ-

261 3511 388 3574 δεὶς
413 3509 550 3574 Θεὸς
581 3513 786 3584 ἕτερος,
820 3511 886 3586 ἦν
913 3517 966 3570 δὲ
1004 3519 1098 3572 καὶ
1135 3522 1347 3590 εἴδωλα,
1383 3521 1522 3597 ἦσαν
1550 3529 1606 3582 δὲ
1636 3535 1728 3586 καὶ
1751 3533 1861 3588 θεοὶ

269 3603 588 3673 λεγόμενοι·
625 3604 710 3658 ἵνα
743 3606 819 3677 μὴ
848 3607 968 3680 δόξῃ
1008 3614 1119 3676 τοῖς
1162 3618 1416 3687 φανεροῖς
1443 3620 1729 3690 μάχεσθαι,
1763 3627 1861 3679 ἐπ-

274 3693 398 3761 άγει
439 3693 616 3763 λέγων
644 3696 760 3767 (καὶ
795 3698 902 3770 γάρ
941 3703 1096 3774 είπερ
1136 3706 1242 3758 είσὶ
1274 3706 1556 3778 λεγόμενοι
1596 3713 1728 3778 θεοὶ,
1756 3715 1864 3770 ὦσ-

269 3801 381 3856 περ
400 3783 498 3839 οὖν
528 3787 619 3842 καὶ
648 3789 804 3854 εἰσὶν,
837 3791 935 3862 οὐχ
967 3794 1154 3859 ἁπλῶς
1179 3798 1346 3865 εἰσιν,
1378 3799 1518 3856 ἀλλά
1557 3803 1858 3877 λεγόμενοι,

263 3875 370 3928 οὐκ
395 3877 454 3929 ἐν
483 3879 791 3948 πράγματι,
808 3881 926 3935 ἀλλ’
948 3885 1005 3937 ἐν
1027 3885 1235 3956 ῥήματι
1260 3889 1418 3944 τοῦτο
1445 3875 1702 3968 ἓχοντες)-·
1721 3875 1860 3954 Εἴτε

270 3965 339 4019 ἐν
359 3967 620 4035 οὐρανῷ,
639 3971 759 4025 εἶτε
778 3972 876 4025 ἐπὶ
907 3973 1040 4044 γῆς·
1073 3978 1131 4028 ἐν
1159 3979 1373 4052 οὐρανῷ
1391 3984 1483 4038 τὸν
1507 3965 1668 4058 ἥλιον,
1684 3990 1856 4061 λέγων

267 4060 364 4112 καὶ
403 4060 505 4132 τὴν
535 4061 763 4133 σελήνην
795 4066 887 4119 καὶ
931 4067 1022 4120 τὸν
1049 4069 1236 4125 λοιπὸν
1267 4073 1377 4127 τῶν
1414 4075 1628 4148 ἄστρων
1668 4060 1853 4155 χορόν·

267 4151 368 4207 καὶ-
394 4152 510 4223 γάρ
543 4153 639 4206 καὶ
678 4155 844 4210 ταῦτα
870 4163 1286 4232 προσεκύνησαν
1316 4166 1595 4240 Ἕλληνες·
1633 4151 1725 4228 ἐπὶ
1739 4151 1854 4248 ’γῆς

264 4244 320 4296 δέ
348 4243 641 4314 δαίμονας,
689 4249 781 4302 καὶ
815 4253 942 4315 τοὺς
984 4253 1043 4317 ἐξ
1084 4253 1386 4328 ἀνθρώπων
1439 4243 1855 4336 θεοποιηθέντας

267 4341 538 4404 ἃπαντας.
584 4345 748 4398 Ἀλλ’
773 4346 917 4417 ἡμῖν
944 4344 1032 4416 εἷς
1068 4351 1211 4418 Θεὸς
1254 4357 1287 4408 ὀ
1327 4356 1548 4425 Πατήρ.
1583 4360 1854 4436 Πρότερον

267 4430 383 4496 θεὶς
429 4435 601 4504 χωρὶς
640 4435 734 4488 τοῦ
769 4437 981 4510 Πατρὸς
1006 4440 1058 4506 δ,
1088 4444 1182 4495 καὶ
1218 4444 1407 4509 είπὼν,
1452 4430 1660 4517 Οὐδείς
1709 4430 1854 4521 Θεὸς

263 4522 488 4590 ἕτερος,
536 4527 587 4578 εί
625 4526 714 4594 μὴ
753 4524 861 4595 εἷς,
903 4530 998 4583 νῦν
1029 4532 1122 4585 καὶ
1158 4532 1312 4589 τοῦτο
1352 4540 1729 4614 προστίθησιν,
1762 4545 1850 4599 ὅτε

265 4615 545 4680 παντελῶς
571 4617 812 4684 ἐκείνους
839 4621 1110 4688 ἐξέϐαλεν.
1145 4621 1278 4681 Εἶτα
1316 4631 1409 4682 καὶ
1435 4631 1569 4702 ὅπερ
1594 4635 1711 4688 ἐστὶ
1745 4637 1851 4691 δεῖ-

261 4720 377 4774 γμα
405 4705 667 4775 μέγιστον
690 4707 964 4780 θεότητος,
994 4713 1087 4766 καὶ
1113 4715 1270 4769 τοῦτο
1295 4719 1509 4788 ἐπάγει·
1551 4723 1652 4789 Ἐξ
1679 4723 1751 4783 οὗ
1777 4728 1850 4784 τὰ

258 4796 476 4852 πάντα.
543 4798 716 4852 Τοῦτο
753 4801 862 4874 γὰρ
914 4802 1156 4859 δείκνυσι
1207 4809 1488 4877 κάκείνους
1540 4816 1638 4870 οὐκ
1687 4818 1848 4885 ὄντας

257 4885 434 4952 θεούς.
464 4889 594 4942 Θεοὶ
624 4891 756 4962 γὰρ,
785 4895 972 4962 φησὶν,
1009 4897 1058 4949 οῖ
1096 4898 1186 4951 τὸν
1219 4900 1447 4972 οὐρανὸν
1485 4907 1579 4960 καὶ
1614 4908 1714 4982 τὴν
1741 4913 1847 4982 γῆν

254 4978 350 5032 οὐκ
376 4980 669 5049 ἐποίησαν,
706 4982 1109 5041 ἀπολέσθωσαν.
1144 4988 1278 5044 Εἶτα
1296 4993 1392 5046 καὶ
1427 4995 1489 5048 τὸ
1515 4978 1706 5054 τούτου
1742 4978 1842 5056 ούτκ

255 5066 473 5122 ἔλαττον
517 5071 867 5144 προστίθησι·
907 5077 1018 5130 Καὶ
1062 5079 1235 5149 ἡμεῖς
1283 5087 1373 5150 εὶς
1426 5089 1630 5146 αὐτόν.
1675 5092 1842 5150 Ὅταν

257 5158 350 5226 μὲν
391 5160 508 5232 γάρ
551 5162 705 5234 εἴπῃ,
752 5163 853 5228 Ἐξ
882 5163 954 5222 οὗ
995 5169 1068 5222 τὰ
1098 5171 1314 5239 πάντα,
1345 5175 1445 5248 τὴν
1482 5178 1839 5253 δημιουργίαν

251 5248 414 5316 λέγει,
447 5253 546 5305 καὶ
583 5255 682 5324 τὴν
712 5258 776 5308 ἐκ
800 5256 896 5311 τοῦ
930 5260 1003 5330 μὴ
1044 5260 1194 5325 ὄντος
1224 5266 1304 5329 είς
1329 5268 1390 5320 τὸ
1409 5248 1560 5323 εἶναι
1579 5248 1836 5346 παραγω-

249 5341 366 5410 γην·
396 5345 529 5397 ὅταν
561 5343 619 5398 δὲ
659 5345 814 5418 εἴπῃ,
866 5352 976 5404 Καὶ
1007 5353 1176 5421 ἡμεῖς
1223 5359 1311 5422 είς
1347 5360 1554 5428 αὐτὸν,
1594 5341 1686 5419 τὸν
1736 5341 1837 5440 τῆς

313 5539 679 5616 ’βιιμῖνὸεεει
720 5549 770 5597 in
805 5550 931 5616 Reg,
1001 5552 1028 5587 δ
1077 5551 1159 5602 Sic
1195 5554 1339 5604 habet
1366 5558 1578 5612 Savilius
1601 5564 1653 5614 in
1701 5581 1828 5616 mar-

253 5605 378 5689 βξῐῗε,
403 5615 454 5689 ει
477 5613 550 5654 διε
571 5611 697 5680 legit
721 5617 869 5660 vetus
882 5605 1169 5689 “interpres
1193 5605 1822 5689 ιαιὶηιιέέὰῇέᾷἷιέέρᾶδξ,

255 5664 373 5753 ubfh
372 5665 608 5717 observes
623 5664 702 5718 'in
719 5686 867 5753 Ιμιεεξ.
916 5674 1023 5724 fere
1042 5664 1246 5737 iamper
1268 5664 1820 5753 παξρὸξᾷίῗξὲτίὖῇρξξ

254 5725 373 5800 uad?
396 5738 532 5798 ergor
547 5741 694 5812 enus
719 5733 892 5796 fuerit,
935 5744 987 5786 ul
1011 5751 1070 5786 ex
1114 5725 1441 5800 ςὸίιιιθιιιὶίῖιῖξ

253 5787 384 5847 ῑωθῖς
401 5789 606 5859 τοῦπρύς
631 5813 694 5845 τι.

1363 254 1430 310 IN
1472 255 1686 313 EPIST.
1731 257 1872 312 ΙΑῙ)
1908 257 2067 315 (10R.
2113 261 2348 322 1103111..
2420 268 2538 325 XX.

3492 288 3593 342 ισι

2006 378 2244 444 πίστεως
2276 383 2372 436 καὶ
2401 385 2498 455 τῆς
2521 385 2847 450 οἰκειώσεως
2881 390 3035 458 λόγον
3073 391 3238 462 λέγει·
3273 396 3301 449 ὸ
3357 399 3451 452 καὶ
3498 401 3593 471 ἐμ-

2003 472 2239 541 προσθεν
2270 474 2475 544 ἔλεγεν·
2513 478 2616 542 Ἐξ
2661 481 2848 535 αὐτοῦ
2894 482 2962 536 δὲ
2996 487 3092 539 καὶ
3136 489 3308 556 ὑμεῖς
3355 491 3496 546 ἐστε
3527 494 3597 547 ἐν·

1999 562 2237 630 Χριστῷ
2274 567 2496 634 Ἰησοῦ.
2534 569 2708 642 Διπλῇ
2744 573 2850 645 γάρ
2882 575 3051 645 ἐσμεν
3076 576 3136 643 ἐξ
3173 580 3362 642 αὐτοῦ,
3395 585 3596 654 καὶτῷ

2002 654 2079 723 μὴ
2118 654 2271 718 ὅντες
2304 658 2579 724 γενέσθαι,
2611 664 2704 715 καὶ
2736 663 2813 734 τῷ
2842 667 3025 719 πιστοὶ
3048 668 3321 735 γενέσθαι·
3363 674 3594 748 καὶγὰρ

1998 748 2094 800 καὶ
2131 750 2290 802 τοῦτο
2321 750 2516 815 κτίσις·
2570 754 2600 806 ὃ
2643 756 2736 808 καὶ
2768 756 3004 829 ἀλλαχοῦ
3046 777 3231 832 φησιν·
3270 765 3406 820 Ἵνα
3451 767 3594 835 τοὺς

1998 838 2106 893 δύο
2129 842 2310 912 κτίσῃ
2344 846 2414 897 ἐν
2443 845 2638 912 ἑαυτῷ
2680 851 2770 914 εις
2821 850 2934 904 ἕνα
2983 858 3200 910 καινὸν
3254 857 3588 928 ἄνθρωπον.

1997 932 2107 986 Καὶ
2135 929 2224 998 εἷς
2249 937 2466 1003 Κύριος
2498 938 2740 1006 Ἰησοῦς
2758 941 3032 1008 Χριστὸς,
3059 944 3136 998 δι’
3164 942 3238 1002 οὗ
3268 947 3342 1002 τὰ
3370 948 3588 1014 πάντα,

1997 1023 2096 1077 καί
2134 1023 2307 1093 ἡμεῖς
2345 1025 2419 1079 δι’
2457 1029 2664 1082 αὐτοῦ.
2709 1031 2818 1084 Καὶ
2857 1032 2951 1084 ἐπὶ
2995 1033 3092 1088 τοῦ
3131 1037 3370 1108 Χριστοῦ
3425 1041 3590 1095 πάλιν

1995 1113 2196 1182 ὁμοίως
2234 1113 2393 1166 τοῦτο
2433 1117 2673 1185 νοητέον.
2707 1121 2786 1172 Δι’
2815 1121 2980 1175 αὑτοῦ
3016 1125 3126 1196 γὰρ
3157 1127 3250 1180 καὶ
3283 1129 3347 1182 ἐκ
3386 1128 3479 1183 τοῦ
3511 1129 3589 1203 μὴ

1995 1203 2145 1268 ὄντος
2186 1205 2438 1278 παρήχθη
2468 1209 2528 1260 τὸ
2556 1208 2665 1262 τῶν
2686 1211 2992 1283 ἀνθρώπων
3025 1216 3183 1284 γένος
3222 1219 3302 1282 είς
3328 1220 3389 1272 τὸ
3419 1217 3584 1290 εῖναι,

1997 1297 2091 1348 καὶ
2137 1298 2246 1350 ἀπὸ
2283 1298 2491 1370 πλάνης
2531 1303 2610 1364 είς
2641 1302 2901 1372 ἀλήθειαν
2931 1307 3255 1378 ἐπανῆλθεν.
3290 1310 3453 1365 Ὥστε
3499 1313 3582 1376 τὸ,

2007 1389 2109 1454 Ἐξ
2126 1387 2219 1454 οὗ,
2240 1390 2398 1445 τοῦτο
2417 1393 2514 1445 ούκ
2543 1393 2679 1457 ἐστι,
2712 1397 2896 1468 Χωρὶς
2921 1398 3016 1452 τοῦ
3040 1401 3299 1472 Χριστοῦ·
3333 1402 3392 1469 ἐξ
3416 1405 3580 1460 αὑτοῦ

1992 1481 2100 1554 γὰρ
2152 1482 2239 1535 διὰ
2281 1483 2374 1536 τοῦ
2425 1485 2663 1556 Χριστοῦ
2711 1488 3249 1563 ἐδημιουργήθημεν.
3295 1496 3370 1548 Ού
3402 1496 3581 1550 τοίνυν

1990 1573 2111 1626 ούδὲ
2140 1573 2208 1627 τὰ
2239 1575 2481 1645 ὀνόματα
2514 1576 2588 1640 ὡς
2613 1578 3122 1654 ἀποκεκληρωμένα
3145 1586 3330 1652 διεῖλε,
3370 1588 3448 1659 τῷ
3479 1589 3579 1659 μὲν

1990 1663 2104 1736 Υίῷ
2147 1666 2227 1730 τὸ,
2263 1667 2487 1738 Κύριος,
2520 1667 2598 1738 τῷ
2626 1668 2684 1722 δὲ
2728 1672 2903 1745 Πατρὶ
2935 1674 3016 1736 τὸ,
3048 1674 3200 1742 Θεὸς,
3233 1679 3574 1751 προσνέμων.

1989 1752 2113 1811 Οἷδε
2142 1757 2252 1830 γὰρ
2281 1760 2420 1812 αὐτά
2475 1761 2568 1814 καὶ
2603 1763 2946 1818 ἐναλλάττειν
2984 1769 3018 1838 ἡ
3051 1767 3243 1841 Γραφὴ
3288 1772 3574 1838 πολλάκις,

1986 1847 2061 1912 ὡς
2086 1850 2215 1903 ὅταν
2245 1850 2398 1923 λέγῃ·
2445 1849 2628 1906 Εἶπεν
2657 1857 2689 1908 ὁ
2723 1857 2940 1924 Κύριος
2968 1856 3048 1923 τῷ
3086 1863 3281 1928 Κιερίῳ
3313 1882 3452 1932 μου·
3483 1869 3574 1920 καὶ

1987 1939 2172 2004 πάλιν,
2214 1940 2319 1994 Διὰ
2360 1943 2536 1997 τοῦτο
2563 1944 2773 2014 ἔχρισε
2813 1962 2886 2000 σε
2922 1950 2955 2002 d
2996 1950 3159 2016 Θεὸς,
3191 1954 3224 2005 ὁ
3264 1955 3409 2020 Θεός
3435 1973 3574 2011 σου·

1986 2034 2104 2098 καὶ,
2145 2035 2246 2100 Ἐξ
2271 2029 2365 2089 ὧν
2391 2039 2424 2090 ὁ
2447 2036 2702 2105 Χριστὸς
2731 2039 2796 2092 τὸ
2830 2041 2978 2094 κατὰ
3005 2041 3222 2109 σάρκα,
3274 2048 3308 2100 ὁ
3349 2045 3436 2100 ὢν
3475 2045 3570 2101 ἐπὶ

1985 2129 2228 2181 πάντων
2258 2129 2421 2194 Θεός.
2465 2129 2578 2183 Καὶ
2617 2130 2883 2201 πολλαχοῦ
2926 2132 2993 2186 ἀν
3038 2134 3168 2199 ἴδοις
3201 2135 3371 2191 ταῦτα
3408 2157 3574 2208 μετα-

1985 2220 2241 2276 ϐαίνοντα
2263 2222 2328 2276 τὰ
2349 2223 2605 2293 ὀνόματα.
2637 2225 2699 2277 El
2727 2226 2784 2278 δὲ
2808 2227 3314 2301 ἀποκεκληρωμένα
3348 2228 3416 2305 ἦν
3437 2237 3568 2289 ἐκά-

1985 2325 2086 2382 στῃ
2117 2311 2299 2380 φύσει,
2336 2313 2432 2365 καὶ
2469 2315 2589 2384 οὐχὶ
2625 2313 2757 2373 Θεὸς
2785 2311 2854 2386 ἦν
2891 2319 2919 2370 ό
2963 2317 3109 2384 Υἱὸς,
3141 2322 3236 2376 καὶ
3264 2322 3398 2388 Θεὸς
3436 2325 3510 2390 ὡς
3543 2328 3572 2381 ό

1984 2400 2192 2472 Πατὴρ,
2234 2402 2410 2472 μένων
2460 2404 2606 2469 Υἱός·
2639 2406 2830 2471 εἰπὼν,
2884 2410 3038 2464 Ἀλλ’
3081 2410 3228 2480 ἡμῖν
3261 2408 3351 2480 εἷς
3403 2417 3570 2485 Θεὸς,

1984 2493 2252 2564 περιττῶς
2277 2495 2589 2564 προσετίθει
2618 2497 2677 2548 τὸ
2708 2498 2932 2567 Πατὴρ,
2960 2501 3281 2574 βουλόμενος
3304 2508 3571 2580 γνωρίσαι

1980 2583 2070 2636 τὸν
2107 2586 2421 2654 ἀγέννητον·
2455 2588 2615 2658 ἢρκει
2643 2587 2752 2659 γὰρ
2775 2590 2835 2642 τὸ
2863 2591 3024 2658 Θεὸς,
3052 2595 3103 2646 ετ
3125 2612 3186 2661 γε
3214 2596 3379 2650 αὑτοῦ
3408 2600 3564 2668 μόνον

1980 2669 2048 2744 ἦν
2092 2678 2476 2748 γνωριστικὸν,
2503 2679 2660 2732 τοῦτο
2703 2681 2961 2752 δηλῶσαι.
2999 2687 3073 2737 υύ
3101 2687 3261 2742 τοῦτο
3291 2690 3348 2743 δὲ
3380 2692 3564 2762 μόνον,

1977 2768 2113 2822 ἀλλὰ
2159 2770 2252 2821 καὶ
2281 2769 2468 2848 ἕτερον
2501 2770 2645 2824 ιἐστιν
2687 2773 3067 2848 sinam-[173]
3109 2779 3170 2830 Εί
3205 2780 3314 2851 γάρ
3362 2781 3563 2851 λέγοις,

1977 2861 2058 2913 ὅτι
2086 2861 2271 2921 ἐπειδὴ
2298 2857 2374 2925 εἷς
2393 2862 2523 2926 Θεὸς
2546 2865 2779 2935 εἴρηται,
2807 2869 2906 2938 ούχ
2930 2871 3160 2942 ἁρμόζει
3190 2884 3216 2912 ι
3241 2875 3319 2944 τῷ
3346 2875 3460 2946 Υίῷ
3481 2879 3566 2945 τὸ,

1979 2956 2146 3020 Θεὸς,
2189 2957 2291 3026 ὅρα
2330 2958 2424 3010 καὶ
2459 2959 2552 3011 ἐπὶ
2603 2959 2696 3013 τοῦ
2724 2959 2856 3014 Υίοῦ
2893 2962 2955 3015 τὸ
2989 2963 3120 3017 αὐτὸ
3147 2965 3414 3036 κείμενον.
3457 2970 3565 3022 Καὶ

1975 3045 2084 3115 γὰρ
2113 3047 2142 3100 ό
2173 3047 2300 3110 Υἱὸς
2323 3043 2403 3111 εἷς
2433 3049 2637 3122 Κύριος
2664 3052 2898 3123 εἴρηται,
2923 3055 3015 3106 καὶ
3042 3055 3102 3108 οὐ
3127 3056 3213 3108 διὰ
3235 3055 3391 3111 τοῦτο
3416 3059 3566 3132 αὐτῷ

1978 3137 2126 3208 μόνῳ
2178 3139 2256 3204 τὸ,
2299 3141 2536 3209 Κύριος,
2571 3144 2862 3214 ἁρμόττειν
2913 3147 3112 3216 φαμέν.
3150 3148 3309 3202 Ὥστε
3353 3150 3418 3221 ἣν
3451 3150 3563 3222 ἔχει

1979 3229 2130 3299 ἰσχὺν
2152 3229 2233 3296 τὸ,
2260 3227 2386 3297 Εἷς,
2413 3233 2505 3285 ἐπὶ
2531 3232 2624 3286 τοῦ
2657 3234 2811 3298 Υίοῦ,
2841 3235 3042 3308 ταύτην
3073 3239 3167 3291 καὶ
3197 3242 3289 3293 ἐπὶ
3317 3240 3412 3294 τοῦ
3448 3238 3561 3295 Πα-

1973 3320 2120 3390 τρός·
2166 3322 2260 3374 καὶ
2307 3322 2558 3394 καθάπερ
2599 3324 2699 3376 οὐκ
2727 3325 2919 3389 ἐξωθεῖ
2945 3329 3036 3381 τὸν
3071 3330 3292 3402 Πατέρα
3326 3333 3420 3387 τοῦ
3453 3336 3563 3387 Κύ-

1974 3427 2091 3480 ριον
2121 3409 2283 3476 εἶναι,
2315 3407 2424 3475 οἷος
2445 3417 2474 3468 ό
2503 3414 2630 3477 Υίός
2657 3417 2772 3468 ἐστι
2801 3417 3026 3489 Κύριος,
3061 3420 3150 3474 διὰ
3183 3424 3244 3476 τὸ
3274 3425 3368 3477 ἕνα
3398 3427 3561 3481 αὑτὸν

1971 3501 2225 3570 λέγεσθαι
2265 3504 2470 3574 Κύριον
2499 3507 2589 3558 τὸν
2627 3507 2775 3560 Υίὸν·
2807 3507 2983 3572 οὕτως
3018 3511 3138 3564 ούδέ
3169 3513 3260 3566 τὸν
3294 3515 3423 3569 Υίὸν
3464 3521 3558 3571 ἐκ-
3626 3505 3630 3507 ἓ

1972 3589 2158 3644 ϐάλλει
2178 3591 2274 3646 τοῦ
2301 3589 2441 3646 εἶναι
2463 3593 2617 3660 Θεὸν,
2657 3591 2767 3662 οἷός
2796 3598 2914 3650 ἐστι
2937 3598 3068 3664 Θεὸς
3093 3605 3122 3655 ὀ
3152 3603 3361 3676 Πατὴρ,
3388 3607 3476 3661 διὰ
3498 3610 3559 3662 τὸ

1971 3680 2067 3733 ἐνα
2100 3682 2233 3735 Θεὸν
2271 3682 2525 3752 λέγεσθαι
2562 3685 2656 3738 τὸν
2689 3686 2930 3759 Πατέρα.
2975 3691 3037 3745 Εί
3061 3691 3119 3745 δέ
3154 3711 3298 3759 τινες
3324 3696 3552 3766 λέγοιεν·

1971 3773 2126 3834 Τίνος
2143 3773 2330 3827 ἕνεκεν
2350 3774 2490 3828 Πνεύ
2499 3793 2669 3847 ματος
2685 3778 2786 3832 ούκ
2812 3782 3218 3854 ἐμνημόνευσεν
3238 3803 3253 3853 ;
3283 3789 3458 3844 ἐκεῖνο
3489 3792 3556 3845 ἂν

1968 3866 2239 3938 εἴποιμεν,
2284 3869 2367 3922 ὅτι
2411 3870 2549 3941 πρὸς
2589 3871 2982 3946 είδωλολάτρας
3027 3873 3095 3950 ἦν
3132 3881 3161 3933 ό
3197 3880 3353 3950 λόγος
3381 3885 3550 3956 αὐτῷ,

1967 3960 2063 4013 καὶ
2099 3960 2227 4031 περὶ
2249 3960 2388 4015 θεῶν
2417 3962 2629 4017 πολλῶν
2652 3967 2680 4018 ό
2707 3966 2877 4035 ἀγὼν,
2905 3971 3000 4023 καὶ
3032 3972 3160 4044 περὶ
3189 3975 3393 4046 κυρίων
3422 3978 3550 4031 πολ-

1965 4051 2092 4107 λῶν.
2127 4053 2220 4108 Διό
2248 4056 2345 4109 καὶ
2373 4055 2505 4110 Θεὸν
2532 4057 2624 4112 τὸν
2655 4059 2876 4131 Πατέρα
2906 4062 3096 4129 εἰπὼν,
3137 4066 3228 4119 τὸν
3258 4067 3386 4123 Υίὸν
3417 4072 3549 4124 ἐκά-

1963 4144 2086 4198 λεσε
2110 4145 2334 4216 Κύριον.
2365 4148 2428 4200 El
2465 4148 2643 4203 τοίνυν
2671 4150 2763 4203 τὸν
2795 4151 3014 4222 Πατέρα
3040 4155 3138 4207 οὐκ
3165 4156 3428 4228 ἐτόλμησε
3453 4176 3552 4211 xa-

1962 4231 2120 4286 λέσαι
2164 4233 2368 4306 Κύριον
2411 4238 2506 4289 νῦν
2540 4238 2676 4306 μετὰ
2715 4239 2810 4294 τοῦ
2852 4241 3004 4304 Υίοῦ,
3046 4242 3131 4295 ἵνα
3179 4244 3254 4314 μὴ
3287 4245 3382 4297 δύο
3417 4251 3548 4318 παρ’

1963 4323 2194 4386 ἐκείνοις
2232 4324 2605 4396 ὑποπτεύηται
2635 4327 2816 4394 λέγειν
2844 4331 3102 4399 Κυρίους,
3140 4333 3261 4384 οὑδέ
3301 4334 3391 4387 τὸν
3422 4336 3548 4389 Υδὸν

1961 4410 2095 4464 Θεὸν
2122 4412 2261 4481 μετὰ
2288 4411 2382 4466 τοῦ
2407 4415 2644 4485 Πατρὸς,
2675 4416 2762 4468 ἵνα
2805 4417 2880 4487 μὴ
2911 4417 3005 4470 δύο
3039 4418 3326 4491 νομίζηται
3367 4422 3548 4493 λέγειν

1963 4501 2119 4566 θεούς
2139 4518 2152 4531 ·
2180 4502 2232 4555 τί
2264 4503 2587 4574 θαυμάζεις,
2614 4506 2661 4558 εί
2691 4506 2786 4560 τοῦ
2831 4508 3147 4580 Πνεύματος
3171 4512 3270 4565 οὐκ
3302 4514 3544 4586 ἐμνημό-

1960 4609 2116 4647 νευσε
2139 4611 2152 4660 ;
2182 4595 2316 4668 πρὸς
2350 4597 2458 4669 γάρ
2484 4597 2726 4663 ἐκείνους
2754 4598 2903 4670 αύτῷ
2931 4602 3071 4664 τέως
3102 4598 3169 4674 ἦν
3194 4605 3223 4657 ό
3248 4605 3419 4675 ἀγὼν,
3449 4614 3542 4664 καὶ

1957 4683 2020 4738 τὸ
2049 4685 2241 4753 δεῖξαι,
2284 4688 2367 4744 ὅτι
2412 4690 2513 4743 οὐκ
2552 4689 2666 4743 ἔστι
2710 4691 2967 4746 πολυθεῒα
3007 4697 3138 4768 παρ’
3170 4698 3320 4768 ἡμῖν.
3362 4701 3453 4754 Διὸ
3481 4702 3540 4755 τὸ

1958 4771 2063 4844 Εἷς
2115 4778 2276 4832 τοῦτο
2325 4780 2567 4851 συνεχῶς
2621 4782 2838 4854 κατέχει
2890 4786 3081 4856 λέγων·
3145 4791 3354 4858 Οὐδεὶς
3395 4792 3538 4859 Θεὸς

1954 4869 2173 4940 ἕτερος,
2231 4875 2283 4926 εὶ
2321 4873 2407 4941 μὴ
2447 4870 2552 4938 εἷς·
2608 4877 2722 4942 καὶ,
2774 4877 2945 4947 Ἡμῖν
2984 4876 3072 4946 εἷς
3113 4885 3259 4947 Θεὸς
3308 4883 3406 4936 καί
3447 4880 3536 4950 εἷς

1953 4965 2189 5033 Κύριος.
2237 4966 2399 5018 Ὅθεν
2440 4965 2600 5036 δῆλον
2651 4969 2732 5021 ὅτι
2763 4971 3074 5042 φειδόμενος
3120 4975 3220 5043 τῆς
3250 4975 3534 5040 ἀσθενείας

1951 5058 2057 5112 τῶν
2082 5057 2408 5123 ἀκουόντων,
2435 5058 2610 5131 ταύτῃ
2632 5063 2902 5132 ἐχρήσατο
2922 5067 2987 5134 τῇ
3016 5064 3302 5137 διασκευῇ,
3329 5069 3420 5120 καὶ
3443 5067 3533 5124 διὰ

1948 5150 2106 5202 τοῦτο
2138 5149 2257 5202 οὐδὲ
2292 5149 2384 5202 τοῦ
2416 5149 2732 5219 Πνεύματος
2755 5153 3182 5222 ἐμνημόνευσεν·
3225 5157 3347 5210 ἐπεὶ
3374 5161 3422 5213 εί
3451 5162 3526 5232 μὴ

1947 5238 2106 5293 τοῦτό
2134 5242 2298 5304 ἐστιν,
2331 5238 2447 5293 οὐδὲ
2477 5238 2714 5309 ἀλλαχοῦ
2755 5242 3057 5313 μνησθῆναι
3093 5244 3196 5299 ἔδει
3235 5248 3328 5301 τοῦ
3367 5251 3528 5306 Πνεύο

1951 5349 2142 5404 ματος,
2179 5332 2299 5385 οὐδὲ
2336 5331 2724 5386 συντάττεσθαι
2757 5335 2908 5403 αύτῷ
2936 5337 3115 5409 Πατρὶ
3157 5341 3252 5394 καὶ
3280 5341 3412 5413 Υίῷ.
3463 5343 3526 5397 El

1945 5423 2055 5494 γὰρ
2096 5422 2437 5493 ἀπέρριπται
2499 5424 2712 5496 Πατρὸς
2760 5427 2856 5480 καὶ
2891 5428 3042 5493 Υίοῦ,
3093 5430 3275 5501 πολλῷ
3325 5433 3524 5501 μᾶλλον

1945 5512 2036 5566 ἐπὶ
2063 5511 2157 5565 τοῦ
2194 5512 2571 5582 βαπτίσματος
2623 5514 2754 5568 αὐτὸ
2804 5518 3196 5573 συντάττεσθαι
3247 5519 3346 5571 οὐκ
3390 5519 3518 5583 ἔδει,

2001 5820 2026 5846 ⁸
2054 5817 2194 5878 Reg.,
2222 5820 2258 5865 εἰ
2287 5820 2335 5867 δὲ
2361 5821 2586 5880 ).έγοις....
2623 5817 2712 5880 οὐχ
2736 5818 2950 5880 ἁρμόσει.
