3986 6202
393 261 416 312 1
429 255 493 310 65

397 365 523 420 ἔνθα
557 359 789 432 μάλιστα
811 352 1064 424 φαίνεται
1088 344 1146 396 τὸ
1167 342 1387 408 ἀξίωμα
1419 336 1517 403 τῆς
1545 329 1824 432 θεότητρς,
1875 318 1971 376 καὶ

394 415 595 522 δωρεάί
616 415 844 498 δίδονται
869 435 989 505 Θεῷ
1025 430 1402 503 προσήκουσαι
1437 422 1582 492 μόνῳ
1614 415 1896 484 παρέχειν.

473 564 538 621 δ’.
562 563 703 634 Ἐγὼ
717 561 812 631 μὲν
826 555 1026 625 οὗντὴν
1037 550 1217 606 αἰτίαν
1235 541 1409 609 εἷπον,
1430 543 1494 596 δι’
1524 543 1594 613 ἢν
1617 537 1853 593 ἐνταῦθα
1887 551 1975 588 σε-

399 622 646 726 σίγηταιί
677 622 741 703 σύ
783 646 862 708 δὲ,
891 645 939 696 εἰ
1079 637 1235 690 τοῦτό
1263 636 1432 696 ἐστιν,
1459 631 1580 685 εἰπὲ
1613 627 1704 681 διὰ
1729 627 1783 679 τί
1813 627 1870 678 ἐν
1896 622 1975 693 τῷ

400 713 740 813 βαπτίσματι
785 730 1166 787 συντάττεται.
1202 722 1342 775 Ἀλλ’
1372 722 1474 773 οὐκ
1508 720 1573 772 ἂν
1603 717 1749 786 ἔχοις
1781 713 1976 783 ἐτέραν

401 797 580 885 αιτίαν
607 797 824 882 ἐίπεῖν,
853 819 886 891 ἦ
911 818 992 880 τὸ,
1022 815 1283 886 ὁμότιμον
1314 809 1447 862 αὐτὸ
1467 802 1626 860 εἶναι.
1653 805 1822 856 ’Ὀταν
1847 797 1979 869 γοῦν

406 915 672 989 μηδεμίαν
706 910 802 980 έχῃ
835 888 1093 972 τοιαύτην
1121 899 1390 965 ἀνάγκην,
1424 894 1526 963 δρα
1558 891 1674 952 πῶς
1704 888 1837 942 αὐτὸ
1863 900 1981 982 συν-

399 972 585 1058 τάττέι
639 972 802 1052 οὕτω,
832 994 1030 1061 λέγων·
1080 989 1141 1043 Ἠ
1195 985 1368 1055 χάρις
1400 980 1508 1036 τοῦ
1559 978 1782 1046 Κυρίου
1812 972 1982 1042 ἡμῶν

415 1088 619 1159 Ἰησοῦ
650 1081 928 1152 Χριστοῦ,
979 1078 1076 1131 καὶ
1111 1077 1149 1142 ἡ
1181 1071 1381 1142 ἀγάπη
1414 1067 1520 1122 τοῦ
1554 1065 1702 1119 Θεοῦ
1736 1062 1834 1119 καὶ
1865 1063 1983 1114 Πα-

405 1147 565 1248 τρός,
600 1147 707 1228 καί
731 1173 768 1240 ή
801 1165 1081 1223 κοινωνία
1115 1160 1221 1215 τοῦ
1255 1159 1429 1227 ἁγίου
1462 1154 1807 1222 Πνεύματος
1831 1147 1984 1248 μετά

405 1233 651 1321 λάντων
677 1233 862 1330 ὑμῶν·
899 1255 994 1309 καὶ
1025 1251 1209 1314 πάλιν,
1241 1246 1565 1314 Διαιρέσεις
1594 1240 1662 1293 δὲ
1694 1233 1986 1308 χαρισμὰο

410 1374 529 1411 των
564 1327 725 1419 εἰσί,
756 1349 824 1402 τὸ
882 1345 950 1400 δὲ
1000 1341 1146 1396 αὐτὸ
1183 1337 1424 1405 Πνεῦμα
1449 1350 1463 1366 ·
1520 1332 1618 1386 καί
1667 1327 1988 1396 διαιρέσεις

409 1412 728 1498 διακονιῶν
755 1439 939 1495 εἰσιν,
981 1433 1012 1485 ό
1053 1428 1121 1482 δὲ
1152 1425 1335 1490 αὐτὸς
1367 1423 1599 1489 Κύριος·
1643 1417 1740 1470 καί
1771 1412 1990 1482 διαιρέο

411 1549 544 1597 σεις
574 1523 986 1596 ἐνεργημάτων
1015 1516 1193 1581 εἰσὶν,
1226 1515 1257 1566 ὀ
1295 1511 1364 1563 δὲ
1401 1507 1583 1597 αὐτὸς
1634 1505 1797 1569 Θεός.
1847 1500 1988 1554 Ἀλλ’

415 1587 603 1685 ιπεῐδὴ
628 1587 728 1666 νιξᾴ
762 1587 1184 1682 πρὸςἜλληνας
1229 1603 1258 1652 ι
1299 1598 1457 1660 λόγος
1481 1589 1547 1664 ἦν
1573 1591 1722 1660 αὐτῷ
1745 1587 1992 1650 καὶτοὺς

415 1706 477 1770 ἐξ
515 1675 783 1772 Ἑλλήνων
806 1675 1280 1759 ἀσθενεστέρους,
1337 1685 1424 1736 διὰ
1463 1681 1620 1734 10610
1669 1675 1994 1747 ταμιεύεται

414 1792 588 1854 τέως·
641 1760 778 1857 δπερ
813 1779 904 1836 οὖν
951 1780 1043 1834 καὶ
1081 1781 1129 1830 οἰ
1171 1774 1446 1846 προφῆται
1499 1767 1746 1822 ποιοῦσιν
1778 1764 1870 1816 ἐπὶ
1899 1760 1993 1814 106

415 1849 571 1944 T506,
622 1849 859 1945 οὐδαμοῦ
915 1867 1104 1937 σαφῶς
1160 1862 1326 1917 αὐτοῦ
1380 1857 1720 1945 μεμνημένοι
1758 1853 1846 1945 διὰ

414 1968 702 2024 ἀσθένειαν
733 1936 843 2014 τῶν
875 1936 1202 2012 ἀκουόντων.
1243 1949 1396 2002 Ἀλλ’
1448 1949 1557 1999 οὐκ
1611 1944 1682 1996 ἐν
1734 1938 1925 1992 πᾶσιν
1957 1936 1996 2002 ἠ

417 2055 665 2129 γνῶσις,
695 2048 848 2120 φησί.
899 2045 1036 2099 Ποία
1060 2041 1235 2110 αὐτη;
1275 2039 1307 2107 ή
1354 2035 1485 2100 περί¹
1535 2030 1632 2084 106
1678 2027 1906 2096 Θεοῦ,ἢ
1965 2025 1999 2095 ή

421 2119 552 2218 περὶ
581 2145 688 2196 τῶν
709 2119 1105 2197 εἰδωλοθύτων;
1143 2132 1215 2184 Ἤ
1251 2130 1360 2197 γάρ
1393 2123 1544 2197 [174]
1579 2123 1702 2185 τούς
1732 2119 2001 2187 Ἕλληνας

421 2204 719 2291 αἰνίττεται
772 2225 1028 2285 ἐνταῦθα,
1087 2221 1213 2281 τούς
1274 2213 1502 2275 πολλοὺς
1549 2209 1808 2278 λέγοντας
1845 2204 2003 2267 θεοὺς

422 2324 519 2378 καὶ
545 2319 788 2391 κυρίους,
815 2315 910 2368 καὶ
938 2313 1039 2365 οὐκ
1077 2308 1284 2367 εἰδότας
1313 2303 1403 2356 τὸν
1433 2301 1562 2353 ὅντα
1600 2298 1732 2350 Θεόν
1760 2312 1773 2326 ·
1810 2293 1841 2364 ἢ
1877 2292 2005 2355 τοὺς

413 2413 486 2476 ’ἐξ
519 2377 787 2478 Ἑλλήνων
813 2396 1234 2467 ἀσθενεστέρους
1268 2391 1371 2455 ἔτι,
1404 2388 1530 2450 τοὺς
1573 2382 1786 2438 οὐδέπω
1819 2377 2005 2448 σαφῶς

427 2468 773 2559 είδόταςίὸτι
831 2489 892 2541 οὐ
943 2485 1052 2557 χρὴ
1088 2480 1384 2536 δεδοικέναι
1423 2474 1494 2528 τὰ
1537 2470 1755 2533 εἴδωλα,
1791 2468 1887 2522 καὶ
1923 2468 2005 2520 ὅτι

425 2585 580 2639 οὐδὲν
622 2554 845 2634 εἴδωλον
891 2554 1206 2640 ἐνηκόσμῳ.
1263 2563 1436 2617 Τοῦτο
1486 2561 1542 2614 δέ
1595 2557 1789 2620 εἰπὼν,
1825 2554 2009 2625 ἡρέμα

429 2668 861 2744 παρεμυθήσατο
909 2661 1000 2716 καὶ
1051 2659 1225 2727 ἐπῆρε
1256 2652 1499 2713 τούτους.
1534 2647 1669 2702 Οὐδὲ
1692 2645 1801 2715 γάρ
1829 2643 2010 2696 πάντα

430 2729 810 2814 καθάπτεσθαι
839 2752 964 2815 ἔδει,
992 2749 1088 2801 καὶ
1120 2744 1358 2816 μάλιστα
1389 2737 1653 2810 μέλλοντα
1681 2733 1844 2788 πάλιν
1874 2729 2011 2785 καθ-

431 2844 702 2900 ικνεῖσθαι
738 2838 920 2894 αὐτῶν
957 2833 1344 2904 σφοδρότερον.

511 2964 677 3028 Τινὲς
708 2960 776 3014 δὲ
807 2957 882 3026 τῇ
923 2951 1275 3018 συνειδήσει
1310 2947 1418 3003 τοῦ
1466 2945 1718 3000 εἰδώλου
1753 2942 1862 3008 ἕως
1888 2940 2017 3008 ἄρτι

437 3054 516 3118 ὡς
547 3047 954 3104 εἰδωλοθύτων
991 3041 1286 3102 ἐσθίουσι,
1319 3035 1418 3090 καὶ
1451 3035 1487 3101 ἠ
1520 3030 1882 3098 συνείδησις
1913 3029 2019 3081 αὺ-

440 3138 558 3194 τῶν
616 3132 882 3201 ἀσθενὴς
933 3125 1092 3184 οὖσα
1145 3125 1492 3196 μολύνεται.
1551 3120 1676 3174 Ἔτι
1731 3116 2018 3188 τρέμουσι,

443 3227 597 3298 φησί,
628 3225 698 3278 τὰ
727 3221 942 3276 εἴδωλα.
995 3218 1088 3288 Μὴ
1133 3217 1244 3286 γάρ
1279 3229 1368 3283 μοι
1408 3213 1507 3281 τὴν
1539 3207 1825 3280 παροῦσαν
1859 3207 2021 3275 είπῃς

443 3316 802 3376 κατάστασιν,
851 3310 944 3363 καί
997 3307 1081 3358 ὅτι
1139 3304 1205 3356 ἐκ
1258 3299 1543 3372 προγόνων
1591 3297 1690 3367 τὴν
1741 3294 2025 3348 εὐσέϐειαν

447 3401 633 3466 ἐδέξω·
667 3399 805 3454 ἀλλά
849 3390 1221 3466 παράπεμψον
1270 3389 1370 3456 τὴν
1405 3385 1646 3438 διάνοιαν
1672 3385 1751 3447 εἰς
1783 3381 2025 3444 ἐκείνους

444 3493 574 3553 τοὺς
614 3487 862 3559 χρόνους,
895 3483 993 3536 καὶ
1047 3479 1322 3549 ἐννόησον,
1370 3475 1496 3546 ἄρτι
1523 3472 1616 3525 τοῦ
1671 3471 2029 3542 κηρύγματος

448 3557 872 3646 καθισταμένου,
900 3571 996 3624 καὶ
1027 3568 1130 3637 τῆς
1165 3564 1423 3627 ἀσεϐείας
1459 3562 1540 3616 ἐτι
1570 3559 1900 3632 κρατούσης,
1936 3557 2030 3610 καὶ

454 3667 654 3739 βωμῶν
689 3645 995 3732 καιομένων
1022 3659 1116 3712 καὶ
1142 3655 1346 3709 θυσιῶν
1373 3654 1468 3705 καὶ
1495 3650 1738 3705 σπονδῶν
1766 3645 2030 3716 τελουμέ-

455 3737 582 3820 νων,
637 3753 735 3805 καὶ
791 3750 899 3804 τῶν
957 3747 1221 3799 πλειόνων
1261 3743 1531 3812 Ἑλλήνων
1578 3740 1769 3801 ὅντων,
1803 3738 1930 3800 τοὺς
1969 3737 2036 3789 ἐκ

460 3839 742 3911 προγόνων
800 3833 1218 3902 διαδεξαμένους
1257 3829 1357 3900 τὴν
1391 3827 1675 3891 ἀσέϐειαν,
1730 3826 1826 3879 καὶ
1870 3825 2036 3878 πατέ-

461 3945 571 3998 ρων
615 3926 710 3978 καὶ
752 3923 994 3975 πάππων
1045 3919 1140 3973 καὶ
1194 3915 1534 3970 ἐπιπάππων
1585 3912 1845 3966 τοιούτων
1875 3911 2035 3974 ὄντας

461 3996 739 4083 ἐκγόνους,
781 4011 875 4064 καὶ
910 4006 1082 4060 πολλὰ
1117 4003 1266 4075 παρά
1312 3999 1421 4054 τῶν
1451 3999 1723 4070 δαιμόνων
1767 3996 2040 4060 παθόντας

463 4103 630 4163 κακὰ,
653 4098 846 4171 ἀθρόον
879 4092 1274 4166 μεταστάντας,
1303 4089 1420 4153 πῶς
1452 4087 1596 4150 εἰκὸς
1618 4083 1686 4157 ἦν
1711 4083 2037 4140 διακεῖσθαι’

466 4192 582 4255 πῶς
614 4189 672 4244 δέ
720 4187 1017 4242 δεδοικέναι
1049 4184 1144 4237 καὶ
1195 4181 1421 4252 τρέμειν
1453 4177 1554 4241 τὰς
1605 4175 1716 4230 τῶν
1769 4175 2042 4245 δαιμόνων

465 4277 778 4340 ἐπιϐουλάς·
813 4276 883 4330 δι’
912 4273 1006 4338 οὓς
1039 4273 1134 4326 καὶ
1160 4269 1532 4339 αἰνιττόμενος
1565 4265 1741 4334 ἔλεγε·
1784 4262 1948 4330 Τινὲς
1976 4261 2046 4315 δὲ

466 4367 544 4437 τῇ
583 4364 934 4432 συνειδήσει
969 4361 1075 4416 τοῦ
1111 4359 1532 4414 ειδωλοθύτου.
1565 4355 1704 4409 Οὐτε
1735 4355 1845 4425 γὰρ
1874 4354 2045 4406 ἐκκα-

469 4456 661 4509 λύπτει
686 4453 882 4514 αὐτοὺς
910 4448 1118 4517 σαφῶς,
1149 4447 1237 4500 ἵνα
1270 4447 1344 4517 μὴ
1377 4444 1581 4516 πλήξῃ,
1618 4441 1740 4496 οὐτε
1771 4438 2048 4510 παρατρέ-

472 4559 557 4614 χει
589 4540 842 4603 καθόλου,
867 4537 980 4590 ἀλλ’
1019 4535 1284 4605 ἀορίστως
1312 4531 1490 4584 αὐτῶν
1521 4531 1816 4600 μέμνηται,
1849 4527 2044 4596 λέγων·

479 4627 645 4694 Τινὲς
669 4627 738 4680 δὲ
766 4624 839 4693 τῇ
869 4622 1221 4688 συνειδήσει
1243 4619 1347 4672 τοῦ
1373 4618 1766 4671 είδωλοθύτου
1787 4615 1896 4680 ἕως
1919 4614 2052 4682 ἄρτι

473 4717 556 4780 ὡς
587 4713 983 4767 εἰδωλόθυτον
1013 4709 1309 4762 ἐσθίουσι·
1353 4704 1619 4768 τουτέστι,
1652 4702 1792 4773 μετὰ
1827 4703 1925 4772 τῆς
1951 4702 2052 4755 αὐ-

477 4804 577 4874 τῆς
605 4799 864 4862 διανοίας,
909 4796 1026 4866 μεθ’
1070 4791 1137 4867 ἦς
1173 4793 1458 4864 πρότερον·
1501 4789 1595 4843 καὶ
1625 4791 1664 4857 ἡ
1697 4788 2052 4854 συνείδησις

478 4887 678 4945 αὐτῶν
713 4884 981 4951 ἀσθενὴς
1034 4876 1194 4936 οὖσα
1241 4879 1590 4948 μολύνεται·
1642 4877 1856 4930 οὐδέπω
1891 4877 2051 4929 δυνα-

485 4979 622 5049 μένη
657 4971 1070 5045 καταφρονῆσαι
1109 4969 1229 5022 οὐδέ
1259 4967 1516 5032 καθάπαξ
1549 4966 1728 5021 αὐτῶν
1755 4963 2058 5032 καταγελά-

486 5084 598 5128 σαι,
631 5064 744 5118 ἁλλ’
777 5063 857 5116 ἔτι
890 5059 1297 5131 διακρινομένη.
1323 5058 1534 5128 Ὠσπερ
1566 5055 1631 5109 ἀν
1665 5054 1719 5107 εἰ
1747 5071 1830 5117 τις
1861 5053 1940 5123 τῷ
1968 5069 2057 5104 νε-

485 5151 622 5223 κροῦ
679 5150 944 5205 ἅπτεσθαι
994 5147 1202 5220 νομίζοι
1235 5145 1480 5218 μολύνειν
1519 5143 1710 5199 ἑαυτὸν
1749 5143 1887 5196 κατά
1928 5143 2059 5194 ’1ου-

485 5239 677 5309 δαῖκὴν
731 5238 1040 5308 συνήθειαν,
1103 5233 1222 5290 εἶτα
1283 5236 1503 5306 ἐτέρους
1551 5232 1692 5306 ὀρῶν
1724 5233 2061 5303 ἁπτομένους

491 5328 632 5399 μετά
668 5324 908 5397 καθαροῦ
960 5324 1280 5386 συνειδότος,
1320 5324 1392 5394 μὴ
1428 5322 1736 5392 ἁπτόμενος
1778 5321 1916 5390 μετά
1963 5321 2062 5388 τῆς

490 5415 661 5486 αὐτῆς
686 5412 934 5484 γνώμης,
969 5410 1250 5482 μολύνοιτο
1272 5425 1284 5438 ·
1318 5409 1460 5461 οὕτω
1491 5409 1732 5461 κάκεῖνοι
1769 5407 1888 5459 τότε
1929 5405 2065 5458 ἐπα-

494 5520 641 5575 σχον.
671 5501 830 5566 Τινὲς
861 5501 990 5570 γὰρ,
1022 5499 1174 5567 φησί,
1203 5495 1274 5564 τῇ
1307 5495 1658 5564 συνειδήσει
1689 5495 1794 5548 τοῦ
1815 5493 2064 5548 εἰδώλου

496 5591 608 5658 ἕως
632 5591 784 5658 ἄρτι.
829 5589 941 5658 Οὐχ
970 5585 1159 5648 ἁπλῶς
1197 5583 1276 5646 τὸ,
1297 5583 1445 5648 Ἕως
1474 5582 1625 5649 ἄρτι,
1651 5582 1917 5645 τέθεικεν,
1950 5580 2064 5634 ἀλλ’

499 5677 586 5732 ἵνα
629 5677 778 5749 δείξῃ
809 5677 891 5730 ὅτι
940 5674 1090 5729 οὐδὲν
1141 5673 1345 5742 ήνυσαν
1394 5671 1470 5740 μὴ
1518 5669 2062 5738 συγκαταϐαίνοντες.

1063 235 1120 288 S.
1161 224 1442 285 JOANNIS
1477 198 1964 274 CIIBYSOSTUMI
2002 213 2017 256 Δ

2125 200 2324 258 ιιιιερ.
2359 191 2909 257 CONSTANTINOP.

2079 317 2221 370 Οὐδέ
2241 315 2349 386 γὰρ
2379 313 2552 378 οὕτως
2582 313 2778 373 αὐτοὺς
2808 308 3020 376 ἐνάγειν
3066 300 3255 374 ἐχρῆν,
3286 296 3400 356 ἀλλ’
3442 299 3648 369 ἑτέρως

2077 421 2196 468 πως
2224 382 2368 473 λόγω
2397 403 2685 462 πείθοντας
2717 397 2811 450 καὶ
2848 392 3190 460 διδασκαλίᾳ.
3237 386 3348 442 Καὶ
3377 387 3416 452 ἠ
3448 382 3650 440 συνεί-

2079 492 2258 560 δησις
2286 471 2486 545 αὐτῶν
2514 485 2784 554 ἀσθενὴς
2814 478 2975 537 οὖσα
3017 479 3367 553 μολύνεται.
3401 471 3653 541 Οὐδαμοῦ

2079 583 2219 644 τέως
2245 580 2372 650 περί
2401 579 2497 650 τὴν
2530 577 2691 647 φύσιν
2719 575 2813 629 τοῦ
2845 571 3168 640 πράγματος
3197 565 3289 619 τὸν
3314 562 3473 629 λόγον
3502 561 3656 630 ῖστη-

2085 687 2188 734 σιν,
2216 667 2333 722 ἀλλ’
2362 667 2476 721 ἄνω
2513 665 2608 719 καὶ
2643 665 2792 718 κάτω
2830 660 2955 731 περὶ
2986 657 3054 710 τὸ
3084 653 3323 716 συνειδὸς
3358 653 3455 704 τοῦ
3487 664 3656 719 μεταο

2083 755 2450 827 λαμϐάνοντος
2482 751 2792 822 στρέφεται.
2833 747 3049 801 Δέδοικε
3082 743 3192 812 γάρ
3225 742 3298 811 μή
3346 753 3465 800 πως
3489 734 3660 788 θέλων

2082 822 2374 916 διορθῶσαι
2392 841 2482 893 τὸν
2509 837 2734 907 ἀσθενῆ,
2760 835 2936 906 πλήξῃ
2955 833 3048 885 τὸν
3076 828 3318 916 ἰσζυρδν,
3343 824 3437 878 καλ⁸
3459 822 3662 891 ἀσθενῆ

2085 908 2180 987 καί
2211 931 2402 984 τοῦτον
2424 928 2749 998 ἐργάσηται.
2779 922 2980 992 Διόπερ
3011 919 3112 988 οὐχ
3139 910 3302 986 ἦττον
3329 913 3521 965 τούτου
3548 908 3664 978 φεί-

2085 1022 2254 1084 δεται,
2288 1019 2322 1088 ἢ
2365 993 2597 1070 ἐκείνου.
2621 993 2750 1066 -Καὶ
2775 1012 2875 1063 οὐκ
2908 1007 3136 1077 ἀφίησιν
3170 1001 3304 1056 αὐτὸ
3336 993 3667 1068 νομισθῆναί

2086 1126 2162 1171 τι,
2195 1084 2330 1159 ἀλλά
2382 1105 2548 1157 πολὺν
2600 1096 3005 1158 κατασκευάζει
3043 1092 3132 1146 τὸν
3183 1089 3362 1157 λόγον,
3399 1087 3543 1139 ῶστε
3592 1084 3667 1155 μὴ

2088 1196 2247 1250 10610
2301 1192 2725 1260 ύποπτευθῆναι.
2794 1183 3003 1254 Βρῶμιι
3046 1180 3115 1233 δὲ
3172 1175 3333 1246 ἡμᾶς
3381 1177 3454 1229 οὐ
3519 1190 3661 1240 παρ-

3545 185 3642 242 165

2093 1286 2302 1351 ίστησι
2355 1279 2435 1345 τῷ
2474 1276 2615 1342 Θεῷ.
2653 1275 2801 1328 Οὔτε
2856 1269 2967 1341 γὰρ
3002 1269 3110 1322 ἐὰν
3136 1265 3435 1336 φάγωμεν,
3463 1275 3655 1330 περισ-

2093 1347 2372 1438 σεύομεν·
2429 1366 2569 1421 οὔτε
2631 1363 2738 1416 ἐὰν
2781 1358 2867 1430 μὴ
2917 1356 3214 1427 φάγωμεν,
3275 1347 3666 1438 ὑστεροῦμεν.

2107 1432 2270 1528 Ὁρᾷς
2299 1455 2419 1517 πῶς
2445 1453 2606 1506 πάλιν
2635 1448 2816 1503 αὐτῶν
2842 1444 3057 1500 καθεῖλε
3077 1442 3138 1494 τὸ
3168 1439 3456 1512 φρόνημα;
3492 1432 3674 1488 Εἰπὼν

2097 1521 2322 1616 γὰρ-δτι
2357 1543 2419 1594 οὐ
2465 1541 2624 1612 μόνον
2653 1539 2870 1598 ἐκεῖνοι,
2905 1533 3040 1587 ἀλλά
3067 1530 3266 1590 πάντες
3295 1523 3448 1598 [175]
3475 1521 3676 1591 γνῶσιν

2098 1611 2314 1704 έχομεν,
2338 1629 2448 1692 καὶ,
2473 1630 2554 1681 δτι
2575 1627 2749 1688 οὐδεὶς
2772 1623 2921 1676 οὐδὲν
2936 1621 3141 1688 ἔγνωκε
3163 1614 3345 1676 καθὼς
3355 1613 3437 1666 δεῖ
3450 1611 3674 1679 γνῶναι,

2099 1703 2224 1786 καὶ,
2261 1723 2344 1775 ὅτι
2390 1721 2424 1788 ή
2467 1718 2668 1788 γνῶσις
2711 1715 2924 1785 φυσιοῖ·
2969 1706 3089 1763 εἶτα
3137 1703 3678 1778 παραμυθησάμενος

2101 1812 2317 1872 αὐτοὺς,
2337 1804 2635 1869 καὶείπὼν,
2654 1806 2734 1857 ὅτι
2759 1803 2857 1854 οὐκ
2883 1799 2940 1852 ἐν
2969 1799 3132 1850 πᾶσιν
3157 1797 3190 1864 ἠ
3216 1790 3439 1862 γνῶσις.
3472 1789 3572 1842 καὶ
3597 1789 3680 1841 δτι

2101 1898 2168 1950 δι’
2193 1896 2474 1950 ἀσθένειαν
2511 1887 2656 1946 οὗτοι
2689 1886 3022 1961 μολύνονται·
3061 1886 3150 1938 ίνα
3179 1882 3254 1953 μὴ
3271 1881 3507 1948 λέγωσιν
3538 1879 3681 1930 ἐκεῖ-

2104 2000 2206 2046 νοι,
2235 1983 2344 2036 Καὶ
2366 1981 2419 2034 τί
2449 1981 2584 2052 πρὸς
2610 1979 2778 2047 ἡμᾶς,
2808 1978 2855 2028 εἰ
2886 1975 2960 2045 μὴ
2987 1975 3042 2026 ἐν
3080 1974 3246 2025 πᾶσιν
3271 1970 3305 2039 η
3337 1966 3571 2035 γνῶσις;
3597 1964 3683 2017 διὰ

2106 2072 2158 2126 τί
2191 2071 2298 2143 γὰρ
2337 2071 2411 2140 μὴ
2438 2068 2551 2138 ἔχει
2578 2066 2778 2136 γνῶσιν
2807 2065 2836 2117 ό
2863 2063 3041 2127 δεῖνα;
3075 2060 3165 2113 διὰ
3208 2057 3262 2110 τί
3288 2055 3566 2143 ageam;
3599 2053 3686 2104 ἵνα

2112 2138 2409 2231 μὴῗταῦτα
2431 2153 2906 2224 ἀνθυποφέρωσιν,
2937 2151 3037 2202 οὐκ
3077 2145 3282 2207 εὐθέως
3309 2138 3474 2214 ἦλθεν
3503 2140 3598 2194 ἐπὶ
3628 2139 3688 2194 τδ

2108 2228 2277 2314 δεῖξαι
2307 2243 2517 2313 σαφῶς,
2549 2243 2632 2295 ὃτι
2660 2241 2749 2294 διὰ
2777 2239 2874 2310 τὴν
2905 2235 3117 2291 ἐκείνου
3151 2233 3354 2304 βλάϐην
3383 2228 3688 2300 ἀπέχεσθαι

2109 2335 2224 2387 δεῖ·
2258 2331 2394 2386 ἀλλὰ
2421 2326 3031 2401 προακροϐολισάμενος
3065 2322 3226 2378 αὐτὸν
3255 2321 3416 2392 μόνον
3447 2318 3687 2389 πρῶτον,

2111 2423 2171 2476 τὸ
2201 2420 2393 2475 τούτου
2443 2418 2607 2472 πλέον
2649 2417 2911 2470 δείκνυσι.
2949 2415 3108 2466 Ποῖον
3149 2410 3214 2482 δὴ
3247 2410 3440 2473 10610;
3481 2408 3610 2461 ’Ὀτι
3643 2409 3692 2458 εἰ

2114 2509 2209 2562 καὶ
2263 2507 2450 2579 μηδεὶς
2499 2503 2820 2567 ἐϐλάπτετο,
2864 2501 2997 2572 μηδὲ
3027 2503 3060 2570 ἡ
3089 2497 3184 2552 106
3217 2497 3445 2568 πλησίον
3480 2493 3692 2566 προσῆν

2113 2596 2434 2668 διαστροφὴ,
2469 2593 2591 2646 οὐδὲ
2625 2590 2766 2644 οὕτω
2807 2591 2889 2642 δεῖ
2923 2587 3082 2641 10610
3129 2587 3303 2638 ποιεῖν
3327 2601 3340 2614 ·
3396 2599 3693 2653 ματαιοπο-

2115 2689 2226 2742 νεῖν
2257 2685 2366 2755 γάρ
2391 2681 2549 2735 τοῦτό
2579 2683 2752 2733 ἐστιν.
2792 2679 2850 2730 '0
2884 2678 2994 2748 γὰρ
3019 2674 3257 2737 ἀκούσας
3285 2673 3367 2725 δτι
3397 2672 3693 2742 βλάπτεται

2122 2775 2222 2846 μέν
2245 2772 2455 2841 ἐτερος,
2487 2767 2648 2831 αὐτὸς
2675 2766 2731 2818 δέ
2777 2764 2889 2834 ἔχει
2917 2763 2977 2816 τὸ
3019 2761 3229 2831 κέρδος,
3253 2761 3313 2813 οὐ
3348 2761 3557 2830 σφόδρα
3590 2761 3696 2825 ἀφ-

2125 2864 2360 2923 ίσταται,
2393 2856 2529 2911 ἀλλά
2558 2856 2674 2909 τότε
2713 2853 2936 2922 μᾶλλον,
2963 2852 3090 2904 ὃταν
3129 2849 3276 2921 μάθῃ
3300 2849 3383 2901 δτι
3414 2846 3569 2901 οὐδὲν
3600 2846 3698 2898 αὐ·

2121 2951 2214 3014 τὸς
2241 2948 2531 3018 ὠφελεῖται
2555 2944 2663 2998 ἀπὸ
2688 2940 2782 2995 106
2811 2940 3157 3011 πράγματος.
3186 2937 3285 2990 Διά
3307 2935 3464 2989 τοῦτο
3489 2935 3700 3006 πρῶτον

2123 3038 2284 3092 10610
2305 3036 2485 3105 τίθησι
2509 3033 2707 3100 λέγων·
2735 3029 2948 3098 Βρῶμα
2980 3027 3050 3080 δὲ
3087 3025 3239 3094 ἡμᾶς
3271 3026 3344 3079 οὐ
3373 3025 3704 3090 παρίστησι

2126 3125 2206 3192 τῷ
2251 3124 2392 3189 Θεῷ.
2422 3117 2576 3184 Εἶδες
2611 3120 2727 3181 πῶς
2776 3118 2908 3171 αὐτὸ
2943 3111 3284 3181 ἐξευτελίζει,
3317 3113 3347 3165 ὃ
3385 3111 3560 3165 ἐδόκει
3593 3108 3698 3164 ἀπὸ

2128 3213 2341 3275 τελείας
2392 3210 2648 3280 γνώσεως
2692 3206 2974 3275 γίνεσθαι;
3016 3204 3164 3256 Οὔτε
3215 3204 3323 3270 γὰρ
3369 3198 3481 3254 ἐὰν
3522 3197 3705 3269 φάτω-

2126 3319 2264 3372 μεν,
2297 3297 2754 3368 περισσεύομεν·
2792 3291 3094 3353 τουτέστιν,
3125 3286 3521 3357 εὐδοκιμοῦμεν
3563 3284 3710 3355 ποιρά

2132 3387 2209 3458 τῷ
2234 3387 2374 3456 Θεῷ,
2405 3385 2481 3447 ὡς
2523 3381 2729 3450 ἀγαθόν
2761 3398 2815 3432 τι
2857 3374 3314 3447 ποιήσαντεςκαί
3360 3375 3537 3444 μέγα·
3579 3373 3713 3426 οὔτε

2132 3477 2242 3529 ἐὰν
2259 3474 2344 3545 μὴ
2369 3472 2667 3542 φάγωμεν,
2692 3465 3080 3535 ὑστεροῦμεν·
3106 3462 3404 3527 τουτέστιν,
3432 3461 3536 3514 οὐκ
3563 3459 3714 3514 ἐλατ-

2135 3564 2227 3617 τόν
2249 3580 2299 3615 τι
2333 3561 2549 3632 ἔχομεν.

2209 3741 2359 3804 Τέως
2401 3739 2500 3810 μὲν
2533 3731 2627 3791 οὖν
2663 3735 2794 3788 αὐτὸ
2847 3732 3013 3799 ἔδειξε
3060 3730 3312 3804 περιττὸν
3356 3727 3450 3781 καὶ
3485 3728 3656 3782 οὐδέν·
3692 3727 3720 3779 δ

2141 3833 2250 3901 γάρ
2283 3830 2420 3899 μήτε
2448 3827 2731 3897 γινόμενον
2761 3823 2979 3890 ὠφελεῖ,
3009 3824 3146 3891 μήτε
3176 3819 3250 3888 μὴ
3283 3820 3566 3886 γινόμενον
3593 3815 3722 3885 βλά..

2144 3936 2290 3982 πτει,
2320 3914 2572 3986 περιττὸν
2600 3912 2665 3966 ἀν
2694 3912 2800 3980 εἴη·
2836 3907 3041 3980 προῖὼν
3067 3908 3123 3960 δὲ
3156 3908 3251 3960 καὶ
3277 3905 3371 3975 τὴν
3397 3903 3605 3973 βλάϐην
3631 3904 3722 3954 ἐκ·

2145 4001 2608 4058 καλύπτειπᾶσαν
2641 3997 2734 4050 τοῦ
2773 3995 3118 4066 πράγματος.
3157 3991 3271 4046 Νῦν
3307 3991 3490 4062 μέντοι
3519 3990 3619 4061 τὴν
3646 3991 3726 4049 εἰς

2146 4095 2272 4156 τοὺς
2296 4089 2558 4157 ἀδελφοὺς
2577 4086 2868 4155 γινομένην
2890 4083 3058 4151 λέγει·
3103 4080 3367 4135 Βλέπετε
3405 4077 3540 4147 γὰρ,
3571 4077 3724 4146 φησὶ,

2143 4179 2228 4250 μή
2264 4195 2388 4244 πως
2417 4177 2454 4244 ἡ
2485 4173 2737 4240 ἐξουσία
2782 4168 2949 4240 ὑμῶν
2988 4167 3139 4235 αὕτη
3173 4167 3532 4234 πρόσκομμα
3563 4163 3730 4232 γένη.

2149 4287 2242 4322 ται
2280 4266 2404 4332 τοῖς
2444 4257 2774 4318 ἀσθενοῦσι
2817 4256 2937 4311 τῶν
2961 4253 3260 4324 ἀδελφῶν.
3285 4253 3396 4306 Οὐκ
3442 4247 3620 4315 εἶπεν,
3649 4252 3730 4304 ὅτι

2161 4355 2228 4408 Ἦ
2257 4353 2475 4420 ἐξουσία
2496 4346 2648 4420 ὑμῶν
2682 4345 3014 4416 πρόσκομμα
3044 4341 3275 4412 γίνεται,
3302 4339 3418 4393 οὐδὲ
3448 4340 3736 4408 ἀπεφήναο

2151 4461 2233 4505 το,
2283 4441 2370 4493 ἵνα
2431 4437 2507 4508 μὴ
2555 4430 3064 4502 ἀναισχυντοτέρους
3116 4429 3348 4498 ποιήσῃ·
3385 4425 3522 4479 ἀλλὰ
3583 4426 3735 4489 πῶς;

2157 4527 2435 4582 Βλέπετε·
2473 4521 2654 4592 φοϐῶν
2687 4519 2883 4581 αὐτοὺς
2915 4517 3012 4570 καὶ
3041 4516 3338 4585 ἐντρέπων,
3389 4513 3486 4566 καὶ
3517 4515 3613 4566 ἐπὶ
3642 4516 3738 4584 ἀρ-

2156 4629 2308 4685 νησιν
2341 4614 2488 4681 ἄγων
2520 4609 2614 4663 106
2644 4608 2718 4678 μὴ
2753 4608 2946 4660 ποιεῖν.
2969 4604 3079 4656 Καὶ
3108 4602 3208 4654 οὐκ
3237 4595 3412 4663 εἶπεν,
3449 4599 3513 4652 Ἦ
3542 4601 3739 4668 γνῶσις

2160 4700 2314 4772 ὐμῶν
2340 4698 2500 4768 αὕτη,
2539 4697 2676 4765 ὅπερ
2714 4690 2783 4765 ἦν
2809 4691 3083 4760 ἐγκωμίου
3112 4688 3332 4760 μᾶλλον·
3365 4686 3508 4750 οὐδὲ,
3556 4687 3622 4739 'H
3654 4703 3742 4738 τε-

2159 4789 2369 4858 λειότης
2405 4785 2560 4856 ὑμῶν
2586 4783 2752 4854 αὕτη·
2785 4779 2919 4846 ἀλλ’,
2952 4779 3010 4832 Ἠ
3042 4773 3313 4840 ἐξουσία·
3355 4775 3494 4844 ὅπερ
3539 4790 3734 4845 προπε·

2159 4857 2542 4948 τείαςμᾶλλον
2590 4872 2685 4927 καὶ
2735 4869 3022 4928 αὐθαδείας
3078 4865 3172 4917 καὶ
3230 4862 3549 4926 ἀλαζονείας
3604 4857 3745 4915 εἶναι

2163 4966 2360 5019 ἐδόκει.
2419 4962 2528 5017 Καὶ
2575 4961 2674 5014 οὐκ
2728 4953 2870 5018 εἰπε,
2924 4953 3050 5016 Τοῖς
3096 4951 3364 5019 ἀδελφοῖς,
3411 4949 3570 5007 ἀλλὰ.
3618 4949 3746 5014 Τοῖς

2165 5051 2492 5107 ἀσθενοῦσι
2540 5046 2658 5101 τῶν
2692 5041 2987 5112 ἀδελφῶν·
3034 5037 3217 5103 αὔξων
3247 5037 3346 5108 τὴν
3382 5037 3746 5109 κατηγορίαν,

2166 5144 2249 5196 ὃτι
2280 5140 2400 5193 οὐδέ
2437 5134 2806 5192 ἀσθενούντων
2836 5130 3126 5199 φείδονται,
3157 5127 3448 5181 καὶταῦτα
3477 5125 3745 5194 ἀδελφῶν.

2172 5231 2352 5284 Ἔστω
2378 5226 2506 5296 γὰρ,
2538 5223 2598 5275 οὐ
2627 5220 2856 5290 διορθοῖς
2893 5218 3013 5271 οὐδέ
3046 5217 3300 5284 ἐγείρεις·
3328 5213 3381 5267 τί
3403 5213 3495 5265 καὶ
3524 5214 3752 5266 ὑποσκε-

2169 5315 2339 5379 λίζεις
2377 5313 2473 5366 καὶ
2520 5306 2880 5379 προσπταίειν
2920 5307 3112 5368 ποιεῖς,
3146 5303 3264 5356 δέον
3307 5304 3466 5372 χεῖρα
3497 5300 3750 5370 ὀρέγεινζ

2184 5403 2322 5456 Ἀλλ’
2351 5401 2412 5454 οὐ
2455 5397 2632 5468 βούλει
2667 5395 2844 5449 τοῦτο·
2889 5392 3082 5448 οὐκοῦν
3126 5391 3260 5460 μηδέ
3299 5388 3636 5458 καταϐάλῃς.
3689 5385 3753 5440 Εἰ

2177 5493 2275 5563 μέν
2303 5489 2414 5560 γὰρ
2446 5485 2680 5555 πονηρὸς
2706 5479 2794 5554 ἦν,
2821 5482 3094 5543 κολάσεως
3116 5479 3304 5532 ἐδεῖτο·
3337 5478 3387 5529 εἰ
3410 5475 3467 5529 δὲ
3497 5475 3756 5544 ἀσθενὴς,

2178 5561 2438 5647 ἰατρείας.
2471 5573 2584 5626 Νῦν
2609 5572 2664 5624 δέ
2694 5572 2794 5625 οὐκ
2818 5567 3050 5638 ἀσθενὴς
3095 5565 3275 5635 μόνον,
3315 5563 3450 5617 ἀλλά
3479 5564 3576 5617 καὶ
3599 5561 3759 5616 ἀδελ-

2178 5665 2296 5735 φός.
2329 5661 2516 5716 ὀταν
2550 5659 2661 5730 γάρ
2689 5674 2778 5722 τις
2808 5655 2904 5723 ἴδῃ
2935 5670 3009 5707 σε
3046 5653 3153 5707 τὸν
3184 5651 3401 5720 ἔχοντα
3432 5647 3665 5714 γνῶσιν
3691 5652 3762 5702 ἐν
