3986 6202
345 358 446 418 165

337 489 456 532 cum
486 473 624 544 ipsis
649 459 966 541 conjungere
1004 481 1110 522 non
1152 466 1516 537 oportuisset,
1548 467 1636 522 ubi
1678 466 1911 520 maxime

334 566 635 622 divinitatis
663 563 886 634 dignitas
911 567 1168 631 apparet,
1193 568 1249 615 et
1271 558 1411 614 dona
1440 558 1636 613 dantur
1659 573 1778 630 qua:
1803 559 1913 612 Deo

335 657 440 712 soli
470 657 603 710 dare
632 652 900 721 competit.

411 748 470 802 4.
502 747 610 817 Ego
633 745 782 815 igitur
802 757 1016 797 causam
1054 739 1186 806 dixi,
1213 754 1312 796 cur
1332 737 1422 795 hic
1450 739 1668 795 silentio
1689 748 1906 809 practer-

340 841 539 896 missus
565 841 632 893 sit
659 856 674 892 :
707 846 760 891 tu
787 851 938 903 vero,
972 837 1018 890 si
1043 850 1132 890 res
1159 849 1266 891 non
1298 835 1369 889 ita
1400 849 1459 890 se
1490 835 1675 900 habet,
1705 835 1792 889 dic
1808 847 1911 889 cur

342 933 395 986 in
422 931 674 1000 baptismo
696 927 1061 998 coniungitur.
1089 925 1196 982 Sed
1241 941 1348 982 non
1386 927 1544 980 aliam
1587 926 1762 996 possis
1788 939 1913 980 cau-

340 1040 446 1079 sam
480 1023 676 1087 dicere,
726 1036 887 1091 quam
930 1019 1074 1090 quod
1102 1021 1172 1076 sit
1214 1018 1419 1075 honore
1452 1032 1570 1089 par.
1610 1018 1742 1073 Cum
1787 1032 1915 1088 ergo

336 1116 524 1170 nullam
576 1113 740 1168 talem
791 1112 955 1167 habet
1008 1111 1418 1178 necessitatem,
1480 1111 1598 1166 vide
1643 1109 1914 1180 quomodo

331 1208 498 1278 ipsum
538 1203 840 1274 coniungit,
890 1203 962 1257 ita
1003 1202 1186 1257 dicens
1229 1221 1244 1258 :
1284 1201 1464 1256 Gratia
1508 1201 1712 1256 Domini
1753 1203 1913 1256 nostri

327 1300 450 1355 Iesu
474 1299 689 1364 Christi,
719 1306 768 1350 et
799 1297 989 1350 caritas
1014 1294 1113 1348 Dei
1143 1305 1191 1348 et
1226 1293 1418 1356 Patris,
1447 1304 1494 1349 et
1519 1293 1913 1348 communicatio

330 1391 559 1463 Spiritus
587 1390 749 1445 sancti
773 1389 841 1443 sit
859 1405 975 1442 cum
999 1388 1226 1443 omnibus
1249 1388 1386 1442 vobis
1415 1387 1492 1458 (2.
1523 1387 1642 1442 Cor.
1673 1388 1762 1443 15.
1786 1388 1909 1457 l3);

327 1494 382 1539 ct
426 1499 666 1549 rursum,
710 1481 996 1536 Divisiones
1039 1481 1317 1552 gratiarum
1367 1490 1506 1547 sunt,
1561 1480 1698 1533 idem
1741 1489 1911 1532 autem

333 1578 605 1646 Spiritus;
634 1586 680 1630 ct
709 1575 978 1628 divisiones
1007 1574 1433 1628 ministrationum
1470 1583 1606 1636 sunt,
1652 1572 1786 1626 idem
1813 1588 1909 1624 au—

333 1680 434 1723 tem
463 1666 753 1730 Dominus;
791 1673 836 1718 et
873 1665 1138 1719 divisiones
1184 1667 1540 1734 operationum
1590 1672 1729 1732 sunt,
1777 1663 1912 1718 idem

334 1769 510 1812 autem
544 1756 686 1810 Deus
714 1764 735 1827 ς
761 1757 814 1811 l.
851 1754 970 1810 Cor.
1001 1754 1090 1808 l2.
1114 1755 1213 1810 4-6
1241 1755 1282 1826 ).
1332 1755 1440 1811 Sed
1462 1756 1582 1826 quia
1636 1769 1776 1810 nunc
1823 1753 1915 1808 ad-

337 1869 528 1910 versus
555 1852 773 1908 Graecos
803 1865 985 1907 sermo
1011 1856 1146 1915 erat,
1185 1857 1242 1904 et
1268 1862 1363 1903 eos
1390 1849 1480 1918 qui
1510 1847 1712 1903 Graecis
1746 1846 1912 1900 imbe-

336 1946 574 2000 cil‘liores
617 1950 793 2008 erant,
833 1950 1119 2012 prapterea
1163 1940 1216 1994 id
1262 1940 1476 1995 interim
1521 1946 1825 1993 reservatur
1859 1945 1913 1992 et

332 2045 561 2090 tacetur.
595 2032 655 2087 id
695 2031 834 2102 quod
876 2030 1038 2085 etiam
1077 2028 1354 2110 prophetae
1396 2027 1594 2082 faciunt
1632 2027 1700 2082 de
1750 2027 1903 2096 Filio,

326 2141 490 2198 quem
521 2139 781 2194 nusquam
809 2132 996 2194 aperte
1024 2123 1302 2178 nominant
1326 2121 1396 2175 ob
1421 2120 1720 2175 auditorum
1747 2119 1911 2174 imbe-

323 2220 623 2275 cillitatem.
656 2218 709 2271 7.
744 2216 848 2271 Sed
877 2231 979 2269 non
1005 2215 1058 2268 in
1085 2215 1316 2269 omnibus
1339 2222 1413 2267 est
1439 2213 1672 2279 scientia,
1712 2213 1906 2282 inquit.

319 2314 583 2379 Quzenam
613 2308 742 2364 illa?
768 2323 833 2361 an
866 2322 950 2374 ea,
985 2322 1103 2376 quae
1126 2315 1211 2362 est
1234 2306 1301 2361 de
1333 2307 1463 2368 Deo,
1495 2320 1562 2359 an
1589 2319 1672 2368 ea,
1699 2319 1818 2373 qua:
1841 2303 1911 2359 de

320 2408 391 2461 iis
423 2419 540 2474 qua:
563 2402 838 2458 immolata
882 2409 1013 2478 sunt
1041 2399 1240 2455 idolis?
1264 2405 1370 2453 Aut
1391 2409 1543 2454 certe
1567 2397 1785 2453 Graecos
1822 2395 1911 2450 hic

316 2496 649 2560 subindicat,
672 2495 762 2564 qui
788 2492 1037 2547 dicebant
1057 2492 1254 2547 multos
1273 2505 1394 2547 esse
1410 2491 1542 2545 deos
1563 2497 1618 2544 et
1638 2489 1905 2553 dominos,

315 2604 427 2645 nec
451 2587 693 2644 sciebant
728 2585 892 2640 Deum
925 2585 1017 2654 qui
1059 2599 1188 2640 vere
1226 2593 1309 2638 est
1338 2597 1356 2640 :
1384 2591 1478 2637 aut
1530 2597 1625 2637 eos
1651 2581 1741 2652 qui
1771 2582 1910 2636 inter

313 2681 556 2752 gentiles
577 2677 960 2734 imbecilliores
988 2685 1165 2743 erant,
1187 2674 1279 2745 qui
1299 2674 1532 2729 nondum
1548 2673 1692 2727 clare
1711 2671 1908 2727 scirent

312 2774 468 2829 idola
500 2786 610 2826 non
655 2784 773 2824 esse
816 2768 1072 2833 timenda,
1107 2778 1163 2822 et
1201 2767 1408 2821 nullum
1450 2779 1571 2822 esse
1607 2764 1806 2820 idolum
1851 2763 1906 2819 in

311 2863 551 2920 mundo.
586 2862 720 2917 Cum
749 2861 848 2915 hoc
874 2869 1052 2915 autem
1077 2859 1326 2924 dixisset,
1356 2859 1606 2928 paulatim
1635 2857 1753 2912 illos
1777 2872 1906 2912 con—

307 2956 529 3011 solatus
567 2962 649 3008 est
691 2961 746 3008 et
791 2952 979 3024 erexit.
1013 2951 1200 3021 Neque
1244 2950 1388 3007 enim
1426 2951 1605 3005 omnia
1656 2949 1906 3005 insectari

309 3047 629 3119 oportebat,
660 3061 779 3101 cum
831 3045 1066 3099 maxime
1113 3043 1232 3100 illos
1276 3059 1486 3100 rursum
1537 3042 1908 3099 vehementius

307 3147 470 3195 esset
500 3137 861 3206 itnpetiturus.

389 3228 475 3282 De
523 3225 1172 3298 idolotltytis.—Quidam
1223 3237 1390 3281 autem
1441 3243 1553 3281 cum
1598 3226 1904 3281 conscientia

304 3321 450 3375 idoli
478 3336 638 3390 usque
664 3335 800 3372 nunc
820 3319 967 3389 quasi
984 3317 1324 3388 idolothytum
1346 3318 1652 3371 manducent
1674 3333 1692 3371 :
1711 3327 1757 3371 et
1781 3333 1905 3371 con-

306 3414 539 3466 scientia
566 3428 737 3466 eorum
766 3428 878 3465 cum
907 3412 972 3465 sit
1008 3410 1236 3480 inﬁrma,
1269 3410 1532 3478 polluitur.
1571 3410 1763 3465 Adhuc
1791 3419 1905 3466 trc-

306 3509 505 3568 munt,
529 3504 715 3572 inquit,
746 3511 800 3558 et
828 3511 1071 3557 metuunt
1104 3501 1262 3556 idola.
1303 3501 1379 3556 Ne
1414 3501 1545 3556 mihi
1581 3502 1724 3556 enim
1763 3515 1905 3570 prae-

301 3605 541 3652 sentem
572 3612 748 3650 rerum
779 3604 970 3650 statum
995 3596 1213 3662 dixeris,
1243 3604 1298 3651 et
1340 3594 1480 3664 quod
1519 3595 1660 3664 piam
1687 3593 1904 3662 religio-

297 3705 451 3747 nem
503 3703 534 3743 a
593 3689 882 3759 majoribus
941 3689 1256 3758 acceperis;
1325 3687 1420 3742 sed
1476 3695 1712 3741 mentem
1761 3696 1905 3740 tuam

295 3781 561 3839 transfer
587 3780 641 3835 in
667 3780 754 3834 illa
785 3788 1040 3850 tempora,
1069 3790 1123 3834 et
1148 3781 1346 3849 cogita,
1375 3793 1496 3832 cum
1524 3777 1685 3832 modo
1710 3778 1910 3832 consti-

295 3890 430 3934 tuta
457 3886 602 3933 esset
629 3875 955 3946 praedicatio,
983 3885 1039 3930 et
1068 3875 1313 3945 impietas
1339 3873 1514 3928 adhuc
1550 3881 1797 3942 regnaret
1820 3887 1908 3926 ar-

289 3973 620 4040 derentque
658 3984 767 4024 arte
794 3977 846 4024 et
884 3967 1167 4034 sacrificia,
1206 3966 1457 4021 libamina
1498 3971 1908 4040 peragerentur,

288 4076 356 4120 ct
383 4064 580 4134 plures
610 4071 791 4118 essent
810 4061 1058 4133 gentiles,
1087 4060 1177 4130 qui
1204 4075 1233 4113 a
1257 4058 1548 4129 majoribus
1575 4057 1904 4128 impietatem

282 4162 668 4225 acceperant,
709 4168 740 4208 a
777 4154 1036 4222 patribus,
1082 4152 1198 4206 avis
1239 4162 1295 4207 et
1329 4151 1503 4206 atavis
1543 4151 1738 4207 talibus
1777 4150 1903 4217 orti,

282 4260 486 4318 atque
506 4259 538 4298 a
567 4243 899 4298 daemonibus
936 4243 1075 4297 mala
1121 4242 1287 4297 multa
1326 4241 1468 4311 passi
1501 4249 1683 4296 essent
1713 4257 1728 4294 :
1761 4241 1902 4306 illos,

281 4342 567 4409 inquam,
607 4342 828 4403 repente
869 4343 1119 4400 mutatos,
1166 4330 1437 4403 quomodo
1471 4329 1765 4386 verisimile
1792 4339 1908 4384 erat

280 4430 460 4486 Μῆθί
492 4447 506 4483 :
536 4426 810 4496 quomodo
838 4425 1087 4481 timendae
1115 4422 1514 4492 tremendteque
1536 4430 1690 4476 erant
1709 4421 1909 4475 daemo-

279 4538 442 4580 num
491 4520 704 4576 insidia:
732 4537 746 4572 :
776 4529 995 4589 propter
1045 4532 1180 4588 quos
1217 4516 1380 4573 etiam
1421 4514 1474 4569 id
1521 4512 1908 4568 subindicando

277 4615 554 4677 dicebat,
603 4613 824 4678 Quidam
865 4620 1037 4664 autem
1085 4626 1202 4663 cum
1251 4606 1560 4672 conscientia
1611 4604 1902 4675 idolothyti.

273 4711 509 4780 Neque
537 4705 680 4760 enim
712 4713 898 4775 aperte
932 4703 1171 4758 declarat
1206 4700 1348 4766 illos,
1390 4714 1458 4754 ne
1501 4697 1777 4768 percellat,
1808 4711 1907 4751 ne-

271 4817 408 4872 que
442 4797 678 4853 omnino
709 4793 1094 4865 prtetercurrit,
1124 4791 1221 4847 sed
1264 4789 1542 4846 indefinite
1566 4803 1753 4844 eorum
1796 4801 1911 4842 me-

268 4890 498 4951 minit,
529 4885 718 4941 dicens
748 4903 763 4938 :
794 4883 1019 4950 Quidam
1045 4893 1216 4938 autem
1243 4898 1360 4937 cum
1399 4880 1704 4935 conscientia
1741 4879 1908 4933 idolo-

270 4982 436 5054 ειεξιιὶ
468 4993 637 5046 usque
660 4993 794 5030 nunc
816 4976 966 5046 quasi
987 4974 1326 5043 idolothytum
1353 4973 1701 5036 manducant;
1728 4971 1780 5025 id
1803 4979 1905 5034 est,

267 5089 424 5130 cum
471 5068 677 5125 eadem
721 5075 902 5122 mente
940 5080 1042 5137 qua
1078 5067 1261 5136 prius;
1301 5074 1348 5118 et
1392 5064 1699 5119 conscientia
1734 5078 1909 5117 eorum

267 5182 408 5219 cum
455 5162 538 5216 sit
579 5159 809 5229 inﬁrma,
853 5157 1100 5228 polluitur
1132 5172 1152 5212 :
1179 5171 1302 5212 cum
1332 5154 1568 5211 nondum
1605 5153 1772 5224 possit
1810 5154 1908 5208 de-

267 5259 558 5329 spicere,
606 5265 787 5322 neque
816 5251 1037 5306 omnino
1086 5251 1177 5306 illa
1221 5249 1467 5316 irridere,
1499 5247 1596 5303 sed
1639 5247 1816 5302 adhuc
1857 5248 1909 5302 in

267 5349 474 5406 dubio
509 5352 785 5400 versetur.
813 5344 893 5398 Ac
925 5343 972 5398 si
997 5343 1135 5412 quis,
1160 5342 1206 5397 si
1235 5350 1414 5412 tangat
1444 5350 1736 5405 mortuum,
1763 5348 1912 5410 putet

268 5446 561 5514 seipsum
594 5436 862 5508 polluere,
907 5435 1200 5490 secundum
1245 5434 1520 5490 Judaicam
1567 5430 1914 5486 consuetudi-

270 5549 468 5597 nem;
527 5527 838 5597 deindeque
877 5526 1014 5582 alios
1055 5524 1242 5580 videns
1294 5532 1572 5595 tangentes
1610 5537 1731 5577 cum
1781 5537 1913 5592 pura

273 5623 679 5688 conscientia,
718 5635 826 5676 non
868 5634 992 5684 cum
1018 5618 1208 5675 eadem
1237 5626 1414 5672 mente
1441 5625 1681 5686 tangens,
1709 5617 1916 5688 pollue-

271 5732 450 5774 retur
488 5733 513 5783 ;
551 5714 634 5770 sic
659 5721 716 5768 et
743 5712 823 5767 illi
848 5721 976 5766 tunc
995 5718 1152 5765 erant
1175 5707 1374 5763 aﬂ'ecti.
1403 5706 1624 5773 Quidam
1646 5710 1800 5772 enim,
1831 5707 1914 5762 in-

271 5814 432 5888 quit,
461 5825 600 5866 cum
620 5807 935 5861 conscientia
957 5803 1083 5858 idoli
1109 5818 1268 5872 usque
1286 5817 1438 5857 nunc.
1466 5798 1579 5858 Non
1608 5801 1724 5858 sine
1751 5815 1913 5857 causa

631 5894 910 5956 Ρλτιιοι..
957 5893 1074 5953 Gn.
1124 5891 1286 5953 LXI.

1395 351 1461 408 lN
1499 351 1714 410 EPIST.
1755 351 1777 407 l
1836 351 1932 407 AD
1970 349 2127 410 COR.
2169 351 2402 410 HOMIL.
2443 355 2564 411 XX.

3427 423 3431 436 ,
3501 368 3602 423 {Cll

2022 465 2178 531 illud,
2215 465 2388 538 Usque
2410 486 2566 538 nunc,
2591 473 2788 541 posuit,
2816 474 2909 529 sed
2936 484 2995 529 ut
3019 475 3286 546 ostendat,
3318 478 3440 534 illos
3471 483 3602 538 nihil

2021 558 2314 628 profecisse
2341 575 2447 614 non
2469 576 2590 616 sese
2615 565 3103 623 accommodantes.
3135 567 3316 640 Neque
3344 572 3488 626 cnim
3523 574 3600 628 sic

2021 647 2144 704 illos
2191 650 2446 707 inducere
2486 655 2793 722 oportebat,
2845 659 2939 712 sed
2983 658 3092 713 alio
3134 661 3314 728 modo,
3355 663 3522 719 verbo
3548 675 3604 720 et

2019 737 2264 794 doctrina
2316 757 2621 811 persuasos.
2669 745 2736 800 Et
2784 749 3090 804 conscientia
3137 751 3343 807 illorum
3380 771 3493 809 cum
3536 757 3604 811 sit

2018 831 2248 900 inﬁrma,
2269 833 2534 902 polluitur.
2569 836 2836 910 Nusquam
2865 841 3040 896 adhuc
3068 844 3211 900 circa
3247 846 3322 901 rei
3361 857 3602 904 naturam

2019 922 2180 977 verba
2208 923 2355 992 facit,
2383 927 2480 981 sed
2508 942 2725 999 semper
2752 939 2808 985 et
2835 932 3030 1002 ubique
3050 935 3192 990 circa
3215 938 3600 996 conscientiam

2017 1015 2330 1084 accipientis
2358 1029 2622 1074 versatur.
2647 1019 2825 1077 Timet
2845 1023 2988 1078 enim
3022 1040 3114 1092 ne,
3144 1027 3270 1082 dum
3306 1029 3419 1084 vult
3459 1032 3605 1086 inllro

2018 1120 2166 1160 mum
2205 1108 2497 1179 corrigere,
2541 1111 2733 1168 fortem
2761 1117 3124 1187 perstringat,
3173 1119 3431 1192 illumque
3456 1123 3601 1178 infir-

2017 1215 2162 1254 mum
2209 1201 2418 1257 reddat.
2465 1204 2804 1276 Quapropter
2851 1223 2958 1263 non
3008 1211 3185 1265 minus
3238 1212 3362 1269 huic
3408 1218 3598 1286 parcit,

2017 1303 2176 1362 quam
2221 1293 2319 1351 illi.
2367 1295 2552 1367 Neque
2591 1299 2718 1354 sinit
2764 1300 2893 1370 quid
2931 1301 3106 1358 simile
3153 1305 3472 1374 existimari,
3503 1312 3596 1365 sed

2017 1398 2266 1442 sermone
2291 1388 2462 1444 utitur
2485 1391 2714 1460 prolixo,
2753 1403 2813 1448 ut
2839 1410 2908 1448 ne
2939 1395 3046 1451 tale
3073 1397 3198 1467 quid
3241 1399 3294 1453 in
3331 1403 3597 1473 suspicio-

2018 1491 2140 1530 nem
2169 1478 2367 1534 veniat.
2393 1479 2450 1535 8.
2488 1480 2618 1535 Esca
2647 1493 2813 1538 autem
2854 1502 2947 1540 nos
2987 1503 3087 1542 non
3115 1493 3430 1546 commendat
3466 1493 3594 1549 Deo.

2017 1564 2198 1638 Neque
2216 1570 2350 1624 enim
2375 1573 2420 1625 si
2440 1572 2928 1643 manducauerimus,
2957 1578 3310 1646 abundamus;
3355 1601 3512 1654 neque
3551 1591 3597 1642 si

2017 1676 2118 1714 non
2144 1664 2632 1734 manducaverimus,
2654 1666 2937 1736 deﬁcimus.
2969 1670 3155 1726 Viden’
3180 1676 3448 1743 quomodo
3479 1693 3599 1733 rur-

2015 1765 2107 1805 sus
2133 1768 2320 1808 eorum
2351 1755 2543 1811 fastum
2571 1758 2877 1829 deprimat?
2905 1760 3036 1816 Nam
3067 1778 3189 1819 cum
3217 1766 3460 1834 dixisset,
3489 1785 3594 1826 non

2013 1844 2176 1898 modo
2218 1845 2358 1912 illos,
2398 1848 2493 1902 sed
2523 1849 2683 1905 etiam
2722 1866 2912 1907 omnes
2951 1854 3230 1910 scientiam
3279 1857 3510 1927 habere;
3541 1873 3597 1918 et

2013 1937 2284 1991 neminem
2309 1937 2450 1994 scire
2468 1942 2923 2010 quemadmodum
2952 1947 3091 2000 scire
3118 1958 3357 2018 oportet;
3381 1961 3434 2006 et
3454 1954 3594 2021 quod

2012 2028 2234 2082 scientia
2271 2027 2452 2096 inﬂet;
2484 2031 2679 2089 deinde
2710 2050 2831 2089 cum
2861 2036 2980 2090 illos
3007 2049 3154 2092 esset
3181 2041 3505 2106 consolatus,
3533 2059 3597 2100 ac

2012 2117 2256 2185 dixisset,
2286 2136 2392 2176 non
2421 2123 2474 2177 in
2505 2125 2754 2182 omnibus
2781 2142 2905 2183 esse
2929 2131 3231 2198 scientiam,
3273 2142 3328 2188 et
3356 2133 3455 2190 hos
3477 2137 3594 2206 pol-

2013 2210 2086 2265 Ιιιι
2115 2221 2334 2281 propter
2359 2213 2814 2285 imbecillitatem;
2845 2235 2914 2274 ne
2940 2221 3182 2280 dicerent
3210 2224 3283 2278 illi
3319 2242 3334 2281 :
3366 2226 3436 2282 Et
3467 2228 3593 2297 quid

2011 2302 2075 2357 ad
2105 2316 2228 2366 nos,
2286 2305 2330 2360 si
2368 2319 2473 2360 non
2513 2316 2598 2362 est
2640 2308 2692 2364 in
2730 2311 2980 2376 omnibus
3019 2315 3284 2369 scientia?
3309 2332 3407 2372 cur
3450 2320 3592 2374 enim

2012 2391 2100 2446 ille
2129 2395 2249 2450 talis
2278 2410 2382 2449 non
2419 2396 2581 2452 habet
2623 2401 2944 2456 scientiam?
2968 2418 3065 2459 cur
3091 2413 3174 2460 est
3217 2405 3502 2465 infirmus!
3527 2427 3594 2466 ne

2012 2480 2128 2538 huic
2155 2485 2466 2555 objicerent,
2497 2505 2603 2544 non
2633 2493 2810 2546 statim
2840 2494 2903 2548 ad
2931 2495 3130 2550 claram
3163 2497 3594 2558 demonstratio—

2012 2589 2135 2630 nem
2162 2579 2332 2644 venit,
2360 2580 2502 2650 quod
2531 2597 2598 2636 ne
2623 2583 2848 2640 laedatur
2875 2587 2985 2654 ille,
3015 2587 3288 2647 abstinere
3308 2605 3590 2664 oporteat;

2011 2669 2104 2725 sed
2125 2670 2356 2739 primum
2384 2672 2611 2743 quadam
2637 2676 2952 2734 velitatione
2979 2681 3235 2738 adversus
3269 2685 3415 2740 illum
3445 2702 3590 2748 usus.

2010 2761 2246 2817 ostendit
2283 2762 2354 2829 id,
2379 2765 2520 2833 quod
2547 2775 2632 2820 est
2657 2767 2747 2820 illo
2782 2769 2974 2836 majus.
3025 2771 3302 2838 Quodnam
3338 2786 3422 2832 est
3449 2777 3593 2834 hoc?

2009 2853 2160 2921 Quod
2191 2855 2400 2910 etiamsi
2437 2871 2595 2911 nemo
2640 2857 2946 2925 ltederetur,
2975 2876 3151 2932 neque
3196 2866 3424 2934 proximi
3472 2884 3593 2939 per-

2009 2945 2187 3000 versio
2215 2946 2500 3003 metuenda
2530 2958 2694 3013 esset,
2723 2965 2792 3006 ne
2823 2951 2901 3007 sic
2929 2953 3147 3023 quidem
3186 2955 3288 3013 hoc
3327 2962 3591 3030 agendum

2007 3045 2152 3093 esset
2180 3056 2194 3092 :
2223 3052 2393 3094 vanus
2435 3041 2631 3112 quippe
2664 3041 2816 3098 labor
2846 3043 2937 3100 ille
2964 3055 3127 3102 esset.
3162 3047 3294 3105 Nam
3324 3051 3414 3122 qui
3441 3054 3593 3110 audi-

2007 3130 2082 3184 vit
2100 3129 2262 3184 alium
2286 3129 2536 3197 laedi,sed
2563 3131 2663 3187 sibi
2684 3133 2890 3190 lucrum
2914 3149 3053 3202 esse,
3085 3153 3191 3193 non
3215 3141 3438 3197 multum
3462 3145 3590 3202 abs-

2009 3223 2172 3288 tinet;
2196 3221 2291 3278 sed
2318 3231 2444 3277 tunc
2467 3223 2634 3294 magis
2658 3238 2779 3279 cum
2811 3225 3075 3295 didicerit,
3103 3231 3235 3286 nihil
3262 3246 3323 3289 se
3349 3233 3417 3290 ab
3441 3249 3504 3290 ea
3530 3253 3589 3293 re

2002 3313 2195 3384 iuvari.
2234 3313 2358 3369 ideo
2402 3314 2502 3368 hoc
2541 3315 2768 3384 primum
2805 3318 2954 3386 ponit
2988 3318 3212 3379 dicens:
3253 3321 3389 3379 Esca
3423 3337 3589 3383 autem

2006 3423 2098 3460 nos
2128 3423 2229 3460 non
2254 3407 2575 3460 commendat
2612 3407 2741 3462 Deo.
2775 3409 2964 3464 Viden’
2990 3423 3247 3481 quantum
3277 3415 3330 3470 id
3367 3418 3590 3489 viltpen-

2007 3497 2118 3562 dat,
2149 3498 2289 3566 quod
2317 3497 2597 3552 videbatur
2623 3513 2653 3551 a
2687 3498 2918 3568 perfecta
2945 3502 3162 3557 scientia
3193 3504 3377 3560 effici?
3412 3507 3593 3580 Neque

2007 3590 2141 3644 enim
2178 3591 2224 3642 si
2262 3589 2755 3656 manducaverimus,
2803 3591 3154 3659 abundamus;
3203 3594 3258 3649 id
3301 3605 3405 3664 est,
3450 3603 3587 3668 apud

2008 3681 2176 3735 Deum
2211 3679 2418 3749 probati
2465 3694 2673 3745 sumus,
2710 3689 2769 3734 ut
2797 3681 2922 3750 quid
2966 3681 3162 3738 bonum
3208 3687 3291 3741 vel
3338 3703 3587 3760 magnum

2007 3771 2246 3841 operati;
2278 3786 2439 3839 neque
2461 3771 2505 3825 si
2531 3787 2631 3825 non
2675 3772 3163 3842 manducaverimus,
3212 3777 3506 3848 deﬁcimus,-
3536 3783 3590 3840 id

2006 3875 2108 3932 est,
2141 3865 2316 3919 minus
2341 3863 2466 3934 quid
2497 3865 2776 3921 habemus.
2815 3865 3031 3924 Interim
3064 3869 3222 3941 igitur
3243 3873 3372 3929 illud
3403 3888 3588 3934 osten-

2006 3958 2084 4014 dit
2111 3957 2438 4029 superﬂuum
2467 3967 2522 4014 et
2551 3957 2680 4013 nihil
2729 3974 2849 4014 esse
2880 3978 2894 4015 :
2927 3976 3050 4016 nam
3082 3962 3133 4018 id
3153 4003 3170 4031 ,
3221 3966 3362 4036 quod
3415 3984 3588 4041 neque

2007 4053 2053 4108 si
2099 4051 2193 4107 fiat
2231 4051 2470 4121 prodest,
2503 4066 2678 4121 neque
2702 4051 2747 4107 si
2776 4067 2879 4108 non
2911 4053 3004 4110 liat
3031 4063 3209 4125 nocet,
3255 4059 3583 4130 superﬂuum

2007 4153 2155 4199 certe
2192 4143 2370 4198 fuerit.

2077 4235 2133 4291 5.
2152 4234 2471 4306 Progressus
2485 4244 2662 4291 autem
2681 4243 2849 4290 totum
2867 4238 2943 4291 rei
2961 4236 3211 4293 damnum
3229 4243 3416 4311 aperit.
3437 4245 3591 4303 Nunc

2007 4334 2186 4381 autem
2202 4325 2351 4388 dicit,
2371 4325 2423 4380 id
2449 4326 2590 4396 quod
2619 4324 2876 4381 fratribus
2888 4328 3122 4382 accidit:
3153 4329 3207 4383 9.
3248 4330 3418 4388 Videte
3433 4338 3586 4406 enim,

2008 4417 2280 4487 inquit,'ne
2293 4417 2424 4484 forte
2440 4417 2545 4469 lucc
2557 4416 2758 4469 licentia
2777 4425 2940 4469 vestra
2957 4415 3320 4483 o/fendiculum
3335 4423 3428 4492 ﬁat
3448 4425 3588 4497 inﬁr.

2008 4509 2104 4562 mis
2121 4506 2381 4576 fratribus.
2407 4504 2524 4560 Non
2538 4505 2690 4570 dixit,
2721 4504 2872 4572 Quod
2898 4505 3109 4561 licentia
3133 4518 3308 4564 vestra
3338 4513 3406 4567 sit
3423 4515 3590 4574 oﬂen-

2009 4598 2265 4663 diculum,
2313 4610 2485 4667 neque
2506 4594 2558 4650 id
2589 4595 2969 4666 pronuntiavit,
2994 4604 3050 4651 ut
3077 4612 3144 4652 ne
3170 4599 3587 4669 impudentiores

2011 4691 2132 4746 illos
2147 4688 2434 4755 redderet;
2467 4686 2561 4744 sed
2578 4685 2892 4758 quomodo?
2931 4686 3124 4756 Videte,
3155 4698 3360 4749 terrens
3380 4696 3498 4754 illos
3527 4715 3589 4755 ac

2010 4783 2214 4854 pudore
2237 4782 2477 4838 alliciens
2517 4792 2573 4836 et
2600 4778 2668 4835 ad
2691 4777 2920 4834 faciendi
2948 4781 3282 4850 negationem
3310 4785 3584 4849 inducens.

2010 4875 2195 4946 Neque
2221 4874 2376 4940 dixit,
2408 4873 2535 4927 Haec
2573 4879 2750 4927 vestra
2792 4871 3034 4938 scientia,
3075 4873 3216 4942 quod
3246 4878 3413 4948 magis
3441 4880 3585 4937 laudi

2011 4975 2193 5032 esset;
2236 4980 2431 5035 neque,
2471 4963 2598 5018 Haec
2627 4972 2806 5018 vestra
2842 4963 3132 5034 perfectio;
3180 4967 3274 5022 sed
3313 4966 3541 5026 Licentia
3567 4992 3588 5029 ,-

2012 5059 2154 5130 quod
2181 5057 2350 5130 magis
2371 5055 2708 5122 temeritatis,
2732 5056 3036 5126 petulantiae
3055 5067 3110 5111 et
3134 5062 3451 5128 arrogantiae
3471 5078 3590 5122 esse

2016 5153 2312 5208 videbatur.
2341 5148 2451 5204 Nec
2491 5147 2644 5212 dixit,
2682 5148 2996 5213 Fratribus;
3040 5147 3135 5203 sed
3163 5148 3396 5218 lnﬁrmis
3422 5155 3592 5224 fratri.

2013 5245 2123 5310 bus,
2155 5243 2357 5298 crimen
2397 5254 2617 5310 augens,
2650 5237 2790 5308 quod
2831 5254 2900 5294 ne
2942 5239 3165 5295 inﬁmis
3215 5241 3426 5310 quidem
3467 5265 3590 5320 par-

2015 5345 2158 5402 cant,
2189 5336 2297 5390 imo
2338 5333 2610 5388 fratribus.
2659 5331 2790 5387 Esto
2836 5333 3001 5398 enim,
3032 5347 3136 5388 non
3163 5336 3385 5408 corrigis
3417 5357 3590 5414 neque

2016 5429 2258 5491 excitas;
2295 5441 2392 5480 cur
2436 5423 2746 5493 supplantas
2792 5433 2845 5479 et
2891 5422 3101 5493 dejicis,
3149 5440 3272 5481 cum
3318 5441 3589 5498 oporteret

2016 5534 2234 5577 manum
2275 5516 2550 5588 porrigere
2572 5515 2596 5569 ἲ
2619 5515 2724 5572 Sed
2772 5515 2877 5570 hoc
2909 5531 3014 5570 non
3048 5517 3127 5571 vis
3155 5535 3170 5573 :
3200 5533 3329 5589 ergo
3360 5536 3429 5576 ne
3457 5523 3592 5591 deji-

2017 5615 2146 5668 cias.
2177 5610 2309 5664 Nam
2334 5609 2379 5663 si
2407 5608 2577 5663 malus
2600 5618 2761 5676 esset,
2802 5609 3134 5664 correctione
3170 5623 3304 5678 Opus
3337 5609 3588 5675 haberet;

2017 5706 2061 5760 si
2090 5714 2270 5759 autem
2298 5699 2557 5767 inﬁrmus,
2588 5702 2868 5757 medicina.
2909 5699 3060 5755 Nunc
3083 5710 3262 5755 autem
3295 5714 3399 5752 non
3438 5701 3596 5754 modo

2023 5797 2266 5857 infirmus
2302 5804 2404 5864 est,
2443 5796 2538 5854 sed
2569 5797 2727 5854 etiam
2757 5795 2940 5862 frater.
2972 5795 3058 5850 10.
3090 5795 3215 5847 Cum
3254 5792 3366 5862 quis
3393 5796 3521 5847 enim
3551 5807 3600 5858 to

3162 5892 3220 5947 ll
