3986 6202
383 277 478 330 lli?

385 390 558 446 viderit
579 388 839 444 scientiam
865 387 1125 439 habentem
1146 384 1197 436 in
1220 383 1375 436 idolio
1396 379 1777 436 recumbentem.
1795 393 1962 431 nonne

380 485 688 540 conscientia
719 484 845 551 ejus,
875 496 986 533 cum
1008 480 1070 532 sit
1091 478 1344 546 inﬁrmus,
1373 476 1709 545 wdi/icabitur
1737 473 1804 526 ad
1829 489 1966 525 man-

379 576 669 632 ducandum
697 571 1022 642 idolothyta?
1045 570 1175 625 Cum
1203 569 1442 633 dixisset,
1485 567 1657 621 Videte
1680 583 1742 620 ne
1761 565 1963 620 licentia

377 679 541 724 rostra
566 668 632 722 sit
653 664 1032 732 olfendiculmn,
1066 661 1193 716 dicit
1213 659 1479 730 quomodo
1507 660 1606 712 hoc
1635 658 1743 722 fiat,
1773 664 1827 710 ct
1849 656 1966 710 ubi-

375 757 871 830 quevinfirmitatem
911 755 1078 824 ponit,
1113 768 1181 807 ne
1219 751 1462 806 videatur
1487 749 1737 804 damnum
1769 762 1834 801 ex
1863 761 1962 801 na-

375 861 492 907 tura
537 849 616 906 rei
661 863 799 914 esse,
827 856 880 903 et
919 846 1186 910 terribiles
1214 857 1334 899 esse
1363 841 1643 897 vidcantur
1668 840 1960 894 da‘mones.

373 945 524 1000 Nunc
550 943 693 999 enim
731 957 898 1011 prope
937 949 1040 1006 est,
1073 939 1266 1008 inquit,
1307 946 1367 991 nt
1393 939 1608 990 omnino
1643 934 1858 988 deficiat
1894 932 1962 987 ab

378 1035 533 1090 idolis
567 1051 582 1088 :
611 1043 666 1088 te
693 1041 870 1086 autem
898 1031 1086 1085 videns
1115 1043 1235 1083 cum
1266 1027 1368 1082 illis
1393 1027 1621 1081 libenter
1635 1032 1957 1088 versantem,

376 1142 489 1180 rem
539 1123 732 1194 accipit
759 1137 858 1192 pro
897 1120 1280 1184 admonitione,
1321 1127 1374 1172 et
1411 1117 1464 1170 in
1505 1117 1590 1170 illa
1620 1131 1680 1170 re
1715 1123 1962 1169 versatur

373 1222 534 1275 etiam
564 1221 699 1289 ipse.
732 1217 916 1286 Itaque
946 1230 1051 1268 non
1083 1212 1256 1268 solum
1286 1226 1349 1265 ex
1391 1210 1532 1264 illius
1572 1207 1956 1269 imbecillitate,

374 1312 470 1366 sed
499 1326 564 1366 ex
599 1307 978 1374 intempestivo
1017 1314 1109 1359 tuo
1136 1318 1299 1372 opere
1341 1301 1546 1355 insidiae
1585 1299 1830 1354 oriuntur
1856 1313 1872 1352 :
1903 1305 1958 1352 tu

373 1405 518 1462 enim
546 1403 693 1457 illum
722 1399 1071 1455 infirmiorem
1095 1395 1294 1450 reddis.
1323 1395 1406 1448 ll.
1433 1390 1501 1444 Et
1525 1390 1704 1461 peribit
1727 1390 1961 1458 inﬁrmus

374 1501 540 1569 frater
565 1495 619 1548 in
648 1508 761 1547 esca
789 1500 894 1553 tua,
924 1497 1128 1559 propter
1157 1501 1302 1554 quem
1334 1483 1565 1538 Christus
1599 1491 1825 1535 mortuus
1863 1489 1954 1534 est.

374 1589 493 1642 Duo
524 1597 753 1654 namque
781 1591 923 1644 sunt,
949 1595 1066 1650 qure
1099 1587 1148 1632 te
1172 1575 1327 1631 venia
1359 1575 1574 1645 privant
1597 1573 1668 1628 ob
1703 1571 1806 1626 hoc
1833 1571 1956 1624 illa-

374 1687 484 1732 tum
510 1675 786 1734 damnum,
819 1680 874 1726 et
909 1668 1048 1739 quod
1089 1668 1352 1731 infirmus,
1386 1674 1439 1719 et
1473 1664 1616 1735 quod
1649 1662 1814 1718 frater
1848 1663 1953 1724 sit;

375 1772 483 1824 imo
513 1767 726 1823 trrlium
758 1778 969 1834 quoque
1007 1759 1238 1824 additur,
1283 1755 1425 1827 quod
1474 1755 1712 1810 omnium
1750 1752 1960 1808 terribi-

375 1863 636 1917 lissimum
658 1866 759 1915 est.
801 1853 1079 1922 Quodnam
1113 1850 1240 1904 illud
1268 1848 1390 1904 est?
1413 1847 1566 1914 Quod
1588 1845 1836 1900 Christus
1861 1859 1957 1913 pro

373 1955 463 2008 illo
494 1953 628 2007 mori
659 1965 762 2003 non
791 1945 1152 2004 recusaverit;
1187 1953 1241 1996 tu
1271 1954 1400 1995 vero
1428 1954 1493 1994 ne
1513 1937 1726 2008 quidem
1754 1935 1820 1990 ad
1842 1933 1956 2004 ejus

373 2044 790 2100 imbecillitatem
820 2048 871 2093 te
899 2048 1240 2104 attemperas.
1272 2033 1372 2087 Per
1411 2031 1525 2085 lucc
1562 2039 1738 2084 autem
1775 2027 1954 2098 perie-

371 2147 516 2192 ctum
559 2133 828 2194 admonet,
859 2127 1029 2198 qualis
1061 2127 1173 2194 ipse
1205 2123 1350 2192 prius
1387 2130 1548 2182 esset,
1581 2129 1636 2176 et
1677 2119 1817 2190 quod
1861 2132 1956 2188 pro

373 2231 464 2286 illo
483 2229 641 2284 etiam
672 2231 912 2278 mortuus
939 2220 1027 2272 sit.
1074 2218 1140 2271 Et
1172 2231 1275 2270 non
1319 2215 1451 2268 dixit
1481 2231 1495 2267 :
1530 2213 1632 2267 Pro
1658 2226 1764 2282 quo
1795 2211 1953 2264 etiam

375 2320 510 2378 mori
537 2329 590 2373 te
614 2313 923 2386 Oportebat;
951 2309 1046 2364 sed
1075 2307 1214 2378 quod
1249 2305 1416 2360 multo
1453 2303 1623 2374 majus
1649 2310 1785 2368 erat,
1813 2301 1954 2371 quod

370 2419 531 2474 etiam
558 2413 804 2470 Christus
829 2415 1049 2480 propter
1069 2405 1240 2475 ipsum
1267 2412 1349 2458 est
1369 2410 1628 2456 mortuus.
1657 2398 1745 2454 Sic
1774 2397 1955 2452 Domi-

372 2525 473 2565 nus
501 2506 715 2578 quidem
740 2515 860 2558 tuus
882 2515 980 2571 pro
1008 2498 1102 2552 illo
1124 2496 1258 2551 mori
1283 2511 1385 2549 non
1407 2493 1710 2555 recusavit;
1741 2499 1795 2546 tu
1824 2504 1954 2545 vero

370 2602 485 2674 ejus
513 2599 713 2655 nullam
738 2595 998 2650 rationem
1031 2591 1216 2654 habes,
1248 2599 1304 2643 ut
1337 2602 1435 2642 nec
1471 2594 1688 2656 propter
1725 2591 1896 2653 ipsum
1922 2596 1951 2636 a

371 2696 599 2752 scelesta
621 2705 802 2747 mensa
824 2686 1128 2749 abstineas;
1157 2682 1248 2737 sed
1280 2681 1409 2735 sinis
1438 2680 1609 2749 ipsum
1633 2677 1809 2746 perire
1836 2682 1955 2744 post

371 2789 599 2845 salutem
628 2785 697 2838 ita
731 2789 969 2853 partam;
1013 2775 1258 2844 quodque
1295 2771 1668 2842 gravissimum
1709 2775 1810 2832 est,
1858 2780 1954 2836 per

369 2874 590 2934 escam?
616 2873 799 2943 Neque
836 2869 978 2924 enim
1023 2865 1176 2930 dixit,
1219 2863 1442 2930 Pr0pter
1481 2869 1622 2914 tuam
1665 2855 1951 2927 perfectio-

373 2984 516 3031 nem,
557 2966 638 3020 vel
671 2971 890 3032 propter
923 2967 1066 3012 tuam
1097 2953 1398 3018 scientiam,
1424 2951 1517 3006 sed
1557 2949 1777 3019 Propter
1809 2956 1950 3001 tuam

365 3079 554 3119 escam.
578 3059 716 3114 Sunt
736 3058 913 3124 itaque
937 3061 1168 3123 quatuor
1186 3047 1431 3112 crimina,
1465 3045 1658 3114 illaque
1681 3042 1908 3097 maxima
1933 3057 1947 3094 :

368 3153 510 3226 quod
539 3159 593 3206 et
619 3150 780 3203 frater
808 3146 897 3210 sit,
923 3152 977 3198 et
1003 3141 1267 3226 infirmus,
1300 3147 1357 3192 et
1382 3137 1537 3204 cujus
1564 3133 1809 3189 Christus
1837 3142 1953 3226 tan:

369 3222 478 3301 tam
506 3240 690 3298 habuit
716 3239 999 3299 rationem,
1033 3225 1213 3302 ut'pro
1243 3229 1335 3284 illo
1374 3236 1700 3290 numeretur;
1727 3234 1778 3280 et
1809 3222 1950 3295 quod

370 3346 490 3409 post
534 3334 648 3389 haec
691 3329 869 3386 omnia
922 3333 1146 3396 propter
1174 3337 1349 3378 escam
1383 3327 1584 3390 pereat.
1616 3317 1700 3373 12.
1735 3316 1826 3372 Sic
1859 3332 1954 3369 uu-

369 3441 466 3484 tem
495 3434 757 3498 peccantes
794 3422 849 3475 in
892 3420 1092 3490 fratres,
1138 3425 1185 3469 et
1226 3413 1555 3485 percutientes
1593 3410 1952 3464 conscientiam

366 3538 542 3577 eorum
572 3519 850 3589 inﬁrmam,
882 3515 936 3567 in
979 3509 1236 3567 Christum
1281 3505 1517 3576 peccatis.
1564 3503 1750 3559 V'iden’
1790 3517 1950 3573 quam

367 3617 566 3673 sensim
589 3624 642 3670 et
670 3610 922 3683 paulatim
952 3617 1228 3678 peceatum
1261 3604 1390 3659 illud
1416 3602 1479 3658 ad
1507 3602 1718 3656 culmen
1756 3600 1951 3669 iniqui-

369 3711 492 3764 tatis
519 3703 843 3764 doduxerit?
875 3701 1185 3768 Rursusque
1222 3694 1548 3751 infirmitatis
1587 3693 1798 3747 illorum
1836 3705 1952 3745 me-

370 3801 545 3858 minit.
576 3796 708 3851 Nam
748 3791 891 3863 quod
921 3790 1019 3859 ipsi
1051 3804 1148 3858 pro
1175 3802 1234 3842 se
1258 3801 1378 3841 esse
1419 3783 1814 3848 existimabant,
1847 3780 1950 3835 hoc

371 3891 569 3959 ubique
597 3888 648 3941 in
680 3885 892 3940 illorum
913 3889 1072 3950 caput
1097 3878 1379 3934 convertit.
1402 3875 1585 3946 Neque
1609 3875 1763 3941 dixit,
1785 3874 1952 3929 Scan-

373 3983 690 4045 dalizautes,
721 3976 815 4032 sed
845 3973 1210 4035 Percutientes,
1241 3980 1424 4039 ut'per
1450 3967 1698 4023 dictionis
1725 3967 1950 4034 empha-

369 4077 453 4132 sin
484 4071 852 4130 crudelitatem
881 4063 1210 4122 ostenderet.
1233 4060 1370 4128 Quid
1396 4061 1538 4114 enim
1563 4058 1756 4115 saevius
1789 4057 1952 4112 fuerit

371 4167 608 4233 homine,
641 4163 730 4235 qui
759 4173 960 4232 :rgrum
999 4154 1300 4227 percutiat?
1344 4151 1556 4208 Etenim
1600 4149 1788 4220 quovis
1827 4149 1949 4204 vul-

370 4277 504 4319 uete
536 4259 754 4332 gravius
778 4262 862 4311 est
899 4249 1281 4311 scandalizare,
1313 4262 1406 4302 seu
1441 4243 1820 4300 offendicolum
1852 4257 1950 4312 po-

307 4385 311 4390 -
369 4372 499 4415 nere
526 4372 541 4410 :
569 4368 714 4424 saepe
754 4361 982 4419 namque
1013 4344 1115 4399 hoc
1162 4349 1387 4396 mortem
1429 4338 1654 4395 induxit.
1711 4337 1776 4392 Et
1817 4352 1953 4407 quo-

369 4448 530 4504 modo
556 4447 611 4500 in
639 4443 911 4499 Christum
943 4434 1208 4508 peccant?
1232 4433 1350 4490 Uno
1375 4431 1589 4502 quidem
1617 4429 1799 4497 modo,
1827 4428 1950 4498 quia

369 4555 489 4611 qua:
528 4543 652 4590 sunt
695 4531 1012 4587 famulorum
1053 4535 1114 4582 ut
1159 4526 1373 4596 propria
1402 4523 1502 4576 sibi
1542 4521 1819 4586 attribuit;
1856 4535 1953 4611 se-

368 4609 564 4694 cundo,
605 4623 748 4697 quod
789 4623 879 4694 qui
911 4619 1287 4679 verberantur,
1316 4614 1382 4667 ad
1411 4627 1606 4682 corpus
1633 4623 1686 4667 et
1710 4609 1951 4668 membra

370 4722 538 4795 ipsius
562 4717 896 4789 pertineant;
922 4712 1103 4776 tertio,
1129 4708 1270 4780 quod
1299 4721 1434 4776 opus
1455 4719 1608 4760 suum
1636 4720 1651 4758 :
1679 4719 1774 4774 per
1800 4718 1953 4761 suam

371 4815 575 4872 caedem
613 4807 882 4881 propriam
927 4802 1279 4866 mdiﬁcatum,
1325 4798 1423 4869 ipsi
1465 4812 1560 4868 per
1603 4797 1950 4852 ambitionem

369 4925 518 4966 suam
571 4904 808 4961 diruant.
852 4899 946 4954 i3.
1003 4896 1343 4964 Quapropter,
1390 4891 1434 4945 si
1477 4907 1590 4945 esca
1636 4889 1952 4944 scandalizat

371 5003 579 5070 [mn-em
608 5009 775 5062 meum
794 5031 810 5058 ,
847 5005 951 5044 non
982 4985 1298 5041 manducabo
1345 4998 1547 5038 carnem
1585 4982 1640 5036 in
1683 4990 1945 5037 aeternum.

372 5093 484 5147 Iloc
529 5101 798 5159 tamquam
846 5082 1084 5154 optimus
1128 5078 1404 5149 magister,
1449 5075 1602 5146 cujus
1641 5082 1725 5130 est
1760 5089 1856 5145 per
1891 5089 1950 5131 se

373 5183 566 5237 docere
595 5196 711 5250 qua:
737 5177 886 5233 dicit.
905 5174 1088 5244 Neque
1108 5171 1260 5235 dixit,
1279 5169 1402 5226 Sive
1423 5168 1565 5238 juste
1585 5166 1698 5222 sive
1720 5166 1947 5236 injuste;

373 5270 469 5328 sed
499 5269 1014 5342 quomodocumque.
1044 5263 1151 5318 Nec
1181 5261 1325 5325 dico,
1355 5260 1548 5330 inquit,
1570 5257 1723 5315 .idolo
1753 5258 1948 5314 immo-

374 5366 559 5431 latum,
591 5359 732 5432 quod
761 5359 920 5413 etiam
959 5364 1177 5426 propter
1205 5354 1362 5407 aliam
1402 5365 1617 5406 causam
1655 5359 1741 5406 est
1771 5349 1950 5420 probi-

373 5459 579 5521 bitum;
605 5450 697 5508 sed
723 5451 767 5505 si
798 5447 925 5519 quid
952 5446 1113 5500 etiam
1138 5458 1347 5508 eorum,
1371 5457 1492 5512 qua:
1516 5441 1570 5497 in
1600 5449 1864 5512 potestate
1895 5449 1952 5496 et

375 5562 635 5608 concessa
683 5551 810 5600 sunt
854 5537 1108 5602 offendat,
1150 5535 1218 5590 ab
1253 5533 1361 5588 illis
1396 5548 1608 5604 quoque
1649 5531 1947 5600 abstinebo,

373 5660 481 5700 non
508 5655 614 5697 uno
639 5637 724 5694 vel
751 5635 921 5691 altero
945 5629 1054 5696 die,
1086 5627 1182 5684 sed
1213 5635 1328 5682 toto
1351 5626 1475 5680 vita:
1505 5640 1638 5680 mete
1658 5634 1904 5696 tempore
1931 5640 1948 5678 :

385 5729 504 5788 Non
527 5727 840 5787 manducata
869 5722 1034 5790 enim,
1063 5719 1254 5792 inquit,
1282 5732 1461 5772 carnes
1479 5717 1533 5770 in
1557 5726 1818 5772 (sternam.
1841 5715 1951 5772 Nec

1115 272 1171 327 S.
1213 268 1486 327 JOANNIS
1522 263 1993 324 CHRYSOSTOMI
2032 262 2348 321 ARCHIEP.
2389 262 2919 322 CONSTANTINOP.

3551 275 3655 334 168

2073 375 2226 438 dixit,
2251 375 2328 431 Ne
2351 377 2568 445 perdam
2600 377 2839 443 fratrem,
2883 379 2978 436 sed
3019 383 3356 452 simpliciter,
3396 385 3478 442 Nc
3505 389 3658 457 fratri

2070 465 2380 532 o/fendiculo
2406 469 2520 522 sint.
2552 469 2762 525 Etenim
2794 482 3050 528 extremm
3078 474 3367 531 dementias
3401 480 3564 534 fuerit
3591 501 3654 537 ea

2069 574 2188 629 quae
2223 559 2438 614 Christo
2479 563 2548 615 ita
2585 562 2734 617 cordi
2776 563 2946 629 fuere,
2983 574 3038 620 et
3069 566 3190 620 talia
3238 576 3296 622 ut
3337 581 3554 638 propter
3591 587 3656 627 ea

2068 659 2294 706 mortem
2320 652 2562 722 elegerit,
2603 668 2700 708 uos
2732 654 2801 708 ita
2839 657 2986 724 parvi
3018 655 3214 722 facere,
3249 668 3305 713 ut
3333 675 3400 715 ne
3429 672 3654 732 pr0ptcr

2067 739 2158 794 illa
2187 741 2402 811 quidem
2447 743 2514 798 ab
2557 745 2693 798 escis
2739 746 2843 800 illis
2887 745 3275 803 abstineamus.
3322 750 3451 806 limo
3492 768 3655 821 porro

2067 851 2173 890 non
2200 837 2303 891 illis
2340 838 2536 906 solum,
2561 838 2654 893 sed
2677 839 2839 894 etiam
2871 841 3025 896 nobis
3045 851 3348 912 opportune
3383 844 3651 914 dicantur,

2067 930 2156 998 qui
2181 930 2406 998 proximi
2429 931 2655 986 salutem
2677 932 3021 1002 despicimus,
3047 943 3102 988 et
3121 936 3357 991 satanica
3381 937 3467 992 illa
3490 939 3652 994 verba

2067 1023 2411 1092 proferimus.
2445 1024 2575 1080 Nam
2606 1025 2808 1092 dicere,
2839 1026 2974 1093 Quid
3013 1029 3141 1083 mihi
3183 1044 3327 1085 cura:
3359 1041 3464 1096 est,
3491 1033 3534 1088 si
3563 1035 3654 1090 ille

2065 1115 2366 1172 offendatur
2399 1127 2455 1174 et
2499 1119 2589 1174 ille
2631 1121 2860 1189 pereat?
2901 1122 3152 1176 satanica:
3197 1126 3653 1185 estcrudelitatis

2064 1217 2118 1261 et
2160 1207 2581 1265 inbumanitatis.
2615 1211 2777 1282 Atqui
2812 1221 2938 1267 tunc
2965 1213 3180 1282 quidem
3223 1215 3440 1272 illorum
3479 1219 3654 1276 imbe-

2063 1299 2299 1355 ciliitatis
2325 1311 2462 1364 erat,
2507 1302 2699 1373 quibus
2742 1303 2857 1358 lucc
2901 1303 3227 1360 oliendiculo
3273 1317 3461 1373 erant;
3507 1311 3648 1380 apud

2065 1406 2164 1446 nos
2187 1408 2315 1447 vero
2341 1407 2447 1448 non
2474 1393 2620 1448 item.
2645 1394 2775 1448 Nam
2805 1394 2891 1448 illa
2917 1405 3130 1464 peccata
3157 1396 3506 1468 admittimus,
3530 1418 3652 1471 qua:

2065 1482 2290 1539 fortibus
2328 1486 2490 1540 etiam
2535 1484 2861 1542 offendiculo
2889 1487 3018 1542 sint.
3061 1488 3194 1544 Cum
3239 1490 3383 1546 enim
3420 1495 3654 1562 percuti-

2065 1590 2202 1640 mns,
2235 1576 2469 1646 rapimus
2502 1586 2557 1633 et
2595 1579 2832 1632 avaritia:
2861 1579 3163 1647 studemus,
3201 1582 3496 1654 liberisque
3517 1593 3653 1640 tam-

2062 1683 2220 1737 quam
2252 1670 2533 1740 mancipiis
2563 1671 2851 1738 abutimur,
2879 1673 3091 1729 cuinam
3123 1675 3237 1730 bare
3272 1692 3379 1732 non
3417 1677 3645 1735 offendi-

2061 1761 2183 1815 cnlo
2208 1761 2443 1816 fuerint?
2479 1763 2610 1818 Nam
2643 1779 2710 1820 ne
2735 1764 2962 1832 dixeris,
2992 1766 3089 1821 llle
3115 1779 3288 1834 sutor,
3325 1769 3428 1826 iste
3457 1771 3652 1828 tinctor

2061 1863 2178 1918 est;
2213 1869 2386 1921 neque
2421 1855 2640 1922 dixeris,
2669 1856 2914 1912 jErarius
2942 1858 3092 1914 faber
3115 1860 3251 1914 alius
3277 1871 3359 1916 est
3389 1880 3400 1914 :
3435 1863 3530 1918 sed
3562 1880 3656 1918 cn-

2060 1944 2166 2013 gita
2192 1944 2342 1998 illum
2369 1960 2489 2000 esse
2512 1945 2722 2002 fidelem
2748 1956 2803 2002 et
2823 1947 3066 2004 fratrem.
3090 1949 3305 2006 Illorum
3325 1953 3462 2007 enim
3487 1953 3654 2010 disci-

2059 2039 2169 2108 puli
2215 2055 2420 2104 smnus,
2455 2039 2799 2108 piscatorum,
2855 2042 3284 2109 publicanorum.
3325 2045 3655 2102 tabernacu-

2062 2129 2234 2184 lorum
2288 2133 2540 2202 0piiicum
2575 2149 2590 2186 :
2620 2133 2761 2188 illius
2788 2135 2960 2204 quiin
3010 2137 3170 2192 domo
3223 2138 3356 2193 fabri
3411 2140 3652 2196 nutritus

2061 2222 2178 2289 fuit,
2212 2224 2300 2292 qui
2339 2238 2594 2293 sponsam
2621 2224 2739 2293 ejus
2769 2235 2995 2280 matrem
3028 2227 3227 2284 habere
3256 2227 3509 2299 dignatus
3543 2242 3647 2294 est.

2061 2314 2147 2384 qui
2181 2314 2369 2382 pannis
2410 2314 2680 2370 involutus
2724 2314 2776 2369 in
2824 2317 3049 2387 prtesepi
3099 2318 3366 2387 recubuit,
3405 2321 3495 2391 qui
3540 2339 3648 2378 nou

2059 2404 2291 2460 habebat
2317 2406 2408 2460 ubi
2437 2416 2598 2476 caput
2642 2408 2952 2471 reclinaret,
2984 2409 3072 2478 qui
3102 2419 3245 2465 tanta
3287 2414 3523 2483 suscepit
3563 2415 3652 2470 iti-

2058 2513 2206 2564 nera,
2234 2507 2291 2552 ut
2309 2514 2377 2554 ex
2409 2499 2490 2553 via
2521 2498 2696 2555 fessus
2722 2511 2883 2566 esset,
2915 2501 3005 2570 qui
3035 2501 3104 2556 ab
3130 2503 3251 2558 aliis
3286 2505 3646 2562 nutriebatur.

2129 2592 2181 2645 6.
2226 2590 2413 2646 Fastus
2439 2592 2690 2647 humanus
2715 2593 2845 2648 nihil
2873 2604 2966 2650 est.
2986 2594 3200 2652 ——llaec
3233 2599 3429 2668 cogita,
3457 2607 3511 2654 et
3538 2599 3647 2655 hu-

2055 2697 2273 2736 manum
2295 2682 2490 2738 fastum
2518 2684 2648 2738 nihil
2682 2699 2802 2740 esse
2831 2696 2984 2754 putes
3011 2704 3025 2750 ;
3057 2687 3148 2742 sed
3181 2697 3234 2742 et
3267 2688 3643 2746 tabernaculo-

2057 2788 2176 2827 rum
2217 2772 2488 2844 opiﬁcem,
2534 2783 2589 2830 et
2618 2791 2740 2830 eum
2781 2777 2870 2846 qui
2913 2791 3073 2832 curru
3117 2778 3354 2845 vehitur,
3401 2793 3458 2837 et
3487 2783 3642 2839 mille

2055 2865 2288 2921 famulos
2316 2867 2496 2933 habet,
2519 2876 2572 2922 et
2595 2867 2714 2924 foro
2739 2869 2930 2924 obvios
2950 2879 3118 2937 arcet,
3143 2870 3362 2929 fratrem
3389 2888 3511 2930 esse
3530 2875 3648 2930 exi-

2056 2958 2210 3012 stima
2236 2975 2250 3024 ;
2284 2959 2392 3014 imo
2421 2959 2571 3014 illum
2601 2961 2772 3031 magis
2797 2977 2957 3030 quam
2984 2962 3145 3018 hunc.
3174 2963 3306 3020 Nam
3337 2966 3427 3022 ille
3450 2982 3645 3037 appor-

2056 3051 2236 3106 tunius
2265 3050 2430 3107 frater
2450 3052 2678 3112 dicatur.
2712 3054 2802 3124 qui
2832 3055 3000 3126 magis
3023 3057 3214 3112 similis
3235 3066 3338 3115 est.
3364 3059 3497 3126 Quis
3515 3077 3645 3132 ergo

2053 3143 2246 3198 similis
2269 3152 2353 3198 est
2381 3144 2775 3213 piscatoribus?
2803 3146 2890 3216 qui
2921 3148 3236 3217 quotidiano
3262 3149 3427 3205 alitur
3452 3168 3640 3221 opere,

2068 3247 2176 3289 non
2202 3233 2409 3290 habens
2434 3232 2695 3288 famulum
2729 3249 2904 3304 neque
2925 3235 3286 3304 domicilium;
3313 3239 3408 3294 sed
3439 3241 3496 3295 in
3520 3257 3640 3296 om-

2069 3327 2230 3383 nibus
2246 3316 2570 3384 crucifixus:
2593 3340 2660 3382 an
2675 3326 2783 3386 ille.
2803 3327 2892 3396 qui
2909 3337 3060 3383 tanto
3078 3329 3220 3386 fastu
3240 3330 3636 3398 circumdatur,

2067 3426 2122 3476 et
2137 3417 2413 3473 contraria
2426 3415 2636 3487 legibus
2655 3416 2854 3473 divinis
2879 3417 3171 3487 operatur?
3189 3417 3265 3474 Ne
3293 3435 3426 3492 ergo
3454 3421 3641 3494 despi-

2065 3513 2177 3567 cias
2201 3507 2377 3574 illum,
2401 3507 2494 3578 qui
2522 3508 2696 3579 magis
2716 3506 2883 3565 frater
2910 3518 3036 3565 tuus
3059 3517 3182 3566 est:
3208 3524 3334 3565 nam
3353 3511 3443 3568 ille
3466 3513 3639 3585 magis

2055 3600 2243 3655 similis
2271 3612 2356 3656 est
2381 3603 2689 3671 apostolica:
2719 3604 2954 3674 imagini.
2994 3606 3064 3660 At
3109 3620 3214 3660 non
3257 3605 3507 3670 libenter,
3549 3608 3646 3663 sed

2055 3691 2274 3754 invitus,
2305 3693 2512 3764 inquies
2543 3711 2556 3748 :
2587 3709 2694 3748 non
2739 3696 2881 3750 enim
2927 3711 2991 3750 ex
3035 3696 3199 3750 animi
3244 3699 3510 3752 sententia
3541 3697 3645 3754 hoc

2054 3781 2199 3836 facit.
2237 3781 2512 3839 Undenam
2546 3783 2681 3837 hoc?
2704 3799 2806 3838 non
2833 3784 3076 3851 audistis,
3104 3784 3281 3840 Nolite
3299 3787 3562 3858 judicare,
3589 3800 3646 3844 ut

2055 3891 2154 3928 non
2172 3875 2473 3943 judicemini
2502 3874 2715 3944 (Matth.
2749 3877 2801 3930 7.
2846 3875 2895 3947 Ι)
2921 3878 2944 3931 ?
2969 3877 3037 3934 Ut
3065 3889 3245 3934 autem
3274 3880 3453 3936 discas
3493 3881 3643 3936 illum

2055 3980 2162 4020 non
2194 3966 2415 4020 invitum
2440 3967 2681 4036 operari,
2714 3968 2910 4025 accede
2949 3979 3004 4026 et
3049 3969 3115 4026 da
3165 3970 3240 4026 illi
3283 3971 3471 4029 decies
3496 3974 3648 4029 mille

2055 4057 2173 4112 auri
2203 4057 2424 4126 talenta,
2457 4067 2512 4114 et
2553 4059 2760 4116 videbis
2793 4061 2942 4117 illum
2985 4062 3102 4120 haec
3135 4079 3409 4121 recusare.
3460 4065 3646 4138 Itaque

2057 4149 2267 4206 etiamsi
2311 4167 2341 4206 a
2382 4151 2674 4221 majoribus
2712 4153 2925 4210 divitias
2964 4172 3069 4211 non
3109 4159 3398 4229 acceperit,
3444 4159 3542 4216 sed
3587 4171 3648 4217 et

2055 4255 2177 4294 cum
2203 4241 2448 4312 accipere
2477 4241 2682 4308 liceret,
2712 4259 2818 4300 non
2849 4248 3137 4316 acceperit,
3166 4263 3268 4304 nec
3293 4249 3404 4305 suis
3424 4250 3648 4306 addide-

2055 4332 2146 4397 rit,
2179 4347 2428 4404 magnum
2455 4334 2609 4390 affert
2635 4335 2886 4392 indicium
2918 4339 3060 4408 quod
3083 4340 3338 4409 pecunias
3359 4340 3644 4412 despiciat.

2056 4425 2188 4481 Nam
2219 4435 2274 4481 et
2301 4427 2540 4482 Joannes
2567 4427 2810 4485 Zebedmi
2857 4430 3144 4487 admodum
3199 4435 3453 4504 pauperis
3498 4433 3648 4489 ﬁlius

2055 4529 2170 4574 erat
2193 4534 2208 4584 ;
2236 4519 2330 4574 sed
2353 4536 2458 4574 non
2487 4529 2765 4591 propterea
2787 4531 3024 4578 coactam
3050 4523 3213 4580 fuisse
3234 4524 3477 4580 dicemus
3501 4525 3647 4580 illius

2059 4619 2447 4680 paupertatem.
2495 4612 2626 4667 Cum
2677 4629 2807 4683 ergo
2868 4615 3072 4672 videris
3125 4617 3263 4689 ligna
3308 4617 3642 4684 credentem,

2058 4703 2254 4758 malleo
2296 4704 2629 4771 tundentem,
2662 4705 2880 4777 fuligine
2929 4709 3176 4778 tinctum,
3230 4725 3299 4766 ne
3343 4710 3468 4768 ideo
3509 4725 3648 4766 con—

2056 4803 2284 4860 temnas,
2315 4795 2409 4851 sed
2455 4795 2576 4852 ideo
2605 4798 2835 4854 mireris.
2878 4799 3008 4855 Nam
3039 4811 3094 4858 et
3120 4802 3312 4858 Petrus
3337 4803 3656 4859 succinctus

2055 4894 2192 4951 erat,
2218 4899 2471 4956 sagenam
2500 4888 2766 4944 tractabat
2802 4897 2858 4945 et
2899 4892 3206 4960 piscabatur
3241 4902 3364 4964 post
3392 4907 3656 4964 resurre-

2056 4978 2288 5032 ctionem
2320 4977 2553 5033 Domini.
2584 4979 2785 5050 Ecquid
2827 4981 2949 5036 dico
2991 4982 3253 5039 Petrum?
3287 4983 3488 5039 Paulus
3530 4984 3666 5054 ipse

2055 5078 2177 5139 post
2207 5083 2426 5124 emensa
2474 5078 2618 5124 tanta
2652 5079 2912 5126 terrarum
2954 5073 3147 5143 spatia,
3193 5082 3318 5145 post
3371 5083 3453 5129 tot
3498 5073 3672 5130 edita

2057 5159 2334 5226 miracula,
2373 5160 2426 5215 in
2463 5163 2814 5218 tentoriorum
2845 5163 3059 5220 officina
3100 5175 3270 5234 stans,
3308 5165 3478 5237 pelles
3517 5181 3686 5222 con-

2055 5255 2262 5319 auebat,
2295 5261 2348 5309 et
2375 5253 2763 5310 reverebantur
2785 5270 2907 5311 eum
2937 5258 3110 5329 angeli
3132 5266 3187 5314 et
3209 5267 3508 5314 trementes
3531 5257 3688 5314 dte‘

2056 5359 2245 5400 mones
2268 5342 2627 5400 formidabant
2660 5363 2675 5400 :
2703 5361 2806 5402 nec
2833 5347 3067 5417 pudebat
3086 5348 3267 5406 dicere
3298 5367 3312 5404 :
3348 5347 3693 5404 Necessita—

2054 5438 2185 5492 tibus
2229 5453 2372 5502 mets,
2418 5445 2468 5492 et
2509 5437 2574 5492 iis
2612 5439 2700 5509 qui
2747 5456 2944 5495 mecum
2993 5450 3172 5508 erant,
3229 5443 3700 5502 ntinistraeerttru

2056 5546 2236 5586 manus
2261 5533 2371 5586 ista
2403 5532 2538 5603 (Act.
2566 5533 2656 5589 20.
2699 5535 2814 5606 δι).
2855 5534 3059 5608 Ecquid
3091 5537 3235 5606 dico,
3272 5553 3379 5594 non
3410 5535 3710 5608 pudebat

2055 5624 2220 5680 eum?
2250 5625 2307 5680 ln
2347 5623 2451 5682 hoc
2478 5635 2629 5683 certe
2665 5627 2759 5684 ille
2786 5627 3136 5700 gloriabatur.
3178 5631 3376 5703 Ecquis
3415 5639 3525 5694 est,
3567 5629 3713 5689 in—

2057 5716 2231 5788 quies,
2263 5730 2407 5774 nunc
2446 5717 2612 5775 Paulo
2637 5717 2834 5780 virtute
2878 5721 3017 5793 par?
3041 5722 3168 5781 Scio
3205 5732 3262 5779 et
3295 5737 3396 5795 ego
3435 5719 3722 5788 nullum
