3986 6202
337 434 485 524 τα)⁸

331 564 492 616 esse;
519 549 620 607 sed
643 564 748 605 non
779 548 894 604 ideo
916 544 1291 604 contemnendi
1322 546 1409 616 qui
1443 561 1583 600 nunc
1611 553 1754 599 sunt.
1779 542 1914 599 Nam

332 643 378 697 si
431 649 658 712 propter
706 641 973 697 Christum
1039 639 1275 694 honores
1339 638 1425 693 vel
1483 637 1771 702 ultimum,
1829 636 1922 690 sed

337 735 578 803 ﬁdelem,
629 735 813 806 dignus
851 748 982 789 sane
1027 732 1228 803 estqui
1269 731 1590 784 honoretur.
1643 729 1851 784 Etenim
1881 728 1923 781 si

340 826 717 883 accedentibus
741 826 874 882 duci
894 825 1126 894 cuipiam
1143 833 1195 878 et
1219 822 1394 886 militi,
1428 821 1774 897 Imperatoris
1794 820 1926 871 ami-

341 919 444 986 eis,
492 918 746 975 ambobus
791 918 1012 972 domum
1040 913 1359 986 aperueris;
1407 927 1505 984 per
1533 925 1708 999 ‘quem
1759 907 1927 979 magis

344 1009 716 1081 Imperatorem
756 1012 1026 1064 honorare
1059 1005 1334 1063 videaris?
1364 1003 1526 1060 Plane
1556 1017 1651 1072 per
1678 1001 1923 1055 militem.

336 1102 462 1158 Nam
492 1102 598 1161 dux
628 1111 825 1172 praeter
852 1099 1203 1179 Imperatoris
1238 1097 1526 1154 amicitiam
1565 1095 1792 1165 plurima
1834 1094 1927 1147 ha-

333 1195 439 1260 bet,
467 1211 590 1266 quae
621 1195 722 1250 tibi
758 1194 990 1250 suadere
1024 1201 1265 1263 possunt,
1293 1201 1351 1245 ut
1378 1190 1534 1245 talem
1577 1189 1652 1242 illi
1680 1186 1927 1242 conferas

332 1287 638 1352 honorem;
669 1286 828 1342 miles
857 1301 989 1347 vero
1028 1284 1160 1342 nihil
1203 1283 1345 1338 aliud
1384 1297 1540 1353 quam
1581 1280 1928 1350 Imperatoris

328 1381 646 1436 amicitiam.
704 1381 830 1434 ldeo
883 1378 1123 1442 claudos,
1165 1377 1400 1441 mutilos,
1443 1383 1498 1430 et
1535 1389 1628 1428 eos
1677 1373 1770 1443 qui
1818 1387 1927 1425 non

328 1471 545 1542 possint
572 1471 797 1540 gratiam
828 1469 1058 1540 referre,
1079 1469 1143 1523 ad
1175 1482 1354 1526 ctenas
1381 1475 1434 1522 et
1465 1465 1710 1520 convivia
1741 1473 1925 1516 nostra

330 1577 532 1618 vocare
565 1561 726 1632 jussit
765 1562 923 1624 Deus,
951 1562 1074 1638 quia
1115 1561 1229 1615 haec
1268 1560 1435 1629 magis
1462 1557 1678 1628 proprie
1707 1565 1928 1628 propter

335 1655 511 1711 Deum
569 1655 809 1725 prtestita
875 1663 997 1709 sunt
1047 1653 1326 1709 beneficia.
1384 1650 1439 1707 Si
1491 1666 1621 1705 vero
1675 1663 1926 1718 magnum

335 1745 653 1816 quempiam
681 1753 736 1800 et
777 1745 1036 1799 illustrem
1081 1744 1380 1812 exceperis,
1414 1743 1530 1796 lucc
1566 1755 1671 1795 non
1697 1739 1768 1793 ita
1801 1752 1926 1807 pura

340 1845 428 1892 est
455 1837 804 1907 eleemosyna
834 1853 848 1902 ;
895 1835 998 1890 sed
1033 1844 1236 1905 partem
1269 1834 1498 1904 aliquam
1541 1831 1682 1902 apud
1709 1839 1760 1886 te
1786 1844 1930 1900 smpe

343 1928 449 1983 sibi
477 1928 716 1983 vindicat
741 1927 916 1983 inanis
937 1927 1125 2000 gloria,
1160 1936 1212 1982 et
1243 1925 1384 1996 quod
1413 1924 1671 1980 beneficio
1697 1923 1770 1978 sis
1793 1921 1927 1978 all‘e-
1981 1991 1996 2004 ν

339 2027 478 2085 ctus,
523 2025 578 2074 et
623 2025 846 2087 propter
871 2018 1020 2072 illum
1048 2016 1189 2086 apud
1233 2017 1428 2071 multos
1454 2016 1710 2084 insignior
1735 2015 1808 2069 sis
1850 2011 1928 2068 ef-

335 2111 530 2166 fectus.
564 2110 761 2165 Multos
783 2118 931 2165 certe
960 2108 1247 2164 ostendere
1268 2107 1489 2178 possim,
1522 2107 1610 2177 qui
1640 2115 1925 2176 propterea

335 2205 717 2276 insignioribus
744 2213 1050 2258 sanctorum
1073 2201 1414 2266 famulantur,
1439 2211 1495 2254 ut
1520 2215 1614 2270 per
1635 2200 1755 2259 illos
1781 2197 1925 2268 apud

335 2297 607 2368 principes
651 2285 842 2366 majori
890 2294 1135 2348 fruantur
1180 2292 1394 2358 ﬁducia,
1441 2307 1503 2345 ac
1541 2290 1700 2346 rebus
1729 2290 1842 2344 suis
1871 2296 1928 2344 et

335 2387 540 2444 adibus
567 2387 808 2443 utiliores
837 2385 967 2440 flant
994 2403 1008 2440 :
1040 2395 1095 2439 et
1123 2400 1152 2438 a
1179 2383 1380 2440 sanctis
1408 2381 1514 2437 illis
1542 2383 1709 2440 multa
1738 2380 1925 2449 hujus-

338 2511 2490 2541 W

1386 431 1451 487 IN
1491 430 1704 488 EPIST.
1747 429 1767 485 l
1831 433 1924 490 AD

2031 432 2121 490 )R.
2165 429 2398 487 lthIlL.
2440 429 2581 484 XXl.
3523 441 3617 494 rm

2030 544 2177 600 modi
2210 544 2432 614 exigunt.
2461 542 2716 599 beneficia
2738 561 2760 610 ;
2785 561 2892 614 quo
2921 545 2978 600 fit
3003 555 3061 602 ut
3091 547 3194 604 illis
3221 557 3406 620 pereat
3436 554 3618 624 hospi-

2034 635 2254 690 talitatis
2286 651 2513 700 merces,
2538 637 2752 705 quando
2781 637 2872 691 tali
2903 648 3078 694 mente
3097 641 3377 696 accedunt.
3403 641 3467 698 Et
3488 645 3617 713 quid

2030 743 2164 796 opus
2197 726 2408 782 esthoc
2444 727 2512 781 de
2550 729 2749 782 sanctis
2798 727 3020 784 dicere?
3059 730 3270 788 Etenim
3309 733 3396 804 qui
3431 749 3462 789 a
3500 739 3614 795 Deo

2029 820 2288 880 laborum
2321 820 2542 890 prmmia
2589 821 2677 876 hic
2722 823 2936 891 qumrit,
2968 832 3022 877 et
3069 833 3287 894 propter
3334 827 3615 895 prmscntia

2029 912 2280 965 virtutem
2323 910 2455 976 adit,
2497 911 2806 967 mercedem
2854 927 3004 967 suam
3044 915 3272 970 minuit:
3305 915 3395 986 qui
3437 927 3614 973 autem

2031 1003 2263 1072 integras
2296 1003 2403 1058 illic
2440 1003 2641 1072 expetit
2677 1019 2926 1072 coronas,
2969 1005 3125 1080 longe
3165 1008 3464 1068 mirabilior
3491 1026 3619 1065 eva-

2029 1093 2109 1150 dit
2135 1111 2149 1159 ;
2181 1094 2319 1148 sicut
2344 1091 2579 1148 Lazarus
2603 1095 2711 1161 ille,
2743 1097 2833 1166 qui
2856 1097 3198 1154 bonaomnia
3223 1103 3462 1172 accepit;
3487 1105 3621 1158 sicut

2031 1194 2140 1238 tres
2173 1184 2344 1253 pueri,
2375 1185 2462 1254 qui
2495 1186 2546 1238 in
2574 1185 2845 1243 fornacem
2871 1203 2996 1242 mox
3028 1189 3300 1260 injiciendi
3328 1192 3580 1248 dicebant
3606 1213 3618 1249 :

2030 1274 2124 1328 Est
2152 1274 2288 1330 Deus
2331 1277 2382 1329 in
2427 1278 2587 1345 cazlis,
2625 1280 2710 1348 qui
2736 1280 2893 1349 possit
2935 1281 3128 1349 eripere
3153 1298 3244 1336 nos
3269 1300 3288 1349 ;
3313 1285 3392 1337 sin
3431 1286 3618 1350 minus,

2030 1377 2203 1420 nolunt
2232 1367 2296 1420 sit
2339 1367 2447 1434 tibi,
2490 1384 2600 1434 rex,
2647 1369 2785 1444 quod
2826 1370 2946 1425 deos
2977 1380 3089 1424 tuos
3121 1388 3224 1426 non
3264 1374 3499 1439 catinius,
3529 1393 3620 1428 nec

2029 1466 2250 1514 statuam
2274 1474 2485 1515 auream
2512 1475 2664 1525 quam
2704 1461 2907 1515 erexiin
2947 1462 3220 1518 adoramus
3252 1462 3411 1536 (Dan.
3443 1467 3495 1520 5.
3531 1468 3619 1522 I7.

2033 1546 2134 1617 I8)
2161 1564 2175 1612 ;
2209 1547 2349 1602 sicut
2376 1547 2669 1615 Abraham,
2699 1551 2788 1620 qui
2815 1550 2979 1606 lilium
3000 1569 3155 1608 suum
3186 1555 3405 1610 adduxit
3431 1568 3483 1612 et
3511 1574 3622 1612 ma-

2030 1638 2211 1700 ctavit,
2257 1647 2313 1693 et
2355 1638 2472 1696 lucc
2503 1656 2607 1695 non
2641 1657 2738 1711 pro
2769 1643 3020 1701 mercede
3062 1645 3208 1712 fecit,
3240 1647 3334 1703 sed
3367 1666 3614 1720 magnam

2030 1731 2346 1789 existimans
2381 1738 2895 1802 remunerationem,
2928 1737 3070 1807 quod
3101 1740 3327 1796 Domino
3355 1742 3617 1800 obediret.

2033 1821 2140 1882 llos
2167 1831 2220 1877 et
2258 1838 2356 1878 nos
2381 1840 2590 1895 quoque
2617 1826 2910 1884 imitemur.
2942 1829 3031 1885 Sic
3058 1833 3200 1886 enim
3228 1835 3442 1905 copiosa
3470 1837 3622 1895 nobis

2029 1915 2294 1970 bonorum
2331 1917 2616 1973 retributio
2657 1921 2857 1989 veniet,
2908 1923 3050 1993 quod
3099 1926 3187 1979 tali
3231 1929 3412 1982 animo
3442 1931 3619 1989 omnia

2030 2007 2309 2075 faciamus,
2335 2019 2389 2064 et
2417 2010 2812 2080 splendidiores
2839 2028 3189 2085 assequemur
3211 2032 3466 2084 coronas;
3491 2038 3621 2090 quas

2031 2100 2240 2156 utinam
2262 2115 2359 2156 nos
2387 2117 2578 2159 omnes
2621 2105 2984 2176 adipiscamur
3008 2110 3179 2178 gratia
3206 2119 3260 2165 et
3294 2111 3622 2183 benignitate

2033 2192 2244 2248 Domint
2301 2197 2470 2251 nostri
2517 2196 2646 2254 Jesu
2695 2198 2916 2267 Christi,
2963 2203 3178 2270 quicum
3215 2203 3358 2258 Patri
3407 2221 3621 2277 unaque

2028 2283 2247 2356 Spiritui
2273 2300 2457 2345 sancto
2482 2292 2672 2362 gloria,
2697 2295 3009 2365 imperiutn,
3028 2297 3221 2366 honor,
3248 2317 3390 2360 nunc
3412 2313 3464 2357 et
3487 2321 3620 2359 scm-

2029 2392 2147 2447 per,
2177 2389 2230 2435 et
2260 2381 2313 2436 in
2344 2384 2542 2438 szccula
2564 2385 2908 2442 saeculorum.
2936 2388 3131 2449 Amen.

3459 2529 3574 2541 ..ι-...-

1734 2590 2079 2656 HOMILIA
2109 2591 2288 2656 XXI.

336 2749 470 2808 CAP.
501 2747 554 2806 9.
585 2765 634 2803 υ.
667 2751 720 2804 I.
751 2747 874 2802 Non
898 2765 1007 2802 sum
1031 2747 1294 2818 apostolus
1310 2747 1337 2802 7
1359 2763 1460 2800 non
1479 2761 1589 2800 sum
1610 2745 1772 2799 liber?
1796 2761 1922 2798 non-

415 2859 480 2897 ne
507 2841 764 2896 Christum
801 2839 977 2895 Iesum
1013 2838 1292 2894 Dominum
1317 2847 1545 2893 nostrum
1577 2837 1722 2890 vidi?
1761 2853 1926 2891 nonne

420 2951 550 3005 opus
586 2950 753 2988 meum
782 2948 868 2988 vos
897 2934 1015 2987 estis
1038 2935 1090 2987 in
1116 2932 1380 2988 Domino?

410 3029 464 3082 l.
495 3026 628 3094 Quia
655 3041 779 3081 cum
819 3026 1080 3093 dixisset,
1127 3025 1190 3082 Si
1233 3042 1346 3082 esca
1371 3025 1684 3080 scandalizat
1719 3028 1928 3095 fratrem

335 3117 900 3186 meum,noncomedam
916 3133 1093 3171 carnes
1109 3118 1160 3171 in
1177 3118 1440 3183 siccatum;
1451 3116 1588 3186 quod
1607 3132 1712 3170 non
1731 3115 1928 3170 fecerat

337 3209 584 3282 quidem,
615 3208 710 3264 sed
740 3221 800 3263 se
825 3209 1091 3262 facturum
1121 3208 1470 3277 promiserat,
1502 3210 1546 3262 si
1576 3223 1710 3278 opus
1740 3215 1921 3262 esset:

337 3317 410 3358 ne
437 3303 555 3374 quis
584 3301 838 3366 diceret,
878 3299 1098 3356 Frustra
1129 3299 1374 3377 gloriaris
1399 3310 1450 3356 et
1473 3301 1652 3357 verbis
1688 3299 1927 3370 philoso-

340 3395 524 3464 pharis
548 3408 748 3464 oreqne
777 3393 1048 3463 promittis
1068 3435 1082 3459 ,
1116 3393 1257 3464 quod
1289 3403 1342 3449 et
1370 3393 1499 3449 mihi
1529 3401 1585 3449 et
1629 3393 1798 3448 cuivis
1844 3392 1928 3448 fa-

343 3487 455 3542 cile
478 3495 562 3541 est
584 3503 597 3540 :
630 3502 750 3541 nam
774 3488 818 3542 si
837 3502 898 3540 ex
932 3487 1110 3541 animo
1128 3486 1243 3542 lucc
1270 3486 1425 3555 dicis,
1449 3502 1508 3542 re
1528 3488 1640 3557 ipsa
1667 3487 1888 3542 ostende
1906 3528 1923 3554 ,

341 3577 474 3646 quid
505 3576 821 3645 despexeris
842 3620 857 3644 ,
885 3586 940 3631 ut
966 3593 1031 3634 ne
1054 3577 1204 3634 fratri
1237 3578 1560 3638 offendicula
1580 3593 1769 3637 esses:
1805 3579 1924 3634 ideo

336 3670 558 3742 cogitur
577 3669 830 3739 deinceps
857 3671 908 3724 in
936 3670 1120 3727 horum
1150 3670 1670 3727 demonstrationem
1695 3672 1924 3726 descen-

340 3761 511 3829 dere,
565 3762 996 3832 ostendcrequc,
1044 3763 1314 3833 quomodo
1370 3779 1399 3817 a
1449 3763 1610 3818 rebus
1657 3763 1928 3818 concessis

335 3854 692 3922 abStinuerit,
728 3853 870 3908 nulla
904 3854 1019 3925 lege
1053 3854 1228 3925 ipsum
1257 3862 1507 3926 cogente.
1542 3853 1726 3923 Neque
1754 3853 1927 3911 adhuc

336 3949 530 4002 mirum
560 3946 664 4002 hoc
690 3954 772 4002 est
790 3988 806 4014 ,
832 3946 1044 4002 etiamsi
1072 3947 1143 4001 sit
1186 3946 1484 4001 mirandum
1505 3987 1520 4010 ,
1563 3947 1704 4018 quod
1735 3962 1764 4001 a
1792 3961 1927 4002 con-

336 4040 505 4095 cessis
531 4038 881 4106 abstinuerit,
913 4053 1023 4093 non
1057 4037 1218 4093 modo
1249 4046 1305 4093 ut
1341 4055 1446 4094 non
1477 4038 1800 4094 offendicula
1829 4055 1919 4095 es-

334 4140 442 4197 set,
472 4130 570 4186 sed
596 4130 756 4186 etiam
783 4129 924 4200 quod
946 4145 1067 4184 cum
1085 4130 1250 4185 multo
1274 4129 1456 4186 labore
1477 4140 1529 4185 et
1558 4131 1792 4202 periculo
1824 4131 1924 4186 hoc

336 4225 567 4279 faceret.
593 4222 730 4290 Quid
757 4223 897 4276 enim
924 4223 1104 4278 dicere
1133 4232 1361 4293 oportet,
1393 4224 1585 4293 inquit,
1617 4223 1684 4278 de
1711 4225 1774 4277 iis
1805 4241 1924 4295 qua:

337 4316 620 4372 immolata
645 4325 772 4370 sunt
800 4315 989 4370 idolis?
1007 4315 1143 4370 Nam
1165 4330 1284 4370 cum
1313 4315 1556 4370 Christus
1579 4316 1840 4381 statuerit,
1867 4325 1925 4370 ut

338 4413 413 4478 ii,
443 4411 532 4483 qui
563 4410 900 4481 evangelium
944 4409 1275 4480 praedicant,
1307 4423 1375 4464 ex
1400 4408 1655 4464 doctrina:
1685 4408 1924 4463 ministe-

344 4503 428 4559 rio
458 4502 668 4570 vivant,
703 4501 806 4557 hoc
830 4517 930 4572 ego
959 4517 1065 4557 non
1095 4500 1230 4567 feci;
1261 4501 1356 4556 sed
1382 4499 1577 4565 statui,
1607 4500 1648 4554 si
1680 4514 1814 4570 opus
1835 4513 1925 4554 es-

339 4605 452 4662 set,
483 4596 645 4649 etiam
675 4593 817 4652 fame
846 4594 1011 4649 vitam
1041 4593 1198 4648 linire
1227 4601 1282 4648 et
1315 4602 1542 4648 mortem
1571 4593 1753 4652 subire
1775 4607 1926 4647 acer-

340 4686 638 4751 bissimam,
658 4701 728 4741 ne
742 4685 871 4754 quid
888 4685 1186 4755 acciperem
1205 4686 1351 4741 abiis
1366 4686 1453 4756 qui
1473 4685 1887 4743 instituebantur
1907 4703 1920 4739 :

339 4794 447 4834 non
475 4778 616 4849 quod
649 4777 701 4833 id
728 4779 832 4833 illis
861 4776 1185 4833 oﬂ‘endiculo
1211 4777 1384 4843 foret,
1413 4777 1456 4831 si
1485 4792 1588 4831 non
1620 4778 1917 4846 acciperet,

346 4870 442 4926 sed
484 4871 606 4940 quia
655 4869 953 4926 adiﬁcandi
985 4876 1173 4933 erant;
1215 4867 1355 4937 quod
1401 4867 1557 4937 longe
1585 4868 1756 4936 majus
1784 4875 1921 4921 erat.

340 4962 407 5017 Et
433 4961 592 5034 hujus
635 4960 715 5015 rei
748 4969 912 5016 testes
943 4960 1086 5035 ipsos
1118 4959 1170 5014 in
1221 4958 1456 5014 medium
1483 4957 1732 5024 adducit,
1780 4956 1923 5028 apud

339 5070 472 5126 quos
492 5069 729 5124 operans
749 5063 802 5108 et
822 5054 1067 5108 esuriens
1092 5053 1252 5107 vixit:
1277 5061 1330 5107 et
1351 5050 1488 5120 apud
1511 5051 1645 5104 alios
1665 5053 1918 5117 nutritus,

340 5150 390 5204 in
436 5144 706 5218 angustia“
730 5146 906 5209 vixit,
965 5152 1023 5198 ut
1075 5159 1144 5199 ne
1211 5143 1314 5198 illis
1367 5140 1690 5195 oll‘endiculo
1744 5139 1920 5196 foret:

340 5240 550 5297 etiamsi
569 5238 767 5294 frustra
807 5236 998 5293 oll'ensi
1043 5235 1306 5302 fuissent;
1339 5235 1452 5303 ipse
1481 5249 1710 5303 namque
1749 5235 1920 5303 legem

342 5333 612 5404 implebat,
645 5340 884 5385 attamen
917 5344 982 5384 ex
1013 5328 1303 5383 abundanti
1337 5329 1442 5382 illis
1469 5326 1742 5396 parcebat.
1767 5325 1919 5393 Quod

341 5429 379 5479 si
408 5441 571 5498 supra
598 5425 769 5495 legem
804 5425 909 5478 hoc
938 5421 1162 5478 faciebat
1189 5423 1296 5490 ille,
1320 5430 1378 5476 ut
1403 5420 1723 5476 offendiculo
1752 5427 1915 5486 esset,

346 5529 389 5573 tt
411 5519 563 5575 all‘iis
583 5533 705 5590 quze
726 5517 992 5589 permissa
1021 5515 1123 5570 sibi
1149 5503 1301 5570 erant
1327 5513 1582 5568 abstinuit
1602 5511 1667 5565 ad
1690 5511 1916 5565 aliorum

346 5609 778 5676 udiﬁeationem;
812 5608 947 5679 quid
968 5613 1249 5660 merentur
1268 5603 1378 5670 isti,
1395 5601 1486 5670 qui
1508 5604 1578 5659 ab
1607 5603 1919 5673 idolothytis

346 5716 436 5756 non
467 5703 780 5758 abstinent?
823 5700 989 5768 idque
1033 5710 1154 5751 cum
1185 5694 1336 5748 multi
1365 5708 1431 5747 ex
1459 5708 1520 5748 ea
1564 5710 1621 5749 re
1653 5701 1914 5763 pereant,

348 5793 470 5858 quod
484 5805 631 5851 certe
653 5795 814 5850 etiam
837 5791 1046 5860 absque
1066 5785 1392 5843 oli'endiculo
1411 5781 1592 5855 fugere
1617 5793 1913 5854 oporteret,

349 5897 404 5941 to
427 5888 561 5958 quod
591 5889 664 5948 sit
702 5889 1015 5947 daemonum
1065 5895 1277 5938 mensa.
1325 5877 1496 5949 Caput
1539 5879 1696 5949 igitur
1745 5889 1914 5933 totum

2037 2749 2142 2805 hoc
2168 2759 2250 2806 est
2269 2791 2286 2820 ,
2317 2754 2460 2826 quod
2492 2756 2672 2811 multis
2701 2766 2890 2814 tractat
2910 2759 3176 2826 versibus.
3201 2761 3425 2833 Oportet
3443 2776 3620 2830 autem

2037 2857 2155 2897 rem
2203 2847 2533 2914 pr0positam
2587 2848 2747 2905 altius
2793 2860 3054 2920 repetere.
3105 2851 3288 2923 Neque
3327 2857 3468 2909 enim
3519 2857 3620 2912 hoc

2035 2934 2179 2989 clare
2205 2937 2479 3005 exposuit,
2514 2945 2573 2993 ut
2594 2939 2704 3008 jam
2736 2941 2878 3006 dixi;
2911 2957 3082 3012 neque
3119 2945 3184 2997 ad
3215 2944 3267 2998 id
3310 2948 3492 3000 statim
3535 2963 3619 3002 re-

2035 3027 2176 3092 silit,
2209 3029 2304 3085 sed
2338 3031 2552 3088 aliunde
2581 3031 2764 3104 incipit
2811 3035 2896 3089 his
2922 3036 3141 3092 verbis:
3177 3035 3301 3108 Non
3340 3056 3455 3093 sum
3495 3057 3620 3110 apo-

2035 3119 2230 3174 stolus?
2251 3122 2381 3177 Nam
2408 3139 2528 3178 cum
2555 3125 2637 3191 iis,
2667 3143 2784 3196 qua:
2812 3127 2952 3182 dicta
2981 3138 3104 3183 sunt
3129 3131 3376 3197 ,multutn
3398 3147 3610 3203 quoque

2034 3210 2360 3269 discriminis
2404 3217 2659 3282 interest,
2694 3219 2835 3290 quod
2862 3219 3060 3276 Paulus
3090 3223 3158 3276 sit
3187 3224 3277 3293 qui
3321 3224 3436 3278 hazc
3462 3223 3612 3281 facit.

2033 3302 2109 3358 Ne
2132 3304 2373 3362 dicerent
2399 3308 2565 3376 enim,
2597 3308 2748 3366 Licet
2775 3327 2834 3368 se
2864 3313 3095 3384 signanti
3124 3325 3364 3385 gustare,
3396 3316 3612 3371 interim

2033 3395 2244 3466 quidem
2269 3397 2392 3453 huic
2418 3400 2496 3454 rei
2529 3415 2636 3454 non
2670 3401 2896 3468 insistit;
2928 3402 3024 3458 sed
3051 3403 3200 3472 dicit,
3232 3404 3456 3462 Etiamsi
3487 3409 3615 3462 lice—

2034 3498 2117 3542 ret
2141 3529 2156 3555 ,
2192 3488 2262 3544 ob
2291 3488 2512 3545 fratrum
2538 3491 2793 3549 damnum
2831 3507 2938 3548 non
2968 3505 3243 3562 oporteret
3272 3496 3374 3551 hoc
3405 3498 3578 3552 facere
3598 3539 3615 3564 ,

2034 3577 2361 3648 demumque
2383 3581 2620 3636 ostendit
2647 3596 2754 3636 non
2783 3583 2967 3638 licere.
2996 3583 3150 3638 Nunc
3176 3595 3354 3641 autem
3384 3588 3616 3657 primum

2033 3668 2162 3722 illud
2193 3672 2382 3739 probat
2408 3672 2564 3728 exiis
2588 3689 2706 3742 quae
2734 3674 2800 3728 ad
2828 3688 2888 3730 se
2916 3685 3189 3746 spectant;
3221 3687 3276 3732 et
3295 3679 3534 3736 dicturus
3557 3697 3618 3738 se

2034 3760 2169 3816 nihil
2197 3761 2266 3820 ab
2292 3761 2396 3816 illis
2439 3765 2712 3835 accepisse
2732 3806 2746 3830 ,
2790 3779 2896 3820 non
2927 3767 3105 3821 Statim
3135 3768 3264 3824 illud
3296 3772 3610 3840 ponit,'sed

2033 3850 2342 3920 dignitatem
2389 3869 2538 3909 suam
2571 3856 2746 3926 primo
2777 3855 2943 3910 dicit:
2987 3855 3110 3912 Non
3156 3875 3268 3913 sum
3315 3865 3618 3933 apostolus?

2031 3959 2134 3998 non
2157 3961 2270 3998 sum
2301 3944 2423 4000 liber
2440 3945 2467 3999 ?
2491 3946 2568 4003 Ne
2597 3947 2839 4004 dicerent
2865 3948 3008 4004 enim
3036 3968 3050 4005 :
3078 3951 3300 4010 Etiamsi
3327 3969 3430 4008 non
3456 3970 3614 4011 acce-

2032 4037 2207 4107 peris,
2237 4037 2379 4108 quod
2429 4054 2534 4094 non
2583 4039 2772 4096 liceret
2800 4055 2908 4096 non
2937 4045 3232 4114 accepisti;
3268 4045 3390 4100 ideo
3439 4049 3612 4118 primo

2030 4131 2180 4200 ponit
2203 4145 2414 4198 causas,
2444 4141 2664 4203 prepter
2690 4148 2824 4205 quas
2848 4133 2973 4205 jure
2996 4137 3311 4208 accepisset,
3341 4140 3390 4203 si
3415 4142 3616 4195 voluis-

2029 4229 2110 4275 set
2137 4221 2404 4291 accipere.

2101 4309 2302 4365 Paulus
2340 4327 2431 4365 cur
2457 4313 2680 4383 seipsum
2702 4313 2904 4369 laudet.
2922 4342 2997 4355 —
3026 4315 3228 4372 Deinde
3249 4331 3316 4370 ne
3337 4317 3615 4374 videretur

2030 4399 2146 4456 lucc
2163 4400 2346 4456 dicens
2370 4403 2586 4457 Petrum
2600 4414 2654 4458 et
2671 4419 2796 4458 suos
2809 4404 3078 4459 criminari
3099 4407 3244 4476 (nam
3270 4406 3343 4460 illi
3373 4408 3606 4477 accipie-

2034 4491 2192 4565 bant)
2216 4511 2229 4547 :
2248 4494 2418 4563 primo
2437 4495 2671 4549 ostendit
2690 4495 2792 4550 illis
2805 4496 3048 4567 accipere
3068 4497 3309 4553 licuisse:
3328 4497 3522 4555 deinde
3541 4517 3609 4556 ne

2029 4584 2151 4654 quis
2175 4583 2415 4639 diceret:
2445 4585 2606 4639 Petro
2626 4585 2842 4656 quidem
2869 4587 3116 4655 accipere
3145 4587 3329 4657 licuit,
3362 4590 3455 4645 tibi
3482 4607 3612 4647 vero

2030 4692 2138 4732 non
2183 4677 2365 4745 licuit;
2407 4679 2708 4734 auditorem
2752 4681 3030 4750 przcvertit
3066 4679 3312 4737 laudibus
3341 4685 3493 4740 suis:
3529 4687 3608 4740 vi-

2030 4771 2269 4844 densque
2309 4775 2669 4829 necessarium
2695 4788 2816 4829 esse
2878 4783 2938 4836 ut
2967 4788 3026 4829 se
3057 4761 3298 4831 laudaret
3332 4777 3442 4850 (sic
3465 4780 3610 4833 enim

2029 4865 2292 4921 Corinthii
2323 4867 2797 4938 corrigebantur);
2840 4866 3082 4937 nihilque
3116 4878 3294 4924 tamen
3329 4871 3514 4925 volens
3542 4873 3610 4927 de

2029 4973 2086 5012 se
2109 4972 2354 5029 magnum
2377 4958 2587 5021 dicere,
2623 4958 2718 5012 sed
2741 4969 2997 5028 quantum
3029 4962 3280 5030 exigebat
3308 4977 3436 5016 usus
3467 4979 3605 5031 pra:-

2029 5050 2195 5104 sentis
2224 5048 2478 5118 propositi
2504 5066 2515 5100 :
2559 5046 2676 5103 vide
2704 5049 2974 5119 quomodo
3003 5052 3246 5121 utrisque
3277 5059 3335 5105 ut
3368 5068 3400 5106 e
3423 5068 3480 5107 re
3509 5053 3609 5109 fuit

2032 5155 2158 5194 usus
2186 5146 2297 5205 est,
2326 5147 2530 5193 tantum
2552 5153 2612 5194 se
2643 5139 2863 5193 laudans
2884 5181 2900 5206 ,
2938 5155 3045 5194 non
3073 5149 3334 5210 quantum
3361 5143 3476 5212 ipse
3506 5145 3607 5199 sibi

2027 5229 2274 5286 conscius
2295 5238 2411 5284 erat
2429 5271 2446 5296 ,
2474 5229 2578 5284 sed
2597 5239 2851 5298 quantum
2879 5230 3124 5299 exigebat
3148 5247 3385 5300 prresens
3412 5251 3601 5290 neces-

2027 5321 2175 5374 sitas.
2205 5317 2335 5374 Cum
2366 5327 2546 5389 posset
2570 5319 2713 5373 enim
2743 5318 2945 5387 dicere,
2968 5319 3051 5374 Me
3077 5321 3196 5391 plus
3235 5339 3390 5394 quam
3417 5341 3607 5382 omnes

2027 5422 2078 5467 et
2106 5427 2264 5483 quam
2293 5413 2417 5474 illos,
2437 5410 2718 5482 oportebat
2741 5413 3017 5482 accipere,
3048 5415 3169 5485 quia
3194 5415 3309 5485 plus
3339 5425 3497 5488 quam
3530 5420 3602 5471 illi

2027 5505 2293 5568 laboravi;
2323 5505 2425 5560 hoc
2453 5505 2664 5575 quidem
2688 5521 2793 5561 non
2816 5505 2965 5574 dicit,
2991 5508 3134 5578 quod
3163 5510 3444 5564 sublimius
3469 5511 3598 5564 fuis-

2026 5608 2138 5665 set;
2180 5597 2273 5652 sed
2302 5613 2362 5651 ea
2403 5597 2513 5652 sola
2544 5598 2728 5667 ponit,
2760 5614 2830 5653 ex
2855 5600 3048 5668 quibus
3078 5599 3154 5654 illi
3200 5603 3379 5670 magni
3403 5612 3555 5653 erant
3577 5641 3592 5662 ,

2023 5703 2078 5746 et
2104 5691 2242 5746 unde
2264 5691 2383 5764 jure
2405 5691 2770 5760 accipiebant,
2798 5691 2884 5746 sic"
2905 5690 3128 5760 loquens
3153 5711 3168 5747 :
3199 5690 3321 5745 Non
3345 5706 3458 5743 sum
3478 5706 3602 5758 apo—

2023 5784 2218 5838 stolus?
2245 5801 2344 5839 non
2372 5801 2484 5838 sum
2511 5785 2671 5839 liber?
2695 5783 2750 5838 Id
2794 5793 2876 5839 est
2901 5801 2914 5835 :
2947 5799 3124 5836 annon
3155 5783 3258 5836 mei
3307 5781 3472 5849 ipsius
3502 5797 3596 5852 po-

2024 5885 2268 5932 testatem
2298 5876 2513 5932 habeo?
2538 5891 2608 5932 an
2646 5875 2878 5945 cuipiam
2922 5873 3168 5928 subditus
3209 5886 3360 5943 sum,
3393 5872 3482 5943 qui
3516 5889 3598 5928 mc
