3986 6202
382 303 475 357 Πί

388 425 542 488 cogat
567 423 621 471 et
650 420 790 468 vetet
831 411 1077 480 accipere
1092 411 1115 467 ?
1141 412 1209 462 At
1244 409 1317 462 illi
1341 405 1542 477 aliquid
1574 407 1695 476 plus
1725 406 1960 472 habent,

387 506 528 579 quod
562 505 757 560 fuerint
785 517 905 558 cum
933 500 1168 557 Christo.
1189 498 1387 554 Verum
1415 513 1483 554 ne
1505 497 1598 552 illo
1627 497 1841 568 quidem
1871 513 1969 552 ex-

385 615 506 668 pers
532 599 602 653 ftti
629 616 644 652 :
677 595 797 651 ideo
823 594 953 648 dicit
977 611 990 648 :
1023 591 1210 646 Nonne
1234 589 1512 648 Dominum
1537 597 1763 644 nostrum
1791 587 1971 641 Jesum

382 693 638 756 Christum
675 687 824 744 uidi?
871 685 1161 742 Novissime
1203 686 1390 756 quippe
1435 684 1702 749 omnium,
1759 681 1966 750 inquit,

381 796 634 854 tamquam
677 780 904 836 abortivo
939 779 1073 832 visus
1115 787 1188 832 est
1238 787 1286 830 et
1324 775 1491 848 mihi(
1523 775 1576 831 l.
1604 773 1723 828 Cor.
1759 773 1845 831 15.
1875 771 1970 842 8).

380 877 494 930 Non
523 889 684 945 parva
714 881 896 927 autem
928 871 1043 926 haec
1070 878 1188 926 erat
1211 868 1464 939 dignitas.
1496 865 1651 920 Multi
1671 865 1815 920 enim
1847 880 1972 933 pro-

385 970 546 1037 phetae
567 978 612 1022 et
633 966 784 1037 justi.
813 965 1003 1035 inquit,
1038 964 1299 1018 uoluerunt
1325 962 1493 1015 videre
1515 975 1630 1030 qua:
1658 975 1745 1012 ros
1769 957 1969 1020 videtis,

381 1071 428 1114 et
479 1077 582 1115 non
636 1058 874 1113 viderunt
923 1054 1153 1126 (Matth.
1190 1055 1275 1108 15.
1320 1052 1458 1122 17);
1491 1061 1578 1116 et,
1624 1048 1828 1103 Veniant
1867 1048 1973 1101 dies

383 1151 585 1220 quando
611 1149 789 1204 voletis
809 1149 855 1202 vi
865 1148 982 1202 dere
1001 1163 1160 1200 unum
1177 1161 1239 1198 ea:
1269 1145 1346 1198 his
1367 1143 1540 1197 diebus
1569 1141 1721 1212 (Luc.
1744 1140 1832 1194 17.
1855 1139 1969 1208 2‘2).

384 1243 522 1311 Quid
550 1252 684 1306 tum,
711 1240 922 1296 etiamsi
949 1239 1022 1293 sis
1049 1238 1327 1308 apostolus
1353 1248 1407 1291 et
1436 1235 1590 1299 liber,
1618 1243 1673 1288 et
1701 1232 1971 1288 Christum

385 1335 584 1392 videris
607 1353 622 1401 ;
655 1333 702 1390 si
731 1333 935 1386 nullum
961 1329 1271 1386 exhibucris
1296 1327 1524 1397 apostoli
1549 1341 1683 1394 Opus
1708 1365 1724 1388 ,
1749 1337 1974 1394 quomo-

387 1429 457 1483 do
486 1427 652 1482 debes
697 1425 986 1493 accipere?
1036 1421 1158 1477 Ideo
1212 1431 1398 1492 postea
1445 1417 1756 1488 subjunxit:
1789 1415 1977 1471 Nonne

385 1535 512 1589 opus
535 1533 700 1571 meum
728 1532 816 1570 vos
837 1515 954 1569 estis
979 1515 1030 1566 in
1061 1512 1263 1567 Christo
1287 1513 1313 1566 2
1353 1511 1468 1566 lloc
1495 1511 1692 1580 quippe
1717 1523 1972 1578 magnum

385 1622 467 1668 est
493 1629 506 1664 :
539 1626 660 1664 nam
689 1608 778 1663 illa
808 1606 1011 1678 absque
1040 1606 1142 1660 hoc
1173 1603 1306 1659 nihil
1339 1602 1545 1673 juvant.
1574 1601 1783 1656 Etenim
1811 1598 1976 1654 Judas

386 1701 662 1772 apostolus
685 1707 802 1756 erat
825 1709 880 1753 et
911 1698 1082 1763 liber,
1116 1705 1277 1766 atque
1305 1694 1577 1748 Christum
1605 1693 1844 1755 viderat;
1876 1691 1974 1746 sed

385 1795 511 1866 quia
548 1793 776 1865 apostoli
807 1807 942 1862 opus
984 1805 1092 1845 non
1123 1788 1339 1854 habuit,
1387 1785 1520 1840 nihil
1551 1785 1667 1840 haec
1715 1784 1815 1854 ipsi
1847 1797 1974 1853 pro-

388 1889 620 1946 fuerunt.
663 1885 956 1956 Propterea
1000 1890 1057 1938 et
1099 1880 1202 1935 hoc
1245 1879 1461 1950 adjicit,
1509 1879 1761 1950 ipsosque
1807 1885 1973 1930 testes

388 1994 561 2044 vocat.
591 1985 659 2040 Et
681 1982 804 2054 quia
833 1995 1085 2052 magnum
1111 1979 1360 2048 loquutus
1388 1983 1522 2039 erat,
1555 1973 1679 2029 vide
1705 1969 1976 2042 quomodo

389 2078 518 2134 illud
561 2077 790 2148 castiget
818 2073 1038 2135 dicens,
1073 2069 1139 2124 In
1186 2069 1402 2124 Domino
1431 2083 1450 2123 :
1487 2066 1540 2122 id
1567 2075 1689 2131 est,
1721 2065 1815 2120 Dei
1843 2080 1978 2134 opus

387 2181 470 2227 cst
491 2210 509 2240 ,
541 2184 649 2225 non
679 2182 877 2223 meum.
907 2164 960 2218 2.
998 2163 1060 2218 Si
1103 2161 1218 2216 aliis
1259 2177 1366 2214 non
1402 2175 1517 2213 sunt
1543 2157 1806 2226 apostolus
1827 2197 1843 2222 ,
1889 2155 1978 2210 sed

393 2273 562 2316 tamen
602 2259 739 2315 vobis
777 2273 912 2312 sum.

456 2353 516 2409 2.
543 2351 704 2406 Vides
729 2346 1000 2420 quomodo
1041 2358 1150 2399 non
1191 2355 1625 2413 supervacancus
1669 2339 1775 2393 sit?
1817 2338 1978 2409 Atqui

389 2453 600 2517 poterat
640 2441 821 2497 dicere
865 2437 1050 2494 orbcm
1103 2447 1260 2490 terrae
1305 2444 1362 2489 et
1405 2441 1593 2503 gentes
1635 2430 1886 2485 barbaras
1925 2439 1979 2484 et

391 2553 587 2595 terram
614 2543 671 2592 et
695 2548 877 2600 mare;
905 2530 1001 2588 sed
1024 2529 1156 2584 nihil
1187 2528 1377 2584 horum
1409 2525 1540 2580 dicit
1566 2565 1583 2589 ,
1627 2524 1721 2579 sed
1761 2539 1829 2578 ex
1850 2539 1979 2577 con-

390 2631 636 2685 cessione
662 2635 716 2683 et
745 2641 812 2681 ex
838 2622 1162 2678 abundantia
1189 2620 1374 2675 vincit.
1406 2617 1543 2685 Quid
1571 2617 1714 2671 enim
1736 2658 1751 2680 ,
1778 2616 1976 2686 inquit,

391 2721 524 2778 mihi
549 2733 686 2791 opus
711 2726 794 2774 est
825 2713 1243 2786 supervacaneis
1262 2753 1277 2778 ,
1309 2726 1430 2767 cum
1461 2711 1578 2764 haec
1606 2707 1874 2764 sufficiant
1913 2707 1980 2761 ad

393 2827 632 2885 praesens
660 2816 1030 2882 argumentum
1051 2808 1076 2858 ‘t
1105 2805 1221 2860 Non
1249 2805 1368 2860 dico
1395 2804 1553 2875 igitur
1579 2803 1667 2857 illa
1696 2801 1979 2874 praeclara,

392 2921 514 2975 quae
539 2903 678 2972 apud
706 2902 894 2958 aliosa
918 2915 1004 2954 me
1027 2898 1163 2954 facta
1186 2906 1330 2961 sunt,
1371 2897 1465 2951 sed
1506 2911 1567 2951 ea
1611 2911 1840 2966 quorum
1885 2910 1982 2950 vos

395 3004 561 3050 testes
588 2993 742 3048 estis.
774 2990 1112 3061 Quapropter
1141 2988 1354 3044 etiamsi
1381 3002 1485 3042 non
1517 2986 1752 3054 aliunde,
1773 3002 1802 3041 a
1830 2986 1983 3041 vobis

395 3085 634 3142 maxime
660 3084 978 3153 Oportebat,
1007 3096 1094 3135 me
1123 3081 1368 3151 accipere
1396 3096 1409 3130 :
1442 3086 1677 3133 attamen
1710 3093 1740 3130 a
1789 3078 1981 3148 quibus

395 3193 483 3233 me
509 3176 738 3231 maxime
765 3173 1046 3244 oportebat
1075 3173 1321 3242 accipere
1349 3169 1578 3240 (doctor
1616 3169 1759 3223 enim
1805 3175 1987 3223 vester

397 3266 508 3342 fui)
533 3309 549 3336 ,
578 3267 646 3322 ab
673 3267 736 3321 iis
766 3281 872 3321 non
899 3263 1102 3334 accepi.
1136 3262 1198 3324 Si
1232 3262 1349 3317 aliis
1379 3255 1492 3314 (non
1529 3277 1643 3314 sum
1683 3258 1982 3330 apostolus,

393 3363 482 3417 sed
530 3359 667 3414 vobis
720 3374 855 3413 sum.
905 3355 1111 3412 Rursus
1152 3370 1216 3410 ex
1248 3353 1522 3409 concessis
1553 3352 1827 3423 loquitur:
1859 3367 1981 3407 nam

392 3454 542 3511 orbis
567 3452 844 3523 apostolus
873 3458 1010 3506 erat.
1038 3450 1287 3504 Attamen
1323 3447 1427 3502 hoc
1455 3462 1558 3501 non
1590 3446 1711 3502 dico
1730 3488 1744 3511 ,
1777 3445 1979 3517 inquit,

396 3561 568 3618 neque
595 3560 773 3616 pugno
819 3552 876 3599 et
915 3540 1225 3606 contendo,
1277 3539 1375 3595 sed
1423 3539 1566 3608 quod
1611 3547 1848 3593 vestrum
1901 3547 1983 3592 est

284 3695 298 3704 ,
395 3657 554 3712 pono.
589 3638 726 3694 Nam
751 3635 1070 3710 signaculum
1108 3633 1424 3705 apostolatus
1468 3633 1564 3685 mei
1607 3647 1692 3686 eos
1735 3631 1857 3712 estis
1889 3630 1977 3701 (2.

395 3735 514 3790 Cor.
545 3732 634 3788 12.
665 3731 775 3802 12)
804 3746 818 3784 :
852 3729 905 3784 id
935 3739 1038 3794 est,
1067 3725 1476 3783 demonstratio.
1505 3726 1572 3778 Et
1610 3725 1655 3779 si
1685 3725 1805 3794 quis
1845 3725 1983 3779 scire

395 3827 524 3881 velit
573 3823 716 3879 unde
766 3822 866 3877 sim
914 3819 1234 3891 apostolus,
1303 3831 1403 3872 vos
1456 3815 1673 3886 profero
1733 3832 1747 3869 :
1801 3816 1981 3870 omnia

396 3918 539 3974 enim
584 3931 705 3984 qua:
744 3921 872 3968 sunt
913 3911 1177 3982 apostoli,
1231 3909 1285 3964 in
1325 3909 1476 3963 vobis
1521 3906 1733 3963 ostendi
1765 3915 1820 3963 et
1850 3905 1982 3960 nihil

397 4005 743 4078 praetermisi;
791 4013 849 4058 ut
895 4003 948 4057 in
995 4000 1232 4057 secunda
1297 4013 1514 4070 quoque
1561 3999 1787 4069 cpistola
1829 3998 1978 4063 dicit,

396 4101 611 4162 Etiamsi
669 4097 801 4153 nihil
851 4112 998 4163 sum,
1074 4095 1356 4164 inquiens,
1409 4093 1555 4163 signa
1622 4103 1790 4146 tamen
1854 4108 1982 4163 apo-

395 4193 512 4250 stoli
548 4193 602 4248 in
640 4190 778 4248 uobis
829 4189 966 4260 facta
1007 4197 1123 4241 sunt
1149 4186 1202 4241 in
1229 4185 1367 4240 omni
1416 4184 1673 4254 potentia,
1719 4185 1772 4238 in
1823 4185 1981 4256 signis

393 4298 440 4342 et
469 4284 717 4358 prodigiis
759 4291 809 4337 et
848 4280 1109 4336 virtutibus
1141 4276 1319 4350 (Ibid.
1348 4292 1405 4333 v.
1458 4277 1543 4331 ll.
1591 4283 1647 4332 et
1693 4275 1818 4347 19.).
1842 4276 1980 4342 Quid

399 4390 481 4436 est
521 4378 702 4442 enim,
755 4373 898 4446 quod
942 4372 1118 4428 minus
1159 4369 1416 4424 habuistis
1460 4384 1569 4439 prae
1614 4367 1822 4423 caeteris
1872 4367 1979 4422 Ec-

396 4469 612 4528 clesiis?
657 4467 782 4523 Ideo
825 4466 899 4521 ait
954 4479 966 4515 :
1021 4462 1356 4536 Signaculum
1397 4460 1710 4532 apostolatus
1753 4459 1851 4512 mei
1894 4476 1979 4513 vos

405 4566 539 4620 estis.
569 4563 704 4619 Nam
729 4570 783 4617 et
811 4561 960 4630 signa
986 4557 1221 4624 ostendi,
1249 4563 1303 4609 et
1335 4553 1503 4609 verbo
1525 4553 1711 4618 docui,
1738 4562 1792 4607 et
1835 4553 1978 4623 peri-

403 4657 522 4712 cuia
551 4655 709 4720 subii,
737 4664 791 4708 et
817 4653 976 4706 vitam
1007 4649 1330 4720 inculpatum
1358 4645 1511 4700 duxi.
1543 4646 1610 4700 Et
1644 4646 1757 4700 haec
1800 4646 1978 4701 omnia

402 4755 587 4812 videre
613 4750 736 4805 licet
761 4760 856 4816 per
883 4745 1042 4799 hasce
1066 4742 1199 4797 duas
1228 4738 1480 4809 epismlas
1499 4778 1514 4803 ,
1543 4753 1699 4808 quam
1730 4749 1980 4794 accurato

407 4860 600 4917 nempe
619 4842 734 4897 haec
750 4835 956 4907 singula
982 4834 1334 4890 demonstret.
1365 4831 1418 4885 3.
1456 4829 1575 4884 Mea
1621 4829 1844 4898 defensio
1879 4829 1975 4894 iis,

399 4941 489 5023 qui
513 4953 591 4994 me
618 4937 970 5003 interrogant,
1000 4925 1106 4981 haec
1126 4933 1219 5023 est.
1252 4921 1540 5023 Quid-est,
1571 4920 1708 5023 .Mea
1753 4921 1977 4993 defensio

399 5012 464 5089 iis
486 5073 502 5098 ,
531 5029 617 5102 qui
641 5041 721 5081 me
746 5024 1095 5090 interrogant,
1129 5015 1234 5070 hac
1254 5012 1371 5069 est?
1398 5012 1467 5068 lis
1495 5012 1584 5084 qui
1631 5012 1839 5067 discere
1885 5027 1978 5067 vo-

399 5127 518 5180 lunt
546 5120 812 5177 undenam
833 5114 934 5170 sim
955 5108 1228 5183 apostolus
1246 5149 1262 5172 ,
1291 5115 1382 5163 aut
1411 5105 1474 5161 iis
1517 5106 1608 5176 qui
1661 5121 1746 5159 me
1793 5105 1975 5160 crimi-

395 5224 588 5272 nantur
618 5221 676 5267 ut
705 5211 794 5281 qui
819 5207 1070 5280 pecunias
1096 5203 1355 5272 accipiam
1383 5241 1398 5266 ,
1428 5209 1520 5253 aut
1547 5199 1612 5252 iis
1641 5198 1729 5267 qui
1755 5212 1972 5253 causam

395 5313 642 5380 quaerunt
663 5317 758 5356 cur
784 5314 890 5354 non
911 5296 1165 5367 accipiam
1185 5335 1202 5360 ,
1238 5301 1330 5348 aut
1355 5293 1419 5347 iis
1449 5291 1538 5360 qui
1564 5289 1747 5344 volunt
1792 5299 1973 5345 osten-

396 5399 558 5463 dere,
588 5408 676 5451 me
703 5406 811 5448 non
837 5403 960 5445 esse
984 5385 1285 5457 apostolum
1315 5424 1330 5449 ,
1363 5394 1538 5438 vestra
1571 5380 1830 5437 instiuuio
1855 5424 1868 5445 ,
1919 5390 1974 5435 ct

394 5507 458 5550 es
485 5504 605 5562 quae
630 5485 870 5543 dicturus
897 5494 1016 5536 sum
1036 5519 1052 5544 ,
1088 5477 1145 5532 in
1170 5474 1680 5532 demonstrationem
1707 5483 1760 5527 et
1787 5473 1972 5529 defen-

393 5586 601 5641 sionem
629 5578 942 5635 alferuntur.
974 5571 1228 5640 Quaenam
1255 5575 1430 5621 autem
1459 5565 1586 5620 illa?
1620 5566 1672 5620 4.
1709 5563 1971 5633 Numquid

394 5685 496 5732 nan
538 5673 776 5730 habemus
819 5673 1113 5738 potestatem
1161 5658 1503 5713 manducandi
1547 5666 1594 5712 et
1631 5657 1877 5711 bibendi?
1913 5657 1965 5712 5.

392 5765 632 5830 numquid
668 5779 768 5821 non
817 5757 1055 5817 habemus
1103 5761 1398 5825 potestatem
1444 5746 1705 5803 mulierem
1740 5763 1962 5804 sororem

1081 295 1136 350 S.
1178 291 1453 350 JOANNIS
1489 290 1966 348 CHRYSOSTOMI
2005 289 2323 348 ARCHIEP.
2362 291 2891 353 CONSTANTINOP.

3561 301 3665 360 ΙἹΞ

2076 407 2490 464 circumducendi
2510 408 2536 464 ?
2561 409 2910 480 thuomodo
2925 411 3041 468 haec
3057 411 3300 469 defensio
3322 416 3484 471 sunt?
3502 419 3662 488 Quia,

2074 515 2196 555 cum
2227 502 2535 572 apparuerit
2561 518 2646 557 mc
2669 504 2829 559 etiam
2856 519 2886 558 a
2913 506 3186 560 concessis
3213 506 3517 576 abstinere,
3551 526 3661 566 non

2071 595 2192 664 jure
2219 596 2272 650 in
2302 597 2660 667 suspicionem
2701 599 2942 654 venerim
2985 599 3127 669 quod
3175 599 3336 655 fallax
3383 603 3487 658 sim
3516 646 3532 670 ,
3578 605 3665 661 vel

2075 685 2218 755 quod
2246 688 2484 756 pecuniae
2512 703 2674 744 causa
2717 689 2919 760 aliquid
2965 689 3176 747 faciam.
3224 693 3300 749 Ea
3342 693 3502 764 igitur
3544 713 3666 767 quae

2077 779 2225 848 prius
2254 779 2396 834 dicta
2423 790 2568 849 sunt,
2599 790 2655 837 et
2680 792 2857 838 vestra
2885 783 3149 850 doctrina,
3173 794 3227 840 et
3251 801 3370 856 qua:
3395 787 3506 857 jam
3529 790 3664 859 dari,

2077 869 2142 923 ad
2172 869 2539 927 defensionem
2566 871 2716 928 vobis
2742 873 3052 941 sufficiunt;
3082 883 3136 931 et
3180 876 3440 933 adversus
3475 894 3667 936 omnes

2076 950 2166 1028 qui
2189 961 2518 1032 interrogant
2543 979 2631 1020 me
2655 1004 2670 1029 ,
2704 963 2791 1020 hic
2813 965 2922 1034 jam
2953 975 3075 1034 sto,
3107 975 3161 1023 et
3192 967 3306 1024 h.cc
3343 980 3398 1024 et
3431 951 3531 1026 “illa
3576 972 3665 1027 di-

2077 1065 2206 1105 cens
2237 1069 2251 1106 :
2283 1053 2462 1107 Annon
2489 1053 2728 1110 habemus
2778 1065 3073 1126 potestatem
3117 1060 3463 1114 manducandi
3503 1073 3549 1117 et
3589 1064 3668 1118 bi-

2078 1142 2272 1197 bendi?
2297 1161 2467 1199 annon
2503 1147 2742 1202 habemus
2786 1157 3080 1216 potestatem
3130 1168 3353 1206 sororem
3404 1155 3668 1210 mulierem

2079 1235 2527 1293 circumducendi?
2575 1241 2825 1296 Attamen
2870 1241 2997 1297 licet
3054 1242 3317 1308 habeam,
3392 1247 3663 1304 abstineo.

2078 1325 2215 1391 Quid
2248 1329 2413 1398 ergo?
2457 1346 2562 1385 non
2605 1331 2998 1386 manducabat?
3048 1350 3152 1389 nou
3209 1336 3461 1392 bibebat?
3507 1339 3666 1410 Saepe

2078 1429 2225 1473 certe
2273 1435 2372 1475 nec
2411 1422 2798 1492 manducabat,
2839 1433 2944 1480 nec
2991 1425 3250 1483 bibebat:
3282 1445 3406 1485 nam
3451 1434 3564 1487 ait:
3597 1433 3667 1489 In

2081 1514 2214 1580 fame
2238 1523 2283 1566 et
2311 1513 2431 1580 siti,
2473 1513 2526 1568 in
2575 1517 2764 1588 frigore
2805 1527 2852 1572 et
2901 1521 3128 1575 nuditate
3180 1521 3254 1589 (2
3280 1523 3399 1577 Cor.
3436 1525 3521 1581 H.
3553 1527 3663 1597 9.7)

2080 1603 2443 1658 versabantur.
2473 1605 2573 1662 Hic
2604 1616 2784 1663 autem
2828 1625 2935 1664 non
2990 1611 3093 1667 hoc
3137 1610 3305 1680 dicit;
3358 1615 3455 1671 sed
3501 1618 3668 1687 quid?

2081 1697 2198 1752 Non
2230 1699 2611 1755 manducamus
2638 1717 2736 1758 nec
2765 1702 3013 1770 bibimus,
3044 1720 3075 1760 a
3104 1704 3380 1777 discipulis
3401 1710 3670 1780 accipien-

2083 1799 2162 1846 tes
2181 1833 2196 1858 ,
2226 1793 2433 1849 etiamsi
2463 1802 2776 1863 potestatem
2807 1795 3100 1853 habeamus
3137 1799 3456 1869 accipiendi.
3502 1802 3670 1858 Num-

2083 1882 2204 1952 quid
2233 1899 2334 1937 non
2370 1883 2607 1938 habemus
2647 1895 2943 1956 potestatem
2989 1905 3216 1944 sororem
3263 1892 3527 1948 mulierem
3569 1895 3670 1949 cir-

2081 1973 2447 2041 cumducendi,
2480 1979 2609 2030 sicut
2639 1988 2684 2032 et
2719 1978 2887 2033 cieteri
2923 1979 3143 2050 apostoli
3167 1990 3213 2036 et
3237 1985 3422 2054 fratres
3457 1984 3669 2040 Domini

2082 2072 2128 2116 et
2155 2063 2351 2134 Cephas
2368 2066 2394 2119 ?

2156 2154 2313 2210 Pauli
2351 2161 2862 2229 sementim—Vide
2911 2164 3224 2235 sapientiam
3273 2182 3288 2220 :
3324 2168 3669 2239 coryphaeum

2083 2249 2328 2304 ultimum
2353 2252 2533 2320 posuit
2565 2269 2579 2306 :
2612 2268 2732 2308 nam
2762 2255 2906 2325 quod
2938 2257 3077 2312 inter
3100 2257 3274 2328 capita
3307 2258 3500 2317 fortius
3546 2275 3630 2320 est
3652 2305 3667 2329 ,

2084 2351 2211 2397 tunc
2238 2343 2405 2412 ponit.
2433 2344 2616 2415 Neque
2645 2347 2788 2401 enim
2814 2348 2884 2402 ita
2912 2349 3213 2405 mirandum
3239 2361 3355 2406 erat
3377 2395 3392 2420 ,
3418 2354 3555 2409 alios
3579 2370 3672 2409 os-

2085 2436 2303 2492 tendere
2332 2437 2432 2493 hoc
2457 2439 2730 2504 facientes,
2764 2449 2820 2494 ut
2851 2442 3078 2510 primum
3107 2453 3159 2498 et
3185 2460 3310 2499 eum
3340 2445 3426 2500 cui
3456 2446 3667 2502 traditae

2083 2539 2207 2584 sunt
2236 2530 2416 2585 claves
2442 2531 2590 2601 regni
2615 2532 2890 2587 caelorum.
2925 2533 3188 2590 Caeterum
3218 2552 3324 2590 non
3364 2536 3533 2591 solum
3569 2553 3672 2607 p0-

2085 2623 2162 2678 nit
2182 2665 2197 2689 ,
2227 2622 2322 2676 sed
2346 2638 2534 2678 omnes
2557 2666 2573 2690 ,
2604 2639 2667 2680 ac
2687 2625 2730 2679 si
2758 2624 2961 2681 diceret
2987 2643 3002 2681 :
3034 2626 3160 2682 Sive
3204 2628 3485 2684 inferiores
3522 2646 3672 2700 quar-

2084 2729 2171 2768 ras
2197 2714 2310 2770 sive
2339 2715 2644 2785 superiores
2669 2758 2684 2782 ,
2718 2717 2958 2771 omnium
3011 2718 3182 2786 posita
3232 2730 3360 2774 sunt
3399 2723 3669 2791 exempla.

2088 2807 2296 2861 Etenim
2328 2806 2523 2863 fratres
2552 2809 2764 2863 Domini
2794 2827 2822 2863 a
2847 2811 3022 2880 priore
3041 2811 3416 2868 incredulitate
3439 2813 3671 2883 liberati,

2087 2899 2222 2954 inter
2245 2900 2499 2956 clariores
2527 2911 2707 2967 erant,
2739 2903 2838 2957 etsi
2866 2902 2932 2958 ad
2959 2905 3231 2973 apostolos
3259 2921 3369 2962 non
3414 2921 3673 2977 pervenc-

2087 2999 2204 3045 rant
2231 3008 2244 3042 :
2279 2990 2507 3062 ideoque
2532 2991 2582 3046 in
2610 2993 2786 3048 medio
2815 2993 2938 3048 illos
2968 2995 3146 3064 posuit
3173 3035 3187 3058 ,
3221 2997 3449 3052 summis
3501 3003 3674 3052 utrin-

2085 3090 2190 3145 que
2222 3076 2429 3145 positis.
2465 3078 2519 3132 6.
2552 3077 2652 3131 Aut
2682 3094 2774 3148 ego
2801 3080 2938 3134 solus
2965 3089 3012 3134 et
3053 3079 3319 3134 Barnabas
3363 3097 3465 3136 non
3513 3085 3671 3139 habe-

2088 3185 2199 3222 mus
2227 3179 2522 3240 potestatem
2551 3187 2651 3225 non
2674 3173 2919 3241 operandi
2941 3170 3015 3245 (a)
3038 3173 3062 3226 ?
3091 3173 3221 3228 Vide
3243 3174 3601 3231 humilitatem
3622 3187 3674 3232 et

2085 3260 2319 3315 animam
2349 3261 2496 3315 omni
2523 3262 2716 3316 invidia
2749 3263 2993 3331 liberam,
3024 3264 3293 3334 quomodo
3316 3280 3438 3322 eum
3466 3307 3483 3330 ,
3515 3283 3670 3338 quem

2086 3366 2337 3408 curarum
2364 3354 2566 3408 socium
2599 3354 2841 3423 sciebat,
2873 3370 2981 3410 non
3010 3357 3254 3412 tacuerit.
3287 3356 3344 3412 Si
3374 3359 3524 3412 enim
3571 3360 3669 3414 alia

2071 3439 2387 3502 'communia
2413 3488 2428 3512 ,
2458 3462 2556 3502 cur
2584 3447 2686 3504 hoc
2713 3463 2817 3504 non
2848 3464 3134 3505 commune
3183 3450 3387 3506 fuerit?
3429 3453 3670 3523 Apostoli

2086 3547 2211 3594 sunt
2239 3547 2292 3594 et
2318 3537 2390 3593 illi
2423 3550 2478 3594 et
2505 3554 2636 3604 nos,
2669 3548 2723 3595 et
2747 3540 2901 3596 liberi
2928 3557 2942 3607 ;
2970 3550 3025 3596 et
3050 3539 3321 3596 Christum
3351 3542 3585 3600 vidimus
3618 3553 3671 3599 et

2085 3647 2204 3703 quae
2230 3631 2590 3702 apostolorum
2619 3641 2774 3688 erant
2795 3632 3156 3688 exhibuimus.
3172 3633 3315 3704 Ergo
3341 3649 3441 3690 nos
3457 3651 3670 3704 quoque

2087 3734 2407 3795 potestatem
2441 3726 2697 3780 habemus
2727 3726 2776 3779 in
2804 3727 2915 3782 otio
2957 3725 3202 3795 vivendi,
3254 3736 3310 3782 et
3346 3727 3598 3784 alimenta
3640 3745 3669 3784 a

2086 3816 2366 3886 discipulis
2409 3816 2727 3887 accipiendi.
2761 3818 2814 3871 7.
2865 3817 2991 3884 Quis
3026 3818 3211 3872 militat
3255 3821 3361 3872 suis
3404 3820 3670 3886 stipendiis

2086 3907 2366 3978 umquam?
2394 3907 2525 3974 Quia
2552 3911 2694 3962 enim
2719 3948 2734 3975 ,
2783 3909 2927 3979 quod
2965 3910 3350 3965 validissimum
3400 3921 3519 3967 erat
3542 3954 3556 3978 ,
3605 3927 3666 3967 ex

2085 4000 2342 4071 apostolis
2371 3999 2606 4059 ostendit
2629 4042 2644 4066 ,
2675 4001 2818 4072 quod
2863 4018 3058 4073 nempe
3087 4003 3248 4060 liceat
3297 4005 3399 4060 hoc
3446 4005 3666 4071 facere;

2086 4092 2153 4145 ad
2182 4091 2427 4162 exempla
2453 4091 2667 4147 demum
2697 4094 2845 4148 venit
2874 4103 2928 4149 et
2975 4094 3041 4149 ad
3086 4109 3427 4150 communem
3475 4113 3627 4151 llSttlll
3649 4140 3664 4163 ,

2087 4192 2144 4237 ut
2168 4197 2282 4238 mos
2305 4192 2389 4238 est
2412 4183 2486 4238 illi
2507 4182 2700 4240 facere.
2736 4183 2861 4252 Quis
2885 4185 3069 4238 militat
3108 4186 3215 4240 suis
3253 4187 3560 4256 stipendiis?
3592 4188 3670 4241 in-

2089 4277 2222 4345 quit.
2253 4277 2331 4335 Tu
2353 4292 2481 4334 vero
2502 4278 2631 4332 mihi
2663 4279 2959 4349 perpendas
2979 4279 3161 4347 velim,
3190 4295 3347 4350 quam
3367 4290 3668 4348 opportuna

2086 4370 2192 4424 siut
2244 4369 2533 4441 propositae
2577 4369 2653 4424 rei
2701 4370 2943 4438 exempla
2995 4369 3114 4436 illa,
3168 4380 3222 4426 et
3245 4370 3515 4440 quomodo
3563 4373 3671 4441 pri-

2086 4478 2230 4529 rnum
2287 4460 2591 4516 meminerit
2658 4462 2968 4531 periculosae
3026 4461 3138 4528 rei,
3194 4462 3431 4525 militiae,
3482 4478 3670 4518 armo-

2084 4569 2202 4609 rum
2233 4563 2289 4610 et
2325 4552 2468 4608 belli.
2512 4552 2820 4623 Huiusmodi
2869 4553 3010 4607 enim
3057 4568 3145 4607 res
3189 4563 3272 4608 est
3313 4556 3668 4622 apostolatus,

2087 4649 2194 4702 imo
2223 4645 2306 4701 his
2332 4647 2498 4700 multo
2523 4646 2712 4714 major.
2750 4644 2932 4715 Neque
2956 4645 3098 4699 enim
3129 4646 3384 4701 adversus
3411 4645 3663 4702 homines

2089 4747 2292 4794 tantum
2321 4737 2520 4794 bellum
2551 4739 2681 4810 ipsis
2708 4747 2860 4803 erat,
2891 4736 2985 4791 sed
3015 4749 3069 4791 et
3093 4737 3348 4793 adversus
3374 4737 3670 4815 daemones

2084 4843 2140 4888 et
2173 4832 2467 4903 principem
2489 4831 2698 4887 illorum
2725 4831 2985 4886 instructa
3020 4831 3182 4886 acies.
3215 4829 3325 4885 Hoc
3351 4841 3435 4885 est
3462 4843 3670 4897 autem,

2084 4925 2227 4997 quod
2272 4925 2441 4980 dicit:
2473 4924 2656 4995 Neque
2699 4923 2906 4980 externi
2952 4923 3219 4994 principes
3265 4925 3368 4978 hoc
3410 4925 3670 4994 exigunt,

2083 5021 2213 5076 saevi
2240 5020 2365 5076 licet
2389 5028 2443 5075 et
2469 5018 2635 5089 iniqui
2654 5058 2669 5080 ,
2700 5027 2757 5072 ut
2781 5017 2976 5071 milites
3006 5016 3204 5070 bellum
3233 5025 3420 5086 gerant
3446 5025 3501 5070 et
3524 5018 3671 5086 peri-

2082 5114 2204 5170 cula
2223 5113 2420 5169 adeant
2442 5153 2456 5179 ,
2489 5127 2662 5182 exque
2710 5111 2821 5166 suis
2868 5109 3209 5164 facultatibus
3245 5111 3460 5163 alantur
3491 5126 3505 5160 :
3539 5126 3672 5177 quu-

2081 5208 2242 5265 modo
2281 5223 2411 5278 ergo
2451 5205 2699 5260 Christus
2730 5203 2832 5258 hoc
2860 5217 3110 5272 umquam
3160 5201 3442 5272 exegerit?
3482 5201 3671 5272 Neque

2083 5315 2188 5356 uno
2211 5309 2494 5356 contentus
2518 5305 2599 5350 est
2623 5294 2890 5365 exemplo.
2931 5293 3062 5348 Nam
3092 5293 3172 5348 vel
3201 5293 3589 5362 siinpliciorem
3615 5302 3671 5346 et

2079 5393 2398 5448 crassiorem
2426 5389 2528 5444 hoc
2571 5388 2805 5442 maxime
2833 5385 2987 5442 sedat
3031 5396 3084 5440 et
3131 5385 3325 5455 placat.
3359 5400 3483 5438 cum
3515 5383 3666 5439 videt

2078 5497 2416 5540 communem
2453 5479 2894 5536 consuetudinem
2923 5492 3041 5532 cum
3074 5477 3164 5531 Dei
3204 5475 3413 5544 legibus
3427 5489 3666 5529 consen-

2079 5580 2195 5634 tire.
2260 5627 2323 5653 ,⁸

2139 5693 2212 5754 (a)
2237 5692 2292 5742 in
2314 5689 2519 5754 Vulgata
2534 5687 2716 5754 legitur
2742 5689 2863 5754 54m
2881 5679 3298 5754 ego_et__Barnabus
3317 5694 3412 5753 non
3432 5678 3670 5754 habemus

2077 5741 2350 5824 potestatem
2366 5741 2452 5804 ho‘i:
2477 5741 2710 5816 operandi
2740 5745 2764 5798 ?
2787 5746 2840 5798 Id
2858 5741 2986 5809 quod
3000 5744 3145 5795 etiam
3155 5754 3264 5791 cum
3286 5744 3420 5792 serie
3433 5741 3667 5804 quadrat.
