3986 6202
394 312 499 368 175

463 427 632 498 γ’.Διδ
654 428 748 483 καὶ
771 426 856 495 ἐφ’
879 427 1062 496 ἕτερον
1085 423 1320 494 πρόεισι,
1336 423 1594 494 καίφησιο
1620 423 1715 489 Τίς
1729 420 1966 492 φυτεύει

392 513 736 586 ἀμπελῶνα,
768 513 865 566 καί
893 511 962 564 ἐκ
995 509 1102 563 τοῦ
1131 508 1367 576 καρποῦ
1396 507 1581 562 αὑτοῦ
1615 510 1727 561 οὐκ
1754 505 1957 567 ἐσθίει,

394 601 474 654 Δι’
508 597 719 652 ἐκείνου
755 595 855 666 μὲν
909 593 1020 664 γάρ
1049 593 1176 655 τοὺς
1207 591 1506 656 κινδύνους,
1534 591 1620 645 διά
1667 591 1724 644 δέ
1771 588 1964 644 τούτου

393 684 485 737 τὸν
515 681 677 736 πόνον
704 681 798 732 καὶ
834 678 931 750 τὴν
982 676 1188 748 πολλὴν
1231 677 1610 748 ταλαιπωρίαν
1647 675 1742 730 καὶ
1771 672 1967 744 ἐπιμέ-

393 771 543 824 λειαν
581 765 834 834 ἐνέφηνε.
871 761 982 815 Kal
1006 761 1185 834 τρίτον
1219 760 1380 814 πάλιν
1407 760 1711 829 ὑπόδειγμα
1742 756 1966 828 προστί-

393 851 543 920 θησι,
570 827 779 917 λέγων’
839 847 936 911 Τίς
971 827 1270 914 ποιμαίνει
1311 827 1615 913 ποίμνην,
1639 827 1742 896 καὶ
1768 841 1836 895 ἐκ
1859 840 1964 895 τοῦ

393 935 694 1006 γάλακτος
728 929 920 998 αὐτῆς
949 930 1060 982 οὐκ
1090 929 1316 992 ἐσθίει;
1361 927 1470 998 Τὴν
1504 925 1831 996 κηδεμονίαν
1869 923 1965 996 τὴν

393 1018 596 1090 πολλὴν
644 1015 744 1087 τὴν
795 1013 1100 1084 διδασκάλῳ
1134 1014 1452 1083 πρέπουσαν
1485 1013 1612 1082 περὶ
1641 1012 1766 1075 τοὺς
1803 1010 1966 1081 ἀρχο-

396 1102 592 1173 μένους
643 1097 1034 1153 ἐπιδείκνυται.
1082 1099 1191 1150 Kal
1220 1097 1330 1168 γὰρ
1379 1096 1474 1150 καὶ
1510 1093 1841 1167 στρατιῶται
1872 1092 1968 1148 καὶ

392 1185 631 1257 γεωργοὶ
664 1185 757 1237 xal
811 1184 1068 1252 ποιμένες
1112 1177 1252 1254 ἦσαν
1296 1183 1345 1234 οἱ
1391 1178 1704 1243 ἀπόστολοι,
1751 1178 1812 1231 ού
1860 1177 1966 1247 γῆς

392 1270 514 1324 ούδέ
551 1268 764 1336 ἀλόγων
797 1266 918 1319 ούδέ
949 1266 1201 1336 πολέμων
1229 1262 1506 1336 αἰσθητῶν
1544 1272 1587 1326 ⁸,
1616 1260 1754 1314 ἀλλὰ
1779 1259 1966 1332 ψυχῶν

393 1352 628 1424 λογικῶν
655 1352 750 1405 καὶ
798 1350 897 1420 τῆς
931 1349 1068 1421 πρὸς
1100 1348 1226 1411 τοὺς
1271 1347 1533 1416 δαίμονας
1583 1345 1964 1416 παρατάξεως.

395 1434 821 1508 Παρατηρητέον
870 1432 927 1485 δέ
973 1433 1214 1496 κάκεῖνο,
1240 1432 1388 1494 ὅπως
1414 1429 1687 1500 πανταχοῦ
1713 1428 1810 1500 τὴν
1839 1446 1969 1499 συμ-

396 1523 624 1593 μετρίαν
663 1515 920 1589 ἐφύλαξε,
953 1516 1014 1569 τὸ
1045 1515 1301 1585 χρειῶδες
1337 1513 1516 1585 ζητῶν
1548 1513 1730 1584 μόνον,
1761 1511 1880 1583 οὐχὶ
1907 1511 1970 1564 τὸ

394 1605 670 1678 περιττόν.
726 1603 802 1656 Οὐ
851 1601 963 1671 γὰρ
1007 1595 1149 1663 εἶπε,
1202 1600 1298 1662 Τίς
1356 1597 1732 1668 στρατεύεται,
1770 1597 1865 1650 καὶ
1906 1596 1967 1648 οὐ

394 1689 646 1744 πλουτεῖ·
684 1686 842 1749 ἀλλὰ,
880 1685 975 1750 Τίς
1026 1683 1412 1752 στρατεύεται
1461 1682 1637 1747 ἰδίοις
1685 1681 1971 1749 ὀψωνίοις

393 1772 580 1836 «ad;
623 1770 747 1824 οὐδὲ
799 1765 946 1830 εἷπε,
982 1768 1078 1830 Τίς
1131 1765 1353 1835 φυτεύει
1391 1765 1711 1834 ἀμπελῶνα,
1761 1763 1856 1817 καὶ
1906 1763 1967 1816 ού

393 1856 616 1924 συνάγει
640 1853 884 1925 χρυσίον,
914 1852 947 1923 ἢ
977 1851 1068 1903 τὸν
1103 1849 1315 1920 καρπὸν
1343 1849 1637 1920 ὁλόκληρον
1662 1848 1722 1901 ού
1759 1849 1968 1919 τρυγᾷ;

393 1940 530 2004 ἀλλ’,
561 1941 656 1992 Ἐκ
689 1937 794 1991 τοῦ
814 1935 1048 2004 καρποῦ
1070 1935 1257 1989 αὐτοῦ
1280 1935 1393 1988 οὐκ
1417 1934 1644 1996 ὲσοιἐι;
1677 1931 1797 1988 οὐδὲ
1824 1929 1968 1996 εἷπε,

394 2026 490 2089 Τίς
538 2021 818 2094 ποιμαίνει
874 2019 1133 2090 ποίμνην,
1165 2019 1258 2072 καί
1307 2019 1406 2072 οὐκ
1440 2017 1805 2089 ἐμπορεύεται
1846 2018 1971 2080 τοὺς

394 2112 594 2182 ἄρναςς
647 2106 786 2162 ἀλλά
836 2105 992 2170 πῶς;
1042 2103 1151 2158 Καὶ
1192 2103 1261 2156 ἐκ
1312 2101 1420 2155 τοῦ
1449 2104 1752 2170 γάλακτος
1780 2099 1972 2168 αὐτῆς

393 2194 506 2248 οὐκ
538 2191 761 2253 ἐσθίει;
799 2189 898 2241 οὐκ
946 2188 1011 2239 ἐκ
1040 2185 1148 2237 τῶν
1187 2185 1390 2256 ἀρνῶν,
1424 2185 1540 2237 ἀλλ’
1574 2184 1677 2237 Ἐκ
1713 2183 1823 2238 τοῦ
1869 2183 1969 2254 τά·-

396 2279 648 2339 λακτοςο
689 2273 906 2333 δεικνὺς
958 2267 1109 2340 [185]
1144 2269 1228 2321 ὃτι
1280 2269 1452 2338 μικρᾷ
1502 2266 1828 2348 παραμυθίᾳ
1880 2266 1972 2320 τὸν

395 2356 714 2412 διδάσκαλον
771 2351 1056 2425 ἀρκεῖσθαι
1097 2350 1198 2414 δεῖ,
1250 2350 1346 2404 καὶ
1395 2353 1462 2421 τῇ
1509 2349 1783 2421 ἀναγκαίᾳ
1836 2349 1972 2420 μόνῃ

394 2443 595 2512 τροφῇ.
620 2438 807 2510 Ταῦτα
848 2434 988 2506 πρὸς
1033 2436 1161 2498 τοὺς
1208 2433 1567 2505 βουλομένους
1607 2435 1785 2488 πάντα
1844 2451 1974 2487 κατ-

397 2525 596 2580 εσθίειν
630 2521 724 2576 καὶ
749 2521 841 2573 τὸν
871 2519 1082 2589 καρπὸν
1109 2518 1400 2590 ὁλόκληρον
1428 2519 1655 2589 τρυγᾷν.
1678 2516 1834 2572 Οὕτω
1879 2517 1974 2572 καὶ

395 2611 424 2662 δ
470 2608 676 2679 Κύριος
728 2604 1108 2676 ἐνομοθέτησε,
1143 2602 1337 2670 λέγων·
1391 2601 1585 2668 Ἄξιος
1641 2605 1674 2656 ὁ
1723 2600 1974 2670 ἐργάτης

397 2689 506 2760 τῆς
543 2689 772 2760 τροφῆς
827 2687 1016 2745 αὑτοῦ
1054 2687 1245 2740 ἐστιν.
1281 2686 1357 2739 Ού
1389 2685 1550 2740 τοῦτο
1600 2685 1658 2739 δέ
1703 2687 1862 2755 μόνον
1884 2684 1974 2738 διὰ

395 2775 505 2831 τῶν
531 2773 944 2845 ὑποδειγμάτων
968 2769 1391 2835 κατασκευάζει,
1421 2767 1556 2823 ἀλλά
1585 2769 1680 2823 καὶ
1703 2768 1976 2828 δείκνυσιν

396 2862 580 2917 ὁποῖον
608 2853 748 2912 εἶναι
784 2856 890 2928 χρὴ
929 2854 1019 2908 τὸν
1052 2854 1222 2925 ἱερέα.
1258 2855 1368 2906 Kal
1392 2851 1500 2924 γάρ
1533 2851 1863 2923 στρατιώτου
1887 2854 1978 2907 άν-

397 2943 579 3017 δρείαν
622 2940 920 3008 κεκτῆσθαι
958 2937 1162 2991 δεῖκαὶ
1210 2935 1458 3006 γεωργοῦ
1513 2935 1830 3004 ἐπιμέλειαν
1881 2937 1974 2990 καὶ

400 3025 657 3096 ποιμένος
697 3020 1049 3094 κηδεμονίαν,
1092 3020 1189 3073 καὶ
1234 3017 1373 3089 μετὰ
1394 3018 1568 3071 ταῦτα
1596 3019 1773 3072 πάντα
1808 3019 1973 3090 μηδὲν

398 3110 562 3167 πλέον
581 3107 692 3162 τῶν
715 3105 1030 3174 ἀναγκαίων
1069 3103 1272 3174 ζητεῖν.
1314 3102 1504 3170 Δείξας
1536 3103 1717 3156 τοίνυν
1745 3103 1839 3156 xal
1865 3103 1974 3156 ἀπὸ

398 3193 511 3248 τῶν
537 3189 872 3256 ἀποστόλων,
904 3189 986 3241 ὅτι
1016 3187 1077 3242 ού
1105 3184 1412 3240 κεκώλυται
1441 3185 1738 3255 λαμϐάνειν
1769 3185 1860 3238 τὸν
1892 3185 1972 3239 δι-

397 3275 688 3340 δάσκαλον,
738 3274 834 3327 καὶ
875 3271 984 3328 ἀπὸ
1011 3271 1120 3323 τῶν
1147 3269 1291 3324 κατά
1322 3269 1414 3323 τὸν
1448 3269 1561 3340 βίον
1596 3271 1974 3342 παραδειγμά-

399 3377 532 3425 των,
584 3359 682 3412 καὶ
718 3356 826 3410 ἐπὶ
874 3355 1058 3427 τρίτον
1125 3353 1154 3392 δ
1203 3353 1499 3422 κεφάλαιον
1542 3353 1782 3425 ἔρχεται,
1831 3354 1974 3408 οὕτω

397 3444 594 3516 λέγων’
627 3440 725 3512 Μὴ
753 3438 903 3494 κατὰ
941 3437 1257 3506 ἄνθρωπον
1289 3436 1478 3492 ταῦτα
1505 3436 1711 3504 λαλῶ;
1752 3439 1791 3507 ἢ
1833 3438 1972 3508 οὐχὶ

398 3530 498 3586 καὶ
529 3532 562 3584 ό
599 3529 784 3597 νόμος
821 3522 1009 3579 ταῦτα
1039 3521 1242 3591 λέγει;
1285 3520 1504 3591 Ἐπειδὴ
1551 3522 1658 3595 γὰρ
1699 3523 1838 3580 τέως
1865 3523 1972 3576 ἀπὸ

397 3612 631 3686 Γραφῶν
682 3609 837 3664 οὐδὲν
893 3601 1067 3669 εἶπεν,
1116 3605 1253 3660 άλλά
1296 3604 1396 3675 τὴν
1448 3605 1630 3676 κοινὴν
1687 3607 1973 3677 συνήθειαν

399 3696 757 3770 προεϐάλετο,
799 3690 892 3762 Μὴ
933 3689 1213 3770 νομίσητέ-
1231 3705 1320 3759 με,
1345 3689 1501 3758 φησὶ,
1526 3688 1736 3753 τούτοις
1763 3689 1974 3761 ισχυρί-

399 3766 589 3850 ζέσθαι
635 3779 838 3849 μόνοις,
892 3774 1025 3844 μηδέ
1054 3774 1146 3840 ἀφ’
1179 3766 1254 3824 ῶν
1302 3775 1415 3835 τοῖς
1443 3772 1752 3843 ἀνθρώποις
1801 3774 1970 3840 δοκεῖ,

399 3866 573 3922 ταῦτα
602 3861 934 3932 νομοθετεῖν.
963 3858 1112 3927 Ἔχω
1153 3855 1262 3926 γάρ
1302 3856 1492 3921 δεῖξαι,
1527 3858 1607 3910 ὅτι
1635 3859 1728 3911 καὶ
1755 3858 1833 3929 τῷ
1855 3859 1975 3930 Θεῷ

400 3948 576 4003 ταῦτα
608 3945 776 4008 δοκεῖ,
826 3940 921 3994 καὶ
953 3939 1182 3992 παλαιὸν
1224 3937 1585 4006 ἀναγινώσκω
1609 3941 1773 4010 νόμον
1801 3941 1976 3996 ταῦτα

402 4028 712 4086 κελεύοντα.
744 4024 834 4078 Διὸ
859 4022 954 4076 καὶ
979 4022 1100 4076 κατ’
1129 4019 1397 4091 ἐρώτησιν
1427 4021 1657 4090 προάγει
1681 4022 1773 4075 τὸν
1795 4023 1972 4092 λόγον,

399 4117 538 4184 ὅπερ
579 4110 674 4165 ἐπὶ
704 4107 815 4162 τῶν
843 4107 1049 4176 σφόδρα
1091 4104 1528 4175 ὡμολογημένων
1565 4105 1799 4173 γίνεται,
1833 4107 1976 4162 οὕτω

401 4200 608 4269 λέγων·
655 4193 751 4263 Μὴ
803 4190 954 4246 κατὰ
999 4190 1315 4257 ἄνθρωπον
1346 4187 1534 4242 ταῦτα
1578 4189 1772 4260 λέγως
1804 4192 1974 4246 Τουτ..

402 4283 541 4348 ἐστι,
611 4280 706 4352 Μὴ
759 4277 820 4342 ἐξ
867 4272 1226 4345 ἀνθρωπίνων
1291 4271 1468 4343 μόνων
1513 4273 1975 4345 παραδειγμάτων

405 4365 785 4440 ἱσχυρίζομαις
822 4356 902 4417 Ἦ
959 4356 1098 4426 οὐχί
1139 4356 1238 4440 καὶ
1285 4360 1318 4412 d
1353 4359 1538 4428 νόμος
1567 4358 1752 4413 ταῦτα
1778 4360 1973 4430 λέγεις

415 4439 518 4507 Ἐν
548 4450 659 4520 γὰρ
690 4445 770 4511 τῷ
800 4443 962 4512 νόμῳ
1006 4439 1302 4507 Μωῦσέως
1354 4441 1709 4511 γέγραπται·
1755 4444 1840 4497 Οὐ
1881 4460 1974 4512 φι-

399 4533 622 4605 μώσεις
651 4530 812 4594 ,ϐοῦν
841 4525 1135 4582 ἀλοῶντα.
1181 4525 1293 4577 Kal
1330 4524 1475 4605 τίνος
1510 4523 1696 4576 ἕνεκεν
1726 4525 1972 4596 ἐμνήσθη

402 4603 616 4676 τούτου,
643 4611 704 4667 τὺ
750 4610 859 4664 τῶν
882 4607 1070 4678 ἱερέων
1091 4605 1400 4674 ὑπόδειγμα
1442 4603 1615 4674 ἔχων;
1651 4605 1746 4659 Ἐκ
1769 4609 1975 4680 πολλῆς

403 4702 502 4772 τῆς
522 4693 839 4767 περιουσίας
863 4691 995 4745 αὐτὸ
1021 4687 1431 4743 κατασκευάσαι
1455 4686 1791 4772 βουλόμενος.
1817 4687 1970 4756 Εἶτα,

407 4771 497 4839 ἵνα
523 4781 598 4853 μή
623 4793 707 4842 τις
736 4775 892 4847 λέγῃ,
917 4773 1028 4828 Kal
1052 4773 1105 4825 τί
1132 4772 1270 4844 πρὸς
1292 4771 1440 4842 ἡμᾶς
1463 4771 1525 4825 τὺ
1555 4774 1681 4844 περὶ
1706 4773 1814 4827 τῶν
1837 4774 1974 4844 βοῶν

404 4864 727 4938 εἰρημένονς
772 4857 1198 4929 ἐπεξεργάζεται
1229 4857 1360 4910 αὐτὸ
1393 4856 1532 4927 μετά
1569 4857 1854 4929 ἀκριϐείας
1883 4859 1970 4913 λέ-

405 4966 552 5021 γωνο
595 4946 694 5016 Μὴ
750 4943 872 5000 τῶν
921 4940 1091 5007 ,ϐοῶν
1138 4939 1310 5010 μέλει
1353 4939 1435 5005 τῷ
1479 4939 1636 5007 Θεῷ;
1687 4943 1762 4995 Οὐ
1823 4942 1973 5014 μέλει

403 5029 499 5090 οὖν
525 5032 656 5104 περὶ
685 5029 796 5084 τῶν
831 5025 992 5098 βοῶν,
1041 5024 1164 5078 εἰπέ
1201 5041 1312 5095 μοι.
1342 5023 1420 5094 τῷ
1464 5023 1619 5095 Θεῷ;
1672 5025 1840 5081 Μέλει
1875 5027 1972 5096 μὲν

403 5113 519 5180 οὖν,
551 5118 650 5186 οὐχ
674 5113 818 5168 οὓτω
850 5112 926 5177 δέ,
961 5109 1037 5174 ώς
1066 5109 1161 5163 καὶ
1197 5108 1361 5179 νόμον
1388 5107 1559 5162 θεῖναι
1589 5109 1730 5180 ὑπὲρ
1755 5109 1968 5164 τούτου.

409 5201 578 5254 Ὥστε
631 5199 681 5251 εἰ
730 5197 804 5267 μὴ
841 5195 985 5266 μέγα
1034 5211 1088 5248 τι
1147 5194 1413 5265 ᾐνίττετο,
1472 5194 1832 5264 ἐγγυμνάζων
1861 5197 1972 5259 τοῖς

405 5283 621 5352 ἀλόγοις
676 5281 802 5343 τοὺς
851 5278 1134 5341 Ἰουδαίους
1166 5279 1246 5341 εἰς
1277 5278 1336 5330 τὸ
1361 5273 1501 5330 εἶναι
1531 5276 1965 5349 φιλανθρώπους,

406 5369 499 5423 καὶ
549 5363 660 5420 ἀπὸ
707 5361 912 5416 τούτων
940 5361 1036 5414 καὶ
1069 5361 1198 5430 περὶ
1244 5360 1353 5413 τῶν
1401 5359 1739 5413 διδασκάλων
1787 5362 1971 5424 αὐτοῖς

401 5447 805 5520 διαλεγόμενος,
844 5444 944 5497 οὐκ
973 5443 1038 5496 ἀν
1073 5441 1344 5512 τοσαύτην
1386 5445 1676 5514 ἐποιήσατο
1712 5444 1968 5515 σπουδὴν,

402 5537 478 5601 ὼς
505 5533 601 5590 καὶ
628 5532 790 5602 νόμον
814 5527 1023 5599 γράψαι
1061 5527 1200 5598 ὑπὲρ
1230 5526 1325 5580 τοῦ
1378 5528 1453 5598 μὴ
1497 5528 1803 5599 κημοῦσθαι
1845 5531 1970 5593 τοὺς

405 5618 552 5691 βοῦς.
589 5612 869 5670 Ἐντεῦθεν
915 5611 1008 5665 καὶ
1051 5610 1236 5681 ἔτερόν
1280 5627 1332 5663 τι
1374 5610 1637 5676 δείκνυσι,
1681 5613 1848 5666 πολὺν
1878 5612 1969 5665 τὸν

465 5794 490 5824 ⁸
504 5790 720 5856 Regi!sz
745 5791 796 5856 δὲ
815 5791 1000 5856 ἀλόγων
1020 5791 1129 5856 οὐδὲ
1147 5792 1366 5856 πολέμων
1389 5791 1642 5856 αἰσθητῶν,
1661 5799 1818 5856 recte,
1844 5794 1968 5845 Edlli

465 5808 490 5824 “
507 5808 650 5856 ηδε..
664 5808 720 5839 ου
745 5808 796 5840 οε
815 5808 1000 5853 αΑογων
1020 5808 1129 5840 ουοε
1147 5808 1261 5839 πολε
1342 5809 1366 5837 ν
1389 5808 1642 5850 αισυητων,
1661 5808 1818 5841 reme.
1848 5808 1866 5842 Ιῖ

406 5866 546 5918 veto,
578 5853 690 5904 οὐδὲ
710 5854 930 5915 πολέμων
947 5854 1150 5915 ἀλόγων.
1218 5854 1244 5891 δ
1267 5808 1416 5917 ἵζω,
1453 5854 1692 5914 τέταρτον,
1722 5854 1866 5904 male.

1085 305 1143 361 S.
1182 302 1466 360 JOANNIS
1501 293 1988 359 CllRYSOSTOMI
2024 298 2346 358 AHCHIEP.
2383 299 2928 358 CONSTANTINOP.

3547 302 3646 358 174

2077 421 2237 476 πόνον
2263 422 2370 476 τῶν
2407 423 2742 479 διδασκάλων
2760 426 2853 480 καὶ
2881 425 3032 488 ὄντα,
3055 425 3148 476 καὶ
3174 419 3317 477 εἶναι
3339 422 3646 492 ὀφείλονταο

2077 507 2173 558 καὶ
2203 506 2388 578 ἕτερον
2420 507 2600 561 πάλιν.
2653 508 2810 562 Ποῖον
2842 508 2906 578 δὴ
2937 507 3130 574 τοῦτο;
3167 508 3292 559 Ὅτι
3338 508 3550 574 ὅσαπερ
3582 506 3648 559 ἂν

2074 589 2216 658 ὑπὲρ
2243 591 2342 661 τῆς
2374 592 2483 646 τῶν
2507 591 2715 660 ἀλόγων
2739 593 3056 662 ἐπιμελείας
3084 590 3236 661 παρά
3272 591 3372 660 τῆς
3404 590 3650 655 Παλαιᾶς

2076 672 2324 742 λέγηται,
2360 675 2792 746 προηγουμένως
2818 677 2898 738 είς
2927 675 3024 746 τὴν
3049 674 3158 727 τῶν
3183 673 3490 744 ἀνθρώπων
3525 691 3651 726 συν-

2073 760 2217 814 τελεῖ
2243 761 2587 815 διδασκαλίαν
2612 778 2626 792 ο
2663 761 2852 828 ὥσπερ
2881 756 2973 813 οὖν
3007 761 3102 814 καὶ
3133 759 3200 812 τὰ
3226 759 3364 813 ἀλλα
3413 760 3649 824 ᾶπαντα,

2074 837 2184 897 οἷον
2214 843 2284 898 τά
2331 846 2458 917 περὶ
2509 845 2738 917 ἱματίων
2768 845 3048 911 ποικίλων,
3082 844 3178 898 καὶ
3204 842 3274 897 τὰ
3302 842 3432 914 περὶ
3466 843 3650 913 ἀμπεο

2073 925 2260 982 λώνων
2305 928 2398 982 καὶ
2429 930 2762 1000 σπερμάτων
2797 927 3010 981 καὶτοῦ
3057 925 3132 998 μὴ
3174 926 3432 997 διάφορον
3476 927 3652 980 ποιεῖν

2073 1011 2173 1082 τὴν
2214 1011 2339 1082 γῆν,
2374 1013 2443 1064 τὰ
2496 1013 2625 1083 περὶ
2668 1012 2897 1082 λέπρας,
2932 1009 3028 1064 xal
3053 1010 3123 1062 τά
3150 1009 3307 1074 ἄλλα,
3336 1009 3414 1072 ώς
3453 1011 3648 1074 εἰπεῖν,

2075 1095 2312 1151 ἅπαντα.
2361 1098 2696 1169 Παχυτέροις
2723 1097 2832 1169 γὰρ
2881 1093 3028 1151 οὖσιν
3069 1093 3318 1149 ἐντεῦθεν
3358 1092 3649 1162 διελέγετο,

2075 1180 2216 1232 κατὰ
2246 1181 2444 1252 μικρὸν
2484 1181 2831 1246 ἀναϐιϐάζων
2861 1179 3077 1243 αὐτούς.
3107 1180 3216 1231 Kal
3242 1179 3344 1249 δρα
3370 1178 3486 1242 πῶς
3515 1179 3652 1231 αὐτὸ

2073 1265 2193 1319 οὐδὲ
2225 1267 2626 1332 κατασκευάζει
2653 1267 2858 1329 λοιπὸν,
2887 1266 2984 1320 ars
3014 1264 3248 1334 φανερὸν
3279 1263 3336 1316 ὃν
3369 1262 3458 1316 καὶ
3482 1264 3648 1316 αὐτό-

2076 1349 2167 1402 θεν
2195 1349 2375 1420 δῆλον.
2431 1350 2617 1404 Εἰπὼν
2642 1351 2772 1421 γάρ,
2820 1349 2917 1417 Μὴ
2963 1347 3083 1401 τῶν
3125 1345 3296 1412 ,βοῶν
3352 1346 3519 1417 μέλει
3566 1343 3649 1409 τῷ

2079 1432 2241 1498 Θεῷ;
2273 1435 2574 1505 ἐπήγαγεν,
2611 1430 2688 1488 Ἦ
2717 1434 2793 1487 δι’
2821 1432 2981 1503 ἡμᾶς
3024 1431 3264 1498 πάντως
3293 1431 3496 1501 λέγει;
3530 1429 3652 1482 οὺδέ

2077 1518 2157 1581 τὸ,
2191 1518 2453 1584 Πάντως,
2487 1518 2674 1582 ἁπλῶς
2713 1518 2996 1589 προσθεὶς,
3038 1516 3153 1570 ἀλλ’
3199 1517 3286 1569 ἵνα
3325 1515 3400 1585 μὴ
3435 1531 3656 1584 συγχω-

2079 1604 2224 1674 ρήσῃ
2258 1602 2380 1672 μηδ’
2405 1603 2582 1655 ὁτιοῦν
2606 1604 2880 1657 ἀντειπεῖν
2906 1601 2983 1672 τῷ
3013 1602 3278 1672 ἀκροατῇ.
3311 1601 3423 1653 Kal
3454 1597 3656 1668 ἐπιμέ-

2077 1702 2158 1738 νει
2203 1687 2270 1755 τῇ
2323 1687 2607 1756 μεταφορᾷ
2667 1685 2840 1753 λέγων
2893 1689 2989 1739 καὶ
3042 1683 3518 1753 ἀποφαινόμενος·
3575 1681 3656 1734 Δι’

2078 1765 2238 1835 ἡμᾶς
2269 1769 2379 1837 γὰρ
2405 1769 2652 1838 ἐγράφη,
2698 1769 2789 1822 ὅτι
2835 1767 2927 1822 ἐπ’
2971 1768 3172 1822 ἐλπίδι
3202 1768 3435 1836 ὀφείλει
3462 1768 3495 1819 ὁ
3517 1764 3658 1832 ἀρο-

2079 1850 2256 1917 τριῶν
2315 1851 2632 1920 ἀροτριᾷνο
2691 1851 2988 1918 τουτέστιν,
3028 1853 3056 1905 ὁ
3097 1849 3414 1910 διδάσκαλος
3450 1847 3659 1916 ὀφείλει

2076 1938 2186 1988 τῶν
2213 1936 2391 1990 πόνων
2439 1936 2540 1999 τάς
2591 1936 2826 2008 ἀμοιϐὰς
2861 1937 3035 2007 ἔχειν·
3087 1936 3185 1990 καὶ
3227 1938 3260 1989 ό
3311 1934 3515 1989 ἀλοῶν
3551 1932 3660 2000 τῆς

2079 2019 2328 2086 ἐλπίδος
2377 2020 2565 2074 αὐτοῦ
2615 2021 2894 2090 μετέχειν
2933 2017 3082 2092 μει]
3132 2019 3225 2072 ἐπ’
3279 2018 3506 2072 ἐλπίδι.
3549 2019 3660 2072 Kal

2081 2101 2179 2154 θέα
2215 2102 2448 2156 σύνεσιν.
2488 2104 2621 2156 Ἀπὸ
2659 2105 2769 2175 γὰρ
2799 2103 2894 2156 τοῦ
2927 2104 3127 2175 σπόρου
3173 2103 3266 2156 ἐπὶ
3302 2101 3402 2173 τὴν
3444 2101 3562 2155 amo
3598 2101 3659 2153 τὸ

2082 2187 2313 2256 πρᾶγμα
2361 2188 2683 2258 μετήνεγκε,
2733 2187 2896 2241 πάλιν
2931 2185 3210 2242 κάνταῦθα
3255 2186 3382 2248 τοὺς
3427 2184 3656 2246 πολλοὺς

2084 2270 2314 2340 ἱδρῶτας
2362 2270 2468 2324 τῶν
2500 2271 2838 2325 διδασκάλων
2890 2272 3196 2342 ἐμφαίνων,
3229 2271 3311 2324 ὅτι
3361 2270 3519 2322 αὐτοὶ
3563 2269 3658 2322 καὶ

2079 2355 2378 2424 ἀροτριῶσι
2415 2355 2510 2409 καὶ
2555 2355 2655 2426 τὴν
2689 2355 2802 2409 ἅλω
2834 2356 3101 2428 τρίϐουσι.
3151 2354 3262 2408 Καὶ
3305 2355 3401 2407 ἐπὶ
3429 2355 3531 2424 μὲν
3561 2351 3656 2406 τοῦ

2081 2437 2360 2508 ἀροτριᾷν,
2409 2438 2598 2510 ἐπειδὴ
2632 2439 2786 2492 οὐδὲν
2821 2435 2890 2510 ἦν
2941 2437 3366 2510 καρπώσασθαι,
3401 2436 3536 2491 ἀλλά
3561 2436 3658 2488 πό-

2081 2536 2189 2583 νον,
2249 2519 2348 2590 τὴν
2395 2520 2586 2575 ἐλπίδα
2615 2522 2896 2576 τέθεικεν·
2934 2523 3026 2575 ἐπὶ
3077 2522 3136 2576 δὲ
3183 2521 3280 2575 τοῦ
3323 2520 3529 2592 τρίϐειν
3553 2517 3657 2589 τὴν

2083 2605 2216 2669 am,
2247 2605 2346 2676 ἤδη
2401 2606 2500 2677 τὴν
2551 2607 2852 2661 ἀπόλαυσιν
2907 2607 3200 2679 ἐχαρίσατο
3249 2605 3441 2674 λέγων’
3475 2603 3584 2658 Καὶ
3619 2604 3655 2656 ὁ

2079 2687 2281 2742 ἀλοῶν
2316 2689 2428 2758 τῆς
2457 2691 2710 2756 ἐλπίδος
2737 2690 2926 2746 αὑτοῦ
2951 2690 3208 2760 μετέχει.

2151 2769 2215 2826 δ’.
2245 2767 2396 2836 Εἶτα,
2417 2774 2503 2827 ἴνα
2540 2775 2766 2846 μὴολέγῃ
2783 2793 2890 2838 τις,
2912 2774 3057 2844 Αὕτη
3087 2771 3225 2845 οῦνή
3252 2775 3359 2827 τῶν
3386 2771 3655 2826 τοσούτων

2085 2855 2324 2928 ἱδρώτων
2361 2859 2608 2929 ἀμοιϐή;
2652 2859 3014 2930 προσέθηκεν,
3057 2859 3174 2911 Ἐπ’
3227 2858 3449 2923 ἐλπίδι,
3501 2874 3656 2910 τουτ-

2081 2940 2219 3006 έστι,
2248 2944 2312 3012 τῇ
2350 2941 2637 3014 μελλούσῃ.
2686 2942 2852 2996 Οὐδὲν
2881 2939 2973 2995 οὖν
3004 2942 3191 3012 ἕτερον
3220 2943 3280 2995 τὸ
3316 2943 3492 3012 στόμα
3521 2942 3658 3012 ἀκή-

2086 3043 2263 3095 μωτον
2288 3025 2346 3079 ὃν
2377 3025 2470 3078 τοῦ
2515 3025 2655 3089 ςώου
2697 3026 2886 3079 τούτου
2929 3027 3102 3098 βοᾷ,ἢ
3133 3029 3212 3080 ὅτι
3249 3027 3376 3090 τοὺς
3402 3026 3659 3080 διδασκά-

2083 3107 2208 3170 λους
2235 3110 2360 3172 τοὺς
2399 3108 2697 3173 πονοῦντας
2745 3109 2824 3162 δεῖ
2853 3111 2948 3163 καὶ
2972 3110 3210 3181 ἀμοιϐῆς
3234 3109 3556 3164 ἀπολαύειν.
3589 3111 3658 3162 El

2082 3191 2251 3258 ἡμεῖς
2291 3191 2434 3261 ὑμῖν
2470 3194 2544 3246 τὰ
2582 3196 2955 3261 πνευματικὰ
2984 3194 3368 3263 ἐσπείραμεν,
3398 3194 3576 3262 μέγα,
3607 3193 3658 3245 εί

2082 3273 2254 3340 ἡμεῖς
2279 3271 2447 3340 ὑμῶν
2470 3272 2545 3324 τὰ
2578 3274 2839 3338 σαρκικὰ
2866 3273 3184 3343 θερίσομεν
3198 3289 3218 3338 ;
3269 3274 3400 3327 Ἰδοὺ
3451 3273 3546 3326 καὶ
3573 3272 3658 3325 τέο

2081 3371 2278 3424 ταρτον
2312 3354 2635 3425 προστίθησι
2648 3355 2910 3426 λογισμὸν
2943 3357 3081 3428 ὑπὲρ
3111 3356 3204 3412 τοῦ
3229 3357 3341 3410 δεῖν
3372 3357 3657 3428 παρέχειν.

2096 3437 2312 3510 Ἐπειδὴ
2371 3438 2484 3510 γὰρ.
2531 3434 2674 3504 εἷπε,
2715 3439 2810 3505 Τίς
2845 3441 3230 3508 στρατεύεται
3285 3439 3457 3505 ἰδίοις
3500 3442 3658 3508 ὀψω-

2081 3521 2237 3590 νίοις
2294 3521 2468 3586 ποτέ;
2515 3523 2630 3588 καὶ,
2685 3524 2780 3590 Τίς
2833 3525 3074 3592 φυτεύει
3127 3523 3488 3593 ἀμπελῶνας
3541 3525 3654 3583 καὶ.

2088 3607 2185 3672 Τίς
2225 3607 2525 3677 ποιμαίνει
2573 3607 2876 3677 ποίμνην;
2921 3609 3014 3661 καὶ
3069 3611 3358 3679 παρήγαγε
3389 3610 3482 3661 τὸν
3530 3607 3655 3679 βοῦν

2081 3691 2170 3746 τὸν
2199 3691 2464 3754 ἀλοῶντα,
2519 3691 2759 3746 δείκνυσι
2793 3691 2887 3745 καὶ¹
2926 3692 3094 3764 ἄλλην
3137 3693 3316 3745 αἰτίαν
3349 3693 3654 3761 εύλογωτά-

2082 3792 2205 3846 την,
2237 3775 2304 3829 δι’
2347 3775 2418 3845 ἢν
2456 3769 2598 3845 ἦσαν
2635 3774 2834 3828 δίκαιοι
2868 3774 3072 3840 λαϐεῖν,
3105 3775 3180 3839 ὡς
3213 3776 3395 3845 πολλῷ
3431 3774 3653 3845 μείζονα

2083 3859 2512 3930 παρεσχηκότες,
2567 3858 2751 3912 οὐκέτι
2804 3859 2879 3924 ὼς
2922 3861 3188 3931 καμόντες
3223 3861 3403 3931 μόνον.
3433 3862 3528 3926 Τίς
3563 3858 3654 3917 οὖν

2083 3945 2231 3997 ἐστιν
2255 3960 2270 4008 ;
2307 3944 2377 3997 El
2403 3941 2574 4010 ἡμεῖς
2601 3941 2744 4011 ὑμῖν
2766 3943 2838 3996 τὰ
2862 3949 3232 4015 πνευματικά
3268 3948 3652 4017 ἐσπείραμεν,

2077 4027 2252 4096 μέγα,
2307 4029 2360 4080 εί
2409 4026 2579 4094 ἡμεῖς
2628 4027 2795 4096 ὑμῶν
2856 4029 2929 4083 τὰ
2989 4029 3247 4098 σαρκικὰ
3302 4034 3653 4102 θερίσομεν;

2083 4107 2235 4174 Εἶδες
2271 4110 2619 4181 δικαιοτάτην
2653 4110 2830 4165 αἰτίαν
2858 4113 2952 4166 καί
2977 4113 3086 4168 τῶν
3114 4117 3395 4187 προτέρων
3423 4118 3656 4186 εὐλογω⁹

2082 4197 2287 4270 τέραν;
2335 4197 2480 4249 Ἐκεῖ
2527 4196 2626 4266 μὲν
2676 4198 2808 4266 γὰρ,
2862 4199 3018 4269 φησὶ,
3060 4201 3322 4272 σαρκικὸς
3367 4204 3394 4254 ὁ
3432 4203 3652 4274 σπόρος,

2085 4279 2346 4350 σαρκικὸς
2374 4280 2468 4333 καὶ
2493 4281 2522 4332 ό
2552 4281 2762 4350 καρπός
2785 4297 2800 4311 ο
2836 4283 3071 4336 ἐνταῦθα
3095 4284 3150 4336 δὲ
3183 4284 3280 4353 οὐχ
3313 4283 3504 4347 οὕτως,
3537 4285 3654 4337 ἀλλ’

2081 4367 2110 4418 ό
2149 4365 2246 4435 μὲν
2289 4363 2487 4433 σπόρος
2532 4365 2916 4435 πνευματικὸς,
2945 4367 2977 4436 ή
3006 4366 3064 4419 δέ
3093 4367 3364 4429 ἀντίδοσις
3391 4369 3653 4438 σαρκική.

2085 4445 2204 4501 Ἵνα
2234 4447 2344 4516 γὰρ
2381 4445 2456 4516 μὴ
2490 4446 2632 4517 μέγα
2661 4447 2931 4516 φρονῶσιν
2979 4451 3028 4501 οἱ
3072 4451 3404 4519 παρέχοντες
3431 4452 3544 4512 τοῖς
3571 4451 3657 4504 δι-

2081 4531 2390 4594 δασκάλοις,
2423 4529 2623 4595 ἔδειξεν
2646 4532 2727 4584 ὅτι
2760 4531 2979 4601 μείζονα
3007 4532 3394 4604 λαμϐάνουσιν,
3422 4533 3654 4604 ῆδιδόα-

2083 4632 2188 4668 σιν.
2233 4614 2296 4667 Οἱ
2359 4613 2459 4684 μὲν
2505 4614 2614 4683 γάρ
2643 4617 2899 4686 γεωργοὶ,
2930 4615 3074 4687 άπερ
3113 4616 3180 4669 ἂν
3223 4617 3656 4688 κατασπείρωσι,

2081 4702 2254 4754 ταῦτα
2281 4699 2374 4752 καὶ
2402 4698 2788 4770 λαμϐάνουσιν·
2821 4702 2982 4770 ἡμεῖς
3011 4700 3068 4754 δὲ
3096 4701 3412 4772 σπείροντες
3439 4703 3521 4766 εἰς
3555 4703 3656 4768 τὰς

2083 4784 2354 4856 ὑμετέρας
2407 4784 2584 4855 ψυχὰς
2630 4785 2995 4855 πνευματικὰ,
3033 4784 3322 4856 θερίζομεν
3377 4788 3654 4858 σαρκικάο

2081 4867 2321 4922 τοιοῦτον
2363 4871 2473 4938 γάρ
2520 4868 2554 4937 ἡ
2606 4867 2736 4938 παρ’
2770 4867 2948 4921 αὐτῶν
2977 4868 3229 4938 διδομένη
3280 4872 3474 4941 τροφή.
3525 4868 3662 4924 Εἶτα

2081 4954 2177 5007 καὶ
2203 4953 2720 5024 ἐντρεπτικώτερον·
2751 4954 2821 5006 El
2851 4953 3027 5007 ἄλλοι
3050 4953 3161 5022 τῆς
3178 4955 3468 5020 ἐξουσίας
3489 4954 3660 5025 ὑμῶν

2076 5035 2459 5105 μετέχουσιν,
2503 5037 2576 5090 οὐ
2608 5035 2818 5100 πολλῷ
2842 5033 3084 5106 μᾶλλον
3135 5037 3349 5106 music;
3390 5037 3528 5091 Ἰδοὺ
3561 5039 3661 5092 καὶ

2082 5121 2266 5192 ἕτερος
2320 5121 2482 5175 πάλιν
2527 5120 2806 5190 λογισμὸς,
2839 5122 2933 5174 καὶ
2962 5121 3123 5184 αὐτὸς
3165 5123 3231 5176 ἐκ
3277 5123 3660 5194 παραδειγμά-

2064 5222 2212 5272 των,
2257 5205 2372 5258 ἀλλ’
2420 5205 2520 5276 οὐχ
2551 5205 2770 5274 ὁμοίων.
2799 5205 2932 5258 Οὐδὲ
2985 5206 3092 5277 γὰρ
3120 5207 3328 5277 Πέτρου
3379 5207 3659 5278 μέμνηται

2081 5289 2334 5351 ἐνταῦθα,
2384 5289 2507 5342 οὔτε
2557 5289 2666 5341 τῶν
2715 5288 3052 5351 ἀποστόλων,
3085 5290 3203 5344 ἀλλ’
3237 5292 3441 5361 ἐτέρων
3492 5295 3659 5345 τινῶν

2079 5373 2270 5438 νόθων,
2313 5374 2449 5444 πρὸς
2499 5372 2591 5435 οὓς
2635 5371 2863 5444 ὕστερον
2915 5375 3229 5438 ἀποδύεται,
3273 5377 3367 5428 καὶ
3413 5378 3544 5446 περὶ
3581 5370 3658 5429 ὧν

2081 5473 2267 5528 φησιν’
2298 5457 2372 5512 ΕΖ
2400 5474 2489 5522 τις
2518 5453 2676 5526 ὑμᾶς
2706 5459 3030 5520 κατεσθίει,
3055 5457 3111 5510 εΖ
3140 5475 3230 5522 τις
3265 5457 3572 5527 λαμϐάνει,
3601 5459 3662 5513 ετ

2080 5557 2169 5605 τις
2193 5538 2520 5606 ἐπαίρεται,
2549 5539 2605 5592 εἷ
2635 5557 2725 5606 τις
2757 5543 2846 5606 είς
2883 5542 3208 5608 πρόσωπον
3235 5540 3393 5608 ὑμᾶς
3425 5540 3654 5610 δαίρει·

2079 5625 2172 5676 καὶ
2199 5626 2290 5675 τον
2320 5622 2456 5690 πρὸς
2483 5623 2724 5685 ἐκείνους
2751 5623 2853 5694 ήδη
2885 5623 3354 5694 προανακρούεται
3387 5622 3654 5694 πόλεμον.

2081 5707 2170 5760 Διὸ
2196 5705 2315 5760 ούδέ
2346 5701 2520 5772 εἶπεν,
2564 5707 2625 5760 EE
2667 5706 2817 5761 ἄλλοι
2869 5706 3203 5776 λαμϐάνουσι
3238 5716 3260 5746 c
3307 5707 3440 5778 παρ’
3470 5706 3653 5778 ὑμῶν,

2143 5865 2162 5893 ⁸
2194 5861 2338 5920 ἣτε..
2365 5863 2402 5909 εἰ
2427 5861 2560 5908 ἄλλοι
2582 5859 2634 5908 οὐ
2656 5858 2965 5920 λαμϐάνουσι.
