3986 6202
418 327 516 382 Πῦ

483 441 544 495 3.
598 438 830 510 Ideoque
875 437 938 493 ad
981 435 1121 502 aliud
1165 437 1374 509 pergit,
1420 446 1475 492 et
1519 437 1637 492 ait:
1673 437 1800 502 Quis
1835 438 1984 507 plan-

412 541 489 585 tat
542 531 780 592 uincant,
831 539 876 584 et
928 545 992 585 ea:
1031 530 1198 600 fructu
1239 531 1349 599 ejus
1387 546 1488 584 non
1527 530 1670 585 edit?
1702 530 1805 585 Per
1859 527 1987 585 illud

414 624 563 680 enim
615 622 877 693 pericula,
929 635 1025 690 per
1073 621 1175 676 hoc
1228 635 1356 676 vero
1404 622 1681 685 laborem.
1733 622 1988 692 defatiga-

415 716 617 769 tionem
666 714 883 769 multam
936 723 991 768 et
1039 727 1223 767 curam
1271 713 1584 768 declaravit.
1631 713 1982 785 Tertiumque

414 821 599 862 rursus
626 805 842 878 apponit
877 806 1184 876 exemplum
1230 805 1416 862 dicens
1449 825 1462 861 :
1499 807 1624 874 Quis
1668 809 1828 878 pascit
1873 826 1987 882 gre-

411 911 550 966 gem,
577 906 622 950 et
643 897 706 950 de
738 896 868 950 lacte
897 898 1008 969 ejus
1033 914 1136 950 non
1160 897 1303 951 edit?
1326 895 1518 954 Curam
1561 899 1780 954 multam
1805 940 1822 966 ,
1867 916 1984 975 qua:

407 987 672 1042 doctorem
699 986 752 1041 in
777 987 1085 1042 erudiendis
1102 988 1376 1058 discipulis
1412 988 1587 1057 decet,
1615 990 1702 1046 hic
1730 992 1980 1048 ostendit.

399 1077 526 1132 Nam
548 1086 604 1133 et
627 1077 828 1134 milites
852 1088 906 1134 et
926 1080 1173 1149 agricolae
1197 1088 1251 1135 et
1271 1090 1513 1149 pastores
1537 1083 1765 1152 apostoli
1797 1094 1978 1152 erant;

395 1185 500 1225 non
525 1180 686 1225 terra:
711 1185 888 1240 neque
909 1170 1184 1225 brutorum
1208 1187 1378 1242 neque
1395 1172 1654 1229 bellorum
1673 1175 1976 1241 sensilium,

392 1262 488 1319 sed
517 1263 824 1318 animarum
852 1264 1191 1322 rationalium
1233 1274 1288 1319 et
1332 1263 1503 1332 aciei,
1552 1281 1672 1336 qute
1719 1266 1981 1324 adversus

392 1355 678 1412 daemonas
701 1356 998 1413 instruitur.
1031 1357 1164 1414 Illud
1194 1373 1404 1431 quoque
1429 1359 1824 1417 observandum
1854 1371 1939 1418 est
1960 1404 1978 1431 ,

393 1449 676 1519 quomodo
702 1448 896 1522 ubique
920 1449 1336 1508 moderationem
1353 1451 1676 1520 adhibuerit,
1695 1454 1978 1510 utilitatem

397 1541 576 1596 solum
604 1556 852 1614 quarens
870 1584 888 1610 ,
915 1558 1022 1598 non
1053 1559 1142 1600 res
1166 1546 1483 1616 superﬂuas.
1511 1546 1627 1602 Non
1656 1548 1800 1604 enim
1820 1549 1971 1615 dixit,

398 1635 536 1708 Quis
558 1644 760 1708 pugnat
779 1643 835 1691 et
859 1651 964 1691 non
985 1636 1134 1691 dives
1159 1639 1280 1692 est?
1311 1637 1406 1692 sed
1424 1679 1440 1704 ,
1475 1637 1600 1706 Quis
1643 1641 1828 1696 militat
1871 1643 1974 1696 suis

400 1726 670 1796 stipendiis
697 1726 971 1796 umquam?
1005 1726 1123 1782 Non
1148 1727 1301 1793 dixit,
1325 1728 1455 1794 Quis
1476 1729 1682 1799 plantat
1698 1731 1902 1787 vineam
1924 1741 1976 1788 et

401 1833 512 1874 non
531 1818 736 1889 colligit
759 1833 969 1885 aurum,
1000 1829 1092 1874 aut
1115 1817 1346 1876 fructum
1372 1827 1539 1875 totum
1565 1837 1668 1878 non
1699 1821 1974 1894 decerpit?

397 1910 518 1977 sed,
545 1910 634 1966 Ea:
655 1915 829 1982 fructu
855 1913 962 1981 ejus
987 1928 1087 1965 non
1121 1913 1334 1968 comedit
1351 1913 1378 1966 .9
1400 1912 1583 1984 Neque
1623 1914 1793 1984 dixit,
1841 1915 1970 1988 Quis

390 2003 559 2076 pascit
585 2017 804 2074 gregem
836 2013 890 2058 et
916 2003 984 2058 de
1011 2005 1166 2076 agnis
1190 2019 1297 2059 non
1327 2015 1539 2062 exercet
1568 2017 1920 2063 mercaturam
1945 2009 1969 2064 ?

386 2091 483 2149 sed
508 2092 822 2164 quomodo?
848 2093 915 2148 Et
948 2109 1013 2149 ea;
1037 2095 1150 2165 ejus
1174 2095 1301 2149 lacte
1325 2112 1423 2149 non
1445 2097 1699 2151 comedit?
1739 2098 1854 2155 Non
1900 2117 1967 2156 ex

383 2187 560 2258 agnis,
584 2186 681 2243 sed
707 2186 792 2241 Ea:
809 2187 972 2252 lacte;
1000 2188 1289 2242 ostendens
1304 2188 1574 2245 doctorem
1593 2207 1755 2262 parvo
1774 2193 1968 2248 solatio

382 2285 696 2335 contentum
721 2294 840 2334 esse
864 2290 1147 2351 oportere,
1192 2281 1414 2352 soloque
1465 2284 1771 2340 necessario
1821 2285 1962 2341 cibo.

381 2367 508 2424 Haec
531 2368 599 2423 ad
625 2383 719 2424 eos
740 2409 755 2433 ,
784 2369 874 2440 qui
905 2370 1085 2426 volunt
1105 2371 1283 2425 omnia
1308 2371 1593 2428 comedere
1612 2413 1627 2436 ,
1655 2383 1710 2428 et
1734 2374 1961 2431 fructum

381 2468 551 2516 totum
583 2460 891 2531 decerpere.
939 2461 1088 2516 Hanc
1131 2470 1188 2516 et
1231 2463 1488 2519 Dominus
1533 2465 1704 2537 legem
1748 2468 1959 2536 posuit,

379 2549 608 2607 dicens:
643 2549 842 2622 Dignus
869 2562 942 2608 est
984 2553 1251 2623 operarius
1292 2555 1402 2609 cibo
1455 2573 1549 2611 suo
1599 2557 1824 2627 (Matth.
1869 2561 1957 2617 10.

379 2643 514 2713 10).
541 2643 660 2699 Non
699 2645 801 2700 hoc
839 2655 1018 2702 autem
1063 2647 1240 2702 solum
1286 2649 1546 2720 exemplis
1597 2651 1817 2720 probat,
1865 2653 1958 2709 sed

378 2735 545 2791 etiam
593 2735 828 2791 ostendit
875 2735 1087 2806 qualem
1139 2748 1387 2808 oporteat
1434 2755 1554 2796 esse
1602 2742 1954 2798 sacerdotem.

378 2826 596 2884 Etenim
623 2829 775 2885 militi
802 2829 998 2888 habere
1022 2830 1388 2890 fortitudinem
1416 2851 1551 2906 opus
1575 2847 1676 2903 est,
1709 2839 1956 2910 agricolae

378 2933 584 2989 curam,
617 2922 819 2992 pastori
845 2923 1260 2982 sollicitudinem
1295 2942 1309 2980 :
1339 2941 1402 2982 ac
1453 2937 1574 2998 post
1621 2931 1736 2984 haec
1777 2931 1955 2986 omnia

374 3008 508 3066 nihil
533 3010 764 3083 amplius
789 3029 1033 3085 quaerere
1060 3030 1218 3086 quam
1246 3019 1567 3076 necessaria.
1609 3017 1741 3074 Cum
1768 3029 1954 3077 osten-

376 3102 544 3160 disset
567 3118 720 3177 ergo,
747 3122 854 3163 non
879 3121 1003 3164 esse
1022 3109 1244 3165 vetitum
1271 3110 1476 3166 doctori
1507 3114 1772 3183 accipere,
1803 3127 1858 3170 et
1887 3129 1954 3171 ex

375 3195 684 3255 doctoribus
711 3208 765 3255 et
789 3215 856 3256 ex
886 3201 1012 3256 vitae
1040 3202 1363 3272 quotidianae
1387 3205 1650 3277 exemplis
1673 3246 1690 3268 ,
1721 3205 1789 3260 ad
1838 3215 1951 3262 ter-

375 3288 509 3343 tiutn
537 3299 697 3360 caput
721 3292 894 3360 venit,
920 3293 1000 3348 sic
1033 3291 1219 3349 dicens
1245 3312 1259 3347 :
1288 3289 1342 3350 8.
1381 3293 1642 3366 Numquid
1677 3297 1954 3352 secundum

385 3381 633 3436 hominem
658 3383 762 3438 lucc
783 3385 892 3438 dico
913 3385 940 3439 ?
954 3401 1020 3440 an
1043 3394 1088 3440 et
1114 3387 1198 3441 lea:
1214 3386 1320 3440 hac
1345 3403 1446 3441 non
1472 3389 1638 3443 dicit?
1654 3388 1785 3455 Quia
1807 3390 1951 3447 enim

382 3470 642 3530 hactenus
668 3491 734 3530 ex
755 3475 1038 3546 Scripturis
1080 3476 1212 3532 nihil
1251 3477 1413 3544 dixit,
1466 3480 1562 3535 sed
1613 3495 1951 3536 communem

377 3565 602 3634 protulit
650 3567 1078 3624 consuetudinem
1106 3609 1122 3635 ,
1169 3568 1247 3625 Ne
1294 3570 1491 3640 putetis
1539 3585 1626 3626 me
1668 3613 1682 3636 ,
1739 3572 1948 3641 inquit,

371 3655 527 3713 hisce
556 3656 656 3712 nitl
683 3659 814 3713 solis
835 3699 850 3726 ,
882 3674 1051 3730 neque
1079 3675 1145 3715 ex
1173 3659 1448 3714 hominum
1478 3661 1669 3730 placito
1697 3661 1810 3717 haec
1838 3669 1950 3715 sta-

369 3759 523 3804 tuere
552 3767 566 3802 :
595 3765 813 3820 possum
859 3752 998 3806 enim
1043 3752 1368 3816 ostendere,
1417 3751 1533 3806 hzec
1581 3752 1691 3808 Deo
1739 3768 1951 3824 quoque

367 3842 557 3914 placita
576 3857 714 3907 esse,
735 3852 790 3898 et
812 3852 1040 3899 veterem
1060 3844 1178 3915 lego
1203 3845 1370 3914 legem
1395 3843 1509 3899 haec
1532 3844 1947 3914 praecipientem.

369 3934 494 3990 ldeo
527 3949 622 4004 per
651 3935 1124 4005 interrogationem
1156 3935 1496 4005 progreditur
1518 3977 1533 4002 ,
1565 3935 1637 3990 uti
1666 3936 1804 3991 solet
1833 3935 1947 3991 fieri

368 4025 422 4079 in
469 4025 576 4091 iis,
620 4039 740 4095 quae
784 4027 1003 4081 omnino
1043 4027 1097 4081 in
1146 4027 1390 4082 confesso
1433 4036 1576 4091 sunt,
1607 4029 1685 4083 sic
1712 4026 1944 4083 dicens:

369 4116 643 4187 Numquid
661 4120 932 4174 secundum
960 4121 1213 4174 hominem
1248 4122 1354 4175 licet:
1382 4121 1536 4175 dico?
1562 4120 1616 4176 Id
1643 4132 1724 4177 est
1751 4164 1768 4190 ,
1808 4121 1946 4177 Num

367 4208 622 4264 humanis
645 4217 841 4265 tantum
867 4212 1130 4282 exemplis
1161 4213 1334 4267 nitor?
1359 4213 1537 4266 Annon
1565 4215 1714 4266 etiam
1744 4213 1824 4268 lea:
1841 4215 1949 4267 lucc

366 4299 537 4354 dicit!
573 4298 627 4355 9.
662 4300 921 4371 Scriptum
949 4313 1022 4356 est
1052 4304 1184 4358 enim
1207 4304 1260 4357 in
1284 4303 1392 4374 lege
1417 4303 1610 4373 Moysis
1639 4319 1656 4357 :
1681 4302 1800 4358 Non
1829 4301 1948 4358 alli-

365 4389 509 4460 gabis
534 4407 593 4446 os
619 4391 731 4446 bovi
757 4394 1038 4448 trituranti.
1071 4395 1140 4450 Et
1169 4409 1264 4450 cur
1312 4395 1425 4450 hmc
1475 4404 1772 4458 memorat,
1825 4411 1945 4452 cum

366 4479 594 4536 haberet
630 4483 935 4553 exemplum
966 4485 1344 4540 sacerdotum?
1372 4484 1673 4540 Admodum
1714 4485 1945 4539 ubertim

365 4571 482 4628 haec
509 4574 742 4644 probare
770 4575 978 4632 volens.
996 4577 1217 4642 Deinde,
1243 4593 1308 4633 ne
1330 4579 1448 4649 quis
1469 4578 1673 4633 diceret
1702 4595 1716 4633 :
1747 4577 1947 4647 Ecquid

363 4664 430 4718 ad
461 4681 583 4734 nos,
602 4667 745 4738 quod
775 4668 843 4724 de
866 4669 1036 4724 bobus
1065 4670 1267 4726 dictum
1296 4673 1416 4726 est?
1436 4673 1537 4727 hoc
1552 4681 1800 4727 accurate
1827 4671 1946 4726 dis-

358 4755 495 4811 cutit
519 4757 708 4812 dicens
734 4774 748 4812 :
782 4756 1048 4828 Numquid
1071 4761 1140 4814 ‘de
1189 4761 1340 4817 bobus
1361 4778 1482 4815 cura
1511 4771 1583 4817 est
1603 4761 1752 4818 Deo?
1777 4762 1948 4818 Boves

361 4861 492 4919 ergo
520 4863 632 4903 non
661 4857 836 4916 curat,
859 4865 1042 4919 quaeso
1069 4860 1142 4918 te,
1168 4851 1346 4907 Deus?
1372 4849 1539 4907 Curat
1582 4853 1765 4923 utique
1789 4893 1805 4920 ,
1851 4853 1945 4908 sed

362 4955 473 4995 non
496 4940 594 5008 ita,
628 4949 689 4995 ut
712 4940 781 4996 de
807 4941 894 4995 illa
917 4957 980 4997 re
1009 4943 1176 5014 legem
1206 4944 1406 4999 tulerit.
1441 4943 1775 5016 Quapropter
1798 4986 1813 5009 ,
1843 4946 1946 5000 nisi

361 5048 619 5105 magnum
649 5033 777 5104 quid
806 5034 1187 5103 subindicaret,
1213 5035 1426 5091 Judaeos
1457 5051 1552 5106 per
1596 5037 1747 5091 bruta
1793 5053 1948 5092 exer-

360 5142 490 5184 cens
517 5127 588 5182 ad
620 5127 1005 5198 benignitatem
1026 5171 1040 5194 ,
1064 5139 1224 5200 atque
1247 5130 1407 5184 etiam
1448 5129 1568 5183 illos
1596 5145 1688 5199 per
1727 5129 1843 5184 htcc
1878 5129 1946 5184 de

362 5218 678 5274 doctoribus
708 5219 1010 5288 alloquens,
1035 5236 1141 5276 non
1173 5221 1278 5276 tale
1307 5220 1632 5289 suscepisset
1676 5220 1907 5275 studium
1929 5259 1944 5288 ,

362 5320 492 5367 utet
521 5313 699 5382 legem
723 5313 984 5367 scriberet
1023 5313 1092 5369 de
1135 5313 1305 5369 bobus
1342 5327 1499 5369 camo
1545 5329 1649 5368 non
1698 5313 1942 5383 ligandis.

364 5401 490 5458 Inde
516 5413 697 5459 autem
720 5403 864 5458 aliud
886 5403 1141 5468 ostendit,
1169 5405 1392 5460 multum
1413 5419 1535 5461 esse
1560 5405 1838 5460 doctorum
1869 5406 1946 5460 la-

364 5494 550 5550 borem
581 5502 640 5549 et
667 5508 789 5549 esse
817 5493 1054 5559 debere;
1099 5494 1348 5562 aliudque
1393 5509 1625 5549 rursum.
1666 5495 1944 5562 Quodnam

364 5583 491 5640 illud
511 5586 536 5638 ?
561 5583 718 5652 Quod
748 5598 1104 5654 quascumque
1125 5583 1178 5638 in
1204 5583 1374 5638 veteri
1400 5583 1514 5653 lege
1555 5586 1622 5640 de
1667 5587 1945 5640 brutorum

364 5688 488 5730 cura
514 5676 791 5741 dicuntur,
824 5673 891 5729 ad
912 5675 1188 5730 hominum
1211 5675 1503 5730 doctrinam
1525 5678 1790 5749 prmcipue
1817 5692 1948 5731 con-

368 5764 576 5836 lerant;
610 5778 668 5824 ut
697 5774 752 5823 et
773 5764 880 5822 alia
901 5766 1080 5823 omnia
1111 5783 1125 5820 :
1154 5765 1299 5823 verbi
1324 5766 1511 5837 gratia,
1543 5784 1660 5838 quae
1685 5767 1755 5824 de
1778 5767 1940 5823 variis

1431 324 1499 379 IN
1537 323 1750 381 EPIST.
1795 323 1812 378 1
1877 322 1970 380 AD
2000 320 2161 380 C03.
2199 321 2429 380 HOMIL.
2472 325 2615 384 XXI.

3577 344 3676 398 ΓΗ

2093 419 2353 505 (restibus,
2381 453 2501 509 quia
2514 439 2580 494 de
2597 441 2786 508 vineis,
2812 444 2878 499 de
2899 447 3212 516 seminibus,
3236 448 3304 506 de
3335 461 3470 508 terra
3493 495 3508 518 ,
3532 459 3674 526 quod

2097 541 2203 580 non
2233 525 2441 584 diversa
2469 528 2710 587 facienda
2738 535 2842 601 sit,
2871 534 2939 591 de
2965 537 3148 610 lepra;
3195 541 3368 610 deque
3409 525 3568 610 aliis,
3617 557 3674 601 ut

2095 613 2166 668 ita
2187 615 2361 670 dicam
2380 659 2396 683 ,
2425 621 2692 677 omnibus.
2722 622 2854 680 Cum
2885 627 3025 682 enim
3049 630 3122 684 illi
3150 635 3441 690 crassiores
3469 649 3670 701 essent,

2095 702 2219 796 hinc
2243 706 2542 764 disserebat
2566 726 2689 766 cum
2721 714 2844 782 illis,
2878 718 3130 786 paulatim
3158 722 3301 792 ipsos
3327 726 3558 796 erigens.
3603 727 3672 783 Et

2089 794 2212 888 vide
2251 799 2522 867 quomodo
2566 801 2670 858 hoc
2707 821 2815 861 non
2859 808 2997 864 ultra
3038 813 3259 881 probet,
3309 794 3490 886 utpote
3527 819 3670 888 quod

2090 884 2305 953 planum
2335 895 2390 943 et
2417 903 2482 944 ex
2510 905 2571 945 se
2599 893 2934 952 manifestum
2964 901 3053 954 sit.
3083 898 3216 958 Cum
3247 884 3472 962 dixisset
3500 884 3667 975 enim,

2090 974 2357 1048 Numquid
2398 982 2463 1035 de
2502 982 2658 1040 bobus
2678 1002 2801 1040 cura
2823 1000 2894 1043 est
2921 990 3072 1047 Deo?
3105 997 3378 1066 subjunxit
3407 1016 3421 1052 :
3454 1001 3540 1056 10.
3589 974 3666 1060 An

2088 1075 2290 1160 propter
2318 1085 2410 1124 nos
2430 1074 2635 1128 omnino
2656 1076 2750 1131 hoc
2773 1079 2942 1134 dicit?
2982 1082 3091 1138 Nec
3131 1087 3247 1143 sine
3294 1105 3453 1147 causa
3497 1095 3620 1150 illud
3643 1139 3660 1160 ,

2091 1155 2328 1227 Omnino,
2353 1164 2523 1233 ponit,
2549 1167 2641 1221 sed
2679 1185 2745 1224 ne
2775 1171 2958 1241 liceret
2983 1176 3213 1232 auditori
3264 1183 3348 1237 vel
3396 1155 3661 1242 tantillum

2086 1250 2475 1310 contradicere.
2511 1258 2682 1326 Atque
2706 1261 2758 1314 in
2791 1266 3102 1335 metaphora
3137 1282 3335 1338 perstat
3380 1274 3562 1331 dicens
3609 1290 3663 1334 et

2085 1347 2434 1411 pronuntians
2463 1364 2477 1400 :
2510 1349 2647 1405 Nam
2673 1365 2878 1424 propter
2904 1374 2994 1412 nos
3028 1363 3216 1430 scripta
3257 1377 3406 1432 sunt;
3447 1371 3566 1438 quia
3608 1372 3662 1426 in

2081 1450 2171 1505 spe
2198 1437 2338 1491 debet
2362 1441 2451 1506 qui
2469 1453 2580 1496 arat
2605 1461 2753 1500 arare
2780 1463 2799 1501 :
2822 1448 2874 1503 id
2899 1459 3000 1516 est,
3027 1452 3217 1509 doctor
3239 1455 3396 1513 debet
3418 1437 3657 1519 laborum

2081 1528 2385 1585 mercedem
2416 1531 2614 1590 habere
2645 1554 2658 1590 :
2689 1547 2734 1592 et
2755 1541 2841 1608 qui
2866 1543 3087 1609 triturat,
3121 1545 3173 1599 in
3208 1563 3297 1616 spe
3322 1553 3515 1620 fructus
3544 1571 3660 1624 per-

2079 1619 2300 1688 cipiendi
2323 1641 2447 1679 esse.
2473 1627 2539 1682 Et
2563 1629 2683 1684 vide
2713 1633 3067 1700 prudentiam.
3098 1641 3139 1692 A
3165 1619 3369 1697 semine
3405 1619 3554 1699 enim.
3588 1649 3654 1702 ad

2078 1722 2257 1764 aream
2291 1729 2402 1768 rem
2435 1717 2704 1785 traduxit;
2754 1723 2839 1778 hic
2879 1740 3090 1780 rursum
3141 1730 3334 1786 multos
3376 1733 3654 1791 doctorum

2077 1802 2301 1859 sudores
2329 1808 2638 1878 ostendens,
2667 1815 2914 1883 quoniam
2948 1818 3045 1886 ipsi
3075 1830 3130 1873 et
3171 1830 3328 1876 arant
3365 1833 3420 1878 et
3468 1841 3648 1882 aream

2077 1901 2275 1990 terunt.
2318 1898 2384 1954 Et
2423 1901 2478 1956 in
2513 1903 2715 1958 arando
2749 1907 2985 1977 quidem,
3015 1913 3138 1981 quia
3166 1915 3338 1970 nullus
3357 1921 3653 1990 percipien-

2073 1984 2173 2041 dus
2199 1988 2402 2046 fructus
2424 2002 2574 2061 erat,
2603 1996 2697 2051 sed
2722 1997 2872 2055 labor
2895 2009 3097 2056 tantum
3126 1984 3522 2080 aderam—spem
3559 2027 3652 2082 po-

2072 2077 2179 2130 suit
2209 2094 2224 2132 :
2255 2079 2306 2133 in
2339 2083 2556 2139 terenda
2586 2101 2715 2142 vero
2738 2103 2882 2157 area,
2910 2091 3018 2160 jam
3048 2109 3199 2148 usum
3242 2077 3472 2155 fructum
3518 2077 3648 2158 con-

2070 2169 2235 2224 cessit
2260 2171 2442 2231 dicens
2466 2189 2478 2227 :
2507 2175 2574 2230 Et
2607 2180 2692 2248 qui
2713 2181 2934 2250 triturat,
2964 2185 3075 2254 ejus
3101 2189 3207 2258 spei
3233 2193 3486 2264 particeps
3514 2207 3607 2250 est.

2140 2260 2192 2315 4.
2222 2261 2445 2333 Deinde,
2491 2282 2559 2322 ne
2598 2273 2717 2340 quis
2759 2271 2918 2340 dicat,
2966 2276 3214 2336 chcine
3253 2292 3336 2338 est
3380 2260 3646 2344 tantorum

2067 2364 2275 2407 merces
2316 2355 2598 2413 laborum?
2644 2361 2857 2432 adjecit,
2901 2364 2970 2420 In
3014 2386 3141 2438 spe,
3193 2374 3400 2431 scilicet
3442 2376 3642 2438 futura.

2067 2442 2204 2498 Nihil
2234 2461 2364 2517 ergo
2389 2449 2534 2506 aliud
2569 2453 2766 2510 clamat
2790 2471 2851 2512 os
2890 2457 3045 2530 hujus
3073 2465 3318 2521 animalis
3342 2483 3497 2526 camo
3539 2489 3643 2528 non

2066 2535 2305 2608 ligatum,
2348 2559 2504 2613 quam
2553 2549 2695 2617 quod
2743 2561 2988 2621 oporteat
3037 2555 3290 2614 doctores
3337 2562 3644 2622 laborantes

2063 2632 2312 2688 mercede
2338 2634 2461 2691 frui.
2492 2638 2577 2692 Η.
2604 2638 2667 2694 Si
2691 2657 2782 2696 nos
2802 2643 2938 2698 vobis
2959 2647 3246 2714 spiritualia
3266 2655 3640 2723 seminavimus,

2061 2739 2300 2794 magnum
2343 2737 2437 2792 est,
2480 2729 2524 2782 si
2570 2746 2661 2785 nos
2699 2735 2928 2788 carnalia
2970 2749 3131 2792 uestra
3173 2746 3459 2800 metamus!
3504 2747 3643 2804 Ecce

2060 2824 2307 2882 quartum
2336 2817 2496 2873 etiam
2526 2819 2673 2877 addit
2699 2825 3034 2882 ratiocinium
3059 2869 3075 2893 ,
3101 2831 3243 2900 quod
3273 2843 3516 2901 oporteat
3540 2839 3641 2892 ali-

2061 2914 2240 2960 menta
2265 2909 2524 2977 prreberc.
2549 2911 2685 2980 Quia
2706 2915 2848 2970 enim
2876 2916 3030 2984 dixit,
3059 2919 3185 2987 Quis
3212 2923 3395 2978 militat
3420 2929 3642 2998 propriis

2057 2998 2323 3068 stipendiis
2351 3007 2630 3073 umquam?
2651 3015 2725 3069 et,
2759 3006 2886 3074 Quis
2912 3011 3106 3080 plantat
3135 3015 3330 3070 vineam
3351 3017 3378 3072 .9
3403 3027 3476 3086 et,
3514 3020 3640 3086 Quis

2057 3092 2218 3160 pascit
2254 3097 2496 3164 gregem?
2538 3105 2592 3152 et
2620 3097 2839 3155 adduxit
2877 3101 3068 3159 bovem
3091 3107 3456 3177 triturantem;
3480 3113 3636 3168 aliam

2058 3183 2259 3253 profert
2275 3202 2493 3244 causam
2514 3191 2706 3246 rationi
2728 3193 2882 3250 valde
2902 3209 3215 3268 consonam,
3237 3213 3456 3273 propter
3477 3221 3637 3276 quam

2052 3277 2172 3347 jure
2216 3282 2492 3350 accepturi
2535 3295 2725 3351 erant;
2755 3287 2899 3355 quod
2927 3304 3032 3345 non
3074 3291 3234 3348 modo
3279 3294 3634 3364 laborassent,

2055 3370 2148 3424 sed
2175 3379 2230 3425 et
2249 3372 2405 3443 longe
2428 3375 2632 3444 majora
2662 3378 3032 3445 pmbuissent.
3061 3383 3318 3450 Quaenam
3359 3403 3487 3459 ergo
3516 3393 3636 3444 est?

2059 3465 2119 3520 Si
2145 3483 2236 3520 nos
2256 3469 2393 3524 vobis
2418 3470 2708 3538 spiritualia
2731 3475 3088 3529 seminavimus
3107 3519 3120 3543 ,
3155 3495 3393 3549 magnum
3443 3491 3513 3535 est
3537 3523 3552 3547 ,
3593 3484 3635 3538 si

2056 3572 2147 3609 nos
2175 3559 2404 3612 carnalia
2432 3570 2596 3613 vestra
2617 3563 2910 3617 metamus?
2937 3565 3180 3620 Vidistin’
3207 3583 3422 3624 causam
3443 3571 3634 3638 justis-

2054 3648 2266 3712 simam,
2291 3659 2342 3703 et
2364 3650 2532 3720 magis
2553 3667 2711 3721 quam
2740 3655 2948 3722 priores
2973 3658 3163 3712 rationi
3188 3666 3636 3719 consentaneam?

2057 3741 2170 3794 Illic
2200 3755 2430 3812 namque
2474 3743 2620 3811 dicit,
2666 3745 2892 3802 Carnale
2940 3763 3124 3805 semen
3171 3761 3272 3819 est,
3321 3755 3550 3809 carnalis
3580 3767 3635 3811 et

2053 3829 2298 3887 fructus?
2328 3833 2414 3887 hic
2457 3843 2632 3890 autem
2680 3850 2786 3892 non
2828 3837 2925 3905 sic,
2970 3840 3063 3896 sed
3091 3856 3274 3898 semen
3314 3845 3629 3914 spirituale,

2055 3940 2264 3982 merces
2290 3941 2420 3982 vero
2445 3929 2694 3985 carnalis.
2726 3929 2856 3986 Nam
2883 3945 2953 3988 ne
2985 3933 3208 3990 multum
3236 3936 3335 3992 sibi
3361 3938 3634 4006 placerent

2053 4017 2126 4083 ii,
2155 4017 2246 4087 qui
2287 4017 2487 4088 aliquid
2512 4019 2822 4078 doctoribus
2861 4024 3199 4093 praeberent,
3244 4028 3475 4083 ostendit
3505 4029 3628 4084 illos

2053 4109 2255 4180 majora
2281 4127 2440 4182 quam
2467 4112 2596 4169 dent
2622 4117 2886 4187 accipere.
2919 4119 3182 4189 Agricola:
3209 4136 3438 4192 namque
3462 4164 3476 4188 ,
3506 4138 3626 4193 quae

2052 4202 2348 4271 seminant,
2376 4204 2565 4260 eadem
2595 4206 2709 4276 ipsa
2738 4210 3002 4278 accipiunt
3034 4227 3047 4264 :
3081 4225 3178 4266 nos
3207 4222 3383 4268 autem
3405 4256 3420 4281 ,
3453 4216 3541 4284 qui
3573 4215 3625 4268 in

2050 4292 2327 4348 animabus
2370 4296 2564 4349 vestris
2607 4297 2901 4365 spiritualia
2933 4299 3160 4354 serimus
3180 4341 3195 4366 ,
3225 4305 3474 4357 metimus
3502 4318 3626 4359 car-

2053 4384 2190 4437 nalia
2231 4402 2244 4438 :
2286 4385 2390 4438 tale
2434 4401 2662 4456 namque
2704 4397 2787 4442 est
2821 4388 3131 4443 alimentum
3180 4389 3248 4445 ab
3286 4391 3391 4446 illis
3423 4393 3628 4448 datum.

2057 4474 2257 4530 Deinde
2288 4475 2544 4545 majorem
2571 4477 2728 4532 infert
2753 4478 3013 4549 pudorem
3042 4497 3057 4538 :
3084 4479 3170 4535 l2.
3201 4482 3264 4537 Si
3289 4482 3378 4536 alii
3404 4493 3626 4555 ροιεειας

2054 4567 2116 4619 tis
2145 4574 2324 4620 vestra:
2347 4568 2620 4637 participes
2643 4579 2762 4623 sunt
2785 4609 2800 4637 ,
2833 4586 2990 4639 quare
3013 4589 3115 4627 non
3141 4575 3309 4644 potius
3332 4592 3424 4630 nos
3440 4577 3466 4631 .’
3491 4577 3629 4633 Ecce

2053 4661 2211 4714 aliam
2251 4661 2513 4716 rationem
2533 4702 2548 4725 ,
2591 4677 2711 4732 quae
2739 4670 2792 4717 et
2820 4662 2932 4732 ipsa
2975 4663 3042 4719 ab
3071 4667 3328 4736 exemplis
3354 4670 3583 4723 sumitur
3605 4709 3623 4735 ,

2051 4752 2145 4808 sed
2193 4769 2297 4809 non
2343 4767 2373 4808 a
2414 4754 2696 4809 similibus.
2737 4754 2921 4826 Neque
2962 4757 3104 4811 enim
3151 4755 3238 4812 hic
3284 4757 3498 4814 Petrum
3530 4775 3628 4815 nec

2051 4849 2323 4918 apostolos
2350 4854 2646 4913 memorat,
2676 4847 2770 4904 sed
2814 4849 2948 4904 alios
2988 4851 3243 4920 quosdam
3274 4851 3625 4918 adulterinos,

2051 4949 2238 4994 contra
2265 4954 2398 5009 quos
2423 4939 2677 5008 deinceps
2705 4954 2932 5011 pugnam
2968 4942 3219 5006 instruit,
3251 4957 3313 4997 ac
3339 4942 3406 4996 de
3431 4945 3625 5012 quibus

2053 5032 2182 5086 dicit
2207 5049 2220 5085 :
2251 5030 2313 5086 Si
2337 5031 2448 5098 quis
2478 5045 2563 5085 vos
2588 5031 2820 5098 devorat,
2847 5033 2894 5086 si
2926 5034 3036 5101 quis
3064 5033 3282 5103 accipit,
3326 5034 3368 5086 si
3398 5037 3508 5102 quis
3534 5052 3626 5088 ea:-

2054 5125 2269 5186 tollitur,
2292 5124 2335 5176 si
2361 5123 2472 5190 quis
2501 5128 2552 5176 in
2579 5125 2760 5193 faciem
2787 5140 2875 5178 vos
2903 5126 3051 5178 cwdit
3077 5125 3096 5194 (
3117 5123 3172 5176 2.
3206 5124 3322 5177 Cor.
3354 5127 3441 5180 Η.
3469 5126 3540 5183 20
3563 5128 3583 5200 )
3608 5145 3625 5195 ;

2053 5225 2106 5269 et
2132 5214 2255 5268 belli
2283 5222 2465 5267 contra
2489 5227 2583 5266 eos
2603 5213 2819 5282 gerendi
2839 5213 2948 5282 jam
2971 5213 3095 5268 facit
3115 5214 3450 5283 prmludium.
3481 5217 3630 5273 Ideo—

2053 5322 2158 5376 que
2186 5322 2292 5361 non
2315 5305 2474 5371 dixit,
2505 5305 2561 5360 Si
2601 5305 2688 5359 alii
2719 5320 2747 5358 a
2777 5307 2932 5362 vobis.
2966 5308 3273 5376 accipiunt;
3315 5309 3409 5364 sed
3451 5323 3632 5366 omen-

2054 5399 2188 5453 dens
2229 5398 2442 5451 illorum
2485 5398 2866 5468 arrogantiam,
2908 5400 3246 5471 tyrannidem
3282 5409 3336 5454 et
3363 5416 3630 5455 commer-

2054 5493 2193 5548 cium
2214 5534 2228 5558 ,
2253 5491 2380 5546 dicit
2413 5510 2427 5546 :
2457 5492 2519 5547 Si
2546 5493 2637 5548 alii
2663 5495 2919 5562 potestatis
2959 5507 3135 5549 vestrm
3172 5495 3442 5565 participes
3471 5503 3586 5546 sunt
3607 5507 3629 5550 :

2055 5585 2107 5640 id
2135 5593 2246 5649 est,
2275 5586 2320 5640 si
2352 5585 2615 5654 imperant
2636 5588 2787 5642 vobis
2811 5629 2827 5653 ,
2851 5589 2896 5642 si
2924 5597 3240 5657 potestatem
3270 5593 3556 5649 exercent,
3585 5588 3631 5639 si

2055 5685 2115 5731 ut
2151 5676 2360 5732 famulis
2383 5686 2605 5733 utuntur
2629 5720 2644 5744 ,
2672 5695 2778 5733 non
2811 5679 2970 5733 modo
2997 5678 3322 5746 accipientes
3345 5713 3360 5738 ,
3394 5673 3485 5726 sed
3511 5689 3633 5730 cum

2056 5769 2218 5824 multa
2240 5768 2579 5826 accuratione
2605 5779 2657 5826 et
2683 5769 3027 5825 auctoritate.
3073 5767 3196 5823 ldco
3237 5761 3481 5830 addidit,
3510 5764 3631 5821 Non
