3986 6202
342 226 442 282 175

344 340 511 410 potius
537 337 670 394 nos?
697 335 836 410 quod
874 349 979 391 non
1007 333 1260 402 dixisset,
1289 335 1334 386 si
1359 331 1427 386 de
1457 328 1714 400 apostolis
1752 337 1930 382 sermo

343 441 506 488 esset.
551 429 658 487 Sed
704 430 878 501 palam
925 435 1041 490 est,
1091 425 1237 480 illum
1285 422 1543 494 quosdam
1591 419 1929 477 subindicare

348 525 714 594 perniciosos,
769 521 859 592 qui
919 521 1064 591 ipsos
1113 517 1442 587 deciperent.
1493 513 1674 585 Itaque
1737 521 1931 582 praeter

345 615 541 687 Moysis
566 615 736 683 legem
777 625 873 666 vos
905 623 1118 680 quoque
1156 607 1327 678 legem
1357 607 1566 669 tulistis,
1603 603 1744 675 quod
1787 620 1928 674 prm-

349 707 475 762 bere
495 713 758 777 oporteat.
781 703 916 758 Cum
937 701 1070 756 dixit
1090 709 1295 764 autem,
1325 695 1444 751 Non
1471 701 1635 766 potius
1660 694 1794 749 nos?
1823 710 1928 747 non

348 798 538 869 probat
577 812 673 870 cur
719 796 886 852 nmlto
912 793 1081 864 magis
1105 798 1374 862 oporteat,
1416 790 1510 844 sed
1558 789 1770 843 illorum
1801 801 1931 841 con-

293 877 300 882 ’
347 877 954 959 scientiteprobandum
1001 885 1292 956 relinquit,
1326 883 1593 952 simulque
1631 889 1686 937 et
1729 889 1931 935 terrere

347 984 535 1040 volens
564 991 620 1040 et
653 983 909 1050 majorem
959 980 1200 1035 incutere
1245 975 1526 1047 pudorem.
1571 973 1676 1029 Sed
1713 989 1813 1026 non
1852 970 1934 1024 usi

347 1094 522 1132 sumus
573 1075 663 1130 tali
710 1082 970 1146 potestate.
1004 1072 1060 1126 ld
1085 1080 1203 1138 est,
1233 1069 1348 1124 Non
1387 1068 1713 1136 accepimus.
1744 1063 1933 1119 Vidcn’

349 1167 641 1240 quomodo,
685 1182 807 1222 cum
849 1165 999 1236 prius
1044 1174 1120 1217 tot
1165 1161 1457 1217 rationibus
1481 1159 1795 1231 probasset,
1828 1171 1932 1210 non

349 1279 470 1318 esse
501 1269 687 1316 contra
716 1259 888 1329 legem
915 1299 930 1324 ,
963 1257 1208 1325 accipere
1235 1296 1248 1315 .
1280 1264 1405 1309 tunc
1443 1252 1574 1307 dixit
1608 1271 1620 1306 :
1649 1251 1764 1306 Non
1795 1249 1935 1304 acci-

353 1357 552 1426 pimus,
597 1369 664 1410 ne
705 1353 946 1407 videatur
985 1350 1254 1404 abstinere
1288 1357 1554 1415 tamquam
1584 1358 1615 1398 a
1645 1341 1932 1414 prohibito.

351 1450 470 1506 Non
499 1449 664 1515 enim,
693 1446 884 1517 inquit,
911 1443 1054 1512 quod
1079 1457 1183 1496 non
1209 1441 1386 1503 liceat,
1419 1455 1524 1494 non
1551 1437 1789 1507 accipio;
1816 1436 1939 1492 licet

353 1542 518 1603 enim,
543 1549 600 1596 et
619 1539 722 1594 hoc
742 1553 806 1593 ex
831 1536 1010 1591 multis
1031 1534 1540 1596 demonstravimus;
1570 1545 1635 1586 ex
1657 1527 1936 1599 apostolis,

354 1651 422 1690 ex
449 1633 610 1688 rebus
635 1647 754 1702 quae
785 1631 837 1684 in
867 1630 971 1684 vita
1014 1628 1177 1690 finiit,
1209 1641 1274 1679 ex
1304 1624 1505 1688 milite,
1538 1621 1806 1692 agricola,
1837 1633 1940 1691 pa-

355 1735 502 1780 store
522 1765 538 1787 ,
571 1739 598 1776 a
631 1723 748 1792 lege
779 1720 996 1789 llloysis,
1030 1717 1096 1772 ab
1124 1717 1236 1786 ipsa
1263 1719 1340 1769 rei
1370 1723 1556 1767 natura
1583 1755 1597 1777 ,
1629 1712 1748 1780 quia
1775 1709 1936 1766 semi-

354 1817 602 1873 navimus
639 1812 790 1867 vobis
829 1807 1157 1880 spiritualia;
1203 1821 1268 1876 ex
1300 1805 1365 1860 iis
1390 1845 1405 1872 ,
1451 1819 1570 1875 qua:
1600 1816 1694 1856 vos
1738 1800 1940 1855 fecistis

355 1923 479 1978 erga
520 1906 655 1974 alios
687 1901 826 1966 :sed
855 1901 992 1962 sicut
1017 1940 1032 1964 ,
1075 1913 1143 1958 ue
1173 1897 1442 1952 videretur
1481 1893 1684 1966 pudore
1725 1891 1941 1946 afficere

355 1998 650 2070 apostolos.
673 1983 769 2065 'qui
796 1992 1154 2063 accipiebant,
1185 1988 1300 2043 luce
1325 1986 1523 2058 posuit,
1552 1984 1810 2055 pudorem
1838 1982 1943 2036 illis

362 2091 630 2148 incutiens
657 2097 713 2143 et
735 2085 1024 2142 ostendens
1065 2097 1123 2138 se
1150 2097 1257 2136 non
1287 2095 1319 2134 a
1345 2094 1404 2134 re
1431 2087 1489 2132 ut
1521 2075 1784 2146 prohibita
1813 2074 1940 2128 abs-

359 2186 530 2240 tinere
561 2201 576 2238 :
607 2182 681 2236 ita
709 2193 920 2234 rursum
948 2218 963 2242 ,
1005 2190 1074 2230 ne
1103 2188 1198 2243 per
1234 2171 1454 2227 multam
1499 2169 1641 2222 illam
1673 2165 1942 2236 probatio-

359 2292 483 2332 nem
523 2284 578 2330 et
617 2269 914 2340 frequentia
943 2266 1210 2335 exempla,
1243 2263 1395 2334 queis
1423 2260 1659 2316 ostendit
1700 2260 1945 2328 accipere

359 2377 631 2441 Oportere,
655 2364 931 2419 videretur
955 2368 1012 2414 ut
1029 2359 1256 2428 accipiat
1275 2369 1538 2427 quaerere,
1569 2353 1796 2422 ideoque
1824 2353 1946 2407 talia

361 2461 632 2534 proferre;
658 2458 768 2528 jam
811 2454 943 2510 illud
987 2451 1238 2522 corrigit;
1281 2459 1335 2506 et
1363 2449 1560 2504 clarius
1599 2448 1816 2502 demum
1846 2445 1947 2500 hoc

362 2553 562 2626 posuit,
595 2566 718 2605 cum
749 2547 876 2604 dicit
903 2565 916 2600 :
950 2544 1071 2600 Non
1110 2542 1291 2613 scripsi
1319 2550 1488 2595 autem
1528 2543 1637 2594 Itwc
1659 2581 1674 2605 ,
1717 2548 1770 2593 ut
1794 2539 1866 2593 sic
1894 2540 1949 2593 in

367 2663 450 2700 me
473 2645 565 2714 ﬁat
593 2658 611 2698 :
641 2642 728 2697 hic
757 2654 916 2711 porro
939 2637 1089 2702 dicit,
1109 2635 1228 2690 Non
1253 2634 1333 2689 usi
1361 2649 1533 2688 sumus
1559 2633 1654 2685 hac
1681 2641 1944 2702 potestate.

363 2737 622 2808 Quodque
648 2732 819 2802 majus
840 2741 942 2799 est,
966 2729 1042 2784 Ne
1063 2727 1192 2784 illud
1214 2725 1429 2798 quidem
1453 2723 1648 2796 poterit
1669 2724 1948 2794 quisquam

366 2833 564 2896 dicere,
597 2827 738 2900 quod
761 2842 881 2881 cum
909 2825 1065 2880 nobis
1089 2822 1282 2892 ampla:
1309 2820 1593 2876 facultates
1617 2827 1798 2874 essent
1820 2859 1836 2884 ,
1866 2815 1951 2871 his

372 2941 476 2980 non
504 2923 586 2978 usi
616 2922 814 2985 simus;
855 2916 1116 2987 siquidem
1166 2919 1391 2984 urgente
1433 2912 1792 2977 necessitate,
1842 2925 1949 2964 non

367 3016 625 3073 cessimus
653 3010 958 3068 necessitati
991 3027 1004 3064 :
1039 3008 1090 3063 id
1118 3007 1259 3078 quod
1288 3007 1447 3062 etiam
1481 3007 1532 3060 in
1561 3005 1796 3060 secunda
1822 3003 1895 3058 ait
1931 3023 1945 3057 :

369 3110 512 3164 Alias
539 3105 794 3161 Ecclesias
817 3103 1091 3174 exspoliavi
1111 3143 1124 3166 ,
1151 3101 1403 3170 accipiens
1431 3100 1682 3169 stipendia
1705 3099 1773 3152 ad
1797 3097 1949 3152 mini-

369 3200 576 3254 sterium
605 3206 864 3259 vestrum;
902 3206 946 3248 et
983 3211 1096 3248 cum
1135 3209 1292 3247 essem
1321 3194 1461 3262 apud
1503 3207 1588 3246 vos
1626 3201 1673 3246 et
1713 3206 1948 3261 egerem,

369 3293 496 3347 nulli
523 3307 762 3346 onerosus
791 3290 867 3361 fui
895 3287 971 3356 (2.
1003 3288 1119 3341 Cor.
1151 3288 1237 3342 ll.
1271 3286 1330 3356 8)
1361 3302 1376 3350 ;
1420 3293 1474 3341 et
1514 3285 1566 3339 in
1597 3285 1698 3340 hac
1726 3299 1949 3339 rursus:

371 3387 438 3442 Et
477 3386 725 3441 esurimus
760 3393 804 3438 et
837 3382 1035 3437 sitimus
1057 3391 1102 3434 at
1125 3379 1250 3433 nudi
1278 3396 1452 3434 sumus
1476 3389 1523 3434 et
1546 3378 1776 3448 colaphis
1799 3378 1954 3432 credi-

372 3497 484 3534 mur
510 3478 585 3552 (l.
622 3476 739 3532 Cor.
780 3477 835 3532 4.
879 3476 982 3544 ll).
1015 3474 1080 3528 Et
1117 3472 1204 3528 hic
1243 3488 1426 3529 rursus
1452 3472 1682 3543 idipsum
1707 3471 1952 3527 subiudi-

369 3585 496 3638 cat,
542 3571 770 3634 dicens,
810 3569 916 3625 Sed
961 3567 1130 3622 nuntia
1167 3566 1490 3621 sustinemus.
1538 3565 1731 3622 Dicens
1776 3565 1951 3630 enim,

373 3663 558 3718 Omnia
600 3663 922 3725 sustinemus,
972 3658 1164 3712 famem
1209 3656 1510 3712 subindicat
1551 3665 1604 3712 et
1649 3657 1951 3727 angustiam

370 3757 614 3820 multam,
639 3755 848 3823 aliaque
874 3753 1074 3806 omnia.
1099 3750 1206 3806 Sed
1237 3765 1410 3819 neque
1438 3751 1534 3813 sic,
1570 3749 1760 3820 inquit,
1783 3750 1954 3806 coacti

372 3859 561 3902 sumus
583 3843 794 3898 solvere
820 3843 1013 3910 legem,
1045 3854 1205 3910 quam
1238 3840 1392 3894 nobis
1418 3839 1548 3909 ipsis
1575 3839 1949 3908 imposuimus.

373 3935 592 4004 Quare?
614 3932 697 3988 Ne
721 3933 858 4002 quod
886 3930 1248 3997 o/fendiculum
1268 3929 1445 3985 demus
1464 3931 1721 4001 evangelio
1744 3931 1952 3986 Christi.

373 4029 507 4096 Quia
532 4026 674 4082 enim
699 4025 1021 4080 infirmiores
1050 4021 1310 4076 Corinthii
1329 4033 1500 4088 erant,
1525 4021 1600 4076 Ne
1623 4037 1738 4090 vos,
1763 4023 1953 4093 inquit,

375 4119 768 4176 offenderemus
799 4115 1147 4186 accipientes,
1177 4112 1464 4168 maluimus
1490 4115 1608 4184 plus
1633 4129 1793 4185 quam
1820 4130 1958 4184 pra:-

372 4223 584 4283 ceptum
611 4218 728 4267 erat
762 4208 959 4274 facere,
991 4223 1150 4279 quam
1185 4205 1393 4262 obicem
1423 4208 1727 4278 quempiam
1762 4207 1956 4264 afferre

373 4304 680 4375 evangelio;
709 4301 762 4356 id
793 4310 894 4367 est,
930 4300 1250 4356 institutioni
1280 4309 1493 4356 vestrm.
1537 4299 1594 4356 Si
1623 4309 1801 4356 autem
1831 4317 1952 4368 nos,

373 4398 584 4455 etiamsi
613 4398 802 4453 liceret
838 4395 992 4450 nobis
1019 4404 1073 4451 et
1101 4395 1319 4450 multam
1360 4395 1468 4449 vim
1502 4405 1825 4465 pateremur,
1856 4412 1954 4452 ex-

373 4493 714 4560 emplumque
746 4489 1064 4544 haberemus
1092 4488 1385 4558 apostolos,
1407 4488 1458 4543 id
1485 4503 1588 4544 non
1609 4489 1852 4557 fecimus,
1875 4489 1956 4544 Ne

373 4580 741 4651 o/rentliculum
768 4581 942 4634 demus
969 4582 1090 4652 (nec
1115 4581 1249 4635 dixit
1273 4582 1606 4636 eversionem
1627 4624 1643 4648 ,
1668 4585 1760 4638 sed
1787 4585 1959 4639 offen-

371 4677 634 4740 dieulum,
683 4687 784 4728 nec
828 4672 1140 4740 simpliciter
1166 4671 1547 4726 ofl’endiculum
1569 4713 1584 4737 ,
1613 4674 1704 4728 sed
1731 4675 1956 4730 offendi-

373 4768 552 4822 culum
581 4763 849 4836 quoddam
874 4803 890 4826 ,
923 4773 981 4818 ut
1005 4777 1072 4816 ne
1092 4763 1175 4817 vel
1202 4763 1528 4818 levissimam
1570 4779 1777 4820 moram
1805 4767 1954 4822 verbi

369 4858 553 4917 cursui
583 4855 923 4916 inferremus)
949 4873 962 4909 :
992 4855 1036 4910 si
1065 4870 1194 4924 ergo
1223 4871 1322 4910 nos
1349 4865 1492 4910 tanta
1515 4858 1594 4912 usi
1621 4871 1804 4913 sumus
1834 4859 1957 4913 dili-

370 4954 580 5025 gentia,
616 4950 816 5021 inquit,
853 4958 1055 5019 quanto
1095 4947 1264 5018 magis
1293 4963 1420 5014 vos,
1453 4953 1544 5021 qui
1589 4951 1658 5006 ab
1697 4953 1956 5022 apostolis

370 5049 529 5117 longe
567 5043 786 5106 abestis,
833 5055 1006 5112 neque
1049 5040 1220 5111 legem
1252 5042 1472 5111 potestis
1513 5042 1695 5099 dicere
1739 5061 1858 5115 qua:
1905 5047 1953 5101 id

373 5137 682 5208 permittat:
712 5134 805 5190 sed
832 5143 1018 5189 contra
1043 5134 1203 5190 etiam
1233 5133 1496 5204 prohibita
1526 5137 1760 5206 tangitis,
1792 5147 1955 5208 atque

371 5235 534 5287 etiam
556 5244 674 5299 quae
701 5227 951 5283 damnum
979 5243 1226 5298 magnum
1254 5229 1483 5285 afferunt
1507 5232 1810 5308 evangelio;
1845 5249 1954 5288 non

371 5321 681 5380 offendiculi
719 5320 879 5376 modo
906 5321 1105 5375 vitandi
1145 5335 1326 5386 causa,
1353 5322 1447 5377 sed
1478 5323 1680 5378 nullam
1710 5325 1954 5381 videntes

371 5423 660 5476 instantem
709 5413 1126 5478 necessitatem,
1183 5412 1454 5472 abstinere
1510 5426 1742 5486 Oportet.
1805 5417 1953 5472 Hane

374 5516 513 5570 enim
559 5520 725 5569 totam
769 5507 937 5565 movit
961 5507 1258 5562 orationem
1290 5518 1509 5577 pr0pter
1547 5510 1668 5567 illos
1694 5553 1709 5576 ,
1737 5512 1828 5582 qui
1857 5527 1952 5582 per

375 5606 549 5660 cibum
582 5601 1004 5673 idolothytorum
1032 5597 1474 5657 imbecillioribus
1503 5600 1758 5664 fratribus
1788 5603 1952 5661 oﬂ’en-

377 5698 548 5754 diculo
575 5705 748 5753 erant.

1080 218 1138 276 S.
1177 217 1454 276 JOANNfS
1488 209 1960 272 CHRYSOSTOMI
1987 209 2303 280 ARCHIEP.
2341 213 2872 276 CONS'I'ANTINOP.

3507 225 3610 284 {'76

2104 329 2158 383 5.
2185 328 2309 385 Haec
2337 344 2437 385 nos
2458 347 2670 402 quoque
2690 334 2988 402 audiamus,
3019 333 3223 402 dilecti,
3257 343 3318 390 ut
3343 351 3410 392 ne
3433 336 3611 408 despi-

2030 419 2234 474 ciamus
2271 435 2366 476 eos
2404 426 2490 492 qui
2520 422 2894 488 oﬂ'enduntur,
2929 441 2995 482 ne
3039 426 3414 482 offendiculum
3447 445 3612 499 pona-

2029 525 2150 564 mus
2179 513 2453 582 evangelio
2491 513 2711 579 Christi,
2752 533 2852 572 neu
2886 528 3120 572 nostram
3157 518 3444 587 prodamus
3467 523 3611 576 salu-

2031 610 2157 655 tem.
2187 601 2262 656 Ne
2289 605 2416 658 mihi
2447 606 2588 660 enim
2612 607 2778 672 dicas,
2803 624 2924 662 cum
2951 609 3115 664 frater
3134 609 3424 666 offenditur
3449 629 3463 664 τ
3489 612 3605 667 Non

2030 695 2340 763 prohibetur
2365 695 2464 752 hoc
2486 698 2577 751 vel
2603 699 2728 752 illud
2759 701 2812 754 in
2836 716 2940 770 quo
2970 701 3058 756 ille
3089 702 3395 767 offenditur,
3425 714 3479 759 et
3502 706 3612 759 licio

2032 798 2140 842 tum
2188 799 2288 844 est.
2331 790 2446 860 Ego
2492 792 2636 846 enim
2683 794 2775 847 tibi
2825 795 3027 863 majora
3071 795 3237 850 dico:
3266 797 3347 850 vel
3396 799 3440 850 si
3492 799 3608 868 ipse

2029 879 2278 936 Christus.
2317 885 2648 952 permiserit,
2678 884 2990 956 viderisque
3023 885 3218 940 offendi
3262 890 3566 956 quempiam
3594 933 3610 951 ,

2031 973 2238 1029 abstine
2266 985 2319 1028 et
2349 992 2417 1030 ne
2444 977 2795 1046 permissione
2820 978 3006 1033 utaris.
3039 978 3150 1033 lloe
3175 979 3317 1033 enim
3345 989 3398 1033 et
3419 981 3614 1035 Paulus

2035 1065 2160 1121 fecit
2189 1085 2202 1121 :
2229 1067 2318 1138 qui
2357 1083 2477 1122 eum
2509 1069 2847 1138 permittente
2869 1069 3078 1124 Christo
3119 1071 3301 1128 liceret
3344 1073 3614 1142 accipere,

2036 1173 2143 1212 non
2179 1159 2402 1228 accepit.
2436 1157 2568 1214 Cum
2595 1159 2735 1214 enim
2780 1161 3034 1230 benignus
3062 1162 3128 1216 sit
3159 1162 3409 1217 Dominus
3429 1207 3442 1227 ,
3475 1165 3612 1217 mnf.-

2036 1259 2140 1302 tain
2185 1251 2466 1322 praeceptis
2505 1252 2616 1306 suis
2657 1253 2864 1306 miscuit
2897 1253 3392 1318 ηιειῐιειιριιιιιιιιοιιι,
3419 1267 3474 1308 ιιι
3502 1272 3608 1310 non

2035 1343 2207 1395 solum
2239 1359 2302 1396 cx
2326 1343 2478 1412 jussu
2501 1383 2516 1407 ,
2557 1343 2650 1398 sed
2681 1345 2840 1398 etiam
2875 1344 3040 1398 multa
3070 1361 3134 1399 ex
3162 1344 3328 1400 libera
3357 1345 3612 1401 faciamus

2036 1433 2198 1488 animi
2240 1436 2524 1488 sententia.
2559 1435 2772 1490 Poterat
2817 1435 2991 1499 enim,
3031 1437 3131 1490 nisi
3178 1436 3278 1493 hoc
3318 1437 3616 1501 voluisset,

2039 1524 2302 1595 pne-cepta
2332 1527 2499 1595 magis
2536 1542 2732 1597 augere
2770 1543 2833 1583 ac
2869 1527 3090 1584 dicere:
3122 1527 3219 1595 Qui
3261 1545 3364 1583 non
3408 1546 3622 1598 semper

2034 1615 2273 1686 jejunat,
2307 1617 2592 1685 puniatur;
2627 1619 2715 1688 qui
2746 1619 3102 1689 virginitatem
3133 1636 3237 1674 non
3269 1632 3468 1688 servat,
3493 1638 3621 1691 sup-

2041 1708 2198 1778 plicio
2223 1708 2515 1775 afﬁciatur;
2555 1711 2645 1780 qui
2674 1727 2778 1764 non
2807 1725 2866 1765 se
2896 1713 3142 1766 onmibus
3177 1713 3323 1766 exuit
3359 1713 3626 1767 facultati.

2041 1802 2140 1856 bus
2163 1844 2178 1868 ,
2212 1812 2478 1857 extremas
2521 1801 2611 1856 det
2640 1818 2846 1873 pmnas.
2881 1803 2986 1858 Sed
3020 1820 3126 1858 non
3159 1805 3258 1859 hoc
3289 1806 3432 1868 fecit,
3459 1805 3625 1859 liceo-

2045 1894 2169 1948 tiam
2201 1895 2291 1948 tibi
2320 1895 2451 1949 dans
2478 1936 2493 1961 ,
2526 1895 2568 1948 si
2600 1895 2752 1962 velis,
2784 1896 2986 1966 majora
3024 1897 3371 1966 suscipiendi.
3416 1897 3626 1954 idcirco

2043 2004 2163 2043 cum
2206 1988 2272 2043 de
2314 1988 2622 2056 virginitate
2667 1988 3008 2058 loqueretur,
3053 1988 3265 2045 dicebat
3295 2009 3307 2044 :
3336 1992 3435 2056 Qui
3468 2002 3630 2061 potest

2043 2097 2240 2152 capere,
2266 2081 2432 2149 capiat
2455 2080 2669 2148 (Matth.
2693 2081 2781 2136 19.
2811 2081 2942 2150 12);
2973 2091 3027 2136 et
3051 2082 3200 2137 diviti
3223 2082 3323 2136 alia
3352 2084 3629 2152 praecepit,

2045 2175 2144 2226 alia
2176 2173 2290 2242 ejus
2311 2175 2566 2228 voluntati
2599 2173 2856 2243 permisit.
2881 2173 3064 2244 Neque
3089 2175 3232 2230 enim
3253 2174 3408 2242 dixit,
3437 2175 3622 2232 Vende

2045 2281 2162 2335 qua:
2193 2265 2390 2332 habes;
2417 2264 2530 2329 sed,
2551 2265 2612 2320 Si
2636 2266 2709 2319 vis
2737 2270 2987 2338 perfectus
3004 2269 3422 2344 esse,vende(lb.
3439 2287 3486 2324 υ.
3509 2271 3628 2343 21).

2048 2362 2118 2414 At
2158 2374 2255 2414 nos
2291 2374 2398 2413 non
2443 2358 2603 2413 modo
2633 2374 2738 2414 non
2777 2360 2978 2430 majora
3005 2362 3327 2430 suscipimus
3356 2380 3527 2433 neque
3566 2381 3638 2421 ea

2047 2465 2166 2520 quae
2198 2458 2458 2521 praecepta
2483 2459 2608 2505 sunt
2631 2466 2964 2521 superamus,
2996 2451 3092 2506 sed
3121 2453 3347 2507 multum
3375 2455 3544 2518 abest,
3570 2466 3630 2510 ut

2050 2553 2441 2616 praeceptorum
2471 2560 2776 2600 mensuram
2815 2545 3151 2616 impleamus.
3189 2548 3253 2601 Et
3291 2548 3480 2602 Paulus
3506 2551 3627 2616 qui-

2049 2636 2171 2690 dem
2199 2636 2488 2704 esuriebat,
2518 2651 2587 2691 ne
2612 2635 2990 2692 offendiculum
3023 2637 3282 2706 praeberet
3315 2640 3629 2710 evangelio;

2052 2745 2148 2784 nos
2174 2738 2348 2785 autem
2375 2746 2442 2783 ne
2463 2728 2732 2784 recondita
2760 2729 2972 2798 quidem
3006 2730 3159 2784 nobis
3179 2731 3442 2801 attingere
3471 2732 3636 2787 aude-

2052 2838 2210 2888 mus,
2261 2821 2573 2876 innumeras
2618 2820 2859 2875 videntes
2917 2823 3125 2876 animas
3175 2837 3414 2877 eversas.
3465 2823 3641 2880 llodat

2051 2915 2228 2979 enim,
2262 2913 2431 2984 inquit
2469 2912 2590 2978 ille,
2623 2914 2799 2978 tinea,
2828 2922 2882 2968 et
2911 2930 3016 2967 non
3049 2913 3202 2968 rodat
3245 2930 3483 2985 pauper;
3515 2917 3640 2971 edat

2052 3009 2282 3074 vermis,
2310 3017 2362 3062 et
2391 3023 2495 3062 non
2524 3006 2772 3061 induatur
2807 3006 3006 3062 nudus.
3029 3005 3218 3061 Omnia
3253 3021 3641 3063 consumantur

2058 3112 2317 3170 tempore,
2345 3109 2399 3154 et
2428 3114 2534 3153 non
2555 3099 2728 3153 alatur
2756 3097 3020 3162 Christus,
3052 3098 3178 3153 dum
3209 3101 3394 3154 esurit.

2124 3191 2312 3247 Contra
2354 3207 2553 3245 avaros.
2580 3220 2652 3230 —
2683 3191 2875 3260 Ecquis
2921 3191 3021 3245 hoc
3050 3191 3216 3245 dicit?
3253 3193 3484 3262 inquies.
3533 3193 3642 3250 lloc

2057 3285 2200 3342 enim
2231 3299 2393 3355 grave
2419 3283 2703 3338 admodum
2727 3294 2842 3347 est,
2873 3284 3013 3354 quod
3047 3299 3154 3339 non
3186 3286 3364 3340 verbis
3389 3327 3403 3350 ,
3438 3288 3535 3342 sed
3569 3289 3645 3345 fa-

2055 3381 2156 3434 ctis
2184 3379 2297 3432 lucc
2335 3378 2598 3432 dicantur.
2628 3376 2759 3430 Nam
2789 3377 2962 3432 minus
2993 3392 3154 3446 grave
3193 3387 3337 3432 esset
3379 3379 3426 3433 si
3465 3380 3645 3435 verbis

2055 3473 2360 3538 diceretur,
2400 3486 2558 3540 quam
2590 3485 2712 3526 eum
2751 3472 2926 3540 reipsa
2957 3467 3206 3524 efficitur.
3256 3471 3448 3525 Annon
3499 3474 3650 3527 enim

2059 3567 2172 3622 haec
2216 3565 2455 3637 quotidie
2497 3565 2692 3620 clamat
2719 3564 2942 3619 avaritia
2965 3605 2980 3627 ,
3013 3564 3261 3618 immanis
3296 3564 3386 3618 illa
3416 3575 3472 3620 et
3502 3582 3646 3622 saeva

2061 3659 2321 3730 tyrannis,
2370 3657 2596 3725 captivis
2638 3656 2790 3711 suis?
2837 3657 3188 3726 Apponantnr
3239 3666 3419 3711 vestra
3462 3673 3642 3712 come-

2057 3751 2230 3806 denda
2263 3749 2642 3822 syeOphantis,
2673 3747 2972 3803 latronibus
2997 3756 3050 3801 et
3075 3746 3508 3815 insidiatoribus,
3540 3766 3645 3803 non

2057 3854 2234 3900 autem
2257 3841 2514 3897 famelicis
2537 3851 2593 3896 et
2622 3842 2826 3910 egenis.
2851 3842 3040 3895 Annon
3065 3857 3158 3895 vos
3183 3839 3352 3896 facitis
3370 3843 3645 3898 latrones?

2058 3953 2235 3992 annon
2282 3949 2376 3988 vos
2420 3949 2599 3989 escam
2647 3933 2896 4005 prmbetis
2939 3935 3045 4005 igni
3090 3935 3440 3991 invidorum?
3468 3955 3642 3994 annon

2057 4044 2154 4084 vos
2181 4026 2354 4081 facitis
2383 4025 2632 4096 fugitivos
2657 4035 2710 4081 et
2741 4025 3100 4092 insidiatores,
3131 4026 3256 4082 dum
3280 4029 3431 4098 quasi
3457 4044 3640 4086 escam

2060 4119 2165 4174 illis
2187 4117 2398 4172 divitias
2420 4127 2626 4172 vestras
2658 4115 2965 4186 apponitis?
2992 4132 3109 4186 qua:
3133 4127 3217 4172 est
3244 4119 3360 4174 luce
3387 4119 3597 4175 insania
3619 4123 3644 4177 ἲ

2059 4209 2268 4266 Insania
2303 4209 2498 4280 quippe
2541 4217 2597 4264 et
2626 4206 2903 4262 manifesta
2935 4210 3166 4262 amentia
3197 4218 3313 4275 est,
3348 4226 3504 4267 arcas
3536 4215 3643 4265 im-

2061 4304 2207 4374 plere
2243 4302 2504 4366 vestibus,
2537 4308 2592 4354 et
2618 4315 2766 4364 eum,
2793 4299 2884 4368 qui
2909 4299 2976 4354 ad
3002 4300 3286 4370 imaginem
3314 4312 3368 4357 et
3395 4304 3646 4358 similitu-

2060 4395 2236 4452 dinem
2283 4395 2373 4448 Dei
2423 4393 2590 4446 factus
2620 4402 2702 4446 est
2729 4433 2743 4457 ,
2772 4389 2972 4446 nudum
2995 4432 3009 4458 ,
3036 4406 3070 4446 a
3098 4391 3295 4462 frigore
3323 4404 3643 4451 trementem

2059 4506 2122 4546 ae
2157 4492 2246 4543 vix
2275 4497 2478 4543 rectum
2523 4493 2753 4540 stantem
2784 4484 3082 4554 despicere.
3122 4489 3192 4542 At
3223 4487 3310 4542 ille
3335 4529 3350 4553 ,
3397 4489 3605 4559 inquies
3628 4533 3642 4556 ,

2061 4591 2349 4636 tremorem
2378 4586 2433 4632 et
2463 4575 2824 4630 infirmitatem
2871 4576 3132 4632 simulat?
3163 4581 3352 4633 Annon
3389 4581 3548 4636 times
3579 4599 3645 4637 nc

2060 4675 2263 4729 fulmen
2313 4672 2380 4724 ab
2423 4671 2524 4725 hoc
2565 4671 2727 4724 verbo
2774 4685 3058 4726 accensum
3088 4687 3153 4727 ex
3183 4673 3290 4726 alto
3319 4673 3646 4743 dejieiatur?

2061 4768 2135 4822 ira
2168 4765 2314 4820 enim
2340 4763 2678 4832 disrumpor,
2712 4762 2991 4832 ignoscite.
3025 4765 3105 4818 Tu
3133 4766 3328 4835 quippe
3358 4770 3534 4822 ventri
3567 4770 3647 4822 in-

2059 4862 2282 4932 dulgens
2305 4867 2357 4914 et
2387 4858 2596 4928 pinguis
2616 4899 2632 4924 ,
2659 4866 2714 4912 et
2739 4857 2804 4912 ad
2836 4856 3150 4926 profundam
3173 4875 3341 4928 usque
3362 4877 3645 4930 veSperam

2059 4955 2506 5026 compotationem
2522 4949 3196 5021 extendens,mollibusque
3220 4951 3359 5009 fotus
3375 4955 3644 5024 stragulis,

2061 5063 2165 5103 non
2187 5061 2375 5102 censes
2404 5056 2454 5099 te
2474 5058 2661 5116 pmnas
2683 5043 2950 5106 daturum,
2974 5059 3094 5098 cum
3117 5053 3222 5097 tam
3245 5045 3424 5113 inique
3445 5045 3536 5099 Dei
3555 5046 3651 5099 du-

2060 5142 2143 5195 nis
2173 5140 2341 5195 utaris
2362 5141 2554 5209 (neque
2574 5138 2714 5192 enim
2737 5137 2918 5190 vinum
2937 5137 3117 5191 datum
3136 5146 3215 5192 est
3230 5150 3284 5190 ut
3299 5139 3644 5203 inebriemur,

2060 5250 2233 5305 neque
2275 5245 2563 5288 concessus
2609 5230 2761 5284 cibus
2808 5239 2864 5283 ut
2903 5239 3144 5285 ventrem
3185 5229 3554 5302 diatendamus
3593 5241 3650 5286 et

2057 5323 2444 5397 dirumpamus)
2475 5341 2488 5376 :
2523 5337 2806 5392 pauperem
2833 5337 2979 5384 vero.
3005 5322 3279 5387 miserum,
3301 5337 3404 5378 non
3424 5323 3650 5378 meliore

2059 5419 2366 5475 conditione
2405 5430 2564 5487 quam
2597 5424 2896 5479 mortuum,
2931 5415 3112 5479 illum,
3141 5414 3390 5482 inquam,
3420 5413 3484 5468 ad
3513 5430 3648 5469 exa-

2057 5523 2198 5565 ctam
2229 5509 2492 5564 rationem
2520 5505 2844 5562 reddendam
2875 5507 3022 5576 cogis
3049 5523 3063 5572 ;
3092 5521 3190 5561 nec
3223 5508 3416 5561 metuis
3444 5507 3649 5562 Christi

2060 5600 2291 5656 tribunal
2330 5598 2457 5654 illud
2483 5598 2809 5654 horrendum
2835 5608 2890 5653 et
2920 5598 3300 5653 formidabile?
3325 5597 3458 5652 Nam
3489 5599 3534 5652 si
3566 5599 3648 5652 si-

2063 5695 2225 5751 mulat
2246 5735 2262 5762 ,
2291 5708 2356 5752 CI
2383 5691 2704 5750 necessitate
2733 5701 2786 5748 et
2812 5700 3050 5762 egestate
3080 5690 3329 5756 simulat,
3357 5690 3427 5744 ob
3454 5689 3646 5746 imma-
