3986 6202
348 285 450 340 175

339 397 480 451 ἀλλά
505 398 726 462 δεικνὺς
749 397 923 453 αὐτῶν
942 398 1039 470 τὴν
1065 399 1357 454 αὐθάδειαν
1380 401 1475 455 καὶ
1492 401 1592 472 τὴν
1619 401 1915 472 τυραννίδα

340 482 439 536 καὶ
464 481 567 551 τὴν
597 483 880 553 ἐμπορίαν,
917 483 1099 553 φησίνο
1133 487 1202 537 El
1231 483 1409 538 ἄλλοι
1446 483 1557 552 τῆς
1604 484 1772 552 ὑμῶν
1807 485 1902 548 ἐξ·

343 569 565 633 θυσίας
587 569 917 638 μετέχουσα
953 573 1222 628 τουτέστι,
1266 568 1558 640 κρατοῦσιν
1598 569 1772 640 ὑμῶν,
1825 570 1915 636 ἐξ·

344 652 705 718 ουσιάζουσιν,
737 653 812 716 ὡς
849 653 1092 717 οἰκέταις
1133 652 1562 724 ἀποκέχρηνται,
1596 656 1658 708 οὐ
1696 654 1912 728 λαμϐά-

350 753 532 799 νοντες
564 737 736 806 μόνον,
767 737 901 792 ἀλλά
947 740 1042 792 καὶ
1092 737 1232 809 μετά
1280 737 1481 807 πολλῆς
1534 738 1773 808 σπουδῆς
1822 741 1916 792 καὶ

351 821 448 890 τῆς
473 820 748 884 αὐθεντίας
782 833 833 874 ι.
877 821 968 875 Διὸ
1009 821 1375 893 προσέθηκεν.
1423 823 1507 875 Οὐ
1538 821 1748 887 πολλῷ
1777 822 1914 890 uil-

349 907 462 957 λον
509 902 676 971 ἡμεῖς
693 920 714 969 ;
742 904 882 974 ὅπερ
929 905 1028 957 οὐκ
1061 903 1147 968 ἂν,
1182 906 1231 958 εἰ
1262 905 1390 975 περὶ
1412 905 1520 957 τῶν
1547 906 1861 960 ἀποστόλων
1888 909 1916 960 6

346 987 493 1052 λόγος
518 983 606 1058 ἦν,
639 985 793 1042 εἶπεν
821 989 908 1042 άν.
953 989 1092 1041 Ἀλλ’
1129 989 1356 1061 εὔδηλον
1387 989 1468 1043 ὅτι
1502 989 1656 1052 τινάς
1684 990 1917 1044 αἰνίττε-

342 1085 426 1120 ται
463 1069 750 1140 λυμεῶνας
797 1073 892 1124 καὶ
938 1071 1267 1137 ἀπατῶντας
1308 1073 1523 1138 αὐτούς.
1563 1074 1726 1127 Ὥστε
1775 1074 1916 1145 μετά

340 1151 431 1204 τοῦ
457 1151 624 1221 νόμου
673 1153 767 1206 τοῦ
823 1155 1105 1220 Μωῦσέως
1135 1158 1229 1210 καὶ
1269 1157 1426 1227 ὑμεῖς
1453 1157 1604 1210 αὐτοὶ
1638 1157 1803 1224 νόμον
1825 1174 1915 1210 τε-

285 1233 287 1236 ’
341 1233 558 1289 θείκατε
609 1237 751 1307 ὑπὲρ
786 1237 879 1290 τοῦ
934 1237 1044 1292 δεῖν
1093 1239 1373 1312 παρέχειν.
1418 1239 1604 1294 Εἰπὼν
1650 1240 1728 1304 δὲ,
1760 1239 1912 1312 [185]

341 1320 425 1372 Οὐ
453 1318 660 1384 πολλῷ
695 1319 938 1387 μᾶλλον
959 1321 1166 1391 ium};
1191 1326 1250 1376 οὐ
1290 1323 1694 1388 κατασκευάζει
1739 1323 1828 1376 διὰ
1861 1323 1914 1376 τί

338 1403 402 1456 οὐ
436 1402 620 1466 πολλῷ
656 1405 872 1474 μάλλον,
917 1405 1032 1459 ἀλλ’
1055 1407 1280 1477 ἀφίησιν
1309 1407 1488 1462 αὐτῶν
1529 1408 1610 1479 τῷ
1643 1407 1912 1462 συνειδότι

339 1486 435 1540 τὸν
467 1486 708 1558 ἔλεγχον,
735 1490 868 1558 ὁμοῦ
893 1493 984 1544 καὶ
1008 1492 1238 1562 φοϐῆσαι
1271 1491 1589 1562 βουλόμενος
1617 1494 1711 1546 καὶ
1731 1491 1919 1564 ἐντρέ-

342 1572 447 1641 ψαι
481 1573 766 1643 μειζόνως.
804 1574 951 1628 Ἅλυν
985 1578 1094 1628 οὐκ
1136 1575 1518 1648 ἐχρησάμεθα
1559 1576 1635 1646 τῇ
1663 1577 1916 1644 ἐξουσίᾳ

344 1655 560 1723 ταύτῃ.
596 1656 909 1719 Τουτέστιν,
944 1657 1056 1711 Οὐκ
1084 1658 1369 1729 ἐλάϐομεν.
1408 1659 1570 1730 Ὁρᾷς
1613 1660 1701 1715 διὰ
1735 1660 1916 1713 πόσων

348 1740 776 1804 κατασκευάσας
805 1740 1084 1813 πρότερον,
1120 1743 1201 1795 ὅτι
1247 1743 1308 1795 οὐ
1355 1743 1668 1814 παράνομον
1691 1744 1753 1797 τὸ
1780 1743 1916 1814 λαμο

349 1824 556 1884 ϐάνειν,
586 1825 706 1877 τότε
736 1821 909 1889 εἶπεν,
941 1826 1022 1878 ὅτι
1057 1827 1129 1879 Οὐ
1159 1825 1524 1897 λαμϐάνομεν,
1560 1827 1646 1881 ἵνα
1681 1829 1755 1899 μὴ
1791 1828 1914 1900 δόξῃ

344 1906 422 1972 ὡς
475 1907 860 1977 κεκωλυμένου
920 1908 1255 1978 ἀπέχεσθαι;
1309 1911 1382 1963 Οὐ
1435 1911 1562 1981 γάρ,
1597 1911 1784 1982 ἐπειδὴ
1839 1911 1913 1982 μὴ

341 1991 541 2056 ἔξεστι,
575 1991 766 2060 φησιν,
818 1990 879 2042 οὐ
935 1990 1226 2060 λαμϐάνω⁸
1271 1992 1444 2056 ἔξεστι
1475 1995 1603 2064 γάρ,
1635 1995 1727 2047 καὶ
1757 1993 1915 2048 τοῦτο

337 2074 446 2128 ἀπὸ
472 2073 687 2128 πολλῶν
718 2072 1105 2143 ἀπεδείξαμεν,
1139 2074 1248 2127 ἀπὸ
1291 2075 1398 2129 τῶν
1432 2077 1768 2142 ἀποστόλων,
1803 2078 1914 2131 ἀπὸ

340 2159 443 2213 τῶν
476 2159 534 2210 ἐν
582 2157 682 2226 βίῳ
740 2155 1102 2226 πραγμάτων,
1153 2155 1244 2209 τοῦ
1299 2161 1628 2228 στρατιώτου
1681 2162 1776 2215 καὶ
1819 2161 1913 2214 τοῦ

340 2239 584 2311 γεωργοῦ
618 2241 710 2292 καὶ
743 2237 834 2291 τοῦ
864 2239 1136 2308 ποιμένος,
1165 2240 1271 2294 ἀπὸ
1297 2241 1390 2294 τοῦ
1412 2244 1576 2314 νόμου
1607 2245 1913 2309 Μωῦσέως,

309 2325 428 2385 ,ἀπ’
465 2324 636 2393 αὐτῆς
670 2321 763 2374 τοῦ
794 2323 1119 2392 πράγματος
1145 2324 1244 2394 τῆς
1272 2325 1508 2393 φύσεως,
1533 2328 1615 2380 ὄτι
1649 2328 1912 2397 ἐσπείρα-

339 2427 434 2479 μεν
465 2409 594 2478 ὑμῖν
621 2406 986 2476 πνευματικὰ,
1020 2407 1114 2474 ἀφ’
1141 2401 1214 2460 ὧν
1233 2409 1390 2478 ὑμεῖς
1419 2411 1548 2481 περὶ
1569 2413 1694 2474 τοὺς
1723 2411 1914 2474 ἄλλους

338 2494 671 2562 πεποιήκατε
697 2507 710 2520 ·
751 2490 864 2543 ἀλλ’
895 2489 1104 2560 ῶσπερ,
1148 2491 1237 2543 ἵνα
1276 2491 1348 2562 μὴ
1379 2492 1505 2564 δόξῃ
1533 2494 1914 2564 καταισχύνειν

345 2575 464 2638 τοὺς
495 2574 824 2637 ἀποστόλους
854 2575 979 2636 τοὺς
1023 2573 1423 2643 λαμϐάνοντας,
1448 2575 1624 2630 ταῦτα
1650 2577 1912 2644 τέθεικεν,

340 2659 616 2731 ἐντρέπων
666 2658 861 2721 αὐτοὺς
908 2658 1000 2709 καὶ
1028 2657 1262 2722 δεικνὺς,
1307 2659 1388 2712 ὅτι
1428 2661 1487 2712 οὐ
1533 2661 1913 2732 κεκωλυμένου

339 2744 670 2814 πράγματος
710 2742 1008 2812 ἀπέχεται·
1059 2741 1202 2795 οὕτω
1234 2743 1415 2808 πάλιν,
1455 2745 1543 2798 ἵνα
1585 2745 1658 2815 μὴ
1695 2746 1782 2799 διὰ
1816 2745 1916 2814 τῆς

339 2829 544 2897 πολλῆς
601 2827 948 2896 κατασκευῆς
1002 2827 1246 2880 καὶτῶν
1300 2829 1757 2900 παραδειγμάτων
1807 2831 1916 2885 τῶν

344 2912 572 2978 πολλῶν,
616 2911 684 2964 δι’
727 2904 802 2965 ὧν
836 2910 1036 2975 ἔδειξεν
1069 2912 1150 2964 ὅτι
1177 2911 1256 2964 δεῖ
1288 2910 1603 2981 λαμϐάνειν,
1639 2915 1763 2986 δόξῃ
1793 2917 1914 2968 ἐπι-

338 2996 518 3068 ζητεῖν
541 2998 605 3050 τὸ
626 2996 927 3066 λαμϐάνειν
957 2996 1052 3048 καὶ
1089 2995 1178 3049 διά
1202 2995 1360 3049 τοῦτο
1386 2997 1559 3050 ταῦτα
1587 2999 1784 3068 λέγειν,
1815 3001 1913 3071 ἤδη

338 3082 642 3154 διορθοῦται
679 3081 811 3134 αὐτό
831 3096 843 3107 ·
903 3082 998 3134 καὶ
1027 3081 1360 3152 σαφέστερον
1394 3083 1493 3152 μὲν
1527 3082 1755 3153 ὕστερον
1784 3085 1918 3138 αὐτὸ

339 3167 604 3227 τέθεικεν,
658 3165 788 3218 ὅταν
833 3163 970 3233 λέγῃ
992 3179 1006 3193 ⁶
1063 3166 1184 3218 Οὐκ
1214 3165 1447 3235 ἔγραψα
1475 3165 1544 3220 δὲ
1575 3168 1783 3226 ταῦτα.
1817 3169 1918 3222 ἵνα

341 3250 491 3303 οὕτω
518 3248 762 3317 γένηται
798 3248 870 3301 ἐν
897 3248 1060 3317 ἐμοί·
1098 3247 1332 3306 ἐνταῦθα
1360 3249 1420 3303 δέ
1449 3267 1636 3319 φησιν,
1671 3253 1754 3304 ὅτι
1795 3254 1917 3306 οὐκ

346 3333 724 3401 ἐχρησάμεθα
754 3329 829 3400 τῇ
856 3331 1109 3399 ἐξουσίᾳ
1142 3333 1350 3403 ταύτῃ.
1393 3335 1504 3388 Καὶ
1528 3335 1590 3388 τὸ
1616 3335 1680 3406 δὴ
1710 3334 1914 3406 μεῖξον,

351 3416 432 3468 δτι
452 3417 572 3469 οὐδέ
601 3419 775 3470 ἐκεῖνο
804 3417 914 3487 ἐχοι
944 3434 1028 3481 τις
1060 3416 1126 3470 ἀν
1154 3419 1348 3483 εἰπεῖν,
1378 3419 1459 3473 ὅτι
1501 3421 1588 3472 Ἐν
1606 3421 1919 3491 εὐρυχωρίᾳ

351 3499 507 3563 ὄντες
540 3500 640 3553 οὐκ
688 3501 1054 3570 ἐχρησάμεθα,
1089 3500 1224 3555 ἀλλά
1258 3503 1351 3556 καὶ
1379 3501 1626 3572 ἀνάγκης
1663 3519 1920 3556 κατεπει-

348 3583 576 3652 γούσης,
611 3583 710 3637 οὐκ
735 3583 954 3654 εἴξαμεν
981 3587 1045 3656 τῇ
1071 3585 1304 3656 ἀνάγκῃ·
1340 3585 1368 3638 ὃ
1393 3585 1486 3638 καὶ
1516 3588 1574 3638 ἐν
1603 3588 1666 3656 τῇ
1694 3586 1921 3657 δευτέρᾳ

346 3669 535 3738 φησίνο
565 3668 787 3735 Ἀλλας
821 3670 1180 3739 Ἐκκλησίας
1207 3669 1508 3736 ἐσύλησα,
1542 3670 1742 3723 λαϐὼν
1769 3669 1922 3737 ὀψώ-

344 3771 442 3808 νια
491 3753 644 3822 πρὸς
671 3753 790 3821 τὴν
836 3753 1001 3822 ὑμῶν
1041 3754 1380 3808 διακονίαν⁵
1409 3753 1506 3806 καὶ
1541 3752 1744 3819 παρὼν
1770 3755 1920 3821 πρὸς

346 3837 500 3906 ὑμᾶς
531 3837 631 3891 καί
672 3838 1046 3906 ὑστερηθεὶς,
1073 3841 1144 3892 οὐ
1188 3837 1606 3906 κατενάρκησα
1635 3836 1884 3903 οὐδενός
1902 3851 1915 3866 ·

345 3922 441 3975 καὶ⁸
487 3923 546 3976 ἐν
593 3922 768 3994 ταύτῃ
817 3923 1002 3975 πάλιν
1043 3922 1154 3976 Καὶ
1189 3920 1486 3991 πεινῶμεν
1521 3921 1618 3975 καὶ
1652 3921 1921 3992 διψῶμεν

345 4008 442 4060 καί
468 4009 920 4076 γυμνητεύομεν
953 4005 1052 4059 καί
1095 4007 1547 4076 κολαφιζόμεθα.
1578 4009 1686 4062 Καὶ
1733 4007 1921 4061 ἐνταῦ-

349 4090 416 4143 θα
453 4093 614 4145 πάλιν
647 4092 708 4144 τὸ
736 4091 866 4145 αὐτὸ
911 4089 1208 4145 αἰνίττεται
1262 4091 1458 4160 λέγων,
1498 4091 1673 4146 Ἀλλὰ
1723 4092 1920 4146 πάντα

347 4175 664 4244 στέγομεν.
700 4175 882 4231 Εἰπὼν
931 4176 1061 4246 γὰρ,
1107 4177 1187 4230 ὅτι
1231 4175 1432 4229 Πάντα
1484 4176 1792 4247 στέγομεν,
1829 4180 1920 4232 καὶ

347 4259 506 4327 λιμὸν
528 4259 820 4314 αἰνίττεται
842 4261 938 4314 καὶ
967 4260 1331 4331 στενοχωρίαν
1359 4258 1558 4329 πολλὴν
1581 4260 1674 4312 καὶ
1700 4261 1768 4313 τά
1791 4261 1923 4314 ἄλλα

350 4343 548 4396 πάντα.
586 4343 726 4397 Ἀλλ’
756 4344 877 4397 οὐδὲ
909 4345 1083 4408 οὕτως
1111 4343 1557 4414 ἠναγκάσθημεν,
1583 4344 1734 4412 φησὶ,
1765 4345 1922 4398 λῦσαι

348 4427 439 4480 τὸν
468 4429 654 4498 νόμον,
694 4427 753 4481 ὃν
787 4429 1000 4490 ἑαυτοῖς
1027 4428 1370 4498 τεθείκαμεν.
1408 4427 1506 4480 Διά
1538 4426 1629 4493 τί;
1669 4427 1794 4480 Ἵνα
1835 4430 1921 4499 μὴ

347 4509 611 4577 ἐγκοπήν
635 4528 772 4565 τινα
799 4510 996 4579 δῶμεν
1029 4509 1107 4576 τῷ
1144 4511 1471 4580 εὐαγγελίῳ
1505 4510 1611 4564 τοῦ
1640 4513 1920 4578 Χριστοῦ.

362 4593 581 4664 Ἐπειδὴ
622 4594 735 4664 γὰρ
763 4593 1154 4664 ἀσθενέστερον
1189 4594 1463 4665 Κορίνθιοι
1496 4594 1780 4655 διέκειντο,
1808 4595 1925 4648 Ἵνα

352 4677 428 4747 μὴ
459 4679 754 4749 πλὴξωμεν
784 4679 950 4747 ὑμᾶς,
979 4677 1132 4747 φησί,
1155 4677 1538 4747 λαμϐάνοντες,
1557 4677 1811 4748 εἱλόμεθα
1833 4681 1925 4732 καὶ

348 4761 488 4833 ὑπὲρ
514 4764 584 4815 τά
611 4761 1016 4830 ἐπιτεταγμένα
1050 4764 1290 4831 ποιῆσαι,
1322 4760 1354 4829 ἢ
1393 4762 1632 4830 ἐγκοπήν
1661 4779 1781 4815 τινα
1809 4763 1927 4816 δοῦ-

348 4862 436 4898 ναι
470 4845 550 4916 τῷ
588 4844 918 4914 εὐαγγελίῳ,
966 4844 1237 4909 τουτέστι,
1281 4847 1347 4914 τῇ
1399 4849 1700 4916 κατηχήσει
1745 4847 1920 4916 ὑμῶν.

352 4929 412 4982 Εἰ
445 4929 503 4985 δὲ
527 4931 709 5000 ἡμεῖς,
749 4927 848 4983 καὶ
891 4926 1358 4999 ἐπιτετραμμένον
1403 4930 1552 4998 ἡμῖν,
1581 4931 1677 4983 καὶ
1725 4930 1927 5001 πολλὴν

350 5012 653 5083 πάσχοντες
700 5011 840 5082 βίαν,
873 5011 968 5064 καὶ
1001 5012 1330 5074 ἀποστόλους
1365 5011 1574 5081 ἔχοντες
1600 5015 1924 5085 ὑπόδειγμας

349 5098 448 5151 οὐκ
471 5098 836 5166 ἐποιήσαμεν,
864 5096 988 5149 Ἵνα
1023 5093 1109 5162 μὴ
1158 5093 1427 5165 ἐγκοπὴν
1458 5095 1652 5163 δῶμεν
1685 5099 1799 5166 (καὶ
1829 5100 1929 5151 οὐκ

351 5177 526 5244 εἶπεν,
585 5182 924 5250 ἀνατροπὴν,
967 5180 1081 5233 ἀλλ’
1113 5178 1432 5248 Ὲγκοπὴν,
1467 5180 1564 5232 καὶ
1609 5181 1705 5250 οὐχ
1743 5181 1929 5247 ἁπλῶς

354 5262 616 5334 ἐγκοπὴν,
664 5261 803 5327 ἀλλ’,
851 5263 1155 5332 Ἐγκοπήν
1191 5279 1342 5317 τινα
1383 5262 1472 5316 ἵνα
1508 5263 1640 5332 μηδὲ
1686 5264 1785 5333 τὴν
1835 5283 1929 5318 τυ-

354 5347 577 5415 χοῦσαν,
605 5346 680 5409 ὡς
703 5345 770 5401 ἂν
798 5345 945 5399 εἴποι
973 5363 1079 5409 τις,
1109 5347 1367 5418 μέλλησιν
1405 5348 1498 5400 καὶ
1527 5346 1794 5417 ἀναϐολὴν
1831 5350 1930 5419 ἐμ-

357 5432 672 5501 ποιήσωμεν
703 5429 779 5501 τῷ
815 5429 1000 5500 δρόμῳ
1039 5428 1133 5482 τοῦ
1187 5429 1401 5498 λόγου)’
1461 5431 1510 5482 εἰ
1549 5430 1727 5484 τοίνυν
1771 5435 1930 5503 ἡμεῖς

357 5513 592 5588 τοσαύτῃ
618 5513 980 5586 ἐχρησάμεθα
1004 5516 1070 5583 τῇ
1105 5514 1329 5582 σπουδῇ,
1356 5515 1508 5583 φησί,
1547 5515 1695 5586 πόσῳ
1732 5519 1931 5586 μᾶλλον

359 5596 499 5667 ὑμᾶς
555 5599 686 5662 τούς
735 5600 830 5651 καὶ
874 5599 1012 5650 πολὺ
1068 5596 1178 5649 τῶν
1223 5597 1533 5650 ἀποστόλων
1582 5601 1926 5666 ἀποδέοντας,

362 5683 450 5734 καὶ
507 5683 629 5737 οὐδὲ
687 5683 853 5752 νόμον
907 5681 1131 5750 ἔχοντας
1184 5682 1359 5733 εἰπεῖν
1411 5681 1499 5733 τὸν
1547 5684 1929 5754 ἐπιτρέποντα,

422 5792 445 5816 ⁴
472 5789 802 5850 δῖοι-θιημετά
822 5788 1004 5843 πολλῆς
1027 5793 1107 5846 τῆς
1127 5786 1380 5846 αὐθενιίας,
1405 5784 1594 5837 omissis
1629 5791 1932 5851 interpositis

368 5863 468 5900 sua:
496 5853 546 5902 in
570 5852 695 5914 Reg.
743 5851 1009 5901 habentur.

1357 284 1425 340 IN
1463 284 1683 343 EPIST.
1720 285 1743 341 I
1795 285 1888 341 ΔΙ)
1925 285 2085 344 COR.
2127 286 2371 347 HOMIL.
2415 288 2557 346 XXI.

3490 307 3593 360 ἰῖί)

2020 404 2158 460 ἀλλά
2188 407 2283 461 καὶ
2325 407 2637 463 τούναντίον
2665 409 2776 464 τῶν
2818 411 3214 484 κεκωλυμένων
3257 416 3595 487 ἁπτομένους

2021 489 2116 544 καὶ
2147 490 2258 544 τῶν
2279 491 2374 544 ἐπὶ
2407 491 2581 565 βλάϐῃ
2617 494 2830 568 μεγάλῃ
2867 495 2962 549 τοῦ
3006 499 3344 566 εὐαγγελίου,
3374 503 3474 555 οὐκ
3505 505 3595 556 ἐπὶ

2016 571 2079 624 τὸ
2111 572 2185 642 μὴ
2241 574 2487 644 ἐγκοπὴν
2550 574 2713 645 μόνον
2768 576 2975 644 δοῦναι,
3021 580 3137 634 ἀλλ’
3186 582 3306 637 οὐδὲ
3350 583 3597 654 ἀνάγκην

2015 655 2259 739 δρῶντας
2311 657 2693 728 ἐπικειμένην,
2746 661 3046 731 ἀπέχεσθαι
3098 664 3206 730 δεῖς
3261 665 3460 720 Τοῦτον
3489 669 3597 739 γάρ

2015 736 2235 820 ἀπάντα
2273 740 2368 794 τὸν
2397 741 2558 810 λόγον
2593 742 2662 796 δι’
2696 743 2940 810 ἐκείνους
2988 747 3207 817 ἐκίνησε
3233 751 3357 812 τοὺς
3382 750 3466 802 διὰ
3498 736 3596 820 τῆς

2017 818 2276 890 βρώσεως
2352 821 2462 877 τῶν
2530 825 2899 882 εἰδωλοθύτων
2966 831 3417 896 σκανδαλίζοντας
3474 818 3598 897 τοῦς

2017 905 2444 977 ἀσθενεστέρους
2471 908 2760 978 ἀδελφούς.

2087 988 2234 1062 [186]
2263 991 2450 1046 Ταῦτα
2481 993 2539 1047 δὲ
2572 995 2666 1048 καὶ
2705 997 2866 1066 ἡμεῖς
2920 997 3233 1068 ἀκούωμεν,
3283 1001 3554 1073 ἀγαπητοί
3577 1019 3592 1034 ο

2016 1073 2101 1128 ἵνα
2137 1073 2210 1146 μὴ
2253 1077 2686 1148 καταφρονῶμεν
2725 1080 2836 1132 τῶν
2881 1080 3421 1154 σκανδαλιζομένων,
3463 1086 3598 1156 μηδὲ

2014 1160 2259 1231 ἐγκοπήν
2279 1178 2402 1214 τινα
2438 1161 2684 1233 ποιῶμεν
2705 1163 2784 1232 τῷ
2833 1164 3140 1236 εὐαγγελίῳ
3179 1166 3274 1220 τοῦ
3314 1168 3552 1239 Χριστοῦ
3580 1186 3596 1200 ⁸

2016 1242 2102 1296 ἵνα
2144 1243 2219 1314 μὴ
2248 1244 2588 1316 προδιδῶμεν
2615 1249 2715 1316 τὴν
2741 1247 3020 1317 ἡμετέραν
3049 1249 3346 1319 σωτηρίαν.
3376 1252 3468 1322 Μὴ
3493 1254 3599 1325 γάρ

2019 1343 2108 1396 μοι
2140 1326 2286 1396 λέγε,
2326 1329 2455 1382 ὅταν
2483 1329 2906 1402 σκανδαλίζηται
2939 1333 2967 1384 6
3000 1331 3248 1401 ἀδελφὸς,
3280 1334 3362 1385 ὃτι
3398 1335 3472 1386 Οὐ
3501 1352 3597 1387 κε-

2015 1408 2332 1464 κώλυταιτὸ
2359 1412 2452 1464 καὶ
2472 1413 2552 1476 τὺ,
2582 1412 2669 1481 ἐφ’
2690 1406 2734 1480 ᾧ
2761 1413 3197 1478 σκανδαλίζεται.
3226 1417 3319 1468 καὶ
3347 1417 3429 1469 ὅτι
3452 1419 3599 1485 ἐφεῖ-

2013 1511 2126 1548 ται.
2177 1493 2318 1563 Ἐγὼ
2349 1496 2457 1567 γάρ
2491 1514 2571 1550 σοι
2615 1496 2840 1566 μείζονα
2878 1497 3058 1565 λέγω,
3105 1501 3188 1553 ὄτι
3234 1503 3338 1553 κᾶν
3377 1502 3538 1564 αὐτὸς
3569 1503 3599 1555 6

2013 1577 2250 1648 Χριστὸς
2275 1579 2657 1650 ἐπιτετραφὼς
2697 1576 2756 1652 ᾖ,
2790 1583 2907 1654 ῖδῃς
2933 1582 2990 1635 δέ
3027 1600 3148 1638 τινα
3196 1583 3592 1653 βλαπτόμενον,

2015 1661 2239 1732 ἐπίσχες
2269 1662 2364 1716 καὶ
2394 1662 2467 1733 μὴ
2501 1665 2679 1736 χρήσῃ
2712 1667 2778 1734 τῇ
2815 1667 3107 1736 ἐπιτροπῇ.
3145 1667 3322 1721 Τοῦτο
3363 1670 3470 1739 γάρ
3504 1672 3597 1721 καὶ

2016 1744 2226 1810 Παῦλος
2259 1747 2536 1816 ἐποίησεν,
2569 1747 2689 1812 ἐξὸν
2716 1748 2901 1801 λαϐεῖν
2936 1749 3172 1820 Χριστοῦ
3205 1755 3598 1822 συγχωρήσαν-

2015 1844 2129 1892 τος,
2160 1829 2235 1899 μὴ
2271 1828 2472 1884 λαϐών.
2519 1831 2630 1883 Καὶ
2660 1829 2771 1902 γάρ
2806 1832 3190 1900 φιλάνθρωπος
3219 1832 3294 1886 ῶν
3336 1835 3364 1885 6
3395 1833 3599 1886 Δεσπό-

2013 1929 2134 1981 της,
2175 1912 2372 1984 πολλὴν
2402 1915 2513 1976 τοῖς
2558 1915 2932 1985 ἐπιτάγμασιν
2976 1916 3239 1986 ἐκέρασεν
3282 1918 3597 1988 ἡμερότητα

2014 2000 2128 2058 τοῖς
2153 1995 2339 2058 αὐτοῦ,
2374 1997 2460 2050 ἵνα
2493 1998 2570 2067 μὴ
2609 1997 2770 2066 μόνον
2801 1998 2859 2062 ἐξ
2884 2000 3176 2069 ἐπιταγῆς,
3213 2000 3352 2054 ἀλλὰ
3403 2002 3498 2054 καὶ
3539 1999 3600 2066 ἐξ

2015 2081 2218 2144 οἰκείας
2251 2082 2419 2135 πολλά
2463 2083 2706 2152 ποιῶμεν
2745 2082 2991 2154 γνώμης.
3033 2085 3144 2137 Καὶ
3187 2084 3296 2154 γὰρ
3341 2084 3596 2154 ἠδύνατο,

2015 2166 2064 2218 εἰ
2120 2164 2194 2234 μὴ
2231 2165 2389 2218 τοῦτο
2433 2166 2703 2228 ἐϐούλετο,
2748 2167 2951 2236 μᾶλλον
2986 2168 3252 2219 ἐπιτεῖναι
3296 2169 3362 2221 τά
3405 2167 3597 2220 ἐπιτά-

2015 2264 2220 2318 γματα,
2240 2251 2329 2302 καὶ
2349 2250 2544 2303 εἰπεῖν·
2560 2250 2618 2301 ’0
2640 2249 2712 2322 μὴ
2739 2250 2917 2302 διόλου
2939 2267 3002 2320 νη
3014 2250 3241 2311 στεύων,
3266 2251 3594 2315 κολαζέσθωο

2015 2332 2042 2382 6
2074 2331 2148 2402 μὴ
2190 2332 2561 2402 παρθενεύων,
2588 2334 2961 2404 τιμωρείσθω’
2993 2336 3020 2386 ό
3051 2333 3124 2405 μὴ
3159 2337 3332 2388 πάντα
3367 2337 3596 2389 ἀποδυό-

2019 2432 2176 2485 μενος
2201 2416 2267 2469 τά
2291 2416 2438 2478 ὄντα,
2478 2417 2634 2488 δίκην
2672 2417 2861 2471 διδότω
2890 2420 2990 2486 τὴν
3026 2419 3286 2490 ἐσχάτην.
3329 2420 3469 2472 Ἀλλ’
3499 2422 3598 2472 οὐκ

2016 2501 2240 2572 ἐποίησε
2272 2503 2450 2564 τοῦτο,
2487 2502 2571 2554 σοὶ
2611 2503 2888 2573 παρέχων,
2919 2504 2968 2556 εἰ
3002 2504 3346 2574 βουληθείης,
3389 2507 3597 2574 φιλοτι-

2020 2587 2255 2654 μεῖσθαι.
2290 2587 2389 2640 Διὰ
2411 2586 2568 2639 τοῦτο
2594 2588 2686 2639 καὶ
2715 2589 2800 2640 ὅτε
2833 2589 2960 2657 περὶ
2982 2589 3281 2660 παρθενίας
3303 2589 3594 2655 διελέγετο,

2017 2668 2198 2736 ἔλεγεν
2226 2687 2240 2700 ·
2288 2671 2349 2722 '0
2383 2670 2718 2738 δυνάμενος
2763 2672 3009 2739 χωρεῖν,
3050 2673 3334 2740 χωρείτωι
3371 2675 3464 2724 καὶ
3505 2677 3597 2727 ἐπὶ

2015 2752 2110 2804 τοῦ
2146 2752 2402 2806 πλουσίου
2436 2753 2504 2805 τά
2559 2755 2655 2823 μὲν
2703 2754 2952 2816 ἐπέταξε,
3000 2755 3072 2807 τά
3117 2757 3172 2808 δὲ
3226 2757 3489 2825 ἐπέτρεψε
3528 2762 3595 2828 τῇ

2017 2841 2234 2910 ἐξουσίᾳ
2264 2842 2361 2912 τῆς
2410 2841 2670 2906 διανοίας.
2732 2845 2807 2896 Οὐ
2864 2844 2974 2912 γάρ
3009 2839 3170 2904 εἷπε,
3221 2845 3479 2912 Πὼλησον
3529 2850 3597 2896 τά

2019 2925 2350 2995 ὑπάρχοντα,
2378 2925 2514 2989 ἀλλ’,
2535 2929 2600 2979 Ei
2622 2926 2817 2992 θέλεις
2840 2924 3068 2992 τέλειος
3093 2923 3264 2986 εἶναι,
3284 2926 3592 2991 πώλησον.

2018 2999 2170 3062 ’Ἀλλ’
2204 3012 2363 3080 ἡμεῖς
2393 3011 2454 3063 οὐ
2499 3013 2660 3082 μόνον
2692 3011 2752 3063 οὐ
2791 3010 3221 3081 φιλοτιμούμεθα
3264 3010 3381 3063 οὐδὲ
3427 3012 3596 3080 ὑπερ-

2018 3091 2272 3163 ϐαίνομεν
2304 3094 2372 3146 τὰ
2403 3094 2821 3162 προστάγματα,
2841 3094 2976 3148 ἀλλὰ
2999 3096 3092 3148 καὶ
3126 3093 3219 3147 τοῦ
3256 3094 3456 3166 μέτρου
3487 3093 3596 3147 τῶν

2019 3176 2416 3231 κελευσθέντων
2448 3177 2652 3249 σφῶρα
2695 3177 3205 3248 ἀπολιμπανόμεθα.
3245 3179 3353 3232 Καὶ
3389 3177 3596 3239 Παῦλος

2023 3261 2121 3329 μὲν
2156 3259 2480 3330 ἐλίμωττεν,
2526 3260 2611 3313 ἵνα
2660 3261 2733 3332 μὴ
2774 3263 3013 3333 ἐγκοπὴν
3053 3261 3130 3331 τῷ
3164 3261 3466 3331 εὐαγγελίῳ
3499 3261 3592 3331 δῷο

2021 3344 2178 3411 ἡμεῖς
2221 3343 2276 3395 δὲ
2313 3343 2433 3395 οὐδέ
2466 3343 2575 3394 τῶν
2609 3345 2987 3413 ἀποκειμένων
3029 3345 3159 3412 ἡμῖν
3205 3344 3443 3411 ἅψασθαι
3473 3345 3595 3397 τολ-

2025 3427 2235 3497 μῶμεν,
2270 3427 2469 3496 μυρίας
2494 3427 2730 3497 ὁρῶντες
2751 3429 3200 3496 ἀνατρεπομένας
3220 3429 3418 3496 ψυχάς.
3440 3429 3598 3496 Τρω-

2021 3511 2166 3578 γέτω
2199 3510 2329 3579 γάρ,
2357 3511 2542 3580 φησὶν,
2575 3510 2602 3560 6
2635 3511 2754 3579 σὴς,
2793 3511 2887 3562 καὶ
2925 3511 2998 3580 μὴ
3048 3511 3305 3578 τρωγέτω
3337 3513 3365 3563 ὁ
3405 3511 3595 3578 πένης·

2020 3592 2357 3646 κατεσθιέτω
2375 3594 2403 3644 6
2425 3592 2662 3664 σκώληξ,
2683 3596 2775 3645 καὶ
2796 3594 2868 3662 μὴ
2895 3609 2963 3645 πε
2971 3592 3306 3664 ριϐαλλέσθω
3320 3595 3347 3644 6
3371 3610 3436 3661 γυ
3446 3595 3595 3663 μνός⁹

2020 3675 2392 3730 ἀναλισκέσθω
2423 3676 2600 3728 πάντα
2631 3674 2709 3745 τῷ
2756 3677 2954 3746 χρόνῳ,
3007 3676 3102 3729 καὶ
3143 3675 3218 3747 μὴ
3257 3677 3542 3748 τρεφέσθω
3569 3679 3601 3731 6

2020 3759 2276 3831 Χριστὸς,
2309 3757 2601 3812 καὶταῦτα
2632 3758 2852 3811 πεινῶν.

2092 3843 2201 3896 Καὶ
2224 3842 2308 3906 τίς
2334 3840 2492 3896 τοῦτο
2530 3837 2650 3895 εἶπε
2675 3861 2689 3908 ;
2717 3842 2870 3912 φησί.
2906 3841 3078 3896 Τοῦτο
3110 3843 3218 3913 γάρ
3247 3845 3363 3898 ἐστι
3395 3844 3594 3914 σφόδρα

2018 3927 2081 3979 τὸ
2117 3926 2310 3992 δεινὸν,
2368 3926 2449 3979 ὅτι
2493 3927 2594 3979 οὐκ
2639 3927 2697 3978 ἐν
2749 3929 2859 3989 τοῖς
2897 3926 3171 3995 ῥήμασιν,
3218 3927 3332 3979 ἀλλ’
3381 3929 3437 3981 ἐν
3484 3931 3596 3991 τοῖς

2020 4011 2306 4082 πράγμασι
2359 4009 2529 4064 ταῦτα
2579 4011 2818 4079 λέγεται.
2885 4011 2995 4063 Καὶ
3047 4009 3156 4080 γὰρ
3203 4005 3366 4082 ἦττον
3420 4010 3484 4063 ἂν
3528 4007 3596 4082 ἦν

2019 4095 2188 4148 δεινὸν
2216 4095 2310 4146 ἐπὶ
2343 4095 2453 4147 τῶν
2481 4093 2742 4165 ῥημάτων
2765 4092 3078 4161 λεγόμενον,
3103 4093 3135 4160 ἦ
3167 4095 3258 4145 ἐπὶ
3290 4093 3398 4147 τῶν
3420 4093 3595 4163 ἔργων

2020 4179 2323 4247 γινόμενον.
2359 4171 2435 4230 Ἦ
2458 4178 2567 4247 γάρ
2597 4178 2657 4230 οὐ
2688 4177 2862 4229 ταῦτα
2901 4176 2999 4246 βοᾷ
3033 4175 3154 4228 καθ’
3189 4176 3424 4244 ἑκάστην
3457 4179 3594 4245 ἡμέ-

2023 4263 2177 4331 ρανὴ
2215 4259 2582 4329 ἀπάνθρωπος
2621 4261 2712 4312 καὶ
2746 4259 2870 4327 ὠμὴ
2900 4261 3175 4326 τυραννὶς,
3207 4260 3239 4326 ἡ
3267 4259 3598 4327 φιλαργυρία.

2021 4345 2134 4403 τοῖς
2161 4343 2330 4410 αὐτῆς
2353 4341 2751 4411 αἰχμαλώτοις;
2781 4340 3096 4410 Προκείσθω
3122 4341 3214 4392 καὶ
3235 4342 3597 4406 συκοφάνταις

2025 4427 2119 4478 καὶ
2144 4425 2367 4495 λῃσταῖς
2400 4424 2493 4476 καὶ
2529 4423 2833 4487 ἐπιϐούλοις
2871 4422 3009 4492 πρὸς
3036 4422 3246 4493 τρυφὴν
3279 4424 3306 4462 b
3355 4425 3424 4477 τὰ
3467 4423 3599 4493 ὑμέ-

2024 4525 2180 4578 τερα,
2210 4508 2303 4560 καὶ
2347 4507 2419 4577 μὴ
2451 4508 2563 4568 τοῖς
2593 4505 2816 4558 πεινῶσι
2865 4505 2996 4576 μηδὲ
3028 4508 3142 4569 τοῖς
3179 4506 3454 4576 δεομένοις
3484 4507 3600 4560 δια-

2025 4593 2219 4662 τροφή.
2250 4591 2324 4642 Οὐ
2359 4594 2467 4660 γάρ
2504 4590 2661 4659 ὑμεῖς
2697 4592 2896 4641 ποιεῖτε
2936 4590 3063 4653 τοὺς
3105 4589 3341 4661 λῃστὰς;
3386 4591 3444 4642 οὐ
3490 4589 3599 4662 γάρ

2028 4676 2184 4744 ὑμεῖς
2217 4673 2294 4742 τῷ
2321 4675 2453 4743 πυρὶ
2485 4673 2594 4725 τῶν
2627 4673 2910 4741 βασκάνων
2949 4672 3218 4742 παρέχετε
3261 4675 3501 4744 τροφήν;
3535 4674 3598 4726 οὐ

2026 4757 2132 4828 γάρ
2151 4758 2306 4828 ὑμεῖς
2331 4759 2533 4809 ποιεῖτε
2551 4756 2678 4817 τοῦς
2696 4755 2966 4825 δραπέτας
2991 4756 3084 4808 καὶ
3110 4760 3232 4819 τοὺς
3259 4757 3597 4818 ἐπιϐούλους,

2027 4842 2278 4910 καθάπερ
2324 4841 2515 4908 δέλεαρ
2562 4840 2744 4901 αὐτοῖς
2789 4838 2877 4892 τὸν
2935 4840 3196 4911 ὑμέτερον
3253 4842 3598 4913 προτιθέντες

2030 4925 2296 4990 πλοῦτον;
2328 4923 2411 4986 τίς
2439 4925 2471 4992 ἡ
2507 4923 2674 4993 μανία
2703 4922 2875 4993 αῦτης
2921 4925 3099 4976 Μανία
3133 4925 3240 4994 γάρ
3282 4926 3372 4977 καί
3425 4943 3598 4994 παρα-

2031 5008 2228 5078 πληξία
2259 5006 2455 5077 σαφὴς,
2483 5006 2550 5058 τὰ
2577 5007 2672 5075 μὲν
2701 5005 2929 5058 κιϐώτια
2955 5007 3124 5075 μεστά
3149 5007 3380 5074 ἱματίων
3404 5012 3598 5070 ποιεῖν,

2030 5094 2120 5145 τὸν
2144 5092 2201 5144 δὲ
2228 5090 2346 5142 κατ’
2371 5089 2556 5141 εἰκόνα
2583 5088 2718 5142 Θεοῦ
2746 5092 3038 5158 γενόμενον
3064 5090 3155 5140 καὶ
3182 5089 3598 5160 καθ’όμοίωσιν,

2029 5175 2236 5244 γυμνὸν
2265 5173 2359 5227 κοιλ⁴
2392 5172 2663 5243 τρέμοντα
2696 5173 2799 5224 ὐπὸ
2828 5172 2922 5224 τοῦ
2955 5173 3164 5241 κρυμοῦ
3197 5176 3475 5245 περιορᾷν,
3506 5176 3600 5226 καὶ

2036 5259 2186 5329 μόλις
2231 5254 2584 5327 ὀρθούμενον.
2646 5254 2806 5306 Ἀλλά
2849 5256 3265 5324 προφασίζεται,
3312 5259 3464 5329 φησὶ,
3508 5259 3599 5309 τὸν

2030 5343 2231 5412 τρόμον
2281 5339 2374 5394 καὶ
2425 5339 2524 5408 τὴν
2580 5338 2882 5392 ἀσθένειαν.
2938 5336 3068 5392 Εἶτα
3119 5343 3178 5393 οὐ
3230 5341 3472 5404 δέδοικας
3523 5341 3597 5408 μὴ

2035 5424 2274 5492 σκηπτὸς
2311 5421 2514 5475 ἀνωθεν
2547 5421 2654 5474 ἀπὸ
2683 5421 2776 5474 τοῦ
2819 5423 3056 5491 ῥήματος
3101 5425 3360 5494 άναφθεὶς
3405 5423 3596 5474 τούτου

2033 5507 2367 5578 κατενεχθῇ;
2397 5507 2797 5577 διαρῤήγνυμαι
2825 5508 2930 5577 γάρ
2969 5510 3072 5560 ὐπὸ
3112 5509 3205 5560 τοῦ
3245 5508 3437 5576 θυμοῦ·
3472 5505 3596 5572 σύγ-

2032 5609 2225 5662 γνωτε.
2264 5593 2335 5644 Συ
2369 5592 2465 5659 μὲν
2493 5591 2601 5662 γὰρ
2629 5591 3052 5661 γαστριζόμενος
3103 5593 3197 5643 καὶ
3234 5588 3595 5652 πιαινόμενος,

2035 5677 2128 5729 καὶ
2157 5676 2234 5737 εἰς
2265 5674 2501 5745 ἑσπέραν
2521 5675 2738 5742 βαθεῖαν
2767 5674 2857 5724 τὸν
2882 5673 3040 5725 πότον
3065 5672 3422 5741 παρατείνων,
3451 5669 3598 5737 [187]

2037 5759 2127 5812 καὶ
2164 5758 2426 5826 μαλακοῖς
2465 5757 2862 5824 ἑνθαλπόμενος
2906 5755 3235 5825 στρώμασιν,
3289 5750 3386 5804 οὐκ
3431 5752 3601 5817 ἀξιοῖς

2103 5851 2126 5890 b
2155 5852 2297 5913 Ἀβδη
2324 5851 2437 5913 πρὸς
2476 5850 2665 5910 τρυφήν.
2713 5845 2860 5902 Edili,
2901 5849 3013 5906 πρὸς
3040 5847 3225 5908 τροφήν.
