3986 6202
326 264 430 323 ΠἹ

320 376 504 433 δοῦναι
530 374 709 447 δίκην,
740 372 891 430 οὕτω
928 374 1263 446 παρανόμως
1301 376 1418 438 τοῖς
1453 372 1553 428 τοῦ
1591 373 1728 427 Θεοῦ
1755 368 1899 446 χρώ-

325 475 485 534 μενος
508 458 701 530 δώροις
731 457 873 530 (οὐδὲ
908 459 1018 528 7&9
1063 458 1155 512 ῖνα
1194 456 1504 529 μεθύωμεν,
1526 458 1559 511 ὀ
1587 451 1750 520 οἶνος·
1787 453 1897 508 οὐδ’

321 545 410 599 ῖνα
437 540 884 613 γαστριζώμεθα,
899 543 933 613 ἡ
955 539 1129 613 τροφὴ
1154 539 1531 610 γέγονεν’-οὐδ’
1558 539 1644 594 ἵνα
1665 537 1905 594 διασπῶ-

323 642 424 698 μεν
450 623 552 696 τὴν
599 623 863 695 γαστέρα,
913 625 984 679 τά
1034 623 1237 695 σιτία)·ν
1279 624 1371 678 τὸν
1408 624 1468 678 δὲ
1516 623 1762 695 πένητα,
1810 620 1904 675 τὸν

318 708 525 774 ἀθλιον,
554 707 647 762 τὸν
681 707 835 762 οὐδὲν
867 707 1092 778 άμεινον
1131 707 1331 781 νεκροῦ
1369 707 1744 778 διακείμενον,
1777 704 1905 760 τοῦ-

318 809 412 849 τον
442 791 670 859 εὐθύνας
697 792 951 856 ἀπαιτεῖς
978 792 1251 864 ἀκριϐεῖς,
1287 794 1383 846 καὶ
1424 793 1487 846 οὐ
1533 791 1777 855 δέδοικας
1809 790 1904 845 τοῦ

319 875 558 948 Χριστοῦ
582 875 645 929 τὸ
668 876 1019 947 δικαστήριον
1043 875 1107 930 τὸ
1145 874 1375 947 φρικτὸν
1410 876 1585 929 ἐκεῖνο
1618 875 1713 929 καὶ
1742 873 1907 944 φοϐε-

324 961 415 1031 ρόν
434 979 450 1027 ;
475 960 588 1014 Καὶ
600 959 710 1031 7&9
739 961 790 1013 εί
815 960 1191 1032 ὑποκρίνεται,
1212 959 1274 1025 ἐξ
1288 960 1535 1028 ἀνάγκης
1553 958 1904 1029 ὑποκρίνεται

318 1045 417 1098 καὶ
442 1043 651 1107 ἐνδείας
683 1042 773 1097 διά
798 1042 898 1115 τὴν
924 1043 1188 1115 ὠμότητα
1214 1042 1319 1115 τὴν.
1342 1041 1440 1112 σὴν
1468 1044 1564 1097 καὶ
1591 1042 1691 1114 τὴν
1733 1042 1906 1096 ἀπαν-

320 1126 567 1198 θρωπίαν
595 1126 694 1200 τὴν
719 1128 978 1182 τοιούτων
1007 1127 1269 1199 δεομένην
1294 1126 1679 1200 προσωπείων,
1704 1126 1804 1198 τὴν
1830 1126 1903 1197 μὴ

321 1210 706 1283 ἐπικλωμένην
740 1212 876 1284 πρὸς
906 1211 1083 1269 ἐλεον.
1122 1212 1219 1275 Τίς
1245 1210 1355 1283 7&9
1390 1210 1563 1274 οὕτως
1591 1208 1776 1273 ἅθλιος
1810 1210 1906 1263 καὶ

320 1293 687 1365 ταλαίπωρος,
715 1294 790 1357 ὡς
818 1295 1090 1367 μηδεμιᾶς
1111 1295 1358 1366 ἀνάγκης
1384 1292 1744 1365 ἐπικειμένης
1766 1292 1907 1365 ὑπὲρ

322 1378 441 1443 ἐνὸς
465 1378 631 1451 ἄρτου
653 1377 881 1432 τοιαῦτα
900 1378 1231 1450 ἀσχημονεῖν
1248 1378 1344 1436 καὶ
1354 1377 1650 1433 κόπτεσθαι
1662 1378 1757 1433 καὶ
1779 1393 1908 1430 τοσ-

318 1463 495 1535 αύτην
523 1463 817 1534 ὑπομένειν
864 1462 1050 1531 δίκην;
1078 1463 1241 1516 Ὥστε
1266 1465 1299 1533 ἡ
1317 1462 1608 1535 ὑπόκρισις
1640 1465 1674 1534 ή
1697 1462 1907 1516 ἐκείνου

322 1548 424 1618 τῆς
454 1547 554 1615 σῆς
577 1545 978 1617 ἀπανθρωπίας
1007 1545 1357 1616 περιέρχεται
1387 1546 1686 1617 γιγνομένη
1709 1542 1906 1615 κήρυξ.

334 1630 553 1701 Ἐπειδὴ
579 1628 691 1701 7&9
715 1629 978 1684 ἱκετεύων
1007 1631 1101 1684 καὶ
1118 1628 1367 1700 λιπαρῶν
1390 1631 1484 1684 καὶ
1500 1627 1714 1682 ἐλεεινὰ
1731 1626 1910 1698 προϊέ-

326 1730 488 1780 μενος
517 1714 760 1785 ρήματα,
807 1714 901 1767 καὶ
929 1712 1257 1785 ὀδιψόμενος
1285 1712 1379 1769 καὶ
1408 1710 1660 1783 δακρύων
1705 1711 1800 1765 καὶ
1841 1709 1911 1765 δι’

322 1796 451 1868 ὅλης
475 1796 706 1869 περιιὼν
742 1796 843 1867 τῆς
875 1796 1111 1868 ἡμέρας,
1135 1795 1258 1849 οὐδὲ
1286 1795 1387 1866 τῆς
1412 1794 1717 1863 ἀναγκαίας
1743 1793 1909 1847 εύπο-

324 1882 410 1951 ρεῖ
426 1881 657 1952 τροφῆς,
683 1879 978 1949 ἐπενόησεν
1004 1877 1135 1944 ἴσως
1164 1878 1260 1933 καὶ
1285 1878 1486 1949 ταύτην
1512 1878 1611 1950 τὴν
1638 1878 1909 1949 μηχανὴν,

321 1950 425 2019 οὑκ
459 1950 652 2036 ἐκείνῳ
681 1962 974 2033 τοσαύτην,
999 1962 1134 2033 ὅσην
1166 1962 1275 2026 σοὶ,
1301 1950 1576 2033 φέρουσαν
1603 1961 1701 2033 τὴν
1734 1964 1909 2030 ἀσχη-

326 2048 571 2122 μοσύνην
587 2050 683 2103 καὶ
705 2049 804 2120 τὴν
819 2048 1178 2119 κατηγορίαν.
1210 2048 1451 2111 Ἐκεῖνος
1478 2048 1575 2118 μὲν
1608 2046 1912 2118 γὰρέλεεῖ-

326 2131 452 2185 σθαι
490 2131 717 2196 δίκαιος,
749 2132 832 2184 ὅτι
887 2132 967 2195 είς
1014 2129 1288 2199 τοσαύτην
1324 2130 1591 2202 κατῆλθεν
1628 2131 1908 2200 ἀνάγκην·

322 2216 491 2286 ἡμεῖς
514 2214 573 2269 δὲ
607 2214 817 2285 μυρίων
857 2212 1000 2279 ἄξιοι
1032 2212 1341 2283 τιμωριῶν,
1377 2214 1460 2267 ὅτι
1503 2213 1630 2275 τοὺς
1673 2213 1912 2282 πένητας

323 2298 549 2353 τοιαῦτα
579 2296 875 2370 βιαζόμεθα
913 2296 1165 2365 πάσχειν.
1196 2296 1259 2349 Εἰ
1288 2296 1397 2368 γὰρ
1424 2296 1483 2363 ἐξ
1514 2296 1768 2359 εὐκολίας
1784 2298 1913 2350 ἐπε-

326 2381 609 2451 κλώμεθα,
638 2382 741 2436 οὑκ
764 2380 830 2436 άν
857 2396 986 2433 ποτε
1009 2379 1186 2432 εἵλετο
1215 2381 1423 2445 ἐκεῖνος
1449 2379 1673 2434 τοιαῦτα
1702 2381 1911 2451 ὑπομέ-

326 2480 460 2521 νειν.
497 2464 607 2519 Καὶ
638 2464 693 2518 τί
720 2462 866 2532 λέγω
885 2461 1166 2534 γύμνωσιν
1184 2464 1280 2518 καὶ
1301 2464 1537 2536 τρόμον;
1566 2463 1641 2517 Τὸ
1666 2464 1774 2535 γάρ
1790 2464 1915 2518 τού-

324 2565 420 2601 του
445 2548 882 2620 φρικωδέστερον
898 2544 1029 2615 ἐρῶ,
1046 2546 1130 2599 ὅτι
1151 2546 1246 2600 καὶ
1266 2546 1462 2611 παῖδας
1486 2548 1913 2619 ἡναγκάσθησαν

327 2649 404 2705 πη
413 2632 585 2705 ρῶσαί
608 2649 751 2696 τινες
778 2632 956 2704 ἄωρον
974 2630 1209 2700 άγοντας
1227 2630 1464 2703 ἡλικίαν,
1491 2631 1583 2684 ἵνα
1597 2633 1696 2703 τῆς
1714 2632 1915 2704 ἡμετέ-

328 2734 432 2789 ρας
459 2714 817 2787 ἀναισθησίας
841 2715 1197 2771 καθίκωνται.
1237 2716 1455 2786 Ἐπειδὴ
1483 2717 1592 2788 γάρ
1623 2716 1914 2787 βλέποντες

328 2800 424 2854 καὶ
454 2799 653 2871 γυμνοὶ
705 2798 1045 2870 περιιόντες,
1086 2797 1209 2852 οὔτε
1250 2799 1358 2852 ἀπὸ
1394 2802 1493 2870 τῆς
1530 2799 1747 2869 ἡλικίας
1788 2798 1913 2853 οῦτε

328 2884 436 2937 ἀπὸ
456 2884 558 2955 τῆς
583 2883 868 2955 συμφοράς
896 2882 1277 2936 ἐπεσπάσαντο
1306 2883 1431 2945 τοὺς
1461 2883 1728 2953 ἀνηλεεῖς,
1746 2899 1917 2952 προσ-

330 2966 535 3039 έθηκαν
568 2969 680 3031 τοῖς
720 2964 998 3029 τοσούτοις
1042 2967 1235 3029 κακοῖς
1280 2965 1476 3036 ἑτέραν
1526 2964 1916 3036 χαλεπωτέραν

328 3049 661 3123 τραγῳδίαν,
699 3049 788 3104 ἴνα
816 3050 1017 3103 λύσωσι
1056 3048 1149 3102 τὸν
1189 3047 1366 3120 λιμὸν,
1401 3048 1730 3121 κουφότερον
1775 3046 1916 3103 εἶναι

330 3134 647 3204 νομίζοντες
680 3132 1090 3205 ἀπεστερῆσθαι
1135 3131 1231 3185 τοῦ
1280 3131 1462 3186 κοινοῦ
1504 3131 1696 3185 τούτου
1737 3132 1915 3201 φωτὸς

332 3219 429 3274 καὶ
456 3217 557 3288 τῆς
585 3218 724 3271 πᾶσι
770 3216 1061 3288 δεδομένης
1103 3216 1343 3280 ἀκτῖνος,
1400 3215 1433 3287 ἢ
1480 3215 1624 3287 λιμῷ
1664 3216 1917 3269 παλαίειν

331 3301 575 3373 διηνεκεῖ
594 3300 689 3356 καὶ
718 3300 809 3355 τὸν
825 3301 1095 3354 οῖκτιστον
1117 3299 1411 3370 ὑπομένειν
1430 3299 1678 3354 θάνατον.
1697 3299 1917 3372 Ἐπειδὴ

334 3385 445 3459 γὰρ
472 3386 535 3439 οὑ
570 3384 762 3440 πενίαν
788 3384 1023 3455 ἐμάθετε
1051 3383 1243 3448 ἐλεεῖν,
1273 3382 1411 3437 ἀλλά
1442 3384 1739 3453 τέρπεσθαι
1773 3401 1909 3456 συμο

336 3473 552 3543 φοραῖς.
570 3467 870 3541 πληροῦσιν
887 3466 1041 3540 ὑμῶν
1056 3468 1155 3539 τὴν
1172 3466 1467 3539 ἀκόρεστον
1488 3467 1804 3539 ἐπιθυμίαν,
1823 3467 1918 3524 καὶ

334 3557 548 3619 ἐαυτοῖς
568 3555 663 3608 καὶ
684 3553 715 3607 ὑ
721 3555 815 3624 μῖν
839 3562 857 3583 ⁸
876 3551 1268 3624 χαλεπωτέραν
1288 3550 1389 3622 τῆς
1411 3551 1636 3624 γεέννης
1656 3552 1921 3607 ἀνάπτον-

334 3656 427 3704 τες
451 3639 548 3710 τὴν
574 3637 769 3707 φλόγα.
801 3636 910 3691 Καὶ
943 3636 1030 3691 ἵνα
1070 3635 1280 3706 μάθητε
1314 3636 1397 3688 ὅτι
1429 3635 1517 3688 διὰ
1557 3636 1715 3689 τοῦτο
1746 3635 1920 3689 ταῦτα

336 3722 547 3791 γίνεται
568 3721 665 3774 καὶ¹
691 3719 760 3773 τά
779 3718 1026 3784 τοιαῦτα,
1054 3719 1356 3789 τεκμήριον
1398 3717 1528 3788 ὑμῖν
1557 3717 1920 3789 ὡμολογημέ-

338 3821 428 3860 νον
456 3804 587 3875 ἐρῶ,
619 3802 756 3873 πρὸς
781 3801 810 3855 ὃ
841 3800 1025 3873 μηδεὶς
1046 3802 1281 3873 ἀντερεῖ.
1313 3800 1470 3855 Εἰσὶν
1490 3799 1667 3872 ἕτεροι
1690 3802 1921 3872 πένητες

339 3885 531 3955 κοῦφοι
556 3885 650 3938 καὶ
686 3884 950 3955 μετέωροι
979 3882 1076 3947 τάς
1096 3884 1295 3953 ψυχὰς,
1319 3883 1415 3936 καὶ
1438 3883 1540 3936 οὐκ
1578 3883 1780 3948 εἰδότες
1818 3884 1919 3953 φέ-

341 3988 402 4042 ρε
411 3988 459 4024 ιν
482 3969 661 4041 λιμὸν.
686 3967 822 4021 ἀλλά
841 3966 1018 4021 πάντα
1046 3967 1263 4038 μᾶλλον.
1288 3966 1321 4037 ἢ
1350 3964 1509 4021 τοῦτο
1532 3968 1918 4038 ὑπομένοντες.

340 4048 501 4109 Οὗτοι
530 4050 790 4114 πολλάκις
812 4050 842 4105 ὑ
850 4052 940 4121 μῖν
967 4050 1217 4112 ἐλεεινοῖς
1242 4050 1336 4103 καὶ
1360 4051 1604 4121 σχήμασι
1626 4049 1720 4104 καὶ
1744 4052 1922 4122 ῥήμα-

342 4153 427 4192 σιν
463 4135 797 4208 ἐντυχόντες,
841 4133 1028 4204 ἐπειδὴ
1057 4134 1211 4207 ούδέν
1255 4132 1473 4203 ὤνησαν
1503 4132 1605 4198 τὰς
1641 4136 1922 4207 ἱκετηρίας

339 4220 570 4293 ἀφέντες
623 4218 853 4282 ἐκείνας,
903 4218 1032 4282 τοὺς
1078 4216 1519 4287 θαυματοποιοὺς
1562 4217 1695 4283 ὑμῖν
1733 4217 1920 4272 λοιπὸν

340 4307 687 4381 παρήλασαν,
711 4306 760 4359 οί
799 4302 898 4375 μὲν
932 4302 1181 4375 δέρματα
1208 4300 1573 4371 ὑποδημάτων
1602 4301 1920 4374 μασώμενοι

340 4390 751 4465 πεπονηκότων,
769 4389 820 4442 οἰ
839 4387 897 4442 δέ
914 4389 1056 4442 κατά
1070 4386 1170 4457 τῆς
1196 4385 1439 4457 κεφαλῆς
1461 4386 1626 4457 ἥλους
1643 4386 1788 4453 ὀξεῖς
1807 4387 1920 4442 δια-

341 4477 644 4547 πείροντες,
671 4473 848 4544 ἐτεροι
883 4472 1191 4542 πεπηγόσιν
1222 4470 1408 4524 ῦδασιν
1441 4470 1549 4525 ὑπὸ
1572 4471 1668 4524 τοῦ
1704 4472 1919 4544 κρυμοῦ

341 4560 523 4630 γυμνῇ
568 4560 635 4629 τῇ
670 4558 871 4627 γαστρὶ
918 4553 1404 4627 προσομιλοῦντες,
1460 4552 1610 4607 ἄλλοι
1653 4554 1710 4607 δὲ
1755 4555 1919 4626 ἐτερα

342 4640 663 4712 ἀτοπώτερα
690 4637 894 4692 τούτων
929 4635 1311 4708 ὑπομένοντες,
1354 4636 1441 4689 ῖνα
1471 4636 1532 4689 τὸ
1560 4636 1795 4709 πονηρὸν
1823 4654 1923 4692 πε-

343 4724 642 4798 ριστήσωσι
672 4720 918 4791 θέατρον.

415 4813 488 4874 ς’,
523 4805 596 4859 Σὺ
622 4802 703 4869 δὲ,
735 4802 944 4857 τούτων
972 4802 1294 4874 γινομένων,
1324 4802 1562 4873 ἕστηκας
1604 4802 1779 4871 γελῶν
1826 4805 1921 4859 καὶ

349 4888 663 4961 θαυμάζων,
691 4887 787 4943 καὶ
810 4887 1185 4958 ἐμπομπεύων
1205 4890 1320 4951 τοῖς
1363 4886 1566 4957 ἐτέρων
1589 4889 1799 4951 κακοῖς,
1820 4890 1920 4960 τῆς

343 4975 529 5042 κοινῆς
555 4970 711 5046 [188]
742 4969 961 5042 φύσεως
990 4969 1425 5042 ἀσχημονούσης.
1448 4970 1558 5024 Καὶ
1595 4970 1649 5024 τί
1665 4970 1827 5025 πλέον
1855 4971 1923 5026 ἂν

343 5055 636 5128 ἐργάσαιτο
652 5054 859 5110 τούτων
887 5052 1098 5129 δαίμων
1121 5054 1347 5125 άγριος;
1372 5048 1506 5108 Εἶτα
1537 5053 1623 5108 ἶνα
1646 5053 1922 5126 προθυμό-

343 5155 501 5209 τερον
537 5140 737 5212 ποιήσῃ
766 5138 939 5194 ταῦτα
959 5180 975 5205 ,
1018 5136 1404 5209 δαψιλέστερον
1444 5136 1603 5201 δίδως
1633 5138 1916 5210 ἀργύριον.

345 5222 456 5278 Καὶ
474 5220 552 5292 τῷ
578 5222 675 5293 μὲν
697 5223 975 5294 εὐχομένω
1000 5223 1097 5277 καὶ
1113 5222 1205 5277 τὸν
1224 5222 1357 5276 Θεὸν
1382 5220 1658 5285 καλοῦντι,
1681 5225 1774 5277 καὶ
1800 5223 1919 5294 μετ’

345 5305 647 5369 ἐπιεικείας
686 5306 966 5373 προσιόντι
999 5306 1143 5371 οὐδὲ,
1175 5305 1567 5377 ἀποκρίνεσθαι
1599 5307 1767 5373 ἀξιοῖς
1799 5307 1922 5361 ούδέ

344 5387 636 5459 ἐμϐλέψαι,
678 5387 815 5440 ἀλλά
857 5389 952 5443 καὶ
994 5388 1063 5442 τά
1106 5389 1340 5459 φορτικά
1380 5391 1563 5443 ἐκεῖνα
1592 5390 1729 5461 πρὸς
1758 5390 1920 5443 αὑτὸν

348 5473 561 5547 φθέγγῃ
590 5472 831 5543 ῥήματα,
861 5471 989 5525 ὅταν
1015 5473 1253 5543 συνεχῶς
1296 5473 1590 5545 ἐνοχλήσῃ·
1627 5473 1829 5528 Τοῦτον
1863 5474 1920 5528 δέ

344 5555 429 5609 δεῖ
448 5553 581 5627 ζῇνς
608 5555 866 5609 ἀναπνεῖν
886 5554 942 5608 δὲ
971 5555 1132 5620 ὅλως,
1168 5553 1201 5625 ἦ
1233 5554 1325 5608 τὸν
1348 5555 1498 5625 ἣλιον
1531 5556 1721 5611 τοῦτον
1747 5558 1919 5630 ὀρᾷν;

348 5640 484 5708 πρὸς
515 5640 592 5693 δῖ’
620 5639 860 5703 ἐκείνους
910 5639 1003 5694 καὶ
1049 5637 1273 5709 φαιδρὸς
1328 5639 1423 5693 καὶ
1473 5639 1772 5710 φιλότιμος,
1824 5640 1922 5695 άτε

347 5722 689 5793 ἀγωνοθέτης
719 5740 804 5788 τις
830 5722 907 5780 ῶν
943 5726 1041 5796 τῆς
1065 5721 1473 5794 καταγελάστου
1506 5722 1600 5777 καὶ
1630 5724 1923 5796 σατανικῆς

404 5817 427 5841 ⁸
448 5817 593 5881 nem,
617 5823 695 5871 ui
714 5821 843 5883 ἡμῖν.

1049 258 1110 316 8.
1153 254 1444 316 JOANNIS
1479 250 1976 315 CHRYSOSTOMI
2015 253 2337 321 ABCIIIEP‘.
2372 255 2933 320 CONSTAN'IINOP.

3477 249 3578 311 ΗΒ

2005 372 2393 452 ἀσχημοσύνης
2402 377 2651 447 ἐκείνης.
2673 375 2765 430 Διὸ
2784 374 2883 429 καῖ
2906 369 3171 440 εὑλογῶτε
3180 386 3282 440 ρον·
3298 367 3433 440 πρὸς
3455 372 3587 433 τοὺς

2004 458 2250 525 τιθέντας
2275 465 2404 527 τοὺς
2451 462 2670 532 ἀγῶνας
2706 459 2951 522 τούτους,
2987 456 3082 510 καὶ
3112 453 3188 525 μὴ
3228 452 3586 524 προϊεμένους

2005 543 2173 614 μηδὲν
2196 544 2304 609 ἕως
2326 546 2393 600 ἂν
2425 546 2586 600 ἴδωσι
2600 543 2997 614 κολαζομένους
3025 539 3273 611 ἐτέρους,
3302 535 3478 590 ταῦτα
3519 537 3589 590 ἂν

2002 626 2217 699 λεχθείη
2260 629 2335 684 τά
2385 631 2628 702 ῥήματα·
2663 629 2773 699 Ζῇν
2807 627 2867 680 δὲ
2920 624 3147 688 τούτους
3172 662 3186 685 ,
3226 624 3487 676 ἀναπνεῖν
3531 621 3588 674 δὲ

2003 711 2173 776 ὅλως;
2201 712 2294 766 τὸν
2318 712 2377 767 δὲ
2408 713 2560 785 ἥλιον
2590 710 2779 766 τοῦτον
2806 710 2940 781 ὀρᾷν
2972 709 3101 770 τοὺς
3147 707 3227 771 είς
3272 706 3373 776 τὴν
3402 705 3591 776 κοινὴν

2004 794 2462 867 παρανομοῦντας
2488 795 2673 865 φύσιν,
2702 794 2831 856 τοὺς
2852 795 2934 857 εἱς
2958 791 3051 845 τὸν
3069 789 3202 843 Θεὸν
3229 788 3587 861 ὑϐρίζοντας

2003 879 2115 931 Καὶ
2144 880 2241 933 τοῦ
2282 879 2382 952 μὲν
2415 878 2552 934 Θεοῦ
2589 879 2879 946 λέγοντος,
2908 874 3006 939 Δὸς
3049 871 3446 943 ἐλεημοσύνην,
3494 872 3592 923 καὶ

2003 960 2195 1031 δίδωμί
2247 979 2329 1016 σοι
2371 962 2650 1033 βασιλείαν
2695 958 2942 1030 οὐρανῶν
2967 998 2981 1021 ,
3022 957 3123 1011 οὐκ
3173 956 3448 1028 ῆκουσας·
3492 954 3590 1007 τοῦ

2003 1043 2251 1098 διαϐόλου
2282 1046 2338 1100 δέ
2369 1045 2609 1115 κεφαλὴν
2639 1044 3035 1116 καθηλωμένην
3070 1039 3410 1104 δεικνύντος,
3447 1038 3592 1102 ἐξαί-

2005 1143 2144 1198 φνης
2174 1128 2453 1200 φιλότιμος
2481 1128 2752 1197 γέγονας·
2802 1127 2896 1180 καὶ
2945 1123 3149 1197 μᾶλλον
3191 1121 3512 1192 ἐπέκαμψεν
3552 1124 3588 1190 η

2001 1209 2097 1263 τοῦ
2127 1211 2365 1281 πονηροῦ
2389 1211 2644 1282 δαίμονος
2682 1213 2902 1282 μηχανὴ
2933 1207 3202 1279 τοσαύτην
3236 1208 3430 1281 ἔχουσα
3459 1207 3605 1276 βλάε

2006 1293 2192 1366 ﬁrmi}
2238 1296 2273 1366 ἡ
2311 1294 2406 1349 τοῦ
2439 1295 2578 1349 Θεοῦ
2630 1295 2928 1365 ὑπόσχεσις
2973 1294 3138 1365 μυρία
3187 1291 3485 1356 κομίζουσα
3515 1291 3605 1342 τὰ.

2006 1378 2210 1447 ἀγαθά·
2239 1379 2381 1446 δέον,
2430 1380 2480 1433 εί
2509 1382 2604 1433 καὶ
2632 1379 2854 1450 χρυσίον
2881 1376 3210 1431 καταδαλεῖν
3244 1375 3413 1446 ἐχρῆν
3448 1376 3591 1446 ύπὲρ

2004 1464 2101 1518 τοῦ
2131 1462 2307 1519 ταῦτα
2344 1463 2421 1535 μὴ
2451 1461 2721 1532 γίνεσθαι,
2767 1462 2904 1533 μηδὲ
2930 1461 3192 1533 γινόμενα
3223 1462 3377 1531 ὀρᾷν,
3410 1460 3594 1513 πάντα

2009 1549 2183 1602 ποιεῖν
2211 1548 2307 1601 καὶ⁵
2337 1546 2658 1617 ὑπομένειν,
2687 1546 2828 1600 ὥστε
2861 1546 3069 1600 ἀνελεῖν
3101 1546 3200 1616 τὴν
3229 1544 3431 1617 πολλὴν
3458 1542 3594 1597 run“—

2006 1650 2109 1703 την
2139 1632 2376 1704 μανίαν·
2424 1633 2583 1705 ὑμεῖς
2615 1633 2677 1687 δὲ*
2723 1632 2864 1703 ὑπὲρ
2919 1630 3014 1685 τοῦ
3059 1632 3155 1684 καὶ
3200 1630 3449 1700 γίνεσθαι
3497 1630 3596 1682 καὶ

2008 1716 2271 1787 γινόμενα
2310 1718 2444 1789 ὀρᾷν
2467 1758 2482 1779 ,
2513 1716 2692 1772 πάντα
2720 1719 2926 1770 ποιεῖτε
2972 1716 3075 1770 καῖ’
3110 1713 3594 1786 πραγματεύεσθε.

2012 1801 2135 1855 Ἔτι
2168 1798 2263 1854 οὖν
2309 1802 2540 1873 ἐρωτᾷς,
2598 1800 2722 1854 εἰπέ
2765 1817 2875 1872 μοι,
2925 1800 3017 1853 διὰ
3058 1799 3111 1853 τί
3152 1799 3382 1868 γέεννα;
3433 1797 3601 1850 ’Λλλά

2013 1884 2213 1955 μηκέτι
2259 1886 2419 1938 τοῦτο
2470 1883 2671 1956 ἐρώτα,
2705 1884 2841 1938 ἀλλά
2878 1883 2997 1949 πῶς
3046 1883 3145 1954 μία
3194 1883 3393 1952 γέεννα
3424 1878 3596 1952 μόνη.

2014 1968 2201 2021 Πόσων
2253 1966 2361 2040 7&9
2394 1967 2495 2020 οὑκ
2550 1965 2692 2032 ἄξιοι
2742 1967 3021 2021 κολάσεων
3050 1961 3194 2021 οὗτοι
3247 1966 3299 2018 οί
3343 1965 3404 2017 τὸ
3444 1964 3601 2035 ὠμὸν

2009 2049 2169 2103 τοῦτο
2188 2051 2283 2103 καὶ
2310 2050 2520 2120 ἀπηνὲς
2550 2050 2980 2122 συγκροτοῦντες
3002 2049 3249 2121 θέατρον,
3273 2049 3367 2103 καὶ
3389 2046 3597 2116 γελῶν-

2010 2149 2104 2197 τες
2130 2133 2215 2203 ἐφ’
2238 2127 2317 2197 οἷς
2345 2132 2604 2205 δακρύειν
2631 2132 2738 2187 ἔδει
2764 2132 3053 2197 κάκείνους
3078 2132 3172 2186 καὶ
3199 2132 3343 2202 ὑμᾶς
3362 2129 3603 2195 αὖτούςς

2015 2215 2216 2287 μᾶλλον
2247 2215 2306 2270 δὲ
2335 2217 2481 2287 ὑμᾶς
2500 2217 2626 2281 τοὺς
2650 2217 2720 2271 τά
2741 2216 2970 2271 τοιαῦτα
2992 2216 3404 2284 ἀναγκάζοντας
3432 2215 3603 2284 ἀσχηο

2016 2301 2198 2370 μονεῖν
2221 2317 2237 2367 ;
2269 2299 2407 2353 Ἀλλ’
2427 2300 2528 2353 οὑκ
2550 2300 2868 2369 ἀναγκάζω,
2899 2300 3058 2371 φησί.
3085 2299 3210 2363 Πῶς
3236 2299 3336 2352 ούκ
3357 2298 3602 2365 ἀναγκά-

2013 2383 2149 2448 ζεις,
2178 2384 2301 2439 εἰπέ
2329 2401 2443 2455 μοι,
2471 2386 2584 2447 τοῖς
2610 2383 2711 2455 μέν
2730 2383 3163 2454 ἐπιεικεστέροις
3185 2382 3278 2436 καὶ
3304 2381 3601 2453 δακρύουσι

2014 2467 2109 2522 καὶ
2161 2466 2257 2521 τὸν
2290 2466 2423 2521 Θεὸν
2462 2466 2875 2539 παρακαλοῦσιν
2918 2467 3040 2520 ούδέ
3080 2466 3369 2539 προσέχειν
3402 2463 3598 2533 ἀνεχό-

2017 2565 2196 2622 μενος·
2228 2551 2443 2614 τούτοις
2491 2549 2549 2604 δέ
2602 2551 2697 2604 καὶ
2736 2550 3001 2622 ἀργύριον
3045 2550 3303 2621 παρέχων
3343 2546 3597 2616 δαψιλὲς,

2013 2638 2107 2692 καὶ
2139 2636 2367 2701 πολλοὺς
2396 2634 2693 2709 περιιστῶν
2718 2638 2844 2701 τοὺς
2876 2635 3290 2706 θαυμάζονταςς
3323 2633 3431 2686 Καὶ
3455 2632 3597 2685 ἀπο-

2015 2722 2250 2794 στῶμεν,
2286 2723 2474 2794 φησὶν,
2507 2721 2783 2786 ἐλεοῦντες
2818 2721 3038 2785 αύτούς.
3070 2720 3187 2773 Καὶ
3221 2718 3286 2772 σὺ
3323 2716 3481 2770 τοῦτο
3507 2732 3601 2767 κε-

2014 2804 2219 2870 λεύεις;
2253 2806 2368 2859 Ούκ
2389 2806 2505 2859 έστι
2531 2804 2690 2859 τοῦτο
2719 2804 2908 2868 ἐλεεῖν,
2937 2803 3212 2875 ἄνθρωπε,
3239 2801 3301 2854 τὸ
3329 2798 3600 2871 τοσαύτην

2017 2890 2268 2943 ἀπαιτεῖν
2292 2889 2449 2960 δίκην
2480 2889 2620 2959 ὑπὲρ
2648 2887 2843 2956 ὀλίγων
2862 2886 3086 2950 ὀϐολῶν,
3108 2885 3171 2939 τὸ
3194 2883 3438 2939 κελεύειν
3456 2883 3602 2952 ὑπὲρ

2015 2974 2320 3040 ἀναγκαίας
2374 2970 2820 3027 κατακόπτεσθαι
2867 2972 3094 3041 τροφῆς,
3148 2967 3245 3022 καὶ⁵
3296 2969 3377 3030 είς
3429 2965 3601 3019 πολὶὰ

2015 3056 2322 3127 διατέμνειν
2348 3056 2450 3127 τῆς
2480 3055 2726 3126 κεφαλῆς
2749 3054 2850 3124 τῆν
2880 3052 3043 3125 δορὰν
3072 3050 3215 3105 οὕτω
3257 3048 3475 3121 πικρῶς
3511 3052 3605 3104 καὶ

2017 3139 2288 3204 ἐλεεινῶς.
2342 3141 2619 3211 Εὐφήμει,
2656 3138 2851 3210 φησίνο·
2880 3138 2956 3191 οὑ.
2995 3136 3105 3211 γάρ
3136 3137 3302 3206 ἡμεῖς
3351 3136 3520 3204 ἐσμεν
3551 3132 3605 3185 οἱ

2015 3223 2115 3287 τὰς
2143 3222 2386 3292 κεφαλὰς
2414 3220 2779 3293 καθηλοῦντες
2819 3221 3056 3285 ἐκείνας.
3097 3220 3225 3276 Εἴθε
3257 3218 3343 3272 σύ·
3380 3218 3476 3271 καὶ
3501 3217 3601 3270 οὑκ

2018 3304 2087 3378 ἦν
2117 3307 2260 3362 οὕτω
2286 3307 2459 3362 δεινὸν
2490 3306 2553 3361 τὸ
2593 3307 2785 3362 δεινόν.
2829 3306 2887 3360 '0
2919 3306 3030 3377 7&9
3066 3305 3316 3374 σφάττων
3344 3301 3469 3356 τινὰ
3508 3299 3602 3353 τοῦ

2018 3391 2331 3456 κελεύοντος
2352 3391 2543 3445 ἑαυτὸν
2561 3390 2817 3461 σφάττειν
2833 3389 3015 3460 πολλῷ
3029 3386 3410 3459 χαλεπώτερον
3435 3385 3601 3439 ποιεῖ·

2017 3476 2047 3530 ὃ
2074 3476 2141 3549 δὴ
2170 3475 2267 3530 καλ⁸
2290 3476 2389 3530 ἐπὶ
2412 3474 2620 3530 τούτων
2656 3473 2965 3546 ωμὸαίνει.
3000 3475 3111 3529 Καὶ
3137 3471 3246 3544 γάρ
3270 3468 3600 3543 δριμυτέρας,

2021 3559 2351 3630 ὑπομένουσι
2379 3558 2478 3624 τάς
2498 3557 2710 3624 ὀδύνας,
2737 3559 2867 3613 ὅταν
2896 3557 2991 3611 καὶ
3017 3556 3314 3629 αὐτουργοὶ
3338 3553 3598 3609 κελεύων-

2018 3661 2109 3697 ται
2138 3643 2384 3713 γίνεσθαι
2413 3642 2523 3698 τῶν
2553 3640 2810 3713 πονηρῶν
2835 3640 3043 3695 τούτων
3067 3639 3481 3709 ἐπιταγμάτων,
3506 3637 3598 3691 καὶ

2019 3726 2190 3781 ταῦτα
2247 3729 2304 3781 ἐν
2367 3725 2702 3797 ’Δντιοχείᾳ,
2753 3726 2813 3778 ἐν
2949 3724 3169 3797 πρῶτον
3223 3721 3600 3794 ἐχρημάτισαν

2020 3812 2369 3883 Χριστιανοὶ,
2413 3804 2541 3884 ἐνῇ
2595 3808 2855 3863 ἁπάντων
2909 3807 3211 3880 ἀνθρώπων
3260 3803 3600 3877 ἡμερώτεροι

2019 3897 2329 3965 γεγόνασιν,
2360 3896 2420 3948 ἐν
2526 3894 2692 3956 πολὺς
2718 3892 2821 3963 τῆς
2854 3891 3224 3965 ἐλεημοσύνης
3270 3889 3332 3943 τὸ
3374 3887 3601 3942 παλαιὸν

2020 3980 2194 4049 ἐκόμα
2236 3977 2465 4049 καρπός.
2501 3976 2636 4029 Οὐδὲ
2683 3976 2793 4048 γάρ
2842 3978 2956 4040 τοῖς
2988 3973 3220 4047 παροῦσι
3255 3974 3434 4045 μόνον,
3464 3969 3600 4026 ἀλλά

2020 4061 2113 4113 καλ⁵
2138 4062 2251 4123 τοῖς
2280 4056 2563 4131 πόρρωθεν
2592 4056 2839 4126 ἔπεμπον
2871 4058 2937 4109 ἐκ
2987 4053 3183 4109 πολλοῦ
3238 4051 3336 4107 τοῦ
3377 4052 3593 4122 διαστή-

2023 4160 2212 4212 ματος,
2247 4141 2344 4197 καὶ
2396 4140 2569 4195 ταῦτα
2620 4139 2782 4211 λιμοῦ
2826 4138 2978 4211 [189]
3023 4135 3495 4209 προσδοκωμένου.
3532 4135 3599 4188 Τί

2018 4222 2114 4281 οῦν
2162 4226 2244 4280 δεῖ
2297 4226 2512 4290 ποιεῖν;
2553 4224 2719 4294 φησί·
2771 4223 2882 4294 Τῆς
2923 4222 3021 4293 μὲν
3050 4220 3341 4292 θηριωδίας
3391 4217 3599 4281 ταύτης

2020 4310 2365 4379 καθυφεῖναι,
2400 4310 2588 4361 πεῖσαι
2615 4307 2673 4360 δὲ
2716 4303 3164 4375 τοὺς-δεομένους
3194 4302 3456 4367 ἅπαντας,
3510 4301 3599 4354 ὅτι

2016 4393 2192 4448 ταῦτα
2241 4393 2341 4465 μέν
2388 4392 2669 4454 ποιοῦντες
2711 4390 2865 4443 οὐδὲν
2904 4389 3202 4460 λήψονται,
3252 4385 3509 4448 ἐπιεικῶς
3539 4384 3598 4438 δέ

2018 4478 2353 4550 προσιόντες,
2375 4475 2579 4546 πολλῆς
2604 4473 3001 4550 ἀπολαύσονται
3020 4473 3123 4544 τῆς
3149 4470 3479 4544 φιλοτιμίας.
3498 4470 3600 4522 Ἂν

2018 4549 2077 4615 δέ
2115 4560 2285 4615 ταῦτα
2316 4558 2549 4630 μάθωσι,
2590 4558 2694 4612 κᾶν
2721 4558 2937 4611 πάντων
2966 4549 3100 4609 ὦσιν
3125 4555 3467 4626 ἀθλιώτεροι,
3499 4552 3600 4623 οὐχ

2017 4644 2335 4715 αἱρήσονται
2378 4640 2633 4695 οὐδέποτε
2684 4639 2906 4693 τοιαῦτα
2958 4638 3321 4702 κολάζεσθαι,
3364 4634 3478 4704 ἐγὼ
3507 4637 3599 4703 ἐγ-

2017 4729 2261 4800 γυῶμαι·
2294 4726 2429 4781 ἀλλά
2459 4728 2551 4779 καὶ
2580 4726 2742 4797 χάριν
2778 4726 2909 4795 ὑμῖν
2951 4725 3212 4788 εἴσονται,
3252 4723 3334 4776 δτι
3368 4720 3466 4774 καὶ
3502 4718 3600 4772 τοῦ

2019 4812 2255 4883 γέλωτος
2287 4811 2381 4865 καὶ
2408 4810 2508 4880 τῆς
2534 4809 2727 4879 ὀδύνης
2756 4809 2955 4871 αὐτοὺς
2982 4806 3327 4877 ἀπηλλάξατε
3360 4803 3598 4873 ἐκείνης.

2088 4896 2203 4950 Νῦν
2235 4895 2291 4949 δὲ
2330 4894 2471 4966 ὑπὲρ
2496 4894 2597 4965 μὲν
2631 4895 2866 4964 ἡνιόχων
2894 4892 2990 4946 καὶ
3021 4891 3214 4955 παῖδας
3245 4890 3313 4945 ἂν
3353 4888 3599 4957 ἐκδοίητε

2016 4983 2144 5046 τοὺς
2177 4980 2502 5051 ὑμετέρους,
2545 4979 2639 5032 καὶ
2685 4978 2825 5049 ὑπὲρ
2871 4976 3157 5048 ὀρχηστῶν
3197 4975 3291 5029 καὶ
3320 4973 3494 5037 αὑτάς
3531 4973 3600 5026 ἂν

2018 5062 2274 5135 πρόοισθε
2297 5064 2393 5123 τάς
2415 5061 2593 5133 ψυχάς
2615 5076 2629 5090 ·
2665 5060 2807 5131 ὑπὲρ
2826 5060 2881 5114 δὲ
2902 5060 2995 5114 τοῦ
3015 5059 3255 5132 Χριστοῦ
3281 5057 3598 5119 πεινῶντος,

2016 5147 2140 5201 οὐδὲ
2160 5147 2221 5199 τὸ
2253 5146 2544 5200 πολλοστὸν
2575 5144 2675 5213 τῆς
2718 5144 2907 5207 ούσίας
2941 5143 3199 5215 προΐεσθε
3232 5143 3419 5213 μέρος·
3458 5140 3605 5194 ἀλλά

2015 5229 2083 5284 ἀν
2114 5231 2294 5299 ὀλίγον
2321 5229 2458 5285 δῶτε
2504 5228 2789 5299 ἀργύριον,
2835 5228 2909 5292 ('0;
2956 5227 3019 5280 rb
3071 5229 3178 5280 πᾶν
3224 5224 3599 5287 ἐκτετικότες,

2015 5314 2157 5367 οὕτω
2183 5312 2481 5375 διάκεισθε,
2523 5314 2624 5365 οὐκ
2662 5311 2862 5376 εἰδότες
2896 5312 2979 5365 ὃτι
3020 5310 3081 5363 οὐ
3116 5308 3177 5363 rb
3208 5307 3414 5372 δοῦναι,
3457 5306 3600 5363 ἀλλά

2016 5396 2079 5450 τὸ
2142 5398 2280 5465 μετά
2329 5393 2609 5464 δαψιλείας
2664 5393 2880 5460 δοῦναι,
2938 5393 3095 5447 τοῦτο
3157 5392 3392 5463 μάλιστά
3448 5395 3600 5445 ἐστιν

2017 5478 2376 5549 ἐλεημοσύνη.
2425 5476 2523 5532 Διά
2552 5479 2710 5532 τοῦτο
2747 5478 2841 5531 καὶ
2886 5480 2915 5531 ὀ
2956 5478 3245 5549 προφήτης
3271 5477 3331 5529 ού
3362 5477 3492 5538 τοὺς
3519 5475 3596 5529 δι-

2015 5564 2205 5625 δόντας
2229 5561 2415 5625 ἀπλῶς
2445 5562 2807 5633 ἀνακηρύττει
2836 5562 2929 5615 καὶ
2962 5560 3273 5631 μακαρίζει,
3306 5559 3444 5612 ἀλλά
3469 5560 3598 5621 rei»;

2018 5646 2267 5716 ἀφθόνως
2297 5644 2654 5715 παρέχοντας.
2682 5646 2757 5698 Οὐ
2787 5645 2898 5715 γὰρ
2920 5643 3106 5707 ἁπλῶς
3136 5638 3597 5709 εἷπεν,“’ῖ·ἶδωκεν,

2020 5730 2158 5785 ἀλλά
2197 5729 2350 5795 πῶς;
2392 5730 2802 5799 Ἐσιιῲπισεικ
2850 5726 3034 5782 ἔδωκε
3084 5724 3208 5791 τοῖς
3254 5723 3503 5786 πένησι.
3529 5722 3597 5775 Τί

2022 5815 2132 5879 γάρ
2154 5812 2366 5882 ὄφελος,
2400 5813 2528 5869 ὅταν
2554 5811 2796 5868 πλουτῶν
2838 5809 3092 5867 τοσοῦτον
3122 5809 3243 5883 δῷς,
3270 5807 3395 5861 ὅσον
3419 5808 3485 5862 ἀν
3509 5819 3595 5868 τις
