3986 6202
367 293 468 346 1ἷῖ

364 411 589 463 nltatem
637 413 696 459 et
739 399 986 457 stevitiam
1043 409 1184 453 tuam
1209 434 1228 459 -,
1288 410 1407 465 qua:
1453 389 1756 461 huiusmodi
1803 402 1937 457 opus

365 500 536 555 habet
579 496 762 559 larvis,
809 507 923 564 quae
967 506 1074 546 non
1119 487 1351 544 ﬂectitur
1390 485 1457 540 ad
1499 479 1941 538 misericordiam.

369 594 504 661 Quis
527 592 668 647 enim
697 587 827 644 adeo
850 587 1014 642 miser
1041 593 1125 641 est
1153 592 1206 638 et
1231 581 1432 646 infelix,
1457 586 1513 633 ut
1539 577 1684 632 nulla
1715 576 1945 631 instante

373 685 691 742 necessitate
714 695 810 752 pro
836 695 945 735 uno
973 693 1111 749 pane
1136 685 1243 732 tam
1270 673 1522 730 indecore
1548 685 1606 726 se
1631 677 1800 741 gerat,
1827 665 1946 738 pul-

372 785 540 840 sctur,
577 784 628 830 et
652 784 825 827 tantas
850 770 1112 826 sustineat
1149 765 1372 838 pinnas?
1396 763 1547 817 Illius
1577 763 1753 830 itaque
1778 760 1943 815 simu-

374 871 498 925 latio
538 869 721 923 circuit
766 864 1212 922 inhumanitatem
1252 870 1396 914 tuam
1440 856 1762 928 praedicans.
1813 853 1945 920 Quia

370 961 504 1013 cnim
533 957 873 1028 supplicans,
904 955 1194 1010 obsecrans
1213 995 1228 1019 ,
1257 960 1312 1008 et
1337 948 1660 1005 miserabilia
1696 946 1946 1001 emittens

362 1051 540 1118 verba,
571 1051 898 1114 lamentans,
933 1047 1236 1118 lacrymans
1264 1054 1320 1098 et
1346 1057 1439 1113 per
1465 1050 1626 1096 totam
1662 1038 1804 1094 diem
1840 1037 1945 1091 cir-

357 1146 620 1210 cumiens,
651 1158 722 1198 ne
748 1141 1113 1198 necessarium
1139 1138 1352 1208 quidem
1380 1136 1580 1190 invenit
1605 1133 1940 1197 alimentum,

356 1237 496 1292 hanc
531 1235 762 1290 fortasse
794 1233 1046 1289 technam
1074 1229 1421 1300 excogitavit,
1451 1242 1570 1297 qua:
1599 1241 1705 1279 non
1737 1231 1942 1278 tantum

353 1330 454 1394 illi,
497 1337 760 1399 quantum
800 1326 895 1382 tibi
935 1324 1087 1380 affert
1131 1323 1360 1379 dedecus
1397 1329 1452 1376 et
1488 1318 1760 1388 probrum.
1798 1315 1942 1369 Illius

355 1423 505 1477 enim
535 1430 594 1474 ut
630 1420 977 1474 misereamus
1015 1431 1224 1487 aequum
1251 1423 1351 1479 est,
1381 1411 1504 1483 quia
1533 1412 1587 1466 in
1618 1418 1819 1464 tantam
1851 1421 1940 1461 re-

358 1515 556 1569 dactus
585 1521 669 1566 est
713 1511 1082 1566 necessitatem
1117 1527 1131 1562 :
1161 1522 1260 1563 nos
1304 1522 1432 1561 vero
1473 1503 1622 1560 mille
1667 1499 1941 1572 suppliciis

363 1603 511 1674 digni
535 1643 552 1669 ,
582 1603 704 1672 quia
735 1614 995 1670 pauperes
1021 1599 1089 1653 ad
1118 1599 1234 1652 haec
1259 1596 1494 1652 facienda
1522 1593 1778 1664 cogimus.
1806 1591 1938 1652 Nam

364 1695 414 1750 si
444 1694 605 1749 facile
627 1692 986 1758 ﬂecteremur,
1015 1705 1300 1760 numquam
1325 1688 1415 1743 ille
1440 1687 1603 1742 vellet
1632 1685 1754 1740 talia
1778 1683 1940 1738 susti-

367 1801 520 1841 nere.
553 1785 622 1840 Et
667 1783 795 1854 quid
841 1785 964 1838 dico
1003 1782 1293 1838 nuditatem
1335 1789 1389 1836 et
1431 1776 1747 1834 tremorem?
1789 1775 1938 1842 Quod

363 1878 508 1932 enim
536 1877 698 1946 longe
723 1874 1036 1930 horribilius
1065 1883 1149 1930 est
1171 1874 1379 1929 dicam:
1403 1872 1570 1928 coacti
1592 1867 1937 1940 suntquidam

356 1969 496 2022 filios
541 1981 824 2022 excaecare
863 1975 1023 2022 (etate
1067 1967 1376 2021 immaturos
1397 2005 1412 2031 ,
1445 1971 1503 2018 ut
1530 1965 1580 2016 in
1612 1971 1768 2016 tantas
1795 1961 1936 2016 cala-

350 2060 560 2115 mitatis
605 2073 824 2115 sensum
873 2058 1201 2114 veniremus.
1250 2056 1378 2124 Quia
1419 2054 1561 2110 enim
1599 2053 1841 2109 videntes
1882 2061 1938 2108 et

349 2153 481 2207 nudi
511 2151 928 2216 circumeuntes,
961 2164 1135 2220 neque
1158 2164 1225 2203 ex
1253 2155 1406 2202 mtate
1433 2162 1606 2218 neque
1633 2161 1697 2202 ex
1719 2145 1938 2202 calami-

335 2253 464 2299 tate
487 2241 944 2298 immisericordes
968 2240 1324 2306 attrahebant,
1353 2249 1430 2294 tot
1451 2240 1610 2294 malis
1632 2239 1790 2294 aliam
1814 2253 1937 2308 gra-

340 2337 558 2389 ‘viorem
593 2333 906 2404 tragtndiam
932 2332 1292 2400 addiderunt,
1329 2341 1386 2387 ut
1409 2331 1605 2386 famem
1645 2331 1932 2397 sedarent;

337 2420 519 2474 Tlevius
536 2433 670 2474 esse
701 2419 1069 2474 existimantes
1098 2417 1200 2473 hac
1225 2417 1495 2473 communi
1528 2418 1644 2471 luce
1677 2425 1732 2472 et
1756 2417 1937 2472 omni-

349 2510 448 2564 bus
477 2523 738 2564 conccsso
764 2509 914 2563 radio
942 2509 1160 2579 privari,
1187 2525 1347 2579 quam
1369 2524 1489 2564 cum
1516 2516 1768 2577 perpetua
1797 2507 1934 2563 fame

348 2602 534 2657 luctari
565 2610 622 2657 et
641 2609 867 2656 mortem
893 2601 1069 2657 subire
1094 2602 1471 2656 miserrimam.
1501 2598 1634 2667 Quia
1663 2599 1803 2655 enim
1827 2615 1932 2655 non

349 2695 614 2750 didicistis
642 2697 884 2750 misereri
902 2697 1260 2765 paupertatis,
1293 2695 1384 2752 sed
1415 2693 1804 2750 calamitatibus
1832 2693 1930 2748 de-

349 2787 573 2853 lectari,
609 2788 964 2844 insatiabilem
1006 2797 1238 2843 vestram
1277 2788 1502 2858 implent
1544 2786 1886 2858 cupiditatem
1911 2826 1928 2853 ,

348 2888 400 2933 et
449 2881 550 2934 sibi
603 2887 658 2934 et
709 2879 861 2934 vobis
911 2880 1154 2949 gehenna
1216 2881 1513 2951 graviorem
1583 2879 1932 2934 incendentes

350 2971 639 3026 ﬂammam.
675 2971 744 3026 Et
775 2983 830 3027 ut
860 2970 1102 3040 discatis,
1128 2973 1241 3028 hmc
1267 2982 1320 3028 et
1343 2973 1536 3028 similia
1568 2973 1689 3027 ideo
1715 2973 1927 3028 contin-

349 3080 502 3140 gere,
534 3075 908 3136 argumentum
934 3067 1086 3122 vobis
1112 3066 1375 3136 proferam
1416 3067 1558 3137 quod
1598 3067 1650 3120 in
1682 3066 1931 3122 confesso

351 3157 458 3236 sit,
496 3157 582 3212 cui
613 3171 775 3212 nemo
802 3157 1156 3213 contradicet.
1188 3157 1320 3214 Sunt
1359 3157 1450 3212 alii
1483 3172 1746 3228 pauperes
1784 3156 1930 3210 leves

351 3251 632 3321 animoque
659 3250 806 3316 elati,
836 3250 925 3320 qui
956 3250 1148 3305 famem
1177 3249 1314 3306 ferre
1340 3251 1599 3316 nesciunt,
1626 3249 1719 3305 sed
1748 3248 1928 3303 omnia

355 3340 530 3408 potius
566 3357 724 3410 quam
754 3341 855 3396 hoc
879 3342 1170 3410 patiuntur.
1199 3341 1264 3396 lli
1292 3356 1435 3413 saepe
1475 3355 1568 3395 vos
1608 3339 1930 3394 miserabili-

363 3431 462 3485 bus
488 3441 542 3486 et
582 3433 818 3503 gestibus
861 3444 914 3488 et
940 3432 1119 3488 verbis
1145 3432 1402 3488 adeuntes
1422 3474 1436 3497 ,
1469 3447 1591 3486 cum
1620 3429 1751 3485 nihil
1791 3445 1926 3484 con-

357 3522 568 3592 sequuti
609 3532 807 3589 essent,
853 3524 1028 3579 missis
1071 3523 1570 3594 supplicationibus,
1629 3520 1928 3591 praestigia-

354 3624 500 3670 tores
540 3615 760 3670 demum
807 3614 959 3686 longe
986 3627 1129 3673 retro
1171 3617 1538 3686 reliquerunt;
1581 3615 1668 3670 alii
1714 3614 1927 3686 quidem

349 3706 675 3762 mandentcs
722 3708 866 3762 coria
891 3707 1204 3764 detritorum
1235 3707 1540 3762 calceorum
1567 3748 1582 3772 ,
1614 3706 1704 3760 alii
1744 3714 1930 3760 acutos

348 3800 532 3855 clavos
558 3800 612 3854 in
642 3807 806 3869 caput
832 3800 1131 3870 infigentes.
1181 3799 1271 3854 alii
1317 3807 1495 3854 autem
1545 3801 1596 3852 in
1629 3798 1779 3868 aquis
1805 3796 1926 3867 gelu

350 3894 617 3948 concretis
663 3892 810 3948 nudo
861 3903 1050 3948 ventre
1077 3893 1462 3959 immorantes;
1507 3891 1594 3946 alii
1638 3899 1815 3944 autem
1844 3888 1926 3944 his

348 3983 663 4038 absurdiora
690 3993 746 4038 et
789 3983 1068 4039 acerbiora
1111 3983 1468 4051 sustinentes,
1516 3992 1576 4038 ut
1624 3980 1926 4054 improbum

349 4073 644 4128 exhibeant
674 4075 1056 4144 spectaculum.

423 4164 478 4218 6.
517 4163 599 4219 Tu
629 4173 804 4221 autem
839 4167 962 4222 dum
993 4167 1110 4222 haec
1148 4165 1285 4221 ﬂunt
1311 4175 1423 4220 stas
1453 4165 1636 4222 ridens
1664 4173 1718 4221 et
1753 4165 1926 4222 admi-

348 4270 498 4321 rans,
533 4265 588 4310 et
613 4255 680 4312 de
717 4257 946 4313 aliorum
991 4258 1150 4313 malis
1179 4273 1279 4314 ceu
1306 4272 1553 4328 pompam
1583 4273 1767 4327 agens,
1797 4259 1926 4314 dum

348 4349 652 4404 communis
674 4358 862 4404 natura
888 4350 1150 4406 dedecore
1172 4349 1418 4405 afficitur.
1457 4350 1520 4404 Et
1547 4349 1673 4421 quid
1699 4349 1928 4419 amplius

349 4438 550 4495 faceret
577 4439 829 4496 immanis
863 4440 1118 4495 daemon?
1148 4441 1350 4497 Deinde
1394 4451 1454 4497 ut
1489 4443 1786 4512 promptius
1813 4442 1929 4498 haec

350 4529 529 4597 faciat,
555 4531 842 4602 largiorem
873 4533 1148 4602 pecuniam
1192 4548 1402 4604 erogas.
1434 4533 1499 4588 Et
1520 4534 1570 4588 ei
1597 4533 1812 4604 quidem
1837 4534 1928 4604 qui

351 4635 617 4692 precatur,
647 4624 818 4680 Deum
857 4626 1086 4694 invocat,
1121 4625 1430 4698 placideque
1474 4626 1701 4693 accedit,
1749 4642 1816 4682 ne
1844 4641 1930 4682 re-

351 4716 620 4786 spondere
663 4717 881 4788 quidem
922 4717 1159 4788 dignaris
1203 4733 1377 4787 neque
1430 4720 1696 4787 respicere
1742 4717 1928 4784 illum;

351 4810 458 4864 imo
498 4811 660 4866 etiam
704 4811 929 4868 molesta
958 4813 1010 4868 in
1052 4813 1200 4868 illum
1234 4813 1408 4870 verba.
1437 4812 1684 4879 eﬂ‘undis,
1718 4809 1933 4883 quando

349 4903 659 4974 frequenter
709 4906 804 4962 tibi
858 4907 1196 4977 importunus
1243 4915 1366 4962 est:
1397 4906 1672 4962 Hunccine
1719 4913 1935 4976 oportet

349 4995 568 5051 vivere?
599 4997 864 5052 hunccine
893 5004 1184 5070 respirare,
1213 5009 1306 5054 aut
1335 4999 1476 5053 hunc
1514 4998 1680 5054 solem
1710 4998 1933 5054 videre?

351 5102 472 5158 erga
503 5088 626 5143 illos
653 5101 832 5145 autem
860 5092 1014 5148 laetus
1051 5109 1111 5149 es
1141 5103 1195 5148 et
1222 5092 1479 5157 liberalis,
1511 5101 1694 5163 utpote
1730 5093 1821 5162 qui
1858 5092 1934 5147 sis

351 5193 449 5236 ceu
492 5183 821 5253 agonotheta
862 5185 1077 5254 quidam
1123 5187 1264 5242 illius
1307 5185 1546 5242 ridicula:
1592 5194 1649 5239 et
1683 5185 1936 5240 satanicte

353 5274 717 5344 turpitudinis.
762 5275 1122 5344 Quamobrem
1169 5277 1549 5350 congruentius
1573 5276 1659 5340 iis,
1699 5275 1788 5346 qui
1821 5275 1939 5330 haec

355 5377 656 5437 proponunt
694 5369 1014 5437 certamina,
1059 5381 1115 5426 et
1144 5371 1277 5426 nihil
1307 5371 1558 5425 omittunt
1587 5367 1762 5422 donec
1800 5367 1938 5422 alios

355 5457 585 5514 viderint
624 5461 768 5515 male
793 5459 955 5527 affici,
990 5462 1118 5516 talia
1149 5461 1308 5517 verba
1334 5461 1642 5516 dicerentur
1666 5480 1680 5515 :
1703 5457 1938 5516 Hoscine

353 5549 550 5620 vivere,
580 5554 808 5608 omnino
837 5555 1148 5626 respirare?
1176 5557 1315 5608 hunc
1338 5555 1502 5609 solem
1531 5554 1733 5621 videre,
1762 5556 1851 5625 qui
1884 5556 1938 5609 in

357 5656 694 5702 communem
716 5645 1040 5718 delinquunt
1061 5655 1327 5713 naturam,
1351 5656 1404 5700 et
1428 5645 1592 5700 Deum
1613 5645 1938 5701 contumelia

359 5734 631 5796 alliciunt?
655 5739 728 5797 Et
761 5753 888 5797 cum
932 5740 1074 5797 Deus
1099 5738 1278 5795 dicat;
1321 5737 1395 5792 Da
1421 5735 1840 5809 eleemosynam,
1883 5748 1940 5795 et

1391 277 1452 331 ΙΝ
1495 271 1714 330 ΕΡΙΞΤ.
1753 270 1778 323 1
1840 267 1930 322 AD
1966 263 2124 322 COR.
2164 262 2393 319 llOMlL.
2438 263 2578 320 XXI.

3532 267 3635 328 178

2051 382 2124 440 do
2153 383 2246 439 tibi
2276 399 2498 456 regnum
2527 384 2817 447 calorum;
2866 400 2971 440 non
3012 384 3206 443 audisti
3237 403 3252 442 :
3279 384 3497 443 diabolo
3539 406 3633 447 an-

2053 487 2159 533 tem
2187 477 2503 534 ostendente
2526 487 2686 549 caput
2708 479 2875 534 clavis
2900 478 3193 546 confixum,
3225 480 3403 534 statim
3432 479 3629 536 libera-

2050 568 2118 626 lis
2143 570 2364 626 eﬂectus
2386 586 2448 628 es
2474 589 2488 626 :
2521 573 2796 642 magisque
2825 583 2876 628 te
2898 572 3103 628 inﬂexit
3129 573 3346 642 maligni
3369 572 3634 629 daemonis

2051 664 2319 729 machina,
2351 673 2552 719 tantum
2602 665 2840 720 inferens
2878 665 3153 728 damnum,
3181 681 3340 736 quam
3381 667 3473 721 Dei
3504 681 3632 737 pro-

2051 755 2234 810 missio
2252 756 2416 810 millia
2441 755 2674 812 aﬂ‘erens
2693 758 2854 813 bona.
2885 756 3020 814 Cum
3047 759 3393 829 oportuisset,
3415 760 3630 816 etiamsi

2049 861 2238 901 aurum
2265 863 2547 903 numerare
2589 860 2883 920 Oporteret,
2931 860 2990 906 ut
3019 852 3136 907 haec
3175 868 3284 907 non
3312 851 3502 909 fierent
3528 869 3629 910 nec

2049 935 2184 991 facta
2214 947 2604 1008 spectarentur,
2637 941 2766 996 nihil
2805 958 2910 998 non
2937 957 3098 1013 agere
3142 953 3197 1000 et
3230 945 3358 1015 pati,
3390 954 3626 1008 uttanta

2050 1028 2136 1083 illa
2170 1029 2446 1086 tolleretur
2475 1032 2718 1098 insania;
2750 1047 2847 1088 vos
2873 1042 3070 1098 autem,
3104 1044 3162 1089 ut
3189 1045 3244 1091 et
3265 1036 3396 1091 flant
3415 1049 3470 1092 et
3491 1038 3628 1096 facta

2049 1122 2348 1190 videantur,
2391 1124 2524 1178 nihil
2570 1141 2678 1179 non
2725 1125 2881 1194 agitis
2917 1136 2972 1182 et
3017 1129 3335 1196 Operamini.
3366 1129 3628 1186 Adhucne

2050 1213 2364 1284 interrogas,
2393 1213 2480 1270 dic
2509 1214 2660 1281 mihi,
2694 1231 2791 1271 cur
2817 1217 2888 1270 sit
2914 1217 3201 1287 gehenna?
3225 1221 3292 1272 At
3323 1235 3390 1274 ne
3418 1219 3522 1276 hoc
3548 1222 3628 1276 ul-

2049 1316 2127 1360 tra
2157 1306 2474 1376 interroges,
2505 1307 2598 1363 sed
2619 1323 2715 1362 cur
2737 1321 2838 1362 una
2861 1317 3066 1364 tantum
3100 1311 3169 1365 sit
3195 1312 3458 1381 gehenna.
3483 1314 3627 1382 Quot

2045 1397 2188 1452 enim
2220 1412 2326 1452 non
2359 1409 2484 1453 sunt
2507 1399 2781 1469 suppliciis
2807 1399 2951 1469 digni
2977 1401 3051 1467 hi,
3084 1402 3174 1472 qui
3203 1411 3306 1457 tam
3335 1403 3552 1460 crudele
3568 1414 3625 1460 et

2045 1488 2390 1546 inhumanum
2433 1492 2760 1546 constituant
2803 1493 3186 1562 spectaculum,
3233 1495 3512 1568 ridentque
3555 1498 3623 1553 de

2044 1581 2131 1649 iis,
2163 1582 2230 1638 de
2256 1583 2447 1654 quibus
2471 1585 2651 1654 lugere
2670 1594 2724 1640 et
2749 1585 2871 1640 illos
2897 1595 2953 1641 et
2979 1602 3075 1642 vos
3101 1597 3395 1657 oporteret,
3422 1591 3620 1662 magis-

2043 1687 2148 1743 que
2171 1689 2266 1730 vos
2295 1674 2387 1746 qui
2416 1674 2482 1730 ad
2514 1685 2618 1730 tam
2646 1677 2896 1733 indecore
2923 1678 3190 1749 agendum
3228 1681 3457 1751 cogitis?
3489 1684 3617 1751 Sed,

2042 1767 2274 1837 inquies,
2317 1783 2420 1823 non
2457 1783 2613 1838 cogo.
2643 1771 2946 1836 Quomodo,
2987 1786 3172 1841 qua'so
3207 1781 3280 1838 te,
3314 1787 3420 1828 non
3449 1776 3618 1846 cogis,

2041 1859 2132 1930 qui
2159 1859 2575 1914 modestioribus
2597 1871 2651 1915 et
2674 1861 2924 1917 ﬂentibus
2960 1877 3022 1916 ac
3051 1863 3220 1918 Deum
3252 1865 3621 1923 invocantibus

2041 1967 2112 2007 ne
2157 1967 2342 2008 aurem
2371 1953 2586 2023 quidem
2632 1957 2872 2025 praebere
2899 1955 3070 2022 velis;
3112 1955 3200 2011 his
3246 1972 3374 2012 vero
3405 1959 3622 2031 largiter

2041 2046 2322 2114 pecuniam
2343 2061 2556 2118 erogas,
2584 2056 2639 2102 ct
2677 2049 2875 2103 multos
2903 2048 3131 2104 advocas
3161 2049 3529 2107 admirantes?
3554 2053 3622 2108 Et

2039 2139 2375 2204 recedamus,
2409 2141 2640 2211 inquies,
2672 2156 2860 2196 eorum
2890 2143 3228 2199 miserentes.
3263 2143 3329 2198 Et
3364 2152 3492 2200 tune
3517 2145 3620 2201 hoc

2035 2233 2230 2305 jubes?
2254 2233 2370 2289 Non
2397 2242 2480 2289 est
2511 2235 2611 2289 hoc
2637 2234 2901 2301 misereri,
2935 2251 2968 2291 ο
2993 2236 3172 2302 homo,
3207 2247 3380 2293 tantas
3405 2237 3619 2309 exigere

2038 2343 2227 2399 pcenas
2244 2343 2342 2398 pro
2366 2328 2574 2384 duobus
2598 2328 2792 2393 obolis,
2836 2331 3126 2400 praecipere
3161 2338 3220 2384 ut
3245 2345 3342 2400 pro
3370 2345 3619 2386 necessa-

2039 2421 2120 2476 rio
2147 2421 2267 2476 cibo
2286 2436 2406 2477 sese
2435 2421 2688 2484 lacerent,
2717 2431 2771 2476 et
2790 2422 2979 2492 capitis
3010 2431 3187 2477 cutem
3217 2431 3322 2476 tam
3350 2422 3542 2478 acerbe
3562 2432 3618 2478 et

2021 2512 2412 2569 miserabiliter
2437 2513 2489 2568 in
2513 2513 2705 2570 multas
2726 2524 2905 2584 partes
2932 2514 3221 2570 dissecent.
3249 2515 3395 2570 Bona
3425 2517 3612 2584 verba,

2037 2602 2274 2674 inquies;
2318 2620 2489 2675 neque
2529 2606 2672 2660 enim
2716 2620 2818 2660 nos
2846 2605 3018 2674 capita
3063 2607 3230 2661 clavis
3275 2607 3611 2678 contigimus.

2039 2691 2252 2748 Utinam
2287 2703 2343 2748 tu
2374 2695 2600 2761 faceres,
2633 2704 2687 2750 et
2714 2710 2802 2752 res
2829 2711 2934 2750 non
2959 2705 3066 2750 tam
3090 2697 3267 2764 gravis
3296 2707 3458 2752 esset.
3481 2697 3616 2753 Nam

2034 2787 2124 2856 qui
2154 2787 2455 2857 quempiam
2484 2787 2750 2852 interficit,
2782 2787 2950 2842 multo
2977 2789 3189 2857 gravius
3217 2787 3360 2854 facit,
3388 2804 3546 2858 quam
3569 2792 3614 2844 is

2033 2879 2122 2948 qui
2151 2879 2386 2948 seipsum
2410 2879 2561 2948 jubet
2587 2880 2909 2934 interficere.
2938 2878 3090 2945 Quod
3116 2879 3276 2934 etiam
3322 2879 3376 2934 in
3402 2879 3487 2935 his
3515 2895 3614 2935 usu

2035 2971 2220 3025 venit:
2249 2972 2553 3026 acerbiores
2601 2972 2743 3027 enim
2783 2973 3049 3027 sustinent
3096 2971 3348 3038 dolores,
3394 2974 3611 3043 quando

2033 3077 2126 3117 sua
2169 3079 2328 3119 manu
2352 3065 2608 3134 jubentur
2637 3065 2751 3121 haec
2774 3067 2914 3121 male
2937 3066 3087 3136 jussa
3132 3067 3385 3137 exsequi;
3415 3077 3469 3123 et
3495 3066 3612 3125 hac

2033 3155 2351 3225 Antiochiae,
2382 3158 2470 3213 ubi
2499 3159 2728 3229 primum
2757 3159 3010 3229 appellati
3053 3168 3179 3214 sunt
3203 3157 3514 3227 Christiani,
3555 3161 3608 3216 in

2032 3265 2136 3322 qua
2163 3252 2311 3308 fuere
2339 3259 2573 3307 omnium
2611 3253 2883 3308 hominum
2912 3254 3197 3322 mitissimi,
3251 3254 3303 3308 in
3334 3269 3436 3325 qua
3476 3255 3607 3310 olim

2031 3344 2242 3415 vigebat
2282 3361 2506 3416 magnus
2555 3345 2918 3415 eleemosyna:
2965 3332 3186 3401 fructus.
3232 3345 3417 3415 Neque
3467 3348 3611 3402 enim

2034 3436 2386 3505 przesentibus
2413 3444 2639 3500 tantum,
2667 3435 2762 3491 sed
2789 3439 2949 3492 etiam
2971 3437 3036 3490 iis
3062 3437 3152 3506 qui
3181 3439 3362 3506 procul
3388 3437 3612 3495 aberant

2033 3529 2338 3593 mittebant,
2359 3527 2514 3598 idque
2533 3528 2658 3582 dum
2677 3530 2844 3582 fames
2865 3538 3281 3597 exspectaretur.
3300 3529 3438 3597 Quid
3458 3545 3607 3600 ergo,

2034 3617 2262 3689 inquies,
2288 3617 2619 3673 faciendum?
2649 3619 2797 3675 lianc
2818 3618 3081 3673 feritatem
3106 3619 3404 3685 demittere,
3428 3621 3613 3690 egenis

2033 3724 2162 3764 vero
2191 3709 2439 3764 omnibus
2467 3709 2699 3776 edicere,
2733 3710 2778 3764 si
2806 3709 2918 3764 haec
2947 3709 3161 3774 faciant,
3190 3709 3322 3764 nihil
3361 3720 3606 3780 acceptu-

2033 3815 2124 3855 ros
2149 3801 2269 3855 illos
2291 3814 2445 3868 esse;
2475 3802 2520 3855 si
2544 3816 2670 3855 vero
2700 3801 2940 3856 modeste
2961 3800 3238 3866 accedant,
3270 3817 3456 3872 magna
3480 3800 3612 3857 frui-

2036 3903 2184 3948 turos
2207 3893 2470 3964 largitate.
2491 3893 2545 3949 Si
2563 3909 2722 3964 porro
2739 3895 2841 3950 hoc
2857 3893 3116 3958 ediscant,
3143 3895 3353 3950 etiamsi
3368 3894 3609 3950 omnium

2032 3985 2320 4040 miserrimi
2347 3985 2561 4051 fuerint,
2597 4001 2890 4058 numquam
2928 4001 2995 4042 eo
3023 3986 3340 4042 inducentur
3366 3996 3424 4042 ut
3446 4001 3506 4043 se
3531 3987 3610 4044 sic

2033 4078 2254 4146 lanient,
2279 4093 2380 4149 ego
2419 4077 2702 4149 polliceor;
2745 4079 2840 4135 sed
2885 4080 3045 4135 etiam
3077 4081 3226 4134 vobis
3253 4082 3476 4150 gratiam
3507 4079 3607 4136 ha-

2030 4170 2250 4236 bebunt,
2281 4169 2424 4241 quod
2450 4169 2569 4226 illos
2593 4171 2661 4226 ab
2690 4171 2935 4227 irrisione
2963 4181 3020 4227 et
3045 4171 3232 4226 dolore
3263 4173 3352 4225 tali
3379 4173 3598 4242 eripue-

2030 4261 2168 4318 ritis.

2104 4353 2440 4424 Eleemosyna
2469 4354 2676 4425 largiter
2694 4355 2886 4408 danda.
2912 4354 3237 4408 Antiocheam
3275 4351 3499 4408 ecclesia!
3531 4369 3611 4409 re-

2034 4443 2170 4498 ditus
2212 4445 2266 4498 in
2305 4459 2553 4515 pauperes
2583 4443 2750 4511 emisi.
2783 4471 2854 4485 -
2880 4443 3032 4499 Nunc
3075 4452 3252 4498 autem
3282 4457 3382 4512 pro
3408 4443 3608 4514 aurigis

2036 4534 2196 4590 etiam
2214 4534 2356 4592 filios
2375 4535 2698 4603 obtuleritis,
2723 4545 2775 4590 et
2799 4551 2898 4606 pro
2924 4534 3267 4590 saltatoribus
3286 4535 3446 4589 etiam
3469 4534 3613 4605 ipsas

2037 4624 2378 4696 profuderitis
2430 4627 2672 4692 animas;
2707 4641 2804 4696 pro
2851 4626 3065 4681 Christo
3107 4635 3289 4682 autem
3339 4627 3612 4682 esuriente

2036 4733 2106 4774 ne
2148 4718 2422 4773 minimam
2471 4719 2687 4790 quidem
2729 4717 3037 4772 facultatum
3067 4727 3272 4789 partem
3321 4717 3612 4783 dederitis;

2035 4811 2129 4867 sed
2159 4812 2205 4867 si
2235 4813 2498 4867 tantillum
2525 4813 2730 4882 argenti
2761 4811 2918 4878 detis,
2965 4826 3028 4866 ac
3056 4813 3098 4866 si
3125 4821 3291 4867 totum
3321 4811 3612 4877 solveritis,

2037 4905 2118 4960 sic
2142 4904 2313 4960 aﬂ'ecti
2342 4904 2491 4971 estis,
2525 4904 2843 4969 nescientes,
2877 4903 3018 4976 quod
3051 4920 3157 4960 non
3186 4905 3338 4970 dare,
3367 4903 3462 4958 sed
3491 4917 3612 4958 cum

2039 4995 2286 5066 largitate
2321 4995 2471 5060 dare,
2523 4995 2650 5050 illud
2695 4997 2926 5051 maxime
2968 5005 3052 5050 est
3091 4996 3456 5064 eleemosyna.
3491 4993 3617 5048 ldeo

2039 5086 2298 5158 propheta
2329 5101 2434 5141 non
2463 5101 2556 5142 eos
2582 5087 2674 5158 qui
2702 5089 2874 5141 solum
2903 5087 3034 5141 dant
3065 5086 3318 5157 praedicat
3353 5095 3408 5140 et
3429 5084 3615 5142 beatos

2040 5177 2186 5244 dicit,
2229 5177 2323 5232 sed
2368 5191 2462 5232 eos
2500 5179 2591 5247 qui
2636 5177 2854 5245 largiter
2891 5177 3039 5232 dant.
3088 5177 3202 5233 Non
3245 5177 3416 5232 solum
3475 5179 3616 5234 enim

2041 5268 2196 5335 dixit,
2225 5269 2414 5336 Dedit;
2447 5268 2540 5324 sed
2570 5268 2884 5339 quomodo?
2910 5267 3180 5341 Dispersit,
3209 5269 3346 5325 dedit
3377 5272 3620 5342 pauperi-

2044 5365 2134 5419 bus
2173 5363 2345 5435 (Prol.
2377 5365 2499 5418 111.
2525 5363 2601 5434 9).
2633 5362 2770 5431 Quid
2798 5363 2942 5419 enim
2971 5363 3203 5434 prodest,
3237 5363 3282 5418 si
3323 5380 3388 5420 ex
3421 5362 3620 5418 divitiis

2045 5467 2248 5512 tantum
2273 5455 2512 5522 dederis,
2540 5465 2792 5527 quantum
2817 5455 3022 5511 dederit
3041 5456 3304 5527 quispiam
3331 5455 3474 5508 verbi
3500 5467 3620 5522 gra-

2046 5552 2116 5606 tia
2162 5566 2228 5606 ex
2270 5550 2401 5604 mari
2447 5550 2720 5622 cyathum,
2767 5565 2941 5620 neque
2986 5550 3156 5603 vidua:
3205 5543 3622 5614 magnitudinem

2045 5644 2207 5698 animi
2247 5644 2526 5703 minulatus
2567 5642 2766 5698 fueris?
2805 5641 3075 5712 quomodo
3118 5636 3341 5699 dixeris,
3390 5634 3622 5700 Domine,

2048 5740 2282 5794 miserere
2307 5741 2405 5795 mei
2439 5738 2715 5793 secundum
2760 5750 2995 5806 magnam
3039 5726 3439 5785 misericordiam
3464 5734 3625 5796 tuam,
