3986 6202
275 235 376 292 ΗΘ
973 229 1031 286 S.
1069 224 1341 286 JOANNIS
1374 219 1846 280 CHRYSOSTOMI
1884 220 2198 278 ARCHIEP.
2235 204 2767 278 CONSTANTINOP.
3432 209 3535 269 180

278 363 324 406 et
353 351 628 406 secundum
668 346 1040 404 multitudinem
1078 343 1454 398 miseratiouum
1498 349 1700 392 tuarum
1736 337 1848 390 dele

276 444 590 513 iniquitatem
631 456 795 494 meam
847 437 1018 508 (Psal.
1059 434 1149 490 50.
1177 435 1271 502 ‘5);
1302 448 1422 487 cum
1463 431 1579 500 ipse
1624 444 1732 483 non
1760 442 1848 482 se—

275 535 506 589 cundum
534 547 775 602 magnam
806 527 1228 585 misericordiam
1255 523 1592 589 miserearis;
1620 521 1728 576 imo
1747 520 1853 574 for-

277 626 434 680 tassis
490 637 661 692 neque
705 619 994 676 secundum
1053 615 1304 688 parvam?
1356 613 1524 669 Valde
1577 612 1721 666 enim
1767 624 1852 666 me

279 713 460 784 pudet,
499 727 620 767 cum
648 710 804 766 video
844 708 1036 763 divites
1081 705 1279 762 multos
1317 703 1468 775 equis
1493 703 1645 757 freno
1689 713 1853 754 aureo

279 803 548 858 instructis
576 809 781 864 vectos,
813 799 902 870 qui
931 813 1112 854 secum
1141 795 1360 852 trahunt
1393 794 1620 848 famulos
1663 806 1852 845 aurum

277 903 571 965 gestantes,
626 903 684 949 et
727 892 898 948 lectos
937 890 1138 946 habent
1180 895 1464 959 argenteos
1519 883 1855 952 multumque

278 989 442 1043 alium
479 986 706 1050 fastum;
747 999 870 1040 cum
905 993 1084 1039 autem
1125 979 1343 1052 pauperi
1387 975 1717 1049 erogandum
1750 983 1851 1040 est,

279 1079 443 1135 etiam
469 1077 625 1133 valde
657 1075 980 1147 pauperibus
1025 1087 1146 1128 esse
1187 1069 1553 1141 pauperiores.
1592 1066 1698 1122 Sed
1729 1063 1858 1136 quid

280 1181 364 1226 est
389 1169 522 1226 illud
551 1168 695 1240 quod
733 1182 878 1238 saepe
906 1164 1128 1221 dicunt?
1158 1163 1350 1228 Habet,
1381 1159 1573 1231 inquit,
1598 1155 1856 1215 Ecclesia:

281 1277 587 1319 commune.
635 1259 707 1315 Et
730 1241 857 1329 quid
892 1257 995 1312 hoc
1037 1255 1102 1311 ad
1133 1255 1224 1310 te?
1271 1269 1444 1323 neque
1469 1251 1636 1319 enim,
1686 1249 1731 1304 si
1759 1261 1860 1316 ego

284 1358 507 1422 dedero,
549 1365 606 1411 tu
635 1355 819 1410 salvus
863 1353 1010 1407 eris:
1040 1364 1233 1420 neque,
1276 1348 1322 1403 si
1365 1346 1589 1403 ecclesia
1627 1341 1857 1406 dederit,

291 1459 348 1505 tu
397 1457 612 1519 peccata
661 1455 750 1501 tua
791 1442 1056 1499 dclevisti.
1113 1439 1345 1508 Ideoque
1399 1453 1505 1492 non
1558 1435 1687 1501 das,
1734 1433 1858 1504 quia

286 1540 509 1596 ecclesia
537 1538 668 1594 dare
693 1536 852 1592 debet
881 1533 1066 1604 egenis
1095 1549 1108 1586 :
1141 1531 1264 1602 quia
1292 1529 1598 1585 sacerdotes
1629 1540 1859 1597 prccan-

286 1639 393 1696 tur,
422 1639 476 1684 tu
497 1641 785 1698 numquam
810 1633 1122 1695 precaturus
1146 1621 1242 1676 es?
1267 1628 1322 1675 et
1346 1621 1469 1689 quia
1484 1617 1576 1671 alii
1593 1616 1859 1686 jejunant,

289 1733 346 1777 tu
373 1729 632 1792 perpetuo
658 1717 840 1772 ebrius
869 1714 1020 1770 eris?
1047 1711 1230 1768 Nescis
1261 1713 1385 1780 quia
1414 1723 1523 1763 non
1545 1706 1616 1762 ita
1644 1713 1863 1776 propter

285 1826 546 1884 pauperes
571 1811 929 1879 eleemosynze
958 1806 1129 1876 legem
1159 1803 1339 1874 posuit
1367 1800 1526 1866 Deus,
1568 1807 1623 1854 ut
1645 1807 1865 1868 pr0pter

286 1920 380 1961 eos
413 1908 560 1976 ipsos
579 1903 669 1974 qui
700 1899 1037 1972 largiuntur?
1061 1899 1144 1953 An
1175 1897 1270 1952 tibi
1297 1894 1550 1950 sacerdos
1583 1899 1865 1961 suspectus

288 1997 412 2054 est?
455 1997 553 2052 Est
579 1995 796 2067 quidem
827 1992 928 2048 hoc
973 2006 1136 2062 grave
1182 1997 1502 2058 peccatum;
1546 1985 1641 2041 scd
1668 1985 1737 2040 de
1763 1983 1866 2038 hoc

295 2104 400 2144 non
430 2095 676 2142 accurate
707 2083 993 2154 disputabo
1019 2099 1034 2136 :
1063 2091 1280 2152 propter
1312 2089 1364 2136 te
1389 2079 1568 2135 omnia
1594 2077 1776 2142 facito,
1812 2084 1866 2130 ct

292 2183 370 2237 sic
389 2180 658 2250 duplicem
696 2175 1000 2245 assequeris
1031 2171 1355 2229 mercedem.
1385 2170 1596 2226 Etenim
1621 2183 1742 2239 quae
1769 2182 1868 2222 nos

287 2276 357 2331 de
373 2276 712 2342 eleemosyna
731 2268 979 2332 dicimus,
1008 2280 1112 2320 non
1127 2264 1353 2320 dicimus
1368 2274 1424 2317 ut
1444 2263 1511 2318 ad
1531 2279 1630 2317 nos
1649 2261 1866 2326 offeras,

289 2369 383 2425 sed
413 2378 470 2421 ut
499 2377 552 2420 tu
579 2379 675 2435 per
694 2361 926 2432 teipsum
948 2358 1239 2414 ministres.
1262 2356 1394 2412 Nam
1420 2357 1463 2411 si
1496 2354 1627 2410 mihi
1654 2353 1865 2419 offeras,

291 2459 537 2514 fortassis
575 2473 607 2511 a
655 2470 788 2510 vana
827 2451 995 2524 gloria
1037 2449 1366 2520 corripieris,
1417 2461 1670 2518 sameque
1707 2446 1868 2501 etiam

293 2551 533 2606 oﬂ'cns-us
559 2547 779 2604 recedes
816 2545 957 2601 mala
995 2543 1334 2612 suSpicatus:
1363 2539 1410 2595 si
1447 2549 1623 2595 autem
1653 2552 1748 2608 per
1774 2553 1871 2591 vos

295 2646 441 2713 ipsos
467 2642 647 2697 outnia
679 2638 906 2703 faciatis,
939 2645 993 2692 et
1021 2633 1406 2692 offensionibus
1430 2642 1484 2689 et
1507 2631 1753 2688 absurdis
1781 2644 1870 2685 su-

291 2733 616 2806 spicionibus
644 2731 796 2786 liberi
823 2730 995 2795 eritis,
1027 2731 1306 2798 majorque
1330 2726 1480 2781 vobis
1509 2739 1718 2780 merces
1746 2724 1869 2780 erit.

367 2828 422 2883 7.
463 2825 578 2882 Non
629 2826 788 2896 igitur
829 2824 944 2879 haec
989 2822 1134 2888 dico,
1163 2830 1220 2876 ut
1256 2822 1363 2875 vim
1395 2819 1544 2874 vobis
1579 2819 1768 2874 faciam
1804 2818 1872 2872 ad

299 2921 552 2990 pecunias
593 2919 698 2975 huc
729 2916 1064 2982 afferendas;
1100 2929 1274 2986 neque
1318 2913 1624 2983 indignatus
1652 2921 1874 2982 propter

293 3010 604 3066 sacerdotes
639 3010 728 3080 qui
755 3009 892 3064 male
923 3007 1166 3061 audiunt.
1212 3005 1341 3061 Nam
1386 3006 1430 3059 si
1475 3019 1792 3060 succensere
1821 3014 1876 3058 et

295 3101 478 3156 dolere
503 3107 738 3171 oportet,
768 3114 865 3170 pro
893 3098 1044 3155 vobis
1063 3097 1353 3154 dolendum
1379 3107 1462 3153 est
1499 3097 1591 3167 qui
1622 3097 1762 3152 m‘ale
1788 3097 1874 3152 di-

297 3193 441 3248 citis.
473 3191 543 3247 lis
573 3193 740 3259 enim,
767 3192 856 3262 qui
884 3189 1079 3245 frustra
1119 3198 1176 3244 et
1205 3199 1406 3244 temere
1449 3187 1587 3243 male
1627 3187 1873 3254 audiunt,

302 3298 511 3340 merces
539 3281 750 3353 major;
779 3281 1078 3337 dicentibus
1106 3290 1281 3334 autem
1306 3279 1564 3350 judicium
1594 3289 1646 3334 et
1675 3278 1879 3348 suppli-

297 3377 439 3442 cium
465 3376 679 3447 gravius
721 3375 844 3430 erit.
889 3373 1006 3430 Non
1033 3389 1162 3446 ergo
1189 3388 1284 3442 pro
1316 3373 1420 3428 illis
1451 3371 1566 3428 hinc
1593 3372 1740 3438 dico,
1780 3371 1880 3427 sed

298 3468 440 3540 quod
468 3468 537 3524 de
565 3466 720 3523 vobis
745 3481 927 3523 curam
957 3475 1015 3522 et
1051 3464 1468 3521 sollicitudinem
1497 3479 1699 3536 geram.
1739 3463 1876 3532 Quid

298 3563 440 3615 enim
477 3561 692 3626 mirum,
723 3560 769 3615 si
797 3567 957 3615 mute
981 3568 1165 3615 nostra
1191 3557 1406 3629 quidam
1435 3558 1489 3613 in
1518 3557 1877 3628 suspicionem

298 3657 542 3724 veniunt,
586 3669 710 3710 cum
739 3654 901 3709 etiam
941 3653 1152 3709 illorttm
1182 3660 1423 3723 tempore
1451 3661 1759 3706 sanctorum
1786 3651 1878 3721 qui

300 3748 521 3818 angelos
566 3745 931 3809 imitabantur,
962 3745 1053 3813 qui
1098 3744 1229 3799 nihil
1271 3743 1373 3800 sibi
1401 3746 1676 3814 preprium
1705 3744 1880 3813 possi-

301 3836 521 3900 debant,
551 3835 918 3904 apostolorum
950 3834 1188 3904 inquam,
1226 3849 1469 3888 murmur
1492 3833 1655 3889 fuerit
1696 3835 1749 3888 in
1781 3834 1882 3890 mi-

304 3928 528 3984 nisterio
574 3925 853 3982 viduarum
877 3968 893 3991 ,
947 3927 1089 3996 quod
1137 3927 1540 3996 despicerentur
1577 3941 1878 3996 pauperes,

305 4016 521 4088 quando
545 4031 706 4072 nemo
725 4015 1012 4087 quidquam
1039 4031 1106 4071 ex
1127 4014 1238 4070 suis
1265 4015 1602 4071 facultatibus
1625 4015 1729 4070 sibi
1758 4031 1883 4087 pro-

303 4112 477 4182 prium
499 4125 619 4166 esse
643 4109 872 4177 dicebat,
899 4106 993 4164 sed
1015 4117 1167 4165 erant
1189 4107 1320 4180 ipsis
1334 4109 1511 4164 omnia
1532 4109 1880 4164 communia?

303 4203 382 4260 Ne
409 4203 509 4259 hos
531 4201 864 4274 proferamus
882 4202 1156 4268 obtentus,
1182 4216 1285 4258 nec
1312 4201 1365 4256 in
1391 4199 1754 4257 defensionem
1787 4215 1886 4256 no-

303 4305 471 4353 stram
500 4297 747 4353 conferre
773 4302 1021 4367 putemus
1048 4292 1192 4365 quod
1227 4292 1466 4350 Ecclesia
1510 4292 1677 4348 multa
1707 4292 1883 4362 possi-

306 4389 450 4447 deat.
488 4389 622 4446 Cum
663 4389 805 4446 enim
831 4387 1143 4454 facultatum
1173 4385 1292 4457 ejus
1319 4385 1738 4456 magnitudinem
1764 4398 1886 4454 per-

307 4483 492 4552 spicis,
523 4483 699 4551 cogita
723 4480 887 4536 etiam
930 4479 1306 4548 inscriptorum
1330 4491 1620 4546 pauperum
1644 4489 1883 4545 gregem,

306 4574 639 4628 infirmorum
661 4566 1078 4637 multitudinem,
1111 4569 1510 4624 innumerarum
1533 4581 1884 4636 expensarnm

308 4667 618 4724 occasiones
643 4684 656 4720 :
679 4665 890 4720 curiose
916 4663 1124 4735 inquire
1142 4672 1199 4719 et
1225 4669 1467 4718 scrutare
1494 4677 1508 4714 :
1535 4673 1694 4714 nemo
1720 4659 1889 4727 impeo

308 4762 409 4828 dit,
440 4761 550 4816 imo
589 4758 760 4830 parati
788 4772 973 4813 sumus
1007 4757 1074 4812 ad
1107 4757 1346 4812 rationes
1369 4754 1522 4809 vobis
1561 4751 1885 4808 reddendas.

311 4857 419 4914 Sed
448 4853 748 4928 hyperbole
769 4852 844 4908 uti
874 4853 1018 4907 volo.
1046 4851 1183 4906 Cum
1207 4850 1348 4904 enim
1378 4847 1614 4903 rationes
1640 4845 1888 4903 reddide-

311 4949 501 5015 rimus,
529 4956 586 5003 et
608 4943 1002 5002 ostenderimus
1031 4954 1318 5012 expensam
1346 4947 1616 5016 proventu.
1636 4953 1741 4993 non
1767 4952 1890 4994 esse

316 5040 601 5106 minorem,
646 5040 755 5094 imo
777 5049 830 5093 et
866 5033 1156 5107 aliquando
1183 5032 1437 5103 majorem
1463 5049 1478 5087 :
1506 5031 1637 5088 illud
1676 5046 1708 5086 a
1737 5032 1888 5086 vobis

311 5132 541 5187 libenter
575 5131 908 5197 'sciseitarer,
950 5143 1072 5184 cum
1112 5127 1204 5182 illo
1231 5125 1658 5196 migraverimns,
1704 5132 1759 5178 et
1793 5137 1890 5177 au-

310 5225 570 5281 dierimus
609 5222 880 5278 Christum
925 5223 1190 5279 dicentem
1221 5237 1238 5274 :
1264 5219 1582 5274 Esurientem
1626 5234 1707 5272 me
1754 5218 1886 5271 cidi-

318 5319 430 5380 stis.
460 5327 508 5372 et
536 5331 638 5370 non
681 5331 758 5367 me
798 5313 1093 5378 nutrivistis,
1124 5315 1319 5367 nudum
1340 5353 1355 5376 ,
1385 5321 1432 5368 et
1479 5329 1581 5367 non
1623 5311 1890 5383 operuistis

317 5409 537 5472 (Matth.
555 5407 647 5462 25.
677 5405 772 5474 42)
801 5422 815 5459 :
842 5404 968 5475 quid
996 5404 1277 5459 dicemus?
1303 5419 1464 5474 quam
1488 5405 1771 5460 aﬂ‘ercmus
1795 5402 1889 5458 de-

316 5500 650 5558 fensionem?
695 5497 838 5553 hunc
872 5495 955 5551 vel
998 5496 1148 5550 illum
1188 5493 1512 5551 adducemus
1548 5497 1600 5549 in
1633 5495 1886 5560 medium,

317 5593 408 5664 qui
435 5589 520 5648 his
545 5606 651 5646 non
680 5590 1006 5659 obsequutus
1028 5595 1142 5657 est,
1174 5596 1227 5644 et
1252 5587 1509 5658 quosdam
1539 5603 1602 5644 ex
1629 5588 1890 5658 suspectis

317 5682 730 5740 sacerdotibus?
778 5680 846 5737 Et
873 5680 1000 5754 quid
1028 5679 1130 5738 hoc
1157 5679 1223 5736 ad
1251 5685 1330 5736 te?
1352 5679 1582 5750 inquiet;
1619 5692 1720 5750 ego
1743 5677 1886 5732 enim

1957 345 2008 392 te
2032 351 2227 392 accuso
2251 336 2319 393 de
2343 337 2593 407 peccatis,
2624 351 2744 408 qua:
2770 333 3049 390 admisisti.
3080 331 3329 401 Purgatio
3348 345 3537 392 eorum

1955 436 2057 494 cst,
2081 439 2140 482 ut
2167 428 2378 498 pt-Opria
2403 428 2587 484 abluas
2615 435 2854 498 peccata,
2894 441 3000 480 non
3031 434 3089 478 ut
3117 422 3371 478 ostendas
3400 423 3537 479 alios

1957 521 2008 574 in
2039 520 2226 576 eadem
2258 519 2528 575 incidisse.
2558 520 2797 576 Ecclesia
2821 519 2963 575 enim
3001 517 3073 572 ob
3101 525 3336 571 vestram
3361 514 3538 586 parci-

1958 619 2121 666 tatem
2152 611 2386 667 retinere
2421 613 2631 683 cogitur
2654 627 2738 678 ea,
2769 625 2889 682 quae
2917 624 3059 664 nunc
3097 608 3279 664 habet.
3301 606 3456 674 Quod
3486 607 3532 662 si

1958 704 2136 758 omnia
2167 705 2460 760 secundum
2490 705 2810 775 apostolicas
2836 704 2982 773 leges
3009 709 3248 772 agerent,
3269 698 3388 770 ejus
3416 713 3539 770 pro-

1957 806 2174 851 ventum
2204 804 2479 866 oporteret
2517 810 2640 852 esse
2675 805 2910 851 vestrum
2936 793 3174 849 animum
3203 808 3217 846 :
3250 791 3392 862 quod
3419 792 3538 862 qui-

1959 885 2082 941 dem
2126 895 2182 944 ct
2232 894 2400 941 tutum
2443 897 2587 943 esset
2631 886 2968 956 penuarium,
3023 893 3079 939 et
3121 883 3408 940 thesaurus
3450 883 3538 938 in-

1961 979 2276 1034 exhaustus.
2293 979 2443 1035 Nunc
2464 987 2641 1034 autem
2668 993 2790 1034 cum
2811 993 2906 1033 vos
2925 975 3142 1048 quidem
3163 975 3539 1030 thesaurizatis

1963 1075 2015 1128 in
2046 1083 2211 1142 terra,
2243 1083 2300 1130 ct
2323 1075 2501 1130 omnia
2527 1075 2580 1129 in
2613 1073 2882 1145 penuariis
2921 1071 3115 1126 vestris
3139 1069 3414 1134 clauditis;
3437 1070 3538 1124 Ec-

1963 1167 2127 1222 clesia
2153 1181 2285 1222 vero
2313 1166 2622 1238 impendere
2657 1179 2880 1221 necesse
2903 1163 3086 1229 habet,
3125 1161 3397 1217 viduarum
3424 1173 3536 1214 cte-

1963 1260 2124 1327 tibus,
2154 1260 2419 1330 virginum
2458 1258 2657 1322 choris,
2705 1257 2971 1327 hospitum
3001 1252 3338 1317 adventibus,
3385 1265 3539 1320 pere-

1962 1351 2286 1422 grinantium
2314 1349 2588 1417 aerumnis,
2617 1349 2916 1404 vinctorum
2942 1343 3356 1408 calamitatibus,
3388 1340 3538 1396 infir-

1966 1457 2175 1498 morum
2203 1450 2260 1497 et
2284 1441 2596 1496 mutilorum
2637 1438 3068 1502 necessitatibus,
3099 1435 3219 1489 aliis
3238 1430 3541 1503 huiusmodi

1964 1535 2335 1590 occasionibus
2352 1552 2366 1588 :
2385 1533 2511 1603 quid
2531 1531 2826 1587 iaciendum
2844 1531 2867 1584 ?
2893 1543 3057 1585 eosne
3073 1541 3262 1584 omnes
3277 1524 3537 1590 aversari,

1964 1635 2018 1680 et
2039 1634 2118 1680 tot
2146 1634 2331 1695 portus
2361 1623 2681 1680 obstruere?
2707 1623 2889 1692 ecquis
2911 1620 3200 1691 naufragiis
3231 1617 3358 1674 hinc
3379 1616 3544 1689 partis

1965 1718 2255 1786 suffecerit,
2285 1717 2516 1785 fletibus,
2542 1717 2808 1782 lamentis,
2839 1714 3126 1784 ejulatibus
3154 1711 3390 1782 undique
3415 1710 3546 1764 alla-

1969 1811 2074 1865 tis?
2096 1809 2172 1865 Nc
2198 1825 2324 1880 ergo
2345 1817 2546 1864 temere
2573 1808 2855 1878 loquamur
2873 1805 3016 1876 quod
3038 1806 3091 1860 in
3119 1814 3353 1858 mentem
3385 1815 3547 1856 vene-

1969 1903 2059 1956 rit.
2088 1901 2241 1956 Nuuc
2267 1902 2432 1968 enim,
2466 1910 2523 1955 ut
2546 1901 2652 1972 jam
2691 1900 2819 1964 dixi,
2852 1899 3090 1954 rationes
3119 1898 3274 1952 vobis
3318 1895 3546 1951 reddere

1969 1995 2140 2064 parati
2163 2009 2366 2050 sumus.
2409 1992 2470 2050 Si
2513 2005 2692 2048 autem
2739 2006 2897 2048 secus
2940 2005 3030 2046 res
3077 2005 3137 2045 se
3194 1989 3440 2053 haberet,
3493 1994 3550 2043 et

1969 2087 2014 2142 si
2042 2086 2294 2143 doctores
2323 2086 2594 2142 haberetis
2623 2093 2926 2154 corruptos,
2952 2083 3042 2153 qui
3071 2081 3248 2137 omnia
3297 2088 3551 2150 raperent

1970 2189 2026 2236 et
2047 2181 2191 2235 avari
2213 2189 2410 2245 essent,
2437 2194 2609 2250 neque
2631 2179 2708 2233 sic
2730 2177 2970 2248 purgatio
2987 2183 3162 2231 vestra
3186 2182 3334 2231 esset
3361 2166 3547 2229 eorum

1971 2273 2227 2344 nequitia.
2256 2273 2386 2328 Nam
2415 2272 2672 2342 benignus
2708 2271 2798 2326 ille
2823 2279 2878 2326 et
2905 2269 3331 2339 sapientissimus
3358 2267 3546 2335 unige-

1975 2370 2116 2424 nitus
2147 2368 2241 2424 Dei
2271 2368 2438 2423 Filius
2467 2368 2645 2422 omnia
2681 2366 2890 2432 videns,
2935 2366 3220 2434 sciensque
3249 2363 3390 2434 quod
3420 2377 3552 2416 (ιου-

1973 2462 2142 2532 tingat
2183 2461 2380 2517 multos
2428 2461 2479 2515 in
2527 2460 2780 2516 diuturno
2829 2469 3070 2530 tempore
3113 2468 3166 2512 et
3213 2467 3360 2511 tanto
3408 2456 3552 2510 orbis

1974 2554 2146 2624 Spatio
2172 2569 2293 2610 esse
2333 2553 2642 2610 sacerdotes
2670 2561 2990 2623 corruptos;
3021 2561 3078 2605 ut
3106 2565 3174 2606 ne
3205 2566 3302 2620 per
3339 2550 3548 2604 illorum

1976 2645 2253 2710 incuriam,
2284 2659 2469 2700 eorum
2501 2645 2590 2714 qui
2619 2644 2746 2713 ipsis
2777 2643 2970 2698 subditi
3020 2651 3145 2698 sunt
3178 2641 3423 2697 socordia
3460 2657 3550 2695 au-

1975 2747 2182 2808 geatur,
2209 2752 2420 2793 omnem
2443 2738 2636 2791 tollens
2663 2735 2997 2807 negligentia:
3023 2733 3423 2790 excusationem
3446 2734 3551 2788 ait:

1978 2831 2149 2900 Super
2179 2831 2475 2884 cathedram
2500 2827 2696 2900 Moysi:
2734 2829 2969 2883 sederunt
2995 2827 3174 2881 scriba:
3198 2837 3244 2880 et
3282 2823 3554 2879 Pharisaei.

1980 2922 2166 2977 Omnia
2191 2937 2330 2992 ergo,
2361 2937 2475 2988 quae
2511 2920 2732 2974 dixerint
2760 2919 2897 2972 vobis
2937 2923 3121 2989 facere,
3152 2917 3304 2988 facite
3326 2932 3346 2972 :
3374 2934 3556 2971 secun-

1976 3013 2098 3066 dum
2127 3028 2282 3082 opera
2321 3022 2488 3065 autent
2517 3012 2721 3064 illorum
2755 3026 2819 3064 ne
2863 3010 3061 3078 faciatis
3099 3008 3314 3079 (Matth.
3345 3009 3438 3063 23.
3467 3008 3556 3080 9.);

1977 3105 2286 3170 ostendens,
2309 3101 2451 3173 quod
2481 3101 2690 3158 etiamsi
2711 3100 2983 3156 doctorem
3009 3099 3311 3170 improbum
3335 3098 3557 3166 habeas,

1978 3196 2109 3252 nihil
2138 3195 2230 3249 tibi
2256 3195 2512 3266 prodesse
2544 3194 2757 3264 poterit.
2800 3193 2902 3247 nisi
2931 3194 2996 3246 iis
3037 3208 3156 3262 quae
3195 3193 3449 3248 dicuntur
3475 3202 3559 3246 at-

1980 3289 2185 3345 tendas.
2220 3288 2402 3359 Neque
2428 3289 2569 3342 enim
2612 3286 2680 3342 ab
2718 3285 2784 3340 iis
2810 3300 2928 3356 quae
2957 3285 3146 3343 doctor
3172 3293 3426 3355 operatus
3456 3293 3560 3348 est,

1979 3382 2073 3439 sed
2098 3381 2251 3436 abiis
2274 3395 2393 3452 qua:
2418 3379 2633 3444 audisti,
2658 3394 2757 3435 nec
2784 3378 3112 3449 obsequutus
3135 3377 3239 3433 illis
3261 3392 3320 3432 es
3342 3394 3356 3431 :
3381 3377 3450 3432 ab
3480 3377 3563 3431 his

1981 3475 2075 3530 tibi
2101 3473 2364 3530 calculum
2395 3471 2534 3528 feret
2559 3471 2720 3526 Deus.
2755 3470 2936 3540 itaque
2975 3470 3018 3526 si
3047 3485 3108 3524 ea
3139 3485 3260 3539 qua:
3290 3477 3559 3539 praecepta

1980 3576 2105 3623 sunt
2131 3566 2342 3628 feceris,
2373 3580 2495 3620 cum
2541 3564 2708 3618 multa
2739 3572 2864 3618 tunc
2889 3563 3056 3617 stabis
3084 3561 3310 3627 fiducia;
3359 3561 3402 3616 si
3434 3575 3561 3616 vero

1981 3659 2138 3716 dictis
2167 3675 2272 3714 non
2299 3658 2628 3728 obsequutus
2652 3655 2834 3721 lucris,
2867 3655 3074 3711 etiamsi
3105 3655 3249 3709 mille
3275 3662 3561 3724 corruptos

1983 3753 2290 3809 sacerdotes
2318 3733 2592 3816 ostendas,
2627 3748 2760 3804 nihil
2786 3748 2888 3804 hoc
2919 3749 3010 3802 tibi
3037 3748 3295 3818 proderit.
3343 3746 3478 3802 Nam
3509 3754 3563 3800 ct

1982 3843 2145 3900 Judas
2183 3841 2459 3912 apostolus
2483 3848 2631 3904 erat;
2664 3838 2769 3892 hoc
2811 3849 2990 3894 tamen
3039 3838 3169 3892 nihil
3198 3853 3453 3908 umquam
3481 3851 3566 3892 sa-

1983 3944 2197 3992 c‘rorum
2215 3949 2277 3989 ex
2286 3933 2536 4002 pilatorcs
2552 3940 2606 3987 et
2626 3945 2816 3986 avaros
2834 3933 3130 3987 excusabit.
3156 3931 3339 4002 Neque
3370 3929 3566 4001 poterit

1984 4026 2107 4097 quis
2131 4035 2414 4080 accusatus
2439 4023 2622 4080 dicere
2655 4039 2669 4076 :
2700 4022 2985 4078 Enimvero
3011 4023 3282 4092 apostolus
3311 4021 3398 4077 fur
3421 4031 3558 4087 erat,

1985 4131 2259 4174 sacrorum
2283 4116 2545 4186 expilator
2567 4125 2621 4171 et
2647 4115 2887 4186 proditor
2915 4133 2929 4169 :
2955 4115 3047 4170 sed
3080 4115 3183 4169 hoc
3213 4130 3310 4170 nos
3332 4116 3564 4169 maxime

1986 4209 2248 4281 supplicio
2271 4209 2444 4264 tradet
2467 4218 2522 4264 et
2541 4206 2835 4274 damnabit,
2859 4207 3000 4278 quod
3026 4222 3130 4262 non
3159 4207 3385 4261 aliorum
3407 4205 3566 4260 malis

1986 4303 2054 4359 ad
2079 4319 2263 4358 sanam
2284 4297 2517 4358 mentem
2545 4301 2749 4357 reducti
2779 4301 2966 4356 simus.
2998 4300 3124 4355 Ideo
3149 4301 3292 4356 enim
3316 4300 3400 4355 illa
3427 4299 3564 4353 scri-

1987 4404 2076 4467 pta
2106 4403 2249 4459 sunt,
2300 4405 2357 4449 ut
2387 4393 2648 4463 fugiamus
2687 4393 2899 4448 illorum
2944 4393 3319 4447 imitationem.
3365 4390 3568 4446 Idcirco

1989 4488 2130 4542 hunc
2157 4495 2212 4543 et
2239 4485 2385 4541 illum
2417 4485 2802 4554 relinquentes,
2850 4483 3002 4539 nobis
3028 4484 3158 4553 ipsis
3187 4483 3526 4538 attendamus
3553 4499 3568 4535 :

1989 4580 2356 4649 unusquisque
2398 4577 2540 4632 enim
2589 4587 2827 4631 nostrum
2870 4591 2967 4646 pro
3013 4592 3073 4632 se
3110 4577 3374 4631 rationem
3419 4575 3570 4629 dabit

1991 4672 2126 4727 Deo.
2171 4669 2242 4725 Ut
2285 4683 2413 4740 ergo
2455 4669 2592 4724 hanc
2629 4669 2890 4723 rationem
2933 4683 3054 4722 cum
3103 4667 3242 4722 bona
3282 4664 3573 4721 reddamus

1991 4764 2328 4835 purgatione,
2362 4771 2600 4817 nostram
2643 4776 3025 4831 componamus
3054 4762 3240 4828 vitam,
3285 4771 3340 4815 et
3367 4760 3571 4830 largam

1994 4873 2208 4913 manum
2236 4856 2418 4926 egenis
2448 4856 2783 4925 porrigamus
2811 4856 3090 4910 :'scieutes
3113 4856 3250 4909 hanc
3271 4855 3441 4908 solam
3473 4868 3570 4908 no-

1992 4960 2158 5006 stram
2181 4963 2302 5004 esse
2321 4947 2711 5013 defensionem,
2737 4949 2781 5002 si
2809 4947 3154 5002 ostendamus
3183 4960 3282 5001 nos
3303 4957 3571 5016 praecepta

1993 5053 2140 5100 recte
2159 5049 2480 5112 exsequutos
2496 5055 2650 5104 esse;
2680 5039 2986 5110 nullamque
3005 5052 3131 5095 esse
3151 5039 3330 5094 aliam.
3353 5037 3409 5092 Si
3435 5038 3581 5093 hanc

1992 5137 2248 5193 exhibere
2274 5136 2562 5205 possimus,
2595 5132 2954 5187 intolerabiles
2983 5131 3102 5186 illos
3130 5131 3390 5201 gehennae
3415 5129 3577 5183 dolo-

1995 5245 2082 5285 res
2121 5229 2453 5299 effugiemus,
2499 5235 2554 5282 et
2584 5225 2760 5280 futura
2802 5239 3197 5294 consequemur
3238 5222 3418 5278 bona:
3451 5234 3574 5290 qua:

1994 5336 2092 5377 nos
2135 5337 2321 5377 omnes
2359 5320 2579 5390 adipisci
2614 5321 2904 5388 contingat,
2937 5317 3104 5388 gratia
3146 5325 3200 5371 et
3243 5314 3573 5383 benignitate

1995 5413 2206 5468 Domini
2254 5414 2420 5469 nostri
2467 5412 2592 5468 Jesu
2643 5411 2864 5478 Christi,
2914 5410 3127 5480 quicum
3169 5409 3312 5463 Patri
3360 5422 3573 5478 unaque

1995 5505 2216 5576 Spiritui
2267 5513 2452 5559 sancto
2496 5504 2685 5575 gloria,
2737 5502 3042 5573 imperium,
3100 5502 3291 5570 honor,
3332 5514 3474 5557 nunc
3519 5511 3574 5559 et

1995 5611 2230 5669 semper,
2258 5606 2312 5653 et
2337 5597 2390 5652 in
2415 5597 2607 5654 saecula
2634 5597 2974 5654 saeculorum.
3009 5597 3200 5651 Amen.
