3986 6202
377 226 458 282 εει
1095 209 1157 282 ε.
1196 223 1480 281 JOANNIS
1517 218 1958 277 οιιιιγεοετοι

2060 212 2368 272 ARCHIEP.
2409 202 2970 266 CONSTANTINOP.

3505 187 3613 245 {83

851 348 3612 402 Μ

1790 484 2032 536 ΟΜῘΛΙΛ
2071 483 2202 537 KB'.

379 580 500 633 Οὐκ
536 578 735 632 οἴδατε
783 577 872 630 ὅτι
916 581 968 632 ol
1019 579 1089 630 τὰ
1134 577 1260 643 ἱερὰ
1307 574 1696 644 ἐρῃηζόμενοι,
1735 574 1804 628 ἐκ
1837 573 1942 627 τοῦ

447 649 606 714 ίεροῦ
659 648 1016 710 ἐσθίουσιν;
1054 652 1107 702 oi
1153 645 1234 710 τῷ
1279 645 1683 713 θυσιαστηρίῳ
1749 659 1943 711 προσ·

446 718 824 784 εδρεύοντες,
853 716 933 779 τῷ
992 717 1397 784 θυσιαστηρίῳ
1454 715 1942 784 συμμερίζονται;

447 782 613 840 Οὕτω
640 787 736 840 καὶ
771 791 803 841 ό
846 788 1060 854 Κύριος
1087 782 1319 847 διέταξε
1352 782 1475 850 τοῖς
1505 782 1946 854 τὸήεύαγγέλιον

446 853 992 927 καταγγέλλουσιν,
1017 858 1085 910 ἐκ
1113 857 1220 911 τοῦ
1245 855 1598 926 εὐαγγελίου
1627 853 1754 922 ζῇν.

449 969 517 1017 α’.
538 961 745 1034 Πολλὴν
761 963 996 1016 ποιεῖται
1017 963 1114 1034 τὴν
1143 962 1398 1032 σπουδὴν,
1414 960 1554 1014 ὥστε
1575 958 1743 1023 δεῖξαι
1765 956 1841 1028 μὴ
1857 973 1948 1009 κε-

379 1045 695 1114 κωλυμένον
717 1046 777 1099 τὸ
802 1045 1120 1116 λαμϐάνειν.
1142 1047 1340 1117 Διόπερ
1368 1044 1604 1098 τοσαῦτα
1629 1041 1798 1096 εἰπὼν
1843 1041 1946 1110 ἐμ-

379 1127 634 1199 προσθεν,
661 1128 761 1180 οὑκ
789 1129 1054 1199 ἠρκέσθη,
1074 1127 1211 1182 άλλά
1227 1130 1321 1182 καὶ
1345 1127 1438 1180 ἐπί
1461 1128 1552 1180 τὸν
1578 1126 1740 1196 νόμον
1760 1125 1945 1196 χωρεῖ,

378 1213 702 1286 οἰκειότερον
730 1211 822 1267 τοῦ
850 1214 1117 1284 προτέρου
1160 1213 1413 1282 παρέχων
1448 1211 1774 1280 ὑπόδειγμα.
1812 1207 1948 1262 Οὑδὲ

377 1298 487 1368 γὰρ
520 1293 588 1369 ἦν
617 1297 728 1349 ἴσον
756 1296 855 1360 τάς
904 1294 1028 1366 βοῦς
1053 1308 1079 1336 ι
1111 1295 1454 1365 παραγαγεῖν
1501 1295 1581 1357 εἱς
1627 1293 1812 1364 μέσον,
1854 1293 1950 1345 καὶ

383 1379 560 1451 ῥητῶς
581 1381 708 1450 περὶ
731 1379 922 1450 ἱερέων
947 1379 1107 1449 νόμον
1127 1378 1378 1446 κείμενον
1402 1378 1481 1440 εἰς
1512 1376 1675 1446 μέσον
1701 1375 1946 1444 ἀγαγεῖν.

379 1465 578 1518 Σκόπει
611 1463 670 1519 δέ
710 1481 801 1534 μοι
847 1463 949 1516 κάν
978 1460 1154 1532 τούτῳ
1187 1461 1286 1531 τὴν
1319 1458 1531 1512 Παύλου
1563 1460 1796 1521 σύνεσιν,
1832 1455 1950 1519 πῶς

383 1548 654 1618 μέμνηται
691 1545 785 1600 τοῦ
819 1547 1139 1617 πράγματος
1179 1543 1626 1614 μεγαλοπρεπῶς,
1674 1535 1808 1596 Οὑδέ
1841 1537 1948 1608 γάρ

379 1626 552 1695 εἶπεν,
582 1630 649 1684 Οἱ
670 1630 738 1684 τά
766 1630 887 1702 ἱερά
917 1628 1272 1699 ἐργαζόμενοι
1301 1629 1366 1679 ἐκ
1394 1625 1502 1678 τῶν
1531 1623 1949 1696 προσφερόντων

382 1711 529 1786 ί192]
560 1713 946 1784 λαμϐάνουσιν·
976 1711 1113 1766 ἀλλὰ
1135 1711 1188 1765 τί
1212 1728 1226 1775 ;
1274 1713 1375 1764 Ἐκ
1402 1709 1509 1764 τοῦ
1533 1709 1693 1777 ἱεροῦ
1715 1705 1952 1763 ἐσθίου-

379 1809 503 1848 σινο
537 1797 622 1850 ἵνα
655 1797 792 1867 μήτε
831 1797 882 1848 οἱ
916 1795 1282 1866 λαμϐάνοντες
1313 1792 1699 1856 ὁνειδίζωνται,
1735 1789 1872 1862 μήτε
1899 1788 1950 1842 οἱ

379 1881 710 1952 παρέχοντες
727 1880 1080 1951 ἐπαίρωνται.
1095 1878 1184 1932 Διὸ
1203 1878 1298 1933 καλ⁵
1313 1879 1372 1932 τὸ
1389 1877 1514 1948 ἐξῆς
1529 1875 1672 1937 οὑτω
1687 1873 1948 1928 τέθεικεν.

380 1963 515 2017 Οὑδὲ
547 1964 652 2036 γάρ
687 1964 809 2017 οὑδέ
848 1962 1082 2016 ἐνταῦθα
1102 1963 1129 2001 b
1165 1957 1338 2024 εἶπεν,
1371 1962 1434 2015 Οί
1471 1959 1550 2030 τῷ
1582 1955 1954 2026 θυσιαστηρίῳ

381 2046 830 2117 προσεδρεύοντες
857 2046 964 2099 ἀπὸ
985 2045 1092 2100 τῶν
1116 2045 1350 2098 θυόντων
1374 2043 1764 2114 λαμϐάνουσιν,
1795 2039 1951 2103 ἀλλά,

387 2129 471 2196 Τῷ
525 2131 931 2198 θυσιαστηρίῳ
977 2128 1448 2199 συμμερίζονται.
1505 2125 1587 2179 Τὰ
1621 2125 1730 2196 γάρ
1787 2141 1954 2196 προσ-

383 2214 667 2286 ενεχθέντα
687 2214 871 2268 οὑκέτι
887 2214 1072 2267 λοιπὸν
1095 2213 1203 2266 τῶν
1221 2210 1702 2283 προσενεγκάντων
1716 2204 1804 2280 ἦν,
1819 2205 1958 2261 άλλά

383 2297 477 2350 τοῦ
513 2297 656 2367 ἱεροῦ
689 2298 782 2350 καὶ
814 2295 908 2350 τοῦ
941 2296 1351 2368 θυσιαστηρίου.
1393 2295 1504 2348 Καὶ
1539 2293 1639 2346 οὑκ
1673 2289 1846 2356 εἷπεν,
1871 2291 1955 2343 δτι

384 2383 465 2437 Τὰ
495 2383 614 2454 ἱερὰ
637 2383 1027 2453 λαμϐάνουσιν,
1059 2384 1196 2447 ἀλλ’,
1223 2383 1324 2437 Ἐκ
1349 2381 1455 2436 τοῦ
1478 2380 1639 2449 ἱεροῦ
1659 2379 1953 2443 ἐσθίουσι,

385 2467 596 2531 δεικνὺς
631 2467 793 2520 πάλιν
819 2467 918 2536 τὴν
947 2467 1309 2538 συμμετρίαν,
1354 2467 1448 2520 καὶ
1475 2465 1558 2518 ὃτι
1595 2463 1656 2516 οὑ
1689 2460 1959 2534 χρηματίσ-

385 2552 574 2617 ζεσθαι
607 2551 689 2604 δεῖ
714 2551 834 2604 οὑδέ
869 2551 1138 2605 πλουτεῖν.
1191 2551 1339 2604 Εἱδέ
1378 2549 1546 2618 λέγει,
1593 2549 1676 2601 ὅτι
1729 2544 1812 2610 Τῷ
1853 2549 1957 2600 θυ-

386 2636 716 2702 σιαστηρίῳ
747 2633 1201 2704 συμμερίζονται
1221 2677 1236 2700 ,
1262 2634 1322 2686 οὑ
1357 2632 1453 2704 τὴν
1480 2631 1661 2702 ἐξὶσης
1697 2630 1958 2699 διανομὴν

387 2718 552 2786 λέγει,
583 2718 718 2772 ἀλλά
759 2717 856 2790 τὴν
889 2717 948 2784 ἐξ
980 2717 1203 2787 ὀφειλῆς
1237 2715 1521 2786 διδομένην
1563 2714 1746 2776 αὑτοῖς
1777 2727 1957 2781 παρα-

390 2803 605 2873 μυθίαν.
642 2803 918 2857 Καίτοιτά
945 2804 1056 2857 τῶν
1082 2801 1394 2856 ἀποστόλων
1421 2799 1644 2872 μείζονα
1671 2795 1848 2866 πολλῷ
1865 2791 1955 2867 ἦν.

399 2887 548 2940 Ἐκεῖ
575 2887 674 2957 μὲν
698 2887 804 2956 γὰρ
833 2885 962 2957 τιμὴ
988 2882 1054 2956 ἦν
1084 2888 1116 2955 ἡ
1143 2883 1406 2955 ἱερωσύνη
1431 2898 1444 2911 ·
1484 2882 1718 2936 ἐνταῦθα
1745 2879 1802 2932 δὲ
1839 2878 1958 2932 κὶνο

389 2967 532 3021 δυνοι
559 2970 651 3021 καὶ
684 2968 890 3036 σφαγαὶ
920 2969 1012 3022 καὶ
1047 2969 1218 3038 φόνοι.
1270 2965 1466 3037 Διόπερ
1504 2966 1614 3018 τῶν
1649 2962 1825 3016 ἄλλων
1851 2977 1958 3014 πα-

392 3050 768 3122 ραδειγμάτων
790 3049 1045 3102 ἁπάντων
1076 3050 1209 3102 πολὺ
1261 3048 1443 3120 μεῖζον
1487 3044 1556 3120 ἧν
1583 3047 1646 3100 τδ
1671 3046 1868 3113 λέγειν’
1891 3044 1960 3095 El

391 3134 563 3204 ἡμεῖς
590 3133 731 3202 ὑμῖν
754 3136 825 3188 τὰ
851 3136 1220 3203 πνευματικά
1244 3133 1626 3202 ἐσπείραμεν.
1659 3133 1827 3184 Ὅταν
1851 3129 1959 3198 γὰρ

392 3219 544 3291 εῐπῃ,
585 3217 998 3286 Ἐσπείραμεν,
1034 3219 1159 3280 τοὺς
1184 3216 1456 3288 χειμῶνας
1490 3217 1582 3270 καὶ
1626 3215 1751 3277 τοὺς
1779 3211 1958 3266 κινδύ-

393 3319 535 3366 νους,
569 3303 662 3354 καὶ
685 3301 782 3365 τὰς
798 3300 1088 3365 ἐπιϐουλὰς
1102 3302 1195 3355 καὶ
1218 3302 1288 3354 τά
1315 3302 1496 3370 ἄφατα
1524 3299 1670 3354 κακά
1692 3295 1960 3350 ἐνδείκνυ-

391 3401 504 3446 ται,
558 3385 702 3456 ἆπερ
752 3385 1022 3456 ὑπέμενον
1061 3385 1445 3458 κηρύττοντες.
1507 3383 1644 3436 Ἀλλ’
1675 3383 1824 3451 ὅμως
1867 3377 1962 3432 καὶ

392 3468 657 3538 τοσαύτης
678 3467 840 3540 οὑσης
869 3469 965 3540 τῆς
994 3469 1283 3540 ὑπεροχῆς,
1322 3469 1422 3520 οὑκ
1450 3465 1714 3537 ἠθέλησεν
1743 3461 1866 3514 οὑτε
1892 3459 1962 3513 τά

391 3552 492 3622 τῆς
535 3553 777 3615 Παλαιᾶς
821 3553 1176 3616 ταπεινῶσαι,
1207 3550 1328 3604 οὔτε
1371 3549 1441 3603 τὰ
1489 3547 1684 3603 ἐαυτοῦ
1729 3547 1959 3614 ἐπᾶραιο

395 3638 532 3693 ἀλλά
570 3639 665 3692 καὶ
697 3638 764 3690 τὰ
793 3636 987 3690 ἐαυτοῦ
1027 3636 1325 3700 συστέλλει,
1372 3635 1472 3688 οὑκ
1509 3633 1617 3688 ἀπὸ
1642 3633 1749 3685 τῶν
1782 3628 1964 3683 κινδύ-

395 3739 524 3784 νων,
575 3719 690 3773 ἀλλ’
736 3720 842 3772 ἀπὸ
868 3719 960 3771 τοῦ
993 3719 1256 3788 μεγέθους
1293 3718 1394 3784 τῆς
1426 3718 1634 3788 δωρεᾶς
1664 3714 1836 3778 διδοὺς
1865 3713 1963 3784 τὴν

398 3804 689 3872 ὑπροχήν.
735 3802 808 3854 Οὑ
841 3802 949 3870 γὰρ
977 3796 1148 3865 εἶπεν,
1187 3801 1250 3853 Εἰ
1279 3799 1727 3869 ἐκινδυνεύσαμεν
1755 3799 1788 3868 ἢ
1823 3813 1965 3867 παρ·

397 3883 855 3954 εϐουλευσάμεθα,
882 3881 1019 3946 ἀλλ’,
1043 3885 1114 3936 Εὶ
1145 3882 1312 3951 ἡμεῖς
1335 3881 1478 3950 ὑμῖν
1498 3882 1569 3934 τὰ
1593 3877 1965 3949 πνευματικὰ

395 3967 784 4035 ἐσπείραμεν-ο
821 3968 914 4018 καὶ
943 3965 1014 4018 τά
1043 3965 1152 4019 τῶν
1204 3967 1415 4034 ἱερέων,
1451 3963 1524 4028 ὡς
1561 3959 1672 4017 οἷόν
1704 3965 1765 4016 τέ
1795 3965 1964 4025 ἐστιν,

399 4051 612 4120 ἐπαίρει
647 4049 848 4118 λέγων’
895 4051 959 4102 Ol
991 4047 1064 4102 τὰ
1092 4047 1218 4114 ιερὰ
1249 4044 1642 4116 ἐργαζόμενοι,
1677 4046 1776 4100 καί
1809 4048 1863 4099 οί
1887 4043 1967 4110 τῷ

399 4133 805 4201 θυσιαστηρίῳ
849 4129 1376 4200 προσεδρεύοντες,
1427 4130 1525 4201 τὴν
1572 4127 1794 4198 διηνεκῆ
1844 4127 1966 4180 δου-

397 4215 546 4269 λείαν
578 4215 760 4269 αὑτῶν
789 4215 882 4269 καὶ
922 4215 1019 4284 τὴν
1046 4213 1340 4286 καρτερίαν
1367 4212 1455 4266 διά
1499 4211 1702 4266 τούτων
1735 4209 1967 4274 ἐνδείξαο

398 4299 522 4353 σθαι
563 4298 903 4370 βουλόμενος.
940 4299 1050 4352 Καὶ
1080 4296 1248 4351 εἰπὼν
1293 4297 1420 4360 τοὺς
1454 4295 1632 4368 ἱερέας
1661 4295 1785 4358 τοὺς
1817 4292 1968 4364 παρά

409 4382 836 4447 Ἰουδαίοις,τοὺς
855 4399 914 4434 τε
927 4380 1158 4444 Λευίτας
1179 4379 1305 4442 τούς
1323 4397 1383 4433 τε
1403 4379 1713 4451 ἀρχιερέας,
1730 4377 1964 4446 ἐκάτερα

395 4465 466 4518 τὰ
515 4467 771 4536 τάγματα
806 4465 1065 4536 ἐδήλωσε,
1101 4465 1196 4518 καὶ
1239 4464 1308 4517 τά
1341 4464 1744 4534 καταδεέστερα
1775 4463 1870 4516 καὶ
1898 4462 1966 4516 τά

397 4548 761 4617 ὑπερέχοντα·
795 4548 863 4600 τά
914 4548 1010 4618 μὲν
1042 4547 1128 4600 διά
1161 4547 1254 4599 τοῦ
1297 4545 1496 4613 λέγειν,
1529 4549 1594 4599 Οἱ
1621 4547 1695 4599 τὰ
1723 4547 1849 4613 ἱερὰ
1876 4546 1968 4612 ἐρ-

397 4629 724 4699 γαζόμενοι,
747 4631 815 4684 τὰ
837 4631 893 4683 δὲ
918 4629 1004 4683 διὰ
1021 4631 1114 4683 τοῦ
1142 4631 1335 4694 εἰπεῖν,
1369 4631 1432 4682 Ol
1457 4628 1536 4693 τῷ
1564 4628 1970 4696 θυσιαστηρίῳ

399 4714 926 4784 προσεδρεύοντες.
961 4714 1091 4766 Οὑδὲ
1125 4714 1232 4785 γὰρ
1267 4713 1432 4766 πᾶσιν
1458 4711 1516 4766 ἐν
1544 4712 1969 4781 ἐπιτεταγμένον

400 4797 560 4866 ἔργον
589 4793 690 4868 ἦν·
721 4796 836 4849 ἀλλ’
875 4797 923 4849 οἱ
957 4796 1054 4866 μὲν
1105 4797 1173 4849 τά
1222 4795 1525 4866 παχύτερα,
1560 4797 1609 4848 οἱ
1642 4795 1700 4849 δὲ
1735 4795 1803 4848 τὰ
1833 4794 1970 4866 ὑψη-

399 4878 594 4950 λότερα
623 4875 762 4950 ἦσαν
787 4877 1273 4948 ἐγκεχειρισμένοι.
1309 4878 1524 4942 Πάντας
1549 4877 1726 4931 τοίνυν
1747 4876 1969 4944 τούτους

401 4963 731 5034 περιλαϐὼν,
765 4964 851 5017 ἱνα
883 4965 957 5034 μή
1009 4979 1094 5025 τις
1135 4962 1289 5034 λέγῃ,
1322 4962 1386 5014 Τί
1418 4963 1517 5033 τῆς
1561 4962 1806 5026 Παλαιᾶς
1839 4963 1969 5033 ἡμῖν

405 5047 679 5118 μέμνησαι
700 5064 714 5107 :
739 5048 840 5102 οὑκ
870 5043 1024 5100 οἶσθα
1051 5047 1132 5099 ὃτι
1162 5046 1597 5116 προσταγμάτων
1622 5046 1969 5114 τελειοτέρων

403 5129 534 5198 ἡμῖν
566 5133 594 5182 ὁ
622 5131 844 5200 καιρόςς
892 5130 1011 5202 μετ’
1050 5131 1233 5184 ἐκεῖνα
1279 5131 1456 5184 πάντα
1481 5130 1543 5183 τὸ
1572 5130 1790 5184 πάντων
1822 5131 1970 5199 ἱσχυ-

407 5213 624 5282 ρότερον
675 5214 920 5267 τέθεικεν
963 5214 1162 5268 εἰπών’
1207 5216 1371 5269 Οὕτω
1408 5215 1506 5268 καὶ
1543 5217 1575 5269 ὀ
1606 5215 1821 5283 Κύριος
1853 5213 1969 5268 διέ-

402 5295 546 5358 ταξε
570 5295 692 5360 τοῖς
723 5296 789 5348 τὸ
821 5299 1172 5366 εὐαγγέλιον
1200 5299 1739 5367 καταγγέλλουσιν,
1774 5299 1842 5352 ἐκ
1862 5297 1970 5353 τοῦ

403 5378 757 5446 εὐαγγελίου
781 5377 904 5446 ζῇν.
923 5379 1033 5432 Καὶ
1057 5380 1177 5433 οὑδέ
1199 5380 1432 5436 ἐνταῦθα
1457 5382 1520 5433 ἐκ
1536 5381 1644 5433 τῶν
1667 5379 1970 5452 ἀνθρώπων

406 5462 551 5528 λέγει
601 5460 915 5532 τρέφεσθαι,
950 5461 1067 5516 ἀλλ’
1091 5462 1279 5534 ῶσπερ
1324 5464 1556 5517 ἐπὶτῶν
1608 5465 1817 5535 ἱερέων,
1869 5464 1970 5518 Ἑλ.

407 5545 514 5600 τοῦ
559 5545 742 5614 ἱεροῦ,
789 5547 884 5600 καὶ
942 5547 1045 5600 Ἐκ
1077 5544 1184 5599 τοῦ
1217 5548 1672 5614 θυσιαστηρίου,
1703 5547 1844 5602 οὑτω
1876 5550 1971 5602 καὶ

473 5649 499 5720 ξ
530 5651 672 5720 Reg._,
691 5650 813 5720 τοὺς
835 5649 965 5712 βοῦς,
985 5650 1228 5720 _et_paul0
1260 5655 1371 5720 p0§_l
1391 5650 1686 5720 idenLvo'pm
1720 5653 1796 5702 ἐπὶ
1817 5652 1970 5716 τούτῳ

418 5710 624 5769 κείμενον
641 5710 916 5774 ἀναγνῶναι.
985 5713 1012 5753 ιδ
1049 5710 1239 5772 Deerat,
1263 5710 1370 5759 οὐδὲ
1393 5710 1602 5760 ἐνταῦθα.

2045 570 2298 634 ἐνταῦθα,
2345 569 2446 622 Ἐκ
2491 566 2599 620 τοῦ
2645 562 3020 632 εὐαγγελίου,
3073 560 3244 631 φησί·
3281 556 3378 610 καὶ
3425 555 3618 627 ῶσπερ

2044 653 2160 705 ἐκεῖ
2186 651 2459 712 Ἐσθίειν,
2478 648 2652 709 οὓτως
2675 645 2905 700 ἐνταῦθα
2923 643 3072 712 Ζῆν,
3095 643 3195 696 οὑκ
3213 638 3617 712 ἐμπορεύεσθαι

2043 733 2164 787 οὑδέ
2207 730 2577 804 θησαυρίζειν.
2635 729 2830 794 Ἄξιος
2878 727 3008 797 γὰρ,
3058 725 3244 796 φησὶν,
3289 725 3321 776 ὁ
3362 719 3619 790 ἐργάτης

2044 819 2151 872 τοῦ
2178 817 2401 886 μισθοῦ
2431 813 2640 870 αὐτοῦ.
2684 811 2823 880 Ἐγὼ
2851 809 2920 864 δὲ
2949 807 3153 864 οὐδενὶ
3186 807 3414 861 τούτων
3445 804 3621 873 ἐχρη-

2045 902 2268 971 σάμην.
2312 901 2376 953 Τί
2403 895 2516 961 οὖν,
2553 899 2601 951 εἱ
2640 899 2713 968 μὴ
2753 896 2990 966 ἐχρήσω,
3049 892 3205 964 φησὶ,
3237 890 3355 955 νῦν,
3391 889 3528 961 πρὸς
3563 887 3620 941 δὲ

2045 985 2108 1038 τδ
2159 984 2350 1056 μέλλον
2406 982 2711 1054 χρήσασθαι
2755 979 2953 1050 βούλει,
2999 978 3094 1031 καὶ
3124 976 3213 1030 διά
3243 975 3401 1028 τοῦτο
3445 971 3621 1027 ταῦτα

2045 1069 2255 1136 λέγει’ς;
2296 1069 2540 1136 Ἄπαγε*
2577 1067 2670 1119 καὶ
2702 1065 2812 1135 γάρ
2840 1063 2928 1116 διὰ
2958 1061 3112 1116 τοῦτο
3156 1059 3366 1130 ταχέως
3397 1060 3461 1130 τῇ
3496 1059 3619 1109 ἐπι-

2050 1150 2334 1224 διορθώσει
2368 1152 2654 1220 ἐχρήσατο,
2688 1148 2862 1211 οὑτως
2905 1143 3094 1200 εἱπώνο
3132 1148 3256 1199 Οὐκ
3289 1144 3521 1213 ἔγραψα
3550 1140 3621 1196 δὲ

2047 1236 2257 1302 ταῦτα,
2289 1235 2392 1288 ἵνα
2435 1234 2589 1287 οὕτω
2636 1231 2880 1303 γένηται
2921 1230 2992 1285 ἐν
3022 1229 3173 1299 ἐμοί.
3225 1227 3336 1281 Καὶ
3363 1228 3462 1297 ὅρα
3499 1224 3617 1295 μεθ’

2050 1319 2181 1388 ὅσης
2241 1317 2600 1388 σφοδρότητος
2682 1315 2926 1386 ἀρνεῖται
2983 1313 3078 1365 καὶ
3143 1309 3490 1381 διακρούεται
3555 1306 3619 1360 τὸ

2052 1403 2314 1472 πρᾶγμα·
2362 1399 2564 1454 Καλὸν
2596 1395 2709 1467 γάρ
2749 1413 2850 1466 μοι
2892 1392 3135 1466 μᾶλλον
3183 1389 3528 1454 ἀποθανεῖν,
3578 1389 3618 1456 ἢ

2049 1485 2116 1538 τὸ
2148 1485 2427 1552 καύχημά
2464 1500 2579 1550 μου
2621 1483 2721 1535 ἵνα
2752 1499 2841 1548 τις
2872 1480 3131 1548 κενώση.
3183 1477 3294 1532 Καὶ
3323 1477 3424 1546 οὑχ
3474 1474 3624 1539 ἅπαξ

2050 1568 2170 1622 οὑδὲ
2217 1568 2317 1632 δὶς,
2375 1567 2510 1620 ἀλλά
2568 1566 2662 1619 καὶ
2707 1565 2968 1628 πολλάκις
3021 1563 3284 1634 κέχρηται
3339 1562 3407 1630 τῇ
3467 1559 3623 1630 ῥήσει

2049 1649 2254 1721 ταύτῃο
2308 1649 2404 1702 καὶ
2451 1649 2557 1720 γὰρ
2601 1648 2860 1719 ἀνωτέρω
2893 1646 3041 1719 [I93]
3083 1643 3255 1710 εἶπεν,
3296 1645 3419 1697 Οὐκ
3452 1642 3626 1710 ἐχρη-

2051 1732 2284 1802 σάμεθα
2309 1729 2382 1800 τῇ
2407 1730 2661 1800 ἐξουσίᾳ
2689 1732 2875 1799 ταύτῃ
2897 1746 2910 1761 ο
2949 1730 3042 1783 καὶ
3073 1728 3210 1800 μετά
3237 1727 3410 1780 ταῦτα
3441 1723 3624 1788 πάλιν,

2053 1819 2159 1882 Εἰς
2199 1817 2267 1870 τὸ
2306 1815 2392 1884 μὴ
2445 1815 2944 1884 καταχρήσασθαί
2970 1831 3046 1882 με
3084 1811 3161 1881 τῇ
3197 1811 3453 1877 ἐξουσίᾳ
3476 1823 3625 1877 μουο

2053 1900 2148 1953 καὶ
2174 1898 2424 1960 ἐνταῦθα,
2478 1897 2620 1967 Ἐγὼ
2646 1897 2714 1949 δὲ
2751 1895 2954 1950 οὐδενὶ
2993 1895 3220 1949 τούτων
3250 1891 3628 1961 ἐχρησάμην.

2059 1983 2308 2044 Τούτων,
2341 1982 2542 2046 ποίων;
2573 1980 2694 2034 Τῶν
2731 1979 2943 2032 πολλῶν
2979 1978 3460 2050 παραδειγμάτων.
3496 1973 3632 2027 Πολ-

2053 2064 2160 2117 λῶν
2195 2065 2304 2135 γάρ
2335 2081 2425 2130 μοι
2450 2064 2798 2134 παρεχόντων
2823 2063 3073 2129 ἐξουσίαν
3094 2101 3108 2124 ,
3137 2060 3234 2114 τοῦ
3269 2055 3630 2130 στρατιώτου,

2054 2146 2150 2200 τοῦ
2196 2145 2466 2218 γεωργοῦ,
2515 2145 2607 2199 τοῦ
2661 2145 2937 2216 ποιμένος,
2995 2145 3102 2198 τῶν
3157 2143 3495 2205 ἀποστόλων,
3539 2139 3632 2194 τοῦ

2055 2232 2241 2302 νόμου,
2269 2230 2376 2283 τῶν
2403 2229 2532 2300 παρ’
2558 2228 2716 2300 ἡμῶν
2740 2229 2819 2290 εἰς
2846 2229 2989 2299 ὑμᾶς
3015 2227 3339 2298 γινομένων,
3363 2225 3474 2276 τῶν
3502 2223 3632 2292 παρ’

2056 2314 2209 2385 ὑμῶν
2253 2314 2334 2376 εἱς
2379 2314 2506 2376 τοὺς
2539 2312 2751 2374 ἄλλους,
2783 2311 2889 2364 τῶν
2917 2311 3128 2380 ἱερέων,
3153 2309 3245 2362 τοῦ
3275 2307 3635 2378 προστάγμα-

2053 2415 2145 2461 τος
2174 2395 2268 2450 τοῦ
2299 2395 2560 2466 Χριστοῦ,
2591 2395 2763 2449 οὑδενὶ
2801 2393 3005 2447 τούτων
3041 2393 3304 2462 ἐπείσθην
3337 2390 3415 2456 εἱς
3443 2387 3504 2443 τὸ
3537 2407 3636 2443 κα-

2054 2481 2283 2535 ταλῦσαι
2311 2473 2420 2534 ’τὸν
2476 2478 2715 2550 ἐμαυτοῦ
2771 2479 2960 2548 νόμον,
3019 2479 3114 2531 καὶ
3151 2477 3358 2530 λαϐεῖν.
3416 2475 3524 2528 Καὶ
3553 2473 3629 2544 μή

2059 2583 2150 2638 μοι
2181 2565 2252 2618 τὰ
2299 2563 2637 2634 παρελθόντα
2683 2563 2808 2631 λέγε
2829 2580 2842 2593 ο
2875 2563 3052 2616 καίτοι
3084 2578 3146 2630 γε
3189 2561 3298 2632 ἔχω
3327 2560 3519 2621 εἰπεῖν,
3546 2556 3631 2610 ὄτι

2057 2647 2230 2702 πολλά
2259 2648 2354 2701 καὶ
2379 2647 2440 2700 ἐν
2480 2649 2592 2710 τοῖς
2622 2644 2986 2718 παρελθοῦσιν
3024 2645 3293 2716 ὑπέμεινα
3323 2643 3411 2695 διά
3439 2639 3628 2694 τοῦτο·

2057 2732 2172 2787 ἀλλ’
2201 2732 2350 2802 ὅμως
2378 2731 2477 2784 οὑκ
2504 2730 2732 2794 ἐκείνοις
2764 2726 3112 2801 ἰσχυρίζομαι
3143 2726 3344 2796 μόνοις,
3376 2723 3512 2778 ἀλλὰ
3541 2724 3635 2776 καὶ

2058 2813 2186 2886 περὶ
2246 2813 2353 2866 τῶν
2415 2812 2718 2884 μελλόντων
2776 2810 3173 2882 ὑπισχνοῦμαι,
3228 2811 3310 2862 ὅτι
3371 2806 3634 2878 αἱροῦμαι

2061 2898 2260 2968 μᾶλλον
2314 2897 2605 2950 ἀποθανεῖν
2654 2895 2819 2967 λιμῷ.
2864 2893 3135 2966 ἢτούτων
3191 2891 3636 2962 ἀποστερηθῆναι

2058 2977 2167 3030 τῶν
2196 2976 2493 3046 στεφάνων.
2523 2975 2726 3031 Καλὸν
2753 2973 2865 3045 γάρ
2892 2992 2994 3043 μοι
3019 2973 3262 3042 μᾶλλον
3284 2968 3636 3030 ἀποθανεῖν,

2062 3061 2244 3131 φησὶν,
2288 3061 2326 3129 ἢ
2373 3059 2440 3113 τὸ
2484 3057 2762 3130 καύχημά
2805 3075 2925 3126 μου
2965 3057 3065 3110 ἵνα
3097 3074 3182 3122 τις
3225 3055 3487 3122 κενώσῃ.

2061 3130 2231 3203 εἷπεν,
2269 3138 2338 3190 Ἣ
2381 3136 2472 3190 τὸν
2517 3137 2678 3207 νόμον
2728 3152 2828 3206 μου
2857 3137 2944 3188 ἴνα
2977 3151 3063 3198 τις
3114 3133 3416 3204 καταλύσῃ,
3477 3130 3633 3194 ἀλλά,

2067 3223 2136 3276 Τὸ
2175 3222 2472 3292 καύχημα.
2521 3223 2638 3276 ’Ὶνα
2675 3220 2784 3290 γὰρ
2816 3220 2890 3290 μὴ
2931 3219 3065 3290 λέγῃ
3104 3235 3208 3282 τις,
3242 3219 3325 3271 ὃτι
3357 3219 3512 3270 Ποιεῖ
3539 3214 3639 3287 μὲν

2062 3305 2214 3368 αὑτό,
2264 3307 2323 3358 οὑ
2374 3306 2577 3376 χαίρων
2624 3305 2700 3371 δὲ,
2736 3304 2872 3357 ἀλλά
2905 3303 3105 3356 στένων
3145 3302 3237 3356 καὶ
3276 3299 3638 3370 ὀδυνώμενος,

2060 3386 2161 3455 τὴν
2191 3384 2494 3456 ὑπερϐολὴν
2551 3385 2650 3456 τῆς
2694 3385 2868 3454 χαρᾶς
2927 3381 3098 3448 δεῖξαι
3161 3381 3329 3434 θέλων
3382 3380 3480 3432 καὶ⁸
3542 3377 3642 3447 τὴν

2065 3468 2379 3539 περιουσίαν
2409 3469 2507 3539 τῆς
2538 3467 2863 3538 προθυμίας,
2895 3467 2989 3518 καὶ
3019 3464 3285 3535 καύχημα
3316 3463 3378 3516 τὸ
3405 3462 3641 3532 πρᾶγμα

2063 3551 2235 3605 καλεῖ.
2264 3552 2528 3605 Τοσοῦτον
2557 3553 2782 3621 ἀπεῖχεν
2808 3549 3116 3613 ὀδυνᾶσθαι,
3141 3550 3224 3601 ὅτι
3250 3547 3346 3600 καὶ
3369 3546 3642 3614 καυχᾶται

2065 3636 2158 3688 καὶ
2178 3635 2467 3690 ἀποθανεῖν
2504 3637 2738 3706 αἱρεῖται
2778 3633 2996 3704 μᾶλλον,
3026 3633 3058 3701 ἢ
3093 3633 3347 3684 ἐκπεσεῖν
3374 3629 3470 3682 τοῦ
3511 3645 3643 3682 καυ-

2064 3718 2307 3789 χήματος
2333 3718 2542 3772 τούτου.
2571 3717 2727 3771 Οὕτω
2754 3716 2847 3770 καὶ
2874 3716 3018 3787 ζωῆς
3046 3715 3193 3785 αὑτῷ
3219 3711 3554 3784 γλυκύτερον
3574 3707 3644 3781 ἦν

2063 3801 2124 3853 τὸ
2149 3801 2455 3868 γινόμενον.

2138 3885 2202 3955 β’.
2233 3881 2365 3938 Εἶτα
2393 3886 2487 3938 καὶ⁷
2508 3883 2772 3955 ἑτέρωθεν
2818 3884 3037 3955 ἐπαίρει
3087 3883 3238 3950 αὑτὸ,
3263 3882 3360 3937 καὶ
3404 3880 3643 3935 δείκνυσι

2069 3967 2210 4037 μέγα
2225 3966 2302 4032 ὂν,
2321 3968 2418 4037 οὑχ
2435 3967 2520 4020 ἵνα
2539 3966 2728 4020 ἐαυτὸν
2747 3967 2997 4038 λαμπρὸν
3023 3968 3298 4039 ἀποφήνῃ·
3323 3966 3515 4039 πόρρω
3531 3965 3642 4037 γὰρ

2065 4043 2220 4112 οὗτος
2245 4050 2456 4104 ἐκείνου
2487 4049 2582 4104 τοῦ
2617 4050 2855 4114 πάθουςο
2885 4051 2999 4104 ἀλλ’
3028 4051 3116 4105 ἴνα
3151 4050 3302 4124 δείξῃ
3327 4050 3410 4103 ὅτι
3438 4049 3639 4120 χαίρει,

2067 4133 2161 4186 καὶ
2183 4133 2283 4204 τὴν
2306 4133 2540 4203 ὑποψίαν
2565 4135 2628 4188 ἐκ
2655 4134 2970 4206 περιουσίας
2993 4135 3177 4206 ἀνέλῃ.
3209 4134 3308 4187 Διά
3333 4135 3443 4204 γὰρ
3462 4132 3641 4194 τοῦτο,

2066 4215 2142 4279 ὡς
2171 4214 2340 4286 ἔφθην
2364 4216 2553 4280 εἰπὼν,
2585 4219 2680 4272 καὶ
2709 4217 2970 4289 καύχημα
3001 4219 3133 4272 αὑτὸ
3161 4217 3407 4272 ἐκάλεσε.
3439 4218 3548 4270 Καὶ
3587 4215 3644 4268 τί

2067 4315 2261 4369 φησιν;
2325 4300 2466 4354 Ἐὰν
2518 4300 2629 4369 γὰρ
2671 4301 3151 4370 εὐαγγελίζωμαι,
3202 4303 3315 4354 οὐκ
3361 4299 3490 4352 ἔστι
3536 4315 3644 4366 μοι

2070 4383 2384 4450 καύχημα·
2434 4383 2666 4452 ἀνάγκη
2713 4383 2822 4454 γάρ
2865 4403 2969 4454 μοι
3018 4385 3335 4438 ἐπίκειται·
3390 4380 3525 4435 οὐαὶ
3571 4379 3647 4431 δὲ

2065 4467 2168 4534 μοί
2203 4465 2395 4528 ἐστιν,
2445 4465 2554 4518 ἐὰν
2593 4466 2679 4536 μὴ
2713 4466 3209 4536 εὐαγγελίζωμαι]
3237 4469 3303 4520 El
3342 4465 3451 4535 γὰρ
3484 4463 3646 4516 ἑκὼν

2068 4547 2242 4600 τοῦτο
2270 4547 2544 4614 πράσσω,
2575 4550 2801 4618 μισθὸν
2840 4550 2957 4619 ἔχω
2977 4566 2990 4580 ⁸
3023 4551 3074 4603 εἱ
3104 4549 3174 4603 δὲ
3199 4550 3379 4612 ἄκων,
3406 4550 3645 4600 οἱκονοο

2061 4630 2210 4698 μίαν
2247 4631 2666 4701 πεπίστευμαι.
2724 4634 2818 4700 Τίς
2848 4630 2964 4688 οὖν
2995 4635 3099 4702 μοί
3127 4633 3297 4686 ἐστιν
3331 4633 3364 4685 ὁ
3382 4631 3645 4699 μισθός;

2071 4712 2206 4767 Ἵνα
2243 4715 2784 4784 εὐαγγελιζόμενος,
2823 4715 3137 4772 ἀδάπανον
3168 4716 3335 4783 θήσω
3366 4714 3434 4768 τὸ
3464 4716 3644 4783 εὐαγ-

2069 4798 2270 4868 γέλιον
2288 4798 2393 4852 τοῦ
2422 4801 2699 4866 Χριστοῦ,
2725 4803 2813 4866 είς
2842 4802 2909 4853 τὸ
2931 4799 3017 4869 μὴ
3046 4798 3545 4868 καταχρήσασθαι
3567 4796 3645 4866 τῇ

2067 4880 2317 4946 ἐξουσίᾳ
2368 4897 2489 4949 μου
2531 4882 2600 4934 ἐν
2650 4882 2729 4948 τῷ
2787 4885 3139 4952 εὐαγγελίῳ.
3178 4883 3242 4934 Τί
3285 4883 3485 4950 λέγεις,
3519 4882 3642 4933 εἰπέ

2072 4978 2195 5032 μοι;
2245 4963 2340 5016 ἐάν
2378 4964 2722 5037 εὑαγγελίζῃ,
2763 4966 2862 5020 οὑκ
2901 4967 3016 5020 ἐστι
3071 4984 3154 5019 σοι
3198 4965 3483 5036 καύχημα,
3523 4965 3644 5018 ἀλλ’

2069 5047 2165 5099 ἐὰν
2197 5046 2469 5100 ἀδάπανον
2497 5049 2593 5120 θῇς
2632 5051 2692 5102 τὸ
2721 5050 3069 5118 εὑαγγέλιον;
3100 5049 3295 5102 οὑκοῦν
3333 5049 3494 5102 τοῦτο
3529 5050 3648 5118 μεῖ-

2071 5127 2162 5192 ζον
2186 5129 2425 5195 ἐκείνους
2452 5131 2715 5201 Οὑδαμῶς
2735 5149 2749 5164 ο
2779 5133 2894 5187 ἀλλ’
2925 5133 3192 5204 ἑτέρωθεν
3218 5132 3332 5203 ἔχει
3359 5150 3414 5185 τι
3445 5131 3608 5186 πλέον
3629 5150 3643 5162 ·

2069 5211 2149 5265 ὅτι
2176 5212 2237 5265 τὸ
2267 5213 2368 5282 μέν
2405 5216 2550 5267 ἐστιν
2582 5215 2878 5286 ἐπίταγμα,
2910 5217 2972 5269 τὺ
3003 5217 3058 5270 δὲ
3084 5216 3185 5285 τῆς
3212 5216 3354 5286 ἐμῆς
3378 5215 3646 5285 προαιρέ-

2071 5309 2210 5358 σεως
2245 5295 2595 5366 κατόρθωμα.
2660 5298 2725 5350 Ἀ
2772 5299 2870 5369 μὲν
2925 5300 3036 5370 γὰρ
3091 5298 3230 5369 ὑπὲρ
3268 5299 3366 5368 τὴν
3420 5299 3649 5369 ἐντολὴν

2062 5377 2300 5445 γίνεται,
2339 5378 2508 5431 πολὺν
2535 5377 2650 5449 ἔχει
2677 5381 2770 5434 τὸν
2816 5383 3008 5451 μισθὸν
3036 5383 3179 5436 κατά
3203 5380 3366 5434 τοῦτο
3388 5399 3404 5412 ο
3436 5381 3473 5434 ἃ
3500 5382 3557 5435 δὲ
3583 5383 3650 5434 ἐν

2070 5459 2288 5530 ἐντολῆς
2313 5460 2486 5524 τάξει,
2513 5461 2574 5514 οὑ
2619 5463 2890 5518 τοσοῦτον.
2923 5465 3083 5517 ’Ὥστε
3109 5464 3252 5517 κατὰ
3287 5463 3450 5517 τοῦτό
3485 5480 3650 5535 φησι,

2067 5540 2226 5594 τοῦτο
2272 5543 2480 5595 ἐκείνου
2525 5544 2686 5598 πλέον
2741 5543 2898 5611 εἶναι,
2929 5548 2992 5600 οὑ
3021 5549 3139 5600 κατ’
3165 5547 3335 5618 αὑτὴν
3362 5547 3459 5600 τοῦ
3501 5548 3652 5614 πρά-

2069 5640 2278 5692 γματος
2304 5624 2402 5695 τὴν
2451 5625 2632 5696 φύσιν.
2671 5629 2735 5682 Τί
2760 5629 2865 5700 γάρ
2886 5631 2978 5685 τοῦ
3021 5630 3252 5703 κηρῦξαι
3284 5631 3430 5696 ἱσον;
3467 5630 3651 5683 Ἰοῦτο

2071 5709 2179 5777 γὰρ
2226 5708 2320 5766 καὶ
2375 5709 2511 5778 πρὸς
2558 5713 2684 5776 τοὺς
2735 5714 2998 5780 ἀγγέλους
3049 5716 3244 5778 αὑτοὺς
3303 5713 3648 5785 ἁμιλλᾶσθαι
