  <div class='ocr_page' id='page_1' title='image "/cluster/home/n/w/nwhite01/storage/ocr_20150623/61/mdp.39015008622618/189.png"; bbox 0 0 3986 6202; ppageno 0'>
   <div class='ocr_carea' id='block_1_1' title="bbox 336 254 3696 368">
    <p class='ocr_par' dir='ltr' id='par_1_1' title="bbox 336 254 3696 368">
     <span class='ocr_line' id='line_1_1' title="bbox 336 254 3696 368; baseline 0.005 -20"><span class='ocrx_word' id='word_1_1' title='bbox 336 254 339 256; x_wconf 23' lang='grc'><strong>-</strong></span> <span class='ocrx_word' id='word_1_2' title='bbox 400 297 497 352; x_wconf 62' lang='grc'><strong>1113</strong></span> <span class='ocrx_word' id='word_1_3' title='bbox 1143 294 1198 348; x_wconf 82' lang='grc'><strong>5.</strong></span> <span class='ocrx_word' id='word_1_4' title='bbox 1226 292 1501 350; x_wconf 75' lang='lat' dir='ltr'><strong>JOANNlS</strong></span> <span class='ocrx_word' id='word_1_5' title='bbox 1540 288 2002 348; x_wconf 71' lang='lat' dir='ltr'><strong>CHRYSOSTOMI</strong></span> <span class='ocrx_word' id='word_1_6' title='bbox 2045 291 2352 348; x_wconf 74' lang='lat' dir='ltr'><strong>AliClllEP.</strong></span> <span class='ocrx_word' id='word_1_7' title='bbox 2394 295 2922 356; x_wconf 71' lang='lat' dir='ltr'><strong>CONSTANTINOP.</strong></span> <span class='ocrx_word' id='word_1_8' title='bbox 3601 310 3696 368; x_wconf 62' lang='grc'><strong>184</strong></span> 
     </span>
    </p>
   </div>
   <div class='ocr_carea' id='block_1_2' title="bbox 395 407 1988 481">
    <p class='ocr_par' dir='ltr' id='par_1_2' title="bbox 395 407 1988 481">
     <span class='ocr_line' id='line_1_2' title="bbox 395 407 1988 481; baseline -0.003 -15"><span class='ocrx_word' id='word_1_9' title='bbox 395 425 535 467; x_wconf 89' lang='lat' dir='ltr'><strong>nunc</strong></span> <span class='ocrx_word' id='word_1_10' title='bbox 563 411 676 467; x_wconf 77' lang='lat' dir='ltr'><strong>dixi</strong></span> <span class='ocrx_word' id='word_1_11' title='bbox 709 428 722 464; x_wconf 90' lang='lat'><strong>:</strong></span> <span class='ocrx_word' id='word_1_12' title='bbox 749 411 811 467; x_wconf 86' lang='lat' dir='ltr'><strong>Si</strong></span> <span class='ocrx_word' id='word_1_13' title='bbox 832 414 962 466; x_wconf 81' lang='lat' dir='ltr'><strong>enim</strong></span> <span class='ocrx_word' id='word_1_14' title='bbox 988 411 1157 465; x_wconf 85' lang='lat' dir='ltr'><strong>volens</strong></span> <span class='ocrx_word' id='word_1_15' title='bbox 1185 411 1278 464; x_wconf 85' lang='lat' dir='ltr'><strong>hoc</strong></span> <span class='ocrx_word' id='word_1_16' title='bbox 1305 410 1459 481; x_wconf 77' lang='lat' dir='ltr'><strong>facio,</strong></span> <span class='ocrx_word' id='word_1_17' title='bbox 1489 407 1765 462; x_wconf 75' lang='lat' dir='ltr'><strong>mercedem</strong></span> <span class='ocrx_word' id='word_1_18' title='bbox 1792 407 1988 470; x_wconf 83' lang='lat' dir='ltr'><strong><em>habeo;</em></strong></span> 
     </span>
    </p>
   </div>
   <div class='ocr_carea' id='block_1_3' title="bbox 389 499 1991 575">
    <p class='ocr_par' dir='ltr' id='par_1_3' title="bbox 389 499 1991 575">
     <span class='ocr_line' id='line_1_3' title="bbox 389 499 1991 575; baseline -0.001 -19"><span class='ocrx_word' id='word_1_19' title='bbox 389 521 430 556; x_wconf 83' lang='lat' dir='ltr'><strong>st</strong></span> <span class='ocrx_word' id='word_1_20' title='bbox 467 513 634 558; x_wconf 83' lang='lat' dir='ltr'><strong>autem</strong></span> <span class='ocrx_word' id='word_1_21' title='bbox 661 505 866 568; x_wconf 86' lang='lat' dir='ltr'><strong>invitus,</strong></span> <span class='ocrx_word' id='word_1_22' title='bbox 896 503 1206 575; x_wconf 86' lang='lat' dir='ltr'><strong>dispensatio</strong></span> <span class='ocrx_word' id='word_1_23' title='bbox 1231 503 1357 556; x_wconf 86' lang='lat' dir='ltr'><strong>mihi</strong></span> <span class='ocrx_word' id='word_1_24' title='bbox 1383 504 1568 556; x_wconf 89' lang='lat' dir='ltr'><strong>tradita</strong></span> <span class='ocrx_word' id='word_1_25' title='bbox 1591 510 1660 556; x_wconf 84' lang='lat' dir='ltr'><strong>est</strong></span> <span class='ocrx_word' id='word_1_26' title='bbox 1685 517 1704 555; x_wconf 90' lang='lat'><strong><em>:</em></strong></span> <span class='ocrx_word' id='word_1_27' title='bbox 1735 501 1861 555; x_wconf 88' lang='lat' dir='ltr'><strong>illud</strong></span> <span class='ocrx_word' id='word_1_28' title='bbox 1889 499 1991 555; x_wconf 82' lang='lat' dir='ltr'><strong>Vo-</strong></span> 
     </span>
    </p>
   </div>
   <div class='ocr_carea' id='block_1_4' title="bbox 391 592 1987 664">
    <p class='ocr_par' dir='ltr' id='par_1_4' title="bbox 391 592 1987 664">
     <span class='ocr_line' id='line_1_4' title="bbox 391 592 1987 664; baseline 0 -18"><span class='ocrx_word' id='word_1_29' title='bbox 391 600 497 650; x_wconf 78' lang='lat' dir='ltr'><strong>tens</strong></span> <span class='ocrx_word' id='word_1_30' title='bbox 553 604 609 651; x_wconf 90' lang='lat' dir='ltr'><strong>et</strong></span> <span class='ocrx_word' id='word_1_31' title='bbox 649 594 846 649; x_wconf 82' lang='lat' dir='ltr'><strong>Invitus</strong></span> <span class='ocrx_word' id='word_1_32' title='bbox 895 594 1186 664; x_wconf 90' lang='lat' dir='ltr'><strong>accipiens.</strong></span> <span class='ocrx_word' id='word_1_33' title='bbox 1219 609 1316 664; x_wconf 89' lang='lat' dir='ltr'><strong>pro</strong></span> <span class='ocrx_word' id='word_1_34' title='bbox 1345 610 1410 649; x_wconf 91' lang='lat' dir='ltr'><strong>eo</strong></span> <span class='ocrx_word' id='word_1_35' title='bbox 1447 595 1590 663; x_wconf 91' lang='lat' dir='ltr'><strong>quod</strong></span> <span class='ocrx_word' id='word_1_36' title='bbox 1623 592 1987 647; x_wconf 71' lang='lat' dir='ltr'><strong>concreditum</strong></span> 
     </span>
    </p>
   </div>
   <div class='ocr_carea' id='block_1_5' title="bbox 390 684 1990 751">
    <p class='ocr_par' dir='ltr' id='par_1_5' title="bbox 390 684 1990 751">
     <span class='ocr_line' id='line_1_5' title="bbox 390 684 1990 751; baseline 0.001 -14"><span class='ocrx_word' id='word_1_37' title='bbox 390 687 472 741; x_wconf 85' lang='lat' dir='ltr'><strong>vel</strong></span> <span class='ocrx_word' id='word_1_38' title='bbox 510 704 616 742; x_wconf 89' lang='lat' dir='ltr'><strong>non</strong></span> <span class='ocrx_word' id='word_1_39' title='bbox 643 687 1010 742; x_wconf 86' lang='lat' dir='ltr'><strong>concreditum</strong></span> <span class='ocrx_word' id='word_1_40' title='bbox 1043 699 1144 742; x_wconf 91' lang='lat' dir='ltr'><strong>est.</strong></span> <span class='ocrx_word' id='word_1_41' title='bbox 1179 687 1266 742; x_wconf 90' lang='lat' dir='ltr'><strong>Sic</strong></span> <span class='ocrx_word' id='word_1_42' title='bbox 1297 688 1460 742; x_wconf 87' lang='lat' dir='ltr'><strong>etiam</strong></span> <span class='ocrx_word' id='word_1_43' title='bbox 1498 687 1651 751; x_wconf 89' lang='lat' dir='ltr'><strong>illud,</strong></span> <span class='ocrx_word' id='word_1_44' title='bbox 1694 684 1990 740; x_wconf 77' lang='lat' dir='ltr'><strong>Necessitas</strong></span> 
     </span>
    </p>
   </div>
   <div class='ocr_carea' id='block_1_6' title="bbox 393 775 1988 849">
    <p class='ocr_par' dir='ltr' id='par_1_6' title="bbox 393 775 1988 849">
     <span class='ocr_line' id='line_1_6' title="bbox 393 775 1988 849; baseline -0.001 -18"><span class='ocrx_word' id='word_1_45' title='bbox 393 777 521 831; x_wconf 81' lang='lat' dir='ltr'><strong>mihi</strong></span> <span class='ocrx_word' id='word_1_46' title='bbox 557 779 824 843; x_wconf 76' lang='lat' dir='ltr'><strong>incumbit,</strong></span> <span class='ocrx_word' id='word_1_47' title='bbox 880 778 1285 849; x_wconf 88' lang='lat' dir='ltr'><strong>intelligendum</strong></span> <span class='ocrx_word' id='word_1_48' title='bbox 1335 787 1437 842; x_wconf 87' lang='lat' dir='ltr'><strong>est,</strong></span> <span class='ocrx_word' id='word_1_49' title='bbox 1473 793 1577 832; x_wconf 90' lang='lat' dir='ltr'><strong>non</strong></span> <span class='ocrx_word' id='word_1_50' title='bbox 1617 777 1758 847; x_wconf 90' lang='lat' dir='ltr'><strong>quod</strong></span> <span class='ocrx_word' id='word_1_51' title='bbox 1790 775 1988 846; x_wconf 90' lang='lat' dir='ltr'><strong>aliquid</strong></span> 
     </span>
    </p>
   </div>
   <div class='ocr_carea' id='block_1_7' title="bbox 396 865 1988 938">
    <p class='ocr_par' dir='ltr' id='par_1_7' title="bbox 396 865 1988 938">
     <span class='ocr_line' id='line_1_7' title="bbox 396 865 1988 938; baseline 0 -20"><span class='ocrx_word' id='word_1_52' title='bbox 396 867 588 921; x_wconf 87' lang='lat' dir='ltr'><strong>horum</strong></span> <span class='ocrx_word' id='word_1_53' title='bbox 620 867 819 921; x_wconf 87' lang='lat' dir='ltr'><strong>invitus</strong></span> <span class='ocrx_word' id='word_1_54' title='bbox 847 865 1047 934; x_wconf 81' lang='lat' dir='ltr'><strong>faciat,</strong></span> <span class='ocrx_word' id='word_1_55' title='bbox 1077 869 1220 922; x_wconf 85' lang='lat' dir='ltr'><strong>absit</strong></span> <span class='ocrx_word' id='word_1_56' title='bbox 1245 886 1258 932; x_wconf 87' lang='lat'><strong>;</strong></span> <span class='ocrx_word' id='word_1_57' title='bbox 1292 867 1387 922; x_wconf 93' lang='lat' dir='ltr'><strong>sed</strong></span> <span class='ocrx_word' id='word_1_58' title='bbox 1423 878 1477 921; x_wconf 93' lang='lat' dir='ltr'><strong>ut</strong></span> <span class='ocrx_word' id='word_1_59' title='bbox 1506 869 1596 938; x_wconf 85' lang='lat' dir='ltr'><strong>qui</strong></span> <span class='ocrx_word' id='word_1_60' title='bbox 1627 868 1695 921; x_wconf 90' lang='lat' dir='ltr'><strong>sit</strong></span> <span class='ocrx_word' id='word_1_61' title='bbox 1725 865 1988 919; x_wconf 85' lang='lat' dir='ltr'><strong>obnoxius</strong></span> 
     </span>
    </p>
   </div>
   <div class='ocr_carea' id='block_1_8' title="bbox 395 957 1974 1030">
    <p class='ocr_par' dir='ltr' id='par_1_8' title="bbox 395 957 1974 1030">
     <span class='ocr_line' id='line_1_8' title="bbox 395 957 1974 1030; baseline -0.001 -20"><span class='ocrx_word' id='word_1_62' title='bbox 395 959 458 1012; x_wconf 86' lang='lat' dir='ltr'><strong>iis</strong></span> <span class='ocrx_word' id='word_1_63' title='bbox 491 974 609 1030; x_wconf 67' lang='lat' dir='ltr'><strong>qua:</strong></span> <span class='ocrx_word' id='word_1_64' title='bbox 651 957 798 1029; x_wconf 88' lang='lat' dir='ltr'><strong>jussa</strong></span> <span class='ocrx_word' id='word_1_65' title='bbox 841 972 962 1013; x_wconf 87' lang='lat' dir='ltr'><strong>sunt</strong></span> <span class='ocrx_word' id='word_1_66' title='bbox 989 1001 1002 1024; x_wconf 91' lang='lat'><strong>,</strong></span> <span class='ocrx_word' id='word_1_67' title='bbox 1045 968 1100 1013; x_wconf 91' lang='lat' dir='ltr'><strong>et</strong></span> <span class='ocrx_word' id='word_1_68' title='bbox 1142 959 1210 1014; x_wconf 91' lang='lat' dir='ltr'><strong>ad</strong></span> <span class='ocrx_word' id='word_1_69' title='bbox 1260 959 1658 1017; x_wconf 71' lang='lat' dir='ltr'><strong>distinctionem</strong></span> <span class='ocrx_word' id='word_1_70' title='bbox 1711 957 1974 1013; x_wconf 76' lang='lat' dir='ltr'><strong>libertatis</strong></span> 
     </span>
    </p>
   </div>
   <div class='ocr_carea' id='block_1_9' title="bbox 394 1046 1987 1120">
    <p class='ocr_par' dir='ltr' id='par_1_9' title="bbox 394 1046 1987 1120">
     <span class='ocr_line' id='line_1_9' title="bbox 394 1046 1987 1120; baseline 0 -19"><span class='ocrx_word' id='word_1_71' title='bbox 394 1067 512 1120; x_wconf 76' lang='lat' dir='ltr'><strong>qua:</strong></span> <span class='ocrx_word' id='word_1_72' title='bbox 543 1051 682 1105; x_wconf 89' lang='lat' dir='ltr'><strong>dicta</strong></span> <span class='ocrx_word' id='word_1_73' title='bbox 714 1061 798 1106; x_wconf 90' lang='lat' dir='ltr'><strong>est</strong></span> <span class='ocrx_word' id='word_1_74' title='bbox 822 1052 872 1105; x_wconf 92' lang='lat' dir='ltr'><strong>in</strong></span> <span class='ocrx_word' id='word_1_75' title='bbox 902 1051 1239 1120; x_wconf 86' lang='lat' dir='ltr'><strong>accipiendo.</strong></span> <span class='ocrx_word' id='word_1_76' title='bbox 1272 1051 1500 1120; x_wconf 86' lang='lat' dir='ltr'><strong>Ideoque</strong></span> <span class='ocrx_word' id='word_1_77' title='bbox 1527 1048 1808 1119; x_wconf 85' lang='lat' dir='ltr'><strong>discipulis</strong></span> <span class='ocrx_word' id='word_1_78' title='bbox 1838 1046 1987 1102; x_wconf 91' lang='lat' dir='ltr'><strong>dice-</strong></span> 
     </span>
    </p>
   </div>
   <div class='ocr_carea' id='block_1_10' title="bbox 395 1139 1989 1213">
    <p class='ocr_par' dir='ltr' id='par_1_10' title="bbox 395 1139 1989 1213">
     <span class='ocr_line' id='line_1_10' title="bbox 395 1139 1989 1213; baseline -0.003 -18"><span class='ocrx_word' id='word_1_79' title='bbox 395 1143 484 1195; x_wconf 79' lang='lat' dir='ltr'><strong>bat</strong></span> <span class='ocrx_word' id='word_1_80' title='bbox 508 1139 753 1196; x_wconf 83' lang='lat' dir='ltr'><strong>Christus</strong></span> <span class='ocrx_word' id='word_1_81' title='bbox 786 1160 796 1194; x_wconf 94' lang='lat'>:</span> <span class='ocrx_word' id='word_1_82' title='bbox 836 1142 960 1194; x_wconf 80' lang='lat' dir='ltr'><strong>Cum</strong></span> <span class='ocrx_word' id='word_1_83' title='bbox 993 1143 1163 1196; x_wconf 89' lang='lat' dir='ltr'><strong>omnia</strong></span> <span class='ocrx_word' id='word_1_84' title='bbox 1192 1143 1432 1213; x_wconf 79' lang='lat' dir='ltr'><strong>feceritis,</strong></span> <span class='ocrx_word' id='word_1_85' title='bbox 1465 1142 1636 1206; x_wconf 78' lang='lat' dir='ltr'><strong>dicite,</strong></span> <span class='ocrx_word' id='word_1_86' title='bbox 1680 1139 1826 1195; x_wconf 82' lang='lat' dir='ltr'><strong>Servi</strong></span> <span class='ocrx_word' id='word_1_87' title='bbox 1875 1139 1989 1191; x_wconf 87' lang='lat' dir='ltr'><strong>inu-</strong></span> 
     </span>
    </p>
   </div>
   <div class='ocr_carea' id='block_1_11' title="bbox 395 1232 1984 1306">
    <p class='ocr_par' dir='ltr' id='par_1_11' title="bbox 395 1232 1984 1306">
     <span class='ocr_line' id='line_1_11' title="bbox 395 1232 1984 1306; baseline -0.003 -17"><span class='ocrx_word' id='word_1_88' title='bbox 395 1237 505 1290; x_wconf 85' lang='lat' dir='ltr'><strong>tiles</strong></span> <span class='ocrx_word' id='word_1_89' title='bbox 531 1255 738 1300; x_wconf 89' lang='lat' dir='ltr'><strong>sumus;</strong></span> <span class='ocrx_word' id='word_1_90' title='bbox 764 1253 875 1306; x_wconf 77' lang='lat' dir='ltr'><strong>qua?</strong></span> <span class='ocrx_word' id='word_1_91' title='bbox 902 1237 1035 1290; x_wconf 87' lang='lat' dir='ltr'><strong>enim</strong></span> <span class='ocrx_word' id='word_1_92' title='bbox 1061 1237 1320 1289; x_wconf 80' lang='lat' dir='ltr'><strong>debuimus</strong></span> <span class='ocrx_word' id='word_1_93' title='bbox 1347 1240 1538 1306; x_wconf 81' lang='lat' dir='ltr'><strong>facere,</strong></span> <span class='ocrx_word' id='word_1_94' title='bbox 1575 1235 1786 1306; x_wconf 80' lang='lat' dir='ltr'><strong>fecimus</strong></span> <span class='ocrx_word' id='word_1_95' title='bbox 1831 1232 1984 1304; x_wconf 87' lang='lat' dir='ltr'><strong>(Luc.</strong></span> 
     </span>
    </p>
   </div>
   <div class='ocr_carea' id='block_1_12' title="bbox 397 1325 1988 1398">
    <p class='ocr_par' dir='ltr' id='par_1_12' title="bbox 397 1325 1988 1398">
     <span class='ocr_line' id='line_1_12' title="bbox 397 1325 1988 1398; baseline -0.004 -16"><span class='ocrx_word' id='word_1_96' title='bbox 397 1330 486 1383; x_wconf 82' lang='grc'><strong>17.</strong></span> <span class='ocrx_word' id='word_1_97' title='bbox 522 1329 633 1398; x_wconf 83' lang='grc'><strong>10).</strong></span> <span class='ocrx_word' id='word_1_98' title='bbox 675 1329 804 1396; x_wconf 65' lang='lat' dir='ltr'><strong>Quae</strong></span> <span class='ocrx_word' id='word_1_99' title='bbox 846 1338 923 1384; x_wconf 88' lang='lat' dir='ltr'><strong>est</strong></span> <span class='ocrx_word' id='word_1_100' title='bbox 961 1344 1088 1398; x_wconf 85' lang='lat' dir='ltr'><strong>ergo</strong></span> <span class='ocrx_word' id='word_1_101' title='bbox 1120 1342 1330 1383; x_wconf 86' lang='lat' dir='ltr'><strong>merces</strong></span> <span class='ocrx_word' id='word_1_102' title='bbox 1357 1327 1514 1383; x_wconf 87' lang='lat' dir='ltr'><strong>mea?</strong></span> <span class='ocrx_word' id='word_1_103' title='bbox 1564 1325 1630 1381; x_wconf 92' lang='lat' dir='ltr'><strong>Ut</strong></span> <span class='ocrx_word' id='word_1_104' title='bbox 1675 1325 1988 1396; x_wconf 83' lang='lat' dir='ltr'><strong>evangelium</strong></span> 
     </span>
    </p>
   </div>
   <div class='ocr_carea' id='block_1_13' title="bbox 396 1417 1985 1490">
    <p class='ocr_par' dir='ltr' id='par_1_13' title="bbox 396 1417 1985 1490">
     <span class='ocr_line' id='line_1_13' title="bbox 396 1417 1985 1490; baseline -0.004 -16"><span class='ocrx_word' id='word_1_105' title='bbox 396 1420 682 1490; x_wconf 80' lang='lat' dir='ltr'><strong>prtedicans</strong></span> <span class='ocrx_word' id='word_1_106' title='bbox 712 1421 823 1474; x_wconf 87' lang='lat' dir='ltr'><strong>sine</strong></span> <span class='ocrx_word' id='word_1_107' title='bbox 851 1431 1059 1490; x_wconf 79' lang='lat' dir='ltr'><strong>sumptu</strong></span> <span class='ocrx_word' id='word_1_108' title='bbox 1088 1436 1274 1488; x_wconf 84' lang='lat' dir='ltr'><strong>ponam</strong></span> <span class='ocrx_word' id='word_1_109' title='bbox 1297 1420 1632 1490; x_wconf 82' lang='lat' dir='ltr'><strong>evangelium.</strong></span> <span class='ocrx_word' id='word_1_110' title='bbox 1671 1417 1806 1485; x_wconf 87' lang='lat' dir='ltr'><strong>Quid</strong></span> <span class='ocrx_word' id='word_1_111' title='bbox 1835 1431 1985 1486; x_wconf 87' lang='lat' dir='ltr'><strong>ergo,</strong></span> 
     </span>
    </p>
   </div>
   <div class='ocr_carea' id='block_1_14' title="bbox 395 1508 1988 1580">
    <p class='ocr_par' dir='ltr' id='par_1_14' title="bbox 395 1508 1988 1580">
     <span class='ocr_line' id='line_1_14' title="bbox 395 1508 1988 1580; baseline -0.002 -19"><span class='ocrx_word' id='word_1_112' title='bbox 395 1527 582 1580; x_wconf 60' lang='lat' dir='ltr'><strong>quaeso</strong></span> <span class='ocrx_word' id='word_1_113' title='bbox 614 1520 686 1578; x_wconf 91' lang='lat' dir='ltr'><strong>te,</strong></span> <span class='ocrx_word' id='word_1_114' title='bbox 721 1512 909 1566; x_wconf 88' lang='lat' dir='ltr'><strong>Petrus</strong></span> <span class='ocrx_word' id='word_1_115' title='bbox 942 1511 1250 1565; x_wconf 84' lang='lat' dir='ltr'><strong>mercedem</strong></span> <span class='ocrx_word' id='word_1_116' title='bbox 1297 1526 1400 1564; x_wconf 91' lang='lat' dir='ltr'><strong>non</strong></span> <span class='ocrx_word' id='word_1_117' title='bbox 1432 1508 1629 1565; x_wconf 84' lang='lat' dir='ltr'><strong>habet?</strong></span> <span class='ocrx_word' id='word_1_118' title='bbox 1655 1518 1708 1562; x_wconf 88' lang='lat' dir='ltr'><strong>et</strong></span> <span class='ocrx_word' id='word_1_119' title='bbox 1731 1508 1850 1577; x_wconf 84' lang='lat' dir='ltr'><strong>quis</strong></span> <span class='ocrx_word' id='word_1_120' title='bbox 1872 1523 1988 1560; x_wconf 89' lang='lat' dir='ltr'><strong>mn-</strong></span> 
     </span>
    </p>
   </div>
   <div class='ocr_carea' id='block_1_15' title="bbox 395 1598 1990 1672">
    <p class='ocr_par' dir='ltr' id='par_1_15' title="bbox 395 1598 1990 1672">
     <span class='ocr_line' id='line_1_15' title="bbox 395 1598 1990 1672; baseline -0.003 -17"><span class='ocrx_word' id='word_1_121' title='bbox 395 1618 553 1670; x_wconf 94' lang='lat' dir='ltr'><strong>quam</strong></span> <span class='ocrx_word' id='word_1_122' title='bbox 583 1612 782 1656; x_wconf 84' lang='lat' dir='ltr'><strong>tantam</strong></span> <span class='ocrx_word' id='word_1_123' title='bbox 815 1603 1081 1665; x_wconf 80' lang='lat' dir='ltr'><strong>habuerit,</strong></span> <span class='ocrx_word' id='word_1_124' title='bbox 1111 1612 1365 1672; x_wconf 89' lang='lat' dir='ltr'><strong>quantam</strong></span> <span class='ocrx_word' id='word_1_125' title='bbox 1391 1600 1520 1656; x_wconf 85' lang='lat' dir='ltr'><strong>ille?</strong></span> <span class='ocrx_word' id='word_1_126' title='bbox 1542 1600 1670 1672; x_wconf 93' lang='lat' dir='ltr'><strong>quid</strong></span> <span class='ocrx_word' id='word_1_127' title='bbox 1701 1614 1829 1653; x_wconf 86' lang='lat' dir='ltr'><strong>vero</strong></span> <span class='ocrx_word' id='word_1_128' title='bbox 1859 1598 1990 1652; x_wconf 81' lang='lat' dir='ltr'><strong>reli-</strong></span> 
     </span>
    </p>
   </div>
   <div class='ocr_carea' id='block_1_16' title="bbox 395 1690 1986 1764">
    <p class='ocr_par' dir='ltr' id='par_1_16' title="bbox 395 1690 1986 1764">
     <span class='ocr_line' id='line_1_16' title="bbox 395 1690 1986 1764; baseline -0.003 -18"><span class='ocrx_word' id='word_1_129' title='bbox 395 1693 483 1761; x_wconf 90' lang='lat' dir='ltr'><strong>qui</strong></span> <span class='ocrx_word' id='word_1_130' title='bbox 508 1693 778 1762; x_wconf 82' lang='lat' dir='ltr'><strong>apostoli?</strong></span> <span class='ocrx_word' id='word_1_131' title='bbox 809 1694 1079 1763; x_wconf 87' lang='lat' dir='ltr'><strong>quomodo</strong></span> <span class='ocrx_word' id='word_1_132' title='bbox 1106 1709 1234 1764; x_wconf 84' lang='lat' dir='ltr'><strong>ergo</strong></span> <span class='ocrx_word' id='word_1_133' title='bbox 1263 1693 1394 1746; x_wconf 79' lang='lat' dir='ltr'><strong>dixit</strong></span> <span class='ocrx_word' id='word_1_134' title='bbox 1425 1711 1437 1746; x_wconf 90' lang='lat'>:</span> <span class='ocrx_word' id='word_1_135' title='bbox 1476 1692 1537 1746; x_wconf 89' lang='lat' dir='ltr'><strong>Si</strong></span> <span class='ocrx_word' id='word_1_136' title='bbox 1575 1691 1745 1745; x_wconf 86' lang='lat' dir='ltr'><strong>volens</strong></span> <span class='ocrx_word' id='word_1_137' title='bbox 1784 1690 1986 1761; x_wconf 85' lang='lat' dir='ltr'><strong>quidem</strong></span> 
     </span>
    </p>
   </div>
   <div class='ocr_carea' id='block_1_17' title="bbox 395 1781 1988 1854">
    <p class='ocr_par' dir='ltr' id='par_1_17' title="bbox 395 1781 1988 1854">
     <span class='ocr_line' id='line_1_17' title="bbox 395 1781 1988 1854; baseline -0.002 -18"><span class='ocrx_word' id='word_1_138' title='bbox 395 1785 490 1836; x_wconf 87' lang='lat' dir='ltr'><strong>hoc</strong></span> <span class='ocrx_word' id='word_1_139' title='bbox 513 1800 632 1854; x_wconf 90' lang='lat' dir='ltr'><strong>ago,</strong></span> <span class='ocrx_word' id='word_1_140' title='bbox 655 1785 934 1838; x_wconf 84' lang='lat' dir='ltr'><strong>mercedem</strong></span> <span class='ocrx_word' id='word_1_141' title='bbox 965 1784 1161 1849; x_wconf 84' lang='lat' dir='ltr'><strong>habeo;</strong></span> <span class='ocrx_word' id='word_1_142' title='bbox 1193 1785 1236 1837; x_wconf 90' lang='lat' dir='ltr'><strong>si</strong></span> <span class='ocrx_word' id='word_1_143' title='bbox 1263 1784 1467 1847; x_wconf 86' lang='lat' dir='ltr'><strong>invitus,</strong></span> <span class='ocrx_word' id='word_1_144' title='bbox 1508 1783 1818 1852; x_wconf 83' lang='lat' dir='ltr'><strong>dispensatio</strong></span> <span class='ocrx_word' id='word_1_145' title='bbox 1865 1781 1988 1833; x_wconf 87' lang='lat' dir='ltr'><strong>mihi</strong></span> 
     </span>
    </p>
   </div>
   <div class='ocr_carea' id='block_1_18' title="bbox 393 1874 1985 1947">
    <p class='ocr_par' dir='ltr' id='par_1_18' title="bbox 393 1874 1985 1947">
     <span class='ocr_line' id='line_1_18' title="bbox 393 1874 1985 1947; baseline 0 -19"><span class='ocrx_word' id='word_1_146' title='bbox 393 1877 585 1929; x_wconf 85' lang='lat' dir='ltr'><strong>credita</strong></span> <span class='ocrx_word' id='word_1_147' title='bbox 619 1877 724 1932; x_wconf 78' lang='lat' dir='ltr'><strong>est?</strong></span> <span class='ocrx_word' id='word_1_148' title='bbox 769 1875 931 1932; x_wconf 85' lang='lat' dir='ltr'><strong>Vides</strong></span> <span class='ocrx_word' id='word_1_149' title='bbox 975 1877 1060 1931; x_wconf 89' lang='lat' dir='ltr'><strong>hic</strong></span> <span class='ocrx_word' id='word_1_150' title='bbox 1101 1893 1314 1947; x_wconf 84' lang='lat' dir='ltr'><strong>quoque</strong></span> <span class='ocrx_word' id='word_1_151' title='bbox 1370 1875 1751 1946; x_wconf 85' lang='lat' dir='ltr'><strong>prudentiam?</strong></span> <span class='ocrx_word' id='word_1_152' title='bbox 1802 1874 1985 1942; x_wconf 88' lang='lat' dir='ltr'><strong>Neque</strong></span> 
     </span>
    </p>
   </div>
   <div class='ocr_carea' id='block_1_19' title="bbox 394 1965 1984 2034">
    <p class='ocr_par' dir='ltr' id='par_1_19' title="bbox 394 1965 1984 2034">
     <span class='ocr_line' id='line_1_19' title="bbox 394 1965 1984 2034; baseline -0.003 -12"><span class='ocrx_word' id='word_1_153' title='bbox 394 1968 536 2022; x_wconf 90' lang='lat' dir='ltr'><strong>enim</strong></span> <span class='ocrx_word' id='word_1_154' title='bbox 564 1967 717 2034; x_wconf 80' lang='lat' dir='ltr'><strong>dixit,</strong></span> <span class='ocrx_word' id='word_1_155' title='bbox 753 1967 810 2024; x_wconf 89' lang='lat' dir='ltr'><strong>Si</strong></span> <span class='ocrx_word' id='word_1_156' title='bbox 837 1979 1014 2024; x_wconf 87' lang='lat' dir='ltr'><strong>autem</strong></span> <span class='ocrx_word' id='word_1_157' title='bbox 1047 1970 1267 2034; x_wconf 91' lang='lat' dir='ltr'><strong>invitus,</strong></span> <span class='ocrx_word' id='word_1_158' title='bbox 1303 1984 1408 2023; x_wconf 92' lang='lat' dir='ltr'><strong>non</strong></span> <span class='ocrx_word' id='word_1_159' title='bbox 1439 1966 1614 2022; x_wconf 87' lang='lat' dir='ltr'><strong>habeo</strong></span> <span class='ocrx_word' id='word_1_160' title='bbox 1645 1965 1984 2030; x_wconf 89' lang='lat' dir='ltr'><strong>mercedem;</strong></span> 
     </span>
    </p>
   </div>
   <div class='ocr_carea' id='block_1_20' title="bbox 395 2057 1986 2132">
    <p class='ocr_par' dir='ltr' id='par_1_20' title="bbox 395 2057 1986 2132">
     <span class='ocr_line' id='line_1_20' title="bbox 395 2057 1986 2132; baseline -0.002 -18"><span class='ocrx_word' id='word_1_161' title='bbox 395 2061 524 2126; x_wconf 86' lang='lat' dir='ltr'><strong>sed,</strong></span> <span class='ocrx_word' id='word_1_162' title='bbox 577 2060 903 2132; x_wconf 86' lang='lat' dir='ltr'><strong>Dispensatio</strong></span> <span class='ocrx_word' id='word_1_163' title='bbox 948 2064 1074 2116; x_wconf 86' lang='lat' dir='ltr'><strong>mihi</strong></span> <span class='ocrx_word' id='word_1_164' title='bbox 1118 2063 1312 2116; x_wconf 87' lang='lat' dir='ltr'><strong>credita</strong></span> <span class='ocrx_word' id='word_1_165' title='bbox 1349 2071 1463 2126; x_wconf 87' lang='lat' dir='ltr'><strong>est;</strong></span> <span class='ocrx_word' id='word_1_166' title='bbox 1500 2060 1792 2115; x_wconf 86' lang='lat' dir='ltr'><strong>ostendens</strong></span> <span class='ocrx_word' id='word_1_167' title='bbox 1822 2073 1881 2114; x_wconf 91' lang='lat' dir='ltr'><strong>se</strong></span> <span class='ocrx_word' id='word_1_168' title='bbox 1909 2057 1986 2112; x_wconf 89' lang='lat' dir='ltr'><strong>sic</strong></span> 
     </span>
    </p>
   </div>
   <div class='ocr_carea' id='block_1_21' title="bbox 394 2149 1983 2222">
    <p class='ocr_par' dir='ltr' id='par_1_21' title="bbox 394 2149 1983 2222">
     <span class='ocr_line' id='line_1_21' title="bbox 394 2149 1983 2222; baseline -0.003 -17"><span class='ocrx_word' id='word_1_169' title='bbox 394 2168 605 2221; x_wconf 89' lang='lat' dir='ltr'><strong>quoque</strong></span> <span class='ocrx_word' id='word_1_170' title='bbox 638 2153 943 2208; x_wconf 85' lang='lat' dir='ltr'><strong>mercedem</strong></span> <span class='ocrx_word' id='word_1_171' title='bbox 974 2153 1193 2215; x_wconf 87' lang='lat' dir='ltr'><strong>habere,</strong></span> <span class='ocrx_word' id='word_1_172' title='bbox 1225 2152 1320 2207; x_wconf 91' lang='lat' dir='ltr'><strong>sed</strong></span> <span class='ocrx_word' id='word_1_173' title='bbox 1350 2152 1529 2215; x_wconf 82' lang='lat' dir='ltr'><strong>talem,</strong></span> <span class='ocrx_word' id='word_1_174' title='bbox 1555 2151 1765 2222; x_wconf 86' lang='lat' dir='ltr'><strong>qualem</strong></span> <span class='ocrx_word' id='word_1_175' title='bbox 1799 2149 1864 2214; x_wconf 88' lang='lat' dir='ltr'><strong>is,</strong></span> <span class='ocrx_word' id='word_1_176' title='bbox 1894 2150 1983 2218; x_wconf 90' lang='lat' dir='ltr'><strong>qui</strong></span> 
     </span>
    </p>
   </div>
   <div class='ocr_carea' id='block_1_22' title="bbox 393 2243 1984 2315">
    <p class='ocr_par' dir='ltr' id='par_1_22' title="bbox 393 2243 1984 2315">
     <span class='ocr_line' id='line_1_22' title="bbox 393 2243 1984 2315; baseline 0 -18"><span class='ocrx_word' id='word_1_177' title='bbox 393 2245 535 2314; x_wconf 89' lang='lat' dir='ltr'><strong>quod</strong></span> <span class='ocrx_word' id='word_1_178' title='bbox 551 2244 761 2314; x_wconf 88' lang='lat' dir='ltr'><strong>jussum</strong></span> <span class='ocrx_word' id='word_1_179' title='bbox 790 2256 906 2300; x_wconf 89' lang='lat' dir='ltr'><strong>erat</strong></span> <span class='ocrx_word' id='word_1_180' title='bbox 934 2255 1260 2315; x_wconf 75' lang='lat' dir='ltr'><strong>exsequutus</strong></span> <span class='ocrx_word' id='word_1_181' title='bbox 1284 2253 1399 2309; x_wconf 90' lang='lat' dir='ltr'><strong>est;</strong></span> <span class='ocrx_word' id='word_1_182' title='bbox 1429 2258 1535 2298; x_wconf 92' lang='lat' dir='ltr'><strong>non</strong></span> <span class='ocrx_word' id='word_1_183' title='bbox 1561 2243 1774 2315; x_wconf 87' lang='lat' dir='ltr'><strong>qualem</strong></span> <span class='ocrx_word' id='word_1_184' title='bbox 1805 2243 1868 2304; x_wconf 86' lang='lat' dir='ltr'><strong>is,</strong></span> <span class='ocrx_word' id='word_1_185' title='bbox 1894 2243 1984 2313; x_wconf 91' lang='lat' dir='ltr'><strong>qui</strong></span> 
     </span>
    </p>
   </div>
   <div class='ocr_carea' id='block_1_23' title="bbox 397 2334 1987 2405">
    <p class='ocr_par' dir='ltr' id='par_1_23' title="bbox 397 2334 1987 2405">
     <span class='ocr_line' id='line_1_23' title="bbox 397 2334 1987 2405; baseline -0.001 -16"><span class='ocrx_word' id='word_1_186' title='bbox 397 2351 463 2389; x_wconf 79' lang='lat' dir='ltr'><strong>ex</strong></span> <span class='ocrx_word' id='word_1_187' title='bbox 507 2344 653 2390; x_wconf 91' lang='lat' dir='ltr'><strong>metu</strong></span> <span class='ocrx_word' id='word_1_188' title='bbox 707 2350 807 2390; x_wconf 90' lang='lat' dir='ltr'><strong>suo</strong></span> <span class='ocrx_word' id='word_1_189' title='bbox 850 2335 1102 2390; x_wconf 82' lang='lat' dir='ltr'><strong>alacriter</strong></span> <span class='ocrx_word' id='word_1_190' title='bbox 1129 2347 1453 2405; x_wconf 76' lang='lat' dir='ltr'><strong>praeceptum</strong></span> <span class='ocrx_word' id='word_1_191' title='bbox 1484 2337 1781 2404; x_wconf 85' lang='lat' dir='ltr'><strong>superavit.</strong></span> <span class='ocrx_word' id='word_1_192' title='bbox 1829 2334 1987 2402; x_wconf 42' lang='lat' dir='ltr'><strong>Quar-</strong></span> 
     </span>
    </p>
   </div>
   <div class='ocr_carea' id='block_1_24' title="bbox 396 2426 1986 2498">
    <p class='ocr_par' dir='ltr' id='par_1_24' title="bbox 396 2426 1986 2498">
     <span class='ocr_line' id='line_1_24' title="bbox 396 2426 1986 2498; baseline -0.001 -17"><span class='ocrx_word' id='word_1_193' title='bbox 396 2442 517 2481; x_wconf 86' lang='lat' dir='ltr'><strong>nam</strong></span> <span class='ocrx_word' id='word_1_194' title='bbox 549 2443 678 2497; x_wconf 90' lang='lat' dir='ltr'><strong>ergo</strong></span> <span class='ocrx_word' id='word_1_195' title='bbox 707 2443 915 2483; x_wconf 88' lang='lat' dir='ltr'><strong>merces</strong></span> <span class='ocrx_word' id='word_1_196' title='bbox 941 2429 1063 2483; x_wconf 87' lang='lat' dir='ltr'><strong>est?</strong></span> <span class='ocrx_word' id='word_1_197' title='bbox 1111 2427 1179 2482; x_wconf 90' lang='lat' dir='ltr'><strong>Ut</strong></span> <span class='ocrx_word' id='word_1_198' title='bbox 1213 2426 1525 2498; x_wconf 84' lang='lat' dir='ltr'><strong>evangelium</strong></span> <span class='ocrx_word' id='word_1_199' title='bbox 1552 2427 1858 2498; x_wconf 76' lang='lat' dir='ltr'><strong>prwdicans,</strong></span> <span class='ocrx_word' id='word_1_200' title='bbox 1905 2426 1986 2480; x_wconf 91' lang='lat' dir='ltr'><strong>in-</strong></span> 
     </span>
    </p>
   </div>
   <div class='ocr_carea' id='block_1_25' title="bbox 399 2518 1985 2590">
    <p class='ocr_par' dir='ltr' id='par_1_25' title="bbox 399 2518 1985 2590">
     <span class='ocr_line' id='line_1_25' title="bbox 399 2518 1985 2590; baseline 0 -19"><span class='ocrx_word' id='word_1_201' title='bbox 399 2519 548 2588; x_wconf 84' lang='lat' dir='ltr'><strong>quit,</strong></span> <span class='ocrx_word' id='word_1_202' title='bbox 580 2519 690 2572; x_wconf 79' lang='lat' dir='ltr'><strong>sine</strong></span> <span class='ocrx_word' id='word_1_203' title='bbox 723 2530 929 2590; x_wconf 83' lang='lat' dir='ltr'><strong>sumptu</strong></span> <span class='ocrx_word' id='word_1_204' title='bbox 969 2535 1154 2589; x_wconf 87' lang='lat' dir='ltr'><strong>ponam</strong></span> <span class='ocrx_word' id='word_1_205' title='bbox 1208 2519 1522 2590; x_wconf 83' lang='lat' dir='ltr'><strong>evangelium</strong></span> <span class='ocrx_word' id='word_1_206' title='bbox 1545 2527 1636 2586; x_wconf 79' lang='lat' dir='ltr'><strong>;ut</strong></span> <span class='ocrx_word' id='word_1_207' title='bbox 1677 2535 1778 2572; x_wconf 91' lang='lat' dir='ltr'><strong>non</strong></span> <span class='ocrx_word' id='word_1_208' title='bbox 1805 2518 1985 2572; x_wconf 84' lang='lat' dir='ltr'><strong>abutar</strong></span> 
     </span>
    </p>
   </div>
   <div class='ocr_carea' id='block_1_26' title="bbox 396 2611 1985 2684">
    <p class='ocr_par' dir='ltr' id='par_1_26' title="bbox 396 2611 1985 2684">
     <span class='ocr_line' id='line_1_26' title="bbox 396 2611 1985 2684; baseline 0.002 -20"><span class='ocrx_word' id='word_1_209' title='bbox 396 2619 642 2680; x_wconf 74' lang='lat' dir='ltr'><strong>potestate</strong></span> <span class='ocrx_word' id='word_1_210' title='bbox 680 2627 792 2666; x_wconf 90' lang='lat' dir='ltr'><strong>mea</strong></span> <span class='ocrx_word' id='word_1_211' title='bbox 817 2612 870 2666; x_wconf 89' lang='lat' dir='ltr'><strong>in</strong></span> <span class='ocrx_word' id='word_1_212' title='bbox 895 2612 1174 2683; x_wconf 87' lang='lat' dir='ltr'><strong>evangelio.</strong></span> <span class='ocrx_word' id='word_1_213' title='bbox 1227 2611 1418 2667; x_wconf 86' lang='lat' dir='ltr'><strong>Viden&#39;</strong></span> <span class='ocrx_word' id='word_1_214' title='bbox 1452 2612 1723 2684; x_wconf 91' lang='lat' dir='ltr'><strong>quomodo</strong></span> <span class='ocrx_word' id='word_1_215' title='bbox 1773 2627 1985 2684; x_wconf 85' lang='lat' dir='ltr'><strong>semper</strong></span> 
     </span>
    </p>
   </div>
   <div class='ocr_carea' id='block_1_27' title="bbox 396 2704 1986 2778">
    <p class='ocr_par' dir='ltr' id='par_1_27' title="bbox 396 2704 1986 2778">
     <span class='ocr_line' id='line_1_27' title="bbox 396 2704 1986 2778; baseline 0.004 -23"><span class='ocrx_word' id='word_1_216' title='bbox 396 2704 675 2770; x_wconf 77' lang='lat' dir='ltr'><strong>potestatis</strong></span> <span class='ocrx_word' id='word_1_217' title='bbox 706 2705 924 2759; x_wconf 91' lang='lat' dir='ltr'><strong>nomine</strong></span> <span class='ocrx_word' id='word_1_218' title='bbox 954 2714 1172 2764; x_wconf 89' lang='lat' dir='ltr'><strong>utatur:</strong></span> <span class='ocrx_word' id='word_1_219' title='bbox 1205 2705 1497 2761; x_wconf 89' lang='lat' dir='ltr'><strong>ostendens</strong></span> <span class='ocrx_word' id='word_1_220' title='bbox 1528 2705 1678 2772; x_wconf 87' lang='lat' dir='ltr'><strong>illud,</strong></span> <span class='ocrx_word' id='word_1_221' title='bbox 1707 2706 1846 2778; x_wconf 88' lang='lat' dir='ltr'><strong>quod</strong></span> <span class='ocrx_word' id='word_1_222' title='bbox 1877 2705 1986 2762; x_wconf 87' lang='lat' dir='ltr'><strong>fre-</strong></span> 
     </span>
    </p>
   </div>
   <div class='ocr_carea' id='block_1_28' title="bbox 395 2794 1980 2868">
    <p class='ocr_par' dir='ltr' id='par_1_28' title="bbox 395 2794 1980 2868">
     <span class='ocr_line' id='line_1_28' title="bbox 395 2794 1980 2868; baseline 0.004 -22"><span class='ocrx_word' id='word_1_223' title='bbox 395 2804 626 2862; x_wconf 86' lang='lat' dir='ltr'><strong>quenter</strong></span> <span class='ocrx_word' id='word_1_224' title='bbox 650 2794 798 2860; x_wconf 77' lang='lat' dir='ltr'><strong>dixi,</strong></span> <span class='ocrx_word' id='word_1_225' title='bbox 849 2795 992 2866; x_wconf 90' lang='lat' dir='ltr'><strong>quod</strong></span> <span class='ocrx_word' id='word_1_226' title='bbox 1036 2811 1133 2850; x_wconf 91' lang='lat' dir='ltr'><strong>nec</strong></span> <span class='ocrx_word' id='word_1_227' title='bbox 1161 2797 1237 2850; x_wconf 86' lang='lat' dir='ltr'><strong>illi</strong></span> <span class='ocrx_word' id='word_1_228' title='bbox 1266 2797 1505 2865; x_wconf 90' lang='lat' dir='ltr'><strong>quidem,</strong></span> <span class='ocrx_word' id='word_1_229' title='bbox 1555 2797 1645 2867; x_wconf 88' lang='lat' dir='ltr'><strong>qui</strong></span> <span class='ocrx_word' id='word_1_230' title='bbox 1692 2798 1980 2868; x_wconf 89' lang='lat' dir='ltr'><strong>accipiunt,</strong></span> 
     </span>
    </p>
   </div>
   <div class='ocr_carea' id='block_1_29' title="bbox 394 2885 1981 2956">
    <p class='ocr_par' dir='ltr' id='par_1_29' title="bbox 394 2885 1981 2956">
     <span class='ocr_line' id='line_1_29' title="bbox 394 2885 1981 2956; baseline 0.004 -19"><span class='ocrx_word' id='word_1_231' title='bbox 394 2885 538 2956; x_wconf 83' lang='lat' dir='ltr'><strong>digni</strong></span> <span class='ocrx_word' id='word_1_232' title='bbox 579 2887 687 2940; x_wconf 90' lang='lat' dir='ltr'><strong>sint</strong></span> <span class='ocrx_word' id='word_1_233' title='bbox 723 2887 1188 2956; x_wconf 82' lang='lat' dir='ltr'><strong>reprehensione?</strong></span> <span class='ocrx_word' id='word_1_234' title='bbox 1231 2888 1450 2943; x_wconf 82' lang='lat' dir='ltr'><strong>Addidit</strong></span> <span class='ocrx_word' id='word_1_235' title='bbox 1493 2899 1693 2954; x_wconf 89' lang='lat' dir='ltr'><strong>autem,</strong></span> <span class='ocrx_word' id='word_1_236' title='bbox 1726 2888 1793 2942; x_wconf 87' lang='lat' dir='ltr'><strong>In</strong></span> <span class='ocrx_word' id='word_1_237' title='bbox 1827 2906 1981 2943; x_wconf 77' lang='lat' dir='ltr'><strong>evan-</strong></span> 
     </span>
    </p>
   </div>
   <div class='ocr_carea' id='block_1_30' title="bbox 395 2977 1985 3048">
    <p class='ocr_par' dir='ltr' id='par_1_30' title="bbox 395 2977 1985 3048">
     <span class='ocr_line' id='line_1_30' title="bbox 395 2977 1985 3048; baseline 0.004 -19"><span class='ocrx_word' id='word_1_238' title='bbox 395 2977 546 3046; x_wconf 88' lang='lat' dir='ltr'><strong>gelio,</strong></span> <span class='ocrx_word' id='word_1_239' title='bbox 575 2977 734 3031; x_wconf 90' lang='lat' dir='ltr'><strong>simul</strong></span> <span class='ocrx_word' id='word_1_240' title='bbox 761 2977 1068 3048; x_wconf 75' lang='lat' dir='ltr'><strong>signiﬁcans</strong></span> <span class='ocrx_word' id='word_1_241' title='bbox 1087 2979 1444 3048; x_wconf 72' lang='lat' dir='ltr'><strong>evangelium,</strong></span> <span class='ocrx_word' id='word_1_242' title='bbox 1476 2986 1530 3032; x_wconf 89' lang='lat' dir='ltr'><strong>ct</strong></span> <span class='ocrx_word' id='word_1_243' title='bbox 1561 2979 1847 3048; x_wconf 82' lang='lat' dir='ltr'><strong>prohibens</strong></span> <span class='ocrx_word' id='word_1_244' title='bbox 1871 2981 1985 3035; x_wconf 84' lang='lat' dir='ltr'><strong>ubi-</strong></span> 
     </span>
    </p>
   </div>
   <div class='ocr_carea' id='block_1_31' title="bbox 396 3067 1982 3142">
    <p class='ocr_par' dir='ltr' id='par_1_31' title="bbox 396 3067 1982 3142">
     <span class='ocr_line' id='line_1_31' title="bbox 396 3067 1982 3142; baseline 0.003 -21"><span class='ocrx_word' id='word_1_245' title='bbox 396 3082 498 3138; x_wconf 87' lang='lat' dir='ltr'><strong>que</strong></span> <span class='ocrx_word' id='word_1_246' title='bbox 525 3082 639 3120; x_wconf 88' lang='lat' dir='ltr'><strong>rem</strong></span> <span class='ocrx_word' id='word_1_247' title='bbox 666 3067 920 3123; x_wconf 88' lang='lat' dir='ltr'><strong>educere.</strong></span> <span class='ocrx_word' id='word_1_248' title='bbox 974 3071 1268 3123; x_wconf 90' lang='lat' dir='ltr'><strong>Ducentem</strong></span> <span class='ocrx_word' id='word_1_249' title='bbox 1292 3069 1433 3124; x_wconf 90' lang='lat' dir='ltr'><strong>enim</strong></span> <span class='ocrx_word' id='word_1_250' title='bbox 1466 3079 1679 3138; x_wconf 90' lang='lat' dir='ltr'><strong>oportet</strong></span> <span class='ocrx_word' id='word_1_251' title='bbox 1705 3071 1982 3142; x_wconf 79' lang='lat' dir='ltr'><strong>accipere,</strong></span> 
     </span>
    </p>
   </div>
   <div class='ocr_carea' id='block_1_32' title="bbox 398 3158 1987 3216">
    <p class='ocr_par' dir='ltr' id='par_1_32' title="bbox 398 3158 1987 3216">
     <span class='ocr_line' id='line_1_32' title="bbox 398 3158 1987 3216; baseline 0.001 -2"><span class='ocrx_word' id='word_1_252' title='bbox 398 3175 501 3214; x_wconf 91' lang='lat' dir='ltr'><strong>non</strong></span> <span class='ocrx_word' id='word_1_253' title='bbox 534 3167 712 3214; x_wconf 81' lang='lat' dir='ltr'><strong>autem</strong></span> <span class='ocrx_word' id='word_1_254' title='bbox 743 3160 996 3213; x_wconf 88' lang='lat' dir='ltr'><strong>otiosum.</strong></span> <span class='ocrx_word' id='word_1_255' title='bbox 1029 3159 1117 3215; x_wconf 80' lang='grc'><strong>19.</strong></span> <span class='ocrx_word' id='word_1_256' title='bbox 1139 3158 1278 3213; x_wconf 90' lang='lat' dir='ltr'><strong>Nam</strong></span> <span class='ocrx_word' id='word_1_257' title='bbox 1304 3177 1419 3213; x_wconf 87' lang='lat' dir='ltr'><strong>cum</strong></span> <span class='ocrx_word' id='word_1_258' title='bbox 1450 3160 1576 3215; x_wconf 84' lang='lat' dir='ltr'><strong>liber</strong></span> <span class='ocrx_word' id='word_1_259' title='bbox 1603 3177 1761 3214; x_wconf 86' lang='lat' dir='ltr'><strong>essem</strong></span> <span class='ocrx_word' id='word_1_260' title='bbox 1787 3177 1849 3216; x_wconf 81' lang='lat' dir='ltr'><strong>ea:</strong></span> <span class='ocrx_word' id='word_1_261' title='bbox 1878 3179 1987 3216; x_wconf 87' lang='lat' dir='ltr'><strong>ont-</strong></span> 
     </span>
    </p>
   </div>
   <div class='ocr_carea' id='block_1_33' title="bbox 397 3250 1982 3321">
    <p class='ocr_par' dir='ltr' id='par_1_33' title="bbox 397 3250 1982 3321">
     <span class='ocr_line' id='line_1_33' title="bbox 397 3250 1982 3321; baseline 0.002 -17"><span class='ocrx_word' id='word_1_262' title='bbox 397 3251 563 3316; x_wconf 80' lang='lat' dir='ltr'><strong>nibus,</strong></span> <span class='ocrx_word' id='word_1_263' title='bbox 598 3251 821 3304; x_wconf 79' lang='lat' dir='ltr'><strong>omnium</strong></span> <span class='ocrx_word' id='word_1_264' title='bbox 853 3266 929 3303; x_wconf 86' lang='lat' dir='ltr'><strong>me</strong></span> <span class='ocrx_word' id='word_1_265' title='bbox 949 3265 1144 3304; x_wconf 86' lang='lat' dir='ltr'><strong>servum</strong></span> <span class='ocrx_word' id='word_1_266' title='bbox 1172 3251 1288 3321; x_wconf 73' lang='lat' dir='ltr'><strong>feci,</strong></span> <span class='ocrx_word' id='word_1_267' title='bbox 1322 3260 1378 3303; x_wconf 91' lang='lat' dir='ltr'><strong>ut</strong></span> <span class='ocrx_word' id='word_1_268' title='bbox 1403 3251 1575 3318; x_wconf 80' lang='lat' dir='ltr'><strong>plures</strong></span> <span class='ocrx_word' id='word_1_269' title='bbox 1612 3250 1982 3321; x_wconf 78' lang='lat' dir='ltr'><strong>lucrifacerem.</strong></span> 
     </span>
    </p>
   </div>
   <div class='ocr_carea' id='block_1_34' title="bbox 399 3341 1984 3413">
    <p class='ocr_par' dir='ltr' id='par_1_34' title="bbox 399 3341 1984 3413">
     <span class='ocr_line' id='line_1_34' title="bbox 399 3341 1984 3413; baseline 0.002 -17"><span class='ocrx_word' id='word_1_270' title='bbox 399 3341 496 3396; x_wconf 84' lang='lat' dir='ltr'><strong>llic</strong></span> <span class='ocrx_word' id='word_1_271' title='bbox 540 3355 724 3395; x_wconf 87' lang='lat' dir='ltr'><strong>rursus</strong></span> <span class='ocrx_word' id='word_1_272' title='bbox 753 3341 912 3394; x_wconf 90' lang='lat' dir='ltr'><strong>aliam</strong></span> <span class='ocrx_word' id='word_1_273' title='bbox 954 3342 1106 3410; x_wconf 83' lang='lat' dir='ltr'><strong>ponit</strong></span> <span class='ocrx_word' id='word_1_274' title='bbox 1146 3342 1498 3412; x_wconf 85' lang='lat' dir='ltr'><strong>hyperbolen.</strong></span> <span class='ocrx_word' id='word_1_275' title='bbox 1555 3343 1800 3413; x_wconf 83' lang='lat' dir='ltr'><strong>Magnum</strong></span> <span class='ocrx_word' id='word_1_276' title='bbox 1842 3345 1984 3400; x_wconf 89' lang='lat' dir='ltr'><strong>enim</strong></span> 
     </span>
    </p>
   </div>
   <div class='ocr_carea' id='block_1_35' title="bbox 397 3431 1986 3505">
    <p class='ocr_par' dir='ltr' id='par_1_35' title="bbox 397 3431 1986 3505">
     <span class='ocr_line' id='line_1_35' title="bbox 397 3431 1986 3505; baseline 0.001 -16"><span class='ocrx_word' id='word_1_277' title='bbox 397 3442 479 3489; x_wconf 85' lang='lat' dir='ltr'><strong>est</strong></span> <span class='ocrx_word' id='word_1_278' title='bbox 507 3448 612 3486; x_wconf 92' lang='lat' dir='ltr'><strong>non</strong></span> <span class='ocrx_word' id='word_1_279' title='bbox 637 3432 910 3502; x_wconf 85' lang='lat' dir='ltr'><strong>accipere;</strong></span> <span class='ocrx_word' id='word_1_280' title='bbox 937 3431 1039 3486; x_wconf 89' lang='lat' dir='ltr'><strong>hoc</strong></span> <span class='ocrx_word' id='word_1_281' title='bbox 1064 3439 1242 3486; x_wconf 89' lang='lat' dir='ltr'><strong>autem</strong></span> <span class='ocrx_word' id='word_1_282' title='bbox 1267 3433 1407 3502; x_wconf 89' lang='lat' dir='ltr'><strong>quod</strong></span> <span class='ocrx_word' id='word_1_283' title='bbox 1425 3432 1669 3489; x_wconf 87' lang='lat' dir='ltr'><strong>dicturus</strong></span> <span class='ocrx_word' id='word_1_284' title='bbox 1693 3443 1794 3500; x_wconf 90' lang='lat' dir='ltr'><strong>est,</strong></span> <span class='ocrx_word' id='word_1_285' title='bbox 1830 3435 1986 3505; x_wconf 89' lang='lat' dir='ltr'><strong>longe</strong></span> 
     </span>
    </p>
   </div>
   <div class='ocr_carea' id='block_1_36' title="bbox 396 3523 1984 3596">
    <p class='ocr_par' dir='ltr' id='par_1_36' title="bbox 396 3523 1984 3596">
     <span class='ocr_line' id='line_1_36' title="bbox 396 3523 1984 3596; baseline -0.001 -15"><span class='ocrx_word' id='word_1_286' title='bbox 396 3526 571 3596; x_wconf 85' lang='lat' dir='ltr'><strong>majus</strong></span> <span class='ocrx_word' id='word_1_287' title='bbox 601 3525 694 3580; x_wconf 92' lang='lat' dir='ltr'><strong>illo</strong></span> <span class='ocrx_word' id='word_1_288' title='bbox 720 3533 820 3580; x_wconf 87' lang='lat' dir='ltr'><strong>est.</strong></span> <span class='ocrx_word' id='word_1_289' title='bbox 853 3523 992 3590; x_wconf 84' lang='lat' dir='ltr'><strong>Quid</strong></span> <span class='ocrx_word' id='word_1_290' title='bbox 1038 3533 1216 3578; x_wconf 85' lang='lat' dir='ltr'><strong>autem</strong></span> <span class='ocrx_word' id='word_1_291' title='bbox 1263 3532 1347 3579; x_wconf 87' lang='lat' dir='ltr'><strong>est</strong></span> <span class='ocrx_word' id='word_1_292' title='bbox 1387 3523 1439 3580; x_wconf 88' lang='lat' dir='ltr'><strong>id</strong></span> <span class='ocrx_word' id='word_1_293' title='bbox 1492 3525 1633 3594; x_wconf 92' lang='lat' dir='ltr'><strong>quod</strong></span> <span class='ocrx_word' id='word_1_294' title='bbox 1679 3525 1840 3580; x_wconf 88' lang='lat' dir='ltr'><strong>dicit?</strong></span> <span class='ocrx_word' id='word_1_295' title='bbox 1868 3525 1984 3580; x_wconf 86' lang='lat' dir='ltr'><strong>Non</strong></span> 
     </span>
    </p>
   </div>
   <div class='ocr_carea' id='block_1_37' title="bbox 398 3615 1985 3686">
    <p class='ocr_par' dir='ltr' id='par_1_37' title="bbox 398 3615 1985 3686">
     <span class='ocr_line' id='line_1_37' title="bbox 398 3615 1985 3686; baseline -0.001 -14"><span class='ocrx_word' id='word_1_296' title='bbox 398 3617 574 3674; x_wconf 89' lang='lat' dir='ltr'><strong>solum</strong></span> <span class='ocrx_word' id='word_1_297' title='bbox 621 3631 730 3671; x_wconf 89' lang='lat' dir='ltr'><strong>non</strong></span> <span class='ocrx_word' id='word_1_298' title='bbox 769 3615 972 3685; x_wconf 86' lang='lat' dir='ltr'><strong>accepi,</strong></span> <span class='ocrx_word' id='word_1_299' title='bbox 1012 3615 1202 3684; x_wconf 87' lang='lat' dir='ltr'><strong>inquit,</strong></span> <span class='ocrx_word' id='word_1_300' title='bbox 1257 3631 1432 3686; x_wconf 86' lang='lat' dir='ltr'><strong>neque</strong></span> <span class='ocrx_word' id='word_1_301' title='bbox 1479 3617 1653 3671; x_wconf 91' lang='lat' dir='ltr'><strong>solum</strong></span> <span class='ocrx_word' id='word_1_302' title='bbox 1699 3633 1803 3672; x_wconf 92' lang='lat' dir='ltr'><strong>non</strong></span> <span class='ocrx_word' id='word_1_303' title='bbox 1857 3631 1985 3671; x_wconf 90' lang='lat' dir='ltr'><strong>usus</strong></span> 
     </span>
    </p>
   </div>
   <div class='ocr_carea' id='block_1_38' title="bbox 399 3707 1983 3780">
    <p class='ocr_par' dir='ltr' id='par_1_38' title="bbox 399 3707 1983 3780">
     <span class='ocr_line' id='line_1_38' title="bbox 399 3707 1983 3780; baseline -0.004 -16"><span class='ocrx_word' id='word_1_304' title='bbox 399 3724 517 3764; x_wconf 88' lang='lat' dir='ltr'><strong>sum</strong></span> <span class='ocrx_word' id='word_1_305' title='bbox 564 3708 665 3763; x_wconf 86' lang='lat' dir='ltr'><strong>hac</strong></span> <span class='ocrx_word' id='word_1_306' title='bbox 711 3715 974 3778; x_wconf 82' lang='lat' dir='ltr'><strong>potestate</strong></span> <span class='ocrx_word' id='word_1_307' title='bbox 998 3749 1013 3772; x_wconf 95' lang='lat'><strong>,</strong></span> <span class='ocrx_word' id='word_1_308' title='bbox 1058 3707 1150 3762; x_wconf 88' lang='lat' dir='ltr'><strong>sed</strong></span> <span class='ocrx_word' id='word_1_309' title='bbox 1181 3708 1341 3762; x_wconf 87' lang='lat' dir='ltr'><strong>etiam</strong></span> <span class='ocrx_word' id='word_1_310' title='bbox 1375 3723 1460 3763; x_wconf 78' lang='lat' dir='ltr'><strong>nte</strong></span> <span class='ocrx_word' id='word_1_311' title='bbox 1483 3709 1726 3763; x_wconf 80' lang='lat' dir='ltr'><strong>servituti</strong></span> <span class='ocrx_word' id='word_1_312' title='bbox 1755 3709 1983 3780; x_wconf 77' lang='lat' dir='ltr'><strong>subject,</strong></span> 
     </span>
    </p>
   </div>
   <div class='ocr_carea' id='block_1_39' title="bbox 402 3797 1986 3869">
    <p class='ocr_par' dir='ltr' id='par_1_39' title="bbox 402 3797 1986 3869">
     <span class='ocr_line' id='line_1_39' title="bbox 402 3797 1986 3869; baseline 0.002 -17"><span class='ocrx_word' id='word_1_313' title='bbox 402 3799 513 3852; x_wconf 86' lang='lat' dir='ltr'><strong>imo</strong></span> <span class='ocrx_word' id='word_1_314' title='bbox 539 3798 700 3851; x_wconf 74' lang='lat' dir='ltr'><strong>varia:</strong></span> <span class='ocrx_word' id='word_1_315' title='bbox 726 3806 780 3850; x_wconf 90' lang='lat' dir='ltr'><strong>et</strong></span> <span class='ocrx_word' id='word_1_316' title='bbox 806 3797 982 3850; x_wconf 90' lang='lat' dir='ltr'><strong>omnis</strong></span> <span class='ocrx_word' id='word_1_317' title='bbox 1006 3799 1219 3866; x_wconf 78' lang='lat' dir='ltr'><strong>generis</strong></span> <span class='ocrx_word' id='word_1_318' title='bbox 1248 3799 1508 3852; x_wconf 76' lang='lat' dir='ltr'><strong>servituti.</strong></span> <span class='ocrx_word' id='word_1_319' title='bbox 1543 3799 1726 3869; x_wconf 86' lang='lat' dir='ltr'><strong>Neque</strong></span> <span class='ocrx_word' id='word_1_320' title='bbox 1753 3801 1897 3855; x_wconf 89' lang='lat' dir='ltr'><strong>enim</strong></span> <span class='ocrx_word' id='word_1_321' title='bbox 1932 3802 1986 3855; x_wconf 92' lang='lat' dir='ltr'><strong>in</strong></span> 
     </span>
    </p>
   </div>
   <div class='ocr_carea' id='block_1_40' title="bbox 401 3887 1983 3962">
    <p class='ocr_par' dir='ltr' id='par_1_40' title="bbox 401 3887 1983 3962">
     <span class='ocr_line' id='line_1_40' title="bbox 401 3887 1983 3962; baseline 0.005 -24"><span class='ocrx_word' id='word_1_322' title='bbox 401 3888 640 3957; x_wconf 64' lang='lat' dir='ltr'><strong>pecuniis</strong></span> <span class='ocrx_word' id='word_1_323' title='bbox 666 3887 877 3941; x_wconf 85' lang='lat' dir='ltr'><strong>solum:</strong></span> <span class='ocrx_word' id='word_1_324' title='bbox 921 3887 1016 3940; x_wconf 87' lang='lat' dir='ltr'><strong>sed</strong></span> <span class='ocrx_word' id='word_1_325' title='bbox 1043 3888 1185 3955; x_wconf 89' lang='lat' dir='ltr'><strong>quod</strong></span> <span class='ocrx_word' id='word_1_326' title='bbox 1213 3889 1456 3958; x_wconf 88' lang='lat' dir='ltr'><strong>pecuniis</strong></span> <span class='ocrx_word' id='word_1_327' title='bbox 1481 3891 1642 3961; x_wconf 88' lang='lat' dir='ltr'><strong>longe</strong></span> <span class='ocrx_word' id='word_1_328' title='bbox 1675 3893 1849 3962; x_wconf 83' lang='lat' dir='ltr'><strong>majus</strong></span> <span class='ocrx_word' id='word_1_329' title='bbox 1879 3903 1983 3957; x_wconf 88' lang='lat' dir='ltr'><strong>est,</strong></span> 
     </span>
    </p>
   </div>
   <div class='ocr_carea' id='block_1_41' title="bbox 402 3978 1988 4050">
    <p class='ocr_par' dir='ltr' id='par_1_41' title="bbox 402 3978 1988 4050">
     <span class='ocr_line' id='line_1_41' title="bbox 402 3978 1988 4050; baseline 0.001 -15"><span class='ocrx_word' id='word_1_330' title='bbox 402 3984 456 4036; x_wconf 88' lang='lat' dir='ltr'><strong>in</strong></span> <span class='ocrx_word' id='word_1_331' title='bbox 503 3979 686 4034; x_wconf 87' lang='lat' dir='ltr'><strong>multis</strong></span> <span class='ocrx_word' id='word_1_332' title='bbox 728 3986 783 4032; x_wconf 92' lang='lat' dir='ltr'><strong>et</strong></span> <span class='ocrx_word' id='word_1_333' title='bbox 809 3978 975 4033; x_wconf 84' lang='lat' dir='ltr'><strong>variis</strong></span> <span class='ocrx_word' id='word_1_334' title='bbox 1015 3979 1243 4050; x_wconf 87' lang='lat' dir='ltr'><strong>negotiis</strong></span> <span class='ocrx_word' id='word_1_335' title='bbox 1285 3979 1387 4034; x_wconf 82' lang='lat' dir='ltr'><strong>hoc</strong></span> <span class='ocrx_word' id='word_1_336' title='bbox 1425 3980 1596 4048; x_wconf 90' lang='lat' dir='ltr'><strong>ipsum</strong></span> <span class='ocrx_word' id='word_1_337' title='bbox 1644 3983 1899 4037; x_wconf 82' lang='lat' dir='ltr'><strong>exhibui:</strong></span> <span class='ocrx_word' id='word_1_338' title='bbox 1935 3993 1988 4038; x_wconf 91' lang='lat' dir='ltr'><strong>et</strong></span> 
     </span>
    </p>
   </div>
   <div class='ocr_carea' id='block_1_42' title="bbox 399 4069 1986 4142">
    <p class='ocr_par' dir='ltr' id='par_1_42' title="bbox 399 4069 1986 4142">
     <span class='ocr_line' id='line_1_42' title="bbox 399 4069 1986 4142; baseline 0 -14"><span class='ocrx_word' id='word_1_339' title='bbox 399 4071 648 4128; x_wconf 82' lang='lat' dir='ltr'><strong>servituti</strong></span> <span class='ocrx_word' id='word_1_340' title='bbox 680 4085 766 4125; x_wconf 91' lang='lat' dir='ltr'><strong>me</strong></span> <span class='ocrx_word' id='word_1_341' title='bbox 803 4069 1032 4139; x_wconf 75' lang='lat' dir='ltr'><strong>subieci,</strong></span> <span class='ocrx_word' id='word_1_342' title='bbox 1073 4085 1194 4125; x_wconf 91' lang='lat' dir='ltr'><strong>cum</strong></span> <span class='ocrx_word' id='word_1_343' title='bbox 1239 4070 1290 4124; x_wconf 90' lang='lat' dir='ltr'><strong>in</strong></span> <span class='ocrx_word' id='word_1_344' title='bbox 1337 4069 1483 4125; x_wconf 85' lang='lat' dir='ltr'><strong>nulla</strong></span> <span class='ocrx_word' id='word_1_345' title='bbox 1512 4086 1572 4126; x_wconf 88' lang='lat' dir='ltr'><strong>re</strong></span> <span class='ocrx_word' id='word_1_346' title='bbox 1597 4073 1867 4142; x_wconf 88' lang='lat' dir='ltr'><strong>subjectus</strong></span> <span class='ocrx_word' id='word_1_347' title='bbox 1898 4089 1986 4129; x_wconf 88' lang='lat' dir='ltr'><strong>es-</strong></span> 
     </span>
    </p>
   </div>
   <div class='ocr_carea' id='block_1_43' title="bbox 399 4159 1982 4229">
    <p class='ocr_par' dir='ltr' id='par_1_43' title="bbox 399 4159 1982 4229">
     <span class='ocr_line' id='line_1_43' title="bbox 399 4159 1982 4229; baseline 0.001 -11"><span class='ocrx_word' id='word_1_348' title='bbox 399 4179 536 4228; x_wconf 90' lang='lat' dir='ltr'><strong>sem,</strong></span> <span class='ocrx_word' id='word_1_349' title='bbox 563 4177 662 4218; x_wconf 89' lang='lat' dir='ltr'><strong>nec</strong></span> <span class='ocrx_word' id='word_1_350' title='bbox 681 4161 786 4218; x_wconf 69' lang='lat' dir='ltr'><strong>ulla</strong></span> <span class='ocrx_word' id='word_1_351' title='bbox 807 4161 1127 4217; x_wconf 82' lang='lat' dir='ltr'><strong>necessitate</strong></span> <span class='ocrx_word' id='word_1_352' title='bbox 1147 4159 1375 4216; x_wconf 87' lang='lat' dir='ltr'><strong>dueerer</strong></span> <span class='ocrx_word' id='word_1_353' title='bbox 1395 4177 1412 4228; x_wconf 88' lang='lat'><strong>;</strong></span> <span class='ocrx_word' id='word_1_354' title='bbox 1435 4160 1538 4216; x_wconf 86' lang='lat' dir='ltr'><strong>hoc</strong></span> <span class='ocrx_word' id='word_1_355' title='bbox 1561 4164 1701 4217; x_wconf 90' lang='lat' dir='ltr'><strong>enim</strong></span> <span class='ocrx_word' id='word_1_356' title='bbox 1725 4171 1808 4218; x_wconf 89' lang='lat' dir='ltr'><strong>est</strong></span> <span class='ocrx_word' id='word_1_357' title='bbox 1837 4164 1982 4229; x_wconf 89' lang='lat' dir='ltr'><strong>illud,</strong></span> 
     </span>
    </p>
   </div>
   <div class='ocr_carea' id='block_1_44' title="bbox 399 4253 1988 4324">
    <p class='ocr_par' dir='ltr' id='par_1_44' title="bbox 399 4253 1988 4324">
     <span class='ocr_line' id='line_1_44' title="bbox 399 4253 1988 4324; baseline 0.001 -13"><span class='ocrx_word' id='word_1_358' title='bbox 399 4255 550 4311; x_wconf 83' lang='lat' dir='ltr'><strong>Liber</strong></span> <span class='ocrx_word' id='word_1_359' title='bbox 577 4271 693 4310; x_wconf 83' lang='lat' dir='ltr'><strong>cum</strong></span> <span class='ocrx_word' id='word_1_360' title='bbox 716 4269 874 4309; x_wconf 78' lang='lat' dir='ltr'><strong>essent</strong></span> <span class='ocrx_word' id='word_1_361' title='bbox 908 4269 971 4308; x_wconf 70' lang='lat' dir='ltr'><strong>ex</strong></span> <span class='ocrx_word' id='word_1_362' title='bbox 1001 4253 1277 4316; x_wconf 86' lang='lat' dir='ltr'><strong>omnibus;</strong></span> <span class='ocrx_word' id='word_1_363' title='bbox 1306 4268 1478 4324; x_wconf 89' lang='lat' dir='ltr'><strong>neque</strong></span> <span class='ocrx_word' id='word_1_364' title='bbox 1519 4255 1608 4309; x_wconf 93' lang='lat' dir='ltr'><strong>uni</strong></span> <span class='ocrx_word' id='word_1_365' title='bbox 1653 4264 1855 4312; x_wconf 87' lang='lat' dir='ltr'><strong>tantum</strong></span> <span class='ocrx_word' id='word_1_366' title='bbox 1901 4273 1988 4313; x_wconf 90' lang='lat' dir='ltr'><strong>me</strong></span> 
     </span>
    </p>
   </div>
   <div class='ocr_carea' id='block_1_45' title="bbox 401 4346 1983 4421">
    <p class='ocr_par' dir='ltr' id='par_1_45' title="bbox 401 4346 1983 4421">
     <span class='ocr_line' id='line_1_45' title="bbox 401 4346 1983 4421; baseline 0 -17"><span class='ocrx_word' id='word_1_367' title='bbox 401 4349 626 4421; x_wconf 87' lang='lat' dir='ltr'><strong>subjeci,</strong></span> <span class='ocrx_word' id='word_1_368' title='bbox 660 4347 755 4404; x_wconf 90' lang='lat' dir='ltr'><strong>sed</strong></span> <span class='ocrx_word' id='word_1_369' title='bbox 801 4357 913 4402; x_wconf 93' lang='lat' dir='ltr'><strong>toto</strong></span> <span class='ocrx_word' id='word_1_370' title='bbox 960 4346 1081 4402; x_wconf 90' lang='lat' dir='ltr'><strong>orbi</strong></span> <span class='ocrx_word' id='word_1_371' title='bbox 1127 4356 1393 4400; x_wconf 87' lang='lat' dir='ltr'><strong>terrarum</strong></span> <span class='ocrx_word' id='word_1_372' title='bbox 1442 4364 1454 4400; x_wconf 90' lang='lat'><strong>:</strong></span> <span class='ocrx_word' id='word_1_373' title='bbox 1502 4357 1829 4418; x_wconf 84' lang='lat' dir='ltr'><strong>quapropter</strong></span> <span class='ocrx_word' id='word_1_374' title='bbox 1857 4349 1983 4404; x_wconf 89' lang='lat' dir='ltr'><strong>sub-</strong></span> 
     </span>
    </p>
   </div>
   <div class='ocr_carea' id='block_1_46' title="bbox 395 4437 1984 4510">
    <p class='ocr_par' dir='ltr' id='par_1_46' title="bbox 395 4437 1984 4510">
     <span class='ocr_line' id='line_1_46' title="bbox 395 4437 1984 4510; baseline -0.003 -14"><span class='ocrx_word' id='word_1_375' title='bbox 395 4442 592 4510; x_wconf 79' lang='lat' dir='ltr'><strong>junxit,</strong></span> <span class='ocrx_word' id='word_1_376' title='bbox 627 4439 866 4494; x_wconf 84' lang='lat' dir='ltr'><strong>Omnium</strong></span> <span class='ocrx_word' id='word_1_377' title='bbox 907 4455 984 4492; x_wconf 90' lang='lat' dir='ltr'><strong>me</strong></span> <span class='ocrx_word' id='word_1_378' title='bbox 1019 4455 1217 4493; x_wconf 87' lang='lat' dir='ltr'><strong>servum</strong></span> <span class='ocrx_word' id='word_1_379' title='bbox 1246 4439 1362 4508; x_wconf 80' lang='lat' dir='ltr'><strong>feci.</strong></span> <span class='ocrx_word' id='word_1_380' title='bbox 1391 4437 1523 4493; x_wconf 86' lang='lat' dir='ltr'><strong>Nam</strong></span> <span class='ocrx_word' id='word_1_381' title='bbox 1552 4440 1842 4508; x_wconf 63' lang='lat' dir='ltr'><strong>praedicare</strong></span> <span class='ocrx_word' id='word_1_382' title='bbox 1865 4440 1984 4509; x_wconf 88' lang='lat' dir='ltr'><strong>jus-</strong></span> 
     </span>
    </p>
   </div>
   <div class='ocr_carea' id='block_1_47' title="bbox 400 4529 1988 4597">
    <p class='ocr_par' dir='ltr' id='par_1_47' title="bbox 400 4529 1988 4597">
     <span class='ocr_line' id='line_1_47' title="bbox 400 4529 1988 4597; baseline -0.001 -11"><span class='ocrx_word' id='word_1_383' title='bbox 400 4547 493 4586; x_wconf 83' lang='lat' dir='ltr'><strong>sus</strong></span> <span class='ocrx_word' id='word_1_384' title='bbox 539 4546 685 4585; x_wconf 87' lang='lat' dir='ltr'><strong>eram</strong></span> <span class='ocrx_word' id='word_1_385' title='bbox 707 4571 721 4593; x_wconf 95' lang='lat'><strong>,</strong></span> <span class='ocrx_word' id='word_1_386' title='bbox 766 4539 822 4583; x_wconf 88' lang='lat' dir='ltr'><strong>et</strong></span> <span class='ocrx_word' id='word_1_387' title='bbox 847 4529 1165 4584; x_wconf 85' lang='lat' dir='ltr'><strong>annuntiare</strong></span> <span class='ocrx_word' id='word_1_388' title='bbox 1194 4545 1281 4594; x_wconf 88' lang='lat' dir='ltr'><strong>ea,</strong></span> <span class='ocrx_word' id='word_1_389' title='bbox 1313 4544 1434 4597; x_wconf 63' lang='lat' dir='ltr'><strong>quae</strong></span> <span class='ocrx_word' id='word_1_390' title='bbox 1475 4529 1606 4584; x_wconf 88' lang='lat' dir='ltr'><strong>mihi</strong></span> <span class='ocrx_word' id='word_1_391' title='bbox 1637 4531 1838 4585; x_wconf 88' lang='lat' dir='ltr'><strong>credita</strong></span> <span class='ocrx_word' id='word_1_392' title='bbox 1872 4532 1988 4586; x_wconf 83' lang='lat' dir='ltr'><strong>fue-</strong></span> 
     </span>
    </p>
   </div>
   <div class='ocr_carea' id='block_1_48' title="bbox 401 4622 1983 4694">
    <p class='ocr_par' dir='ltr' id='par_1_48' title="bbox 401 4622 1983 4694">
     <span class='ocr_line' id='line_1_48' title="bbox 401 4622 1983 4694; baseline -0.001 -15"><span class='ocrx_word' id='word_1_393' title='bbox 401 4634 561 4679; x_wconf 82' lang='lat' dir='ltr'><strong>rant:</strong></span> <span class='ocrx_word' id='word_1_394' title='bbox 611 4623 1021 4678; x_wconf 84' lang='lat' dir='ltr'><strong>innumerabilia</strong></span> <span class='ocrx_word' id='word_1_395' title='bbox 1049 4632 1227 4677; x_wconf 90' lang='lat' dir='ltr'><strong>autem</strong></span> <span class='ocrx_word' id='word_1_396' title='bbox 1257 4622 1549 4677; x_wconf 86' lang='lat' dir='ltr'><strong>machinari</strong></span> <span class='ocrx_word' id='word_1_397' title='bbox 1579 4631 1633 4676; x_wconf 91' lang='lat' dir='ltr'><strong>et</strong></span> <span class='ocrx_word' id='word_1_398' title='bbox 1659 4625 1983 4694; x_wconf 77' lang='lat' dir='ltr'><strong>excogitare,</strong></span> 
     </span>
    </p>
   </div>
   <div class='ocr_carea' id='block_1_49' title="bbox 401 4713 1985 4785">
    <p class='ocr_par' dir='ltr' id='par_1_49' title="bbox 401 4713 1985 4785">
     <span class='ocr_line' id='line_1_49' title="bbox 401 4713 1985 4785; baseline -0.002 -13"><span class='ocrx_word' id='word_1_399' title='bbox 401 4734 468 4773; x_wconf 80' lang='lat' dir='ltr'><strong>ex</strong></span> <span class='ocrx_word' id='word_1_400' title='bbox 495 4733 616 4771; x_wconf 85' lang='lat' dir='ltr'><strong>meo</strong></span> <span class='ocrx_word' id='word_1_401' title='bbox 643 4717 822 4770; x_wconf 87' lang='lat' dir='ltr'><strong>studio</strong></span> <span class='ocrx_word' id='word_1_402' title='bbox 847 4714 1145 4785; x_wconf 80' lang='lat' dir='ltr'><strong>profectum</strong></span> <span class='ocrx_word' id='word_1_403' title='bbox 1175 4723 1279 4769; x_wconf 88' lang='lat' dir='ltr'><strong>est.</strong></span> <span class='ocrx_word' id='word_1_404' title='bbox 1328 4713 1463 4768; x_wconf 83' lang='lat' dir='ltr'><strong>Nam</strong></span> <span class='ocrx_word' id='word_1_405' title='bbox 1513 4713 1780 4768; x_wconf 71' lang='lat' dir='ltr'><strong>solvenda:</strong></span> <span class='ocrx_word' id='word_1_406' title='bbox 1820 4731 1985 4785; x_wconf 88' lang='lat' dir='ltr'><strong>pecu-</strong></span> 
     </span>
    </p>
   </div>
   <div class='ocr_carea' id='block_1_50' title="bbox 402 4806 1985 4876">
    <p class='ocr_par' dir='ltr' id='par_1_50' title="bbox 402 4806 1985 4876">
     <span class='ocr_line' id='line_1_50' title="bbox 402 4806 1985 4876; baseline -0.002 -13"><span class='ocrx_word' id='word_1_407' title='bbox 402 4811 504 4863; x_wconf 64' lang='lat' dir='ltr'><strong>niae</strong></span> <span class='ocrx_word' id='word_1_408' title='bbox 535 4817 743 4862; x_wconf 88' lang='lat' dir='ltr'><strong>tantum</strong></span> <span class='ocrx_word' id='word_1_409' title='bbox 772 4806 1039 4862; x_wconf 82' lang='lat' dir='ltr'><strong>obnoxius</strong></span> <span class='ocrx_word' id='word_1_410' title='bbox 1064 4823 1211 4862; x_wconf 86' lang='lat' dir='ltr'><strong>eram</strong></span> <span class='ocrx_word' id='word_1_411' title='bbox 1247 4824 1260 4861; x_wconf 92' lang='lat'>:</span> <span class='ocrx_word' id='word_1_412' title='bbox 1297 4821 1397 4876; x_wconf 90' lang='lat' dir='ltr'><strong>ego</strong></span> <span class='ocrx_word' id='word_1_413' title='bbox 1438 4819 1568 4860; x_wconf 86' lang='lat' dir='ltr'><strong>vero</strong></span> <span class='ocrx_word' id='word_1_414' title='bbox 1603 4821 1700 4875; x_wconf 90' lang='lat' dir='ltr'><strong>pro</strong></span> <span class='ocrx_word' id='word_1_415' title='bbox 1739 4806 1827 4861; x_wconf 86' lang='lat' dir='ltr'><strong>illa</strong></span> <span class='ocrx_word' id='word_1_416' title='bbox 1869 4808 1985 4860; x_wconf 78' lang='lat' dir='ltr'><strong>exi~</strong></span> 
     </span>
    </p>
   </div>
   <div class='ocr_carea' id='block_1_51' title="bbox 401 4898 1986 4973">
    <p class='ocr_par' dir='ltr' id='par_1_51' title="bbox 401 4898 1986 4973">
     <span class='ocr_line' id='line_1_51' title="bbox 401 4898 1986 4973; baseline -0.004 -15"><span class='ocrx_word' id='word_1_417' title='bbox 401 4901 571 4973; x_wconf 83' lang='lat' dir='ltr'><strong>genda</strong></span> <span class='ocrx_word' id='word_1_418' title='bbox 601 4900 730 4955; x_wconf 87' lang='lat' dir='ltr'><strong>nihil</strong></span> <span class='ocrx_word' id='word_1_419' title='bbox 763 4914 869 4955; x_wconf 88' lang='lat' dir='ltr'><strong>non</strong></span> <span class='ocrx_word' id='word_1_420' title='bbox 902 4899 1149 4969; x_wconf 80' lang='lat' dir='ltr'><strong>agebam,</strong></span> <span class='ocrx_word' id='word_1_421' title='bbox 1177 4899 1329 4968; x_wconf 87' lang='lat' dir='ltr'><strong>plura</strong></span> <span class='ocrx_word' id='word_1_422' title='bbox 1362 4906 1597 4963; x_wconf 90' lang='lat' dir='ltr'><strong>tentans,</strong></span> <span class='ocrx_word' id='word_1_423' title='bbox 1623 4912 1781 4967; x_wconf 89' lang='lat' dir='ltr'><strong>quam</strong></span> <span class='ocrx_word' id='word_1_424' title='bbox 1807 4898 1986 4967; x_wconf 79' lang='lat' dir='ltr'><strong>jussus</strong></span> 
     </span>
    </p>
   </div>
   <div class='ocr_carea' id='block_1_52' title="bbox 406 4990 1987 5062">
    <p class='ocr_par' dir='ltr' id='par_1_52' title="bbox 406 4990 1987 5062">
     <span class='ocr_line' id='line_1_52' title="bbox 406 4990 1987 5062; baseline -0.003 -14"><span class='ocrx_word' id='word_1_425' title='bbox 406 5003 584 5051; x_wconf 76' lang='lat' dir='ltr'><strong>er’am.‘</strong></span> <span class='ocrx_word' id='word_1_426' title='bbox 625 4994 758 5062; x_wconf 84' lang='lat' dir='ltr'><strong>Quia</strong></span> <span class='ocrx_word' id='word_1_427' title='bbox 799 4992 944 5047; x_wconf 89' lang='lat' dir='ltr'><strong>enim</strong></span> <span class='ocrx_word' id='word_1_428' title='bbox 986 5005 1050 5046; x_wconf 78' lang='lat' dir='ltr'><strong>ex</strong></span> <span class='ocrx_word' id='word_1_429' title='bbox 1098 4990 1343 5054; x_wconf 89' lang='lat' dir='ltr'><strong>arbitrio,</strong></span> <span class='ocrx_word' id='word_1_430' title='bbox 1375 4990 1658 5044; x_wconf 86' lang='lat' dir='ltr'><strong>alacritate</strong></span> <span class='ocrx_word' id='word_1_431' title='bbox 1684 4997 1737 5043; x_wconf 91' lang='lat' dir='ltr'><strong>et</strong></span> <span class='ocrx_word' id='word_1_432' title='bbox 1765 4992 1987 5044; x_wconf 86' lang='lat' dir='ltr'><strong>caritate</strong></span> 
     </span>
    </p>
   </div>
   <div class='ocr_carea' id='block_1_53' title="bbox 402 5067 1988 5154">
    <p class='ocr_par' dir='ltr' id='par_1_53' title="bbox 402 5067 1988 5154">
     <span class='ocr_line' id='line_1_53' title="bbox 402 5067 1988 5154; baseline -0.003 -15"><span class='ocrx_word' id='word_1_433' title='bbox 402 5100 525 5154; x_wconf 86' lang='lat' dir='ltr'><strong>erga</strong></span> <span class='ocrx_word' id='word_1_434' title='bbox 575 5067 845 5139; x_wconf 88' lang='lat' dir='ltr'><strong>Christum</strong></span> <span class='ocrx_word' id='word_1_435' title='bbox 891 5081 1069 5138; x_wconf 90' lang='lat' dir='ltr'><strong>omnia</strong></span> <span class='ocrx_word' id='word_1_436' title='bbox 1117 5081 1348 5152; x_wconf 85' lang='lat' dir='ltr'><strong>agebat,</strong></span> <span class='ocrx_word' id='word_1_437' title='bbox 1393 5080 1681 5136; x_wconf 86' lang='lat' dir='ltr'><strong>insatiabili</strong></span> <span class='ocrx_word' id='word_1_438' title='bbox 1721 5079 1988 5136; x_wconf 88' lang='lat' dir='ltr'><strong>desiderio</strong></span> 
     </span>
    </p>
   </div>
   <div class='ocr_carea' id='block_1_54' title="bbox 401 5176 1268 5247">
    <p class='ocr_par' dir='ltr' id='par_1_54' title="bbox 401 5176 1268 5247">
     <span class='ocr_line' id='line_1_54' title="bbox 401 5176 1268 5247; baseline 0.001 -19"><span class='ocrx_word' id='word_1_439' title='bbox 401 5178 624 5230; x_wconf 85' lang='lat' dir='ltr'><strong>salutem</strong></span> <span class='ocrx_word' id='word_1_440' title='bbox 657 5179 928 5233; x_wconf 90' lang='lat' dir='ltr'><strong>hominum</strong></span> <span class='ocrx_word' id='word_1_441' title='bbox 957 5176 1268 5247; x_wconf 76' lang='lat' dir='ltr'><strong>exoptabat.</strong></span> 
     </span>
    </p>
   </div>
   <div class='ocr_carea' id='block_1_55' title="bbox 480 5267 1988 5340">
    <p class='ocr_par' dir='ltr' id='par_1_55' title="bbox 480 5267 1988 5340">
     <span class='ocr_line' id='line_1_55' title="bbox 480 5267 1988 5340; baseline 0.002 -21"><span class='ocrx_word' id='word_1_442' title='bbox 480 5267 672 5321; x_wconf 83' lang='lat' dir='ltr'><strong>Paulus</strong></span> <span class='ocrx_word' id='word_1_443' title='bbox 691 5279 878 5337; x_wconf 83' lang='lat' dir='ltr'><strong>quanta</strong></span> <span class='ocrx_word' id='word_1_444' title='bbox 907 5272 1082 5340; x_wconf 79' lang='lat' dir='ltr'><strong>fecerit</strong></span> <span class='ocrx_word' id='word_1_445' title='bbox 1110 5286 1203 5339; x_wconf 82' lang='lat' dir='ltr'><strong>pro</strong></span> <span class='ocrx_word' id='word_1_446' title='bbox 1229 5269 1448 5324; x_wconf 88' lang='lat' dir='ltr'><strong>aliorum</strong></span> <span class='ocrx_word' id='word_1_447' title='bbox 1477 5269 1660 5324; x_wconf 88' lang='lat' dir='ltr'><strong>salute.</strong></span> <span class='ocrx_word' id='word_1_448' title='bbox 1693 5297 1764 5308; x_wconf 91' lang='lat'><strong><em>—</em></strong></span> <span class='ocrx_word' id='word_1_449' title='bbox 1791 5268 1988 5336; x_wconf 87' lang='lat' dir='ltr'><strong>Quam-</strong></span> 
     </span>
    </p>
   </div>
   <div class='ocr_carea' id='block_1_56' title="bbox 401 5361 1990 5433">
    <p class='ocr_par' dir='ltr' id='par_1_56' title="bbox 401 5361 1990 5433">
     <span class='ocr_line' id='line_1_56' title="bbox 401 5361 1990 5433; baseline -0.001 -18"><span class='ocrx_word' id='word_1_450' title='bbox 401 5362 584 5417; x_wconf 89' lang='lat' dir='ltr'><strong>obrem</strong></span> <span class='ocrx_word' id='word_1_451' title='bbox 619 5377 684 5414; x_wconf 80' lang='lat' dir='ltr'><strong>ex</strong></span> <span class='ocrx_word' id='word_1_452' title='bbox 719 5363 919 5430; x_wconf 82' lang='lat' dir='ltr'><strong>ingenti</strong></span> <span class='ocrx_word' id='word_1_453' title='bbox 951 5365 1230 5417; x_wconf 80' lang='lat' dir='ltr'><strong>alacritate</strong></span> <span class='ocrx_word' id='word_1_454' title='bbox 1274 5374 1424 5433; x_wconf 84' lang='lat' dir='ltr'><strong>septa</strong></span> <span class='ocrx_word' id='word_1_455' title='bbox 1467 5361 1838 5426; x_wconf 82' lang='lat' dir='ltr'><strong>transiliebut,</strong></span> <span class='ocrx_word' id='word_1_456' title='bbox 1895 5376 1990 5429; x_wconf 91' lang='lat' dir='ltr'><strong>per</strong></span> 
     </span>
    </p>
   </div>
   <div class='ocr_carea' id='block_1_57' title="bbox 411 5452 1985 5522">
    <p class='ocr_par' dir='ltr' id='par_1_57' title="bbox 411 5452 1985 5522">
     <span class='ocr_line' id='line_1_57' title="bbox 411 5452 1985 5522; baseline -0.002 -16"><span class='ocrx_word' id='word_1_457' title='bbox 411 5454 588 5507; x_wconf 84' lang='lat' dir='ltr'><strong>omnia</strong></span> <span class='ocrx_word' id='word_1_458' title='bbox 619 5452 791 5522; x_wconf 89' lang='lat' dir='ltr'><strong>ipsum</strong></span> <span class='ocrx_word' id='word_1_459' title='bbox 819 5468 1034 5522; x_wconf 89' lang='lat' dir='ltr'><strong>quoque</strong></span> <span class='ocrx_word' id='word_1_460' title='bbox 1061 5453 1254 5506; x_wconf 65' lang='lat' dir='ltr'><strong>caelum</strong></span> <span class='ocrx_word' id='word_1_461' title='bbox 1283 5454 1689 5509; x_wconf 90' lang='lat' dir='ltr'><strong>transcendens.</strong></span> <span class='ocrx_word' id='word_1_462' title='bbox 1745 5454 1822 5506; x_wconf 89' lang='lat' dir='ltr'><strong>Ac</strong></span> <span class='ocrx_word' id='word_1_463' title='bbox 1865 5467 1985 5507; x_wconf 91' lang='lat' dir='ltr'><strong>cum</strong></span> 
     </span>
    </p>
   </div>
   <div class='ocr_carea' id='block_1_58' title="bbox 397 5543 1986 5610">
    <p class='ocr_par' dir='ltr' id='par_1_58' title="bbox 397 5543 1986 5610">
     <span class='ocr_line' id='line_1_58' title="bbox 397 5543 1986 5610; baseline -0.003 -10"><span class='ocrx_word' id='word_1_464' title='bbox 397 5546 712 5600; x_wconf 64' lang='lat' dir='ltr'><strong>Servitute&quot;)</strong></span> <span class='ocrx_word' id='word_1_465' title='bbox 763 5543 1009 5610; x_wconf 79' lang='lat' dir='ltr'><strong>dixisset,</strong></span> <span class='ocrx_word' id='word_1_466' title='bbox 1056 5543 1231 5597; x_wconf 89' lang='lat' dir='ltr'><strong>varios</strong></span> <span class='ocrx_word' id='word_1_467' title='bbox 1271 5545 1412 5599; x_wconf 87' lang='lat' dir='ltr'><strong>illius</strong></span> <span class='ocrx_word' id='word_1_468' title='bbox 1455 5545 1641 5600; x_wconf 88' lang='lat' dir='ltr'><strong>modos</strong></span> <span class='ocrx_word' id='word_1_469' title='bbox 1669 5543 1862 5599; x_wconf 89' lang='lat' dir='ltr'><strong>deinde</strong></span> <span class='ocrx_word' id='word_1_470' title='bbox 1903 5557 1986 5595; x_wconf 89' lang='lat' dir='ltr'><strong>re-</strong></span> 
     </span>
    </p>
   </div>
   <div class='ocr_carea' id='block_1_59' title="bbox 405 5635 1983 5706">
    <p class='ocr_par' dir='ltr' id='par_1_59' title="bbox 405 5635 1983 5706">
     <span class='ocr_line' id='line_1_59' title="bbox 405 5635 1983 5706; baseline -0.002 -14"><span class='ocrx_word' id='word_1_471' title='bbox 405 5649 609 5693; x_wconf 68' lang='lat' dir='ltr'><strong>censi-1.</strong></span> <span class='ocrx_word' id='word_1_472' title='bbox 643 5639 866 5705; x_wconf 83' lang='lat' dir='ltr'><strong>Quinam</strong></span> <span class='ocrx_word' id='word_1_473' title='bbox 898 5637 972 5691; x_wconf 91' lang='lat' dir='ltr'><strong>illi</strong></span> <span class='ocrx_word' id='word_1_474' title='bbox 1001 5639 1164 5690; x_wconf 80' lang='lat' dir='ltr'><strong>sunt?</strong></span> <span class='ocrx_word' id='word_1_475' title='bbox 1189 5635 1280 5694; x_wconf 88' lang='grc'><strong>20.</strong></span> <span class='ocrx_word' id='word_1_476' title='bbox 1310 5635 1378 5692; x_wconf 79' lang='lat' dir='ltr'><strong>Et</strong></span> <span class='ocrx_word' id='word_1_477' title='bbox 1407 5636 1570 5706; x_wconf 85' lang='lat' dir='ltr'><strong>factus</strong></span> <span class='ocrx_word' id='word_1_478' title='bbox 1598 5653 1711 5690; x_wconf 83' lang='lat' dir='ltr'><strong>sum</strong></span> <span class='ocrx_word' id='word_1_479' title='bbox 1731 5678 1744 5704; x_wconf 88' lang='lat'><strong>,</strong></span> <span class='ocrx_word' id='word_1_480' title='bbox 1777 5635 1983 5706; x_wconf 84' lang='lat' dir='ltr'><strong>inquit,</strong></span> 
     </span>
    </p>
   </div>
   <div class='ocr_carea' id='block_1_60' title="bbox 398 5727 1987 5810">
    <p class='ocr_par' dir='ltr' id='par_1_60' title="bbox 398 5727 1987 5810">
     <span class='ocr_line' id='line_1_60' title="bbox 398 5727 1987 5810; baseline -0.005 -24"><span class='ocrx_word' id='word_1_481' title='bbox 398 5731 613 5799; x_wconf 71' lang='lat' dir='ltr'><strong>Judais,</strong></span> <span class='ocrx_word' id='word_1_482' title='bbox 665 5741 920 5810; x_wconf 80' lang='lat' dir='ltr'><strong>tamquam</strong></span> <span class='ocrx_word' id='word_1_483' title='bbox 960 5729 1199 5798; x_wconf 66' lang='lat' dir='ltr'><strong>ludatis,</strong></span> <span class='ocrx_word' id='word_1_484' title='bbox 1258 5738 1313 5784; x_wconf 88' lang='lat' dir='ltr'><strong>ut</strong></span> <span class='ocrx_word' id='word_1_485' title='bbox 1363 5728 1577 5782; x_wconf 75' lang='lat' dir='ltr'><strong>ludam</strong></span> <span class='ocrx_word' id='word_1_486' title='bbox 1620 5727 1864 5782; x_wconf 85' lang='lat' dir='ltr'><strong>lucrarer.</strong></span> <span class='ocrx_word' id='word_1_487' title='bbox 1922 5727 1987 5780; x_wconf 87' lang='lat' dir='ltr'><strong>Et</strong></span> 
     </span>
    </p>
   </div>
   <div class='ocr_carea' id='block_1_61' title="bbox 2099 410 3694 492">
    <p class='ocr_par' dir='ltr' id='par_1_61' title="bbox 2099 410 3694 492">
     <span class='ocr_line' id='line_1_61' title="bbox 2099 410 3694 492; baseline 0.014 -32"><span class='ocrx_word' id='word_1_488' title='bbox 2099 410 2367 478; x_wconf 89' lang='lat' dir='ltr'><strong>quomodo</strong></span> <span class='ocrx_word' id='word_1_489' title='bbox 2409 412 2510 466; x_wconf 92' lang='lat' dir='ltr'><strong>hoc</strong></span> <span class='ocrx_word' id='word_1_490' title='bbox 2542 413 2736 469; x_wconf 79' lang='lat' dir='ltr'><strong>factum</strong></span> <span class='ocrx_word' id='word_1_491' title='bbox 2768 416 2889 470; x_wconf 82' lang='lat' dir='ltr'><strong>est?</strong></span> <span class='ocrx_word' id='word_1_492' title='bbox 2934 418 3158 485; x_wconf 86' lang='lat' dir='ltr'><strong>Quando</strong></span> <span class='ocrx_word' id='word_1_493' title='bbox 3211 421 3580 492; x_wconf 80' lang='lat' dir='ltr'><strong>circumcidit,</strong></span> <span class='ocrx_word' id='word_1_494' title='bbox 3641 442 3694 482; x_wconf 88' lang='lat' dir='ltr'><strong>ut</strong></span> 
     </span>
    </p>
   </div>
   <div class='ocr_carea' id='block_1_62' title="bbox 2097 504 3690 583">
    <p class='ocr_par' dir='ltr' id='par_1_62' title="bbox 2097 504 3690 583">
     <span class='ocr_line' id='line_1_62' title="bbox 2097 504 3690 583; baseline 0.01 -27"><span class='ocrx_word' id='word_1_495' title='bbox 2097 511 2362 556; x_wconf 76' lang='lat' dir='ltr'><strong>everteret</strong></span> <span class='ocrx_word' id='word_1_496' title='bbox 2400 504 2886 562; x_wconf 88' lang='lat' dir='ltr'><strong>circumcisioncm.</strong></span> <span class='ocrx_word' id='word_1_497' title='bbox 2931 509 3058 563; x_wconf 84' lang='lat' dir='ltr'><strong>Ideo</strong></span> <span class='ocrx_word' id='word_1_498' title='bbox 3092 526 3196 566; x_wconf 92' lang='lat' dir='ltr'><strong>non</strong></span> <span class='ocrx_word' id='word_1_499' title='bbox 3226 512 3398 577; x_wconf 80' lang='lat' dir='ltr'><strong>dixit,</strong></span> <span class='ocrx_word' id='word_1_500' title='bbox 3430 515 3690 583; x_wconf 72' lang='lat' dir='ltr'><strong>Judtcus;</strong></span> 
     </span>
    </p>
   </div>
   <div class='ocr_carea' id='block_1_63' title="bbox 2097 591 3692 676">
    <p class='ocr_par' dir='ltr' id='par_1_63' title="bbox 2097 591 3692 676">
     <span class='ocr_line' id='line_1_63' title="bbox 2097 591 3692 676; baseline 0.013 -32"><span class='ocrx_word' id='word_1_501' title='bbox 2097 591 2212 654; x_wconf 86' lang='lat' dir='ltr'><strong>sed,</strong></span> <span class='ocrx_word' id='word_1_502' title='bbox 2241 591 2526 664; x_wconf 87' lang='lat' dir='ltr'><strong>Tamquam</strong></span> <span class='ocrx_word' id='word_1_503' title='bbox 2565 595 2802 664; x_wconf 75' lang='lat' dir='ltr'><strong>Judwus,</strong></span> <span class='ocrx_word' id='word_1_504' title='bbox 2835 600 2978 671; x_wconf 90' lang='lat' dir='ltr'><strong>quod</strong></span> <span class='ocrx_word' id='word_1_505' title='bbox 3011 612 3126 656; x_wconf 82' lang='lat' dir='ltr'><strong>erat</strong></span> <span class='ocrx_word' id='word_1_506' title='bbox 3165 603 3522 674; x_wconf 88' lang='lat' dir='ltr'><strong>dispensatio.</strong></span> <span class='ocrx_word' id='word_1_507' title='bbox 3555 609 3692 676; x_wconf 86' lang='lat' dir='ltr'><strong>Quid</strong></span> 
     </span>
    </p>
   </div>
   <div class='ocr_carea' id='block_1_64' title="bbox 2097 681 3691 768">
    <p class='ocr_par' dir='ltr' id='par_1_64' title="bbox 2097 681 3691 768">
     <span class='ocr_line' id='line_1_64' title="bbox 2097 681 3691 768; baseline 0.013 -32"><span class='ocrx_word' id='word_1_508' title='bbox 2097 681 2272 737; x_wconf 89' lang='lat' dir='ltr'><strong>dicis?</strong></span> <span class='ocrx_word' id='word_1_509' title='bbox 2323 701 2500 755; x_wconf 67' lang='lat' dir='ltr'><strong>praeco</strong></span> <span class='ocrx_word' id='word_1_510' title='bbox 2545 689 2690 742; x_wconf 89' lang='lat' dir='ltr'><strong>orbis</strong></span> <span class='ocrx_word' id='word_1_511' title='bbox 2709 732 2722 755; x_wconf 92' lang='lat'><strong>,</strong></span> <span class='ocrx_word' id='word_1_512' title='bbox 2753 692 2840 761; x_wconf 90' lang='lat' dir='ltr'><strong>qui</strong></span> <span class='ocrx_word' id='word_1_513' title='bbox 2869 693 3033 746; x_wconf 65' lang='lat' dir='ltr'><strong>caelus</strong></span> <span class='ocrx_word' id='word_1_514' title='bbox 3063 695 3209 763; x_wconf 89' lang='lat' dir='ltr'><strong>ipsos</strong></span> <span class='ocrx_word' id='word_1_515' title='bbox 3241 697 3438 768; x_wconf 78' lang='lat' dir='ltr'><strong>tetigit,</strong></span> <span class='ocrx_word' id='word_1_516' title='bbox 3471 709 3524 756; x_wconf 92' lang='lat' dir='ltr'><strong>et</strong></span> <span class='ocrx_word' id='word_1_517' title='bbox 3554 702 3691 756; x_wconf 82' lang='lat' dir='ltr'><strong>adeo</strong></span> 
     </span>
    </p>
   </div>
   <div class='ocr_carea' id='block_1_65' title="bbox 2098 775 3690 856">
    <p class='ocr_par' dir='ltr' id='par_1_65' title="bbox 2098 775 3690 856">
     <span class='ocr_line' id='line_1_65' title="bbox 2098 775 3690 856; baseline 0.01 -28"><span class='ocrx_word' id='word_1_518' title='bbox 2098 775 2149 828; x_wconf 92' lang='lat' dir='ltr'><strong>in</strong></span> <span class='ocrx_word' id='word_1_519' title='bbox 2176 778 2343 848; x_wconf 87' lang='lat' dir='ltr'><strong>gratia</strong></span> <span class='ocrx_word' id='word_1_520' title='bbox 2366 777 2532 846; x_wconf 81' lang='lat' dir='ltr'><strong>fulsit,</strong></span> <span class='ocrx_word' id='word_1_521' title='bbox 2564 781 2609 834; x_wconf 90' lang='lat' dir='ltr'><strong>is</strong></span> <span class='ocrx_word' id='word_1_522' title='bbox 2637 793 2857 852; x_wconf 89' lang='lat' dir='ltr'><strong>repente</strong></span> <span class='ocrx_word' id='word_1_523' title='bbox 2899 793 3102 840; x_wconf 85' lang='lat' dir='ltr'><strong>tantum</strong></span> <span class='ocrx_word' id='word_1_524' title='bbox 3134 787 3452 845; x_wconf 83' lang='lat' dir='ltr'><strong>descendit?</strong></span> <span class='ocrx_word' id='word_1_525' title='bbox 3482 792 3690 856; x_wconf 82' lang='lat' dir='ltr'><strong>Etiam;</strong></span> 
     </span>
    </p>
   </div>
   <div class='ocr_carea' id='block_1_66' title="bbox 2099 866 3690 946">
    <p class='ocr_par' dir='ltr' id='par_1_66' title="bbox 2099 866 3690 946">
     <span class='ocr_line' id='line_1_66' title="bbox 2099 866 3690 946; baseline 0.011 -27"><span class='ocrx_word' id='word_1_526' title='bbox 2099 866 2201 922; x_wconf 85' lang='lat' dir='ltr'><strong>hoc</strong></span> <span class='ocrx_word' id='word_1_527' title='bbox 2243 869 2386 923; x_wconf 90' lang='lat' dir='ltr'><strong>enim</strong></span> <span class='ocrx_word' id='word_1_528' title='bbox 2419 879 2499 925; x_wconf 91' lang='lat' dir='ltr'><strong>est</strong></span> <span class='ocrx_word' id='word_1_529' title='bbox 2525 872 2840 928; x_wconf 88' lang='lat' dir='ltr'><strong>ascendere.</strong></span> <span class='ocrx_word' id='word_1_530' title='bbox 2870 875 3056 946; x_wconf 87' lang='lat' dir='ltr'><strong>Neque</strong></span> <span class='ocrx_word' id='word_1_531' title='bbox 3093 879 3236 932; x_wconf 90' lang='lat' dir='ltr'><strong>enim</strong></span> <span class='ocrx_word' id='word_1_532' title='bbox 3269 878 3369 933; x_wconf 91' lang='lat' dir='ltr'><strong>hoc</strong></span> <span class='ocrx_word' id='word_1_533' title='bbox 3395 882 3570 936; x_wconf 84' lang='lat' dir='ltr'><strong>solum</strong></span> <span class='ocrx_word' id='word_1_534' title='bbox 3605 898 3690 936; x_wconf 90' lang='lat' dir='ltr'><strong>re-</strong></span> 
     </span>
    </p>
   </div>
   <div class='ocr_carea' id='block_1_67' title="bbox 2096 959 3684 1042">
    <p class='ocr_par' dir='ltr' id='par_1_67' title="bbox 2096 959 3684 1042">
     <span class='ocr_line' id='line_1_67' title="bbox 2096 959 3684 1042; baseline 0.008 -28"><span class='ocrx_word' id='word_1_535' title='bbox 2096 959 2312 1027; x_wconf 80' lang='lat' dir='ltr'><strong>Spicias,</strong></span> <span class='ocrx_word' id='word_1_536' title='bbox 2362 962 2503 1032; x_wconf 90' lang='lat' dir='ltr'><strong>quod</strong></span> <span class='ocrx_word' id='word_1_537' title='bbox 2531 963 2843 1030; x_wconf 90' lang='lat' dir='ltr'><strong>descendat,</strong></span> <span class='ocrx_word' id='word_1_538' title='bbox 2885 967 2979 1021; x_wconf 88' lang='lat' dir='ltr'><strong>sed</strong></span> <span class='ocrx_word' id='word_1_539' title='bbox 3011 969 3152 1037; x_wconf 83' lang='lat' dir='ltr'><strong>quod</strong></span> <span class='ocrx_word' id='word_1_540' title='bbox 3193 969 3352 1023; x_wconf 88' lang='lat' dir='ltr'><strong>etiam</strong></span> <span class='ocrx_word' id='word_1_541' title='bbox 3386 986 3544 1039; x_wconf 90' lang='lat' dir='ltr'><strong>eum,</strong></span> <span class='ocrx_word' id='word_1_542' title='bbox 3596 975 3684 1042; x_wconf 90' lang='lat' dir='ltr'><strong>qui</strong></span> 
     </span>
    </p>
   </div>
   <div class='ocr_carea' id='block_1_68' title="bbox 2097 1048 3689 1133">
    <p class='ocr_par' dir='ltr' id='par_1_68' title="bbox 2097 1048 3689 1133">
     <span class='ocr_line' id='line_1_68' title="bbox 2097 1048 3689 1133; baseline 0.009 -30"><span class='ocrx_word' id='word_1_543' title='bbox 2097 1048 2305 1106; x_wconf 79' lang='lat' dir='ltr'><strong>inferne</strong></span> <span class='ocrx_word' id='word_1_544' title='bbox 2349 1052 2514 1123; x_wconf 83' lang='lat' dir='ltr'><strong>jacet,</strong></span> <span class='ocrx_word' id='word_1_545' title='bbox 2562 1055 2732 1126; x_wconf 83' lang='lat' dir='ltr'><strong>erigat</strong></span> <span class='ocrx_word' id='word_1_546' title='bbox 2770 1067 2826 1110; x_wconf 89' lang='lat' dir='ltr'><strong>et</strong></span> <span class='ocrx_word' id='word_1_547' title='bbox 2867 1058 2934 1111; x_wconf 88' lang='lat' dir='ltr'><strong>ad</strong></span> <span class='ocrx_word' id='word_1_548' title='bbox 2965 1073 3023 1112; x_wconf 89' lang='lat' dir='ltr'><strong>se</strong></span> <span class='ocrx_word' id='word_1_549' title='bbox 3053 1060 3305 1114; x_wconf 87' lang='lat' dir='ltr'><strong>adducat.</strong></span> <span class='ocrx_word' id='word_1_550' title='bbox 3347 1061 3436 1116; x_wconf 87' lang='grc'><strong>21.</strong></span> <span class='ocrx_word' id='word_1_551' title='bbox 3487 1062 3565 1117; x_wconf 80' lang='lat' dir='ltr'><strong>lis</strong></span> <span class='ocrx_word' id='word_1_552' title='bbox 3603 1067 3689 1133; x_wconf 87' lang='lat' dir='ltr'><strong>qui</strong></span> 
     </span>
    </p>
   </div>
   <div class='ocr_carea' id='block_1_69' title="bbox 2095 1140 3688 1218">
    <p class='ocr_par' dir='ltr' id='par_1_69' title="bbox 2095 1140 3688 1218">
     <span class='ocr_line' id='line_1_69' title="bbox 2095 1140 3688 1218; baseline 0.009 -25"><span class='ocrx_word' id='word_1_553' title='bbox 2095 1142 2186 1193; x_wconf 82' lang='lat' dir='ltr'><strong>sub</strong></span> <span class='ocrx_word' id='word_1_554' title='bbox 2230 1140 2335 1210; x_wconf 86' lang='lat' dir='ltr'><strong>lege</strong></span> <span class='ocrx_word' id='word_1_555' title='bbox 2377 1153 2521 1209; x_wconf 88' lang='lat' dir='ltr'><strong>sunt,</strong></span> <span class='ocrx_word' id='word_1_556' title='bbox 2558 1146 2703 1214; x_wconf 87' lang='lat' dir='ltr'><strong>quasi</strong></span> <span class='ocrx_word' id='word_1_557' title='bbox 2731 1146 2822 1199; x_wconf 85' lang='lat' dir='ltr'><strong>sub</strong></span> <span class='ocrx_word' id='word_1_558' title='bbox 2865 1147 2972 1218; x_wconf 82' lang='lat' dir='ltr'><strong>lege</strong></span> <span class='ocrx_word' id='word_1_559' title='bbox 3009 1165 3166 1202; x_wconf 83' lang='lat' dir='ltr'><strong>essent</strong></span> <span class='ocrx_word' id='word_1_560' title='bbox 3189 1191 3204 1215; x_wconf 92' lang='lat'><strong>,</strong></span> <span class='ocrx_word' id='word_1_561' title='bbox 3247 1167 3364 1203; x_wconf 86' lang='lat' dir='ltr'><strong>cum</strong></span> <span class='ocrx_word' id='word_1_562' title='bbox 3402 1169 3502 1206; x_wconf 84' lang='lat' dir='ltr'><strong>non</strong></span> <span class='ocrx_word' id='word_1_563' title='bbox 3530 1171 3688 1208; x_wconf 77' lang='lat' dir='ltr'><strong>essent</strong></span> 
     </span>
    </p>
   </div>
   <div class='ocr_carea' id='block_1_70' title="bbox 2096 1232 3434 1312">
    <p class='ocr_par' dir='ltr' id='par_1_70' title="bbox 2096 1232 3434 1312">
     <span class='ocr_line' id='line_1_70' title="bbox 2096 1232 3434 1312; baseline 0.01 -29"><span class='ocrx_word' id='word_1_564' title='bbox 2096 1232 2186 1284; x_wconf 86' lang='lat' dir='ltr'><strong>sub</strong></span> <span class='ocrx_word' id='word_1_565' title='bbox 2221 1232 2347 1302; x_wconf 85' lang='lat' dir='ltr'><strong>lege,</strong></span> <span class='ocrx_word' id='word_1_566' title='bbox 2386 1243 2439 1286; x_wconf 87' lang='lat' dir='ltr'><strong>ut</strong></span> <span class='ocrx_word' id='word_1_567' title='bbox 2467 1251 2549 1288; x_wconf 86' lang='lat' dir='ltr'><strong>eos</strong></span> <span class='ocrx_word' id='word_1_568' title='bbox 2573 1237 2659 1305; x_wconf 85' lang='lat' dir='ltr'><strong>qui</strong></span> <span class='ocrx_word' id='word_1_569' title='bbox 2681 1237 2768 1291; x_wconf 85' lang='lat' dir='ltr'><strong>sub</strong></span> <span class='ocrx_word' id='word_1_570' title='bbox 2792 1237 2898 1309; x_wconf 89' lang='lat' dir='ltr'><strong>lege</strong></span> <span class='ocrx_word' id='word_1_571' title='bbox 2922 1249 3038 1292; x_wconf 87' lang='lat' dir='ltr'><strong>sunt</strong></span> <span class='ocrx_word' id='word_1_572' title='bbox 3067 1239 3434 1312; x_wconf 77' lang='lat' dir='ltr'><strong>lucrifacerem.</strong></span> 
     </span>
    </p>
   </div>
   <div class='ocr_carea' id='block_1_71' title="bbox 2166 1323 3686 1404">
    <p class='ocr_par' dir='ltr' id='par_1_71' title="bbox 2166 1323 3686 1404">
     <span class='ocr_line' id='line_1_71' title="bbox 2166 1323 3686 1404; baseline 0.01 -29"><span class='ocrx_word' id='word_1_573' title='bbox 2166 1323 2220 1376; x_wconf 77' lang='lat'><strong>5.</strong></span> <span class='ocrx_word' id='word_1_574' title='bbox 2262 1325 2367 1378; x_wconf 86' lang='lat' dir='ltr'><strong>Aut</strong></span> <span class='ocrx_word' id='word_1_575' title='bbox 2411 1335 2491 1379; x_wconf 88' lang='lat' dir='ltr'><strong>est</strong></span> <span class='ocrx_word' id='word_1_576' title='bbox 2538 1327 2824 1396; x_wconf 79' lang='lat' dir='ltr'><strong>explicatio</strong></span> <span class='ocrx_word' id='word_1_577' title='bbox 2863 1330 3057 1396; x_wconf 91' lang='lat' dir='ltr'><strong>prioris</strong></span> <span class='ocrx_word' id='word_1_578' title='bbox 3093 1332 3244 1400; x_wconf 89' lang='lat' dir='ltr'><strong>dicti,</strong></span> <span class='ocrx_word' id='word_1_579' title='bbox 3282 1345 3374 1387; x_wconf 90' lang='lat' dir='ltr'><strong>aut</strong></span> <span class='ocrx_word' id='word_1_580' title='bbox 3413 1335 3686 1404; x_wconf 86' lang='lat' dir='ltr'><strong>quidpiam</strong></span> 
     </span>
    </p>
   </div>
   <div class='ocr_carea' id='block_1_72' title="bbox 2095 1414 3687 1493">
    <p class='ocr_par' dir='ltr' id='par_1_72' title="bbox 2095 1414 3687 1493">
     <span class='ocr_line' id='line_1_72' title="bbox 2095 1414 3687 1493; baseline 0.009 -26"><span class='ocrx_word' id='word_1_581' title='bbox 2095 1414 2396 1469; x_wconf 88' lang='lat' dir='ltr'><strong>subindicat</strong></span> <span class='ocrx_word' id='word_1_582' title='bbox 2420 1425 2614 1487; x_wconf 59' lang='lat' dir='ltr'><strong>praeter</strong></span> <span class='ocrx_word' id='word_1_583' title='bbox 2644 1417 2771 1473; x_wconf 89' lang='lat' dir='ltr'><strong>illud</strong></span> <span class='ocrx_word' id='word_1_584' title='bbox 2799 1421 2946 1488; x_wconf 89' lang='lat' dir='ltr'><strong>prius</strong></span> <span class='ocrx_word' id='word_1_585' title='bbox 2981 1437 2994 1473; x_wconf 89' lang='lat'><strong>:</strong></span> <span class='ocrx_word' id='word_1_586' title='bbox 3023 1421 3238 1477; x_wconf 79' lang='lat' dir='ltr'><strong>Judaeos</strong></span> <span class='ocrx_word' id='word_1_587' title='bbox 3267 1424 3480 1493; x_wconf 88' lang='lat' dir='ltr'><strong>quidem</strong></span> <span class='ocrx_word' id='word_1_588' title='bbox 3503 1427 3687 1481; x_wconf 88' lang='lat' dir='ltr'><strong>dicens</strong></span> 
     </span>
    </p>
   </div>
   <div class='ocr_carea' id='block_1_73' title="bbox 2095 1506 3688 1587">
    <p class='ocr_par' dir='ltr' id='par_1_73' title="bbox 2095 1506 3688 1587">
     <span class='ocr_line' id='line_1_73' title="bbox 2095 1506 3688 1587; baseline 0.009 -29"><span class='ocrx_word' id='word_1_589' title='bbox 2095 1519 2211 1570; x_wconf 88' lang='lat' dir='ltr'><strong>eos,</strong></span> <span class='ocrx_word' id='word_1_590' title='bbox 2245 1506 2334 1574; x_wconf 91' lang='lat' dir='ltr'><strong>qui</strong></span> <span class='ocrx_word' id='word_1_591' title='bbox 2358 1507 2468 1575; x_wconf 88' lang='lat' dir='ltr'><strong>jam</strong></span> <span class='ocrx_word' id='word_1_592' title='bbox 2496 1509 2625 1562; x_wconf 89' lang='lat' dir='ltr'><strong>olim</strong></span> <span class='ocrx_word' id='word_1_593' title='bbox 2654 1508 2720 1563; x_wconf 88' lang='lat' dir='ltr'><strong>ab</strong></span> <span class='ocrx_word' id='word_1_594' title='bbox 2751 1510 2902 1564; x_wconf 89' lang='lat' dir='ltr'><strong>initio</strong></span> <span class='ocrx_word' id='word_1_595' title='bbox 2935 1511 3066 1566; x_wconf 88' lang='lat' dir='ltr'><strong>tales</strong></span> <span class='ocrx_word' id='word_1_596' title='bbox 3092 1525 3279 1578; x_wconf 89' lang='lat' dir='ltr'><strong>erant;</strong></span> <span class='ocrx_word' id='word_1_597' title='bbox 3316 1517 3416 1568; x_wconf 90' lang='lat' dir='ltr'><strong>sub</strong></span> <span class='ocrx_word' id='word_1_598' title='bbox 3449 1516 3569 1587; x_wconf 80' lang='lat' dir='ltr'><strong>lege</strong></span> <span class='ocrx_word' id='word_1_599' title='bbox 3593 1533 3688 1572; x_wconf 88' lang='lat' dir='ltr'><strong>au-</strong></span> 
     </span>
    </p>
   </div>
   <div class='ocr_carea' id='block_1_74' title="bbox 2097 1599 3689 1672">
    <p class='ocr_par' dir='ltr' id='par_1_74' title="bbox 2097 1599 3689 1672">
     <span class='ocr_line' id='line_1_74' title="bbox 2097 1599 3689 1672; baseline 0.01 -23"><span class='ocrx_word' id='word_1_600' title='bbox 2097 1604 2202 1650; x_wconf 88' lang='lat' dir='ltr'><strong>tem</strong></span> <span class='ocrx_word' id='word_1_601' title='bbox 2224 1638 2238 1663; x_wconf 93' lang='lat'><strong>,</strong></span> <span class='ocrx_word' id='word_1_602' title='bbox 2291 1599 2592 1670; x_wconf 82' lang='lat' dir='ltr'><strong>proselytos</strong></span> <span class='ocrx_word' id='word_1_603' title='bbox 2612 1640 2626 1664; x_wconf 94' lang='lat'><strong>,</strong></span> <span class='ocrx_word' id='word_1_604' title='bbox 2675 1610 2766 1654; x_wconf 91' lang='lat' dir='ltr'><strong>aut</strong></span> <span class='ocrx_word' id='word_1_605' title='bbox 2794 1616 2888 1655; x_wconf 89' lang='lat' dir='ltr'><strong>eos</strong></span> <span class='ocrx_word' id='word_1_606' title='bbox 2917 1603 3004 1672; x_wconf 89' lang='lat' dir='ltr'><strong>qui</strong></span> <span class='ocrx_word' id='word_1_607' title='bbox 3037 1603 3224 1659; x_wconf 84' lang='lat' dir='ltr'><strong>ﬁdeles</strong></span> <span class='ocrx_word' id='word_1_608' title='bbox 3250 1616 3405 1660; x_wconf 88' lang='lat' dir='ltr'><strong>erant</strong></span> <span class='ocrx_word' id='word_1_609' title='bbox 3433 1618 3481 1661; x_wconf 91' lang='lat' dir='ltr'><strong>et</strong></span> <span class='ocrx_word' id='word_1_610' title='bbox 3515 1609 3689 1666; x_wconf 85' lang='lat' dir='ltr'><strong>adhuc</strong></span> 
     </span>
    </p>
   </div>
   <div class='ocr_carea' id='block_1_75' title="bbox 2096 1686 3686 1767">
    <p class='ocr_par' dir='ltr' id='par_1_75' title="bbox 2096 1686 3686 1767">
     <span class='ocr_line' id='line_1_75' title="bbox 2096 1686 3686 1767; baseline 0.009 -28"><span class='ocrx_word' id='word_1_611' title='bbox 2096 1686 2196 1755; x_wconf 85' lang='lat' dir='ltr'><strong>legi</strong></span> <span class='ocrx_word' id='word_1_612' title='bbox 2229 1688 2522 1743; x_wconf 61' lang='lat' dir='ltr'><strong>haerebant.</strong></span> <span class='ocrx_word' id='word_1_613' title='bbox 2545 1689 2659 1743; x_wconf 85' lang='lat' dir='ltr'><strong>Non</strong></span> <span class='ocrx_word' id='word_1_614' title='bbox 2687 1692 2827 1744; x_wconf 90' lang='lat' dir='ltr'><strong>enim</strong></span> <span class='ocrx_word' id='word_1_615' title='bbox 2862 1694 2994 1746; x_wconf 88' lang='lat' dir='ltr'><strong>ultra</strong></span> <span class='ocrx_word' id='word_1_616' title='bbox 3022 1707 3176 1749; x_wconf 88' lang='lat' dir='ltr'><strong>erant</strong></span> <span class='ocrx_word' id='word_1_617' title='bbox 3201 1709 3471 1766; x_wconf 87' lang='lat' dir='ltr'><strong>tamquam</strong></span> <span class='ocrx_word' id='word_1_618' title='bbox 3495 1699 3686 1767; x_wconf 74' lang='lat' dir='ltr'><strong>Judzl‘i,</strong></span> 
     </span>
    </p>
   </div>
   <div class='ocr_carea' id='block_1_76' title="bbox 2093 1779 3685 1859">
    <p class='ocr_par' dir='ltr' id='par_1_76' title="bbox 2093 1779 3685 1859">
     <span class='ocr_line' id='line_1_76' title="bbox 2093 1779 3685 1859; baseline 0.009 -27"><span class='ocrx_word' id='word_1_619' title='bbox 2093 1779 2186 1832; x_wconf 89' lang='lat' dir='ltr'><strong>sed</strong></span> <span class='ocrx_word' id='word_1_620' title='bbox 2239 1779 2340 1834; x_wconf 88' lang='lat' dir='ltr'><strong>sub</strong></span> <span class='ocrx_word' id='word_1_621' title='bbox 2385 1781 2524 1850; x_wconf 83' lang='lat' dir='ltr'><strong>lege.</strong></span> <span class='ocrx_word' id='word_1_622' title='bbox 2569 1783 2634 1836; x_wconf 84' lang='lat' dir='ltr'><strong>Et</strong></span> <span class='ocrx_word' id='word_1_623' title='bbox 2663 1783 2878 1852; x_wconf 83' lang='lat' dir='ltr'><strong>quando</strong></span> <span class='ocrx_word' id='word_1_624' title='bbox 2908 1785 3072 1839; x_wconf 84' lang='lat' dir='ltr'><strong>lactus</strong></span> <span class='ocrx_word' id='word_1_625' title='bbox 3099 1795 3182 1840; x_wconf 86' lang='lat' dir='ltr'><strong>est</strong></span> <span class='ocrx_word' id='word_1_626' title='bbox 3209 1789 3308 1842; x_wconf 90' lang='lat' dir='ltr'><strong>sub</strong></span> <span class='ocrx_word' id='word_1_627' title='bbox 3349 1788 3510 1859; x_wconf 84' lang='lat' dir='ltr'><strong>lege?</strong></span> <span class='ocrx_word' id='word_1_628' title='bbox 3553 1791 3685 1846; x_wconf 91' lang='lat' dir='ltr'><strong>Cum</strong></span> 
     </span>
    </p>
   </div>
   <div class='ocr_carea' id='block_1_77' title="bbox 2099 1871 3683 1946">
    <p class='ocr_par' dir='ltr' id='par_1_77' title="bbox 2099 1871 3683 1946">
     <span class='ocr_line' id='line_1_77' title="bbox 2099 1871 3683 1946; baseline 0.008 -22"><span class='ocrx_word' id='word_1_629' title='bbox 2099 1879 2284 1925; x_wconf 89' lang='lat' dir='ltr'><strong>tonsus</strong></span> <span class='ocrx_word' id='word_1_630' title='bbox 2316 1871 2449 1934; x_wconf 83' lang='lat' dir='ltr'><strong>fuit,</strong></span> <span class='ocrx_word' id='word_1_631' title='bbox 2497 1887 2618 1926; x_wconf 91' lang='lat' dir='ltr'><strong>cum</strong></span> <span class='ocrx_word' id='word_1_632' title='bbox 2651 1875 2978 1929; x_wconf 78' lang='lat' dir='ltr'><strong>sacriﬁcavit</strong></span> <span class='ocrx_word' id='word_1_633' title='bbox 3031 1876 3157 1931; x_wconf 68' lang='lat' dir='ltr'><strong>llaac</strong></span> <span class='ocrx_word' id='word_1_634' title='bbox 3190 1893 3348 1945; x_wconf 91' lang='lat' dir='ltr'><strong>porro</strong></span> <span class='ocrx_word' id='word_1_635' title='bbox 3375 1879 3515 1935; x_wconf 80' lang='lat' dir='ltr'><strong>facta</strong></span> <span class='ocrx_word' id='word_1_636' title='bbox 3540 1892 3683 1946; x_wconf 88' lang='lat' dir='ltr'><strong>sunt,</strong></span> 
     </span>
    </p>
   </div>
   <div class='ocr_carea' id='block_1_78' title="bbox 2094 1962 3686 2032">
    <p class='ocr_par' dir='ltr' id='par_1_78' title="bbox 2094 1962 3686 2032">
     <span class='ocr_line' id='line_1_78' title="bbox 2094 1962 3686 2032; baseline 0.008 -18"><span class='ocrx_word' id='word_1_637' title='bbox 2094 1978 2200 2014; x_wconf 90' lang='lat' dir='ltr'><strong>non</strong></span> <span class='ocrx_word' id='word_1_638' title='bbox 2229 1962 2369 2031; x_wconf 88' lang='lat' dir='ltr'><strong>quod</strong></span> <span class='ocrx_word' id='word_1_639' title='bbox 2397 1963 2720 2020; x_wconf 86' lang='lat' dir='ltr'><strong>sententiam</strong></span> <span class='ocrx_word' id='word_1_640' title='bbox 2746 1977 3036 2032; x_wconf 84' lang='lat' dir='ltr'><strong>mutasset;</strong></span> <span class='ocrx_word' id='word_1_641' title='bbox 3087 1967 3271 2024; x_wconf 80' lang='lat' dir='ltr'><strong>fuisset</strong></span> <span class='ocrx_word' id='word_1_642' title='bbox 3312 1973 3454 2025; x_wconf 91' lang='lat' dir='ltr'><strong>enim</strong></span> <span class='ocrx_word' id='word_1_643' title='bbox 3503 1988 3564 2026; x_wconf 90' lang='lat' dir='ltr'><strong>ea</strong></span> <span class='ocrx_word' id='word_1_644' title='bbox 3602 1989 3686 2027; x_wconf 86' lang='lat' dir='ltr'><strong>res</strong></span> 
     </span>
    </p>
   </div>
   <div class='ocr_carea' id='block_1_79' title="bbox 2095 2052 3686 2128">
    <p class='ocr_par' dir='ltr' id='par_1_79' title="bbox 2095 2052 3686 2128">
     <span class='ocr_line' id='line_1_79' title="bbox 2095 2052 3686 2128; baseline 0.009 -24"><span class='ocrx_word' id='word_1_645' title='bbox 2095 2052 2274 2118; x_wconf 85' lang='lat' dir='ltr'><strong>mala;</strong></span> <span class='ocrx_word' id='word_1_646' title='bbox 2331 2053 2424 2107; x_wconf 91' lang='lat' dir='ltr'><strong>sed</strong></span> <span class='ocrx_word' id='word_1_647' title='bbox 2468 2055 2690 2110; x_wconf 90' lang='lat' dir='ltr'><strong>caritate</strong></span> <span class='ocrx_word' id='word_1_648' title='bbox 2731 2071 2851 2111; x_wconf 90' lang='lat' dir='ltr'><strong>sese</strong></span> <span class='ocrx_word' id='word_1_649' title='bbox 2893 2067 3304 2128; x_wconf 88' lang='lat' dir='ltr'><strong>attemperante.</strong></span> <span class='ocrx_word' id='word_1_650' title='bbox 3348 2061 3480 2116; x_wconf 84' lang='lat' dir='ltr'><strong>Nam</strong></span> <span class='ocrx_word' id='word_1_651' title='bbox 3512 2074 3569 2116; x_wconf 86' lang='lat' dir='ltr'><strong>ut</strong></span> <span class='ocrx_word' id='word_1_652' title='bbox 3594 2079 3686 2118; x_wconf 85' lang='lat' dir='ltr'><strong>eos</strong></span> 
     </span>
    </p>
   </div>
   <div class='ocr_carea' id='block_1_80' title="bbox 2093 2144 3684 2224">
    <p class='ocr_par' dir='ltr' id='par_1_80' title="bbox 2093 2144 3684 2224">
     <span class='ocr_line' id='line_1_80' title="bbox 2093 2144 3684 2224; baseline 0.008 -28"><span class='ocrx_word' id='word_1_653' title='bbox 2093 2144 2182 2212; x_wconf 88' lang='lat' dir='ltr'><strong>qui</strong></span> <span class='ocrx_word' id='word_1_654' title='bbox 2216 2159 2339 2199; x_wconf 90' lang='lat' dir='ltr'><strong>vere</strong></span> <span class='ocrx_word' id='word_1_655' title='bbox 2365 2154 2518 2199; x_wconf 89' lang='lat' dir='ltr'><strong>erant</strong></span> <span class='ocrx_word' id='word_1_656' title='bbox 2550 2145 2615 2200; x_wconf 90' lang='lat' dir='ltr'><strong>ad</strong></span> <span class='ocrx_word' id='word_1_657' title='bbox 2648 2146 2762 2204; x_wconf 75' lang='lat' dir='ltr'><strong>lucc</strong></span> <span class='ocrx_word' id='word_1_658' title='bbox 2795 2149 3134 2218; x_wconf 90' lang='lat' dir='ltr'><strong>traduceret,</strong></span> <span class='ocrx_word' id='word_1_659' title='bbox 3177 2151 3348 2207; x_wconf 81' lang='lat' dir='ltr'><strong>factus</strong></span> <span class='ocrx_word' id='word_1_660' title='bbox 3377 2163 3462 2208; x_wconf 91' lang='lat' dir='ltr'><strong>est</strong></span> <span class='ocrx_word' id='word_1_661' title='bbox 3491 2165 3546 2209; x_wconf 89' lang='lat' dir='ltr'><strong>et</strong></span> <span class='ocrx_word' id='word_1_662' title='bbox 3575 2157 3684 2224; x_wconf 85' lang='lat' dir='ltr'><strong>ipse</strong></span> 
     </span>
    </p>
   </div>
   <div class='ocr_carea' id='block_1_81' title="bbox 2095 2233 3683 2313">
    <p class='ocr_par' dir='ltr' id='par_1_81' title="bbox 2095 2233 3683 2313">
     <span class='ocr_line' id='line_1_81' title="bbox 2095 2233 3683 2313; baseline 0.009 -27"><span class='ocrx_word' id='word_1_663' title='bbox 2095 2233 2344 2306; x_wconf 79' lang='lat' dir='ltr'><strong>(.ludams</strong></span> <span class='ocrx_word' id='word_1_664' title='bbox 2372 2235 2428 2305; x_wconf 96' lang='lat'><strong>),</strong></span> <span class='ocrx_word' id='word_1_665' title='bbox 2476 2252 2579 2292; x_wconf 91' lang='lat' dir='ltr'><strong>non</strong></span> <span class='ocrx_word' id='word_1_666' title='bbox 2612 2253 2736 2292; x_wconf 88' lang='lat' dir='ltr'><strong>vere</strong></span> <span class='ocrx_word' id='word_1_667' title='bbox 2759 2280 2773 2302; x_wconf 95' lang='lat'><strong>,</strong></span> <span class='ocrx_word' id='word_1_668' title='bbox 2807 2240 2901 2294; x_wconf 91' lang='lat' dir='ltr'><strong>sed</strong></span> <span class='ocrx_word' id='word_1_669' title='bbox 2933 2248 3137 2296; x_wconf 79' lang='lat' dir='ltr'><strong>tantum</strong></span> <span class='ocrx_word' id='word_1_670' title='bbox 3171 2243 3221 2298; x_wconf 90' lang='lat' dir='ltr'><strong>id</strong></span> <span class='ocrx_word' id='word_1_671' title='bbox 3249 2259 3357 2313; x_wconf 81' lang='lat' dir='ltr'><strong>prae</strong></span> <span class='ocrx_word' id='word_1_672' title='bbox 3383 2261 3444 2299; x_wconf 90' lang='lat' dir='ltr'><strong>se</strong></span> <span class='ocrx_word' id='word_1_673' title='bbox 3472 2246 3683 2310; x_wconf 84' lang='lat' dir='ltr'><strong>ferens,</strong></span> 
     </span>
    </p>
   </div>
   <div class='ocr_carea' id='block_1_82' title="bbox 2093 2329 3686 2396">
    <p class='ocr_par' dir='ltr' id='par_1_82' title="bbox 2093 2329 3686 2396">
     <span class='ocr_line' id='line_1_82' title="bbox 2093 2329 3686 2396; baseline 0.01 -19"><span class='ocrx_word' id='word_1_674' title='bbox 2093 2341 2214 2378; x_wconf 91' lang='lat' dir='ltr'><strong>cum</strong></span> <span class='ocrx_word' id='word_1_675' title='bbox 2261 2337 2436 2381; x_wconf 90' lang='lat' dir='ltr'><strong>tamen</strong></span> <span class='ocrx_word' id='word_1_676' title='bbox 2485 2329 2604 2382; x_wconf 89' lang='lat' dir='ltr'><strong>talis</strong></span> <span class='ocrx_word' id='word_1_677' title='bbox 2647 2344 2752 2383; x_wconf 92' lang='lat' dir='ltr'><strong>non</strong></span> <span class='ocrx_word' id='word_1_678' title='bbox 2784 2340 2962 2396; x_wconf 90' lang='lat' dir='ltr'><strong>esset,</strong></span> <span class='ocrx_word' id='word_1_679' title='bbox 2997 2348 3097 2388; x_wconf 94' lang='lat' dir='ltr'><strong>nec</strong></span> <span class='ocrx_word' id='word_1_680' title='bbox 3126 2349 3193 2389; x_wconf 83' lang='lat' dir='ltr'><strong>ex</strong></span> <span class='ocrx_word' id='word_1_681' title='bbox 3221 2335 3402 2390; x_wconf 89' lang='lat' dir='ltr'><strong>animo</strong></span> <span class='ocrx_word' id='word_1_682' title='bbox 3432 2336 3536 2392; x_wconf 86' lang='lat' dir='ltr'><strong>hoc</strong></span> <span class='ocrx_word' id='word_1_683' title='bbox 3560 2354 3686 2393; x_wconf 89' lang='lat' dir='ltr'><strong>vere</strong></span> 
     </span>
    </p>
   </div>
   <div class='ocr_carea' id='block_1_83' title="bbox 2093 2417 3685 2496">
    <p class='ocr_par' dir='ltr' id='par_1_83' title="bbox 2093 2417 3685 2496">
     <span class='ocr_line' id='line_1_83' title="bbox 2093 2417 3685 2496; baseline 0.008 -26"><span class='ocrx_word' id='word_1_684' title='bbox 2093 2417 2313 2474; x_wconf 80' lang='lat' dir='ltr'><strong>faceret.</strong></span> <span class='ocrx_word' id='word_1_685' title='bbox 2346 2420 2628 2487; x_wconf 86' lang='lat' dir='ltr'><strong>Quomodo</strong></span> <span class='ocrx_word' id='word_1_686' title='bbox 2666 2421 2809 2476; x_wconf 82' lang='lat' dir='ltr'><strong>eiiim</strong></span> <span class='ocrx_word' id='word_1_687' title='bbox 2854 2423 3069 2480; x_wconf 81' lang='lat' dir='ltr'><strong>fecisset</strong></span> <span class='ocrx_word' id='word_1_688' title='bbox 3090 2467 3105 2492; x_wconf 93' lang='lat'><strong>,</strong></span> <span class='ocrx_word' id='word_1_689' title='bbox 3132 2426 3222 2496; x_wconf 92' lang='lat' dir='ltr'><strong>qui</strong></span> <span class='ocrx_word' id='word_1_690' title='bbox 3251 2427 3388 2484; x_wconf 87' lang='lat' dir='ltr'><strong>alios</strong></span> <span class='ocrx_word' id='word_1_691' title='bbox 3417 2440 3685 2484; x_wconf 84' lang='lat' dir='ltr'><strong>transmu-</strong></span> 
     </span>
    </p>
   </div>
   <div class='ocr_carea' id='block_1_84' title="bbox 2094 2512 3682 2584">
    <p class='ocr_par' dir='ltr' id='par_1_84' title="bbox 2094 2512 3682 2584">
     <span class='ocr_line' id='line_1_84' title="bbox 2094 2512 3682 2584; baseline 0.008 -20"><span class='ocrx_word' id='word_1_692' title='bbox 2094 2520 2208 2565; x_wconf 89' lang='lat' dir='ltr'><strong>tare</strong></span> <span class='ocrx_word' id='word_1_693' title='bbox 2249 2512 2503 2577; x_wconf 89' lang='lat' dir='ltr'><strong>curabat;</strong></span> <span class='ocrx_word' id='word_1_694' title='bbox 2550 2523 2603 2567; x_wconf 90' lang='lat' dir='ltr'><strong>et</strong></span> <span class='ocrx_word' id='word_1_695' title='bbox 2643 2512 2766 2568; x_wconf 89' lang='lat' dir='ltr'><strong>ideo</strong></span> <span class='ocrx_word' id='word_1_696' title='bbox 2792 2513 2894 2569; x_wconf 88' lang='lat' dir='ltr'><strong>hoc</strong></span> <span class='ocrx_word' id='word_1_697' title='bbox 2920 2513 3188 2584; x_wconf 82' lang='lat' dir='ltr'><strong>faciebat,</strong></span> <span class='ocrx_word' id='word_1_698' title='bbox 3221 2528 3281 2572; x_wconf 90' lang='lat' dir='ltr'><strong>ut</strong></span> <span class='ocrx_word' id='word_1_699' title='bbox 3309 2519 3444 2573; x_wconf 78' lang='lat' dir='ltr'><strong>alios</strong></span> <span class='ocrx_word' id='word_1_700' title='bbox 3476 2519 3579 2576; x_wconf 90' lang='lat' dir='ltr'><strong>hoc</strong></span> <span class='ocrx_word' id='word_1_701' title='bbox 3605 2524 3682 2576; x_wconf 84' lang='lat' dir='ltr'><strong>fa-</strong></span> 
     </span>
    </p>
   </div>
   <div class='ocr_carea' id='block_1_85' title="bbox 2093 2603 3685 2686">
    <p class='ocr_par' dir='ltr' id='par_1_85' title="bbox 2093 2603 3685 2686">
     <span class='ocr_line' id='line_1_85' title="bbox 2093 2603 3685 2686; baseline 0.007 -29"><span class='ocrx_word' id='word_1_702' title='bbox 2093 2603 2297 2659; x_wconf 86' lang='lat' dir='ltr'><strong>cientes</strong></span> <span class='ocrx_word' id='word_1_703' title='bbox 2348 2604 2599 2659; x_wconf 89' lang='lat' dir='ltr'><strong>liberaret</strong></span> <span class='ocrx_word' id='word_1_704' title='bbox 2649 2605 2716 2659; x_wconf 89' lang='lat' dir='ltr'><strong>ab</strong></span> <span class='ocrx_word' id='word_1_705' title='bbox 2769 2605 3068 2663; x_wconf 88' lang='lat' dir='ltr'><strong>humilitate</strong></span> <span class='ocrx_word' id='word_1_706' title='bbox 3113 2609 3560 2679; x_wconf 84' lang='lat' dir='ltr'><strong>hujusmodi?lis</strong></span> <span class='ocrx_word' id='word_1_707' title='bbox 3598 2617 3685 2686; x_wconf 86' lang='lat' dir='ltr'><strong>qui</strong></span> 
     </span>
    </p>
   </div>
   <div class='ocr_carea' id='block_1_86' title="bbox 2091 2694 3684 2774">
    <p class='ocr_par' dir='ltr' id='par_1_86' title="bbox 2091 2694 3684 2774">
     <span class='ocr_line' id='line_1_86' title="bbox 2091 2694 3684 2774; baseline 0.006 -26"><span class='ocrx_word' id='word_1_708' title='bbox 2091 2697 2200 2748; x_wconf 85' lang='lat' dir='ltr'><strong>sine</strong></span> <span class='ocrx_word' id='word_1_709' title='bbox 2220 2694 2326 2767; x_wconf 86' lang='lat' dir='ltr'><strong>lege</strong></span> <span class='ocrx_word' id='word_1_710' title='bbox 2355 2705 2518 2763; x_wconf 84' lang='lat' dir='ltr'><strong>erant,</strong></span> <span class='ocrx_word' id='word_1_711' title='bbox 2544 2706 2798 2768; x_wconf 85' lang='lat' dir='ltr'><strong>tamquam</strong></span> <span class='ocrx_word' id='word_1_712' title='bbox 2825 2699 2932 2752; x_wconf 90' lang='lat' dir='ltr'><strong>sine</strong></span> <span class='ocrx_word' id='word_1_713' title='bbox 2958 2699 3065 2770; x_wconf 84' lang='lat' dir='ltr'><strong>lege</strong></span> <span class='ocrx_word' id='word_1_714' title='bbox 3095 2717 3270 2754; x_wconf 82' lang='lat' dir='ltr'><strong>essent.</strong></span> <span class='ocrx_word' id='word_1_715' title='bbox 3307 2702 3371 2757; x_wconf 89' lang='lat' dir='ltr'><strong>Hi</strong></span> <span class='ocrx_word' id='word_1_716' title='bbox 3395 2720 3569 2774; x_wconf 87' lang='lat' dir='ltr'><strong>neque</strong></span> <span class='ocrx_word' id='word_1_717' title='bbox 3594 2705 3684 2760; x_wconf 78' lang='lat' dir='ltr'><strong>Ju-</strong></span> 
     </span>
    </p>
   </div>
   <div class='ocr_carea' id='block_1_87' title="bbox 2093 2787 3685 2861">
    <p class='ocr_par' dir='ltr' id='par_1_87' title="bbox 2093 2787 3685 2861">
     <span class='ocr_line' id='line_1_87' title="bbox 2093 2787 3685 2861; baseline 0.006 -21"><span class='ocrx_word' id='word_1_718' title='bbox 2093 2787 2196 2841; x_wconf 62' lang='lat' dir='ltr'><strong>daei</strong></span> <span class='ocrx_word' id='word_1_719' title='bbox 2229 2797 2383 2841; x_wconf 89' lang='lat' dir='ltr'><strong>erant</strong></span> <span class='ocrx_word' id='word_1_720' title='bbox 2415 2802 2589 2858; x_wconf 91' lang='lat' dir='ltr'><strong>neque</strong></span> <span class='ocrx_word' id='word_1_721' title='bbox 2615 2787 2908 2843; x_wconf 89' lang='lat' dir='ltr'><strong>Christiani</strong></span> <span class='ocrx_word' id='word_1_722' title='bbox 2943 2807 3113 2861; x_wconf 86' lang='lat' dir='ltr'><strong>neque</strong></span> <span class='ocrx_word' id='word_1_723' title='bbox 3141 2791 3346 2858; x_wconf 68' lang='lat' dir='ltr'><strong>Graeci;</strong></span> <span class='ocrx_word' id='word_1_724' title='bbox 3396 2795 3491 2849; x_wconf 91' lang='lat' dir='ltr'><strong>sed</strong></span> <span class='ocrx_word' id='word_1_725' title='bbox 3535 2806 3685 2850; x_wconf 78' lang='lat' dir='ltr'><strong>extra</strong></span> 
     </span>
    </p>
   </div>
   <div class='ocr_carea' id='block_1_88' title="bbox 2094 2881 3680 2956">
    <p class='ocr_par' dir='ltr' id='par_1_88' title="bbox 2094 2881 3680 2956">
     <span class='ocr_line' id='line_1_88' title="bbox 2094 2881 3680 2956; baseline 0.004 -22"><span class='ocrx_word' id='word_1_726' title='bbox 2094 2881 2266 2950; x_wconf 88' lang='lat' dir='ltr'><strong>legem</strong></span> <span class='ocrx_word' id='word_1_727' title='bbox 2296 2891 2470 2947; x_wconf 86' lang='lat' dir='ltr'><strong>erant,</strong></span> <span class='ocrx_word' id='word_1_728' title='bbox 2506 2890 2562 2935; x_wconf 91' lang='lat' dir='ltr'><strong>ut</strong></span> <span class='ocrx_word' id='word_1_729' title='bbox 2584 2893 2700 2936; x_wconf 89' lang='lat' dir='ltr'><strong>erat</strong></span> <span class='ocrx_word' id='word_1_730' title='bbox 2730 2881 3035 2950; x_wconf 89' lang='lat' dir='ltr'><strong>Cornelius,</strong></span> <span class='ocrx_word' id='word_1_731' title='bbox 3067 2894 3120 2939; x_wconf 89' lang='lat' dir='ltr'><strong>et</strong></span> <span class='ocrx_word' id='word_1_732' title='bbox 3143 2886 3187 2940; x_wconf 90' lang='lat' dir='ltr'><strong>si</strong></span> <span class='ocrx_word' id='word_1_733' title='bbox 3218 2888 3307 2956; x_wconf 90' lang='lat' dir='ltr'><strong>qui</strong></span> <span class='ocrx_word' id='word_1_734' title='bbox 3332 2887 3422 2940; x_wconf 85' lang='lat' dir='ltr'><strong>alii</strong></span> <span class='ocrx_word' id='word_1_735' title='bbox 3457 2888 3680 2942; x_wconf 76' lang='lat' dir='ltr'><strong>similes.</strong></span> 
     </span>
    </p>
   </div>
   <div class='ocr_carea' id='block_1_89' title="bbox 2094 2972 3684 3048">
    <p class='ocr_par' dir='ltr' id='par_1_89' title="bbox 2094 2972 3684 3048">
     <span class='ocr_line' id='line_1_89' title="bbox 2094 2972 3684 3048; baseline 0.005 -23"><span class='ocrx_word' id='word_1_736' title='bbox 2094 2972 2173 3025; x_wconf 87' lang='lat' dir='ltr'><strong>Ad</strong></span> <span class='ocrx_word' id='word_1_737' title='bbox 2205 2972 2324 3026; x_wconf 92' lang='lat' dir='ltr'><strong>illos</strong></span> <span class='ocrx_word' id='word_1_738' title='bbox 2349 2973 2490 3026; x_wconf 90' lang='lat' dir='ltr'><strong>enim</strong></span> <span class='ocrx_word' id='word_1_739' title='bbox 2523 2972 2850 3042; x_wconf 83' lang='lat' dir='ltr'><strong>ingrediens,</strong></span> <span class='ocrx_word' id='word_1_740' title='bbox 2894 2975 3060 3029; x_wconf 88' lang='lat' dir='ltr'><strong>multa</strong></span> <span class='ocrx_word' id='word_1_741' title='bbox 3089 2976 3154 3030; x_wconf 91' lang='lat' dir='ltr'><strong>ad</strong></span> <span class='ocrx_word' id='word_1_742' title='bbox 3187 2977 3330 3046; x_wconf 90' lang='lat' dir='ltr'><strong>ipsos</strong></span> <span class='ocrx_word' id='word_1_743' title='bbox 3361 2979 3684 3048; x_wconf 73' lang='lat' dir='ltr'><strong>pertinentia</strong></span> 
     </span>
    </p>
   </div>
   <div class='ocr_carea' id='block_1_90' title="bbox 2095 3064 3684 3131">
    <p class='ocr_par' dir='ltr' id='par_1_90' title="bbox 2095 3064 3684 3131">
     <span class='ocr_line' id='line_1_90' title="bbox 2095 3064 3684 3131; baseline 0.005 -14"><span class='ocrx_word' id='word_1_744' title='bbox 2095 3064 2401 3118; x_wconf 88' lang='lat' dir='ltr'><strong>simulabat.</strong></span> <span class='ocrx_word' id='word_1_745' title='bbox 2446 3065 2671 3130; x_wconf 88' lang='lat' dir='ltr'><strong>Quidam</strong></span> <span class='ocrx_word' id='word_1_746' title='bbox 2703 3081 2831 3120; x_wconf 90' lang='lat' dir='ltr'><strong>vero</strong></span> <span class='ocrx_word' id='word_1_747' title='bbox 2869 3066 3093 3131; x_wconf 89' lang='lat' dir='ltr'><strong>dicunt,</strong></span> <span class='ocrx_word' id='word_1_748' title='bbox 3143 3067 3293 3122; x_wconf 91' lang='lat' dir='ltr'><strong>illum</strong></span> <span class='ocrx_word' id='word_1_749' title='bbox 3342 3071 3684 3125; x_wconf 86' lang='lat' dir='ltr'><strong>subindicare</strong></span> 
     </span>
    </p>
   </div>
   <div class='ocr_carea' id='block_1_91' title="bbox 2093 3157 3685 3227">
    <p class='ocr_par' dir='ltr' id='par_1_91' title="bbox 2093 3157 3685 3227">
     <span class='ocr_line' id='line_1_91' title="bbox 2093 3157 3685 3227; baseline 0.001 -16"><span class='ocrx_word' id='word_1_750' title='bbox 2093 3157 2530 3226; x_wconf 86' lang='lat' dir='ltr'><strong>disputationem,</strong></span> <span class='ocrx_word' id='word_1_751' title='bbox 2583 3173 2740 3227; x_wconf 90' lang='lat' dir='ltr'><strong>quam</strong></span> <span class='ocrx_word' id='word_1_752' title='bbox 2789 3158 3047 3212; x_wconf 87' lang='lat' dir='ltr'><strong>habuerat</strong></span> <span class='ocrx_word' id='word_1_753' title='bbox 3096 3175 3216 3213; x_wconf 90' lang='lat' dir='ltr'><strong>cum</strong></span> <span class='ocrx_word' id='word_1_754' title='bbox 3265 3161 3685 3216; x_wconf 58' lang='lat' dir='ltr'><strong>Atheniensibus</strong></span> 
     </span>
    </p>
   </div>
   <div class='ocr_carea' id='block_1_92' title="bbox 2093 3248 3681 3319">
    <p class='ocr_par' dir='ltr' id='par_1_92' title="bbox 2093 3248 3681 3319">
     <span class='ocr_line' id='line_1_92' title="bbox 2093 3248 3681 3319; baseline 0.003 -17"><span class='ocrx_word' id='word_1_755' title='bbox 2093 3249 2234 3302; x_wconf 90' lang='lat' dir='ltr'><strong>circa</strong></span> <span class='ocrx_word' id='word_1_756' title='bbox 2281 3248 2682 3318; x_wconf 90' lang='lat' dir='ltr'><strong>inscriptionem</strong></span> <span class='ocrx_word' id='word_1_757' title='bbox 2733 3249 2784 3302; x_wconf 93' lang='lat' dir='ltr'><strong>in</strong></span> <span class='ocrx_word' id='word_1_758' title='bbox 2820 3265 2908 3302; x_wconf 88' lang='lat' dir='ltr'><strong>ara</strong></span> <span class='ocrx_word' id='word_1_759' title='bbox 2942 3249 3169 3319; x_wconf 53' lang='lat' dir='ltr'><strong>positam</strong></span> <span class='ocrx_word' id='word_1_760' title='bbox 3193 3291 3208 3314; x_wconf 91' lang='lat'><strong>,</strong></span> <span class='ocrx_word' id='word_1_761' title='bbox 3241 3260 3289 3306; x_wconf 92' lang='lat' dir='ltr'><strong>et</strong></span> <span class='ocrx_word' id='word_1_762' title='bbox 3337 3252 3456 3306; x_wconf 91' lang='lat' dir='ltr'><strong>ideo</strong></span> <span class='ocrx_word' id='word_1_763' title='bbox 3484 3253 3681 3315; x_wconf 81' lang='lat' dir='ltr'><strong>dicere,</strong></span> 
     </span>
    </p>
   </div>
   <div class='ocr_carea' id='block_1_93' title="bbox 2095 3337 3682 3411">
    <p class='ocr_par' dir='ltr' id='par_1_93' title="bbox 2095 3337 3682 3411">
     <span class='ocr_line' id='line_1_93' title="bbox 2095 3337 3682 3411; baseline 0.004 -20"><span class='ocrx_word' id='word_1_764' title='bbox 2095 3337 2169 3392; x_wconf 83' lang='lat' dir='ltr'><strong>lis</strong></span> <span class='ocrx_word' id='word_1_765' title='bbox 2193 3338 2277 3409; x_wconf 89' lang='lat' dir='ltr'><strong>qui</strong></span> <span class='ocrx_word' id='word_1_766' title='bbox 2297 3339 2403 3392; x_wconf 87' lang='lat' dir='ltr'><strong>sine</strong></span> <span class='ocrx_word' id='word_1_767' title='bbox 2429 3341 2536 3410; x_wconf 88' lang='lat' dir='ltr'><strong>lege</strong></span> <span class='ocrx_word' id='word_1_768' title='bbox 2555 3349 2692 3404; x_wconf 87' lang='lat' dir='ltr'><strong>sunt,</strong></span> <span class='ocrx_word' id='word_1_769' title='bbox 2725 3350 2975 3410; x_wconf 86' lang='lat' dir='ltr'><strong>tamquam</strong></span> <span class='ocrx_word' id='word_1_770' title='bbox 2997 3341 3104 3393; x_wconf 86' lang='lat' dir='ltr'><strong>sine</strong></span> <span class='ocrx_word' id='word_1_771' title='bbox 3128 3341 3235 3411; x_wconf 79' lang='lat' dir='ltr'><strong>lege</strong></span> <span class='ocrx_word' id='word_1_772' title='bbox 3259 3358 3436 3395; x_wconf 84' lang='lat' dir='ltr'><strong>essent.</strong></span> <span class='ocrx_word' id='word_1_773' title='bbox 3466 3344 3682 3407; x_wconf 82' lang='lat' dir='ltr'><strong>Deinde,</strong></span> 
     </span>
    </p>
   </div>
   <div class='ocr_carea' id='block_1_94' title="bbox 2094 3429 3682 3499">
    <p class='ocr_par' dir='ltr' id='par_1_94' title="bbox 2094 3429 3682 3499">
     <span class='ocr_line' id='line_1_94' title="bbox 2094 3429 3682 3499; baseline 0.002 -16"><span class='ocrx_word' id='word_1_774' title='bbox 2094 3445 2160 3483; x_wconf 88' lang='lat' dir='ltr'><strong>ne</strong></span> <span class='ocrx_word' id='word_1_775' title='bbox 2192 3429 2311 3499; x_wconf 90' lang='lat' dir='ltr'><strong>quis</strong></span> <span class='ocrx_word' id='word_1_776' title='bbox 2351 3438 2560 3498; x_wconf 86' lang='lat' dir='ltr'><strong>putaret</strong></span> <span class='ocrx_word' id='word_1_777' title='bbox 2602 3445 2715 3482; x_wconf 90' lang='lat' dir='ltr'><strong>rem</strong></span> <span class='ocrx_word' id='word_1_778' title='bbox 2755 3429 2900 3483; x_wconf 89' lang='lat' dir='ltr'><strong>illam</strong></span> <span class='ocrx_word' id='word_1_779' title='bbox 2945 3445 3065 3484; x_wconf 89' lang='lat' dir='ltr'><strong>esse</strong></span> <span class='ocrx_word' id='word_1_780' title='bbox 3105 3435 3386 3487; x_wconf 73' lang='lat' dir='ltr'><strong>sententi-.e</strong></span> <span class='ocrx_word' id='word_1_781' title='bbox 3426 3437 3682 3488; x_wconf 85' lang='lat' dir='ltr'><strong>mutatio-</strong></span> 
     </span>
    </p>
   </div>
   <div class='ocr_carea' id='block_1_95' title="bbox 2095 3521 3686 3595">
    <p class='ocr_par' dir='ltr' id='par_1_95' title="bbox 2095 3521 3686 3595">
     <span class='ocr_line' id='line_1_95' title="bbox 2095 3521 3686 3595; baseline 0 -17"><span class='ocrx_word' id='word_1_782' title='bbox 2095 3538 2236 3584; x_wconf 78' lang='lat' dir='ltr'><strong>nem,</strong></span> <span class='ocrx_word' id='word_1_783' title='bbox 2262 3522 2466 3576; x_wconf 89' lang='lat' dir='ltr'><strong>addidit</strong></span> <span class='ocrx_word' id='word_1_784' title='bbox 2492 3541 2504 3576; x_wconf 93' lang='lat'><strong>:</strong></span> <span class='ocrx_word' id='word_1_785' title='bbox 2536 3522 2660 3575; x_wconf 83' lang='lat' dir='ltr'><strong>Cum</strong></span> <span class='ocrx_word' id='word_1_786' title='bbox 2679 3521 2785 3576; x_wconf 84' lang='lat' dir='ltr'><strong>sine</strong></span> <span class='ocrx_word' id='word_1_787' title='bbox 2813 3522 2919 3591; x_wconf 85' lang='lat' dir='ltr'><strong>lege</strong></span> <span class='ocrx_word' id='word_1_788' title='bbox 2948 3521 3039 3574; x_wconf 81' lang='lat' dir='ltr'><strong>Dei</strong></span> <span class='ocrx_word' id='word_1_789' title='bbox 3070 3538 3170 3574; x_wconf 90' lang='lat' dir='ltr'><strong>non</strong></span> <span class='ocrx_word' id='word_1_790' title='bbox 3201 3538 3378 3582; x_wconf 84' lang='lat' dir='ltr'><strong>essent,</strong></span> <span class='ocrx_word' id='word_1_791' title='bbox 3399 3525 3490 3577; x_wconf 90' lang='lat' dir='ltr'><strong>sed</strong></span> <span class='ocrx_word' id='word_1_792' title='bbox 3511 3527 3560 3578; x_wconf 88' lang='lat' dir='ltr'><strong>in</strong></span> <span class='ocrx_word' id='word_1_793' title='bbox 3584 3526 3686 3595; x_wconf 80' lang='lat' dir='ltr'><strong>lege</strong></span> 
     </span>
    </p>
   </div>
   <div class='ocr_carea' id='block_1_96' title="bbox 2095 3610 3686 3688">
    <p class='ocr_par' dir='ltr' id='par_1_96' title="bbox 2095 3610 3686 3688">
     <span class='ocr_line' id='line_1_96' title="bbox 2095 3610 3686 3688; baseline 0.003 -18"><span class='ocrx_word' id='word_1_794' title='bbox 2095 3632 2250 3670; x_wconf 83' lang='lat' dir='ltr'><strong>essent</strong></span> <span class='ocrx_word' id='word_1_795' title='bbox 2289 3615 2496 3669; x_wconf 75' lang='lat' dir='ltr'><strong>Christi.</strong></span> <span class='ocrx_word' id='word_1_796' title='bbox 2548 3614 2603 3669; x_wconf 89' lang='lat' dir='ltr'><strong>ld</strong></span> <span class='ocrx_word' id='word_1_797' title='bbox 2648 3623 2763 3678; x_wconf 88' lang='lat' dir='ltr'><strong>est,</strong></span> <span class='ocrx_word' id='word_1_798' title='bbox 2794 3610 2924 3667; x_wconf 90' lang='lat' dir='ltr'><strong>Cum</strong></span> <span class='ocrx_word' id='word_1_799' title='bbox 2959 3630 3063 3668; x_wconf 84' lang='lat' dir='ltr'><strong>non</strong></span> <span class='ocrx_word' id='word_1_800' title='bbox 3095 3615 3254 3668; x_wconf 88' lang='lat' dir='ltr'><strong>modo</strong></span> <span class='ocrx_word' id='word_1_801' title='bbox 3284 3631 3390 3670; x_wconf 90' lang='lat' dir='ltr'><strong>non</strong></span> <span class='ocrx_word' id='word_1_802' title='bbox 3427 3618 3546 3672; x_wconf 59' lang='lat' dir='ltr'><strong>sine</strong></span> <span class='ocrx_word' id='word_1_803' title='bbox 3575 3619 3686 3688; x_wconf 78' lang='lat' dir='ltr'><strong>lege</strong></span> 
     </span>
    </p>
   </div>
   <div class='ocr_carea' id='block_1_97' title="bbox 2094 3705 3690 3777">
    <p class='ocr_par' dir='ltr' id='par_1_97' title="bbox 2094 3705 3690 3777">
     <span class='ocr_line' id='line_1_97' title="bbox 2094 3705 3690 3777; baseline 0.001 -15"><span class='ocrx_word' id='word_1_804' title='bbox 2094 3723 2267 3762; x_wconf 85' lang='lat' dir='ltr'><strong>essem</strong></span> <span class='ocrx_word' id='word_1_805' title='bbox 2287 3748 2302 3772; x_wconf 92' lang='lat'><strong>,</strong></span> <span class='ocrx_word' id='word_1_806' title='bbox 2331 3707 2422 3760; x_wconf 87' lang='lat' dir='ltr'><strong>sed</strong></span> <span class='ocrx_word' id='word_1_807' title='bbox 2451 3706 2610 3759; x_wconf 90' lang='lat' dir='ltr'><strong>etiam</strong></span> <span class='ocrx_word' id='word_1_808' title='bbox 2642 3721 2746 3758; x_wconf 89' lang='lat' dir='ltr'><strong>non</strong></span> <span class='ocrx_word' id='word_1_809' title='bbox 2783 3705 2956 3760; x_wconf 92' lang='lat' dir='ltr'><strong>solum</strong></span> <span class='ocrx_word' id='word_1_810' title='bbox 2985 3706 3084 3759; x_wconf 91' lang='lat' dir='ltr'><strong>sub</strong></span> <span class='ocrx_word' id='word_1_811' title='bbox 3117 3705 3233 3777; x_wconf 87' lang='lat' dir='ltr'><strong>lege</strong></span> <span class='ocrx_word' id='word_1_812' title='bbox 3261 3723 3439 3763; x_wconf 87' lang='lat' dir='ltr'><strong>essem</strong></span> <span class='ocrx_word' id='word_1_813' title='bbox 3465 3750 3480 3773; x_wconf 89' lang='lat'><strong>,</strong></span> <span class='ocrx_word' id='word_1_814' title='bbox 3511 3711 3605 3763; x_wconf 88' lang='lat' dir='ltr'><strong>sed</strong></span> <span class='ocrx_word' id='word_1_815' title='bbox 3637 3721 3690 3764; x_wconf 91' lang='lat' dir='ltr'><strong>et</strong></span> 
     </span>
    </p>
   </div>
   <div class='ocr_carea' id='block_1_98' title="bbox 2095 3796 3690 3870">
    <p class='ocr_par' dir='ltr' id='par_1_98' title="bbox 2095 3796 3690 3870">
     <span class='ocr_line' id='line_1_98' title="bbox 2095 3796 3690 3870; baseline 0.004 -20"><span class='ocrx_word' id='word_1_816' title='bbox 2095 3799 2264 3868; x_wconf 83' lang='lat' dir='ltr'><strong>legem</strong></span> <span class='ocrx_word' id='word_1_817' title='bbox 2290 3796 2543 3850; x_wconf 84' lang='lat' dir='ltr'><strong>haberem</strong></span> <span class='ocrx_word' id='word_1_818' title='bbox 2573 3796 2739 3850; x_wconf 88' lang='lat' dir='ltr'><strong>veteri</strong></span> <span class='ocrx_word' id='word_1_819' title='bbox 2770 3797 2924 3866; x_wconf 83' lang='lat' dir='ltr'><strong>longe</strong></span> <span class='ocrx_word' id='word_1_820' title='bbox 2952 3797 3342 3861; x_wconf 75' lang='lat' dir='ltr'><strong>sublimiorem,</strong></span> <span class='ocrx_word' id='word_1_821' title='bbox 3371 3799 3422 3854; x_wconf 90' lang='lat' dir='ltr'><strong>id</strong></span> <span class='ocrx_word' id='word_1_822' title='bbox 3451 3812 3556 3863; x_wconf 89' lang='lat' dir='ltr'><strong>est,</strong></span> <span class='ocrx_word' id='word_1_823' title='bbox 3581 3801 3690 3870; x_wconf 89' lang='lat' dir='ltr'><strong>Spi-</strong></span> 
     </span>
    </p>
   </div>
   <div class='ocr_carea' id='block_1_99' title="bbox 2095 3888 3688 3960">
    <p class='ocr_par' dir='ltr' id='par_1_99' title="bbox 2095 3888 3688 3960">
     <span class='ocr_line' id='line_1_99' title="bbox 2095 3888 3688 3960; baseline 0.001 -16"><span class='ocrx_word' id='word_1_824' title='bbox 2095 3892 2228 3944; x_wconf 88' lang='lat' dir='ltr'><strong>ritus</strong></span> <span class='ocrx_word' id='word_1_825' title='bbox 2264 3899 2316 3942; x_wconf 91' lang='lat' dir='ltr'><strong>et</strong></span> <span class='ocrx_word' id='word_1_826' title='bbox 2345 3890 2530 3958; x_wconf 70' lang='lat' dir='ltr'><strong>gratiae</strong></span> <span class='ocrx_word' id='word_1_827' title='bbox 2561 3905 2574 3941; x_wconf 93' lang='lat'>:</span> <span class='ocrx_word' id='word_1_828' title='bbox 2608 3888 2833 3958; x_wconf 89' lang='lat' dir='ltr'><strong>ideoque</strong></span> <span class='ocrx_word' id='word_1_829' title='bbox 2877 3889 3182 3960; x_wconf 87' lang='lat' dir='ltr'><strong>subjungit,</strong></span> <span class='ocrx_word' id='word_1_830' title='bbox 3233 3889 3444 3945; x_wconf 84' lang='lat' dir='ltr'><strong>Christi.</strong></span> <span class='ocrx_word' id='word_1_831' title='bbox 3496 3893 3688 3948; x_wconf 75' lang='lat' dir='ltr'><strong>Postea</strong></span> 
     </span>
    </p>
   </div>
   <div class='ocr_carea' id='block_1_100' title="bbox 2097 3979 3687 4050">
    <p class='ocr_par' dir='ltr' id='par_1_100' title="bbox 2097 3979 3687 4050">
     <span class='ocr_line' id='line_1_100' title="bbox 2097 3979 3687 4050; baseline 0.001 -14"><span class='ocrx_word' id='word_1_832' title='bbox 2097 3998 2217 4036; x_wconf 90' lang='lat' dir='ltr'><strong>cum</strong></span> <span class='ocrx_word' id='word_1_833' title='bbox 2249 3981 2299 4036; x_wconf 93' lang='lat' dir='ltr'><strong>id</strong></span> <span class='ocrx_word' id='word_1_834' title='bbox 2345 3980 2633 4046; x_wconf 86' lang='lat' dir='ltr'><strong>ell&#39;ecisset,</strong></span> <span class='ocrx_word' id='word_1_835' title='bbox 2677 3989 2734 4033; x_wconf 92' lang='lat' dir='ltr'><strong>ut</strong></span> <span class='ocrx_word' id='word_1_836' title='bbox 2780 3979 2848 4035; x_wconf 91' lang='lat' dir='ltr'><strong>de</strong></span> <span class='ocrx_word' id='word_1_837' title='bbox 2893 3995 2987 4034; x_wconf 90' lang='lat' dir='ltr'><strong>sua</strong></span> <span class='ocrx_word' id='word_1_838' title='bbox 3035 3983 3300 4036; x_wconf 89' lang='lat' dir='ltr'><strong>sententia</strong></span> <span class='ocrx_word' id='word_1_839' title='bbox 3332 3982 3687 4050; x_wconf 79' lang='lat' dir='ltr'><strong>conﬁderent,</strong></span> 
     </span>
    </p>
   </div>
   <div class='ocr_carea' id='block_1_101' title="bbox 2097 4071 3688 4143">
    <p class='ocr_par' dir='ltr' id='par_1_101' title="bbox 2097 4071 3688 4143">
     <span class='ocr_line' id='line_1_101' title="bbox 2097 4071 3688 4143; baseline -0.001 -15"><span class='ocrx_word' id='word_1_840' title='bbox 2097 4075 2304 4129; x_wconf 90' lang='lat' dir='ltr'><strong>lucrum</strong></span> <span class='ocrx_word' id='word_1_841' title='bbox 2337 4071 2533 4126; x_wconf 90' lang='lat' dir='ltr'><strong>deinde</strong></span> <span class='ocrx_word' id='word_1_842' title='bbox 2564 4071 2684 4126; x_wconf 86' lang='lat' dir='ltr'><strong>talis</strong></span> <span class='ocrx_word' id='word_1_843' title='bbox 2713 4087 2825 4126; x_wconf 67' lang='lat' dir='ltr'><strong>suae</strong></span> <span class='ocrx_word' id='word_1_844' title='bbox 2852 4075 3312 4142; x_wconf 86' lang='lat' dir='ltr'><strong>attemperationis</strong></span> <span class='ocrx_word' id='word_1_845' title='bbox 3357 4078 3544 4143; x_wconf 85' lang='lat' dir='ltr'><strong>ponit,</strong></span> <span class='ocrx_word' id='word_1_846' title='bbox 3603 4076 3688 4128; x_wconf 82' lang='lat' dir='ltr'><strong>di-</strong></span> 
     </span>
    </p>
   </div>
   <div class='ocr_carea' id='block_1_102' title="bbox 2095 4163 3690 4237">
    <p class='ocr_par' dir='ltr' id='par_1_102' title="bbox 2095 4163 3690 4237">
     <span class='ocr_line' id='line_1_102' title="bbox 2095 4163 3690 4237; baseline 0.001 -17"><span class='ocrx_word' id='word_1_847' title='bbox 2095 4181 2223 4221; x_wconf 90' lang='lat' dir='ltr'><strong>cens</strong></span> <span class='ocrx_word' id='word_1_848' title='bbox 2254 4186 2268 4221; x_wconf 90' lang='lat'><strong>:</strong></span> <span class='ocrx_word' id='word_1_849' title='bbox 2304 4163 2371 4220; x_wconf 90' lang='lat' dir='ltr'><strong>Ut</strong></span> <span class='ocrx_word' id='word_1_850' title='bbox 2400 4164 2749 4237; x_wconf 79' lang='lat' dir='ltr'><strong>lucrifacerem</strong></span> <span class='ocrx_word' id='word_1_851' title='bbox 2775 4176 2883 4227; x_wconf 81' lang='lat' dir='ltr'><strong>eos,</strong></span> <span class='ocrx_word' id='word_1_852' title='bbox 2912 4166 2996 4234; x_wconf 88' lang='lat' dir='ltr'><strong>qui</strong></span> <span class='ocrx_word' id='word_1_853' title='bbox 3025 4166 3132 4219; x_wconf 82' lang='lat' dir='ltr'><strong>sine</strong></span> <span class='ocrx_word' id='word_1_854' title='bbox 3158 4165 3266 4236; x_wconf 88' lang='lat' dir='ltr'><strong>lege</strong></span> <span class='ocrx_word' id='word_1_855' title='bbox 3288 4176 3451 4220; x_wconf 88' lang='lat' dir='ltr'><strong>erant.</strong></span> <span class='ocrx_word' id='word_1_856' title='bbox 3482 4167 3550 4221; x_wconf 87' lang='lat' dir='ltr'><strong>Et</strong></span> <span class='ocrx_word' id='word_1_857' title='bbox 3573 4167 3690 4222; x_wconf 84' lang='lat' dir='ltr'><strong>ubi-</strong></span> 
     </span>
    </p>
   </div>
   <div class='ocr_carea' id='block_1_103' title="bbox 2095 4257 3689 4329">
    <p class='ocr_par' dir='ltr' id='par_1_103' title="bbox 2095 4257 3689 4329">
     <span class='ocr_line' id='line_1_103' title="bbox 2095 4257 3689 4329; baseline 0.001 -16"><span class='ocrx_word' id='word_1_858' title='bbox 2095 4275 2198 4329; x_wconf 91' lang='lat' dir='ltr'><strong>que</strong></span> <span class='ocrx_word' id='word_1_859' title='bbox 2225 4274 2444 4316; x_wconf 87' lang='lat' dir='ltr'><strong>causam</strong></span> <span class='ocrx_word' id='word_1_860' title='bbox 2484 4257 2640 4314; x_wconf 86' lang='lat' dir='ltr'><strong>all‘ert</strong></span> <span class='ocrx_word' id='word_1_861' title='bbox 2667 4259 3130 4329; x_wconf 85' lang='lat' dir='ltr'><strong>attemperationis</strong></span> <span class='ocrx_word' id='word_1_862' title='bbox 3175 4259 3337 4314; x_wconf 87' lang='lat' dir='ltr'><strong>illius.</strong></span> <span class='ocrx_word' id='word_1_863' title='bbox 3383 4259 3567 4329; x_wconf 82' lang='lat' dir='ltr'><strong>Neque</strong></span> <span class='ocrx_word' id='word_1_864' title='bbox 3616 4261 3689 4316; x_wconf 86' lang='lat' dir='ltr'><strong>ibi</strong></span> 
     </span>
    </p>
   </div>
   <div class='ocr_carea' id='block_1_104' title="bbox 2095 4349 3693 4421">
    <p class='ocr_par' dir='ltr' id='par_1_104' title="bbox 2095 4349 3693 4421">
     <span class='ocr_line' id='line_1_104' title="bbox 2095 4349 3693 4421; baseline 0.001 -17"><span class='ocrx_word' id='word_1_865' title='bbox 2095 4349 2320 4421; x_wconf 83' lang='lat' dir='ltr'><strong>gradum</strong></span> <span class='ocrx_word' id='word_1_866' title='bbox 2359 4350 2521 4417; x_wconf 84' lang='lat' dir='ltr'><strong>sistit,</strong></span> <span class='ocrx_word' id='word_1_867' title='bbox 2568 4349 2685 4416; x_wconf 91' lang='lat' dir='ltr'><strong>sed,</strong></span> <span class='ocrx_word' id='word_1_868' title='bbox 2715 4349 2805 4404; x_wconf 86' lang='grc'><strong>22.</strong></span> <span class='ocrx_word' id='word_1_869' title='bbox 2837 4349 2902 4404; x_wconf 87' lang='lat' dir='ltr'><strong>Et</strong></span> <span class='ocrx_word' id='word_1_870' title='bbox 2927 4350 3161 4418; x_wconf 79' lang='lat' dir='ltr'><strong>inﬁrmus</strong></span> <span class='ocrx_word' id='word_1_871' title='bbox 3192 4351 3356 4420; x_wconf 77' lang='lat' dir='ltr'><strong>factus</strong></span> <span class='ocrx_word' id='word_1_872' title='bbox 3389 4367 3498 4404; x_wconf 85' lang='lat' dir='ltr'><strong>sum</strong></span> <span class='ocrx_word' id='word_1_873' title='bbox 3531 4360 3584 4403; x_wconf 90' lang='lat' dir='ltr'><strong>ut</strong></span> <span class='ocrx_word' id='word_1_874' title='bbox 3610 4352 3693 4405; x_wconf 88' lang='lat' dir='ltr'><strong>in-</strong></span> 
     </span>
    </p>
   </div>
   <div class='ocr_carea' id='block_1_105' title="bbox 2096 4439 3690 4512">
    <p class='ocr_par' dir='ltr' id='par_1_105' title="bbox 2096 4439 3690 4512">
     <span class='ocr_line' id='line_1_105' title="bbox 2096 4439 3690 4512; baseline -0.001 -16"><span class='ocrx_word' id='word_1_875' title='bbox 2096 4443 2269 4512; x_wconf 83' lang='lat' dir='ltr'><strong>ﬁrmos</strong></span> <span class='ocrx_word' id='word_1_876' title='bbox 2295 4443 2642 4512; x_wconf 79' lang='lat' dir='ltr'><strong>lucrifacerem</strong></span> <span class='ocrx_word' id='word_1_877' title='bbox 2668 4457 2686 4495; x_wconf 91' lang='lat'><strong><em>:</em></strong></span> <span class='ocrx_word' id='word_1_878' title='bbox 2715 4441 2815 4496; x_wconf 89' lang='lat' dir='ltr'><strong>hoc</strong></span> <span class='ocrx_word' id='word_1_879' title='bbox 2845 4442 3061 4496; x_wconf 90' lang='lat' dir='ltr'><strong>demum</strong></span> <span class='ocrx_word' id='word_1_880' title='bbox 3091 4441 3275 4495; x_wconf 88' lang='lat' dir='ltr'><strong>dicens</strong></span> <span class='ocrx_word' id='word_1_881' title='bbox 3303 4439 3366 4494; x_wconf 87' lang='lat' dir='ltr'><strong>ad</strong></span> <span class='ocrx_word' id='word_1_882' title='bbox 3401 4440 3522 4495; x_wconf 91' lang='lat' dir='ltr'><strong>illos</strong></span> <span class='ocrx_word' id='word_1_883' title='bbox 3561 4457 3690 4511; x_wconf 88' lang='lat' dir='ltr'><strong>per-</strong></span> 
     </span>
    </p>
   </div>
   <div class='ocr_carea' id='block_1_106' title="bbox 2099 4531 3687 4602">
    <p class='ocr_par' dir='ltr' id='par_1_106' title="bbox 2099 4531 3687 4602">
     <span class='ocr_line' id='line_1_106' title="bbox 2099 4531 3687 4602; baseline -0.003 -14"><span class='ocrx_word' id='word_1_884' title='bbox 2099 4535 2294 4598; x_wconf 79' lang='lat' dir='ltr'><strong>tinens,</strong></span> <span class='ocrx_word' id='word_1_885' title='bbox 2347 4543 2566 4602; x_wconf 89' lang='lat' dir='ltr'><strong>propter</strong></span> <span class='ocrx_word' id='word_1_886' title='bbox 2610 4532 2753 4602; x_wconf 89' lang='lat' dir='ltr'><strong>quod</strong></span> <span class='ocrx_word' id='word_1_887' title='bbox 2806 4533 2918 4587; x_wconf 61' lang='lat' dir='ltr'><strong>huic</strong></span> <span class='ocrx_word' id='word_1_888' title='bbox 2963 4531 3141 4587; x_wconf 86' lang='lat' dir='ltr'><strong>omnia</strong></span> <span class='ocrx_word' id='word_1_889' title='bbox 3169 4532 3308 4586; x_wconf 90' lang='lat' dir='ltr'><strong>dicta</strong></span> <span class='ocrx_word' id='word_1_890' title='bbox 3333 4540 3480 4586; x_wconf 89' lang='lat' dir='ltr'><strong>sunt.</strong></span> <span class='ocrx_word' id='word_1_891' title='bbox 3529 4531 3687 4600; x_wconf 87' lang='lat' dir='ltr'><strong>Atqui</strong></span> 
     </span>
    </p>
   </div>
   <div class='ocr_carea' id='block_1_107' title="bbox 2098 4624 3682 4696">
    <p class='ocr_par' dir='ltr' id='par_1_107' title="bbox 2098 4624 3682 4696">
     <span class='ocr_line' id='line_1_107' title="bbox 2098 4624 3682 4696; baseline -0.003 -15"><span class='ocrx_word' id='word_1_892' title='bbox 2098 4627 2184 4681; x_wconf 89' lang='lat' dir='ltr'><strong>illa</strong></span> <span class='ocrx_word' id='word_1_893' title='bbox 2231 4635 2385 4680; x_wconf 88' lang='lat' dir='ltr'><strong>erant</strong></span> <span class='ocrx_word' id='word_1_894' title='bbox 2428 4627 2586 4696; x_wconf 86' lang='lat' dir='ltr'><strong>longe</strong></span> <span class='ocrx_word' id='word_1_895' title='bbox 2630 4625 2855 4694; x_wconf 87' lang='lat' dir='ltr'><strong>majora,</strong></span> <span class='ocrx_word' id='word_1_896' title='bbox 2903 4625 3004 4678; x_wconf 93' lang='lat' dir='ltr'><strong>hoc</strong></span> <span class='ocrx_word' id='word_1_897' title='bbox 3046 4639 3176 4678; x_wconf 90' lang='lat' dir='ltr'><strong>vero</strong></span> <span class='ocrx_word' id='word_1_898' title='bbox 3220 4624 3632 4678; x_wconf 88' lang='lat' dir='ltr'><strong>couveuientius</strong></span> <span class='ocrx_word' id='word_1_899' title='bbox 3668 4642 3682 4677; x_wconf 92' lang='lat'>:</span> 
     </span>
    </p>
   </div>
   <div class='ocr_carea' id='block_1_108' title="bbox 2097 4715 3691 4789">
    <p class='ocr_par' dir='ltr' id='par_1_108' title="bbox 2097 4715 3691 4789">
     <span class='ocr_line' id='line_1_108' title="bbox 2097 4715 3691 4789; baseline -0.003 -17"><span class='ocrx_word' id='word_1_900' title='bbox 2097 4719 2443 4789; x_wconf 86' lang='lat' dir='ltr'><strong>quamobrem</strong></span> <span class='ocrx_word' id='word_1_901' title='bbox 2483 4728 2812 4788; x_wconf 86' lang='lat' dir='ltr'><strong>postremum</strong></span> <span class='ocrx_word' id='word_1_902' title='bbox 2845 4716 2973 4770; x_wconf 90' lang='lat' dir='ltr'><strong>illud</strong></span> <span class='ocrx_word' id='word_1_903' title='bbox 3007 4718 3175 4785; x_wconf 89' lang='lat' dir='ltr'><strong>ponit.</strong></span> <span class='ocrx_word' id='word_1_904' title='bbox 3205 4715 3442 4784; x_wconf 86' lang='lat' dir='ltr'><strong>ldipsum</strong></span> <span class='ocrx_word' id='word_1_905' title='bbox 3473 4730 3691 4784; x_wconf 89' lang='lat' dir='ltr'><strong>quoque</strong></span> 
     </span>
    </p>
   </div>
   <div class='ocr_carea' id='block_1_109' title="bbox 2097 4805 3691 4879">
    <p class='ocr_par' dir='ltr' id='par_1_109' title="bbox 2097 4805 3691 4879">
     <span class='ocr_line' id='line_1_109' title="bbox 2097 4805 3691 4879; baseline -0.005 -15"><span class='ocrx_word' id='word_1_906' title='bbox 2097 4810 2236 4879; x_wconf 88' lang='lat' dir='ltr'><strong>apud</strong></span> <span class='ocrx_word' id='word_1_907' title='bbox 2280 4809 2554 4863; x_wconf 81' lang='lat' dir='ltr'><strong>Romanos</strong></span> <span class='ocrx_word' id='word_1_908' title='bbox 2598 4807 2741 4873; x_wconf 82' lang='lat' dir='ltr'><strong>fecit,</strong></span> <span class='ocrx_word' id='word_1_909' title='bbox 2770 4806 2986 4877; x_wconf 90' lang='lat' dir='ltr'><strong>quando</strong></span> <span class='ocrx_word' id='word_1_910' title='bbox 3023 4806 3090 4861; x_wconf 89' lang='lat' dir='ltr'><strong>de</strong></span> <span class='ocrx_word' id='word_1_911' title='bbox 3117 4806 3254 4860; x_wconf 89' lang='lat' dir='ltr'><strong>cibis</strong></span> <span class='ocrx_word' id='word_1_912' title='bbox 3283 4805 3602 4870; x_wconf 88' lang='lat' dir='ltr'><strong>accusabat,</strong></span> <span class='ocrx_word' id='word_1_913' title='bbox 3637 4813 3691 4858; x_wconf 91' lang='lat' dir='ltr'><strong>et</strong></span> 
     </span>
    </p>
   </div>
   <div class='ocr_carea' id='block_1_110' title="bbox 2099 4894 3692 4966">
    <p class='ocr_par' dir='ltr' id='par_1_110' title="bbox 2099 4894 3692 4966">
     <span class='ocr_line' id='line_1_110' title="bbox 2099 4894 3692 4966; baseline -0.005 -13"><span class='ocrx_word' id='word_1_914' title='bbox 2099 4901 2150 4953; x_wconf 93' lang='lat' dir='ltr'><strong>in</strong></span> <span class='ocrx_word' id='word_1_915' title='bbox 2173 4899 2350 4953; x_wconf 89' lang='lat' dir='ltr'><strong>multis</strong></span> <span class='ocrx_word' id='word_1_916' title='bbox 2375 4899 2494 4952; x_wconf 90' lang='lat' dir='ltr'><strong>aliis</strong></span> <span class='ocrx_word' id='word_1_917' title='bbox 2520 4898 2673 4952; x_wconf 92' lang='lat' dir='ltr'><strong>locis.</strong></span> <span class='ocrx_word' id='word_1_918' title='bbox 2704 4897 2925 4962; x_wconf 86' lang='lat' dir='ltr'><strong>Deinde,</strong></span> <span class='ocrx_word' id='word_1_919' title='bbox 2958 4911 3024 4951; x_wconf 93' lang='lat' dir='ltr'><strong>ne</strong></span> <span class='ocrx_word' id='word_1_920' title='bbox 3051 4897 3256 4966; x_wconf 85' lang='lat' dir='ltr'><strong>singula</strong></span> <span class='ocrx_word' id='word_1_921' title='bbox 3283 4905 3337 4949; x_wconf 85' lang='lat' dir='ltr'><strong>et</strong></span> <span class='ocrx_word' id='word_1_922' title='bbox 3361 4894 3538 4948; x_wconf 89' lang='lat' dir='ltr'><strong>omnia</strong></span> <span class='ocrx_word' id='word_1_923' title='bbox 3565 4910 3692 4964; x_wconf 87' lang='lat' dir='ltr'><strong>per-</strong></span> 
     </span>
    </p>
   </div>
   <div class='ocr_carea' id='block_1_111' title="bbox 2096 4985 3691 5061">
    <p class='ocr_par' dir='ltr' id='par_1_111' title="bbox 2096 4985 3691 5061">
     <span class='ocr_line' id='line_1_111' title="bbox 2096 4985 3691 5061; baseline -0.004 -16"><span class='ocrx_word' id='word_1_924' title='bbox 2096 5005 2326 5061; x_wconf 90' lang='lat' dir='ltr'><strong>sequens</strong></span> <span class='ocrx_word' id='word_1_925' title='bbox 2366 4989 2560 5042; x_wconf 89' lang='lat' dir='ltr'><strong>diutius</strong></span> <span class='ocrx_word' id='word_1_926' title='bbox 2603 4996 2862 5050; x_wconf 90' lang='lat' dir='ltr'><strong>moretur,</strong></span> <span class='ocrx_word' id='word_1_927' title='bbox 2891 4987 2966 5040; x_wconf 87' lang='lat' dir='ltr'><strong>ait</strong></span> <span class='ocrx_word' id='word_1_928' title='bbox 2995 5005 3007 5040; x_wconf 91' lang='lat'><strong>:</strong></span> <span class='ocrx_word' id='word_1_929' title='bbox 3046 4986 3294 5039; x_wconf 80' lang='lat' dir='ltr'><strong>Omnibus</strong></span> <span class='ocrx_word' id='word_1_930' title='bbox 3321 4985 3493 5038; x_wconf 89' lang='lat' dir='ltr'><strong>omnia</strong></span> <span class='ocrx_word' id='word_1_931' title='bbox 3519 4989 3691 5055; x_wconf 79' lang='lat' dir='ltr'><strong>factus</strong></span> 
     </span>
    </p>
   </div>
   <div class='ocr_carea' id='block_1_112' title="bbox 2095 5074 3690 5148">
    <p class='ocr_par' dir='ltr' id='par_1_112' title="bbox 2095 5074 3690 5148">
     <span class='ocr_line' id='line_1_112' title="bbox 2095 5074 3690 5148; baseline -0.005 -12"><span class='ocrx_word' id='word_1_932' title='bbox 2095 5098 2228 5146; x_wconf 83' lang='lat' dir='ltr'><strong>sum,</strong></span> <span class='ocrx_word' id='word_1_933' title='bbox 2257 5090 2314 5135; x_wconf 89' lang='lat' dir='ltr'><strong>ut</strong></span> <span class='ocrx_word' id='word_1_934' title='bbox 2334 5081 2535 5133; x_wconf 89' lang='lat' dir='ltr'><strong>omnino</strong></span> <span class='ocrx_word' id='word_1_935' title='bbox 2556 5077 2799 5148; x_wconf 86' lang='lat' dir='ltr'><strong>quosdam</strong></span> <span class='ocrx_word' id='word_1_936' title='bbox 2819 5078 2984 5131; x_wconf 87' lang='lat' dir='ltr'><strong>salvos</strong></span> <span class='ocrx_word' id='word_1_937' title='bbox 3012 5081 3253 5148; x_wconf 78' lang='lat' dir='ltr'><strong>facerem.</strong></span> <span class='ocrx_word' id='word_1_938' title='bbox 3281 5076 3468 5129; x_wconf 86' lang='lat' dir='ltr'><strong>Viden&#39;</strong></span> <span class='ocrx_word' id='word_1_939' title='bbox 3495 5074 3690 5146; x_wconf 86' lang='lat' dir='ltr'><strong>hyper-</strong></span> 
     </span>
    </p>
   </div>
   <div class='ocr_carea' id='block_1_113' title="bbox 2096 5166 3691 5238">
    <p class='ocr_par' dir='ltr' id='par_1_113' title="bbox 2096 5166 3691 5238">
     <span class='ocr_line' id='line_1_113' title="bbox 2096 5166 3691 5238; baseline -0.006 -11"><span class='ocrx_word' id='word_1_940' title='bbox 2096 5173 2256 5232; x_wconf 90' lang='lat' dir='ltr'><strong>bolen</strong></span> <span class='ocrx_word' id='word_1_941' title='bbox 2282 5173 2304 5225; x_wconf 85' lang='lat'><strong>?</strong></span> <span class='ocrx_word' id='word_1_942' title='bbox 2328 5171 2588 5226; x_wconf 90' lang='lat' dir='ltr'><strong>Omnibus</strong></span> <span class='ocrx_word' id='word_1_943' title='bbox 2615 5171 2792 5224; x_wconf 90' lang='lat' dir='ltr'><strong>omnia</strong></span> <span class='ocrx_word' id='word_1_944' title='bbox 2827 5169 2994 5223; x_wconf 83' lang='lat' dir='ltr'><strong>lactus</strong></span> <span class='ocrx_word' id='word_1_945' title='bbox 3025 5185 3164 5230; x_wconf 87' lang='lat' dir='ltr'><strong>sum,</strong></span> <span class='ocrx_word' id='word_1_946' title='bbox 3197 5185 3301 5222; x_wconf 89' lang='lat' dir='ltr'><strong>non</strong></span> <span class='ocrx_word' id='word_1_947' title='bbox 3325 5166 3469 5238; x_wconf 89' lang='lat' dir='ltr'><strong>quod</strong></span> <span class='ocrx_word' id='word_1_948' title='bbox 3498 5183 3691 5220; x_wconf 85' lang='lat' dir='ltr'><strong>omnes</strong></span> 
     </span>
    </p>
   </div>
   <div class='ocr_carea' id='block_1_114' title="bbox 2096 5245 3694 5330">
    <p class='ocr_par' dir='ltr' id='par_1_114' title="bbox 2096 5245 3694 5330">
     <span class='ocr_line' id='line_1_114' title="bbox 2096 5245 3694 5330; baseline -0.006 -13"><span class='ocrx_word' id='word_1_949' title='bbox 2096 5264 2271 5317; x_wconf 87' lang='lat' dir='ltr'><strong>salvos</strong></span> <span class='ocrx_word' id='word_1_950' title='bbox 2303 5261 2476 5315; x_wconf 83' lang='lat' dir='ltr'><strong>facere</strong></span> <span class='ocrx_word' id='word_1_951' title='bbox 2503 5276 2797 5330; x_wconf 85' lang='lat' dir='ltr'><strong>sperarem,</strong></span> <span class='ocrx_word' id='word_1_952' title='bbox 2844 5259 2936 5314; x_wconf 83' lang='lat' dir='ltr'><strong>sed</strong></span> <span class='ocrx_word' id='word_1_953' title='bbox 2981 5245 3050 5314; x_wconf 18' lang='lat' dir='ltr'><strong>‘ut</strong></span> <span class='ocrx_word' id='word_1_954' title='bbox 3101 5260 3287 5314; x_wconf 87' lang='lat' dir='ltr'><strong>saltem</strong></span> <span class='ocrx_word' id='word_1_955' title='bbox 3335 5272 3536 5327; x_wconf 86' lang='lat' dir='ltr'><strong>paucos</strong></span> <span class='ocrx_word' id='word_1_956' title='bbox 3587 5259 3694 5310; x_wconf 87' lang='lat' dir='ltr'><strong>sal-</strong></span> 
     </span>
    </p>
   </div>
   <div class='ocr_carea' id='block_1_115' title="bbox 2097 5351 3688 5432">
    <p class='ocr_par' dir='ltr' id='par_1_115' title="bbox 2097 5351 3688 5432">
     <span class='ocr_line' id='line_1_115' title="bbox 2097 5351 3688 5432; baseline -0.005 -22"><span class='ocrx_word' id='word_1_957' title='bbox 2097 5371 2193 5432; x_wconf 87' lang='lat' dir='ltr'><strong>vos</strong></span> <span class='ocrx_word' id='word_1_958' title='bbox 2242 5355 2448 5408; x_wconf 81' lang='lat' dir='ltr'><strong>faciam.</strong></span> <span class='ocrx_word' id='word_1_959' title='bbox 2486 5353 2550 5406; x_wconf 86' lang='lat' dir='ltr'><strong>Et</strong></span> <span class='ocrx_word' id='word_1_960' title='bbox 2587 5353 2687 5406; x_wconf 89' lang='lat' dir='ltr'><strong>hoc</strong></span> <span class='ocrx_word' id='word_1_961' title='bbox 2715 5354 2927 5423; x_wconf 88' lang='lat' dir='ltr'><strong>quidem</strong></span> <span class='ocrx_word' id='word_1_962' title='bbox 2969 5353 3203 5407; x_wconf 89' lang='lat' dir='ltr'><strong>studium</strong></span> <span class='ocrx_word' id='word_1_963' title='bbox 3231 5393 3247 5418; x_wconf 92' lang='lat'><strong>,</strong></span> <span class='ocrx_word' id='word_1_964' title='bbox 3293 5351 3688 5406; x_wconf 86' lang='lat' dir='ltr'><strong>ministerium-</strong></span> 
     </span>
    </p>
   </div>
   <div class='ocr_carea' id='block_1_116' title="bbox 2097 5429 3688 5517">
    <p class='ocr_par' dir='ltr' id='par_1_116' title="bbox 2097 5429 3688 5517">
     <span class='ocr_line' id='line_1_116' title="bbox 2097 5429 3688 5517; baseline -0.001 -19"><span class='ocrx_word' id='word_1_965' title='bbox 2097 5429 2199 5517; x_wconf 80' lang='lat' dir='ltr'><strong>que</strong></span> <span class='ocrx_word' id='word_1_966' title='bbox 2245 5447 2349 5500; x_wconf 86' lang='lat' dir='ltr'><strong>tale</strong></span> <span class='ocrx_word' id='word_1_967' title='bbox 2385 5445 2558 5510; x_wconf 89' lang='lat' dir='ltr'><strong>subii,</strong></span> <span class='ocrx_word' id='word_1_968' title='bbox 2611 5455 2872 5516; x_wconf 85' lang='lat' dir='ltr'><strong>quantum</strong></span> <span class='ocrx_word' id='word_1_969' title='bbox 2918 5462 3013 5516; x_wconf 87' lang='lat' dir='ltr'><strong>par</strong></span> <span class='ocrx_word' id='word_1_970' title='bbox 3052 5455 3168 5500; x_wconf 82' lang='lat' dir='ltr'><strong>erat</strong></span> <span class='ocrx_word' id='word_1_971' title='bbox 3196 5429 3340 5509; x_wconf 83' lang='lat' dir='ltr'><strong>eum,</strong></span> <span class='ocrx_word' id='word_1_972' title='bbox 3374 5447 3463 5514; x_wconf 89' lang='lat' dir='ltr'><strong>qui</strong></span> <span class='ocrx_word' id='word_1_973' title='bbox 3493 5459 3688 5499; x_wconf 86' lang='lat' dir='ltr'><strong>omnes</strong></span> 
     </span>
    </p>
   </div>
   <div class='ocr_carea' id='block_1_117' title="bbox 2098 5522 3693 5606">
    <p class='ocr_par' dir='ltr' id='par_1_117' title="bbox 2098 5522 3693 5606">
     <span class='ocr_line' id='line_1_117' title="bbox 2098 5522 3693 5606; baseline -0.003 -15"><span class='ocrx_word' id='word_1_974' title='bbox 2098 5538 2274 5592; x_wconf 78' lang='lat' dir='ltr'><strong>salvos</strong></span> <span class='ocrx_word' id='word_1_975' title='bbox 2300 5522 2515 5602; x_wconf 80' lang='lat' dir='ltr'><strong>faceret,</strong></span> <span class='ocrx_word' id='word_1_976' title='bbox 2545 5552 2649 5590; x_wconf 90' lang='lat' dir='ltr'><strong>non</strong></span> <span class='ocrx_word' id='word_1_977' title='bbox 2678 5547 2856 5591; x_wconf 90' lang='lat' dir='ltr'><strong>tamen</strong></span> <span class='ocrx_word' id='word_1_978' title='bbox 2885 5550 3107 5606; x_wconf 81' lang='lat' dir='ltr'><strong>Sperans</strong></span> <span class='ocrx_word' id='word_1_979' title='bbox 3139 5551 3224 5590; x_wconf 89' lang='lat' dir='ltr'><strong>me</strong></span> <span class='ocrx_word' id='word_1_980' title='bbox 3254 5550 3442 5589; x_wconf 87' lang='lat' dir='ltr'><strong>omnes</strong></span> <span class='ocrx_word' id='word_1_981' title='bbox 3466 5550 3693 5604; x_wconf 81' lang='lat' dir='ltr'><strong>supera-</strong></span> 
     </span>
    </p>
   </div>
   <div class='ocr_carea' id='block_1_118' title="bbox 2099 5627 3692 5704">
    <p class='ocr_par' dir='ltr' id='par_1_118' title="bbox 2099 5627 3692 5704">
     <span class='ocr_line' id='line_1_118' title="bbox 2099 5627 3692 5704; baseline -0.003 -21"><span class='ocrx_word' id='word_1_982' title='bbox 2099 5639 2275 5683; x_wconf 90' lang='lat' dir='ltr'><strong>turum</strong></span> <span class='ocrx_word' id='word_1_983' title='bbox 2301 5643 2423 5683; x_wconf 92' lang='lat' dir='ltr'><strong>esse</strong></span> <span class='ocrx_word' id='word_1_984' title='bbox 2456 5647 2468 5681; x_wconf 89' lang='lat'>:</span> <span class='ocrx_word' id='word_1_985' title='bbox 2508 5629 2648 5698; x_wconf 86' lang='lat' dir='ltr'><strong>quod</strong></span> <span class='ocrx_word' id='word_1_986' title='bbox 2680 5644 2807 5684; x_wconf 85' lang='lat' dir='ltr'><strong>vere</strong></span> <span class='ocrx_word' id='word_1_987' title='bbox 2837 5644 3093 5704; x_wconf 84' lang='lat' dir='ltr'><strong>magnum</strong></span> <span class='ocrx_word' id='word_1_988' title='bbox 3131 5638 3275 5694; x_wconf 85' lang='lat' dir='ltr'><strong>erat,</strong></span> <span class='ocrx_word' id='word_1_989' title='bbox 3319 5627 3692 5695; x_wconf 80' lang='lat' dir='ltr'><strong>ferventisque</strong></span> 
     </span>
    </p>
   </div>
   <div class='ocr_carea' id='block_1_119' title="bbox 2098 5717 3686 5794">
    <p class='ocr_par' dir='ltr' id='par_1_119' title="bbox 2098 5717 3686 5794">
     <span class='ocr_line' id='line_1_119' title="bbox 2098 5717 3686 5794; baseline -0.003 -18"><span class='ocrx_word' id='word_1_990' title='bbox 2098 5719 2285 5776; x_wconf 86' lang='lat' dir='ltr'><strong>animi.</strong></span> <span class='ocrx_word' id='word_1_991' title='bbox 2325 5719 2457 5778; x_wconf 85' lang='lat' dir='ltr'><strong>Nam</strong></span> <span class='ocrx_word' id='word_1_992' title='bbox 2500 5723 2590 5792; x_wconf 91' lang='lat' dir='ltr'><strong>qui</strong></span> <span class='ocrx_word' id='word_1_993' title='bbox 2630 5721 2948 5791; x_wconf 80' lang='lat' dir='ltr'><strong>seminabat,</strong></span> <span class='ocrx_word' id='word_1_994' title='bbox 2979 5721 3173 5794; x_wconf 85' lang='lat' dir='ltr'><strong>ubique</strong></span> <span class='ocrx_word' id='word_1_995' title='bbox 3218 5717 3544 5784; x_wconf 85' lang='lat' dir='ltr'><strong>seminabat,</strong></span> <span class='ocrx_word' id='word_1_996' title='bbox 3582 5730 3686 5772; x_wconf 84' lang='lat' dir='ltr'><strong>nec</strong></span> 
     </span>
    </p>
   </div>
  </div>
