3986 6202
384 493 560 539 tottun
599 480 830 539 servavit
852 486 1184 542 sementem;
1226 484 1465 532 attamen
1495 473 1636 544 quod
1665 487 1819 528 suum
1847 481 1968 528 erat

385 571 660 643 praestitit.
709 571 776 627 Et
801 585 922 626 eum
971 578 1306 624 servatorum
1351 564 1672 634 paucitatem
1720 561 1964 626 dixisset,

387 677 608 719 rursum
633 662 719 718 illa
739 661 914 715 addita
945 675 1099 725 voce,
1148 658 1392 723 Omnino,
1421 655 1729 711 consolatus
1758 661 1842 707 est
1872 667 1967 707 eos

388 755 484 825 qui
514 752 582 808 de
606 753 668 807 iis
691 751 956 807 dolerent.
984 750 1115 805 Nam
1143 751 1243 804 etsi
1274 747 1391 803 fieri
1416 761 1524 801 non
1558 753 1752 815 potest,
1781 753 1839 797 ut
1881 753 1966 796 to-

391 855 503 900 tum
544 859 724 900 semen
762 844 972 898 salvum
1009 844 1115 907 sit;
1177 852 1413 896 attamen
1465 847 1527 894 ut
1573 847 1740 893 totum
1788 845 1968 907 pereat

391 937 504 993 ﬁeri
536 937 739 1008 nequit.
771 935 898 991 ideo
926 934 1088 997 dixit,
1124 933 1344 987 Omnino
1372 948 1392 986 :
1413 931 1536 1001 quia
1568 942 1789 984 necesse
1819 941 1969 996 pror-

385 1043 475 1084 sus
499 1037 601 1096 est,
633 1036 693 1083 ut
723 1027 811 1098 qui
839 1037 949 1082 tam
979 1024 1248 1081 ferventer
1273 1037 1388 1078 rem
1412 1029 1599 1086 curat,
1623 1021 1784 1075 etiam
1814 1032 1960 1071 asse-

383 1129 594 1190 quatur.
619 1117 712 1174 23.
749 1117 936 1173 Omnia
957 1125 1123 1170 autem
1145 1115 1284 1184 iacio
1308 1123 1512 1182 propter
1535 1110 1875 1181 euangelium,
1905 1117 1961 1161 ut

381 1211 642 1282 particeps
661 1209 774 1278 eius
795 1209 1001 1280 eﬁciar.
1037 1205 1093 1262 ld
1131 1215 1236 1269 est,
1261 1214 1318 1260 ut
1343 1204 1526 1260 videar
1553 1213 1607 1258 et
1630 1203 1745 1272 ipse
1770 1199 1974 1270 aliquid

382 1313 451 1354 ex
476 1314 565 1355 me
584 1299 849 1362 attulisse,
877 1306 934 1352 et
954 1297 1218 1368 particeps
1241 1297 1338 1350 sim
1359 1309 1680 1349 coronarum
1697 1307 1818 1363 qua:
1845 1291 1976 1346 fide-

384 1389 532 1445 libus
583 1390 838 1460 repositae
883 1397 1027 1443 sunt.
1072 1384 1530 1454 Quemadmodum
1557 1383 1707 1440 enim
1737 1383 1972 1446 dicebat,

392 1480 478 1536 E3
519 1481 776 1552 euangelio
820 1479 1002 1546 vivere,
1055 1478 1107 1533 id
1149 1487 1254 1544 est,
1295 1492 1362 1534 ex
1388 1476 1739 1533 credentibus
1771 1496 1785 1530 :
1817 1475 1896 1529 sic
1921 1480 1980 1528 et

396 1575 500 1630 hoc
523 1574 666 1640 loco,
691 1572 958 1642 Particeps
983 1572 1168 1643 εῃεεὶαι·
1192 1570 1438 1642 evangelii
1458 1611 1475 1637 ,
1500 1578 1562 1624 ut
1588 1568 1791 1640 possim
1822 1581 1977 1621 com-

399 1665 675 1721 municare
716 1679 842 1720 cum
888 1666 990 1728 iis,
1031 1663 1124 1734 qui
1153 1663 1208 1717 in
1245 1661 1583 1732 evangelium
1608 1658 1973 1715 crediderunt.

401 1755 590 1812 Viden’
622 1755 1004 1822 humilitatem,
1052 1753 1325 1823 quomodo
1353 1752 1408 1806 in
1448 1751 1710 1808 mercedis
1747 1749 1976 1805 retribu-

405 1847 555 1902 tione
578 1861 742 1901 unum
769 1845 910 1900 inter
937 1845 1132 1899 multos
1159 1860 1279 1899 sese
1307 1853 1470 1913 ponat
1487 1884 1501 1907 ,
1533 1859 1654 1899 cum
1684 1843 1801 1912 plus
1823 1858 1978 1912 quam

406 1951 596 1992 omnes
631 1935 996 1992 laboraverit?
1047 1934 1201 1992 Unde
1242 1935 1414 2004 palam
1448 1944 1561 2000 est,
1595 1935 1734 1989 illius
1765 1934 1980 2004 prsentia

405 2027 605 2098 majora
631 2025 772 2082 fore.
803 2029 1052 2080 Attamen
1078 2042 1186 2078 non
1215 2039 1274 2079 se
1301 2025 1516 2095 dignum
1544 2036 1727 2079 censet
1751 2025 1840 2094 qui
1868 2024 1979 2092 pri-

401 2138 516 2177 mas
544 2129 743 2188 teneat,
775 2120 872 2176 sed
897 2129 1115 2190 exaptat
1143 2129 1200 2174 ut
1227 2135 1346 2175 cum
1373 2119 1490 2174 aliis
1514 2120 1779 2190 particeps
1799 2118 1869 2173 sit
1891 2133 1983 2172 co—

401 2230 650 2270 ronarum
676 2229 798 2285 qua:
827 2213 1075 2284 reposita:
1099 2221 1242 2267 sunt.
1276 2211 1401 2267 Haec
1427 2225 1589 2281 porro
1613 2211 1846 2274 dicebat,
1872 2223 1981 2264 non

399 2307 542 2377 quod
586 2322 682 2376 pro
725 2304 975 2360 mercede
1019 2305 1194 2374 aliqua
1239 2304 1340 2360 hoc
1378 2302 1612 2368 faceret,
1647 2301 1746 2358 sed
1774 2310 1834 2357 ut
1859 2300 1986 2356 illos

403 2397 525 2451 hinc
550 2410 758 2466 quoque
782 2393 1076 2448 attraheret
1098 2434 1113 2459 ,
1161 2401 1216 2448 et
1247 2408 1341 2463 per
1365 2407 1516 2463 spem
1545 2391 1849 2461 hujnsmodi
1877 2391 1986 2445 illis

403 2486 766 2556 persuaderet,
799 2493 855 2538 ut
898 2483 1077 2537 omnia
1109 2497 1205 2551 pro
1233 2482 1490 2537 fratribus
1521 2484 1778 2537 facerent.
1828 2479 1980 2535 Vidi-

401 2576 524 2632 stin’
557 2574 931 2647 prudentiam?
960 2573 1194 2630 vidistin'
1215 2573 1508 2643 diligentia:
1539 2572 1980 2642 magnitudinem,

399 2666 674 2738 quomodo
721 2667 842 2736 plus
881 2680 1042 2735 quam
1081 2675 1409 2734 prtecepIum
1436 2664 1613 2719 fuerat
1642 2664 1821 2719 fecerit
1854 2663 1986 2718 nihil

402 2761 698 2830 accipiens,
727 2773 851 2814 cum
894 2758 1139 2828 accipere
1187 2757 1411 2812 liceret?
1455 2756 1687 2811 vidiSIiu’
1719 2772 1984 2811 summam

405 2852 927 2924 attemperationem,
955 2849 1231 2922 quomodo
1261 2851 1352 2921 qui
1384 2850 1436 2904 in
1468 2851 1584 2920 lege
1607 2849 1803 2905 Christi
1833 2859 1950 2905 erat
1969 2891 1985 2917 ,

403 2957 456 3002 et
485 2960 790 3016 supremam
818 2945 1066 3000 servabat
1093 2943 1291 3014 legem,
1324 2943 1388 2997 iis
1407 2944 1496 3014 qui
1521 2943 1640 2998 sine
1665 2943 1781 3014 lege
1811 2952 1986 3010 erant,

407 3051 678 3108 tamquam
706 3037 826 3092 sine
853 3037 970 3107 lege
994 3045 1177 3100 esset;
1223 3034 1420 3090 Iudaeis
1454 3043 1722 3105 tamquam
1749 3034 1987 3102 luds-us,

406 3135 461 3184 in
507 3130 751 3199 utrisque
793 3142 1033 3183 summus
1077 3140 1343 3198 apparens
1385 3135 1438 3182 et
1482 3140 1672 3182 omnes
1729 3126 1991 3182 vincens?

414 3221 528 3278 lloc
549 3230 604 3277 et
636 3231 690 3274 tu
713 3218 905 3284 facito,
944 3227 998 3274 et
1025 3234 1092 3273 ne
1123 3229 1280 3288 putes
1306 3227 1358 3272 te
1382 3218 1575 3274 cadere
1600 3234 1722 3274 cum
1751 3233 1994 3273 summus

408 3315 519 3376 sis.
548 3313 594 3367 si
624 3310 754 3382 quid
793 3318 1016 3382 propter
1046 3309 1266 3363 fratrem
1298 3309 1499 3364 humile
1522 3319 1575 3364 et
1603 3308 1871 3378 abiectum
1901 3325 1994 3379 pa-

411 3405 602 3458 tiaris:
635 3411 851 3458 nonest
879 3401 1022 3456 enim
1057 3400 1188 3455 illud
1223 3399 1452 3467 cadere,
1501 3400 1596 3456 sed
1639 3400 1992 3456 descendere.

418 3495 521 3559 Qui
545 3494 735 3549 cecidit
758 3493 923 3554 enim,
945 3494 1088 3562 jacet
1111 3501 1167 3547 et
1195 3492 1280 3546 vix
1311 3493 1540 3560 resurgit
1570 3509 1584 3546 :
1615 3494 1702 3564 qui
1741 3508 1872 3548 vero
1897 3493 1992 3548 de-

420 3586 651 3650 scendit,
699 3583 968 3650 ascendet,
997 3595 1048 3639 et
1077 3599 1202 3638 cum
1227 3584 1394 3638 ntulto
1422 3585 1570 3638 lucro
1600 3600 1615 3638 :
1645 3584 1998 3654 quemadmo.

419 3676 550 3731 dum
587 3676 749 3730 etiam
789 3674 980 3731 Paulus
1004 3675 1283 3731 descendit
1311 3676 1458 3730 solus
1483 3676 1720 3745 quidem,
1752 3675 1847 3731 sed
1873 3691 1998 3732 cum

416 3768 552 3823 urbe
573 3765 816 3821 ascendit
842 3783 858 3821 :
882 3781 984 3821 non
1007 3767 1304 3832 simulans;
1335 3781 1508 3835 neque
1536 3766 1679 3820 enim
1706 3781 1891 3822 eorum
1909 3769 1998 3838 qui

414 3859 615 3915 servati
645 3867 772 3912 sunt
797 3857 1000 3913 lucrum
1026 3859 1380 3928 quaesivisset,
1408 3858 1453 3912 si
1476 3857 1794 3912 simulasset.
1825 3857 2003 3929 Hypo-

415 3950 549 4005 crita
585 3949 729 4004 cnim
762 3948 982 4003 exitium
1025 3947 1249 4019 quarrit,
1280 3958 1337 4004 et
1371 3949 1590 4002 simulat
1628 3958 1687 4002 ut
1731 3949 1997 4018 accipiat,

419 4057 526 4097 non
554 4051 607 4095 ul
634 4040 728 4095 det
760 4057 774 4095 :
804 4039 892 4094 hic
915 4054 1043 4094 vero
1067 4056 1172 4094 non
1201 4041 1301 4103 sic,
1329 4039 1423 4095 sed
1447 4048 1503 4094 ut
1531 4039 1788 4105 medicus,
1819 4049 1878 4095 ut
1906 4041 2002 4096 do-

417 4146 559 4199 ctor,
590 4143 646 4187 ut
673 4142 845 4203 pater,
872 4133 961 4188 ille
980 4131 1198 4202 quidem
1228 4143 1450 4203 atgroto,
1485 4133 1571 4188 hic
1597 4133 1882 4204 discipulo,
1915 4135 2001 4192 hic

422 4227 534 4280 tilio
575 4239 695 4280 sese
731 4234 1084 4295 attemperat,
1135 4235 1197 4280 ιιι
1241 4226 1507 4296 corrigat,
1544 4240 1649 4282 non
1677 4237 1737 4282 ut
1762 4240 1951 4286 noceat
1985 4249 1998 4285 :

421 4320 494 4373 ita
519 4318 680 4373 etiam
711 4317 813 4372 hic.

494 4410 549 4464 4.
581 4408 698 4464 Non
747 4409 890 4480 quod
930 4425 1016 4476 ea,
1047 4425 1165 4482 quae
1213 4409 1356 4466 dicta
1399 4419 1545 4475 sunt,
1577 4412 1847 4470 simulatio
1896 4431 2001 4471 non

418 4511 623 4568 essent,
644 4517 768 4557 eum
790 4501 924 4556 nihil
954 4501 1257 4572 huiusmodi
1291 4503 1370 4557 vel
1395 4502 1578 4559 dicere
1604 4504 1683 4558 vel
1715 4504 1891 4560 facere
1915 4521 2005 4560 eo.

415 4603 658 4667 geretur,
689 4595 784 4652 sed
813 4595 955 4665 quod
983 4595 1228 4650 affectum
1259 4610 1415 4650 suum
1444 4595 1798 4667 fiduciamque
1826 4608 2008 4652 osten-

413 4690 550 4744 dere
570 4689 753 4754 vellet,
781 4687 908 4743 audi
953 4689 1124 4757 ipsum
1151 4687 1416 4744 dicentem
1446 4705 1462 4744 :
1491 4687 1673 4759 Neque
1709 4691 1808 4742 vita
1848 4707 2005 4762 neque

412 4797 576 4845 sttors,
603 4795 762 4849 neque
787 4780 954 4850 angeli
979 4795 1138 4847 neque
1164 4780 1477 4849 principatus
1514 4797 1672 4848 neque
1713 4791 2003 4852 potestates,

411 4888 582 4942 neque
601 4871 846 4925 instantia
867 4887 1024 4942 neque
1042 4872 1238 4941 futura,
1271 4889 1428 4942 neque
1451 4873 1666 4927 altitudo
1702 4883 1860 4945 neque
1882 4891 2006 4945 pro-

406 4964 661 5033 fundunt,
681 4977 842 5030 neque
860 4961 1032 5032 aliqua
1051 4962 1155 5015 alia
1175 4972 1428 5028 creatura,
1452 4965 1633 5033 poterit
1656 4981 1747 5020 nos
1768 4982 2007 5036 separare

401 5071 446 5107 a
474 5055 688 5109 caritate
720 5053 840 5122 Dei,
869 5070 982 5123 qua:
1011 5064 1084 5109 est
1117 5056 1171 5108 in
1194 5055 1392 5110 Christo
1425 5054 1553 5111 Jesu
1594 5056 1811 5112 Domino
1829 5069 2005 5116 nostra

400 5145 597 5215 (Rom.
629 5146 683 5201 8.
711 5145 804 5202 58.
825 5145 940 5216 59).
975 5145 1224 5200 Vidistin’
1249 5148 1529 5202 caritatem
1572 5147 1694 5217 igne
1735 5148 2006 5204 ardentio-

401 5239 572 5293 ι·εωῖ
619 5238 697 5294 Ita
731 5247 785 5294 et
813 5253 914 5294 nos
941 5254 1156 5311 quoque
1181 5239 1450 5295 Christum
1491 5239 1814 5311 diligamus;
1848 5243 2006 5300 facile

400 5344 654 5400 riainqne
669 5339 773 5397 est,
793 5330 839 5385 si
868 5331 1115 5386 velimus.
1137 5330 1318 5402 Neque
1345 5333 1488 5387 enim
1515 5331 1611 5388 ille
1632 5332 1753 5386 talis
1769 5342 1884 5387 erat
1912 5349 2006 5389 na-

400 5432 577 5476 tura:
603 5420 834 5492 ideoque
864 5423 1042 5492 priora
1069 5422 1211 5478 illius
1236 5423 1324 5478 bis
1347 5425 1612 5480 contraria
1662 5424 1827 5479 fuisse
1875 5427 2004 5481 scri-

397 5521 570 5582 ptum
599 5521 722 5579 est,
755 5522 813 5568 ut
841 5513 1113 5570 discamus
1134 5528 1268 5583 opus
1296 5513 1426 5568 illud
1450 5515 1601 5572 liberi
1630 5514 1836 5570 arbitrii
1864 5532 2004 5583 esse,

395 5614 473 5659 et
496 5604 796 5661 volentibus
817 5607 1002 5661 omnia
1021 5620 1143 5662 esse
1167 5605 1360 5660 facilia.
1381 5605 1457 5662 Ne
1482 5607 1827 5678 desperemus
1848 5624 2006 5680 ergo;

392 5696 517 5752 sed
541 5699 638 5754 etsi
667 5698 986 5756 maledictus
1007 5714 1088 5764 es,
1121 5698 1221 5752 etsi
1249 5713 1458 5764 avarus,
1478 5702 1579 5758 etsi
1598 5702 1811 5770 quidvis
1840 5703 2004 5764 aliud.

402 5789 595 5857 cogita
641 5791 864 5848 Paulum
907 5789 1283 5861 blasphemum
1327 5789 1508 5856 fuisse,
1541 5805 2004 5865 persequutorem,

1401 358 1474 418 ιιι
1508 358 1723 418 EPIST.
1765 358 1785 415 1
1847 356 1942 413 AD
1976 354 2135 412 COR.
2177 354 2408 415 HOMUL.
2451 357 2613 418 XXII.

3554 361 3655 418 186

2075 472 2547 540 contumeliosum,
2599 484 3043 548 peccatorumque
3091 477 3344 548 primum,
3391 485 3446 533 et
3494 476 3654 533 dere-

2078 573 2239 635 pente
2264 565 2329 619 ad
2375 565 2548 635 ipsum
2576 568 2788 624 virtutis
2828 569 3048 625 culmen
3084 569 3407 639 pervenisse,
3441 578 3496 624 ct
3525 567 3654 623 nihil

2075 655 2173 724 ipsi
2221 655 2589 725 impedimenti
2631 660 2808 728 priora
2847 660 3123 715 attulisse:
3156 661 3300 731 atqui
3347 675 3507 716 nemo
3533 673 3654 713 cum

2077 756 2224 801 tanto
2279 747 2458 804 furore
2515 751 2805 820 nequitiam
2859 760 3120 818 sectatur,
3164 766 3285 806 cum
3325 760 3527 822 quanto
3568 749 3659 804 ille

2077 836 2272 891 bellum
2315 847 2502 892 contra
2541 839 2857 895 Ecclesiam.
2891 841 3022 896 Nam
3053 852 3180 896 tunc
3206 841 3320 911 ipse
3361 855 3511 896 suam
3547 851 3656 894 tra-

2076 927 2210 982 didit
2234 929 2500 994 animam;
2533 939 2586 984 et
2613 931 2736 998 quia
2769 946 2874 986 non
2904 931 3051 987 mille
3089 948 3280 986 tnanus
3309 931 3560 997 habebat,
3605 940 3662 984 ut

2075 1019 2325 1074 omnibus
2369 1019 2704 1092 Stephanum
2751 1023 3056 1093 impeteret,
3087 1023 3325 1079 dolebat.
3373 1024 3440 1078 Et
3483 1032 3661 1077 tamen

2077 1110 2155 1164 sic
2173 1124 2389 1180 quoque
2412 1111 2629 1167 modum
2661 1112 2885 1179 invenit,
2907 1129 3016 1184 quo
3036 1122 3221 1184 posset
3247 1115 3392 1168 illum
3424 1113 3664 1184 pluribus

2077 1200 2237 1258 ferire
2261 1203 2511 1259 mnibus
2541 1202 2797 1258 falsorum
2827 1205 3062 1270 testium,
3083 1219 3311 1274 quorum
3340 1207 3454 1274 ipse
3484 1213 3664 1260 vestes

2078 1295 2346 1350 servabat.
2373 1296 2442 1351 Et
2480 1310 2603 1352 cum
2649 1297 2701 1352 in
2737 1297 2932 1353 domos
2977 1297 3223 1363 intraret,
3255 1306 3526 1367 tamquam
3555 1297 3666 1352 fera

2081 1386 2366 1453 insiliebat,
2404 1387 2624 1443 trahens
2666 1398 2722 1443 et
2769 1387 3011 1444 lacerans
3050 1387 3213 1453 viros,
3245 1388 3530 1453 mulieres;
3578 1395 3666 1442 tn-

2081 1479 2248 1532 multn
2277 1486 2333 1534 et
2357 1479 2582 1548 strepitu
2607 1493 2671 1534 ac
2711 1478 2866 1534 bellis
2894 1479 3164 1535 sexcentis
3190 1480 3370 1534 omnia
3410 1478 3661 1549 impletis.

2080 1569 2152 1625 Ita
2183 1585 2375 1640 nempe
2402 1571 2660 1626 terribilis
2693 1580 2831 1636 erat,
2860 1581 2919 1625 ut
2949 1571 3176 1642 apostoli
3199 1571 3358 1626 etiam
3390 1579 3510 1640 post
3531 1569 3668 1639 opti-

2081 1677 2221 1716 mam
2263 1662 2381 1732 ejus
2417 1662 2824 1717 conversionem
2866 1662 3104 1717 nendum
3146 1661 3403 1716 auderent
3430 1661 3526 1731 ipsi
3558 1661 3666 1715 ha:-

2085 1767 2224 1808 rere.
2247 1753 2496 1807 Attamen
2525 1762 2646 1822 post
2671 1753 2761 1807 illa
2783 1753 2964 1808 omnia
2993 1753 3112 1808 talis
3143 1751 3362 1807 effectus
3403 1761 3510 1818 est,
3532 1766 3664 1821 qua-

2084 1845 2152 1899 lis
2177 1858 2302 1898 vere
2331 1842 2464 1899 fuit:
2494 1859 2667 1914 neque
2692 1844 2836 1900 enim
2861 1845 3010 1913 plura
3037 1844 3219 1900 dicere
3243 1858 3380 1915 opus
3405 1851 3507 1898 est.
3537 1843 3665 1898 Ubi-

2083 1951 2206 1990 nam
2235 1950 2365 2006 ergo
2407 1943 2534 1989 sunt
2575 1934 2673 1999 illi,
2701 1935 2792 2006 qui
2825 1934 2915 1988 fati
2946 1936 3322 1990 necessitatem
3371 1932 3671 1989 obtendunt

2083 2027 2340 2083 adversus
2364 2027 2569 2082 arbitrii
2613 2028 2781 2081 nostri
2813 2027 3154 2082 libertatem?
3191 2027 3316 2082 llaic
3344 2026 3583 2093 audiant,
3618 2037 3671 2080 et

2083 2132 2176 2171 ora
2209 2132 2303 2172 sua
2343 2118 2644 2172 obstruunt.
2681 2117 2816 2172 Eum
2849 2119 2994 2172 enim
3022 2119 3114 2189 qui
3156 2119 3328 2173 bonus
3371 2133 3492 2174 esse
3520 2119 3668 2184 velit,

2090 2207 2224 2263 nihil
2253 2207 2496 2278 impedit,
2529 2208 2739 2264 etiamsi
2789 2209 2930 2264 inter
2961 2209 3320 2279 nequissimos
3357 2219 3513 2265 antea
3538 2225 3668 2266 cen-

2085 2308 2315 2355 seretur.
2342 2300 2422 2355 Ad
2456 2299 2558 2355 hoc
2593 2302 2738 2356 enim
2783 2305 3018 2371 aptiores
3044 2317 3250 2365 sumus,
3278 2313 3541 2373 quatenus
3581 2320 3668 2358 se-

2085 2392 2314 2448 cundum
2343 2400 2587 2448 naturam
2615 2394 2784 2448 virtus
2834 2395 2973 2448 inest
2999 2395 3173 2464 nobis,
3200 2403 3256 2450 et
3283 2403 3476 2466 praeter
3506 2407 3664 2450 natu-

2089 2499 2201 2538 ram
2247 2484 2471 2550 vitium;
2519 2484 2656 2538 sicut
2681 2486 2842 2539 etiam
2885 2495 3146 2555 aegrotare
3193 2497 3248 2542 et
3292 2487 3429 2542 bene
3473 2487 3666 2543 valere.

2091 2575 2298 2629 Etenim
2345 2575 2529 2630 oculos
2568 2575 2724 2630 nobis
2770 2574 2916 2630 dedit
2961 2577 3120 2642 Deus,
3155 2593 3260 2632 non
3306 2586 3364 2633 ut
3407 2577 3673 2648 impudice

2089 2667 2448 2736 aspiciamus,
2480 2667 2576 2722 sed
2625 2675 2685 2722 ut
2726 2681 2816 2722 res
2857 2667 2925 2722 ab
2966 2683 3033 2724 eo
3073 2679 3285 2725 creatas
3323 2670 3668 2736 admirantes,

2089 2756 2431 2811 Cotiditorem
2477 2755 2784 2811 adoremus.
2815 2757 2967 2822 Quod
2995 2768 3170 2813 autem
3194 2758 3282 2813 hic
3307 2760 3378 2814 sit
3395 2761 3672 2816 oculorum

2093 2863 2241 2912 usus,
2275 2849 2449 2918 palam
2489 2856 2574 2903 est
2601 2864 2669 2904 ex
2707 2849 2868 2902 rebus
2897 2848 2997 2903 sub
3033 2859 3309 2919 aspectum
3338 2850 3671 2908 cadentibus.

2095 2939 2555 2995 l’ulchritudinem
2596 2955 2828 3010 namque
2877 2940 3007 2995 solis
3045 2949 3098 2996 et
3137 2941 3254 2995 caili
3295 2956 3361 2996 ex
3414 2944 3675 2997 innneusu

2092 3033 2380 3102 astricimus
2423 3033 2742 3089 intervallo:
2793 3034 3034 3088 mulieris
3072 3048 3202 3089 vero
3247 3035 3470 3089 formam
3518 3051 3676 3090 nemo

2093 3140 2157 3180 ex
2187 3134 2334 3180 tanto
2363 3126 2540 3196 spatio
2568 3127 2796 3181 noverit.
2829 3126 3011 3182 Viden‘
3039 3127 3253 3183 oculum
3288 3129 3442 3184 nobis
3481 3129 3545 3184 ad
3577 3130 3676 3187 hoc

2096 3218 2327 3271 maxime
2351 3216 2533 3271 datum
2563 3217 2774 3273 fuisse?
2817 3218 3022 3275 Rursus
3049 3221 3286 3276 auditum
3314 3220 3460 3288 fecit,
3489 3239 3595 3278 non
3623 3234 3679 3278 ut

2095 3309 2404 3378 blasphema
2435 3310 2764 3382 excipiamus
2801 3313 2988 3380 verba,
3018 3313 3110 3368 sed
3155 3323 3213 3370 ut
3250 3315 3498 3371 salutaria
3543 3317 3676 3386 dog-

2098 3407 2261 3454 mata.
2329 3398 2559 3469 ldeoque
2620 3415 2741 3455 cum
2798 3401 3071 3472 quidpiam
3119 3404 3378 3460 absonum
3432 3409 3672 3475 excipit,

2099 3499 2154 3545 et
2181 3491 2392 3547 animus
2432 3501 2488 3547 et
2531 3492 2704 3561 ipsum
2746 3508 2942 3564 corpus
2985 3499 3258 3566 torpescit.
3315 3499 3498 3553 Sermo
3549 3504 3684 3556 enim

2102 3581 2318 3636 multum
2347 3583 2596 3652 jurantis,
2632 3585 2762 3654 pilos
2805 3586 2975 3656 erigit,
3010 3587 3201 3656 inquit.
3235 3589 3300 3643 Et
3339 3591 3382 3645 si
3409 3593 3535 3661 quid
3560 3609 3682 3648 cru-

2102 3673 2224 3729 dele
2250 3675 2334 3729 vel
2359 3675 2562 3730 immite
2588 3677 2892 3742 audiamus,
2927 3694 3116 3735 rursus
3144 3682 3457 3751 horremus;
3485 3687 3529 3740 si
3558 3704 3686 3743 vero

2103 3766 2229 3836 Quid
2265 3781 2612 3822 numerosum
2656 3778 2712 3824 et
2744 3769 3060 3836 humanum,
3085 3781 3139 3828 et
3168 3774 3426 3843 gestimus
3452 3785 3507 3832 et
3536 3777 3685 3834 heta-

2105 3872 2244 3912 mur.
2276 3857 2350 3913 Os
2369 3872 2584 3929 quoque
2604 3869 2847 3916 nostrum
2887 3863 3058 3933 turpia
3082 3864 3324 3935 loquens,
3356 3867 3612 3938 pudorem
3634 3881 3689 3926 et

2103 3948 2483 4004 verecundiam
2529 3949 2724 4017 infert;
2761 3952 2843 4006 sin
2873 3962 3050 4009 autem
3093 3953 3338 4025 honesta,
3381 3959 3590 4030 placide
3633 3971 3689 4017 et

2106 4053 2225 4093 eum
2261 4041 2407 4095 omni
2445 4041 2692 4098 libertate
2738 4043 2826 4098 illa
2874 4045 3089 4100 emittit.
3118 4047 3193 4102 De
3235 4048 3298 4102 iis
3335 4060 3535 4119 autem,
3565 4067 3687 4123 quae

2107 4141 2230 4186 sunt
2250 4131 2545 4188 secundum
2573 4143 2820 4190 naturam
2853 4152 3012 4191 nemo
3033 4138 3339 4206 erubuerit;
3377 4141 3471 4196 sed
3498 4143 3566 4197 de
3599 4144 3686 4210 iis,

2107 4239 2225 4295 qua:
2269 4233 2396 4279 sunt
2440 4237 2634 4294 praeter
2673 4235 2940 4281 naturam.
2977 4227 3044 4282 Et
3091 4243 3279 4284 manus
3308 4231 3523 4300 quidem
3568 4248 3688 4289 cum

2107 4315 2343 4386 rapiunt,
2372 4330 2432 4370 se
2477 4317 2754 4371 occultant
2776 4357 2793 4382 ,
2823 4327 2879 4372 et
2922 4318 3290 4374 defensionem
3321 4333 3600 4390 quierunt;
3647 4327 3693 4381 si

2109 4423 2241 4463 vero
2271 4407 2672 4478 eleemosynam
2705 4408 2855 4476 dent,
2885 4410 3046 4463 etiam
3077 4410 3394 4479 gloriantur.
3425 4411 3611 4484 Itaque
3648 4416 3694 4470 si

2110 4499 2360 4564 velimus,
2386 4512 2634 4566 magnam
2662 4498 2896 4569 undique
2917 4499 3178 4555 habemus
3203 4501 3271 4556 ad
3293 4503 3542 4559 virtutem
3572 4520 3694 4575 pro-

2113 4588 2449 4659 pensionem.
2496 4589 2554 4646 Si
2595 4599 2775 4646 autem
2807 4590 2940 4648 mihi
2982 4593 3310 4664 voluptatein
3349 4611 3413 4652 ex
3461 4601 3694 4669 nequitia

2115 4691 2320 4752 partam
2362 4681 2530 4748 dicas,
2561 4683 2738 4755 cogita
2784 4698 2884 4739 nos
2931 4682 3077 4739 illam
3121 4687 3376 4758 majorem
3403 4706 3468 4746 ex
3499 4692 3695 4747 virtute

2113 4773 2425 4845 decerpere.
2451 4775 2664 4831 Etenim
2697 4776 2893 4831 bonam
2925 4776 3125 4834 habere
3146 4781 3550 4844 conscientiam,
3581 4797 3698 4836 om-

2113 4866 2270 4922 nibus
2300 4867 2353 4921 in
2399 4866 2756 4925 admiratione
2782 4885 2926 4937 esse,
2951 4870 3257 4942 bonamque
3303 4889 3452 4944 spem
3487 4885 3693 4942 tenere,

2111 4959 2349 5013 omnium
2373 4958 2822 5028 jucundissimum
2840 4972 2924 5017 est
2943 4963 3118 5034 ei,qui
3141 4965 3430 5035 voluptatis
3452 4977 3695 5022 naturam

2113 5049 2493 5121 perpenderit;
2524 5059 2582 5105 ut
2609 5053 2877 5108 contraria
2897 5056 3142 5110 omnium
3171 5057 3550 5112 molestissima
3573 5070 3699 5114 sunt

2112 5145 2180 5211 ei,
2199 5147 2290 5216 qui
2307 5144 2510 5200 doloris
2539 5155 2783 5202 naturam
2809 5149 2985 5203 novit:
3014 5149 3162 5204 verbi
3188 5150 3378 5220 gratia,
3409 5161 3461 5206 et
3486 5155 3698 5221 probris

2113 5236 2181 5290 ab
2221 5237 2469 5291 omnibus
2513 5236 2656 5291 affici
2684 5247 2736 5292 et
2771 5253 2800 5290 a
2849 5253 2908 5293 se
2942 5239 3060 5308 ipso
3102 5243 3367 5311 accusari,
3400 5247 3591 5302 timere
3628 5261 3691 5300 ac

2116 5337 2349 5383 tremere
2385 5331 2666 5396 praesentia
2693 5343 2755 5383 ac
2782 5328 2978 5384 futura.

2186 5424 2240 5480 5.
2291 5423 2537 5494 Voluptas
2565 5421 2724 5476 breuis
2753 5432 2845 5488 est,
2879 5422 3027 5478 dolor
3049 5426 3166 5482 hinc
3196 5436 3374 5498 partus
3402 5439 3697 5501 perpetuus.

2117 5521 2266 5576 --Et
2301 5530 2362 5575 ut
2406 5521 2457 5576 id
2499 5521 2639 5591 quod
2671 5521 2790 5577 dico
2818 5522 3016 5577 clarius
3057 5521 3247 5577 evadat
3269 5564 3284 5588 ,
3333 5533 3696 5592 supponaums

2115 5615 2417 5684 quempiam
2445 5630 2669 5670 uxorem
2713 5615 2996 5673 habentem
3033 5617 3264 5688 proximi
3312 5615 3521 5685 nuptias
3571 5629 3695 5680 per-

2118 5706 2320 5774 fodere,
2344 5717 2478 5764 etes
2510 5708 2610 5763 hoc
2641 5709 2885 5780 improbo
2917 5709 3058 5764 furto
3085 5710 3172 5764 illa
3204 5708 3303 5762 frui
3327 5722 3483 5775 quam
3506 5715 3649 5758 amat
3675 5725 3688 5770 ;

2113 5799 2308 5854 deinde
2352 5799 2514 5856 alium
2566 5802 2686 5857 huic
2729 5815 3060 5873 opponamus
3089 5840 3103 5866 ,
3137 5799 3227 5869 qui
3271 5811 3498 5853 uxorem
3539 5814 3690 5852 suam
