3986 6202
315 245 416 300 187.

309 362 696 433 complectatur
724 377 740 414 :
771 367 934 428 utque
963 356 1188 414 victoria
1217 355 1412 412 clarior
1439 354 1661 420 evadat,
1692 354 1777 408 hic
1801 355 1892 423 qui

310 458 421 511 sola
448 470 543 512 sua
569 469 736 510 uxore
763 453 954 508 fruitur
972 492 986 516 ,
1011 451 1171 506 etiam
1204 450 1349 506 illam
1375 458 1520 506 amet
1549 465 1668 519 qua:
1688 449 1895 504 adulte-

313 557 492 612 ratur,
528 547 623 602 sed
655 559 891 602 amorem
937 543 1188 598 cohibeat
1233 542 1472 613 nihilque
1514 543 1640 602 mali
1692 541 1889 608 faciat,

307 657 627 712 quamquam
660 655 726 694 ne
757 639 858 706 hoc
878 638 1093 708 quidem
1116 647 1198 692 cst
1219 652 1349 708 pura
1380 636 1730 706 temperantia
1756 653 1770 698 ;
1799 649 1893 690 ve.

312 751 423 786 rum
453 732 517 786 ad
568 732 814 796 libitum,
847 740 904 784 ut
951 729 1126 783 discas
1149 738 1345 798 quanta
1393 728 1463 781 sit
1494 726 1706 782 virtutis
1737 727 1889 782 volu-

311 835 445 898 ptas,
479 823 600 878 ideo
625 821 929 890 bujustnotli
953 821 1138 876 drama
1165 819 1486 874 efﬁnximus.
1519 818 1612 874 His
1637 833 1764 888 ergo
1786 833 1889 872 una

307 917 628 986 comparatis
649 956 662 979 ,
695 916 774 972 sic
797 915 984 970 ambos
1011 915 1420 982 interrogemus,
1450 913 1620 968 utrius
1645 912 1748 965 vita
1771 911 1890 965 dul-

307 1009 419 1062 cior
443 1026 456 1060 :
485 1008 744 1061 ctandies
772 1007 918 1060 illum
949 1005 1163 1074 quidem
1189 1005 1507 1075 gloriantem
1531 1012 1586 1060 et
1610 1007 1882 1060 exsultan-

309 1110 412 1152 tem
440 1099 506 1154 de
531 1099 756 1158 victoria
779 1139 795 1164 ,
825 1113 985 1167 quam
1015 1107 1197 1152 contra
1234 1096 1508 1152 libidinem
1554 1098 1884 1166 reportavit;

309 1193 448 1244 Imne
475 1205 602 1245 vero
620 1206 640 1258 ;~
662 1191 768 1242 imo
792 1204 897 1244 non
920 1188 1334 1257 exspectandum
1357 1199 1439 1243 est
1466 1199 1520 1243 ut
1542 1187 1612 1246 ab
1637 1189 1730 1243 illo
1757 1191 1884 1259 quid

306 1282 606 1336 ediscamus
641 1300 653 1336 :
687 1281 892 1336 videbis
930 1282 1072 1338 enim
1119 1281 1266 1336 illum
1292 1321 1312 1348 ,
1335 1282 1544 1338 etiamsi
1589 1281 1640 1340 id
1690 1283 1883 1339 millies

307 1373 610 1445 negaverit,
642 1373 997 1432 miserabilius
1018 1387 1180 1443 quam
1210 1373 1247 1426 ii
1283 1374 1374 1442 qui
1411 1382 1536 1429 sunt
1574 1373 1626 1428 in
1657 1375 1881 1430 vinculis

303 1467 574 1521 affectum.
606 1464 739 1519 Nam
766 1479 954 1520 onmes
993 1464 1142 1520 timet
1171 1473 1224 1519 et
1262 1473 1539 1534 suspectos
1585 1465 1784 1532 habet,
1830 1475 1884 1522 et

304 1573 526 1616 utet-em
546 1571 695 1610 suam
718 1564 772 1611 et
791 1556 1046 1611 adultera:
1068 1556 1240 1610 virum
1264 1555 1542 1626 ipsamque
1564 1556 1879 1622 adulteram,

305 1648 612 1711 t‘arniliares,
643 1647 845 1701 amicos
869 1687 885 1713 ,
913 1658 1192 1715 cognatos,
1223 1647 1478 1715 parietes,
1507 1645 1745 1713 umbras,
1777 1647 1883 1701 sei-

301 1756 454 1808 psum
481 1757 494 1804 ;
524 1749 577 1793 ct
609 1738 749 1807 quod
780 1747 859 1794 est
901 1738 1138 1792 omnium
1165 1738 1537 1808 gravissimum
1559 1779 1575 1803 ,
1605 1739 1885 1794 conscien-

302 1835 428 1892 tiam
475 1833 633 1896 habet
677 1833 1058 1893 reclamantem
1103 1841 1158 1887 et
1195 1832 1434 1903 quotidie
1479 1833 1782 1888 latrantem.
1825 1832 1878 1888 Si

296 1942 425 1982 vero
446 1927 604 1987 etiam
635 1926 726 1980 Dei
760 1925 987 1982 tribunal
1020 1925 1074 1983 in
1106 1934 1340 1982 mentem
1369 1925 1608 1992 venerit,
1639 1941 1707 1981 ne
1735 1934 1880 1980 stare

296 2016 513 2084 quidem
541 2017 756 2086 poterit.
790 2017 854 2070 Et
881 2017 1125 2086 voluptas
1145 2016 1361 2086 quidem
1386 2017 1566 2072 brevis
1589 2025 1694 2082 est,
1724 2016 1882 2072 dolor

294 2119 472 2175 autem
502 2109 625 2163 hinc
657 2119 840 2176 partus
869 2119 1181 2177 perpetuus.
1224 2107 1358 2162 Nam
1399 2117 1455 2162 et
1492 2122 1714 2176 veSpere
1749 2108 1879 2162 etin

296 2212 453 2260 nocte
481 2241 494 2260 ,
530 2201 582 2253 in
615 2199 902 2256 solitudine
926 2238 940 2261 ,
975 2200 1026 2252 in
1055 2199 1271 2254 civitate
1295 2205 1350 2253 et
1381 2197 1576 2268 ubique
1599 2207 1881 2252 accusator

295 2292 560 2361 sequitur,
587 2289 821 2360 gladium
853 2297 1159 2342 monstrans
1187 2301 1400 2344 acutum
1431 2299 1486 2344 et
1525 2289 1876 2344 intolerabilia

293 2382 552 2450 supplicia
578 2421 592 2442 ,
627 2391 772 2434 metu
811 2393 1138 2434 consumens
1183 2380 1353 2434 illum.
1395 2379 1488 2434 Ille
1512 2394 1642 2434 vero
1672 2388 1874 2448 tempe-

292 2489 439 2536 rans,
476 2475 559 2526 his
587 2471 837 2534 omnibus
869 2485 1091 2536 vacuus,
1122 2471 1176 2524 in
1203 2468 1448 2525 libertate
1473 2479 1573 2535 est,
1603 2479 1660 2524 et
1687 2483 1876 2523 secure

292 2581 510 2621 uxorem
539 2579 692 2618 suam
720 2563 863 2620 videt
886 2603 902 2628 ,
933 2561 1072 2617 filios
1093 2601 1110 2626 ,
1138 2563 1341 2616 amicos
1372 2601 1387 2625 ,
1415 2569 1470 2615 et
1499 2560 1681 2615 liberis
1707 2560 1877 2614 oculis

291 2657 468 2710 ontuia
498 2657 712 2726 aspicit.
763 2655 820 2710 Si
863 2663 1041 2710 autem
1071 2654 1116 2707 is
1146 2654 1235 2724 qui
1259 2662 1442 2717 amat,
1490 2660 1546 2706 et
1591 2661 1770 2707 tamen
1813 2665 1875 2706 se

291 2754 568 2816 continet,
623 2760 768 2807 tanta
809 2749 1006 2807 fruitur
1055 2748 1485 2819 voluptate:qui
1529 2762 1638 2801 non
1683 2757 1871 2813 amat,

293 2847 386 2898 sed
441 2861 571 2914 pure
627 2853 934 2914 temperans
981 2853 1101 2909 est,
1155 2858 1263 2912 quo
1319 2851 1516 2912 portu,
1569 2855 1671 2910 qua
1724 2851 1871 2894 tran-

288 2938 549 3006 quillitate
589 2952 693 2990 non
733 2935 1030 2990 dulciorem
1069 2943 1124 2988 et
1177 2933 1527 3002 placidiorem
1577 2931 1874 3000 possidebit

289 3031 520 3092 animum
549 3027 571 3080 ’ἒ
604 3027 727 3081 Ideo
754 3036 902 3081 certe
935 3025 1207 3081 adulteros
1234 3023 1432 3078 videris
1461 3038 1659 3093 paucos
1684 3065 1699 3088 ,
1733 3033 1870 3077 tem-

290 3128 536 3189 perantes
557 3127 732 3172 autem
759 3118 960 3187 plures.
983 3116 1136 3184 Quod
1163 3116 1206 3170 si
1238 3115 1339 3169 hoc
1355 3113 1563 3168 dulcius
1583 3124 1746 3178 esset,
1771 3114 1872 3170 hoc

289 3215 462 3280 ipsum
493 3210 640 3270 multi
668 3209 945 3278 eligerent.
997 3208 1103 3263 Nec
1144 3207 1274 3263 tnilti
1305 3205 1454 3260 dicas
1495 3205 1669 3275 legunt
1711 3207 1869 3260 timo-

287 3319 437 3368 rem;
469 3315 641 3371 neque
668 3301 814 3356 enim
841 3299 927 3358 hic
957 3299 1076 3355 illos
1097 3301 1335 3356 continet
1361 3339 1376 3362 ,
1407 3297 1500 3352 sed
1527 3297 1870 3352 absurditatis

286 3392 616 3465 magnitudo,
639 3393 847 3462 etquod
877 3392 1026 3462 plura
1059 3391 1130 3446 ibi
1151 3392 1259 3445 sint
1288 3391 1458 3445 tristia
1481 3405 1639 3460 quam
1662 3391 1864 3457 suavia,

287 3493 340 3537 «ι
365 3485 706 3542 conscientia:
756 3499 968 3555 quoque
1011 3485 1268 3540 calculus.
1301 3483 1368 3538 Et
1407 3485 1619 3540 adulter
1647 3485 1862 3555 quidem

285 3575 407 3630 talis
432 3585 532 3629 est.
560 3575 614 3630 Si
645 3575 815 3644 placet
839 3585 1040 3641 autem,
1065 3591 1285 3631 avarum
1306 3590 1519 3646 quoque
1542 3575 1869 3630 adducamus

285 3665 337 3719 in
366 3667 634 3734 medium,
667 3667 829 3720 aliutn
862 3679 1051 3728 rursus
1080 3667 1316 3736 iniquum
1340 3683 1579 3722 antorem
1609 3668 1868 3737 delegen-

286 3768 382 3812 tcs.
421 3759 632 3816 Etenim
653 3759 824 3826 ipsum
848 3758 1008 3818 etiam
1040 3757 1334 3812 videbimus
1359 3760 1544 3814 eadem
1575 3761 1866 3814 formidan-

286 3862 414 3916 tem,
444 3866 543 3906 nec
569 3851 832 3905 valentem
857 3865 984 3917 pura
1007 3850 1106 3908 frui
1129 3851 1419 3918 voluptate.
1443 3852 1619 3906 Mente
1640 3869 1868 3922 namque

283 3959 505 4006 versans
535 3957 628 3996 eos
653 3943 744 4022 qui
787 3943 978 4010 injuria
1021 3943 1330 3999 afficiuntur
1354 3985 1369 4009 ,
1399 3954 1453 3998 et
1482 3959 1576 3998 eos
1597 3946 1685 4011 qui
1715 3962 1864 3999 com-

283 4036 627 4090 miseratione
656 4037 924 4094 ducuntur
943 4075 956 4097 ,
984 4044 1036 4090 et
1060 4050 1398 4090 communem
1422 4037 1659 4090 omnium
1685 4037 1755 4092 de
1777 4039 1867 4092 illo

281 4129 546 4190 calculum
571 4170 586 4194 ,
619 4129 764 4188 mille
803 4128 1036 4198 agitatur
1081 4131 1192 4198 ipse
1231 4131 1498 4186 fluctibus.
1541 4130 1724 4201 Neque
1765 4133 1868 4187 hoc

282 4223 456 4282 solum
500 4223 788 4282 molestum
816 4223 912 4292 ipsi
937 4233 1014 4282 est
1043 4266 1057 4287 ,
1089 4223 1184 4277 sed
1213 4239 1384 4294 neque
1412 4224 1604 4279 dilecta
1639 4241 1733 4280 sua
1767 4225 1868 4282 frui

283 4325 480 4394 potest.
505 4315 648 4374 Talis
673 4318 824 4376 enim
859 4327 943 4371 est
972 4331 1254 4370 avarorum
1292 4332 1406 4370 mos
1441 4335 1454 4372 :
1488 4315 1724 4383 habent,
1760 4333 1864 4372 non

284 4418 340 4460 ut
380 4407 660 4474 fruantur,
687 4408 786 4464 sed
815 4417 872 4463 ut
917 4424 1022 4462 non
1070 4407 1342 4478 fruantur,
1375 4407 1530 4475 Quod
1557 4409 1600 4462 si
1641 4410 1742 4464 hoc
1772 4410 1865 4464 tibi

282 4517 310 4551 ει
333 4500 505 4569 nignta
532 4514 656 4558 esse
675 4499 908 4564 videtur,
935 4499 1076 4567 quod
1099 4499 1272 4552 adhuc
1295 4500 1448 4567 pejus
1473 4509 1528 4554 et
1553 4503 1724 4569 magis
1746 4516 1866 4569 per-

286 4594 497 4660 plexum
527 4591 754 4646 estaudi
784 4609 796 4643 :
832 4591 978 4660 ipsos
1016 4607 1210 4660 nempe
1248 4607 1354 4653 non
1401 4591 1526 4646 ideo
1561 4593 1736 4646 solum
1768 4611 1866 4650 vo-

285 4685 483 4750 luptate
514 4681 733 4750 privari,
755 4683 897 4752 quod
923 4697 1030 4737 non
1051 4683 1282 4738 audeant
1301 4683 1456 4737 bonis
1480 4681 1580 4738 frui
1601 4693 1657 4738 ut
1678 4686 1864 4753 velint,

285 4774 378 4826 sed
407 4773 566 4827 etiam
598 4773 741 4841 quod
773 4788 1060 4842 numquam
1096 4775 1450 4840 impleantur,
1476 4791 1540 4829 ac
1573 4791 1786 4846 semper
1815 4779 1865 4832 in

287 4865 372 4918 siti
406 4873 686 4918 versentur
715 4881 730 4918 :
761 4880 868 4933 quo
891 4865 1018 4934 quid
1048 4867 1324 4921 molestius
1348 4876 1402 4922 et
1425 4869 1639 4937 gravius
1667 4869 1870 4924 fuerit?

289 4961 353 5009 At
377 4956 552 5024 justus
593 4972 702 5014 non
725 4964 809 5011 est
837 4956 957 5011 talis
981 4997 997 5019 ,
1027 4957 1119 5011 sed
1149 4968 1380 5013 tremore
1401 4999 1416 5022 ,
1453 4959 1578 5014 odio
1597 5000 1613 5025 ,
1646 4972 1790 5016 metu
1815 4971 1868 5019 et

290 5049 390 5102 hac
422 5047 698 5102 iucurahili
723 5049 809 5105 siti
840 5049 974 5112 liber
997 5060 1099 5104 est.
1130 5050 1208 5116 Ac
1237 5049 1685 5119 quemadmodum
1716 5053 1865 5108 illum

286 5407 421 5462 Car.
447 5402 501 5458 9.
531 5416 588 5457 v.
618 5401 710 5458 24.
743 5397 966 5458 Nescitis
991 5404 1128 5471 quod
1156 5403 1226 5467 ii,
1256 5405 1342 5471 qui
1372 5406 1425 5458 in
1451 5406 1616 5460 stadio
1637 5417 1870 5473 currunt,

365 5511 536 5550 omnes
560 5494 756 5564 quidem
785 5503 1025 5560 currunt,
1051 5498 1138 5550 sed
1168 5511 1298 5552 unus
1324 5499 1507 5567 accipit
1535 5499 1760 5553 brevium
1778 5501 1805 5553 .9

368 5588 418 5650 ι.
443 5588 572 5643 Cum
596 5586 938 5652 ostendisset,
962 5603 1074 5642 rem
1096 5602 1216 5644 esse
1236 5587 1524 5643 admodum
1547 5591 1731 5646 utilem
1755 5606 1881 5648 sese.

302 5688 672 5749 attemperate,
693 5688 746 5735 et
777 5681 915 5742 hanc
931 5693 1050 5733 esse
1071 5694 1338 5735 summam
1370 5681 1753 5758 perfectionem
1780 5701 1793 5739 :
1820 5694 1878 5756 ct

1039 241 1097 296 S.
1135 237 1412 296 JOANNIS
1445 235 1920 304 CHRYSOSTOMI
1959 238 2272 296 ARCHIEP.
2313 240 2841 299 CONSTA'NTINOP.

1613 5261 1957 5336 HOMILIA
1997 5267 2236 5327 XXIII.

3478 246 3592 301 188"

2001 370 2188 412 omnes
2213 369 2583 426 exsecrantur,
2613 359 2683 414 ita
2715 361 2837 415 huic
2865 373 3053 416 omnes
3083 359 3221 415 bene
3244 369 3534 430 precantur
3558 401 3578 428 ,

1999 464 2062 504 ac
2090 449 2225 505 sicut
2265 451 2353 506 ille
2382 452 2587 506 nullum
2627 451 2790 508 habet
2813 453 3042 506 amicum
3067 493 3084 517 ,
3129 453 3206 507 sic
3237 453 3339 506 iste
3377 453 3580 507 nullum

1998 541 2290 596 inimicum.
2319 542 2454 610 Quid
2486 545 2662 614 igitur,
2688 544 2804 599 huic
2831 546 2881 598 in
2909 544 3157 599 confesso
3176 559 3299 599 cum
3327 543 3456 608 sint,
3488 554 3580 599 aut

1998 635 2230 703 nequitia
2263 635 2619 704 injucundius,
2652 647 2742 691 aut
2773 639 2967 692 virtute
2993 637 3210 691 suavius
3240 635 3397 689 fuerit
3416 635 3442 687 τ
3465 634 3582 690 Imo

1997 741 2128 782 vero
2169 729 2376 783 etiamsi
2430 731 2706 784 innumera
2755 730 3085 798 dixerimus,
3117 744 3277 784 nemo
3320 729 3408 784 vel
3460 729 3577 783 vitii

1996 835 2282 876 maerorem
2304 863 2319 888 ,
2357 823 2439 878 vel
2468 823 2680 877 virtutis
2709 823 3039 890 voluptatem
3068 822 3244 877 verbis
3271 821 3579 891 exprimere

1995 913 2193 980 possit,
2223 914 2398 969 donec
2424 915 2509 968 illa
2542 914 2801 970 fruamur.
2831 916 2981 970 Tunc
3004 915 3146 969 enim
3175 924 3228 968 et
3273 913 3400 968 felle
3428 927 3576 966 ama-

1992 1006 2104 1060 rius
2131 1004 2462 1061 inveniemus
2491 1009 2678 1062 vitium
2699 1050 2712 1072 ,
2742 1025 2861 1063 cum
2892 1009 2994 1063 mel
3023 1007 3234 1062 virtutis
3263 1004 3570 1075 degustabi-

1991 1113 2131 1153 mns.
2164 1097 2261 1154 Est
2287 1101 2429 1154 enim
2453 1101 2612 1156 etiam
2643 1117 2782 1156 nunc
2807 1101 3012 1165 vitium,
3043 1098 3413 1171 injucundum,
3443 1111 3573 1152 one-

1992 1206 2174 1246 rosum
2201 1202 2254 1246 et
2279 1193 2562 1248 molestum
2589 1211 2602 1260 ;
2631 1194 2774 1264 quod
2803 1210 2976 1266 neque
3000 1193 3070 1250 illi
3100 1200 3316 1264 negant,
3347 1190 3439 1262 qui
3469 1189 3567 1261 ipsi

1991 1284 2316 1338 famulantur
2341 1302 2354 1337 :
2384 1300 2504 1340 cum
2547 1297 2725 1340 autem
2757 1287 2825 1340 ab
2852 1288 2942 1340 illo
2966 1286 3426 1346 abscesserimus,
3454 1291 3565 1335 tum

1992 1374 2134 1429 illius
2153 1375 2342 1430 acerba
2359 1374 2506 1445 jussa
2533 1378 2831 1432 accuratius
2857 1379 3168 1432 sentiemus.
3193 1374 3344 1443 Quod
3367 1373 3412 1427 si
3434 1371 3568 1426 mul-

1995 1466 2028 1518 ti
2057 1465 2122 1519 ad
2154 1466 2280 1520 illud
2306 1478 2607 1534 accurrunt,
2635 1469 2766 1523 nihil
2797 1471 2989 1523 mirum
3014 1484 3032 1534 ;
3055 1463 3484 1538 quandoquidem
3513 1471 3568 1515 et

1989 1557 2137 1625 pueri
2177 1573 2354 1626 same,
2385 1561 2562 1615 minus
2600 1560 2772 1616 dulcia
2821 1561 3115 1630 eligentes,
3148 1573 3209 1613 ea
3238 1572 3356 1627 quae
3397 1553 3566 1624 magis

1985 1649 2253 1706 delectant
2291 1650 2592 1722 despiciunt
2620 1652 2927 1722 ,etzegroti
2975 1665 3073 1722 pro
3120 1649 3258 1704 fluxa
3311 1646 3566 1714 brevique

1984 1745 2152 1812 gratia
2199 1752 2510 1815 perpetuam
2567 1746 2921 1813 tutioremque
2963 1742 3203 1797 latitiam
3247 1741 3542 1794 amiserunt

1985 1836 2098 1892 Hoc
2121 1847 2297 1892 autem
2323 1853 2390 1892 ex
2411 1837 2700 1892 amantium
2726 1836 3086 1891 imbecillitate
3110 1842 3164 1889 et
3190 1831 3412 1887 stultitia
3437 1845 3559 1900 pro-

1985 1929 2150 1993 venit,
2185 1943 2288 1982 non
2317 1944 2383 1983 ex
2412 1929 2524 1998 ipsa
2564 1943 2743 1983 rerum
2773 1937 2982 1981 natura.
3015 1925 3114 1993 Qui
3145 1924 3288 1978 enim
3316 1937 3437 1976 cum
3464 1936 3561 1972 vo-

1985 2019 2184 2087 luptate
2215 2020 2379 2087 vivit,
2425 2019 2470 2073 is
2501 2028 2581 2073 est
2609 2020 2698 2090 qui
2727 2019 2978 2073 virtutem
3007 2024 3246 2071 sectatur
3267 2053 3284 2079 ,
3317 2013 3404 2084 qui
3437 2027 3564 2067 vero

1982 2107 2133 2164 dives
2156 2119 2208 2164 et
2237 2124 2363 2164 vere
2389 2109 2522 2164 liber
2542 2118 2642 2165 est.
2672 2108 2825 2175 Quod
2855 2110 2899 2162 si
2929 2109 3049 2178 quis
3073 2107 3173 2160 alia
3204 2105 3417 2177 quidem
3449 2103 3560 2156 vir-

1983 2202 2076 2255 tuti
2104 2201 2454 2267 concesserit,
2484 2201 2804 2262 libertatem,
2835 2201 3174 2256 securitatem
3196 2241 3211 2265 ,
3241 2212 3269 2251 a
3296 2195 3439 2252 curis
3464 2209 3557 2248 va-

1980 2307 2136 2347 cuum
2165 2307 2321 2359 esse,
2364 2295 2632 2348 neminem
2676 2294 2898 2356 timere,
2942 2292 3208 2348 neminem
3253 2297 3558 2358 suspectum

1981 2383 2218 2449 habere;
2268 2386 2598 2455 voluptatem
2634 2401 2763 2440 vero
2798 2386 2896 2455 ipsi
2937 2401 3044 2440 non
3072 2382 3441 2447 concesserit,
3472 2380 3558 2435 hic

1978 2475 2108 2528 mihi
2151 2475 2202 2529 in
2249 2485 2480 2532 mentem
2525 2477 2704 2531 veniet
2747 2476 2967 2546 profuse
3004 2475 3202 2530 ridere.
3233 2473 3370 2543 Quid
3413 2473 3558 2528 enim

1977 2566 2120 2621 aliud
2150 2579 2228 2622 est
2254 2569 2518 2638 voluptas,
2548 2585 2706 2638 quam
2742 2586 2770 2622 a
2801 2571 2948 2625 curis
2968 2569 3179 2624 liberari
3207 2610 3220 2633 ,
3263 2583 3292 2622 a
3324 2568 3514 2622 timore
3535 2607 3553 2632 ,

1977 2677 2005 2714 a
2037 2677 2292 2730 mturare,
2342 2671 2396 2717 et
2432 2678 2461 2716 a
2501 2665 2642 2718 nulla
2683 2679 2743 2719 re
2773 2677 2930 2733 posse
2960 2661 3194 2717 vinciri?
3219 2661 3352 2718 Uter
3374 2663 3515 2716 enim
3539 2703 3555 2725 ,

1976 2771 2189 2824 quaeso,
2221 2755 2272 2808 in
2299 2755 2573 2824 voluptate
2601 2765 2680 2810 est
2707 2795 2723 2821 ,
2751 2756 2866 2810 isne
2892 2754 2982 2828 qui
3011 2754 3160 2820 furit,
3192 2754 3421 2823 agitatur
3443 2762 3497 2808 et
3525 2768 3558 2807 a

1975 2847 2159 2902 multis
2179 2847 2555 2916 cupiditatibus
2585 2848 2913 2913 confoditur,
2959 2861 3132 2916 neque
3156 2845 3296 2914 apud
3337 2860 3395 2899 se
3419 2859 3555 2898 cun-

1974 2941 2148 3003 sistit;
2181 2953 2248 2993 an
2280 2940 2368 3010 qui
2404 2939 2472 2994 ab
2518 2939 2765 2994 omnibus
2811 2938 2957 2993 hisce
2995 2937 3246 2993 ﬂuctibus
3276 2936 3412 2992 liber
3439 2977 3454 3000 ,
3503 2937 3559 2991 in

1976 3029 2309 3100 philosophia
2361 3046 2459 3085 ceu
2504 3031 2554 3084 in
2599 3040 2756 3100 portu
2803 3029 3204 3084 sedetiannon
3253 3029 3424 3098 palam
3471 3038 3559 3082 est

1975 3121 2114 3176 hunc
2141 3123 2301 3176 esse?
2327 3121 2431 3177 Sed
2459 3121 2559 3176 hoc
2584 3122 2821 3177 cernitur
2840 3122 3021 3175 virtuti
3048 3121 3339 3190 proprium.
3368 3119 3560 3189 Itaque

1972 3213 2156 3266 vitium
2185 3212 2358 3266 solum
2387 3227 2584 3267 nomen
2611 3213 2768 3267 habet
2793 3213 3080 3282 voluptatis
3100 3254 3114 3278 ,
3146 3227 3204 3266 re
3231 3222 3409 3266 autem
3439 3212 3559 3280 ipsa
3613 3219 3617 3224 '

1972 3321 2194 3360 vacuum
2222 3314 2344 3360 est:
2373 3315 2428 3360 et
2455 3315 2740 3375 antequam
2786 3306 2873 3358 illa
2925 3305 3116 3359 fruaris
3137 3347 3152 3371 ,
3195 3305 3398 3358 insania
3430 3315 3514 3358 est
3538 3346 3553 3368 ,

1972 3412 2079 3451 non
2111 3398 2390 3464 voluptas;
2422 3407 2700 3468 postquam
2728 3396 2814 3450 illa
2845 3398 2944 3451 frui
2971 3397 3270 3466 contigerit,
3301 3397 3408 3465 ipsa
3439 3407 3553 3450 sta-

1974 3489 2066 3542 tim
2097 3489 2468 3558 exstinguitur.
2499 3489 2554 3543 Si
2582 3504 2710 3560 ergo
2736 3504 2906 3558 neque
2946 3489 3097 3543 initio
3118 3530 3131 3551 ,
3161 3504 3334 3558 neque
3367 3497 3555 3556 postea

1973 3579 2098 3634 licet
2121 3579 2235 3648 ejus
2256 3579 2441 3634 videre
2469 3580 2814 3649 voluptatem.
2840 3579 2926 3632 ubi
2949 3588 3197 3634 eernetur
3219 3589 3270 3632 et
3293 3579 3508 3647 quando
3531 3578 3558 3630 f‘

1974 3668 2041 3724 Ut
2069 3679 2247 3726 autem
2277 3671 2327 3725 id
2353 3669 2494 3739 quod
2522 3669 2644 3724 dico
2669 3671 2864 3724 clarius
2893 3669 3101 3724 ediscas
3121 3711 3134 3732 ,
3163 3669 3410 3738 exemplo
3436 3685 3555 3723 rem

1974 3773 2260 3817 tractemus
2285 3780 2297 3814 :
2323 3761 2540 3816 attende
2564 3771 2762 3815 autem.
2784 3761 2981 3830 Captus
3003 3770 3084 3815 est
3111 3761 3372 3830 quispiam
3398 3775 3555 3814 amo-

1972 3869 2030 3908 re
2059 3854 2296 3909 mulieris
2327 3853 2563 3923 puIt-hrte
2592 3863 2646 3909 et
2676 3851 2925 3907 formosa:
2951 3872 2964 3908 :
2996 3852 3083 3908 hic
3105 3853 3275 3908 donec
3299 3868 3557 3921 assequa-

1972 3955 2056 3999 tur
2085 3955 2355 4014 Optatum,
2387 3943 2682 3998 furentibus
2707 3954 2760 3999 et
2805 3944 3006 3998 insanis
3032 3944 3220 3997 similis
3251 3953 3371 4008 est;
3407 3953 3557 4013 post-

1971 4051 2131 4106 quam
2179 4045 2356 4090 autem
2410 4044 2728 4104 assequutus
2770 4044 2889 4099 est,
2918 4035 3408 4104 concupiscentiam
3461 4051 3555 4089 ex-

1971 4132 2176 4185 stinxit.
2207 4129 2262 4184 Si
2291 4143 2421 4199 ergo
2448 4144 2619 4197 neque
2646 4128 2796 4182 initio
2815 4129 3142 4198 voluptatem
3171 4128 3334 4183 habet
3358 4143 3372 4191 ;
3405 4126 3557 4180 furor

1971 4224 2112 4278 cnim
2137 4231 2262 4277 tunc
2289 4231 2408 4287 est;
2441 4237 2611 4290 neque
2633 4222 2682 4274 in
2711 4220 2845 4283 fine;
2872 4237 2993 4275 nam
3014 4221 3299 4275 concubitu
3325 4231 3555 4276 oestrum

1969 4315 2225 4370 exstinxit
2249 4332 2263 4368 :
2295 4313 2506 4368 ubinam
2538 4313 2680 4366 illam
2713 4312 3090 4366 inveniemus?
3117 4311 3222 4368 Sed
3247 4329 3334 4367 res
3357 4324 3555 4366 nostra:

1972 4421 2075 4461 non
2109 4407 2179 4460 ita
2213 4421 2272 4460 se
2307 4405 2525 4469 habent,
2573 4404 2667 4459 sed
2717 4404 2866 4457 initio
2917 4404 3318 4472 perturbatione
3371 4418 3557 4458 vacua:

1969 4507 2113 4564 sunt,
2143 4507 2193 4552 et
2226 4511 2391 4564 uSque
2421 4497 2473 4548 in
2517 4496 2675 4549 finem
2707 4496 2948 4563 voluptas
2991 4497 3174 4564 vigens
3201 4505 3511 4564 perseverat
3539 4513 3558 4559 ;

1971 4591 2080 4646 imo
2113 4590 2290 4659 potius
2319 4604 2424 4643 non
2471 4588 2590 4641 linis
2633 4598 2714 4642 est
2743 4589 3024 4657 voluptatis
3054 4590 3105 4642 in
3155 4591 3310 4644 nobis
3334 4631 3350 4652 ,
3382 4605 3562 4658 neque

1971 4683 2109 4736 bona
2140 4691 2323 4736 nostra
2365 4683 2651 4736 terminum
2698 4679 2931 4746 habent,
2963 4697 3137 4750 neque
3169 4681 3282 4734 lucc
3311 4683 3562 4750 voluptas

1971 4787 2222 4844 umquam
2242 4771 2569 4825 dissolvitur.
2591 4770 2715 4824 ch
2741 4771 2920 4839 itaque
2949 4771 3125 4824 omnia
3158 4771 3478 4841 cogitantes,
3511 4771 3561 4824 si

1973 4865 2298 4934 voluptatem
2319 4877 2581 4928 amamus,
2607 4863 2856 4916 virtutem
2875 4862 3248 4930 suscipiamus,
3274 4872 3400 4916 utet
3420 4878 3566 4930 prze-

1972 4959 2142 5016 scntia
2181 4967 2234 5012 et
2282 4956 2452 5010 futura
2495 4954 2632 5008 bona
2663 4968 3010 5023 assequamur
3042 4971 3056 5006 :
3087 4969 3206 5023 qua:
3238 4955 3435 5009 utinam
3463 4969 3567 5007 nos

1973 5067 2164 5108 omnes
2182 5049 2403 5119 adipisci
2429 5047 2722 5116 contingat,
2750 5046 2916 5115 gratia
2945 5054 3000 5099 et
3029 5046 3384 5116 benignitate,
3408 5054 3522 5099 etc.

1974 5409 2115 5479 ψιοᾱ
2134 5409 2245 5478 ipse
2263 5403 2531 5475 (Paulus),
2547 5417 2667 5459 cum
2685 5402 2805 5475 plus
2823 5419 2981 5474 quam
3000 5416 3188 5456 omnes
3199 5400 3264 5455 ad
3284 5396 3583 5469 perfectio-

1975 5514 2098 5554 nem
2147 5496 2513 5561 ascendisset,
2546 5495 2655 5549 imo
2683 5493 3100 5550 transcendisset
3126 5533 3139 5554 ,
3165 5505 3234 5544 eo
3261 5486 3403 5559 quod
3455 5486 3478 5556 (
3507 5487 3580 5542 ad

1979 5591 2177 5645 vietum
2205 5585 2546 5656 necessaria)
2574 5601 2682 5642 non
2713 5585 2978 5656 acceperit
2997 5626 3011 5648 ,
3040 5584 3160 5652 plus
3195 5596 3352 5650 quam
3377 5594 3588 5637 omnes

1979 5689 2162 5756 postea
2185 5678 2543 5746 descenderit,
2575 5687 2633 5735 et
2660 5679 2936 5747 utriusque
2965 5673 3042 5729 rei
3073 5683 3310 5741 tempora
3339 5676 3470 5724 nota
3501 5671 3586 5722 l‘ev
