  <div class='ocr_page' id='page_1' title='image "/cluster/home/n/w/nwhite01/storage/ocr_20150623/61/mdp.39015008622618/196.png"; bbox 0 0 3986 6202; ppageno 0'>
   <div class='ocr_carea' id='block_1_1' title="bbox 328 380 422 436">
    <p class='ocr_par' dir='ltr' id='par_1_1' title="bbox 328 380 422 436">
     <span class='ocr_line' id='line_1_1' title="bbox 328 380 422 436; baseline -0.021 0"><span class='ocrx_word' id='word_1_1' title='bbox 328 380 422 436; x_wconf 78' lang='grc'><strong>189</strong></span> 
     </span>
    </p>
   </div>
   <div class='ocr_carea' id='block_1_2' title="bbox 327 474 1881 558">
    <p class='ocr_par' dir='ltr' id='par_1_2' title="bbox 327 474 1881 558">
     <span class='ocr_line' id='line_1_2' title="bbox 327 474 1881 558; baseline -0.015 -8"><span class='ocrx_word' id='word_1_2' title='bbox 327 495 476 551; x_wconf 87' lang='lat' dir='ltr'><strong>cisset</strong></span> <span class='ocrx_word' id='word_1_3' title='bbox 511 482 687 552; x_wconf 88' lang='lat' dir='ltr'><strong>nobis,</strong></span> <span class='ocrx_word' id='word_1_4' title='bbox 715 481 1054 558; x_wconf 77' lang='lat' dir='ltr'><strong>perfectionis</strong></span> <span class='ocrx_word' id='word_1_5' title='bbox 1084 494 1280 548; x_wconf 84' lang='lat' dir='ltr'><strong>nempe</strong></span> <span class='ocrx_word' id='word_1_6' title='bbox 1309 486 1364 534; x_wconf 87' lang='lat' dir='ltr'><strong>et</strong></span> <span class='ocrx_word' id='word_1_7' title='bbox 1385 474 1881 554; x_wconf 85' lang='lat' dir='ltr'><strong>attemperationis;</strong></span> 
     </span>
    </p>
   </div>
   <div class='ocr_carea' id='block_1_3' title="bbox 322 565 1886 654">
    <p class='ocr_par' dir='ltr' id='par_1_3' title="bbox 322 565 1886 654">
     <span class='ocr_line' id='line_1_3' title="bbox 322 565 1886 654; baseline -0.012 -15"><span class='ocrx_word' id='word_1_8' title='bbox 322 585 424 654; x_wconf 78' lang='lat' dir='ltr'><strong>jam</strong></span> <span class='ocrx_word' id='word_1_9' title='bbox 454 581 568 634; x_wconf 86' lang='lat' dir='ltr'><strong>illos</strong></span> <span class='ocrx_word' id='word_1_10' title='bbox 593 579 770 633; x_wconf 82' lang='lat' dir='ltr'><strong>acrius</strong></span> <span class='ocrx_word' id='word_1_11' title='bbox 801 575 1141 645; x_wconf 86' lang='lat' dir='ltr'><strong>perstringit,</strong></span> <span class='ocrx_word' id='word_1_12' title='bbox 1169 569 1513 626; x_wconf 87' lang='lat' dir='ltr'><strong>subindicans</strong></span> <span class='ocrx_word' id='word_1_13' title='bbox 1538 567 1638 622; x_wconf 87' lang='lat' dir='ltr'><strong>hoc</strong></span> <span class='ocrx_word' id='word_1_14' title='bbox 1661 566 1728 620; x_wconf 91' lang='lat' dir='ltr'><strong>ab</strong></span> <span class='ocrx_word' id='word_1_15' title='bbox 1757 565 1886 635; x_wconf 84' lang='lat' dir='ltr'><strong>ipsis</strong></span> 
     </span>
    </p>
   </div>
   <div class='ocr_carea' id='block_1_4' title="bbox 328 662 1888 737">
    <p class='ocr_par' dir='ltr' id='par_1_4' title="bbox 328 662 1888 737">
     <span class='ocr_line' id='line_1_4' title="bbox 328 662 1888 737; baseline -0.012 -9"><span class='ocrx_word' id='word_1_16' title='bbox 328 667 670 737; x_wconf 88' lang='lat' dir='ltr'><strong>factum,quod</strong></span> <span class='ocrx_word' id='word_1_17' title='bbox 688 663 1024 736; x_wconf 85' lang='lat' dir='ltr'><strong>perfectionis</strong></span> <span class='ocrx_word' id='word_1_18' title='bbox 1043 677 1165 718; x_wconf 85' lang='lat' dir='ltr'><strong>esse</strong></span> <span class='ocrx_word' id='word_1_19' title='bbox 1177 662 1609 725; x_wconf 87' lang='lat' dir='ltr'><strong>videtur,vanum</strong></span> <span class='ocrx_word' id='word_1_20' title='bbox 1629 668 1681 713; x_wconf 94' lang='lat' dir='ltr'><strong>et</strong></span> <span class='ocrx_word' id='word_1_21' title='bbox 1702 672 1888 728; x_wconf 88' lang='lat' dir='ltr'><strong>super-</strong></span> 
     </span>
    </p>
   </div>
   <div class='ocr_carea' id='block_1_5' title="bbox 330 749 1887 824">
    <p class='ocr_par' dir='ltr' id='par_1_5' title="bbox 330 749 1887 824">
     <span class='ocr_line' id='line_1_5' title="bbox 330 749 1887 824; baseline -0.011 -6"><span class='ocrx_word' id='word_1_22' title='bbox 330 764 484 818; x_wconf 86' lang='lat' dir='ltr'><strong>lluum</strong></span> <span class='ocrx_word' id='word_1_23' title='bbox 513 773 624 814; x_wconf 86' lang='lat' dir='ltr'><strong>esse</strong></span> <span class='ocrx_word' id='word_1_24' title='bbox 665 757 923 811; x_wconf 85' lang='lat' dir='ltr'><strong>laborem.</strong></span> <span class='ocrx_word' id='word_1_25' title='bbox 955 749 1140 824; x_wconf 89' lang='lat' dir='ltr'><strong>Neque</strong></span> <span class='ocrx_word' id='word_1_26' title='bbox 1183 769 1296 808; x_wconf 89' lang='lat' dir='ltr'><strong>rem</strong></span> <span class='ocrx_word' id='word_1_27' title='bbox 1343 753 1413 806; x_wconf 87' lang='lat' dir='ltr'><strong>ita</strong></span> <span class='ocrx_word' id='word_1_28' title='bbox 1451 750 1597 805; x_wconf 89' lang='lat' dir='ltr'><strong>clare</strong></span> <span class='ocrx_word' id='word_1_29' title='bbox 1625 750 1788 814; x_wconf 92' lang='lat' dir='ltr'><strong>dicit,</strong></span> <span class='ocrx_word' id='word_1_30' title='bbox 1821 762 1887 802; x_wconf 88' lang='lat' dir='ltr'><strong>ne</strong></span> 
     </span>
    </p>
   </div>
   <div class='ocr_carea' id='block_1_6' title="bbox 330 841 1889 926">
    <p class='ocr_par' dir='ltr' id='par_1_6' title="bbox 330 841 1889 926">
     <span class='ocr_line' id='line_1_6' title="bbox 330 841 1889 926; baseline -0.011 -17"><span class='ocrx_word' id='word_1_31' title='bbox 330 852 663 926; x_wconf 89' lang='lat' dir='ltr'><strong>impudentius</strong></span> <span class='ocrx_word' id='word_1_32' title='bbox 698 854 953 921; x_wconf 88' lang='lat' dir='ltr'><strong>agerent:</strong></span> <span class='ocrx_word' id='word_1_33' title='bbox 979 864 1076 918; x_wconf 87' lang='lat' dir='ltr'><strong>per</strong></span> <span class='ocrx_word' id='word_1_34' title='bbox 1099 847 1187 902; x_wconf 84' lang='lat' dir='ltr'><strong>illa</strong></span> <span class='ocrx_word' id='word_1_35' title='bbox 1209 852 1385 900; x_wconf 87' lang='lat' dir='ltr'><strong>autem</strong></span> <span class='ocrx_word' id='word_1_36' title='bbox 1407 859 1527 914; x_wconf 74' lang='lat' dir='ltr'><strong>qua:</strong></span> <span class='ocrx_word' id='word_1_37' title='bbox 1553 841 1762 912; x_wconf 89' lang='lat' dir='ltr'><strong>prohat,</strong></span> <span class='ocrx_word' id='word_1_38' title='bbox 1789 841 1889 893; x_wconf 92' lang='lat' dir='ltr'><strong>hoc</strong></span> 
     </span>
    </p>
   </div>
   <div class='ocr_carea' id='block_1_7' title="bbox 331 932 1886 1004">
    <p class='ocr_par' dir='ltr' id='par_1_7' title="bbox 331 932 1886 1004">
     <span class='ocr_line' id='line_1_7' title="bbox 331 932 1886 1004; baseline -0.011 -3"><span class='ocrx_word' id='word_1_39' title='bbox 331 946 557 1001; x_wconf 80' lang='lat' dir='ltr'><strong>ostendit.</strong></span> <span class='ocrx_word' id='word_1_40' title='bbox 583 944 648 999; x_wconf 87' lang='lat' dir='ltr'><strong>Et</strong></span> <span class='ocrx_word' id='word_1_41' title='bbox 676 958 799 1004; x_wconf 86' lang='lat' dir='ltr'><strong>cum</strong></span> <span class='ocrx_word' id='word_1_42' title='bbox 827 937 1064 996; x_wconf 82' lang='lat' dir='ltr'><strong>dixisset</strong></span> <span class='ocrx_word' id='word_1_43' title='bbox 1100 939 1221 993; x_wconf 88' lang='lat' dir='ltr'><strong>illos</strong></span> <span class='ocrx_word' id='word_1_44' title='bbox 1246 938 1297 991; x_wconf 90' lang='lat' dir='ltr'><strong>in</strong></span> <span class='ocrx_word' id='word_1_45' title='bbox 1326 932 1595 990; x_wconf 85' lang='lat' dir='ltr'><strong>Christum</strong></span> <span class='ocrx_word' id='word_1_46' title='bbox 1629 946 1886 1004; x_wconf 83' lang='lat' dir='ltr'><strong>peccare,</strong></span> 
     </span>
    </p>
   </div>
   <div class='ocr_carea' id='block_1_8' title="bbox 329 1023 1890 1105">
    <p class='ocr_par' dir='ltr' id='par_1_8' title="bbox 329 1023 1890 1105">
     <span class='ocr_line' id='line_1_8' title="bbox 329 1023 1890 1105; baseline -0.012 -13"><span class='ocrx_word' id='word_1_47' title='bbox 329 1051 376 1093; x_wconf 93' lang='lat' dir='ltr'><strong>ct</strong></span> <span class='ocrx_word' id='word_1_48' title='bbox 395 1037 572 1091; x_wconf 79' lang='lat' dir='ltr'><strong>fratres</strong></span> <span class='ocrx_word' id='word_1_49' title='bbox 599 1034 864 1105; x_wconf 86' lang='lat' dir='ltr'><strong>perdere,</strong></span> <span class='ocrx_word' id='word_1_50' title='bbox 889 1030 1130 1100; x_wconf 91' lang='lat' dir='ltr'><strong>nihilque</strong></span> <span class='ocrx_word' id='word_1_51' title='bbox 1160 1029 1282 1082; x_wconf 89' lang='lat' dir='ltr'><strong>illos</strong></span> <span class='ocrx_word' id='word_1_52' title='bbox 1310 1026 1554 1080; x_wconf 80' lang='lat' dir='ltr'><strong>utilitatis</strong></span> <span class='ocrx_word' id='word_1_53' title='bbox 1589 1023 1833 1091; x_wconf 85' lang='lat' dir='ltr'><strong>accipere</strong></span> <span class='ocrx_word' id='word_1_54' title='bbox 1859 1035 1890 1072; x_wconf 91' lang='lat' dir='ltr'><strong>a</strong></span> 
     </span>
    </p>
   </div>
   <div class='ocr_carea' id='block_1_9' title="bbox 326 1107 1890 1197">
    <p class='ocr_par' dir='ltr' id='par_1_9' title="bbox 326 1107 1890 1197">
     <span class='ocr_line' id='line_1_9' title="bbox 326 1107 1890 1197; baseline -0.012 -15"><span class='ocrx_word' id='word_1_55' title='bbox 326 1125 539 1197; x_wconf 85' lang='lat' dir='ltr'><strong>perfecta</strong></span> <span class='ocrx_word' id='word_1_56' title='bbox 568 1124 795 1181; x_wconf 88' lang='lat' dir='ltr'><strong>scientia</strong></span> <span class='ocrx_word' id='word_1_57' title='bbox 817 1164 834 1188; x_wconf 95' lang='lat'><strong>,</strong></span> <span class='ocrx_word' id='word_1_58' title='bbox 868 1121 969 1175; x_wconf 92' lang='lat' dir='ltr'><strong>nisi</strong></span> <span class='ocrx_word' id='word_1_59' title='bbox 1000 1119 1142 1174; x_wconf 84' lang='lat' dir='ltr'><strong>adsit</strong></span> <span class='ocrx_word' id='word_1_60' title='bbox 1171 1118 1368 1172; x_wconf 87' lang='lat' dir='ltr'><strong>caritas</strong></span> <span class='ocrx_word' id='word_1_61' title='bbox 1392 1132 1407 1180; x_wconf 92' lang='lat'><strong>;</strong></span> <span class='ocrx_word' id='word_1_62' title='bbox 1439 1129 1626 1170; x_wconf 88' lang='lat' dir='ltr'><strong>rursus</strong></span> <span class='ocrx_word' id='word_1_63' title='bbox 1650 1107 1718 1168; x_wconf 90' lang='lat' dir='ltr'><strong>ad</strong></span> <span class='ocrx_word' id='word_1_64' title='bbox 1740 1126 1890 1167; x_wconf 92' lang='lat' dir='ltr'><strong>com-</strong></span> 
     </span>
    </p>
   </div>
   <div class='ocr_carea' id='block_1_10' title="bbox 319 1197 1891 1286">
    <p class='ocr_par' dir='ltr' id='par_1_10' title="bbox 319 1197 1891 1286">
     <span class='ocr_line' id='line_1_10' title="bbox 319 1197 1891 1286; baseline -0.013 -12"><span class='ocrx_word' id='word_1_65' title='bbox 319 1234 466 1274; x_wconf 86' lang='lat' dir='ltr'><strong>mune</strong></span> <span class='ocrx_word' id='word_1_66' title='bbox 489 1217 793 1286; x_wconf 88' lang='lat' dir='ltr'><strong>exemplum</strong></span> <span class='ocrx_word' id='word_1_67' title='bbox 822 1213 971 1268; x_wconf 82' lang='lat' dir='ltr'><strong>venit</strong></span> <span class='ocrx_word' id='word_1_68' title='bbox 998 1221 1051 1266; x_wconf 91' lang='lat' dir='ltr'><strong>et</strong></span> <span class='ocrx_word' id='word_1_69' title='bbox 1077 1211 1150 1264; x_wconf 93' lang='lat' dir='ltr'><strong>ait</strong></span> <span class='ocrx_word' id='word_1_70' title='bbox 1176 1227 1190 1262; x_wconf 92' lang='lat'><strong>:</strong></span> <span class='ocrx_word' id='word_1_71' title='bbox 1221 1207 1440 1263; x_wconf 82' lang='lat' dir='ltr'><strong>Nescitis</strong></span> <span class='ocrx_word' id='word_1_72' title='bbox 1465 1204 1601 1276; x_wconf 86' lang='lat' dir='ltr'><strong>quod</strong></span> <span class='ocrx_word' id='word_1_73' title='bbox 1625 1206 1699 1269; x_wconf 89' lang='lat' dir='ltr'><strong>ii,</strong></span> <span class='ocrx_word' id='word_1_74' title='bbox 1729 1197 1816 1273; x_wconf 85' lang='lat' dir='ltr'><strong>qui</strong></span> <span class='ocrx_word' id='word_1_75' title='bbox 1838 1203 1891 1255; x_wconf 86' lang='lat' dir='ltr'><strong>in</strong></span> 
     </span>
    </p>
   </div>
   <div class='ocr_carea' id='block_1_11' title="bbox 315 1297 1890 1373">
    <p class='ocr_par' dir='ltr' id='par_1_11' title="bbox 315 1297 1890 1373">
     <span class='ocr_line' id='line_1_11' title="bbox 315 1297 1890 1373; baseline -0.01 -8"><span class='ocrx_word' id='word_1_76' title='bbox 315 1310 472 1366; x_wconf 84' lang='lat' dir='ltr'><strong>stadio</strong></span> <span class='ocrx_word' id='word_1_77' title='bbox 497 1319 738 1371; x_wconf 83' lang='lat' dir='ltr'><strong>currunt,</strong></span> <span class='ocrx_word' id='word_1_78' title='bbox 770 1322 944 1361; x_wconf 85' lang='lat' dir='ltr'><strong>omnes</strong></span> <span class='ocrx_word' id='word_1_79' title='bbox 971 1305 1172 1373; x_wconf 77' lang='lat' dir='ltr'><strong>quidem</strong></span> <span class='ocrx_word' id='word_1_80' title='bbox 1201 1311 1408 1356; x_wconf 80' lang='lat' dir='ltr'><strong>currunt</strong></span> <span class='ocrx_word' id='word_1_81' title='bbox 1431 1342 1445 1365; x_wconf 96' lang='lat'><strong>,</strong></span> <span class='ocrx_word' id='word_1_82' title='bbox 1472 1299 1562 1354; x_wconf 84' lang='lat' dir='ltr'><strong>sed</strong></span> <span class='ocrx_word' id='word_1_83' title='bbox 1588 1315 1718 1352; x_wconf 82' lang='lat' dir='ltr'><strong>unus</strong></span> <span class='ocrx_word' id='word_1_84' title='bbox 1751 1297 1890 1349; x_wconf 86' lang='lat' dir='ltr'><strong>acci-</strong></span> 
     </span>
    </p>
   </div>
   <div class='ocr_carea' id='block_1_12' title="bbox 314 1391 1893 1473">
    <p class='ocr_par' dir='ltr' id='par_1_12' title="bbox 314 1391 1893 1473">
     <span class='ocr_line' id='line_1_12' title="bbox 314 1391 1893 1473; baseline -0.011 -16"><span class='ocrx_word' id='word_1_85' title='bbox 314 1404 387 1473; x_wconf 81' lang='lat' dir='ltr'><strong>pit</strong></span> <span class='ocrx_word' id='word_1_86' title='bbox 418 1404 642 1456; x_wconf 76' lang='lat' dir='ltr'><strong>brevium</strong></span> <span class='ocrx_word' id='word_1_87' title='bbox 661 1400 687 1454; x_wconf 80' lang='lat'><strong>.â€™</strong></span> <span class='ocrx_word' id='word_1_88' title='bbox 717 1400 828 1453; x_wconf 90' lang='lat' dir='ltr'><strong>lloc</strong></span> <span class='ocrx_word' id='word_1_89' title='bbox 857 1408 1036 1452; x_wconf 91' lang='lat' dir='ltr'><strong>autem</strong></span> <span class='ocrx_word' id='word_1_90' title='bbox 1064 1394 1212 1459; x_wconf 88' lang='lat' dir='ltr'><strong>dicit,</strong></span> <span class='ocrx_word' id='word_1_91' title='bbox 1238 1410 1342 1449; x_wconf 90' lang='lat' dir='ltr'><strong>non</strong></span> <span class='ocrx_word' id='word_1_92' title='bbox 1367 1393 1518 1463; x_wconf 86' lang='lat' dir='ltr'><strong>quasi</strong></span> <span class='ocrx_word' id='word_1_93' title='bbox 1545 1391 1630 1448; x_wconf 88' lang='lat' dir='ltr'><strong>hic</strong></span> <span class='ocrx_word' id='word_1_94' title='bbox 1657 1402 1798 1442; x_wconf 87' lang='lat' dir='ltr'><strong>unus</strong></span> <span class='ocrx_word' id='word_1_95' title='bbox 1825 1402 1893 1441; x_wconf 87' lang='lat' dir='ltr'><strong>ex</strong></span> 
     </span>
    </p>
   </div>
   <div class='ocr_carea' id='block_1_13' title="bbox 313 1477 1893 1557">
    <p class='ocr_par' dir='ltr' id='par_1_13' title="bbox 313 1477 1893 1557">
     <span class='ocr_line' id='line_1_13' title="bbox 313 1477 1893 1557; baseline -0.009 -9"><span class='ocrx_word' id='word_1_96' title='bbox 313 1493 496 1548; x_wconf 89' lang='lat' dir='ltr'><strong>multis</strong></span> <span class='ocrx_word' id='word_1_97' title='bbox 525 1492 746 1547; x_wconf 90' lang='lat' dir='ltr'><strong>salutem</strong></span> <span class='ocrx_word' id='word_1_98' title='bbox 788 1491 858 1544; x_wconf 87' lang='lat' dir='ltr'><strong>sit</strong></span> <span class='ocrx_word' id='word_1_99' title='bbox 902 1495 1331 1557; x_wconf 78' lang='lat' dir='ltr'><strong>consequuturos</strong></span> <span class='ocrx_word' id='word_1_100' title='bbox 1352 1525 1368 1549; x_wconf 90' lang='lat'><strong>,</strong></span> <span class='ocrx_word' id='word_1_101' title='bbox 1399 1484 1572 1548; x_wconf 88' lang='lat' dir='ltr'><strong>absit;</strong></span> <span class='ocrx_word' id='word_1_102' title='bbox 1618 1480 1714 1536; x_wconf 85' lang='lat' dir='ltr'><strong>sed</strong></span> <span class='ocrx_word' id='word_1_103' title='bbox 1750 1477 1893 1549; x_wconf 86' lang='lat' dir='ltr'><strong>quod</strong></span> 
     </span>
    </p>
   </div>
   <div class='ocr_carea' id='block_1_14' title="bbox 313 1569 1892 1636">
    <p class='ocr_par' dir='ltr' id='par_1_14' title="bbox 313 1569 1892 1636">
     <span class='ocr_line' id='line_1_14' title="bbox 313 1569 1892 1636; baseline -0.009 0"><span class='ocrx_word' id='word_1_104' title='bbox 313 1598 416 1636; x_wconf 90' lang='lat' dir='ltr'><strong>nos</strong></span> <span class='ocrx_word' id='word_1_105' title='bbox 444 1581 729 1636; x_wconf 78' lang='lat' dir='ltr'><strong>debeamus</strong></span> <span class='ocrx_word' id='word_1_106' title='bbox 755 1579 986 1634; x_wconf 88' lang='lat' dir='ltr'><strong>studium</strong></span> <span class='ocrx_word' id='word_1_107' title='bbox 1013 1576 1269 1632; x_wconf 89' lang='lat' dir='ltr'><strong>adhibere</strong></span> <span class='ocrx_word' id='word_1_108' title='bbox 1294 1574 1540 1628; x_wconf 88' lang='lat' dir='ltr'><strong>multum.</strong></span> <span class='ocrx_word' id='word_1_109' title='bbox 1571 1570 1722 1626; x_wconf 90' lang='lat' dir='ltr'><strong>Sicut</strong></span> <span class='ocrx_word' id='word_1_110' title='bbox 1747 1569 1892 1624; x_wconf 89' lang='lat' dir='ltr'><strong>enim</strong></span> 
     </span>
    </p>
   </div>
   <div class='ocr_carea' id='block_1_15' title="bbox 316 1665 1893 1729">
    <p class='ocr_par' dir='ltr' id='par_1_15' title="bbox 316 1665 1893 1729">
     <span class='ocr_line' id='line_1_15' title="bbox 316 1665 1893 1729; baseline -0.01 -1"><span class='ocrx_word' id='word_1_111' title='bbox 316 1673 393 1728; x_wconf 91' lang='lat' dir='ltr'><strong>ibi</strong></span> <span class='ocrx_word' id='word_1_112' title='bbox 424 1674 608 1727; x_wconf 91' lang='lat' dir='ltr'><strong>multis</strong></span> <span class='ocrx_word' id='word_1_113' title='bbox 632 1672 684 1725; x_wconf 90' lang='lat' dir='ltr'><strong>in</strong></span> <span class='ocrx_word' id='word_1_114' title='bbox 713 1670 941 1724; x_wconf 78' lang='lat' dir='ltr'><strong>stadium</strong></span> <span class='ocrx_word' id='word_1_115' title='bbox 968 1665 1449 1729; x_wconf 85' lang='lat' dir='ltr'><strong>descendentibus,</strong></span> <span class='ocrx_word' id='word_1_116' title='bbox 1481 1677 1588 1716; x_wconf 89' lang='lat' dir='ltr'><strong>non</strong></span> <span class='ocrx_word' id='word_1_117' title='bbox 1627 1674 1893 1716; x_wconf 88' lang='lat' dir='ltr'><strong>coronan-</strong></span> 
     </span>
    </p>
   </div>
   <div class='ocr_carea' id='block_1_16' title="bbox 317 1751 1898 1827">
    <p class='ocr_par' dir='ltr' id='par_1_16' title="bbox 317 1751 1898 1827">
     <span class='ocr_line' id='line_1_16' title="bbox 317 1751 1898 1827; baseline -0.008 -11"><span class='ocrx_word' id='word_1_118' title='bbox 317 1773 408 1816; x_wconf 89' lang='lat' dir='ltr'><strong>tur</strong></span> <span class='ocrx_word' id='word_1_119' title='bbox 429 1762 606 1827; x_wconf 89' lang='lat' dir='ltr'><strong>multi,</strong></span> <span class='ocrx_word' id='word_1_120' title='bbox 629 1760 722 1816; x_wconf 91' lang='lat' dir='ltr'><strong>sed</strong></span> <span class='ocrx_word' id='word_1_121' title='bbox 753 1775 889 1814; x_wconf 89' lang='lat' dir='ltr'><strong>unus</strong></span> <span class='ocrx_word' id='word_1_122' title='bbox 913 1758 968 1814; x_wconf 88' lang='lat' dir='ltr'><strong>id</strong></span> <span class='ocrx_word' id='word_1_123' title='bbox 996 1757 1327 1826; x_wconf 83' lang='lat' dir='ltr'><strong>assequitur;</strong></span> <span class='ocrx_word' id='word_1_124' title='bbox 1367 1769 1466 1810; x_wconf 88' lang='lat' dir='ltr'><strong>nec</strong></span> <span class='ocrx_word' id='word_1_125' title='bbox 1485 1752 1681 1808; x_wconf 72' lang='lat' dir='ltr'><strong>sufficit</strong></span> <span class='ocrx_word' id='word_1_126' title='bbox 1704 1751 1758 1805; x_wconf 93' lang='lat' dir='ltr'><strong>in</strong></span> <span class='ocrx_word' id='word_1_127' title='bbox 1783 1765 1898 1805; x_wconf 89' lang='lat' dir='ltr'><strong>cer-</strong></span> 
     </span>
    </p>
   </div>
   <div class='ocr_carea' id='block_1_17' title="bbox 318 1841 1896 1919">
    <p class='ocr_par' dir='ltr' id='par_1_17' title="bbox 318 1841 1896 1919">
     <span class='ocr_line' id='line_1_17' title="bbox 318 1841 1896 1919; baseline -0.008 -12"><span class='ocrx_word' id='word_1_128' title='bbox 318 1864 502 1908; x_wconf 85' lang='lat' dir='ltr'><strong>tamen</strong></span> <span class='ocrx_word' id='word_1_129' title='bbox 531 1850 890 1916; x_wconf 87' lang='lat' dir='ltr'><strong>descendere,</strong></span> <span class='ocrx_word' id='word_1_130' title='bbox 922 1865 1096 1919; x_wconf 85' lang='lat' dir='ltr'><strong>neque</strong></span> <span class='ocrx_word' id='word_1_131' title='bbox 1124 1847 1306 1918; x_wconf 88' lang='lat' dir='ltr'><strong>inungi</strong></span> <span class='ocrx_word' id='word_1_132' title='bbox 1333 1855 1387 1900; x_wconf 92' lang='lat' dir='ltr'><strong>et</strong></span> <span class='ocrx_word' id='word_1_133' title='bbox 1425 1853 1773 1901; x_wconf 80' lang='lat' dir='ltr'><strong>concertare:</strong></span> <span class='ocrx_word' id='word_1_134' title='bbox 1825 1841 1896 1896; x_wconf 88' lang='lat' dir='ltr'><strong>ita</strong></span> 
     </span>
    </p>
   </div>
   <div class='ocr_carea' id='block_1_18' title="bbox 329 1937 1896 2015">
    <p class='ocr_par' dir='ltr' id='par_1_18' title="bbox 329 1937 1896 2015">
     <span class='ocr_line' id='line_1_18' title="bbox 329 1937 1896 2015; baseline -0.008 -15"><span class='ocrx_word' id='word_1_135' title='bbox 329 1956 384 2000; x_wconf 88' lang='lat' dir='ltr'><strong>et</strong></span> <span class='ocrx_word' id='word_1_136' title='bbox 425 1945 512 2000; x_wconf 89' lang='lat' dir='ltr'><strong>hic</strong></span> <span class='ocrx_word' id='word_1_137' title='bbox 537 1959 745 2015; x_wconf 89' lang='lat' dir='ltr'><strong>quoque</strong></span> <span class='ocrx_word' id='word_1_138' title='bbox 781 1958 886 1998; x_wconf 91' lang='lat' dir='ltr'><strong>non</strong></span> <span class='ocrx_word' id='word_1_139' title='bbox 918 1941 1049 1996; x_wconf 91' lang='lat' dir='ltr'><strong>satis</strong></span> <span class='ocrx_word' id='word_1_140' title='bbox 1079 1951 1161 1995; x_wconf 92' lang='lat' dir='ltr'><strong>est</strong></span> <span class='ocrx_word' id='word_1_141' title='bbox 1189 1937 1502 2002; x_wconf 88' lang='lat' dir='ltr'><strong>credidisse,</strong></span> <span class='ocrx_word' id='word_1_142' title='bbox 1532 1946 1586 1992; x_wconf 88' lang='lat' dir='ltr'><strong>et</strong></span> <span class='ocrx_word' id='word_1_143' title='bbox 1615 1945 1896 2002; x_wconf 88' lang='lat' dir='ltr'><strong>utcumque</strong></span> 
     </span>
    </p>
   </div>
   <div class='ocr_carea' id='block_1_19' title="bbox 318 2025 1894 2100">
    <p class='ocr_par' dir='ltr' id='par_1_19' title="bbox 318 2025 1894 2100">
     <span class='ocr_line' id='line_1_19' title="bbox 318 2025 1894 2100; baseline -0.008 -10"><span class='ocrx_word' id='word_1_144' title='bbox 318 2038 668 2100; x_wconf 86' lang='lat' dir='ltr'><strong>decertasse;</strong></span> <span class='ocrx_word' id='word_1_145' title='bbox 710 2033 805 2089; x_wconf 92' lang='lat' dir='ltr'><strong>sed</strong></span> <span class='ocrx_word' id='word_1_146' title='bbox 837 2033 936 2086; x_wconf 88' lang='lat' dir='ltr'><strong>nisi</strong></span> <span class='ocrx_word' id='word_1_147' title='bbox 969 2033 1039 2086; x_wconf 91' lang='lat' dir='ltr'><strong>ita</strong></span> <span class='ocrx_word' id='word_1_148' title='bbox 1066 2044 1344 2084; x_wconf 90' lang='lat' dir='ltr'><strong>curramus</strong></span> <span class='ocrx_word' id='word_1_149' title='bbox 1374 2036 1429 2082; x_wconf 94' lang='lat' dir='ltr'><strong>ut</strong></span> <span class='ocrx_word' id='word_1_150' title='bbox 1459 2043 1624 2096; x_wconf 90' lang='lat' dir='ltr'><strong>usque</strong></span> <span class='ocrx_word' id='word_1_151' title='bbox 1649 2025 1701 2080; x_wconf 90' lang='lat' dir='ltr'><strong>in</strong></span> <span class='ocrx_word' id='word_1_152' title='bbox 1735 2025 1894 2080; x_wconf 85' lang='lat' dir='ltr'><strong>finem</strong></span> 
     </span>
    </p>
   </div>
   <div class='ocr_carea' id='block_1_20' title="bbox 313 2114 1894 2198">
    <p class='ocr_par' dir='ltr' id='par_1_20' title="bbox 313 2114 1894 2198">
     <span class='ocr_line' id='line_1_20' title="bbox 313 2114 1894 2198; baseline -0.007 -17"><span class='ocrx_word' id='word_1_153' title='bbox 313 2129 613 2198; x_wconf 90' lang='lat' dir='ltr'><strong>inculpatos</strong></span> <span class='ocrx_word' id='word_1_154' title='bbox 645 2141 744 2179; x_wconf 90' lang='lat' dir='ltr'><strong>nos</strong></span> <span class='ocrx_word' id='word_1_155' title='bbox 776 2123 1143 2194; x_wconf 73' lang='lat' dir='ltr'><strong>przrhcamus,</strong></span> <span class='ocrx_word' id='word_1_156' title='bbox 1174 2129 1229 2174; x_wconf 87' lang='lat' dir='ltr'><strong>et</strong></span> <span class='ocrx_word' id='word_1_157' title='bbox 1266 2119 1448 2173; x_wconf 89' lang='lat' dir='ltr'><strong>bravio</strong></span> <span class='ocrx_word' id='word_1_158' title='bbox 1491 2115 1768 2189; x_wconf 85' lang='lat' dir='ltr'><strong>propinqui</strong></span> <span class='ocrx_word' id='word_1_159' title='bbox 1819 2114 1894 2170; x_wconf 86' lang='lat' dir='ltr'><strong>si-</strong></span> 
     </span>
    </p>
   </div>
   <div class='ocr_carea' id='block_1_21' title="bbox 306 2202 1896 2284">
    <p class='ocr_par' dir='ltr' id='par_1_21' title="bbox 306 2202 1896 2284">
     <span class='ocr_line' id='line_1_21' title="bbox 306 2202 1896 2284; baseline -0.009 -12"><span class='ocrx_word' id='word_1_160' title='bbox 306 2235 452 2284; x_wconf 88' lang='lat' dir='ltr'><strong>mus,</strong></span> <span class='ocrx_word' id='word_1_161' title='bbox 479 2217 614 2271; x_wconf 85' lang='lat' dir='ltr'><strong>nihil</strong></span> <span class='ocrx_word' id='word_1_162' title='bbox 642 2228 1011 2284; x_wconf 75' lang='lat' dir='ltr'><strong>assequemur.</strong></span> <span class='ocrx_word' id='word_1_163' title='bbox 1046 2211 1104 2266; x_wconf 89' lang='lat' dir='ltr'><strong>Si</strong></span> <span class='ocrx_word' id='word_1_164' title='bbox 1130 2211 1270 2264; x_wconf 91' lang='lat' dir='ltr'><strong>enim</strong></span> <span class='ocrx_word' id='word_1_165' title='bbox 1304 2218 1355 2264; x_wconf 90' lang='lat' dir='ltr'><strong>te</strong></span> <span class='ocrx_word' id='word_1_166' title='bbox 1385 2209 1676 2279; x_wconf 86' lang='lat' dir='ltr'><strong>perfectum</strong></span> <span class='ocrx_word' id='word_1_167' title='bbox 1708 2202 1896 2260; x_wconf 86' lang='lat' dir='ltr'><strong>existi-</strong></span> 
     </span>
    </p>
   </div>
   <div class='ocr_carea' id='block_1_22' title="bbox 305 2297 1899 2376">
    <p class='ocr_par' dir='ltr' id='par_1_22' title="bbox 305 2297 1899 2376">
     <span class='ocr_line' id='line_1_22' title="bbox 305 2297 1899 2376; baseline -0.008 -15"><span class='ocrx_word' id='word_1_168' title='bbox 305 2324 460 2372; x_wconf 84' lang='lat' dir='ltr'><strong>mas,</strong></span> <span class='ocrx_word' id='word_1_169' title='bbox 510 2308 718 2376; x_wconf 89' lang='lat' dir='ltr'><strong>inquit,</strong></span> <span class='ocrx_word' id='word_1_170' title='bbox 768 2303 1062 2360; x_wconf 86' lang='lat' dir='ltr'><strong>secundum</strong></span> <span class='ocrx_word' id='word_1_171' title='bbox 1099 2300 1412 2362; x_wconf 90' lang='lat' dir='ltr'><strong>scientiam,</strong></span> <span class='ocrx_word' id='word_1_172' title='bbox 1454 2297 1686 2353; x_wconf 88' lang='lat' dir='ltr'><strong>nondum</strong></span> <span class='ocrx_word' id='word_1_173' title='bbox 1721 2305 1899 2350; x_wconf 88' lang='lat' dir='ltr'><strong>tamen</strong></span> 
     </span>
    </p>
   </div>
   <div class='ocr_carea' id='block_1_23' title="bbox 304 2388 1902 2466">
    <p class='ocr_par' dir='ltr' id='par_1_23' title="bbox 304 2388 1902 2466">
     <span class='ocr_line' id='line_1_23' title="bbox 304 2388 1902 2466; baseline -0.008 -15"><span class='ocrx_word' id='word_1_174' title='bbox 304 2407 474 2452; x_wconf 89' lang='lat' dir='ltr'><strong>totum</strong></span> <span class='ocrx_word' id='word_1_175' title='bbox 501 2395 760 2466; x_wconf 85' lang='lat' dir='ltr'><strong>accipies,</strong></span> <span class='ocrx_word' id='word_1_176' title='bbox 785 2394 836 2448; x_wconf 91' lang='lat' dir='ltr'><strong>id</strong></span> <span class='ocrx_word' id='word_1_177' title='bbox 861 2392 999 2462; x_wconf 89' lang='lat' dir='ltr'><strong>quod</strong></span> <span class='ocrx_word' id='word_1_178' title='bbox 1027 2391 1374 2446; x_wconf 89' lang='lat' dir='ltr'><strong>subindicans</strong></span> <span class='ocrx_word' id='word_1_179' title='bbox 1393 2388 1605 2444; x_wconf 89' lang='lat' dir='ltr'><strong>dicebat</strong></span> <span class='ocrx_word' id='word_1_180' title='bbox 1629 2406 1643 2442; x_wconf 94' lang='lat'><strong>:</strong></span> <span class='ocrx_word' id='word_1_181' title='bbox 1675 2388 1763 2442; x_wconf 85' lang='lat' dir='ltr'><strong>Sic</strong></span> <span class='ocrx_word' id='word_1_182' title='bbox 1783 2403 1902 2440; x_wconf 86' lang='lat' dir='ltr'><strong>cur-</strong></span> 
     </span>
    </p>
   </div>
   <div class='ocr_carea' id='block_1_24' title="bbox 303 2476 1899 2558">
    <p class='ocr_par' dir='ltr' id='par_1_24' title="bbox 303 2476 1899 2558">
     <span class='ocr_line' id='line_1_24' title="bbox 303 2476 1899 2558; baseline -0.007 -16"><span class='ocrx_word' id='word_1_183' title='bbox 303 2492 399 2542; x_wconf 87' lang='lat' dir='ltr'><strong>rite</strong></span> <span class='ocrx_word' id='word_1_184' title='bbox 424 2499 476 2542; x_wconf 88' lang='lat' dir='ltr'><strong>ut</strong></span> <span class='ocrx_word' id='word_1_185' title='bbox 506 2485 969 2558; x_wconf 65' lang='lat' dir='ltr'><strong>comprehendaris.</strong></span> <span class='ocrx_word' id='word_1_186' title='bbox 1019 2481 1266 2536; x_wconf 83' lang='lat' dir='ltr'><strong>Nondum</strong></span> <span class='ocrx_word' id='word_1_187' title='bbox 1310 2497 1438 2550; x_wconf 87' lang='lat' dir='ltr'><strong>ergo</strong></span> <span class='ocrx_word' id='word_1_188' title='bbox 1475 2476 1899 2549; x_wconf 89' lang='lat' dir='ltr'><strong>comprehende-</strong></span> 
     </span>
    </p>
   </div>
   <div class='ocr_carea' id='block_1_25' title="bbox 299 2571 1898 2641">
    <p class='ocr_par' dir='ltr' id='par_1_25' title="bbox 299 2571 1898 2641">
     <span class='ocr_line' id='line_1_25' title="bbox 299 2571 1898 2641; baseline -0.006 -7"><span class='ocrx_word' id='word_1_189' title='bbox 299 2593 443 2634; x_wconf 87' lang='lat' dir='ltr'><strong>rant.</strong></span> <span class='ocrx_word' id='word_1_190' title='bbox 494 2581 570 2635; x_wconf 87' lang='lat' dir='ltr'><strong>Et</strong></span> <span class='ocrx_word' id='word_1_191' title='bbox 619 2595 740 2634; x_wconf 87' lang='lat' dir='ltr'><strong>cum</strong></span> <span class='ocrx_word' id='word_1_192' title='bbox 788 2577 861 2632; x_wconf 90' lang='lat' dir='ltr'><strong>ita</strong></span> <span class='ocrx_word' id='word_1_193' title='bbox 912 2575 1172 2641; x_wconf 80' lang='lat' dir='ltr'><strong>dixisset,</strong></span> <span class='ocrx_word' id='word_1_194' title='bbox 1221 2575 1440 2629; x_wconf 88' lang='lat' dir='ltr'><strong>modum</strong></span> <span class='ocrx_word' id='word_1_195' title='bbox 1491 2572 1653 2628; x_wconf 88' lang='lat' dir='ltr'><strong>etiam</strong></span> <span class='ocrx_word' id='word_1_196' title='bbox 1707 2571 1898 2627; x_wconf 88' lang='lat' dir='ltr'><strong>docet:</strong></span> 
     </span>
    </p>
   </div>
   <div class='ocr_carea' id='block_1_26' title="bbox 299 2663 1902 2736">
    <p class='ocr_par' dir='ltr' id='par_1_26' title="bbox 299 2663 1902 2736">
     <span class='ocr_line' id='line_1_26' title="bbox 299 2663 1902 2736; baseline -0.007 -11"><span class='ocrx_word' id='word_1_197' title='bbox 299 2670 392 2726; x_wconf 72' lang='grc'><strong>25.</strong></span> <span class='ocrx_word' id='word_1_198' title='bbox 439 2669 630 2725; x_wconf 82' lang='lat' dir='ltr'><strong>Omnis</strong></span> <span class='ocrx_word' id='word_1_199' title='bbox 661 2677 850 2732; x_wconf 84' lang='lat' dir='ltr'><strong>autem,</strong></span> <span class='ocrx_word' id='word_1_200' title='bbox 882 2667 966 2732; x_wconf 89' lang='lat' dir='ltr'><strong>qui</strong></span> <span class='ocrx_word' id='word_1_201' title='bbox 995 2668 1047 2720; x_wconf 87' lang='lat' dir='ltr'><strong>in</strong></span> <span class='ocrx_word' id='word_1_202' title='bbox 1075 2682 1238 2736; x_wconf 88' lang='lat' dir='ltr'><strong>agone</strong></span> <span class='ocrx_word' id='word_1_203' title='bbox 1266 2663 1552 2727; x_wconf 77' lang='lat' dir='ltr'><strong>contendit,</strong></span> <span class='ocrx_word' id='word_1_204' title='bbox 1584 2663 1645 2716; x_wconf 89' lang='lat' dir='ltr'><strong>ab</strong></span> <span class='ocrx_word' id='word_1_205' title='bbox 1673 2663 1902 2716; x_wconf 84' lang='lat' dir='ltr'><strong>omnibus</strong></span> 
     </span>
    </p>
   </div>
   <div class='ocr_carea' id='block_1_27' title="bbox 299 2753 1904 2829">
    <p class='ocr_par' dir='ltr' id='par_1_27' title="bbox 299 2753 1904 2829">
     <span class='ocr_line' id='line_1_27' title="bbox 299 2753 1904 2829; baseline -0.005 -14"><span class='ocrx_word' id='word_1_206' title='bbox 299 2763 542 2818; x_wconf 75' lang='lat' dir='ltr'><strong>abstinet.</strong></span> <span class='ocrx_word' id='word_1_207' title='bbox 584 2758 724 2829; x_wconf 84' lang='lat' dir='ltr'><strong>Quid</strong></span> <span class='ocrx_word' id='word_1_208' title='bbox 754 2769 857 2823; x_wconf 90' lang='lat' dir='ltr'><strong>est,</strong></span> <span class='ocrx_word' id='word_1_209' title='bbox 893 2759 965 2812; x_wconf 85' lang='lat' dir='ltr'><strong>Ab</strong></span> <span class='ocrx_word' id='word_1_210' title='bbox 995 2759 1227 2812; x_wconf 83' lang='lat' dir='ltr'><strong>omnibus</strong></span> <span class='ocrx_word' id='word_1_211' title='bbox 1256 2756 1511 2809; x_wconf 71' lang='lat' dir='ltr'><strong>abstinet?</strong></span> <span class='ocrx_word' id='word_1_212' title='bbox 1551 2753 1664 2808; x_wconf 89' lang='lat' dir='ltr'><strong>Non</strong></span> <span class='ocrx_word' id='word_1_213' title='bbox 1700 2753 1768 2807; x_wconf 87' lang='lat' dir='ltr'><strong>ab</strong></span> <span class='ocrx_word' id='word_1_214' title='bbox 1803 2753 1904 2807; x_wconf 91' lang='lat' dir='ltr'><strong>hoc</strong></span> 
     </span>
    </p>
   </div>
   <div class='ocr_carea' id='block_1_28' title="bbox 301 2845 1901 2923">
    <p class='ocr_par' dir='ltr' id='par_1_28' title="bbox 301 2845 1901 2923">
     <span class='ocr_line' id='line_1_28' title="bbox 301 2845 1901 2923; baseline -0.006 -18"><span class='ocrx_word' id='word_1_215' title='bbox 301 2853 524 2923; x_wconf 85' lang='lat' dir='ltr'><strong>quidem</strong></span> <span class='ocrx_word' id='word_1_216' title='bbox 558 2852 818 2916; x_wconf 85' lang='lat' dir='ltr'><strong>abstinet,</strong></span> <span class='ocrx_word' id='word_1_217' title='bbox 847 2851 899 2904; x_wconf 92' lang='lat' dir='ltr'><strong>in</strong></span> <span class='ocrx_word' id='word_1_218' title='bbox 925 2851 1030 2904; x_wconf 89' lang='lat' dir='ltr'><strong>alio</strong></span> <span class='ocrx_word' id='word_1_219' title='bbox 1052 2857 1226 2902; x_wconf 90' lang='lat' dir='ltr'><strong>autem</strong></span> <span class='ocrx_word' id='word_1_220' title='bbox 1251 2857 1468 2918; x_wconf 83' lang='lat' dir='ltr'><strong>peccat;</strong></span> <span class='ocrx_word' id='word_1_221' title='bbox 1501 2845 1594 2902; x_wconf 89' lang='lat' dir='ltr'><strong>sed</strong></span> <span class='ocrx_word' id='word_1_222' title='bbox 1623 2854 1676 2899; x_wconf 88' lang='lat' dir='ltr'><strong>et</strong></span> <span class='ocrx_word' id='word_1_223' title='bbox 1702 2860 1730 2898; x_wconf 91' lang='lat' dir='ltr'><strong>a</strong></span> <span class='ocrx_word' id='word_1_224' title='bbox 1758 2846 1901 2915; x_wconf 87' lang='lat' dir='ltr'><strong>gula,</strong></span> 
     </span>
    </p>
   </div>
   <div class='ocr_carea' id='block_1_29' title="bbox 299 2936 1901 3008">
    <p class='ocr_par' dir='ltr' id='par_1_29' title="bbox 299 2936 1901 3008">
     <span class='ocr_line' id='line_1_29' title="bbox 299 2936 1901 3008; baseline -0.006 -11"><span class='ocrx_word' id='word_1_225' title='bbox 299 2959 327 2997; x_wconf 93' lang='lat' dir='ltr'><strong>a</strong></span> <span class='ocrx_word' id='word_1_226' title='bbox 360 2943 616 3008; x_wconf 79' lang='lat' dir='ltr'><strong>lascivia,</strong></span> <span class='ocrx_word' id='word_1_227' title='bbox 640 2943 707 2997; x_wconf 89' lang='lat' dir='ltr'><strong>ab</strong></span> <span class='ocrx_word' id='word_1_228' title='bbox 725 2941 1004 3005; x_wconf 87' lang='lat' dir='ltr'><strong>ebrietate,</strong></span> <span class='ocrx_word' id='word_1_229' title='bbox 1029 2950 1082 2995; x_wconf 89' lang='lat' dir='ltr'><strong>et</strong></span> <span class='ocrx_word' id='word_1_230' title='bbox 1111 2940 1178 2993; x_wconf 88' lang='lat' dir='ltr'><strong>ab</strong></span> <span class='ocrx_word' id='word_1_231' title='bbox 1207 2939 1456 2993; x_wconf 85' lang='lat' dir='ltr'><strong>omnibus</strong></span> <span class='ocrx_word' id='word_1_232' title='bbox 1483 2938 1622 2992; x_wconf 79' lang='lat' dir='ltr'><strong>vitiis</strong></span> <span class='ocrx_word' id='word_1_233' title='bbox 1650 2936 1901 2991; x_wconf 88' lang='lat' dir='ltr'><strong>abstinet.</strong></span> 
     </span>
    </p>
   </div>
   <div class='ocr_carea' id='block_1_30' title="bbox 298 3025 1905 3102">
    <p class='ocr_par' dir='ltr' id='par_1_30' title="bbox 298 3025 1905 3102">
     <span class='ocr_line' id='line_1_30' title="bbox 298 3025 1905 3102; baseline -0.006 -14"><span class='ocrx_word' id='word_1_234' title='bbox 298 3033 431 3088; x_wconf 85' lang='lat' dir='ltr'><strong>Nam</strong></span> <span class='ocrx_word' id='word_1_235' title='bbox 465 3035 581 3088; x_wconf 88' lang='lat' dir='ltr'><strong>hoc</strong></span> <span class='ocrx_word' id='word_1_236' title='bbox 603 3075 620 3099; x_wconf 91' lang='lat'><strong>,</strong></span> <span class='ocrx_word' id='word_1_237' title='bbox 655 3033 866 3102; x_wconf 91' lang='lat' dir='ltr'><strong>inquit,</strong></span> <span class='ocrx_word' id='word_1_238' title='bbox 911 3030 962 3085; x_wconf 92' lang='lat' dir='ltr'><strong>in</strong></span> <span class='ocrx_word' id='word_1_239' title='bbox 994 3031 1230 3085; x_wconf 85' lang='lat' dir='ltr'><strong>externis</strong></span> <span class='ocrx_word' id='word_1_240' title='bbox 1269 3044 1479 3099; x_wconf 89' lang='lat' dir='ltr'><strong>quoque</strong></span> <span class='ocrx_word' id='word_1_241' title='bbox 1524 3025 1905 3082; x_wconf 87' lang='lat' dir='ltr'><strong>certaminibus</strong></span> 
     </span>
    </p>
   </div>
   <div class='ocr_carea' id='block_1_31' title="bbox 299 3119 1906 3194">
    <p class='ocr_par' dir='ltr' id='par_1_31' title="bbox 299 3119 1906 3194">
     <span class='ocr_line' id='line_1_31' title="bbox 299 3119 1906 3194; baseline -0.007 -14"><span class='ocrx_word' id='word_1_242' title='bbox 299 3127 656 3183; x_wconf 79' lang='lat' dir='ltr'><strong>observatur.</strong></span> <span class='ocrx_word' id='word_1_243' title='bbox 689 3123 876 3194; x_wconf 81' lang='lat' dir='ltr'><strong>Neque</strong></span> <span class='ocrx_word' id='word_1_244' title='bbox 917 3123 1060 3177; x_wconf 91' lang='lat' dir='ltr'><strong>enim</strong></span> <span class='ocrx_word' id='word_1_245' title='bbox 1091 3119 1418 3175; x_wconf 83' lang='lat' dir='ltr'><strong>certantibus</strong></span> <span class='ocrx_word' id='word_1_246' title='bbox 1443 3119 1748 3174; x_wconf 84' lang='lat' dir='ltr'><strong>certaminis</strong></span> <span class='ocrx_word' id='word_1_247' title='bbox 1774 3125 1906 3170; x_wconf 87' lang='lat' dir='ltr'><strong>tem-</strong></span> 
     </span>
    </p>
   </div>
   <div class='ocr_carea' id='block_1_32' title="bbox 302 3209 1904 3288">
    <p class='ocr_par' dir='ltr' id='par_1_32' title="bbox 302 3209 1904 3288">
     <span class='ocr_line' id='line_1_32' title="bbox 302 3209 1904 3288; baseline -0.01 -13"><span class='ocrx_word' id='word_1_248' title='bbox 302 3234 434 3288; x_wconf 84' lang='lat' dir='ltr'><strong>pore</strong></span> <span class='ocrx_word' id='word_1_249' title='bbox 464 3217 733 3275; x_wconf 82' lang='lat' dir='ltr'><strong>inebriari</strong></span> <span class='ocrx_word' id='word_1_250' title='bbox 766 3219 893 3271; x_wconf 89' lang='lat' dir='ltr'><strong>licet</strong></span> <span class='ocrx_word' id='word_1_251' title='bbox 918 3229 1092 3283; x_wconf 89' lang='lat' dir='ltr'><strong>neque</strong></span> <span class='ocrx_word' id='word_1_252' title='bbox 1121 3212 1370 3277; x_wconf 88' lang='lat' dir='ltr'><strong>scortari,</strong></span> <span class='ocrx_word' id='word_1_253' title='bbox 1402 3227 1467 3266; x_wconf 89' lang='lat' dir='ltr'><strong>ne</strong></span> <span class='ocrx_word' id='word_1_254' title='bbox 1497 3210 1638 3265; x_wconf 89' lang='lat' dir='ltr'><strong>vires</strong></span> <span class='ocrx_word' id='word_1_255' title='bbox 1661 3209 1904 3273; x_wconf 91' lang='lat' dir='ltr'><strong>solvant;</strong></span> 
     </span>
    </p>
   </div>
   <div class='ocr_carea' id='block_1_33' title="bbox 306 3302 1908 3383">
    <p class='ocr_par' dir='ltr' id='par_1_33' title="bbox 306 3302 1908 3383">
     <span class='ocr_line' id='line_1_33' title="bbox 306 3302 1908 3383; baseline -0.008 -17"><span class='ocrx_word' id='word_1_256' title='bbox 306 3328 484 3383; x_wconf 89' lang='lat' dir='ltr'><strong>neque</strong></span> <span class='ocrx_word' id='word_1_257' title='bbox 513 3311 610 3367; x_wconf 86' lang='lat' dir='ltr'><strong>alii</strong></span> <span class='ocrx_word' id='word_1_258' title='bbox 643 3310 721 3366; x_wconf 88' lang='lat' dir='ltr'><strong>rei</strong></span> <span class='ocrx_word' id='word_1_259' title='bbox 753 3309 987 3379; x_wconf 89' lang='lat' dir='ltr'><strong>cuipiam</strong></span> <span class='ocrx_word' id='word_1_260' title='bbox 1012 3322 1226 3376; x_wconf 83' lang='lat' dir='ltr'><strong>operam</strong></span> <span class='ocrx_word' id='word_1_261' title='bbox 1258 3303 1417 3369; x_wconf 89' lang='lat' dir='ltr'><strong>dare;</strong></span> <span class='ocrx_word' id='word_1_262' title='bbox 1449 3303 1541 3358; x_wconf 87' lang='lat' dir='ltr'><strong>sed</strong></span> <span class='ocrx_word' id='word_1_263' title='bbox 1569 3303 1636 3357; x_wconf 91' lang='lat' dir='ltr'><strong>ab</strong></span> <span class='ocrx_word' id='word_1_264' title='bbox 1660 3302 1908 3356; x_wconf 89' lang='lat' dir='ltr'><strong>omnibus</strong></span> 
     </span>
    </p>
   </div>
   <div class='ocr_carea' id='block_1_34' title="bbox 307 3393 1906 3472">
    <p class='ocr_par' dir='ltr' id='par_1_34' title="bbox 307 3393 1906 3472">
     <span class='ocr_line' id='line_1_34' title="bbox 307 3393 1906 3472; baseline -0.008 -13"><span class='ocrx_word' id='word_1_265' title='bbox 307 3419 546 3472; x_wconf 83' lang='lat' dir='ltr'><strong>prorsus</strong></span> <span class='ocrx_word' id='word_1_266' title='bbox 569 3401 942 3463; x_wconf 85' lang='lat' dir='ltr'><strong>abscedentes,</strong></span> <span class='ocrx_word' id='word_1_267' title='bbox 969 3397 1102 3454; x_wconf 85' lang='lat' dir='ltr'><strong>solis</strong></span> <span class='ocrx_word' id='word_1_268' title='bbox 1127 3396 1418 3469; x_wconf 77' lang='lat' dir='ltr'><strong>gymnasiis</strong></span> <span class='ocrx_word' id='word_1_269' title='bbox 1437 3395 1566 3450; x_wconf 88' lang='lat' dir='ltr'><strong>dant</strong></span> <span class='ocrx_word' id='word_1_270' title='bbox 1589 3409 1828 3464; x_wconf 89' lang='lat' dir='ltr'><strong>operam.</strong></span> <span class='ocrx_word' id='word_1_271' title='bbox 1850 3393 1906 3446; x_wconf 91' lang='lat' dir='ltr'><strong>Si</strong></span> 
     </span>
    </p>
   </div>
   <div class='ocr_carea' id='block_1_35' title="bbox 313 3485 1910 3556">
    <p class='ocr_par' dir='ltr' id='par_1_35' title="bbox 313 3485 1910 3556">
     <span class='ocr_line' id='line_1_35' title="bbox 313 3485 1910 3556; baseline -0.005 -8"><span class='ocrx_word' id='word_1_272' title='bbox 313 3505 505 3549; x_wconf 86' lang='lat' dir='ltr'><strong>autem</strong></span> <span class='ocrx_word' id='word_1_273' title='bbox 551 3495 657 3549; x_wconf 87' lang='lat' dir='ltr'><strong>illic</strong></span> <span class='ocrx_word' id='word_1_274' title='bbox 682 3493 798 3548; x_wconf 77' lang='lat' dir='ltr'><strong>hzec</strong></span> <span class='ocrx_word' id='word_1_275' title='bbox 827 3492 958 3547; x_wconf 84' lang='lat' dir='ltr'><strong>fiunt</strong></span> <span class='ocrx_word' id='word_1_276' title='bbox 979 3533 995 3556; x_wconf 94' lang='lat'><strong>,</strong></span> <span class='ocrx_word' id='word_1_277' title='bbox 1037 3490 1123 3545; x_wconf 89' lang='lat' dir='ltr'><strong>ubi</strong></span> <span class='ocrx_word' id='word_1_278' title='bbox 1155 3503 1354 3544; x_wconf 89' lang='lat' dir='ltr'><strong>corona</strong></span> <span class='ocrx_word' id='word_1_279' title='bbox 1380 3487 1472 3542; x_wconf 90' lang='lat' dir='ltr'><strong>uni</strong></span> <span class='ocrx_word' id='word_1_280' title='bbox 1501 3487 1692 3542; x_wconf 89' lang='lat' dir='ltr'><strong>datur:</strong></span> <span class='ocrx_word' id='word_1_281' title='bbox 1743 3485 1910 3540; x_wconf 91' lang='lat' dir='ltr'><strong>multo</strong></span> 
     </span>
    </p>
   </div>
   <div class='ocr_carea' id='block_1_36' title="bbox 315 3580 1909 3658">
    <p class='ocr_par' dir='ltr' id='par_1_36' title="bbox 315 3580 1909 3658">
     <span class='ocr_line' id='line_1_36' title="bbox 315 3580 1909 3658; baseline -0.006 -16"><span class='ocrx_word' id='word_1_282' title='bbox 315 3587 505 3658; x_wconf 85' lang='lat' dir='ltr'><strong>magis</strong></span> <span class='ocrx_word' id='word_1_283' title='bbox 540 3588 646 3652; x_wconf 88' lang='lat' dir='ltr'><strong>hic,</strong></span> <span class='ocrx_word' id='word_1_284' title='bbox 676 3587 767 3640; x_wconf 88' lang='lat' dir='ltr'><strong>ubi</strong></span> <span class='ocrx_word' id='word_1_285' title='bbox 796 3585 964 3656; x_wconf 86' lang='lat' dir='ltr'><strong>major</strong></span> <span class='ocrx_word' id='word_1_286' title='bbox 990 3594 1072 3640; x_wconf 88' lang='lat' dir='ltr'><strong>est</strong></span> <span class='ocrx_word' id='word_1_287' title='bbox 1101 3583 1338 3654; x_wconf 89' lang='lat' dir='ltr'><strong>largitas.</strong></span> <span class='ocrx_word' id='word_1_288' title='bbox 1380 3580 1565 3651; x_wconf 87' lang='lat' dir='ltr'><strong>Neque</strong></span> <span class='ocrx_word' id='word_1_289' title='bbox 1591 3581 1732 3635; x_wconf 91' lang='lat' dir='ltr'><strong>enim</strong></span> <span class='ocrx_word' id='word_1_290' title='bbox 1773 3596 1909 3633; x_wconf 92' lang='lat' dir='ltr'><strong>unus</strong></span> 
     </span>
    </p>
   </div>
   <div class='ocr_carea' id='block_1_37' title="bbox 317 3671 1912 3748">
    <p class='ocr_par' dir='ltr' id='par_1_37' title="bbox 317 3671 1912 3748">
     <span class='ocr_line' id='line_1_37' title="bbox 317 3671 1912 3748; baseline -0.003 -17"><span class='ocrx_word' id='word_1_291' title='bbox 317 3688 541 3734; x_wconf 89' lang='lat' dir='ltr'><strong>tantum</strong></span> <span class='ocrx_word' id='word_1_292' title='bbox 583 3688 664 3734; x_wconf 87' lang='lat' dir='ltr'><strong>est</strong></span> <span class='ocrx_word' id='word_1_293' title='bbox 697 3677 786 3748; x_wconf 91' lang='lat' dir='ltr'><strong>qui</strong></span> <span class='ocrx_word' id='word_1_294' title='bbox 826 3687 1127 3742; x_wconf 85' lang='lat' dir='ltr'><strong>coronatur,</strong></span> <span class='ocrx_word' id='word_1_295' title='bbox 1168 3683 1224 3730; x_wconf 88' lang='lat' dir='ltr'><strong>et</strong></span> <span class='ocrx_word' id='word_1_296' title='bbox 1265 3672 1482 3743; x_wconf 65' lang='lat' dir='ltr'><strong>praemia</strong></span> <span class='ocrx_word' id='word_1_297' title='bbox 1513 3672 1726 3725; x_wconf 88' lang='lat' dir='ltr'><strong>labores</strong></span> <span class='ocrx_word' id='word_1_298' title='bbox 1756 3671 1912 3740; x_wconf 88' lang='lat' dir='ltr'><strong>longe</strong></span> 
     </span>
    </p>
   </div>
   <div class='ocr_carea' id='block_1_38' title="bbox 310 3760 1910 3839">
    <p class='ocr_par' dir='ltr' id='par_1_38' title="bbox 310 3760 1910 3839">
     <span class='ocr_line' id='line_1_38' title="bbox 310 3760 1910 3839; baseline -0.005 -15"><span class='ocrx_word' id='word_1_299' title='bbox 310 3778 608 3839; x_wconf 83' lang='lat' dir='ltr'><strong>superant.</strong></span> <span class='ocrx_word' id='word_1_300' title='bbox 664 3769 894 3838; x_wconf 89' lang='lat' dir='ltr'><strong>Ideoque</strong></span> <span class='ocrx_word' id='word_1_301' title='bbox 921 3766 1175 3836; x_wconf 87' lang='lat' dir='ltr'><strong>pudorem</strong></span> <span class='ocrx_word' id='word_1_302' title='bbox 1220 3764 1485 3818; x_wconf 87' lang='lat' dir='ltr'><strong>incutiens</strong></span> <span class='ocrx_word' id='word_1_303' title='bbox 1523 3763 1594 3816; x_wconf 87' lang='lat' dir='ltr'><strong>ita</strong></span> <span class='ocrx_word' id='word_1_304' title='bbox 1630 3760 1862 3831; x_wconf 85' lang='lat' dir='ltr'><strong>loquitur</strong></span> <span class='ocrx_word' id='word_1_305' title='bbox 1896 3779 1910 3816; x_wconf 92' lang='lat'><strong>:</strong></span> 
     </span>
    </p>
   </div>
   <div class='ocr_carea' id='block_1_39' title="bbox 316 3855 1913 3934">
    <p class='ocr_par' dir='ltr' id='par_1_39' title="bbox 316 3855 1913 3934">
     <span class='ocr_line' id='line_1_39' title="bbox 316 3855 1913 3934; baseline -0.006 -17"><span class='ocrx_word' id='word_1_306' title='bbox 316 3865 386 3917; x_wconf 75' lang='lat' dir='ltr'><strong>Et</strong></span> <span class='ocrx_word' id='word_1_307' title='bbox 415 3864 500 3917; x_wconf 81' lang='lat' dir='ltr'><strong>illi</strong></span> <span class='ocrx_word' id='word_1_308' title='bbox 527 3863 729 3934; x_wconf 82' lang='lat' dir='ltr'><strong>quidem</strong></span> <span class='ocrx_word' id='word_1_309' title='bbox 756 3871 812 3915; x_wconf 83' lang='lat' dir='ltr'><strong>ut</strong></span> <span class='ocrx_word' id='word_1_310' title='bbox 839 3859 1213 3930; x_wconf 78' lang='lat' dir='ltr'><strong>corruptibilem</strong></span> <span class='ocrx_word' id='word_1_311' title='bbox 1242 3871 1482 3910; x_wconf 82' lang='lat' dir='ltr'><strong>coronam</strong></span> <span class='ocrx_word' id='word_1_312' title='bbox 1508 3855 1794 3924; x_wconf 85' lang='lat' dir='ltr'><strong>accipiant,</strong></span> <span class='ocrx_word' id='word_1_313' title='bbox 1821 3870 1913 3907; x_wconf 82' lang='lat' dir='ltr'><strong>nos</strong></span> 
     </span>
    </p>
   </div>
   <div class='ocr_carea' id='block_1_40' title="bbox 308 3947 1912 4023">
    <p class='ocr_par' dir='ltr' id='par_1_40' title="bbox 308 3947 1912 4023">
     <span class='ocr_line' id='line_1_40' title="bbox 308 3947 1912 4023; baseline -0.007 -15"><span class='ocrx_word' id='word_1_314' title='bbox 308 3967 492 4010; x_wconf 83' lang='lat' dir='ltr'><strong>autem</strong></span> <span class='ocrx_word' id='word_1_315' title='bbox 523 3957 890 4023; x_wconf 77' lang='lat' dir='ltr'><strong>incorruptam.</strong></span> <span class='ocrx_word' id='word_1_316' title='bbox 921 3950 1014 4006; x_wconf 74' lang='grc'><strong>26.</strong></span> <span class='ocrx_word' id='word_1_317' title='bbox 1044 3949 1155 4021; x_wconf 81' lang='lat' dir='ltr'><strong>Ego</strong></span> <span class='ocrx_word' id='word_1_318' title='bbox 1181 3949 1340 4020; x_wconf 82' lang='lat' dir='ltr'><strong>igitur</strong></span> <span class='ocrx_word' id='word_1_319' title='bbox 1359 3947 1429 4002; x_wconf 83' lang='lat' dir='ltr'><strong>sic</strong></span> <span class='ocrx_word' id='word_1_320' title='bbox 1450 3963 1618 4009; x_wconf 85' lang='lat' dir='ltr'><strong>curro,</strong></span> <span class='ocrx_word' id='word_1_321' title='bbox 1651 3962 1749 3998; x_wconf 89' lang='lat' dir='ltr'><strong>non</strong></span> <span class='ocrx_word' id='word_1_322' title='bbox 1769 3947 1912 4014; x_wconf 85' lang='lat' dir='ltr'><strong>quasi</strong></span> 
     </span>
    </p>
   </div>
   <div class='ocr_carea' id='block_1_41' title="bbox 310 4035 1909 4116">
    <p class='ocr_par' dir='ltr' id='par_1_41' title="bbox 310 4035 1909 4116">
     <span class='ocr_line' id='line_1_41' title="bbox 310 4035 1909 4116; baseline -0.006 -18"><span class='ocrx_word' id='word_1_323' title='bbox 310 4048 367 4099; x_wconf 86' lang='lat' dir='ltr'><strong>in</strong></span> <span class='ocrx_word' id='word_1_324' title='bbox 399 4049 680 4101; x_wconf 83' lang='lat' dir='ltr'><strong>incertum.</strong></span> <span class='ocrx_word' id='word_1_325' title='bbox 722 4045 853 4098; x_wconf 90' lang='lat' dir='ltr'><strong>Cum</strong></span> <span class='ocrx_word' id='word_1_326' title='bbox 886 4043 1004 4096; x_wconf 90' lang='lat' dir='ltr'><strong>illos</strong></span> <span class='ocrx_word' id='word_1_327' title='bbox 1031 4043 1098 4094; x_wconf 92' lang='lat' dir='ltr'><strong>ab</strong></span> <span class='ocrx_word' id='word_1_328' title='bbox 1127 4039 1365 4095; x_wconf 89' lang='lat' dir='ltr'><strong>externis</strong></span> <span class='ocrx_word' id='word_1_329' title='bbox 1395 4037 1596 4106; x_wconf 90' lang='lat' dir='ltr'><strong>pudore</strong></span> <span class='ocrx_word' id='word_1_330' title='bbox 1624 4035 1909 4116; x_wconf 60' lang='lat' dir='ltr'><strong>adiecisset,</strong></span> 
     </span>
    </p>
   </div>
   <div class='ocr_carea' id='block_1_42' title="bbox 309 4128 1915 4207">
    <p class='ocr_par' dir='ltr' id='par_1_42' title="bbox 309 4128 1915 4207">
     <span class='ocr_line' id='line_1_42' title="bbox 309 4128 1915 4207; baseline -0.007 -18"><span class='ocrx_word' id='word_1_331' title='bbox 309 4153 375 4190; x_wconf 87' lang='lat' dir='ltr'><strong>se</strong></span> <span class='ocrx_word' id='word_1_332' title='bbox 403 4152 628 4207; x_wconf 89' lang='lat' dir='ltr'><strong>quoque</strong></span> <span class='ocrx_word' id='word_1_333' title='bbox 657 4135 870 4190; x_wconf 87' lang='lat' dir='ltr'><strong>demum</strong></span> <span class='ocrx_word' id='word_1_334' title='bbox 901 4135 954 4186; x_wconf 92' lang='lat' dir='ltr'><strong>in</strong></span> <span class='ocrx_word' id='word_1_335' title='bbox 988 4131 1220 4185; x_wconf 89' lang='lat' dir='ltr'><strong>medium</strong></span> <span class='ocrx_word' id='word_1_336' title='bbox 1248 4129 1482 4192; x_wconf 86' lang='lat' dir='ltr'><strong>adducit,</strong></span> <span class='ocrx_word' id='word_1_337' title='bbox 1514 4128 1654 4198; x_wconf 89' lang='lat' dir='ltr'><strong>quod</strong></span> <span class='ocrx_word' id='word_1_338' title='bbox 1680 4138 1762 4182; x_wconf 88' lang='lat' dir='ltr'><strong>est</strong></span> <span class='ocrx_word' id='word_1_339' title='bbox 1784 4129 1915 4196; x_wconf 85' lang='lat' dir='ltr'><strong>cpti-</strong></span> 
     </span>
    </p>
   </div>
   <div class='ocr_carea' id='block_1_43' title="bbox 314 4220 1913 4290">
    <p class='ocr_par' dir='ltr' id='par_1_43' title="bbox 314 4220 1913 4290">
     <span class='ocr_line' id='line_1_43' title="bbox 314 4220 1913 4290; baseline -0.004 -12"><span class='ocrx_word' id='word_1_340' title='bbox 314 4243 449 4281; x_wconf 86' lang='lat' dir='ltr'><strong>mus</strong></span> <span class='ocrx_word' id='word_1_341' title='bbox 474 4227 734 4281; x_wconf 79' lang='lat' dir='ltr'><strong>docttiuze</strong></span> <span class='ocrx_word' id='word_1_342' title='bbox 757 4224 964 4278; x_wconf 88' lang='lat' dir='ltr'><strong>modus.</strong></span> <span class='ocrx_word' id='word_1_343' title='bbox 984 4223 1188 4278; x_wconf 90' lang='lat' dir='ltr'><strong>idcirco</strong></span> <span class='ocrx_word' id='word_1_344' title='bbox 1213 4223 1409 4290; x_wconf 90' lang='lat' dir='ltr'><strong>ubique</strong></span> <span class='ocrx_word' id='word_1_345' title='bbox 1431 4221 1502 4274; x_wconf 87' lang='lat' dir='ltr'><strong>ita</strong></span> <span class='ocrx_word' id='word_1_346' title='bbox 1525 4220 1699 4274; x_wconf 87' lang='lat' dir='ltr'><strong>facere</strong></span> <span class='ocrx_word' id='word_1_347' title='bbox 1719 4220 1913 4288; x_wconf 81' lang='lat' dir='ltr'><strong>depre-</strong></span> 
     </span>
    </p>
   </div>
   <div class='ocr_carea' id='block_1_44' title="bbox 313 4309 1915 4384">
    <p class='ocr_par' dir='ltr' id='par_1_44' title="bbox 313 4309 1915 4384">
     <span class='ocr_line' id='line_1_44' title="bbox 313 4309 1915 4384; baseline -0.009 -9"><span class='ocrx_word' id='word_1_348' title='bbox 313 4319 608 4374; x_wconf 82' lang='lat' dir='ltr'><strong>henditur.</strong></span> <span class='ocrx_word' id='word_1_349' title='bbox 637 4315 772 4384; x_wconf 87' lang='lat' dir='ltr'><strong>Quid</strong></span> <span class='ocrx_word' id='word_1_350' title='bbox 803 4315 906 4369; x_wconf 89' lang='lat' dir='ltr'><strong>sibi</strong></span> <span class='ocrx_word' id='word_1_351' title='bbox 935 4315 1046 4368; x_wconf 88' lang='lat' dir='ltr'><strong>vult</strong></span> <span class='ocrx_word' id='word_1_352' title='bbox 1073 4322 1277 4367; x_wconf 88' lang='lat' dir='ltr'><strong>autem.</strong></span> <span class='ocrx_word' id='word_1_353' title='bbox 1310 4310 1431 4364; x_wconf 84' lang='lat' dir='ltr'><strong>Non</strong></span> <span class='ocrx_word' id='word_1_354' title='bbox 1459 4311 1510 4363; x_wconf 86' lang='lat' dir='ltr'><strong>in</strong></span> <span class='ocrx_word' id='word_1_355' title='bbox 1536 4310 1816 4362; x_wconf 85' lang='lat' dir='ltr'><strong>incertum?</strong></span> <span class='ocrx_word' id='word_1_356' title='bbox 1839 4309 1915 4362; x_wconf 79' lang='lat' dir='ltr'><strong>Ad</strong></span> 
     </span>
    </p>
   </div>
   <div class='ocr_carea' id='block_1_45' title="bbox 315 4399 1915 4478">
    <p class='ocr_par' dir='ltr' id='par_1_45' title="bbox 315 4399 1915 4478">
     <span class='ocr_line' id='line_1_45' title="bbox 315 4399 1915 4478; baseline -0.006 -14"><span class='ocrx_word' id='word_1_357' title='bbox 315 4424 558 4478; x_wconf 81' lang='lat' dir='ltr'><strong>scopum</strong></span> <span class='ocrx_word' id='word_1_358' title='bbox 602 4407 885 4478; x_wconf 89' lang='lat' dir='ltr'><strong>quemdam</strong></span> <span class='ocrx_word' id='word_1_359' title='bbox 925 4404 1152 4475; x_wconf 83' lang='lat' dir='ltr'><strong>aspicio,</strong></span> <span class='ocrx_word' id='word_1_360' title='bbox 1181 4402 1371 4473; x_wconf 88' lang='lat' dir='ltr'><strong>inquit,</strong></span> <span class='ocrx_word' id='word_1_361' title='bbox 1418 4417 1521 4455; x_wconf 92' lang='lat' dir='ltr'><strong>non</strong></span> <span class='ocrx_word' id='word_1_362' title='bbox 1561 4399 1756 4454; x_wconf 77' lang='lat' dir='ltr'><strong>frustra</strong></span> <span class='ocrx_word' id='word_1_363' title='bbox 1785 4412 1836 4454; x_wconf 91' lang='lat' dir='ltr'><strong>et</strong></span> <span class='ocrx_word' id='word_1_364' title='bbox 1864 4401 1915 4454; x_wconf 92' lang='lat' dir='ltr'><strong>iu</strong></span> 
     </span>
    </p>
   </div>
   <div class='ocr_carea' id='block_1_46' title="bbox 315 4489 1916 4564">
    <p class='ocr_par' dir='ltr' id='par_1_46' title="bbox 315 4489 1916 4564">
     <span class='ocr_line' id='line_1_46' title="bbox 315 4489 1916 4564; baseline -0.007 -9"><span class='ocrx_word' id='word_1_365' title='bbox 315 4514 566 4564; x_wconf 82' lang='lat' dir='ltr'><strong>cassum,</strong></span> <span class='ocrx_word' id='word_1_366' title='bbox 601 4498 742 4552; x_wconf 86' lang='lat' dir='ltr'><strong>sicut</strong></span> <span class='ocrx_word' id='word_1_367' title='bbox 774 4511 890 4551; x_wconf 86' lang='lat' dir='ltr'><strong>vos.</strong></span> <span class='ocrx_word' id='word_1_368' title='bbox 922 4496 1057 4564; x_wconf 85' lang='lat' dir='ltr'><strong>Quid</strong></span> <span class='ocrx_word' id='word_1_369' title='bbox 1085 4497 1228 4550; x_wconf 90' lang='lat' dir='ltr'><strong>enim</strong></span> <span class='ocrx_word' id='word_1_370' title='bbox 1259 4494 1410 4548; x_wconf 85' lang='lat' dir='ltr'><strong>vobis</strong></span> <span class='ocrx_word' id='word_1_371' title='bbox 1438 4492 1664 4562; x_wconf 88' lang='lat' dir='ltr'><strong>amplius</strong></span> <span class='ocrx_word' id='word_1_372' title='bbox 1689 4489 1916 4558; x_wconf 88' lang='lat' dir='ltr'><strong>accedit,</strong></span> 
     </span>
    </p>
   </div>
   <div class='ocr_carea' id='block_1_47' title="bbox 317 4586 1920 4658">
    <p class='ocr_par' dir='ltr' id='par_1_47' title="bbox 317 4586 1920 4658">
     <span class='ocr_line' id='line_1_47' title="bbox 317 4586 1920 4658; baseline -0.006 -12"><span class='ocrx_word' id='word_1_373' title='bbox 317 4607 453 4646; x_wconf 87' lang='lat' dir='ltr'><strong>cum</strong></span> <span class='ocrx_word' id='word_1_374' title='bbox 502 4593 552 4646; x_wconf 93' lang='lat' dir='ltr'><strong>in</strong></span> <span class='ocrx_word' id='word_1_375' title='bbox 593 4591 861 4645; x_wconf 87' lang='lat' dir='ltr'><strong>idolorum</strong></span> <span class='ocrx_word' id='word_1_376' title='bbox 903 4589 1095 4658; x_wconf 89' lang='lat' dir='ltr'><strong>templa</strong></span> <span class='ocrx_word' id='word_1_377' title='bbox 1138 4587 1380 4650; x_wconf 86' lang='lat' dir='ltr'><strong>intratis,</strong></span> <span class='ocrx_word' id='word_1_378' title='bbox 1411 4586 1458 4640; x_wconf 86' lang='lat' dir='ltr'><strong>si</strong></span> <span class='ocrx_word' id='word_1_379' title='bbox 1501 4586 1643 4639; x_wconf 88' lang='lat' dir='ltr'><strong>illam</strong></span> <span class='ocrx_word' id='word_1_380' title='bbox 1685 4593 1920 4639; x_wconf 86' lang='lat' dir='ltr'><strong>ostente-</strong></span> 
     </span>
    </p>
   </div>
   <div class='ocr_carea' id='block_1_48' title="bbox 321 4674 1920 4751">
    <p class='ocr_par' dir='ltr' id='par_1_48' title="bbox 321 4674 1920 4751">
     <span class='ocr_line' id='line_1_48' title="bbox 321 4674 1920 4751; baseline -0.004 -15"><span class='ocrx_word' id='word_1_381' title='bbox 321 4683 397 4738; x_wconf 83' lang='lat' dir='ltr'><strong>tis</strong></span> <span class='ocrx_word' id='word_1_382' title='bbox 446 4681 879 4751; x_wconf 77' lang='lat' dir='ltr'><strong>perfectionem?</strong></span> <span class='ocrx_word' id='word_1_383' title='bbox 927 4678 1091 4734; x_wconf 87' lang='lat' dir='ltr'><strong>Nihil.</strong></span> <span class='ocrx_word' id='word_1_384' title='bbox 1135 4682 1203 4733; x_wconf 88' lang='lat' dir='ltr'><strong>At</strong></span> <span class='ocrx_word' id='word_1_385' title='bbox 1233 4695 1337 4732; x_wconf 91' lang='lat' dir='ltr'><strong>non</strong></span> <span class='ocrx_word' id='word_1_386' title='bbox 1371 4678 1491 4732; x_wconf 88' lang='lat' dir='ltr'><strong>talis</strong></span> <span class='ocrx_word' id='word_1_387' title='bbox 1517 4692 1636 4731; x_wconf 89' lang='lat' dir='ltr'><strong>sum</strong></span> <span class='ocrx_word' id='word_1_388' title='bbox 1661 4691 1760 4746; x_wconf 77' lang='lat' dir='ltr'><strong>ego</strong></span> <span class='ocrx_word' id='word_1_389' title='bbox 1785 4694 1799 4741; x_wconf 90' lang='lat'><strong>;</strong></span> <span class='ocrx_word' id='word_1_390' title='bbox 1828 4674 1920 4730; x_wconf 90' lang='lat' dir='ltr'><strong>sed</strong></span> 
     </span>
    </p>
   </div>
   <div class='ocr_carea' id='block_1_49' title="bbox 317 4767 1924 4845">
    <p class='ocr_par' dir='ltr' id='par_1_49' title="bbox 317 4767 1924 4845">
     <span class='ocr_line' id='line_1_49' title="bbox 317 4767 1924 4845; baseline -0.006 -15"><span class='ocrx_word' id='word_1_391' title='bbox 317 4791 688 4845; x_wconf 72' lang='lat' dir='ltr'><strong>qumcumque</strong></span> <span class='ocrx_word' id='word_1_392' title='bbox 735 4773 909 4835; x_wconf 85' lang='lat' dir='ltr'><strong>facio,</strong></span> <span class='ocrx_word' id='word_1_393' title='bbox 957 4771 1022 4826; x_wconf 91' lang='lat' dir='ltr'><strong>ad</strong></span> <span class='ocrx_word' id='word_1_394' title='bbox 1060 4772 1285 4826; x_wconf 86' lang='lat' dir='ltr'><strong>salutem</strong></span> <span class='ocrx_word' id='word_1_395' title='bbox 1333 4768 1560 4840; x_wconf 81' lang='lat' dir='ltr'><strong>proximi</strong></span> <span class='ocrx_word' id='word_1_396' title='bbox 1593 4767 1761 4832; x_wconf 81' lang='lat' dir='ltr'><strong>facio;</strong></span> <span class='ocrx_word' id='word_1_397' title='bbox 1811 4767 1924 4821; x_wconf 84' lang='lat' dir='ltr'><strong>sive</strong></span> 
     </span>
    </p>
   </div>
   <div class='ocr_carea' id='block_1_50' title="bbox 322 4862 1922 4938">
    <p class='ocr_par' dir='ltr' id='par_1_50' title="bbox 322 4862 1922 4938">
     <span class='ocr_line' id='line_1_50' title="bbox 322 4862 1922 4938; baseline -0.006 -15"><span class='ocrx_word' id='word_1_398' title='bbox 322 4868 728 4938; x_wconf 74' lang='lat' dir='ltr'><strong>perfectionem</strong></span> <span class='ocrx_word' id='word_1_399' title='bbox 760 4866 1062 4928; x_wconf 81' lang='lat' dir='ltr'><strong>ostendam,</strong></span> <span class='ocrx_word' id='word_1_400' title='bbox 1099 4873 1318 4935; x_wconf 90' lang='lat' dir='ltr'><strong>propter</strong></span> <span class='ocrx_word' id='word_1_401' title='bbox 1350 4862 1556 4934; x_wconf 90' lang='lat' dir='ltr'><strong>ipsum;</strong></span> <span class='ocrx_word' id='word_1_402' title='bbox 1589 4863 1703 4918; x_wconf 87' lang='lat' dir='ltr'><strong>sive</strong></span> <span class='ocrx_word' id='word_1_403' title='bbox 1729 4877 1814 4916; x_wconf 90' lang='lat' dir='ltr'><strong>me</strong></span> <span class='ocrx_word' id='word_1_404' title='bbox 1841 4871 1922 4914; x_wconf 92' lang='lat' dir='ltr'><strong>at-</strong></span> 
     </span>
    </p>
   </div>
   <div class='ocr_carea' id='block_1_51' title="bbox 323 4955 1924 5031">
    <p class='ocr_par' dir='ltr' id='par_1_51' title="bbox 323 4955 1924 5031">
     <span class='ocr_line' id='line_1_51' title="bbox 323 4955 1924 5031; baseline -0.005 -15"><span class='ocrx_word' id='word_1_405' title='bbox 323 4971 664 5031; x_wconf 84' lang='lat' dir='ltr'><strong>temperem,</strong></span> <span class='ocrx_word' id='word_1_406' title='bbox 699 4968 921 5030; x_wconf 89' lang='lat' dir='ltr'><strong>propter</strong></span> <span class='ocrx_word' id='word_1_407' title='bbox 951 4959 1122 5028; x_wconf 88' lang='lat' dir='ltr'><strong>ipsum</strong></span> <span class='ocrx_word' id='word_1_408' title='bbox 1149 4973 1164 5023; x_wconf 92' lang='lat'><strong>;</strong></span> <span class='ocrx_word' id='word_1_409' title='bbox 1207 4957 1320 5011; x_wconf 88' lang='lat' dir='ltr'><strong>sive</strong></span> <span class='ocrx_word' id='word_1_410' title='bbox 1349 4955 1566 5011; x_wconf 87' lang='lat' dir='ltr'><strong>Petrum</strong></span> <span class='ocrx_word' id='word_1_411' title='bbox 1593 4971 1841 5024; x_wconf 90' lang='lat' dir='ltr'><strong>superem</strong></span> <span class='ocrx_word' id='word_1_412' title='bbox 1873 4956 1924 5008; x_wconf 92' lang='lat' dir='ltr'><strong>in</strong></span> 
     </span>
    </p>
   </div>
   <div class='ocr_carea' id='block_1_52' title="bbox 323 5044 1929 5124">
    <p class='ocr_par' dir='ltr' id='par_1_52' title="bbox 323 5044 1929 5124">
     <span class='ocr_line' id='line_1_52' title="bbox 323 5044 1929 5124; baseline -0.004 -18"><span class='ocrx_word' id='word_1_413' title='bbox 323 5067 398 5106; x_wconf 88' lang='lat' dir='ltr'><strong>co</strong></span> <span class='ocrx_word' id='word_1_414' title='bbox 428 5051 570 5124; x_wconf 82' lang='lat' dir='ltr'><strong>quod</strong></span> <span class='ocrx_word' id='word_1_415' title='bbox 599 5051 732 5105; x_wconf 84' lang='lat' dir='ltr'><strong>nihil</strong></span> <span class='ocrx_word' id='word_1_416' title='bbox 753 5049 1033 5120; x_wconf 89' lang='lat' dir='ltr'><strong>accipiam,</strong></span> <span class='ocrx_word' id='word_1_417' title='bbox 1065 5063 1132 5102; x_wconf 91' lang='lat' dir='ltr'><strong>ne</strong></span> <span class='ocrx_word' id='word_1_418' title='bbox 1158 5047 1287 5117; x_wconf 89' lang='lat' dir='ltr'><strong>ipsis</strong></span> <span class='ocrx_word' id='word_1_419' title='bbox 1313 5045 1632 5102; x_wconf 81' lang='lat' dir='ltr'><strong>oï¬‚&#39;endiculo</strong></span> <span class='ocrx_word' id='word_1_420' title='bbox 1657 5045 1789 5111; x_wconf 92' lang='lat' dir='ltr'><strong>sim;</strong></span> <span class='ocrx_word' id='word_1_421' title='bbox 1816 5044 1929 5100; x_wconf 89' lang='lat' dir='ltr'><strong>sive</strong></span> 
     </span>
    </p>
   </div>
   <div class='ocr_carea' id='block_1_53' title="bbox 328 5136 1931 5213">
    <p class='ocr_par' dir='ltr' id='par_1_53' title="bbox 328 5136 1931 5213">
     <span class='ocr_line' id='line_1_53' title="bbox 328 5136 1931 5213; baseline -0.002 -18"><span class='ocrx_word' id='word_1_422' title='bbox 328 5144 466 5210; x_wconf 82' lang='lat' dir='ltr'><strong>plus</strong></span> <span class='ocrx_word' id='word_1_423' title='bbox 491 5158 644 5213; x_wconf 89' lang='lat' dir='ltr'><strong>quam</strong></span> <span class='ocrx_word' id='word_1_424' title='bbox 675 5155 867 5196; x_wconf 90' lang='lat' dir='ltr'><strong>omnes</strong></span> <span class='ocrx_word' id='word_1_425' title='bbox 896 5155 982 5196; x_wconf 89' lang='lat' dir='ltr'><strong>me</strong></span> <span class='ocrx_word' id='word_1_426' title='bbox 1010 5138 1281 5195; x_wconf 90' lang='lat' dir='ltr'><strong>demisero</strong></span> <span class='ocrx_word' id='word_1_427' title='bbox 1307 5180 1324 5207; x_wconf 94' lang='lat'><strong>,</strong></span> <span class='ocrx_word' id='word_1_428' title='bbox 1355 5146 1416 5192; x_wconf 91' lang='lat' dir='ltr'><strong>ut</strong></span> <span class='ocrx_word' id='word_1_429' title='bbox 1453 5136 1544 5208; x_wconf 92' lang='lat' dir='ltr'><strong>qui</strong></span> <span class='ocrx_word' id='word_1_430' title='bbox 1575 5137 1931 5192; x_wconf 89' lang='lat' dir='ltr'><strong>circumcidar</strong></span> 
     </span>
    </p>
   </div>
   <div class='ocr_carea' id='block_1_54' title="bbox 326 5228 1933 5305">
    <p class='ocr_par' dir='ltr' id='par_1_54' title="bbox 326 5228 1933 5305">
     <span class='ocr_line' id='line_1_54' title="bbox 326 5228 1933 5305; baseline -0.002 -17"><span class='ocrx_word' id='word_1_431' title='bbox 326 5247 386 5288; x_wconf 88' lang='lat' dir='ltr'><strong>et</strong></span> <span class='ocrx_word' id='word_1_432' title='bbox 421 5237 665 5303; x_wconf 75' lang='lat' dir='ltr'><strong>tondeor,</strong></span> <span class='ocrx_word' id='word_1_433' title='bbox 699 5252 769 5291; x_wconf 89' lang='lat' dir='ltr'><strong>ne</strong></span> <span class='ocrx_word' id='word_1_434' title='bbox 799 5233 902 5305; x_wconf 50' lang='lat' dir='ltr'><strong>ipsi</strong></span> <span class='ocrx_word' id='word_1_435' title='bbox 927 5235 1358 5305; x_wconf 71' lang='lat' dir='ltr'><strong>supplantantur.</strong></span> <span class='ocrx_word' id='word_1_436' title='bbox 1386 5232 1495 5285; x_wconf 88' lang='lat' dir='ltr'><strong>Hoc</strong></span> <span class='ocrx_word' id='word_1_437' title='bbox 1522 5239 1606 5285; x_wconf 90' lang='lat' dir='ltr'><strong>est</strong></span> <span class='ocrx_word' id='word_1_438' title='bbox 1633 5229 1782 5292; x_wconf 87' lang='lat' dir='ltr'><strong>illud,</strong></span> <span class='ocrx_word' id='word_1_439' title='bbox 1810 5228 1933 5284; x_wconf 84' lang='lat' dir='ltr'><strong>Non</strong></span> 
     </span>
    </p>
   </div>
   <div class='ocr_carea' id='block_1_55' title="bbox 326 5322 1934 5396">
    <p class='ocr_par' dir='ltr' id='par_1_55' title="bbox 326 5322 1934 5396">
     <span class='ocr_line' id='line_1_55' title="bbox 326 5322 1934 5396; baseline -0.001 -20"><span class='ocrx_word' id='word_1_440' title='bbox 326 5327 386 5377; x_wconf 83' lang='lat' dir='ltr'><strong>in</strong></span> <span class='ocrx_word' id='word_1_441' title='bbox 423 5327 688 5381; x_wconf 85' lang='lat' dir='ltr'><strong>incertum.</strong></span> <span class='ocrx_word' id='word_1_442' title='bbox 719 5326 802 5381; x_wconf 86' lang='lat' dir='ltr'><strong>Tu</strong></span> <span class='ocrx_word' id='word_1_443' title='bbox 834 5341 962 5381; x_wconf 90' lang='lat' dir='ltr'><strong>vero</strong></span> <span class='ocrx_word' id='word_1_444' title='bbox 991 5342 1105 5390; x_wconf 92' lang='lat' dir='ltr'><strong>cur,</strong></span> <span class='ocrx_word' id='word_1_445' title='bbox 1135 5339 1320 5396; x_wconf 67' lang='lat' dir='ltr'><strong>quaeso</strong></span> <span class='ocrx_word' id='word_1_446' title='bbox 1352 5333 1424 5389; x_wconf 89' lang='lat' dir='ltr'><strong>te,</strong></span> <span class='ocrx_word' id='word_1_447' title='bbox 1456 5322 1697 5377; x_wconf 90' lang='lat' dir='ltr'><strong>comedis</strong></span> <span class='ocrx_word' id='word_1_448' title='bbox 1724 5324 1773 5376; x_wconf 94' lang='lat' dir='ltr'><strong>in</strong></span> <span class='ocrx_word' id='word_1_449' title='bbox 1802 5331 1934 5376; x_wconf 87' lang='lat' dir='ltr'><strong>tem-</strong></span> 
     </span>
    </p>
   </div>
   <div class='ocr_carea' id='block_1_56' title="bbox 336 5415 1932 5486">
    <p class='ocr_par' dir='ltr' id='par_1_56' title="bbox 336 5415 1932 5486">
     <span class='ocr_line' id='line_1_56' title="bbox 336 5415 1932 5486; baseline -0.002 -16"><span class='ocrx_word' id='word_1_450' title='bbox 336 5420 438 5486; x_wconf 84' lang='lat' dir='ltr'><strong>plo</strong></span> <span class='ocrx_word' id='word_1_451' title='bbox 469 5417 722 5474; x_wconf 90' lang='lat' dir='ltr'><strong>idolorum</strong></span> <span class='ocrx_word' id='word_1_452' title='bbox 743 5419 767 5474; x_wconf 85' lang='lat'><strong>?</strong></span> <span class='ocrx_word' id='word_1_453' title='bbox 787 5417 893 5473; x_wconf 87' lang='lat' dir='ltr'><strong>Sed</strong></span> <span class='ocrx_word' id='word_1_454' title='bbox 923 5416 1293 5472; x_wconf 88' lang='lat' dir='ltr'><strong>rationabilem</strong></span> <span class='ocrx_word' id='word_1_455' title='bbox 1320 5430 1536 5470; x_wconf 88' lang='lat' dir='ltr'><strong>causam</strong></span> <span class='ocrx_word' id='word_1_456' title='bbox 1563 5415 1803 5485; x_wconf 87' lang='lat' dir='ltr'><strong>proferre</strong></span> <span class='ocrx_word' id='word_1_457' title='bbox 1829 5429 1932 5468; x_wconf 92' lang='lat' dir='ltr'><strong>nou</strong></span> 
     </span>
    </p>
   </div>
   <div class='ocr_carea' id='block_1_57' title="bbox 339 5505 1938 5577">
    <p class='ocr_par' dir='ltr' id='par_1_57' title="bbox 339 5505 1938 5577">
     <span class='ocr_line' id='line_1_57' title="bbox 339 5505 1938 5577; baseline 0 -19"><span class='ocrx_word' id='word_1_458' title='bbox 339 5511 542 5577; x_wconf 74' lang='lat' dir='ltr'><strong>possis.</strong></span> <span class='ocrx_word' id='word_1_459' title='bbox 583 5509 750 5565; x_wconf 85' lang='lat' dir='ltr'><strong>Cibus</strong></span> <span class='ocrx_word' id='word_1_460' title='bbox 803 5508 948 5564; x_wconf 89' lang='lat' dir='ltr'><strong>enim</strong></span> <span class='ocrx_word' id='word_1_461' title='bbox 1001 5516 1055 5563; x_wconf 88' lang='lat' dir='ltr'><strong>te</strong></span> <span class='ocrx_word' id='word_1_462' title='bbox 1106 5522 1212 5561; x_wconf 90' lang='lat' dir='ltr'><strong>non</strong></span> <span class='ocrx_word' id='word_1_463' title='bbox 1266 5507 1607 5561; x_wconf 87' lang='lat' dir='ltr'><strong>commendat</strong></span> <span class='ocrx_word' id='word_1_464' title='bbox 1672 5505 1818 5568; x_wconf 87' lang='lat' dir='ltr'><strong>Deo,</strong></span> <span class='ocrx_word' id='word_1_465' title='bbox 1883 5513 1938 5559; x_wconf 91' lang='lat' dir='ltr'><strong>ct</strong></span> 
     </span>
    </p>
   </div>
   <div class='ocr_carea' id='block_1_58' title="bbox 309 5598 1936 5672">
    <p class='ocr_par' dir='ltr' id='par_1_58' title="bbox 309 5598 1936 5672">
     <span class='ocr_line' id='line_1_58' title="bbox 309 5598 1936 5672; baseline -0.004 -16"><span class='ocrx_word' id='word_1_466' title='bbox 309 5608 320 5640; x_wconf 67' lang='grc' dir='ltr'><strong>á½·</strong></span> <span class='ocrx_word' id='word_1_467' title='bbox 347 5618 527 5672; x_wconf 68' lang='lat' dir='ltr'><strong>Inc-que</strong></span> <span class='ocrx_word' id='word_1_468' title='bbox 554 5604 597 5660; x_wconf 92' lang='lat' dir='ltr'><strong>si</strong></span> <span class='ocrx_word' id='word_1_469' title='bbox 625 5601 882 5658; x_wconf 86' lang='lat' dir='ltr'><strong>comedas</strong></span> <span class='ocrx_word' id='word_1_470' title='bbox 905 5641 922 5664; x_wconf 91' lang='lat'><strong>,</strong></span> <span class='ocrx_word' id='word_1_471' title='bbox 971 5600 1092 5671; x_wconf 88' lang='lat' dir='ltr'><strong>plus</strong></span> <span class='ocrx_word' id='word_1_472' title='bbox 1117 5598 1323 5661; x_wconf 84' lang='lat' dir='ltr'><strong>habes;</strong></span> <span class='ocrx_word' id='word_1_473' title='bbox 1361 5613 1535 5668; x_wconf 88' lang='lat' dir='ltr'><strong>neque</strong></span> <span class='ocrx_word' id='word_1_474' title='bbox 1563 5600 1607 5653; x_wconf 92' lang='lat' dir='ltr'><strong>si</strong></span> <span class='ocrx_word' id='word_1_475' title='bbox 1650 5613 1754 5652; x_wconf 91' lang='lat' dir='ltr'><strong>non</strong></span> <span class='ocrx_word' id='word_1_476' title='bbox 1786 5612 1936 5652; x_wconf 87' lang='lat' dir='ltr'><strong>com-</strong></span> 
     </span>
    </p>
   </div>
   <div class='ocr_carea' id='block_1_59' title="bbox 349 5688 1936 5758">
    <p class='ocr_par' dir='ltr' id='par_1_59' title="bbox 349 5688 1936 5758">
     <span class='ocr_line' id='line_1_59' title="bbox 349 5688 1936 5758; baseline 0.003 -16"><span class='ocrx_word' id='word_1_477' title='bbox 349 5694 520 5756; x_wconf 64' lang='lat' dir='ltr'><strong>edas,</strong></span> <span class='ocrx_word' id='word_1_478' title='bbox 550 5695 750 5748; x_wconf 91' lang='lat' dir='ltr'><strong>minus.</strong></span> <span class='ocrx_word' id='word_1_479' title='bbox 794 5690 1016 5747; x_wconf 84' lang='lat' dir='ltr'><strong>Frustra</strong></span> <span class='ocrx_word' id='word_1_480' title='bbox 1049 5704 1179 5758; x_wconf 88' lang='lat' dir='ltr'><strong>ergo</strong></span> <span class='ocrx_word' id='word_1_481' title='bbox 1209 5698 1270 5743; x_wconf 89' lang='lat' dir='ltr'><strong>et</strong></span> <span class='ocrx_word' id='word_1_482' title='bbox 1307 5688 1694 5746; x_wconf 87' lang='lat' dir='ltr'><strong>inconsiderate</strong></span> <span class='ocrx_word' id='word_1_483' title='bbox 1723 5691 1936 5747; x_wconf 82' lang='lat' dir='ltr'><strong>curris:</strong></span> 
     </span>
    </p>
   </div>
   <div class='ocr_carea' id='block_1_60' title="bbox 259 5776 1930 5855">
    <p class='ocr_par' dir='ltr' id='par_1_60' title="bbox 259 5776 1930 5855">
     <span class='ocr_line' id='line_1_60' title="bbox 259 5776 1930 5855; baseline 0.005 -27"><span class='ocrx_word' id='word_1_484' title='bbox 259 5785 267 5798; x_wconf 90' lang='lat'>&#39;</span> <span class='ocrx_word' id='word_1_485' title='bbox 354 5779 471 5834; x_wconf 82' lang='lat' dir='ltr'><strong>hoc</strong></span> <span class='ocrx_word' id='word_1_486' title='bbox 487 5785 624 5838; x_wconf 86' lang='lat' dir='ltr'><strong>enim</strong></span> <span class='ocrx_word' id='word_1_487' title='bbox 654 5786 756 5841; x_wconf 82' lang='lat' dir='ltr'><strong>sibi</strong></span> <span class='ocrx_word' id='word_1_488' title='bbox 786 5786 902 5839; x_wconf 87' lang='lat' dir='ltr'><strong>vult</strong></span> <span class='ocrx_word' id='word_1_489' title='bbox 931 5782 1082 5848; x_wconf 89' lang='lat' dir='ltr'><strong>illud,</strong></span> <span class='ocrx_word' id='word_1_490' title='bbox 1114 5777 1181 5833; x_wconf 80' lang='lat' dir='ltr'><strong>In</strong></span> <span class='ocrx_word' id='word_1_491' title='bbox 1209 5776 1586 5838; x_wconf 78' lang='lat' dir='ltr'><strong>incertum.Sic</strong></span> <span class='ocrx_word' id='word_1_492' title='bbox 1608 5801 1797 5855; x_wconf 80' lang='lat' dir='ltr'><strong>pugno,</strong></span> <span class='ocrx_word' id='word_1_493' title='bbox 1832 5792 1930 5836; x_wconf 74' lang='lat' dir='ltr'><strong>non</strong></span> 
     </span>
    </p>
   </div>
   <div class='ocr_carea' id='block_1_61' title="bbox 1293 351 2529 420">
    <p class='ocr_par' dir='ltr' id='par_1_61' title="bbox 1293 351 2529 420">
     <span class='ocr_line' id='line_1_61' title="bbox 1293 351 2529 420; baseline -0.007 1"><span class='ocrx_word' id='word_1_494' title='bbox 1293 358 1358 420; x_wconf 79' lang='lat' dir='ltr'><strong>IN</strong></span> <span class='ocrx_word' id='word_1_495' title='bbox 1399 361 1616 420; x_wconf 79' lang='lat' dir='ltr'><strong>EPIST.</strong></span> <span class='ocrx_word' id='word_1_496' title='bbox 1658 355 1682 416; x_wconf 84' lang='lat' dir='ltr'><strong>i</strong></span> <span class='ocrx_word' id='word_1_497' title='bbox 1740 355 1832 416; x_wconf 79' lang='lat' dir='ltr'><strong>AD</strong></span> <span class='ocrx_word' id='word_1_498' title='bbox 1867 355 2023 415; x_wconf 74' lang='lat' dir='ltr'><strong>C0â€œ.</strong></span> <span class='ocrx_word' id='word_1_499' title='bbox 2065 353 2296 415; x_wconf 67' lang='lat' dir='ltr'><strong>liOMiL.</strong></span> <span class='ocrx_word' id='word_1_500' title='bbox 2338 351 2529 414; x_wconf 75' lang='lat' dir='ltr'><strong>XXIII.</strong></span> 
     </span>
    </p>
   </div>
   <div class='ocr_carea' id='block_1_62' title="bbox 3473 355 3574 413">
    <p class='ocr_par' dir='ltr' id='par_1_62' title="bbox 3473 355 3574 413">
     <span class='ocr_line' id='line_1_62' title="bbox 3473 355 3574 413; baseline -0.069 0"><span class='ocrx_word' id='word_1_501' title='bbox 3473 355 3574 413; x_wconf 69' lang='lat' dir='ltr'><strong>UO</strong></span> 
     </span>
    </p>
   </div>
   <div class='ocr_carea' id='block_1_63' title="bbox 1993 468 3580 541">
    <p class='ocr_par' dir='ltr' id='par_1_63' title="bbox 1993 468 3580 541">
     <span class='ocr_line' id='line_1_63' title="bbox 1993 468 3580 541; baseline 0.003 -14"><span class='ocrx_word' id='word_1_502' title='bbox 1993 473 2140 541; x_wconf 83' lang='lat' dir='ltr'><strong>quasi</strong></span> <span class='ocrx_word' id='word_1_503' title='bbox 2178 490 2346 528; x_wconf 87' lang='lat' dir='ltr'><strong>aerem</strong></span> <span class='ocrx_word' id='word_1_504' title='bbox 2375 473 2660 528; x_wconf 75' lang='lat' dir='ltr'><strong>verberans.</strong></span> <span class='ocrx_word' id='word_1_505' title='bbox 2694 471 2900 528; x_wconf 79' lang='lat' dir='ltr'><strong>Rursus</strong></span> <span class='ocrx_word' id='word_1_506' title='bbox 2928 468 3059 529; x_wconf 91' lang='lat' dir='ltr'><strong>illud</strong></span> <span class='ocrx_word' id='word_1_507' title='bbox 3083 516 3098 540; x_wconf 92' lang='lat'><strong>,</strong></span> <span class='ocrx_word' id='word_1_508' title='bbox 3148 490 3255 530; x_wconf 86' lang='lat' dir='ltr'><strong>non</strong></span> <span class='ocrx_word' id='word_1_509' title='bbox 3285 482 3489 531; x_wconf 86' lang='lat' dir='ltr'><strong>temere</strong></span> <span class='ocrx_word' id='word_1_510' title='bbox 3522 490 3580 531; x_wconf 81' lang='lat' dir='ltr'><strong>et</strong></span> 
     </span>
    </p>
   </div>
   <div class='ocr_carea' id='block_1_64' title="bbox 1993 563 3576 637">
    <p class='ocr_par' dir='ltr' id='par_1_64' title="bbox 1993 563 3576 637">
     <span class='ocr_line' id='line_1_64' title="bbox 1993 563 3576 637; baseline 0.001 -19"><span class='ocrx_word' id='word_1_511' title='bbox 1993 563 2408 629; x_wconf 88' lang='lat' dir='ltr'><strong>inconsiderate,</strong></span> <span class='ocrx_word' id='word_1_512' title='bbox 2432 563 2776 620; x_wconf 90' lang='lat' dir='ltr'><strong>subindicans</strong></span> <span class='ocrx_word' id='word_1_513' title='bbox 2801 565 2902 620; x_wconf 92' lang='lat' dir='ltr'><strong>hoc</strong></span> <span class='ocrx_word' id='word_1_514' title='bbox 2925 567 2999 619; x_wconf 92' lang='lat' dir='ltr'><strong>ait</strong></span> <span class='ocrx_word' id='word_1_515' title='bbox 3024 584 3036 620; x_wconf 95' lang='lat'><strong>:</strong></span> <span class='ocrx_word' id='word_1_516' title='bbox 3067 565 3235 622; x_wconf 87' lang='lat' dir='ltr'><strong>habeo</strong></span> <span class='ocrx_word' id='word_1_517' title='bbox 3253 567 3394 622; x_wconf 90' lang='lat' dir='ltr'><strong>enim</strong></span> <span class='ocrx_word' id='word_1_518' title='bbox 3417 583 3576 637; x_wconf 78' lang='lat' dir='ltr'><strong>quem</strong></span> 
     </span>
    </p>
   </div>
   <div class='ocr_carea' id='block_1_65' title="bbox 1993 653 3575 728">
    <p class='ocr_par' dir='ltr' id='par_1_65' title="bbox 1993 653 3575 728">
     <span class='ocr_line' id='line_1_65' title="bbox 1993 653 3575 728; baseline 0.004 -20"><span class='ocrx_word' id='word_1_519' title='bbox 1993 653 2178 709; x_wconf 88' lang='lat' dir='ltr'><strong>feriam</strong></span> <span class='ocrx_word' id='word_1_520' title='bbox 2205 695 2222 722; x_wconf 90' lang='lat'><strong>,</strong></span> <span class='ocrx_word' id='word_1_521' title='bbox 2271 672 2464 726; x_wconf 90' lang='lat' dir='ltr'><strong>nempe</strong></span> <span class='ocrx_word' id='word_1_522' title='bbox 2489 655 2758 711; x_wconf 80' lang='lat' dir='ltr'><strong>diabolum</strong></span> <span class='ocrx_word' id='word_1_523' title='bbox 2786 674 2802 723; x_wconf 92' lang='lat'><strong>;</strong></span> <span class='ocrx_word' id='word_1_524' title='bbox 2833 667 2888 713; x_wconf 90' lang='lat' dir='ltr'><strong>tu</strong></span> <span class='ocrx_word' id='word_1_525' title='bbox 2915 673 3045 713; x_wconf 88' lang='lat' dir='ltr'><strong>vero</strong></span> <span class='ocrx_word' id='word_1_526' title='bbox 3074 659 3246 728; x_wconf 89' lang='lat' dir='ltr'><strong>ipsum</strong></span> <span class='ocrx_word' id='word_1_527' title='bbox 3277 676 3381 717; x_wconf 86' lang='lat' dir='ltr'><strong>non</strong></span> <span class='ocrx_word' id='word_1_528' title='bbox 3410 658 3538 715; x_wconf 87' lang='lat' dir='ltr'><strong>feris</strong></span> <span class='ocrx_word' id='word_1_529' title='bbox 3557 700 3575 724; x_wconf 91' lang='lat'><strong>,</strong></span> 
     </span>
    </p>
   </div>
   <div class='ocr_carea' id='block_1_66' title="bbox 1991 747 3578 822">
    <p class='ocr_par' dir='ltr' id='par_1_66' title="bbox 1991 747 3578 822">
     <span class='ocr_line' id='line_1_66' title="bbox 1991 747 3578 822; baseline 0.003 -20"><span class='ocrx_word' id='word_1_530' title='bbox 1991 747 2084 802; x_wconf 89' lang='lat' dir='ltr'><strong>sed</strong></span> <span class='ocrx_word' id='word_1_531' title='bbox 2133 747 2274 803; x_wconf 85' lang='lat' dir='ltr'><strong>vires</strong></span> <span class='ocrx_word' id='word_1_532' title='bbox 2305 759 2424 802; x_wconf 87' lang='lat' dir='ltr'><strong>tuas</strong></span> <span class='ocrx_word' id='word_1_533' title='bbox 2468 759 2668 804; x_wconf 91' lang='lat' dir='ltr'><strong>temere</strong></span> <span class='ocrx_word' id='word_1_534' title='bbox 2708 750 2961 806; x_wconf 87' lang='lat' dir='ltr'><strong>ellâ€˜undis.</strong></span> <span class='ocrx_word' id='word_1_535' title='bbox 3007 751 3222 806; x_wconf 87' lang='lat' dir='ltr'><strong>Interim</strong></span> <span class='ocrx_word' id='word_1_536' title='bbox 3266 752 3386 806; x_wconf 87' lang='lat' dir='ltr'><strong>illos</strong></span> <span class='ocrx_word' id='word_1_537' title='bbox 3427 753 3578 822; x_wconf 86' lang='lat' dir='ltr'><strong>quasi</strong></span> 
     </span>
    </p>
   </div>
   <div class='ocr_carea' id='block_1_67' title="bbox 1992 837 3582 910">
    <p class='ocr_par' dir='ltr' id='par_1_67' title="bbox 1992 837 3582 910">
     <span class='ocr_line' id='line_1_67' title="bbox 1992 837 3582 910; baseline 0.004 -19"><span class='ocrx_word' id='word_1_538' title='bbox 1992 837 2295 903; x_wconf 88' lang='lat' dir='ltr'><strong>sustinens,</strong></span> <span class='ocrx_word' id='word_1_539' title='bbox 2331 840 2400 893; x_wconf 88' lang='lat' dir='ltr'><strong>ita</strong></span> <span class='ocrx_word' id='word_1_540' title='bbox 2431 837 2687 910; x_wconf 90' lang='lat' dir='ltr'><strong>loquitur.</strong></span> <span class='ocrx_word' id='word_1_541' title='bbox 2720 841 2854 908; x_wconf 84' lang='lat' dir='ltr'><strong>Quia</strong></span> <span class='ocrx_word' id='word_1_542' title='bbox 2883 843 3027 897; x_wconf 91' lang='lat' dir='ltr'><strong>enim</strong></span> <span class='ocrx_word' id='word_1_543' title='bbox 3057 845 3430 899; x_wconf 81' lang='lat' dir='ltr'><strong>vehementius</strong></span> <span class='ocrx_word' id='word_1_544' title='bbox 3461 844 3582 898; x_wconf 83' lang='lat' dir='ltr'><strong>illos</strong></span> 
     </span>
    </p>
   </div>
   <div class='ocr_carea' id='block_1_68' title="bbox 1995 930 3583 1006">
    <p class='ocr_par' dir='ltr' id='par_1_68' title="bbox 1995 930 3583 1006">
     <span class='ocr_line' id='line_1_68' title="bbox 1995 930 3583 1006; baseline 0.005 -22"><span class='ocrx_word' id='word_1_545' title='bbox 1995 930 2288 986; x_wconf 84' lang='lat' dir='ltr'><strong>insectatus</strong></span> <span class='ocrx_word' id='word_1_546' title='bbox 2333 931 2508 988; x_wconf 89' lang='lat' dir='ltr'><strong>fuerat</strong></span> <span class='ocrx_word' id='word_1_547' title='bbox 2538 933 2589 988; x_wconf 92' lang='lat' dir='ltr'><strong>in</strong></span> <span class='ocrx_word' id='word_1_548' title='bbox 2622 935 3090 1004; x_wconf 66' lang='lat' dir='ltr'><strong>prascedentibus,</strong></span> <span class='ocrx_word' id='word_1_549' title='bbox 3121 952 3309 992; x_wconf 83' lang='lat' dir='ltr'><strong>rursus</strong></span> <span class='ocrx_word' id='word_1_550' title='bbox 3339 938 3583 1006; x_wconf 87' lang='lat' dir='ltr'><strong>reprimit</strong></span> 
     </span>
    </p>
   </div>
   <div class='ocr_carea' id='block_1_69' title="bbox 1995 1020 3583 1098">
    <p class='ocr_par' dir='ltr' id='par_1_69' title="bbox 1995 1020 3583 1098">
     <span class='ocr_line' id='line_1_69' title="bbox 1995 1020 3583 1098; baseline 0.004 -22"><span class='ocrx_word' id='word_1_551' title='bbox 1995 1020 2420 1090; x_wconf 89' lang='lat' dir='ltr'><strong>increpationem</strong></span> <span class='ocrx_word' id='word_1_552' title='bbox 2441 1063 2457 1087; x_wconf 86' lang='lat'><strong>,</strong></span> <span class='ocrx_word' id='word_1_553' title='bbox 2474 1023 2723 1080; x_wconf 85' lang='lat' dir='ltr'><strong>adfinem</strong></span> <span class='ocrx_word' id='word_1_554' title='bbox 2742 1026 3004 1080; x_wconf 86' lang='lat' dir='ltr'><strong>orationis</strong></span> <span class='ocrx_word' id='word_1_555' title='bbox 3025 1027 3342 1095; x_wconf 86' lang='lat' dir='ltr'><strong>profundam</strong></span> <span class='ocrx_word' id='word_1_556' title='bbox 3371 1029 3583 1098; x_wconf 89' lang='lat' dir='ltr'><strong>plagam</strong></span> 
     </span>
    </p>
   </div>
   <div class='ocr_carea' id='block_1_70' title="bbox 1994 1113 3585 1173">
    <p class='ocr_par' dir='ltr' id='par_1_70' title="bbox 1994 1113 3585 1173">
     <span class='ocr_line' id='line_1_70' title="bbox 1994 1113 3585 1173; baseline 0.003 -5"><span class='ocrx_word' id='word_1_557' title='bbox 1994 1126 2298 1168; x_wconf 82' lang='lat' dir='ltr'><strong>reservans.</strong></span> <span class='ocrx_word' id='word_1_558' title='bbox 2332 1113 2431 1169; x_wconf 86' lang='lat' dir='ltr'><strong>Hic</strong></span> <span class='ocrx_word' id='word_1_559' title='bbox 2456 1116 2600 1169; x_wconf 90' lang='lat' dir='ltr'><strong>enim</strong></span> <span class='ocrx_word' id='word_1_560' title='bbox 2629 1120 2703 1169; x_wconf 85' lang='lat' dir='ltr'><strong>ait</strong></span> <span class='ocrx_word' id='word_1_561' title='bbox 2730 1117 2853 1172; x_wconf 90' lang='lat' dir='ltr'><strong>illos</strong></span> <span class='ocrx_word' id='word_1_562' title='bbox 2882 1125 3082 1172; x_wconf 87' lang='lat' dir='ltr'><strong>temere</strong></span> <span class='ocrx_word' id='word_1_563' title='bbox 3108 1127 3161 1172; x_wconf 91' lang='lat' dir='ltr'><strong>ct</strong></span> <span class='ocrx_word' id='word_1_564' title='bbox 3192 1119 3585 1173; x_wconf 85' lang='lat' dir='ltr'><strong>inconsiderate</strong></span> 
     </span>
    </p>
   </div>
   <div class='ocr_carea' id='block_1_71' title="bbox 1996 1208 3584 1280">
    <p class='ocr_par' dir='ltr' id='par_1_71' title="bbox 1996 1208 3584 1280">
     <span class='ocr_line' id='line_1_71' title="bbox 1996 1208 3584 1280; baseline 0.001 -20"><span class='ocrx_word' id='word_1_565' title='bbox 1996 1220 2204 1276; x_wconf 81' lang='lat' dir='ltr'><strong>agere;</strong></span> <span class='ocrx_word' id='word_1_566' title='bbox 2246 1215 2430 1276; x_wconf 88' lang='lat' dir='ltr'><strong>postea</strong></span> <span class='ocrx_word' id='word_1_567' title='bbox 2475 1208 2743 1274; x_wconf 89' lang='lat' dir='ltr'><strong>ostendit,</strong></span> <span class='ocrx_word' id='word_1_568' title='bbox 2775 1208 2915 1278; x_wconf 90' lang='lat' dir='ltr'><strong>quod</strong></span> <span class='ocrx_word' id='word_1_569' title='bbox 2957 1210 3114 1262; x_wconf 87' lang='lat' dir='ltr'><strong>etiam</strong></span> <span class='ocrx_word' id='word_1_570' title='bbox 3147 1209 3199 1263; x_wconf 89' lang='lat' dir='ltr'><strong>in</strong></span> <span class='ocrx_word' id='word_1_571' title='bbox 3229 1225 3471 1280; x_wconf 87' lang='lat' dir='ltr'><strong>magnam</strong></span> <span class='ocrx_word' id='word_1_572' title='bbox 3502 1211 3584 1262; x_wconf 66' lang='lat' dir='ltr'><strong>sui</strong></span> 
     </span>
    </p>
   </div>
   <div class='ocr_carea' id='block_1_72' title="bbox 1995 1297 3577 1369">
    <p class='ocr_par' dir='ltr' id='par_1_72' title="bbox 1995 1297 3577 1369">
     <span class='ocr_line' id='line_1_72' title="bbox 1995 1297 3577 1369; baseline 0.001 -18"><span class='ocrx_word' id='word_1_573' title='bbox 1995 1297 2187 1366; x_wconf 85' lang='lat' dir='ltr'><strong>capitis</strong></span> <span class='ocrx_word' id='word_1_574' title='bbox 2217 1297 2504 1367; x_wconf 85' lang='lat' dir='ltr'><strong>perniciem</strong></span> <span class='ocrx_word' id='word_1_575' title='bbox 2529 1339 2546 1365; x_wconf 98' lang='lat'><strong>,</strong></span> <span class='ocrx_word' id='word_1_576' title='bbox 2575 1307 2632 1354; x_wconf 87' lang='lat' dir='ltr'><strong>et</strong></span> <span class='ocrx_word' id='word_1_577' title='bbox 2667 1299 2808 1369; x_wconf 92' lang='lat' dir='ltr'><strong>quod</strong></span> <span class='ocrx_word' id='word_1_578' title='bbox 2849 1309 3044 1368; x_wconf 77' lang='lat' dir='ltr'><strong>pra-ter</strong></span> <span class='ocrx_word' id='word_1_579' title='bbox 3071 1298 3325 1354; x_wconf 89' lang='lat' dir='ltr'><strong>damnum</strong></span> <span class='ocrx_word' id='word_1_580' title='bbox 3356 1299 3577 1354; x_wconf 89' lang='lat' dir='ltr'><strong>fratrum</strong></span> 
     </span>
    </p>
   </div>
   <div class='ocr_carea' id='block_1_73' title="bbox 1996 1385 3586 1461">
    <p class='ocr_par' dir='ltr' id='par_1_73' title="bbox 1996 1385 3586 1461">
     <span class='ocr_line' id='line_1_73' title="bbox 1996 1385 3586 1461; baseline 0.003 -21"><span class='ocrx_word' id='word_1_581' title='bbox 1996 1398 2170 1457; x_wconf 83' lang='lat' dir='ltr'><strong>neque</strong></span> <span class='ocrx_word' id='word_1_582' title='bbox 2193 1387 2290 1457; x_wconf 90' lang='lat' dir='ltr'><strong>ipsi</strong></span> <span class='ocrx_word' id='word_1_583' title='bbox 2313 1388 2468 1459; x_wconf 64' lang='lat' dir='ltr'><strong>culpa</strong></span> <span class='ocrx_word' id='word_1_584' title='bbox 2495 1397 2688 1444; x_wconf 87' lang='lat' dir='ltr'><strong>vacent</strong></span> <span class='ocrx_word' id='word_1_585' title='bbox 2713 1386 2829 1444; x_wconf 64' lang='lat' dir='ltr'><strong>haec</strong></span> <span class='ocrx_word' id='word_1_586' title='bbox 2850 1388 3128 1444; x_wconf 82' lang='lat' dir='ltr'><strong>audentes.</strong></span> <span class='ocrx_word' id='word_1_587' title='bbox 3149 1385 3239 1443; x_wconf 72' lang='lat'><strong>27.</strong></span> <span class='ocrx_word' id='word_1_588' title='bbox 3267 1390 3373 1444; x_wconf 84' lang='lat' dir='ltr'><strong>Sed</strong></span> <span class='ocrx_word' id='word_1_589' title='bbox 3395 1393 3586 1461; x_wconf 79' lang='lat' dir='ltr'><strong>castigo</strong></span> 
     </span>
    </p>
   </div>
   <div class='ocr_carea' id='block_1_74' title="bbox 1997 1479 3584 1551">
    <p class='ocr_par' dir='ltr' id='par_1_74' title="bbox 1997 1479 3584 1551">
     <span class='ocr_line' id='line_1_74' title="bbox 1997 1479 3584 1551; baseline 0.002 -22"><span class='ocrx_word' id='word_1_590' title='bbox 1997 1492 2182 1546; x_wconf 78' lang='lat' dir='ltr'><strong>corpus</strong></span> <span class='ocrx_word' id='word_1_591' title='bbox 2213 1493 2378 1532; x_wconf 75' lang='lat' dir='ltr'><strong>meum</strong></span> <span class='ocrx_word' id='word_1_592' title='bbox 2411 1489 2457 1534; x_wconf 89' lang='lat' dir='ltr'><strong>et</strong></span> <span class='ocrx_word' id='word_1_593' title='bbox 2500 1479 2553 1532; x_wconf 88' lang='lat' dir='ltr'><strong>in</strong></span> <span class='ocrx_word' id='word_1_594' title='bbox 2595 1481 2884 1534; x_wconf 77' lang='lat' dir='ltr'><strong>servitutem</strong></span> <span class='ocrx_word' id='word_1_595' title='bbox 2926 1481 3101 1551; x_wconf 82' lang='lat' dir='ltr'><strong>redigo</strong></span> <span class='ocrx_word' id='word_1_596' title='bbox 3127 1520 3142 1544; x_wconf 94' lang='lat'><strong>,</strong></span> <span class='ocrx_word' id='word_1_597' title='bbox 3174 1498 3238 1534; x_wconf 86' lang='lat' dir='ltr'><strong>ne</strong></span> <span class='ocrx_word' id='word_1_598' title='bbox 3273 1485 3439 1551; x_wconf 78' lang='lat' dir='ltr'><strong>forte.</strong></span> <span class='ocrx_word' id='word_1_599' title='bbox 3472 1498 3584 1533; x_wconf 82' lang='lat' dir='ltr'><strong>cum</strong></span> 
     </span>
    </p>
   </div>
   <div class='ocr_carea' id='block_1_75' title="bbox 1998 1568 3587 1644">
    <p class='ocr_par' dir='ltr' id='par_1_75' title="bbox 1998 1568 3587 1644">
     <span class='ocr_line' id='line_1_75' title="bbox 1998 1568 3587 1644; baseline 0.004 -22"><span class='ocrx_word' id='word_1_600' title='bbox 1998 1568 2116 1624; x_wconf 82' lang='lat' dir='ltr'><strong>aliis</strong></span> <span class='ocrx_word' id='word_1_601' title='bbox 2157 1571 2498 1641; x_wconf 79' lang='lat' dir='ltr'><strong>prtedicattero</strong></span> <span class='ocrx_word' id='word_1_602' title='bbox 2521 1611 2537 1636; x_wconf 92' lang='lat'><strong>,</strong></span> <span class='ocrx_word' id='word_1_603' title='bbox 2579 1573 2690 1642; x_wconf 85' lang='lat' dir='ltr'><strong>ipse</strong></span> <span class='ocrx_word' id='word_1_604' title='bbox 2716 1572 2958 1643; x_wconf 74' lang='lat' dir='ltr'><strong>reprobus</strong></span> <span class='ocrx_word' id='word_1_605' title='bbox 2989 1574 3196 1644; x_wconf 69' lang='lat' dir='ltr'><strong>efï¬ciar.</strong></span> <span class='ocrx_word' id='word_1_606' title='bbox 3231 1574 3326 1631; x_wconf 89' lang='lat' dir='ltr'><strong>llic</strong></span> <span class='ocrx_word' id='word_1_607' title='bbox 3353 1577 3587 1630; x_wconf 82' lang='lat' dir='ltr'><strong>ostendit</strong></span> 
     </span>
    </p>
   </div>
   <div class='ocr_carea' id='block_1_76' title="bbox 1998 1664 3585 1736">
    <p class='ocr_par' dir='ltr' id='par_1_76' title="bbox 1998 1664 3585 1736">
     <span class='ocr_line' id='line_1_76' title="bbox 1998 1664 3585 1736; baseline 0.003 -20"><span class='ocrx_word' id='word_1_608' title='bbox 1998 1676 2093 1716; x_wconf 90' lang='lat' dir='ltr'><strong>cos</strong></span> <span class='ocrx_word' id='word_1_609' title='bbox 2140 1669 2196 1717; x_wconf 89' lang='lat' dir='ltr'><strong>et</strong></span> <span class='ocrx_word' id='word_1_610' title='bbox 2251 1664 2454 1717; x_wconf 85' lang='lat' dir='ltr'><strong>ventris</strong></span> <span class='ocrx_word' id='word_1_611' title='bbox 2502 1664 2758 1734; x_wconf 91' lang='lat' dir='ltr'><strong>implendi</strong></span> <span class='ocrx_word' id='word_1_612' title='bbox 2805 1664 3078 1719; x_wconf 87' lang='lat' dir='ltr'><strong>desiderio</strong></span> <span class='ocrx_word' id='word_1_613' title='bbox 3124 1666 3291 1720; x_wconf 90' lang='lat' dir='ltr'><strong>teneri</strong></span> <span class='ocrx_word' id='word_1_614' title='bbox 3318 1707 3333 1729; x_wconf 93' lang='lat'><strong>,</strong></span> <span class='ocrx_word' id='word_1_615' title='bbox 3384 1675 3439 1721; x_wconf 89' lang='lat' dir='ltr'><strong>et</strong></span> <span class='ocrx_word' id='word_1_616' title='bbox 3486 1667 3585 1736; x_wconf 84' lang='lat' dir='ltr'><strong>ipsi</strong></span> 
     </span>
    </p>
   </div>
   <div class='ocr_carea' id='block_1_77' title="bbox 1999 1752 3586 1827">
    <p class='ocr_par' dir='ltr' id='par_1_77' title="bbox 1999 1752 3586 1827">
     <span class='ocr_line' id='line_1_77' title="bbox 1999 1752 3586 1827; baseline 0.003 -20"><span class='ocrx_word' id='word_1_617' title='bbox 1999 1752 2180 1808; x_wconf 84' lang='lat' dir='ltr'><strong>laxare</strong></span> <span class='ocrx_word' id='word_1_618' title='bbox 2224 1753 2500 1820; x_wconf 88' lang='lat' dir='ltr'><strong>habenas,</strong></span> <span class='ocrx_word' id='word_1_619' title='bbox 2543 1763 2598 1810; x_wconf 90' lang='lat' dir='ltr'><strong>ct</strong></span> <span class='ocrx_word' id='word_1_620' title='bbox 2646 1755 2990 1825; x_wconf 89' lang='lat' dir='ltr'><strong>perfectionis</strong></span> <span class='ocrx_word' id='word_1_621' title='bbox 3031 1757 3254 1811; x_wconf 89' lang='lat' dir='ltr'><strong>obtentu</strong></span> <span class='ocrx_word' id='word_1_622' title='bbox 3301 1757 3586 1827; x_wconf 87' lang='lat' dir='ltr'><strong>ingluviem</strong></span> 
     </span>
    </p>
   </div>
   <div class='ocr_carea' id='block_1_78' title="bbox 2001 1843 3587 1917">
    <p class='ocr_par' dir='ltr' id='par_1_78' title="bbox 2001 1843 3587 1917">
     <span class='ocr_line' id='line_1_78' title="bbox 2001 1843 3587 1917; baseline 0.003 -20"><span class='ocrx_word' id='word_1_623' title='bbox 2001 1843 2226 1914; x_wconf 88' lang='lat' dir='ltr'><strong>implere</strong></span> <span class='ocrx_word' id='word_1_624' title='bbox 2248 1859 2397 1899; x_wconf 86' lang='lat' dir='ltr'><strong>suam</strong></span> <span class='ocrx_word' id='word_1_625' title='bbox 2417 1861 2432 1910; x_wconf 91' lang='lat'><strong>;</strong></span> <span class='ocrx_word' id='word_1_626' title='bbox 2456 1845 2596 1916; x_wconf 89' lang='lat' dir='ltr'><strong>quod</strong></span> <span class='ocrx_word' id='word_1_627' title='bbox 2617 1848 2865 1915; x_wconf 86' lang='lat' dir='ltr'><strong>superius</strong></span> <span class='ocrx_word' id='word_1_628' title='bbox 2889 1847 3069 1903; x_wconf 87' lang='lat' dir='ltr'><strong>dicere</strong></span> <span class='ocrx_word' id='word_1_629' title='bbox 3091 1847 3441 1917; x_wconf 88' lang='lat' dir='ltr'><strong>parturiehat,</strong></span> <span class='ocrx_word' id='word_1_630' title='bbox 3464 1865 3587 1902; x_wconf 84' lang='lat' dir='ltr'><strong>cum</strong></span> 
     </span>
    </p>
   </div>
   <div class='ocr_carea' id='block_1_79' title="bbox 2002 1933 3586 2010">
    <p class='ocr_par' dir='ltr' id='par_1_79' title="bbox 2002 1933 3586 2010">
     <span class='ocr_line' id='line_1_79' title="bbox 2002 1933 3586 2010; baseline 0.004 -23"><span class='ocrx_word' id='word_1_631' title='bbox 2002 1933 2072 1988; x_wconf 90' lang='lat' dir='ltr'><strong>ita</strong></span> <span class='ocrx_word' id='word_1_632' title='bbox 2104 1936 2414 2006; x_wconf 88' lang='lat' dir='ltr'><strong>loqueretur</strong></span> <span class='ocrx_word' id='word_1_633' title='bbox 2443 1954 2455 1989; x_wconf 92' lang='lat'><strong>:</strong></span> <span class='ocrx_word' id='word_1_634' title='bbox 2504 1935 2654 1992; x_wconf 69' lang='lat' dir='ltr'><strong>Esca</strong></span> <span class='ocrx_word' id='word_1_635' title='bbox 2681 1937 2840 1991; x_wconf 75' lang='lat' dir='ltr'><strong>ventri</strong></span> <span class='ocrx_word' id='word_1_636' title='bbox 2861 1978 2877 2002; x_wconf 94' lang='lat'><strong>,</strong></span> <span class='ocrx_word' id='word_1_637' title='bbox 2907 1947 2952 1992; x_wconf 86' lang='lat' dir='ltr'><strong>et</strong></span> <span class='ocrx_word' id='word_1_638' title='bbox 2992 1950 3157 1992; x_wconf 74' lang='lat' dir='ltr'><strong>venter</strong></span> <span class='ocrx_word' id='word_1_639' title='bbox 3185 1941 3311 1993; x_wconf 84' lang='lat' dir='ltr'><strong>escis</strong></span> <span class='ocrx_word' id='word_1_640' title='bbox 3341 1939 3360 2010; x_wconf 90' lang='lat'><strong>(</strong></span> <span class='ocrx_word' id='word_1_641' title='bbox 3386 1941 3438 1993; x_wconf 87' lang='grc'><strong>1.</strong></span> <span class='ocrx_word' id='word_1_642' title='bbox 3468 1940 3586 1993; x_wconf 87' lang='lat' dir='ltr'><strong>Cor.</strong></span> 
     </span>
    </p>
   </div>
   <div class='ocr_carea' id='block_1_80' title="bbox 2003 2026 3593 2100">
    <p class='ocr_par' dir='ltr' id='par_1_80' title="bbox 2003 2026 3593 2100">
     <span class='ocr_line' id='line_1_80' title="bbox 2003 2026 3593 2100; baseline 0.003 -19"><span class='ocrx_word' id='word_1_643' title='bbox 2003 2026 2058 2082; x_wconf 86' lang='grc'><strong>6.</strong></span> <span class='ocrx_word' id='word_1_644' title='bbox 2091 2027 2218 2098; x_wconf 81' lang='grc'><strong>15).</strong></span> <span class='ocrx_word' id='word_1_645' title='bbox 2244 2026 2378 2094; x_wconf 87' lang='lat' dir='ltr'><strong>Quia</strong></span> <span class='ocrx_word' id='word_1_646' title='bbox 2419 2029 2560 2082; x_wconf 89' lang='lat' dir='ltr'><strong>enim</strong></span> <span class='ocrx_word' id='word_1_647' title='bbox 2591 2028 2997 2084; x_wconf 87' lang='lat' dir='ltr'><strong>fornicationem</strong></span> <span class='ocrx_word' id='word_1_648' title='bbox 3024 2031 3227 2085; x_wconf 82' lang='lat' dir='ltr'><strong>delicia:</strong></span> <span class='ocrx_word' id='word_1_649' title='bbox 3257 2033 3504 2100; x_wconf 90' lang='lat' dir='ltr'><strong>pariunt,</strong></span> <span class='ocrx_word' id='word_1_650' title='bbox 3537 2042 3593 2086; x_wconf 91' lang='lat' dir='ltr'><strong>et</strong></span> 
     </span>
    </p>
   </div>
   <div class='ocr_carea' id='block_1_81' title="bbox 2003 2117 3594 2191">
    <p class='ocr_par' dir='ltr' id='par_1_81' title="bbox 2003 2117 3594 2191">
     <span class='ocr_line' id='line_1_81' title="bbox 2003 2117 3594 2191; baseline 0.003 -19"><span class='ocrx_word' id='word_1_651' title='bbox 2003 2117 2106 2173; x_wconf 91' lang='lat' dir='ltr'><strong>hoc</strong></span> <span class='ocrx_word' id='word_1_652' title='bbox 2136 2119 2343 2188; x_wconf 88' lang='lat' dir='ltr'><strong>peperit</strong></span> <span class='ocrx_word' id='word_1_653' title='bbox 2374 2118 2769 2184; x_wconf 83' lang='lat' dir='ltr'><strong>idololatriam;</strong></span> <span class='ocrx_word' id='word_1_654' title='bbox 2798 2122 2920 2189; x_wconf 87' lang='lat' dir='ltr'><strong>jure</strong></span> <span class='ocrx_word' id='word_1_655' title='bbox 2951 2137 3094 2191; x_wconf 75' lang='lat' dir='ltr'><strong>saepe</strong></span> <span class='ocrx_word' id='word_1_656' title='bbox 3125 2122 3264 2177; x_wconf 93' lang='lat' dir='ltr'><strong>hunc</strong></span> <span class='ocrx_word' id='word_1_657' title='bbox 3297 2123 3594 2178; x_wconf 87' lang='lat' dir='ltr'><strong>insectatur</strong></span> 
     </span>
    </p>
   </div>
   <div class='ocr_carea' id='block_1_82' title="bbox 2003 2209 3594 2282">
    <p class='ocr_par' dir='ltr' id='par_1_82' title="bbox 2003 2209 3594 2282">
     <span class='ocr_line' id='line_1_82' title="bbox 2003 2209 3594 2282; baseline 0.004 -21"><span class='ocrx_word' id='word_1_658' title='bbox 2003 2209 2273 2263; x_wconf 85' lang='lat' dir='ltr'><strong>morbum.</strong></span> <span class='ocrx_word' id='word_1_659' title='bbox 2323 2210 2385 2264; x_wconf 85' lang='lat' dir='ltr'><strong>Et</strong></span> <span class='ocrx_word' id='word_1_660' title='bbox 2429 2225 2551 2264; x_wconf 91' lang='lat' dir='ltr'><strong>cum</strong></span> <span class='ocrx_word' id='word_1_661' title='bbox 2600 2211 2931 2266; x_wconf 83' lang='lat' dir='ltr'><strong>ostendisset</strong></span> <span class='ocrx_word' id='word_1_662' title='bbox 2974 2223 3172 2281; x_wconf 91' lang='lat' dir='ltr'><strong>quanta</strong></span> <span class='ocrx_word' id='word_1_663' title='bbox 3225 2229 3412 2282; x_wconf 84' lang='lat' dir='ltr'><strong>passus</strong></span> <span class='ocrx_word' id='word_1_664' title='bbox 3449 2225 3594 2270; x_wconf 84' lang='lat' dir='ltr'><strong>esset</strong></span> 
     </span>
    </p>
   </div>
   <div class='ocr_carea' id='block_1_83' title="bbox 2005 2300 3591 2372">
    <p class='ocr_par' dir='ltr' id='par_1_83' title="bbox 2005 2300 3591 2372">
     <span class='ocr_line' id='line_1_83' title="bbox 2005 2300 3591 2372; baseline 0.006 -21"><span class='ocrx_word' id='word_1_665' title='bbox 2005 2310 2224 2369; x_wconf 90' lang='lat' dir='ltr'><strong>propter</strong></span> <span class='ocrx_word' id='word_1_666' title='bbox 2252 2300 2611 2372; x_wconf 87' lang='lat' dir='ltr'><strong>evangelium,</strong></span> <span class='ocrx_word' id='word_1_667' title='bbox 2635 2300 2735 2357; x_wconf 91' lang='lat' dir='ltr'><strong>hoc</strong></span> <span class='ocrx_word' id='word_1_668' title='bbox 2759 2317 2972 2372; x_wconf 87' lang='lat' dir='ltr'><strong>quoque</strong></span> <span class='ocrx_word' id='word_1_669' title='bbox 3001 2302 3150 2372; x_wconf 90' lang='lat' dir='ltr'><strong>ponit</strong></span> <span class='ocrx_word' id='word_1_670' title='bbox 3178 2319 3299 2358; x_wconf 92' lang='lat' dir='ltr'><strong>cum</strong></span> <span class='ocrx_word' id='word_1_671' title='bbox 3330 2305 3452 2359; x_wconf 89' lang='lat' dir='ltr'><strong>illis.</strong></span> <span class='ocrx_word' id='word_1_672' title='bbox 3474 2305 3591 2360; x_wconf 85' lang='lat' dir='ltr'><strong>Sic-</strong></span> 
     </span>
    </p>
   </div>
   <div class='ocr_carea' id='block_1_84' title="bbox 2006 2390 3594 2467">
    <p class='ocr_par' dir='ltr' id='par_1_84' title="bbox 2006 2390 3594 2467">
     <span class='ocr_line' id='line_1_84' title="bbox 2006 2390 3594 2467; baseline 0.005 -24"><span class='ocrx_word' id='word_1_673' title='bbox 2006 2399 2063 2444; x_wconf 92' lang='lat' dir='ltr'><strong>ut</strong></span> <span class='ocrx_word' id='word_1_674' title='bbox 2105 2390 2246 2446; x_wconf 92' lang='lat' dir='ltr'><strong>enim</strong></span> <span class='ocrx_word' id='word_1_675' title='bbox 2272 2433 2288 2457; x_wconf 96' lang='lat'><strong>,</strong></span> <span class='ocrx_word' id='word_1_676' title='bbox 2319 2391 2524 2460; x_wconf 90' lang='lat' dir='ltr'><strong>inquit,</strong></span> <span class='ocrx_word' id='word_1_677' title='bbox 2559 2391 3214 2465; x_wconf 25' lang='lat' dir='ltr'><strong>Mandatalsupergressus</strong></span> <span class='ocrx_word' id='word_1_678' title='bbox 3249 2411 3401 2461; x_wconf 89' lang='lat' dir='ltr'><strong>sum;</strong></span> <span class='ocrx_word' id='word_1_679' title='bbox 3437 2396 3594 2467; x_wconf 86' lang='lat' dir='ltr'><strong>idque</strong></span> 
     </span>
    </p>
   </div>
   <div class='ocr_carea' id='block_1_85' title="bbox 2005 2483 3594 2559">
    <p class='ocr_par' dir='ltr' id='par_1_85' title="bbox 2005 2483 3594 2559">
     <span class='ocr_line' id='line_1_85' title="bbox 2005 2483 3594 2559; baseline 0.008 -25"><span class='ocrx_word' id='word_1_680' title='bbox 2005 2497 2124 2536; x_wconf 90' lang='lat' dir='ltr'><strong>cum</strong></span> <span class='ocrx_word' id='word_1_681' title='bbox 2152 2497 2256 2537; x_wconf 91' lang='lat' dir='ltr'><strong>non</strong></span> <span class='ocrx_word' id='word_1_682' title='bbox 2288 2483 2406 2540; x_wconf 89' lang='lat' dir='ltr'><strong>leve</strong></span> <span class='ocrx_word' id='word_1_683' title='bbox 2438 2484 2568 2539; x_wconf 90' lang='lat' dir='ltr'><strong>illud</strong></span> <span class='ocrx_word' id='word_1_684' title='bbox 2598 2486 2864 2554; x_wconf 89' lang='lat' dir='ltr'><strong>negotium</strong></span> <span class='ocrx_word' id='word_1_685' title='bbox 2895 2497 3040 2543; x_wconf 90' lang='lat' dir='ltr'><strong>esset</strong></span> <span class='ocrx_word' id='word_1_686' title='bbox 3073 2489 3282 2559; x_wconf 81' lang='lat' dir='ltr'><strong>(Omnia</strong></span> <span class='ocrx_word' id='word_1_687' title='bbox 3318 2491 3483 2557; x_wconf 89' lang='lat' dir='ltr'><strong>enim,</strong></span> <span class='ocrx_word' id='word_1_688' title='bbox 3514 2492 3594 2546; x_wconf 58' lang='lat' dir='ltr'><strong>in.</strong></span> 
     </span>
    </p>
   </div>
   <div class='ocr_carea' id='block_1_86' title="bbox 2006 2569 3594 2642">
    <p class='ocr_par' dir='ltr' id='par_1_86' title="bbox 2006 2569 3594 2642">
     <span class='ocr_line' id='line_1_86' title="bbox 2006 2569 3594 2642; baseline 0.008 -21"><span class='ocrx_word' id='word_1_689' title='bbox 2006 2569 2142 2642; x_wconf 87' lang='lat' dir='ltr'><strong>quit,</strong></span> <span class='ocrx_word' id='word_1_690' title='bbox 2171 2572 2499 2640; x_wconf 82' lang='lat' dir='ltr'><strong>sustinemus)</strong></span> <span class='ocrx_word' id='word_1_691' title='bbox 2524 2592 2536 2627; x_wconf 96' lang='lat'><strong>:</strong></span> <span class='ocrx_word' id='word_1_692' title='bbox 2568 2575 2638 2629; x_wconf 90' lang='lat' dir='ltr'><strong>ita</strong></span> <span class='ocrx_word' id='word_1_693' title='bbox 2666 2585 2720 2630; x_wconf 91' lang='lat' dir='ltr'><strong>et</strong></span> <span class='ocrx_word' id='word_1_694' title='bbox 2749 2591 2891 2631; x_wconf 91' lang='lat' dir='ltr'><strong>nunc</strong></span> <span class='ocrx_word' id='word_1_695' title='bbox 2916 2577 3142 2632; x_wconf 91' lang='lat' dir='ltr'><strong>multum</strong></span> <span class='ocrx_word' id='word_1_696' title='bbox 3174 2581 3414 2635; x_wconf 86' lang='lat' dir='ltr'><strong>sustineo</strong></span> <span class='ocrx_word' id='word_1_697' title='bbox 3441 2582 3594 2636; x_wconf 86' lang='lat' dir='ltr'><strong>labu-</strong></span> 
     </span>
    </p>
   </div>
   <div class='ocr_carea' id='block_1_87' title="bbox 2009 2669 3597 2736">
    <p class='ocr_par' dir='ltr' id='par_1_87' title="bbox 2009 2669 3597 2736">
     <span class='ocr_line' id='line_1_87' title="bbox 2009 2669 3597 2736; baseline 0.005 -18"><span class='ocrx_word' id='word_1_698' title='bbox 2009 2681 2121 2719; x_wconf 90' lang='lat' dir='ltr'><strong>rem</strong></span> <span class='ocrx_word' id='word_1_699' title='bbox 2149 2706 2164 2730; x_wconf 94' lang='lat'><strong>,</strong></span> <span class='ocrx_word' id='word_1_700' title='bbox 2214 2675 2274 2719; x_wconf 90' lang='lat' dir='ltr'><strong>ut</strong></span> <span class='ocrx_word' id='word_1_701' title='bbox 2321 2675 2686 2736; x_wconf 90' lang='lat' dir='ltr'><strong>temperanter</strong></span> <span class='ocrx_word' id='word_1_702' title='bbox 2732 2671 2926 2723; x_wconf 86' lang='lat' dir='ltr'><strong>vivam.</strong></span> <span class='ocrx_word' id='word_1_703' title='bbox 2959 2669 3092 2725; x_wconf 87' lang='lat' dir='ltr'><strong>Nam</strong></span> <span class='ocrx_word' id='word_1_704' title='bbox 3139 2673 3239 2726; x_wconf 90' lang='lat' dir='ltr'><strong>etsi</strong></span> <span class='ocrx_word' id='word_1_705' title='bbox 3285 2689 3391 2728; x_wconf 91' lang='lat' dir='ltr'><strong>non</strong></span> <span class='ocrx_word' id='word_1_706' title='bbox 3442 2673 3597 2728; x_wconf 82' lang='lat' dir='ltr'><strong>facile</strong></span> 
     </span>
    </p>
   </div>
   <div class='ocr_carea' id='block_1_88' title="bbox 2011 2755 3596 2833">
    <p class='ocr_par' dir='ltr' id='par_1_88' title="bbox 2011 2755 3596 2833">
     <span class='ocr_line' id='line_1_88' title="bbox 2011 2755 3596 2833; baseline 0.008 -26"><span class='ocrx_word' id='word_1_707' title='bbox 2011 2755 2199 2825; x_wconf 89' lang='lat' dir='ltr'><strong>litigari</strong></span> <span class='ocrx_word' id='word_1_708' title='bbox 2251 2767 2428 2825; x_wconf 86' lang='lat' dir='ltr'><strong>potest</strong></span> <span class='ocrx_word' id='word_1_709' title='bbox 2456 2772 2577 2810; x_wconf 91' lang='lat' dir='ltr'><strong>cum</strong></span> <span class='ocrx_word' id='word_1_710' title='bbox 2609 2758 2902 2826; x_wconf 83' lang='lat' dir='ltr'><strong>cupiditate</strong></span> <span class='ocrx_word' id='word_1_711' title='bbox 2946 2769 3001 2814; x_wconf 92' lang='lat' dir='ltr'><strong>et</strong></span> <span class='ocrx_word' id='word_1_712' title='bbox 3045 2764 3245 2815; x_wconf 82' lang='lat' dir='ltr'><strong>ventris</strong></span> <span class='ocrx_word' id='word_1_713' title='bbox 3275 2765 3556 2833; x_wconf 77' lang='lat' dir='ltr'><strong>tyrannide</strong></span> <span class='ocrx_word' id='word_1_714' title='bbox 3578 2806 3596 2832; x_wconf 91' lang='lat'><strong>,</strong></span> 
     </span>
    </p>
   </div>
   <div class='ocr_carea' id='block_1_89' title="bbox 2009 2846 3595 2924">
    <p class='ocr_par' dir='ltr' id='par_1_89' title="bbox 2009 2846 3595 2924">
     <span class='ocr_line' id='line_1_89' title="bbox 2009 2846 3595 2924; baseline 0.006 -24"><span class='ocrx_word' id='word_1_715' title='bbox 2009 2856 2240 2901; x_wconf 89' lang='lat' dir='ltr'><strong>attamen</strong></span> <span class='ocrx_word' id='word_1_716' title='bbox 2269 2846 2436 2917; x_wconf 84' lang='lat' dir='ltr'><strong>ipsam</strong></span> <span class='ocrx_word' id='word_1_717' title='bbox 2471 2849 2720 2914; x_wconf 89' lang='lat' dir='ltr'><strong>refreno,</strong></span> <span class='ocrx_word' id='word_1_718' title='bbox 2753 2865 2853 2904; x_wconf 89' lang='lat' dir='ltr'><strong>nec</strong></span> <span class='ocrx_word' id='word_1_719' title='bbox 2890 2866 2977 2905; x_wconf 91' lang='lat' dir='ltr'><strong>me</strong></span> <span class='ocrx_word' id='word_1_720' title='bbox 3019 2852 3066 2905; x_wconf 90' lang='lat' dir='ltr'><strong>ei</strong></span> <span class='ocrx_word' id='word_1_721' title='bbox 3109 2851 3250 2907; x_wconf 90' lang='lat' dir='ltr'><strong>dedo</strong></span> <span class='ocrx_word' id='word_1_722' title='bbox 3275 2857 3595 2924; x_wconf 69' lang='lat' dir='ltr'><strong>aegritudini,</strong></span> 
     </span>
    </p>
   </div>
   <div class='ocr_carea' id='block_1_90' title="bbox 2011 2938 3558 3009">
    <p class='ocr_par' dir='ltr' id='par_1_90' title="bbox 2011 2938 3558 3009">
     <span class='ocr_line' id='line_1_90' title="bbox 2011 2938 3558 3009; baseline 0.006 -16"><span class='ocrx_word' id='word_1_723' title='bbox 2011 2938 2104 2994; x_wconf 88' lang='lat' dir='ltr'><strong>sed</strong></span> <span class='ocrx_word' id='word_1_724' title='bbox 2132 2955 2345 2995; x_wconf 89' lang='lat' dir='ltr'><strong>omnem</strong></span> <span class='ocrx_word' id='word_1_725' title='bbox 2377 2941 2545 2996; x_wconf 88' lang='lat' dir='ltr'><strong>subeo</strong></span> <span class='ocrx_word' id='word_1_726' title='bbox 2573 2942 2835 3009; x_wconf 86' lang='lat' dir='ltr'><strong>laborem,</strong></span> <span class='ocrx_word' id='word_1_727' title='bbox 2866 2954 2921 2998; x_wconf 91' lang='lat' dir='ltr'><strong>ut</strong></span> <span class='ocrx_word' id='word_1_728' title='bbox 2949 2959 3017 2998; x_wconf 89' lang='lat' dir='ltr'><strong>ne</strong></span> <span class='ocrx_word' id='word_1_729' title='bbox 3047 2945 3116 3000; x_wconf 88' lang='lat' dir='ltr'><strong>ab</strong></span> <span class='ocrx_word' id='word_1_730' title='bbox 3144 2947 3229 3000; x_wconf 90' lang='lat' dir='ltr'><strong>illa</strong></span> <span class='ocrx_word' id='word_1_731' title='bbox 3259 2948 3558 3002; x_wconf 76' lang='lat' dir='ltr'><strong>abstrahar.</strong></span> 
     </span>
    </p>
   </div>
   <div class='ocr_carea' id='block_1_91' title="bbox 2083 3028 3597 3108">
    <p class='ocr_par' dir='ltr' id='par_1_91' title="bbox 2083 3028 3597 3108">
     <span class='ocr_line' id='line_1_91' title="bbox 2083 3028 3597 3108; baseline 0.007 -24"><span class='ocrx_word' id='word_1_732' title='bbox 2083 3030 2138 3085; x_wconf 74' lang='grc'><strong>2.</strong></span> <span class='ocrx_word' id='word_1_733' title='bbox 2182 3028 2262 3086; x_wconf 88' lang='lat' dir='ltr'><strong>Ne</strong></span> <span class='ocrx_word' id='word_1_734' title='bbox 2303 3034 2445 3086; x_wconf 87' lang='lat' dir='ltr'><strong>enim</strong></span> <span class='ocrx_word' id='word_1_735' title='bbox 2482 3034 2678 3102; x_wconf 89' lang='lat' dir='ltr'><strong>putetis</strong></span> <span class='ocrx_word' id='word_1_736' title='bbox 2707 3050 2793 3088; x_wconf 90' lang='lat' dir='ltr'><strong>me</strong></span> <span class='ocrx_word' id='word_1_737' title='bbox 2822 3036 3026 3105; x_wconf 89' lang='lat' dir='ltr'><strong>absque</strong></span> <span class='ocrx_word' id='word_1_738' title='bbox 3056 3037 3270 3108; x_wconf 90' lang='lat' dir='ltr'><strong>negotio</strong></span> <span class='ocrx_word' id='word_1_739' title='bbox 3311 3037 3412 3093; x_wconf 88' lang='lat' dir='ltr'><strong>hoc</strong></span> <span class='ocrx_word' id='word_1_740' title='bbox 3459 3055 3597 3108; x_wconf 62' lang='lat' dir='ltr'><strong>przer</strong></span> 
     </span>
    </p>
   </div>
   <div class='ocr_carea' id='block_1_92' title="bbox 2012 3121 3598 3200">
    <p class='ocr_par' dir='ltr' id='par_1_92' title="bbox 2012 3121 3598 3200">
     <span class='ocr_line' id='line_1_92' title="bbox 2012 3121 3598 3200; baseline 0.006 -25"><span class='ocrx_word' id='word_1_741' title='bbox 2012 3132 2174 3177; x_wconf 83' lang='lat' dir='ltr'><strong>stare.</strong></span> <span class='ocrx_word' id='word_1_742' title='bbox 2197 3121 2328 3178; x_wconf 87' lang='lat' dir='ltr'><strong>Nam</strong></span> <span class='ocrx_word' id='word_1_743' title='bbox 2344 3140 2533 3180; x_wconf 90' lang='lat' dir='ltr'><strong>cursus</strong></span> <span class='ocrx_word' id='word_1_744' title='bbox 2550 3137 2631 3180; x_wconf 90' lang='lat' dir='ltr'><strong>est</strong></span> <span class='ocrx_word' id='word_1_745' title='bbox 2652 3136 2705 3180; x_wconf 92' lang='lat' dir='ltr'><strong>ct</strong></span> <span class='ocrx_word' id='word_1_746' title='bbox 2726 3127 2902 3180; x_wconf 91' lang='lat' dir='ltr'><strong>omnis</strong></span> <span class='ocrx_word' id='word_1_747' title='bbox 2931 3142 3120 3197; x_wconf 71' lang='lat' dir='ltr'><strong>pugna:</strong></span> <span class='ocrx_word' id='word_1_748' title='bbox 3139 3145 3307 3200; x_wconf 88' lang='lat' dir='ltr'><strong>genus</strong></span> <span class='ocrx_word' id='word_1_749' title='bbox 3322 3140 3372 3185; x_wconf 88' lang='lat' dir='ltr'><strong>et</strong></span> <span class='ocrx_word' id='word_1_750' title='bbox 3395 3141 3598 3186; x_wconf 68' lang='lat' dir='ltr'><strong>natursc</strong></span> 
     </span>
    </p>
   </div>
   <div class='ocr_carea' id='block_1_93' title="bbox 2015 3212 3600 3292">
    <p class='ocr_par' dir='ltr' id='par_1_93' title="bbox 2015 3212 3600 3292">
     <span class='ocr_line' id='line_1_93' title="bbox 2015 3212 3600 3292; baseline 0.008 -27"><span class='ocrx_word' id='word_1_751' title='bbox 2015 3215 2253 3284; x_wconf 88' lang='lat' dir='ltr'><strong>tyrannis</strong></span> <span class='ocrx_word' id='word_1_752' title='bbox 2277 3212 2587 3285; x_wconf 88' lang='lat' dir='ltr'><strong>frequenter</strong></span> <span class='ocrx_word' id='word_1_753' title='bbox 2621 3217 2920 3288; x_wconf 85' lang='lat' dir='ltr'><strong>insurgens,</strong></span> <span class='ocrx_word' id='word_1_754' title='bbox 2952 3229 3008 3274; x_wconf 91' lang='lat' dir='ltr'><strong>ut</strong></span> <span class='ocrx_word' id='word_1_755' title='bbox 3033 3217 3331 3276; x_wconf 80' lang='lat' dir='ltr'><strong>libertatem</strong></span> <span class='ocrx_word' id='word_1_756' title='bbox 3348 3237 3600 3292; x_wconf 83' lang='lat' dir='ltr'><strong>assequa-</strong></span> 
     </span>
    </p>
   </div>
   <div class='ocr_carea' id='block_1_94' title="bbox 2015 3305 3600 3376">
    <p class='ocr_par' dir='ltr' id='par_1_94' title="bbox 2015 3305 3600 3376">
     <span class='ocr_line' id='line_1_94' title="bbox 2015 3305 3600 3376; baseline 0.008 -18"><span class='ocrx_word' id='word_1_757' title='bbox 2015 3314 2100 3359; x_wconf 93' lang='lat' dir='ltr'><strong>tur</strong></span> <span class='ocrx_word' id='word_1_758' title='bbox 2127 3321 2141 3357; x_wconf 91' lang='lat'><strong>:</strong></span> <span class='ocrx_word' id='word_1_759' title='bbox 2173 3316 2229 3360; x_wconf 90' lang='lat' dir='ltr'><strong>at</strong></span> <span class='ocrx_word' id='word_1_760' title='bbox 2258 3306 2400 3362; x_wconf 90' lang='lat' dir='ltr'><strong>illam</strong></span> <span class='ocrx_word' id='word_1_761' title='bbox 2435 3324 2539 3363; x_wconf 91' lang='lat' dir='ltr'><strong>non</strong></span> <span class='ocrx_word' id='word_1_762' title='bbox 2580 3305 2697 3365; x_wconf 90' lang='lat' dir='ltr'><strong>fero</strong></span> <span class='ocrx_word' id='word_1_763' title='bbox 2723 3351 2738 3376; x_wconf 92' lang='lat'><strong>,</strong></span> <span class='ocrx_word' id='word_1_764' title='bbox 2787 3311 2882 3366; x_wconf 81' lang='lat' dir='ltr'><strong>sed</strong></span> <span class='ocrx_word' id='word_1_765' title='bbox 2927 3327 3152 3368; x_wconf 89' lang='lat' dir='ltr'><strong>coerceo</strong></span> <span class='ocrx_word' id='word_1_766' title='bbox 3182 3325 3236 3368; x_wconf 93' lang='lat' dir='ltr'><strong>ct</strong></span> <span class='ocrx_word' id='word_1_767' title='bbox 3265 3330 3384 3370; x_wconf 89' lang='lat' dir='ltr'><strong>cum</strong></span> <span class='ocrx_word' id='word_1_768' title='bbox 3420 3319 3600 3372; x_wconf 84' lang='lat' dir='ltr'><strong>multis</strong></span> 
     </span>
    </p>
   </div>
   <div class='ocr_carea' id='block_1_95' title="bbox 2013 3396 3600 3478">
    <p class='ocr_par' dir='ltr' id='par_1_95' title="bbox 2013 3396 3600 3478">
     <span class='ocr_line' id='line_1_95' title="bbox 2013 3396 3600 3478; baseline 0.008 -28"><span class='ocrx_word' id='word_1_769' title='bbox 2013 3396 2301 3452; x_wconf 87' lang='lat' dir='ltr'><strong>sudoribus</strong></span> <span class='ocrx_word' id='word_1_770' title='bbox 2330 3398 2542 3470; x_wconf 78' lang='lat' dir='ltr'><strong>sultigo.</strong></span> <span class='ocrx_word' id='word_1_771' title='bbox 2567 3398 2691 3454; x_wconf 59' lang='lat' dir='ltr'><strong>Haec</strong></span> <span class='ocrx_word' id='word_1_772' title='bbox 2724 3416 2884 3470; x_wconf 89' lang='lat' dir='ltr'><strong>porro</strong></span> <span class='ocrx_word' id='word_1_773' title='bbox 2911 3402 3060 3470; x_wconf 87' lang='lat' dir='ltr'><strong>dicit,</strong></span> <span class='ocrx_word' id='word_1_774' title='bbox 3083 3414 3142 3459; x_wconf 92' lang='lat' dir='ltr'><strong>ut</strong></span> <span class='ocrx_word' id='word_1_775' title='bbox 3168 3421 3325 3460; x_wconf 91' lang='lat' dir='ltr'><strong>nemo</strong></span> <span class='ocrx_word' id='word_1_776' title='bbox 3350 3407 3600 3478; x_wconf 80' lang='lat' dir='ltr'><strong>desperet</strong></span> 
     </span>
    </p>
   </div>
   <div class='ocr_carea' id='block_1_96' title="bbox 2016 3489 3602 3567">
    <p class='ocr_par' dir='ltr' id='par_1_96' title="bbox 2016 3489 3602 3567">
     <span class='ocr_line' id='line_1_96' title="bbox 2016 3489 3602 3567; baseline 0.008 -25"><span class='ocrx_word' id='word_1_777' title='bbox 2016 3489 2068 3542; x_wconf 93' lang='lat' dir='ltr'><strong>in</strong></span> <span class='ocrx_word' id='word_1_778' title='bbox 2098 3490 2453 3558; x_wconf 88' lang='lat' dir='ltr'><strong>suscipiendis</strong></span> <span class='ocrx_word' id='word_1_779' title='bbox 2500 3507 2595 3560; x_wconf 88' lang='lat' dir='ltr'><strong>pro</strong></span> <span class='ocrx_word' id='word_1_780' title='bbox 2624 3492 2818 3548; x_wconf 87' lang='lat' dir='ltr'><strong>virtute</strong></span> <span class='ocrx_word' id='word_1_781' title='bbox 2863 3497 3264 3562; x_wconf 87' lang='lat' dir='ltr'><strong>certaminibus,</strong></span> <span class='ocrx_word' id='word_1_782' title='bbox 3297 3500 3419 3567; x_wconf 89' lang='lat' dir='ltr'><strong>quia</strong></span> <span class='ocrx_word' id='word_1_783' title='bbox 3450 3502 3602 3554; x_wconf 88' lang='lat' dir='ltr'><strong>labo-</strong></span> 
     </span>
    </p>
   </div>
   <div class='ocr_carea' id='block_1_97' title="bbox 2014 3579 3602 3656">
    <p class='ocr_par' dir='ltr' id='par_1_97' title="bbox 2014 3579 3602 3656">
     <span class='ocr_line' id='line_1_97' title="bbox 2014 3579 3602 3656; baseline 0.007 -22"><span class='ocrx_word' id='word_1_784' title='bbox 2014 3581 2156 3634; x_wconf 87' lang='lat' dir='ltr'><strong>riosa</strong></span> <span class='ocrx_word' id='word_1_785' title='bbox 2183 3597 2269 3636; x_wconf 89' lang='lat' dir='ltr'><strong>res</strong></span> <span class='ocrx_word' id='word_1_786' title='bbox 2297 3590 2410 3636; x_wconf 89' lang='lat' dir='ltr'><strong>est:</strong></span> <span class='ocrx_word' id='word_1_787' title='bbox 2442 3579 2563 3636; x_wconf 89' lang='lat' dir='ltr'><strong>ideo</strong></span> <span class='ocrx_word' id='word_1_788' title='bbox 2590 3584 2682 3647; x_wconf 88' lang='lat' dir='ltr'><strong>ait,</strong></span> <span class='ocrx_word' id='word_1_789' title='bbox 2716 3583 2920 3656; x_wconf 83' lang='lat' dir='ltr'><strong>Castigo</strong></span> <span class='ocrx_word' id='word_1_790' title='bbox 2967 3596 3012 3639; x_wconf 90' lang='lat' dir='ltr'><strong>et</strong></span> <span class='ocrx_word' id='word_1_791' title='bbox 3061 3589 3112 3639; x_wconf 84' lang='lat' dir='ltr'><strong>in</strong></span> <span class='ocrx_word' id='word_1_792' title='bbox 3151 3590 3437 3643; x_wconf 75' lang='lat' dir='ltr'><strong>servitutem</strong></span> <span class='ocrx_word' id='word_1_793' title='bbox 3482 3593 3602 3645; x_wconf 82' lang='lat' dir='ltr'><strong>red-</strong></span> 
     </span>
    </p>
   </div>
   <div class='ocr_carea' id='block_1_98' title="bbox 2015 3671 3605 3740">
    <p class='ocr_par' dir='ltr' id='par_1_98' title="bbox 2015 3671 3605 3740">
     <span class='ocr_line' id='line_1_98' title="bbox 2015 3671 3605 3740; baseline 0.008 -16"><span class='ocrx_word' id='word_1_794' title='bbox 2015 3672 2120 3740; x_wconf 88' lang='lat' dir='ltr'><strong>igo.</strong></span> <span class='ocrx_word' id='word_1_795' title='bbox 2191 3671 2308 3726; x_wconf 87' lang='lat' dir='ltr'><strong>Non</strong></span> <span class='ocrx_word' id='word_1_796' title='bbox 2357 3671 2526 3736; x_wconf 88' lang='lat' dir='ltr'><strong>dixit,</strong></span> <span class='ocrx_word' id='word_1_797' title='bbox 2593 3672 2826 3740; x_wconf 86' lang='lat' dir='ltr'><strong>Occido;</strong></span> <span class='ocrx_word' id='word_1_798' title='bbox 2881 3690 2986 3730; x_wconf 89' lang='lat' dir='ltr'><strong>non</strong></span> <span class='ocrx_word' id='word_1_799' title='bbox 3053 3677 3196 3731; x_wconf 88' lang='lat' dir='ltr'><strong>enim</strong></span> <span class='ocrx_word' id='word_1_800' title='bbox 3263 3679 3475 3734; x_wconf 88' lang='lat' dir='ltr'><strong>iuitnica</strong></span> <span class='ocrx_word' id='word_1_801' title='bbox 3520 3692 3605 3737; x_wconf 89' lang='lat' dir='ltr'><strong>est</strong></span> 
     </span>
    </p>
   </div>
   <div class='ocr_carea' id='block_1_99' title="bbox 2015 3762 3604 3840">
    <p class='ocr_par' dir='ltr' id='par_1_99' title="bbox 2015 3762 3604 3840">
     <span class='ocr_line' id='line_1_99' title="bbox 2015 3762 3604 3840; baseline 0.006 -24"><span class='ocrx_word' id='word_1_802' title='bbox 2015 3778 2180 3829; x_wconf 92' lang='lat' dir='ltr'><strong>caro;</strong></span> <span class='ocrx_word' id='word_1_803' title='bbox 2227 3763 2342 3829; x_wconf 89' lang='lat' dir='ltr'><strong>sed,</strong></span> <span class='ocrx_word' id='word_1_804' title='bbox 2390 3762 2593 3835; x_wconf 79' lang='lat' dir='ltr'><strong>Castigo</strong></span> <span class='ocrx_word' id='word_1_805' title='bbox 2619 3773 2664 3819; x_wconf 88' lang='lat' dir='ltr'><strong>et</strong></span> <span class='ocrx_word' id='word_1_806' title='bbox 2693 3765 2744 3818; x_wconf 86' lang='lat' dir='ltr'><strong>in</strong></span> <span class='ocrx_word' id='word_1_807' title='bbox 2775 3767 3058 3820; x_wconf 79' lang='lat' dir='ltr'><strong>servitutem</strong></span> <span class='ocrx_word' id='word_1_808' title='bbox 3083 3769 3291 3839; x_wconf 85' lang='lat' dir='ltr'><strong>redigo,</strong></span> <span class='ocrx_word' id='word_1_809' title='bbox 3333 3771 3472 3840; x_wconf 91' lang='lat' dir='ltr'><strong>quod</strong></span> <span class='ocrx_word' id='word_1_810' title='bbox 3503 3773 3604 3826; x_wconf 86' lang='lat' dir='ltr'><strong>do-</strong></span> 
     </span>
    </p>
   </div>
   <div class='ocr_carea' id='block_1_100' title="bbox 2017 3857 3603 3935">
    <p class='ocr_par' dir='ltr' id='par_1_100' title="bbox 2017 3857 3603 3935">
     <span class='ocr_line' id='line_1_100' title="bbox 2017 3857 3603 3935; baseline 0.006 -25"><span class='ocrx_word' id='word_1_811' title='bbox 2017 3857 2145 3911; x_wconf 92' lang='lat' dir='ltr'><strong>mini</strong></span> <span class='ocrx_word' id='word_1_812' title='bbox 2177 3868 2278 3920; x_wconf 87' lang='lat' dir='ltr'><strong>est,</strong></span> <span class='ocrx_word' id='word_1_813' title='bbox 2309 3873 2414 3911; x_wconf 91' lang='lat' dir='ltr'><strong>non</strong></span> <span class='ocrx_word' id='word_1_814' title='bbox 2444 3857 2642 3913; x_wconf 89' lang='lat' dir='ltr'><strong>inimici</strong></span> <span class='ocrx_word' id='word_1_815' title='bbox 2668 3874 2682 3922; x_wconf 92' lang='lat'><strong>;</strong></span> <span class='ocrx_word' id='word_1_816' title='bbox 2706 3858 2961 3924; x_wconf 89' lang='lat' dir='ltr'><strong>doctoris,</strong></span> <span class='ocrx_word' id='word_1_817' title='bbox 2991 3877 3094 3914; x_wconf 90' lang='lat' dir='ltr'><strong>non</strong></span> <span class='ocrx_word' id='word_1_818' title='bbox 3126 3861 3328 3924; x_wconf 87' lang='lat' dir='ltr'><strong>hostis:</strong></span> <span class='ocrx_word' id='word_1_819' title='bbox 3357 3863 3603 3935; x_wconf 78' lang='lat' dir='ltr'><strong>pa-dotri-</strong></span> 
     </span>
    </p>
   </div>
   <div class='ocr_carea' id='block_1_101' title="bbox 2018 3948 3600 4022">
    <p class='ocr_par' dir='ltr' id='par_1_101' title="bbox 2018 3948 3600 4022">
     <span class='ocr_line' id='line_1_101' title="bbox 2018 3948 3600 4022; baseline 0.005 -20"><span class='ocrx_word' id='word_1_820' title='bbox 2018 3949 2122 4014; x_wconf 76' lang='lat' dir='ltr'><strong>hte,</strong></span> <span class='ocrx_word' id='word_1_821' title='bbox 2156 3965 2261 4002; x_wconf 91' lang='lat' dir='ltr'><strong>non</strong></span> <span class='ocrx_word' id='word_1_822' title='bbox 2291 3949 2610 4004; x_wconf 85' lang='lat' dir='ltr'><strong>adversarii.</strong></span> <span class='ocrx_word' id='word_1_823' title='bbox 2654 3948 2736 4004; x_wconf 85' lang='lat' dir='ltr'><strong>Ne</strong></span> <span class='ocrx_word' id='word_1_824' title='bbox 2774 3955 2907 4021; x_wconf 80' lang='lat' dir='ltr'><strong>forte</strong></span> <span class='ocrx_word' id='word_1_825' title='bbox 2934 3969 3048 4005; x_wconf 87' lang='lat' dir='ltr'><strong>cum</strong></span> <span class='ocrx_word' id='word_1_826' title='bbox 3079 3953 3194 4007; x_wconf 87' lang='lat' dir='ltr'><strong>aliis</strong></span> <span class='ocrx_word' id='word_1_827' title='bbox 3225 3956 3562 4022; x_wconf 74' lang='lat' dir='ltr'><strong>pra&#39;dicnvero</strong></span> <span class='ocrx_word' id='word_1_828' title='bbox 3584 3997 3600 4022; x_wconf 92' lang='lat'><strong>,</strong></span> 
     </span>
    </p>
   </div>
   <div class='ocr_carea' id='block_1_102' title="bbox 2016 4039 3604 4116">
    <p class='ocr_par' dir='ltr' id='par_1_102' title="bbox 2016 4039 3604 4116">
     <span class='ocr_line' id='line_1_102' title="bbox 2016 4039 3604 4116; baseline 0.006 -24"><span class='ocrx_word' id='word_1_829' title='bbox 2016 4041 2126 4109; x_wconf 80' lang='lat' dir='ltr'><strong>ipse</strong></span> <span class='ocrx_word' id='word_1_830' title='bbox 2153 4039 2393 4109; x_wconf 85' lang='lat' dir='ltr'><strong>reprobus</strong></span> <span class='ocrx_word' id='word_1_831' title='bbox 2421 4041 2624 4110; x_wconf 63' lang='lat' dir='ltr'><strong>afficior.</strong></span> <span class='ocrx_word' id='word_1_832' title='bbox 2671 4041 2726 4096; x_wconf 90' lang='lat' dir='ltr'><strong>Si</strong></span> <span class='ocrx_word' id='word_1_833' title='bbox 2769 4057 2896 4098; x_wconf 88' lang='lat' dir='ltr'><strong>vero</strong></span> <span class='ocrx_word' id='word_1_834' title='bbox 2923 4042 3119 4098; x_wconf 83' lang='lat' dir='ltr'><strong>Paulus</strong></span> <span class='ocrx_word' id='word_1_835' title='bbox 3156 4045 3258 4099; x_wconf 90' lang='lat' dir='ltr'><strong>hoc</strong></span> <span class='ocrx_word' id='word_1_836' title='bbox 3301 4045 3474 4100; x_wconf 90' lang='lat' dir='ltr'><strong>timuit</strong></span> <span class='ocrx_word' id='word_1_837' title='bbox 3514 4050 3604 4116; x_wconf 90' lang='lat' dir='ltr'><strong>qni</strong></span> 
     </span>
    </p>
   </div>
   <div class='ocr_carea' id='block_1_103' title="bbox 2019 4131 3608 4206">
    <p class='ocr_par' dir='ltr' id='par_1_103' title="bbox 2019 4131 3608 4206">
     <span class='ocr_line' id='line_1_103' title="bbox 2019 4131 3608 4206; baseline 0.005 -20"><span class='ocrx_word' id='word_1_838' title='bbox 2019 4141 2099 4186; x_wconf 91' lang='lat' dir='ltr'><strong>tot</strong></span> <span class='ocrx_word' id='word_1_839' title='bbox 2143 4131 2389 4186; x_wconf 89' lang='lat' dir='ltr'><strong>homines</strong></span> <span class='ocrx_word' id='word_1_840' title='bbox 2429 4133 2650 4197; x_wconf 86' lang='lat' dir='ltr'><strong>docuit;</strong></span> <span class='ocrx_word' id='word_1_841' title='bbox 2693 4143 2746 4188; x_wconf 93' lang='lat' dir='ltr'><strong>et</strong></span> <span class='ocrx_word' id='word_1_842' title='bbox 2790 4136 2963 4189; x_wconf 89' lang='lat' dir='ltr'><strong>timuit</strong></span> <span class='ocrx_word' id='word_1_843' title='bbox 2994 4147 3271 4206; x_wconf 87' lang='lat' dir='ltr'><strong>postquam</strong></span> <span class='ocrx_word' id='word_1_844' title='bbox 3303 4139 3608 4206; x_wconf 63' lang='lat' dir='ltr'><strong>praâ€˜dicavit</strong></span> 
     </span>
    </p>
   </div>
   <div class='ocr_carea' id='block_1_104' title="bbox 2019 4222 3607 4297">
    <p class='ocr_par' dir='ltr' id='par_1_104' title="bbox 2019 4222 3607 4297">
     <span class='ocr_line' id='line_1_104' title="bbox 2019 4222 3607 4297; baseline 0.004 -19"><span class='ocrx_word' id='word_1_845' title='bbox 2019 4232 2073 4278; x_wconf 90' lang='lat' dir='ltr'><strong>et</strong></span> <span class='ocrx_word' id='word_1_846' title='bbox 2110 4222 2281 4278; x_wconf 90' lang='lat' dir='ltr'><strong>factus</strong></span> <span class='ocrx_word' id='word_1_847' title='bbox 2323 4235 2406 4279; x_wconf 85' lang='lat' dir='ltr'><strong>est</strong></span> <span class='ocrx_word' id='word_1_848' title='bbox 2446 4228 2703 4294; x_wconf 78' lang='lat' dir='ltr'><strong>angelus,</strong></span> <span class='ocrx_word' id='word_1_849' title='bbox 2753 4227 3022 4296; x_wconf 83' lang='lat' dir='ltr'><strong>totiusque</strong></span> <span class='ocrx_word' id='word_1_850' title='bbox 3068 4229 3212 4282; x_wconf 88' lang='lat' dir='ltr'><strong>orbis</strong></span> <span class='ocrx_word' id='word_1_851' title='bbox 3260 4232 3607 4297; x_wconf 88' lang='lat' dir='ltr'><strong>patrocinium</strong></span> 
     </span>
    </p>
   </div>
   <div class='ocr_carea' id='block_1_105' title="bbox 2020 4315 3610 4387">
    <p class='ocr_par' dir='ltr' id='par_1_105' title="bbox 2020 4315 3610 4387">
     <span class='ocr_line' id='line_1_105' title="bbox 2020 4315 3610 4387; baseline 0.003 -19"><span class='ocrx_word' id='word_1_852' title='bbox 2020 4315 2275 4384; x_wconf 86' lang='lat' dir='ltr'><strong>suscepit,</strong></span> <span class='ocrx_word' id='word_1_853' title='bbox 2306 4315 2431 4383; x_wconf 86' lang='lat' dir='ltr'><strong>quid</strong></span> <span class='ocrx_word' id='word_1_854' title='bbox 2467 4331 2562 4368; x_wconf 90' lang='lat' dir='ltr'><strong>nos</strong></span> <span class='ocrx_word' id='word_1_855' title='bbox 2590 4316 2929 4370; x_wconf 81' lang='lat' dir='ltr'><strong>dixerimus?</strong></span> <span class='ocrx_word' id='word_1_856' title='bbox 2966 4333 3032 4370; x_wconf 89' lang='lat' dir='ltr'><strong>ne</strong></span> <span class='ocrx_word' id='word_1_857' title='bbox 3068 4318 3266 4387; x_wconf 88' lang='lat' dir='ltr'><strong>putetis</strong></span> <span class='ocrx_word' id='word_1_858' title='bbox 3302 4321 3445 4372; x_wconf 83' lang='lat' dir='ltr'><strong>enim</strong></span> <span class='ocrx_word' id='word_1_859' title='bbox 3472 4362 3488 4385; x_wconf 89' lang='lat'><strong>,</strong></span> <span class='ocrx_word' id='word_1_860' title='bbox 3532 4321 3610 4373; x_wconf 92' lang='lat' dir='ltr'><strong>in-</strong></span> 
     </span>
    </p>
   </div>
   <div class='ocr_carea' id='block_1_106' title="bbox 2023 4405 3610 4486">
    <p class='ocr_par' dir='ltr' id='par_1_106' title="bbox 2023 4405 3610 4486">
     <span class='ocr_line' id='line_1_106' title="bbox 2023 4405 3610 4486; baseline 0.004 -27"><span class='ocrx_word' id='word_1_861' title='bbox 2023 4405 2327 4486; x_wconf 23' lang='lat' dir='ltr'><strong>quit,.quia</strong></span> <span class='ocrx_word' id='word_1_862' title='bbox 2373 4405 2697 4470; x_wconf 88' lang='lat' dir='ltr'><strong>credidistis,</strong></span> <span class='ocrx_word' id='word_1_863' title='bbox 2741 4407 2844 4460; x_wconf 87' lang='lat' dir='ltr'><strong>hoc</strong></span> <span class='ocrx_word' id='word_1_864' title='bbox 2881 4408 3033 4461; x_wconf 89' lang='lat' dir='ltr'><strong>vobis</strong></span> <span class='ocrx_word' id='word_1_865' title='bbox 3073 4408 3320 4461; x_wconf 82' lang='lat' dir='ltr'><strong>sufï¬cere</strong></span> <span class='ocrx_word' id='word_1_866' title='bbox 3363 4410 3428 4464; x_wconf 85' lang='lat' dir='ltr'><strong>ad</strong></span> <span class='ocrx_word' id='word_1_867' title='bbox 3471 4412 3610 4466; x_wconf 89' lang='lat' dir='ltr'><strong>salu-</strong></span> 
     </span>
    </p>
   </div>
   <div class='ocr_carea' id='block_1_107' title="bbox 2025 4497 3613 4568">
    <p class='ocr_par' dir='ltr' id='par_1_107' title="bbox 2025 4497 3613 4568">
     <span class='ocr_line' id='line_1_107' title="bbox 2025 4497 3613 4568; baseline 0.007 -19"><span class='ocrx_word' id='word_1_868' title='bbox 2025 4507 2154 4551; x_wconf 90' lang='lat' dir='ltr'><strong>tem.</strong></span> <span class='ocrx_word' id='word_1_869' title='bbox 2200 4497 2254 4551; x_wconf 87' lang='lat' dir='ltr'><strong>Si</strong></span> <span class='ocrx_word' id='word_1_870' title='bbox 2297 4498 2440 4550; x_wconf 88' lang='lat' dir='ltr'><strong>enim</strong></span> <span class='ocrx_word' id='word_1_871' title='bbox 2470 4498 2596 4549; x_wconf 88' lang='lat' dir='ltr'><strong>mihi</strong></span> <span class='ocrx_word' id='word_1_872' title='bbox 2626 4497 2968 4565; x_wconf 71' lang='lat' dir='ltr'><strong>praedicasse,</strong></span> <span class='ocrx_word' id='word_1_873' title='bbox 3003 4499 3273 4568; x_wconf 90' lang='lat' dir='ltr'><strong>docuisse,</strong></span> <span class='ocrx_word' id='word_1_874' title='bbox 3305 4504 3613 4560; x_wconf 89' lang='lat' dir='ltr'><strong>innumeros</strong></span> 
     </span>
    </p>
   </div>
   <div class='ocr_carea' id='block_1_108' title="bbox 2024 4587 3615 4665">
    <p class='ocr_par' dir='ltr' id='par_1_108' title="bbox 2024 4587 3615 4665">
     <span class='ocr_line' id='line_1_108' title="bbox 2024 4587 3615 4665; baseline 0.006 -24"><span class='ocrx_word' id='word_1_875' title='bbox 2024 4587 2316 4642; x_wconf 88' lang='lat' dir='ltr'><strong>adduxisse</strong></span> <span class='ocrx_word' id='word_1_876' title='bbox 2357 4604 2462 4642; x_wconf 91' lang='lat' dir='ltr'><strong>non</strong></span> <span class='ocrx_word' id='word_1_877' title='bbox 2507 4589 2638 4642; x_wconf 85' lang='lat' dir='ltr'><strong>satis</strong></span> <span class='ocrx_word' id='word_1_878' title='bbox 2677 4597 2762 4643; x_wconf 89' lang='lat' dir='ltr'><strong>est</strong></span> <span class='ocrx_word' id='word_1_879' title='bbox 2801 4588 2867 4644; x_wconf 91' lang='lat' dir='ltr'><strong>ad</strong></span> <span class='ocrx_word' id='word_1_880' title='bbox 2913 4591 3136 4646; x_wconf 88' lang='lat' dir='ltr'><strong>salutem</strong></span> <span class='ocrx_word' id='word_1_881' title='bbox 3164 4634 3180 4657; x_wconf 90' lang='lat'><strong>,</strong></span> <span class='ocrx_word' id='word_1_882' title='bbox 3230 4594 3330 4647; x_wconf 91' lang='lat' dir='ltr'><strong>nisi</strong></span> <span class='ocrx_word' id='word_1_883' title='bbox 3375 4612 3435 4649; x_wconf 90' lang='lat' dir='ltr'><strong>ea</strong></span> <span class='ocrx_word' id='word_1_884' title='bbox 3494 4614 3615 4665; x_wconf 77' lang='lat' dir='ltr'><strong>qua:</strong></span> 
     </span>
    </p>
   </div>
   <div class='ocr_carea' id='block_1_109' title="bbox 2027 4679 3611 4755">
    <p class='ocr_par' dir='ltr' id='par_1_109' title="bbox 2027 4679 3611 4755">
     <span class='ocr_line' id='line_1_109' title="bbox 2027 4679 3611 4755; baseline 0.005 -22"><span class='ocrx_word' id='word_1_885' title='bbox 2027 4695 2112 4734; x_wconf 90' lang='lat' dir='ltr'><strong>me</strong></span> <span class='ocrx_word' id='word_1_886' title='bbox 2139 4687 2380 4750; x_wconf 90' lang='lat' dir='ltr'><strong>spectant</strong></span> <span class='ocrx_word' id='word_1_887' title='bbox 2409 4680 2678 4750; x_wconf 89' lang='lat' dir='ltr'><strong>inculpata</strong></span> <span class='ocrx_word' id='word_1_888' title='bbox 2711 4679 2980 4750; x_wconf 87' lang='lat' dir='ltr'><strong>proferam</strong></span> <span class='ocrx_word' id='word_1_889' title='bbox 3006 4698 3020 4746; x_wconf 90' lang='lat'><strong>;</strong></span> <span class='ocrx_word' id='word_1_890' title='bbox 3052 4684 3219 4737; x_wconf 92' lang='lat' dir='ltr'><strong>multo</strong></span> <span class='ocrx_word' id='word_1_891' title='bbox 3245 4686 3414 4755; x_wconf 75' lang='lat' dir='ltr'><strong>magis</strong></span> <span class='ocrx_word' id='word_1_892' title='bbox 3437 4687 3611 4741; x_wconf 83' lang='lat' dir='ltr'><strong>vobis.</strong></span> 
     </span>
    </p>
   </div>
   <div class='ocr_carea' id='block_1_110' title="bbox 2029 4769 3616 4841">
    <p class='ocr_par' dir='ltr' id='par_1_110' title="bbox 2029 4769 3616 4841">
     <span class='ocr_line' id='line_1_110' title="bbox 2029 4769 3616 4841; baseline 0.006 -18"><span class='ocrx_word' id='word_1_893' title='bbox 2029 4769 2232 4825; x_wconf 89' lang='lat' dir='ltr'><strong>Deinde</strong></span> <span class='ocrx_word' id='word_1_894' title='bbox 2271 4771 2336 4825; x_wconf 91' lang='lat' dir='ltr'><strong>ad</strong></span> <span class='ocrx_word' id='word_1_895' title='bbox 2383 4770 2485 4824; x_wconf 90' lang='lat' dir='ltr'><strong>alia</strong></span> <span class='ocrx_word' id='word_1_896' title='bbox 2533 4771 2776 4839; x_wconf 85' lang='lat' dir='ltr'><strong>exempla</strong></span> <span class='ocrx_word' id='word_1_897' title='bbox 2825 4772 3193 4841; x_wconf 88' lang='lat' dir='ltr'><strong>progreditur;</strong></span> <span class='ocrx_word' id='word_1_898' title='bbox 3235 4785 3289 4830; x_wconf 88' lang='lat' dir='ltr'><strong>et</strong></span> <span class='ocrx_word' id='word_1_899' title='bbox 3347 4787 3404 4830; x_wconf 95' lang='lat' dir='ltr'><strong>nt</strong></span> <span class='ocrx_word' id='word_1_900' title='bbox 3459 4788 3616 4833; x_wconf 88' lang='lat' dir='ltr'><strong>antea</strong></span> 
     </span>
    </p>
   </div>
   <div class='ocr_carea' id='block_1_111' title="bbox 2030 4861 3616 4932">
    <p class='ocr_par' dir='ltr' id='par_1_111' title="bbox 2030 4861 3616 4932">
     <span class='ocr_line' id='line_1_111' title="bbox 2030 4861 3616 4932; baseline 0.004 -16"><span class='ocrx_word' id='word_1_901' title='bbox 2030 4863 2270 4932; x_wconf 77' lang='lat' dir='ltr'><strong>exempla</strong></span> <span class='ocrx_word' id='word_1_902' title='bbox 2303 4863 2479 4932; x_wconf 91' lang='lat' dir='ltr'><strong>posuit</strong></span> <span class='ocrx_word' id='word_1_903' title='bbox 2508 4861 2904 4931; x_wconf 88' lang='lat' dir='ltr'><strong>apostolorum,</strong></span> <span class='ocrx_word' id='word_1_904' title='bbox 2935 4866 3235 4918; x_wconf 87' lang='lat' dir='ltr'><strong>communis</strong></span> <span class='ocrx_word' id='word_1_905' title='bbox 3267 4869 3616 4924; x_wconf 88' lang='lat' dir='ltr'><strong>consuetudi-</strong></span> 
     </span>
    </p>
   </div>
   <div class='ocr_carea' id='block_1_112' title="bbox 2033 4955 3617 5034">
    <p class='ocr_par' dir='ltr' id='par_1_112' title="bbox 2033 4955 3617 5034">
     <span class='ocr_line' id='line_1_112' title="bbox 2033 4955 3617 5034; baseline 0.006 -27"><span class='ocrx_word' id='word_1_906' title='bbox 2033 4955 2136 5021; x_wconf 93' lang='lat' dir='ltr'><strong>nis,</strong></span> <span class='ocrx_word' id='word_1_907' title='bbox 2168 4955 2530 5017; x_wconf 87' lang='lat' dir='ltr'><strong>sacerdotum,</strong></span> <span class='ocrx_word' id='word_1_908' title='bbox 2559 4963 2612 5008; x_wconf 90' lang='lat' dir='ltr'><strong>et</strong></span> <span class='ocrx_word' id='word_1_909' title='bbox 2643 4969 2737 5010; x_wconf 91' lang='lat' dir='ltr'><strong>sua</strong></span> <span class='ocrx_word' id='word_1_910' title='bbox 2768 4970 2979 5025; x_wconf 91' lang='lat' dir='ltr'><strong>quoque</strong></span> <span class='ocrx_word' id='word_1_911' title='bbox 3008 4975 3020 5010; x_wconf 89' lang='lat'><strong>:</strong></span> <span class='ocrx_word' id='word_1_912' title='bbox 3055 4958 3131 5012; x_wconf 92' lang='lat' dir='ltr'><strong>sic</strong></span> <span class='ocrx_word' id='word_1_913' title='bbox 3158 4967 3214 5014; x_wconf 91' lang='lat' dir='ltr'><strong>et</strong></span> <span class='ocrx_word' id='word_1_914' title='bbox 3254 4977 3394 5015; x_wconf 91' lang='lat' dir='ltr'><strong>nunc</strong></span> <span class='ocrx_word' id='word_1_915' title='bbox 3432 4962 3617 5034; x_wconf 74' lang='lat' dir='ltr'><strong>Olym~</strong></span> 
     </span>
    </p>
   </div>
   <div class='ocr_carea' id='block_1_113' title="bbox 2035 5045 3621 5120">
    <p class='ocr_par' dir='ltr' id='par_1_113' title="bbox 2035 5045 3621 5120">
     <span class='ocr_line' id='line_1_113' title="bbox 2035 5045 3621 5120; baseline 0.006 -20"><span class='ocrx_word' id='word_1_916' title='bbox 2035 5047 2272 5116; x_wconf 90' lang='lat' dir='ltr'><strong>picorum</strong></span> <span class='ocrx_word' id='word_1_917' title='bbox 2301 5046 2676 5102; x_wconf 90' lang='lat' dir='ltr'><strong>certaminum.</strong></span> <span class='ocrx_word' id='word_1_918' title='bbox 2704 5045 2770 5100; x_wconf 88' lang='lat' dir='ltr'><strong>Et</strong></span> <span class='ocrx_word' id='word_1_919' title='bbox 2797 5057 3076 5118; x_wconf 90' lang='lat' dir='ltr'><strong>postquam</strong></span> <span class='ocrx_word' id='word_1_920' title='bbox 3105 5064 3198 5104; x_wconf 89' lang='lat' dir='ltr'><strong>sua</strong></span> <span class='ocrx_word' id='word_1_921' title='bbox 3221 5053 3415 5120; x_wconf 91' lang='lat' dir='ltr'><strong>posuit,</strong></span> <span class='ocrx_word' id='word_1_922' title='bbox 3437 5069 3621 5110; x_wconf 89' lang='lat' dir='ltr'><strong>rursus</strong></span> 
     </span>
    </p>
   </div>
   <div class='ocr_carea' id='block_1_114' title="bbox 2034 5137 3620 5217">
    <p class='ocr_par' dir='ltr' id='par_1_114' title="bbox 2034 5137 3620 5217">
     <span class='ocr_line' id='line_1_114' title="bbox 2034 5137 3620 5217; baseline 0.006 -25"><span class='ocrx_word' id='word_1_923' title='bbox 2034 5140 2101 5193; x_wconf 92' lang='lat' dir='ltr'><strong>ad</strong></span> <span class='ocrx_word' id='word_1_924' title='bbox 2131 5139 2377 5207; x_wconf 90' lang='lat' dir='ltr'><strong>antiquas</strong></span> <span class='ocrx_word' id='word_1_925' title='bbox 2406 5139 2578 5207; x_wconf 81' lang='lat' dir='ltr'><strong>pergit</strong></span> <span class='ocrx_word' id='word_1_926' title='bbox 2605 5137 2877 5195; x_wconf 84' lang='lat' dir='ltr'><strong>historias.</strong></span> <span class='ocrx_word' id='word_1_927' title='bbox 2909 5141 2973 5194; x_wconf 87' lang='lat' dir='ltr'><strong>Et</strong></span> <span class='ocrx_word' id='word_1_928' title='bbox 3001 5142 3124 5210; x_wconf 88' lang='lat' dir='ltr'><strong>quia</strong></span> <span class='ocrx_word' id='word_1_929' title='bbox 3156 5144 3402 5212; x_wconf 87' lang='lat' dir='ltr'><strong>asperius</strong></span> <span class='ocrx_word' id='word_1_930' title='bbox 3429 5145 3620 5217; x_wconf 84' lang='lat' dir='ltr'><strong>loquu-</strong></span> 
     </span>
    </p>
   </div>
   <div class='ocr_carea' id='block_1_115' title="bbox 2037 5229 3623 5305">
    <p class='ocr_par' dir='ltr' id='par_1_115' title="bbox 2037 5229 3623 5305">
     <span class='ocr_line' id='line_1_115' title="bbox 2037 5229 3623 5305; baseline 0.007 -23"><span class='ocrx_word' id='word_1_931' title='bbox 2037 5238 2188 5283; x_wconf 93' lang='lat' dir='ltr'><strong>turus</strong></span> <span class='ocrx_word' id='word_1_932' title='bbox 2215 5238 2318 5292; x_wconf 87' lang='lat' dir='ltr'><strong>est,</strong></span> <span class='ocrx_word' id='word_1_933' title='bbox 2349 5243 2691 5283; x_wconf 92' lang='lat' dir='ltr'><strong>communem</strong></span> <span class='ocrx_word' id='word_1_934' title='bbox 2719 5230 2843 5282; x_wconf 80' lang='lat' dir='ltr'><strong>facit</strong></span> <span class='ocrx_word' id='word_1_935' title='bbox 2871 5229 3287 5285; x_wconf 90' lang='lat' dir='ltr'><strong>admonitionem</strong></span> <span class='ocrx_word' id='word_1_936' title='bbox 3311 5274 3327 5298; x_wconf 95' lang='lat'><strong>,</strong></span> <span class='ocrx_word' id='word_1_937' title='bbox 3359 5252 3530 5305; x_wconf 89' lang='lat' dir='ltr'><strong>neqttc</strong></span> <span class='ocrx_word' id='word_1_938' title='bbox 3555 5238 3623 5293; x_wconf 86' lang='lat' dir='ltr'><strong>de</strong></span> 
     </span>
    </p>
   </div>
   <div class='ocr_carea' id='block_1_116' title="bbox 2040 5316 3622 5388">
    <p class='ocr_par' dir='ltr' id='par_1_116' title="bbox 2040 5316 3622 5388">
     <span class='ocr_line' id='line_1_116' title="bbox 2040 5316 3622 5388; baseline 0.005 -16"><span class='ocrx_word' id='word_1_939' title='bbox 2040 5319 2327 5388; x_wconf 89' lang='lat' dir='ltr'><strong>propositis</strong></span> <span class='ocrx_word' id='word_1_940' title='bbox 2354 5327 2558 5372; x_wconf 89' lang='lat' dir='ltr'><strong>tantum</strong></span> <span class='ocrx_word' id='word_1_941' title='bbox 2578 5361 2592 5383; x_wconf 94' lang='lat'><strong>,</strong></span> <span class='ocrx_word' id='word_1_942' title='bbox 2635 5317 2727 5372; x_wconf 89' lang='lat' dir='ltr'><strong>sed</strong></span> <span class='ocrx_word' id='word_1_943' title='bbox 2757 5319 2916 5372; x_wconf 89' lang='lat' dir='ltr'><strong>etiam</strong></span> <span class='ocrx_word' id='word_1_944' title='bbox 2948 5316 3015 5374; x_wconf 90' lang='lat' dir='ltr'><strong>de</strong></span> <span class='ocrx_word' id='word_1_945' title='bbox 3042 5319 3289 5377; x_wconf 87' lang='lat' dir='ltr'><strong>omnibus</strong></span> <span class='ocrx_word' id='word_1_946' title='bbox 3317 5325 3622 5380; x_wconf 86' lang='lat' dir='ltr'><strong>Corinthio-</strong></span> 
     </span>
    </p>
   </div>
   <div class='ocr_carea' id='block_1_117' title="bbox 2041 5411 3624 5484">
    <p class='ocr_par' dir='ltr' id='par_1_117' title="bbox 2041 5411 3624 5484">
     <span class='ocr_line' id='line_1_117' title="bbox 2041 5411 3624 5484; baseline 0.001 -15"><span class='ocrx_word' id='word_1_947' title='bbox 2041 5429 2159 5469; x_wconf 89' lang='lat' dir='ltr'><strong>rum</strong></span> <span class='ocrx_word' id='word_1_948' title='bbox 2180 5412 2586 5484; x_wconf 65' lang='lat' dir='ltr'><strong>azgritudinibus</strong></span> <span class='ocrx_word' id='word_1_949' title='bbox 2603 5411 2760 5466; x_wconf 89' lang='lat' dir='ltr'><strong>verba</strong></span> <span class='ocrx_word' id='word_1_950' title='bbox 2781 5411 2924 5466; x_wconf 86' lang='lat' dir='ltr'><strong>facit.</strong></span> <span class='ocrx_word' id='word_1_951' title='bbox 2947 5413 3008 5466; x_wconf 77' lang='lat' dir='ltr'><strong>Et</strong></span> <span class='ocrx_word' id='word_1_952' title='bbox 3025 5413 3092 5468; x_wconf 89' lang='lat' dir='ltr'><strong>de</strong></span> <span class='ocrx_word' id='word_1_953' title='bbox 3116 5417 3351 5472; x_wconf 84' lang='lat' dir='ltr'><strong>externis</strong></span> <span class='ocrx_word' id='word_1_954' title='bbox 3373 5417 3624 5471; x_wconf 85' lang='lat' dir='ltr'><strong>certami-</strong></span> 
     </span>
    </p>
   </div>
   <div class='ocr_carea' id='block_1_118' title="bbox 2043 5503 3627 5577">
    <p class='ocr_par' dir='ltr' id='par_1_118' title="bbox 2043 5503 3627 5577">
     <span class='ocr_line' id='line_1_118' title="bbox 2043 5503 3627 5577; baseline -0.001 -17"><span class='ocrx_word' id='word_1_955' title='bbox 2043 5506 2219 5568; x_wconf 88' lang='lat' dir='ltr'><strong>ttibus,</strong></span> <span class='ocrx_word' id='word_1_956' title='bbox 2238 5503 2475 5566; x_wconf 80' lang='lat' dir='ltr'><strong>Nescitis,</strong></span> <span class='ocrx_word' id='word_1_957' title='bbox 2493 5504 2662 5574; x_wconf 89' lang='lat' dir='ltr'><strong>inquit</strong></span> <span class='ocrx_word' id='word_1_958' title='bbox 2681 5519 2696 5568; x_wconf 91' lang='lat'><strong>;</strong></span> <span class='ocrx_word' id='word_1_959' title='bbox 2715 5504 2797 5558; x_wconf 93' lang='lat' dir='ltr'><strong>hic</strong></span> <span class='ocrx_word' id='word_1_960' title='bbox 2813 5514 3008 5566; x_wconf 88' lang='lat' dir='ltr'><strong>autem,</strong></span> <span class='ocrx_word' id='word_1_961' title='bbox 3034 5504 3305 5577; x_wconf 73' lang='lat' dir='ltr'><strong>(Cap.10.)</strong></span> <span class='ocrx_word' id='word_1_962' title='bbox 3328 5507 3520 5562; x_wconf 84' lang='lat' dir='ltr'><strong>l.Nolo</strong></span> <span class='ocrx_word' id='word_1_963' title='bbox 3535 5524 3627 5558; x_wconf 84' lang='lat' dir='ltr'><strong>au-</strong></span> 
     </span>
    </p>
   </div>
   <div class='ocr_carea' id='block_1_119' title="bbox 2045 5596 3630 5666">
    <p class='ocr_par' dir='ltr' id='par_1_119' title="bbox 2045 5596 3630 5666">
     <span class='ocr_line' id='line_1_119' title="bbox 2045 5596 3630 5666; baseline -0.001 -15"><span class='ocrx_word' id='word_1_964' title='bbox 2045 5607 2140 5651; x_wconf 89' lang='lat' dir='ltr'><strong>tem</strong></span> <span class='ocrx_word' id='word_1_965' title='bbox 2165 5614 2248 5649; x_wconf 81' lang='lat' dir='ltr'><strong>ros</strong></span> <span class='ocrx_word' id='word_1_966' title='bbox 2266 5596 2520 5666; x_wconf 84' lang='lat' dir='ltr'><strong>ignorare,</strong></span> <span class='ocrx_word' id='word_1_967' title='bbox 2540 5598 2740 5666; x_wconf 83' lang='lat' dir='ltr'><strong>fratres.</strong></span> <span class='ocrx_word' id='word_1_968' title='bbox 2763 5596 2872 5651; x_wconf 82' lang='lat' dir='ltr'><strong>Hoc</strong></span> <span class='ocrx_word' id='word_1_969' title='bbox 2891 5605 3069 5650; x_wconf 89' lang='lat' dir='ltr'><strong>autem</strong></span> <span class='ocrx_word' id='word_1_970' title='bbox 3093 5597 3323 5660; x_wconf 88' lang='lat' dir='ltr'><strong>dicebat,</strong></span> <span class='ocrx_word' id='word_1_971' title='bbox 3343 5597 3630 5650; x_wconf 61' lang='lat' dir='ltr'><strong>ostendens</strong></span> 
     </span>
    </p>
   </div>
   <div class='ocr_carea' id='block_1_120' title="bbox 2048 5687 3627 5759">
    <p class='ocr_par' dir='ltr' id='par_1_120' title="bbox 2048 5687 3627 5759">
     <span class='ocr_line' id='line_1_120' title="bbox 2048 5687 3627 5759; baseline -0.001 -16"><span class='ocrx_word' id='word_1_972' title='bbox 2048 5692 2192 5759; x_wconf 86' lang='lat' dir='ltr'><strong>ipsos</strong></span> <span class='ocrx_word' id='word_1_973' title='bbox 2222 5687 2319 5742; x_wconf 86' lang='lat' dir='ltr'><strong>hac</strong></span> <span class='ocrx_word' id='word_1_974' title='bbox 2345 5688 2412 5742; x_wconf 87' lang='lat' dir='ltr'><strong>de</strong></span> <span class='ocrx_word' id='word_1_975' title='bbox 2443 5703 2501 5742; x_wconf 88' lang='lat' dir='ltr'><strong>re</strong></span> <span class='ocrx_word' id='word_1_976' title='bbox 2529 5704 2632 5742; x_wconf 88' lang='lat' dir='ltr'><strong>non</strong></span> <span class='ocrx_word' id='word_1_977' title='bbox 2661 5704 2780 5743; x_wconf 86' lang='lat' dir='ltr'><strong>csse</strong></span> <span class='ocrx_word' id='word_1_978' title='bbox 2808 5689 3094 5743; x_wconf 87' lang='lat' dir='ltr'><strong>admodum</strong></span> <span class='ocrx_word' id='word_1_979' title='bbox 3126 5689 3380 5743; x_wconf 82' lang='lat' dir='ltr'><strong>eruditos.</strong></span> <span class='ocrx_word' id='word_1_980' title='bbox 3419 5688 3484 5741; x_wconf 84' lang='lat' dir='ltr'><strong>Et</strong></span> <span class='ocrx_word' id='word_1_981' title='bbox 3506 5689 3627 5754; x_wconf 74' lang='lat' dir='ltr'><strong>quid</strong></span> 
     </span>
    </p>
   </div>
   <div class='ocr_carea' id='block_1_121' title="bbox 2047 5777 3635 5850">
    <p class='ocr_par' dir='ltr' id='par_1_121' title="bbox 2047 5777 3635 5850">
     <span class='ocr_line' id='line_1_121' title="bbox 2047 5777 3635 5850; baseline -0.003 -15"><span class='ocrx_word' id='word_1_982' title='bbox 2047 5791 2130 5836; x_wconf 87' lang='lat' dir='ltr'><strong>cst</strong></span> <span class='ocrx_word' id='word_1_983' title='bbox 2160 5780 2326 5845; x_wconf 85' lang='lat' dir='ltr'><strong>iilud,</strong></span> <span class='ocrx_word' id='word_1_984' title='bbox 2375 5779 2514 5850; x_wconf 85' lang='lat' dir='ltr'><strong>quod</strong></span> <span class='ocrx_word' id='word_1_985' title='bbox 2560 5796 2663 5834; x_wconf 89' lang='lat' dir='ltr'><strong>non</strong></span> <span class='ocrx_word' id='word_1_986' title='bbox 2709 5779 2785 5834; x_wconf 68' lang='lat' dir='ltr'><strong>vis</strong></span> <span class='ocrx_word' id='word_1_987' title='bbox 2828 5796 2924 5834; x_wconf 83' lang='lat' dir='ltr'><strong>nos</strong></span> <span class='ocrx_word' id='word_1_988' title='bbox 2953 5777 3237 5850; x_wconf 82' lang='lat' dir='ltr'><strong>ignorare?</strong></span> <span class='ocrx_word' id='word_1_989' title='bbox 3291 5777 3438 5842; x_wconf 76' lang='lat' dir='ltr'><strong>Quod</strong></span> <span class='ocrx_word' id='word_1_990' title='bbox 3469 5789 3635 5847; x_wconf 69' lang='lat' dir='ltr'><strong>putres</strong></span> 
     </span>
    </p>
   </div>
  </div>
