  <div class='ocr_page' id='page_1' title='image "/cluster/home/n/w/nwhite01/storage/ocr_20150623/61/mdp.39015008622618/197.png"; bbox 0 0 3986 6202; ppageno 0'>
   <div class='ocr_carea' id='block_1_1' title="bbox 330 225 2910 304">
    <p class='ocr_par' dir='ltr' id='par_1_1' title="bbox 330 225 2910 304">
     <span class='ocr_line' id='line_1_1' title="bbox 330 225 2910 304; baseline -0.001 -14"><span class='ocrx_word' id='word_1_1' title='bbox 330 247 422 304; x_wconf 62' lang='grc'><strong>494</strong></span> <span class='ocrx_word' id='word_1_2' title='bbox 1097 236 1157 292; x_wconf 88' lang='lat' dir='ltr'><strong>S.</strong></span> <span class='ocrx_word' id='word_1_3' title='bbox 1195 233 1472 292; x_wconf 75' lang='lat' dir='ltr'><strong>JOANNIS</strong></span> <span class='ocrx_word' id='word_1_4' title='bbox 1510 226 1978 291; x_wconf 77' lang='lat' dir='ltr'><strong>CHRYSOSTOMI</strong></span> <span class='ocrx_word' id='word_1_5' title='bbox 2017 225 2333 288; x_wconf 77' lang='lat' dir='ltr'><strong>ARCIIIEP.</strong></span> <span class='ocrx_word' id='word_1_6' title='bbox 2374 230 2910 291; x_wconf 75' lang='lat' dir='ltr'><strong>CONSTANTINOP.</strong></span> 
     </span>
    </p>
   </div>
   <div class='ocr_carea' id='block_1_2' title="bbox 329 350 1913 425">
    <p class='ocr_par' dir='ltr' id='par_1_2' title="bbox 329 350 1913 425">
     <span class='ocr_line' id='line_1_2' title="bbox 329 350 1913 425; baseline -0.009 -13"><span class='ocrx_word' id='word_1_7' title='bbox 329 357 488 414; x_wconf 80' lang='lat' dir='ltr'><strong>nostri</strong></span> <span class='ocrx_word' id='word_1_8' title='bbox 510 372 685 411; x_wconf 87' lang='lat' dir='ltr'><strong>omnes</strong></span> <span class='ocrx_word' id='word_1_9' title='bbox 708 396 724 423; x_wconf 92' lang='lat'><strong>,</strong></span> <span class='ocrx_word' id='word_1_10' title='bbox 768 352 974 425; x_wconf 89' lang='lat' dir='ltr'><strong>inquit,</strong></span> <span class='ocrx_word' id='word_1_11' title='bbox 1009 352 1100 406; x_wconf 86' lang='lat' dir='ltr'><strong>sub</strong></span> <span class='ocrx_word' id='word_1_12' title='bbox 1130 350 1260 405; x_wconf 90' lang='lat' dir='ltr'><strong>nube</strong></span> <span class='ocrx_word' id='word_1_13' title='bbox 1298 352 1530 420; x_wconf 82' lang='lat' dir='ltr'><strong>fuerunt,</strong></span> <span class='ocrx_word' id='word_1_14' title='bbox 1559 357 1605 400; x_wconf 93' lang='lat' dir='ltr'><strong>et</strong></span> <span class='ocrx_word' id='word_1_15' title='bbox 1647 363 1739 418; x_wconf 82' lang='lat' dir='ltr'><strong>per</strong></span> <span class='ocrx_word' id='word_1_16' title='bbox 1773 360 1913 399; x_wconf 90' lang='lat' dir='ltr'><strong>mare</strong></span> 
     </span>
    </p>
   </div>
   <div class='ocr_carea' id='block_1_3' title="bbox 328 438 1914 514">
    <p class='ocr_par' dir='ltr' id='par_1_3' title="bbox 328 438 1914 514">
     <span class='ocr_line' id='line_1_3' title="bbox 328 438 1914 514; baseline -0.008 -10"><span class='ocrx_word' id='word_1_17' title='bbox 328 452 668 506; x_wconf 82' lang='lat' dir='ltr'><strong>transierunt:</strong></span> <span class='ocrx_word' id='word_1_18' title='bbox 693 448 746 502; x_wconf 71' lang='grc' dir='ltr'><strong>Ξ.</strong></span> <span class='ocrx_word' id='word_1_19' title='bbox 765 447 826 501; x_wconf 86' lang='lat' dir='ltr'><strong>Et</strong></span> <span class='ocrx_word' id='word_1_20' title='bbox 853 447 905 500; x_wconf 89' lang='lat' dir='ltr'><strong>in</strong></span> <span class='ocrx_word' id='word_1_21' title='bbox 935 444 1114 514; x_wconf 78' lang='lat' dir='ltr'><strong>Moyse</strong></span> <span class='ocrx_word' id='word_1_22' title='bbox 1141 443 1384 511; x_wconf 80' lang='lat' dir='ltr'><strong>baptizati</strong></span> <span class='ocrx_word' id='word_1_23' title='bbox 1410 449 1526 494; x_wconf 89' lang='lat' dir='ltr'><strong>sunt</strong></span> <span class='ocrx_word' id='word_1_24' title='bbox 1551 441 1604 494; x_wconf 87' lang='lat' dir='ltr'><strong>in</strong></span> <span class='ocrx_word' id='word_1_25' title='bbox 1633 439 1761 493; x_wconf 87' lang='lat' dir='ltr'><strong>nube</strong></span> <span class='ocrx_word' id='word_1_26' title='bbox 1787 447 1833 493; x_wconf 88' lang='lat' dir='ltr'><strong>et</strong></span> <span class='ocrx_word' id='word_1_27' title='bbox 1861 438 1914 491; x_wconf 87' lang='lat' dir='ltr'><strong>in</strong></span> 
     </span>
    </p>
   </div>
   <div class='ocr_carea' id='block_1_4' title="bbox 331 529 1912 602">
    <p class='ocr_par' dir='ltr' id='par_1_4' title="bbox 331 529 1912 602">
     <span class='ocr_line' id='line_1_4' title="bbox 331 529 1912 602; baseline -0.008 -8"><span class='ocrx_word' id='word_1_28' title='bbox 331 546 461 594; x_wconf 81' lang='lat' dir='ltr'><strong>mari</strong></span> <span class='ocrx_word' id='word_1_29' title='bbox 487 557 502 592; x_wconf 94' lang='lat'><strong>:</strong></span> <span class='ocrx_word' id='word_1_30' title='bbox 542 542 593 596; x_wconf 80' lang='grc'><strong>5.</strong></span> <span class='ocrx_word' id='word_1_31' title='bbox 614 538 676 592; x_wconf 84' lang='lat' dir='ltr'><strong>Et</strong></span> <span class='ocrx_word' id='word_1_32' title='bbox 710 554 879 592; x_wconf 81' lang='lat' dir='ltr'><strong>omnes</strong></span> <span class='ocrx_word' id='word_1_33' title='bbox 908 535 1133 591; x_wconf 77' lang='lat' dir='ltr'><strong><em>eamdem</em></strong></span> <span class='ocrx_word' id='word_1_34' title='bbox 1161 550 1323 588; x_wconf 88' lang='lat' dir='ltr'><strong>escam</strong></span> <span class='ocrx_word' id='word_1_35' title='bbox 1350 532 1664 602; x_wconf 88' lang='lat' dir='ltr'><strong>spiritualem</strong></span> <span class='ocrx_word' id='word_1_36' title='bbox 1693 529 1912 584; x_wconf 87' lang='lat' dir='ltr'><strong>mandu-</strong></span> 
     </span>
    </p>
   </div>
   <div class='ocr_carea' id='block_1_5' title="bbox 326 620 1917 697">
    <p class='ocr_par' dir='ltr' id='par_1_5' title="bbox 326 620 1917 697">
     <span class='ocr_line' id='line_1_5' title="bbox 326 620 1917 697; baseline -0.009 -11"><span class='ocrx_word' id='word_1_37' title='bbox 326 641 588 697; x_wconf 82' lang='lat' dir='ltr'><strong>raverunt,</strong></span> <span class='ocrx_word' id='word_1_38' title='bbox 611 634 663 684; x_wconf 69' lang='grc'><strong>4.</strong></span> <span class='ocrx_word' id='word_1_39' title='bbox 681 628 750 684; x_wconf 87' lang='lat' dir='ltr'><strong>Et</strong></span> <span class='ocrx_word' id='word_1_40' title='bbox 768 629 995 682; x_wconf 84' lang='lat' dir='ltr'><strong>eumdem</strong></span> <span class='ocrx_word' id='word_1_41' title='bbox 1024 636 1197 696; x_wconf 86' lang='lat' dir='ltr'><strong>potum</strong></span> <span class='ocrx_word' id='word_1_42' title='bbox 1223 624 1534 694; x_wconf 85' lang='lat' dir='ltr'><strong>spiritualem</strong></span> <span class='ocrx_word' id='word_1_43' title='bbox 1561 624 1788 676; x_wconf 87' lang='lat' dir='ltr'><strong>biberunt</strong></span> <span class='ocrx_word' id='word_1_44' title='bbox 1814 620 1917 690; x_wconf 66' lang='lat' dir='ltr'><strong>(bl-1</strong></span> 
     </span>
    </p>
   </div>
   <div class='ocr_carea' id='block_1_6' title="bbox 330 719 1914 787">
    <p class='ocr_par' dir='ltr' id='par_1_6' title="bbox 330 719 1914 787">
     <span class='ocr_line' id='line_1_6' title="bbox 330 719 1914 787; baseline -0.009 -10"><span class='ocrx_word' id='word_1_45' title='bbox 330 725 502 777; x_wconf 72' lang='lat' dir='ltr'><strong>hebant</strong></span> <span class='ocrx_word' id='word_1_46' title='bbox 528 722 661 776; x_wconf 87' lang='lat' dir='ltr'><strong>enim</strong></span> <span class='ocrx_word' id='word_1_47' title='bbox 688 723 749 774; x_wconf 87' lang='lat' dir='ltr'><strong>de</strong></span> <span class='ocrx_word' id='word_1_48' title='bbox 778 719 1038 787; x_wconf 80' lang='lat' dir='ltr'><strong>spirituali</strong></span> <span class='ocrx_word' id='word_1_49' title='bbox 1066 726 1394 786; x_wconf 78' lang='lat' dir='ltr'><strong>consequente</strong></span> <span class='ocrx_word' id='word_1_50' title='bbox 1421 731 1508 768; x_wconf 89' lang='lat' dir='ltr'><strong>eos</strong></span> <span class='ocrx_word' id='word_1_51' title='bbox 1537 722 1675 781; x_wconf 90' lang='lat' dir='ltr'><strong>petra</strong></span> <span class='ocrx_word' id='word_1_52' title='bbox 1710 728 1729 766; x_wconf 89' lang='lat'><strong>:</strong></span> <span class='ocrx_word' id='word_1_53' title='bbox 1771 721 1914 782; x_wconf 86' lang='lat' dir='ltr'><strong>petra</strong></span> 
     </span>
    </p>
   </div>
   <div class='ocr_carea' id='block_1_7' title="bbox 327 802 1913 877">
    <p class='ocr_par' dir='ltr' id='par_1_7' title="bbox 327 802 1913 877">
     <span class='ocr_line' id='line_1_7' title="bbox 327 802 1913 877; baseline -0.009 -11"><span class='ocrx_word' id='word_1_54' title='bbox 327 823 493 866; x_wconf 81' lang='lat' dir='ltr'><strong>autem</strong></span> <span class='ocrx_word' id='word_1_55' title='bbox 519 820 625 864; x_wconf 89' lang='lat' dir='ltr'><strong>erat</strong></span> <span class='ocrx_word' id='word_1_56' title='bbox 665 808 895 874; x_wconf 76' lang='lat' dir='ltr'><strong>Christus</strong></span> <span class='ocrx_word' id='word_1_57' title='bbox 926 805 1184 877; x_wconf 85' lang='lat' dir='ltr'><strong>):5.Sed</strong></span> <span class='ocrx_word' id='word_1_58' title='bbox 1230 823 1334 859; x_wconf 87' lang='lat' dir='ltr'><strong>non</strong></span> <span class='ocrx_word' id='word_1_59' title='bbox 1379 805 1432 858; x_wconf 87' lang='lat' dir='ltr'><strong>in</strong></span> <span class='ocrx_word' id='word_1_60' title='bbox 1477 802 1703 872; x_wconf 77' lang='lat' dir='ltr'><strong>pluribus</strong></span> <span class='ocrx_word' id='word_1_61' title='bbox 1741 816 1913 854; x_wconf 87' lang='lat' dir='ltr'><strong>eorunt</strong></span> 
     </span>
    </p>
   </div>
   <div class='ocr_carea' id='block_1_8' title="bbox 325 892 1912 970">
    <p class='ocr_par' dir='ltr' id='par_1_8' title="bbox 325 892 1912 970">
     <span class='ocr_line' id='line_1_8' title="bbox 325 892 1912 970; baseline -0.006 -14"><span class='ocrx_word' id='word_1_62' title='bbox 325 904 688 970; x_wconf 72' lang='lat' dir='ltr'><strong>beneplacitum</strong></span> <span class='ocrx_word' id='word_1_63' title='bbox 737 910 810 955; x_wconf 88' lang='lat' dir='ltr'><strong>est</strong></span> <span class='ocrx_word' id='word_1_64' title='bbox 865 899 993 955; x_wconf 86' lang='lat' dir='ltr'><strong>Deo.</strong></span> <span class='ocrx_word' id='word_1_65' title='bbox 1049 900 1116 953; x_wconf 85' lang='lat' dir='ltr'><strong>Et</strong></span> <span class='ocrx_word' id='word_1_66' title='bbox 1163 913 1266 968; x_wconf 91' lang='lat' dir='ltr'><strong>qua</strong></span> <span class='ocrx_word' id='word_1_67' title='bbox 1314 899 1382 952; x_wconf 90' lang='lat' dir='ltr'><strong>de</strong></span> <span class='ocrx_word' id='word_1_68' title='bbox 1421 911 1578 951; x_wconf 89' lang='lat' dir='ltr'><strong>causa</strong></span> <span class='ocrx_word' id='word_1_69' title='bbox 1611 894 1726 948; x_wconf 80' lang='lat' dir='ltr'><strong>haec</strong></span> <span class='ocrx_word' id='word_1_70' title='bbox 1751 892 1912 946; x_wconf 86' lang='lat' dir='ltr'><strong>dicit?</strong></span> 
     </span>
    </p>
   </div>
   <div class='ocr_carea' id='block_1_9' title="bbox 329 985 1909 1062">
    <p class='ocr_par' dir='ltr' id='par_1_9' title="bbox 329 985 1909 1062">
     <span class='ocr_line' id='line_1_9' title="bbox 329 985 1909 1062; baseline -0.008 -14"><span class='ocrx_word' id='word_1_71' title='bbox 329 993 394 1048; x_wconf 91' lang='lat' dir='ltr'><strong>Ut</strong></span> <span class='ocrx_word' id='word_1_72' title='bbox 416 995 683 1059; x_wconf 73' lang='lat' dir='ltr'><strong>ostendat,</strong></span> <span class='ocrx_word' id='word_1_73' title='bbox 711 992 852 1062; x_wconf 86' lang='lat' dir='ltr'><strong>quod</strong></span> <span class='ocrx_word' id='word_1_74' title='bbox 877 993 1010 1046; x_wconf 96' lang='lat' dir='ltr'><strong>sicut</strong></span> <span class='ocrx_word' id='word_1_75' title='bbox 1037 991 1140 1045; x_wconf 86' lang='lat' dir='ltr'><strong>illis</strong></span> <span class='ocrx_word' id='word_1_76' title='bbox 1164 1005 1268 1043; x_wconf 89' lang='lat' dir='ltr'><strong>non</strong></span> <span class='ocrx_word' id='word_1_77' title='bbox 1298 988 1513 1060; x_wconf 89' lang='lat' dir='ltr'><strong>profuit,</strong></span> <span class='ocrx_word' id='word_1_78' title='bbox 1542 985 1681 1056; x_wconf 89' lang='lat' dir='ltr'><strong>quod</strong></span> <span class='ocrx_word' id='word_1_79' title='bbox 1708 992 1909 1038; x_wconf 88' lang='lat' dir='ltr'><strong>tantum</strong></span> 
     </span>
    </p>
   </div>
   <div class='ocr_carea' id='block_1_10' title="bbox 323 1075 1909 1156">
    <p class='ocr_par' dir='ltr' id='par_1_10' title="bbox 323 1075 1909 1156">
     <span class='ocr_line' id='line_1_10' title="bbox 323 1075 1909 1156; baseline -0.009 -14"><span class='ocrx_word' id='word_1_80' title='bbox 323 1087 626 1156; x_wconf 88' lang='lat' dir='ltr'><strong>acceperint</strong></span> <span class='ocrx_word' id='word_1_81' title='bbox 679 1087 926 1149; x_wconf 85' lang='lat' dir='ltr'><strong>donum;</strong></span> <span class='ocrx_word' id='word_1_82' title='bbox 983 1085 1053 1138; x_wconf 91' lang='lat' dir='ltr'><strong>ita</strong></span> <span class='ocrx_word' id='word_1_83' title='bbox 1103 1098 1276 1151; x_wconf 87' lang='lat' dir='ltr'><strong>neque</strong></span> <span class='ocrx_word' id='word_1_84' title='bbox 1325 1081 1392 1137; x_wconf 91' lang='lat' dir='ltr'><strong>iis</strong></span> <span class='ocrx_word' id='word_1_85' title='bbox 1441 1079 1714 1150; x_wconf 89' lang='lat' dir='ltr'><strong>proderit,</strong></span> <span class='ocrx_word' id='word_1_86' title='bbox 1768 1075 1909 1148; x_wconf 91' lang='lat' dir='ltr'><strong>quod</strong></span> 
     </span>
    </p>
   </div>
   <div class='ocr_carea' id='block_1_11' title="bbox 324 1168 1908 1247">
    <p class='ocr_par' dir='ltr' id='par_1_11' title="bbox 324 1168 1908 1247">
     <span class='ocr_line' id='line_1_11' title="bbox 324 1168 1908 1247; baseline -0.009 -13"><span class='ocrx_word' id='word_1_87' title='bbox 324 1179 582 1247; x_wconf 86' lang='lat' dir='ltr'><strong>baptisma</strong></span> <span class='ocrx_word' id='word_1_88' title='bbox 639 1175 947 1244; x_wconf 87' lang='lat' dir='ltr'><strong>acceperint</strong></span> <span class='ocrx_word' id='word_1_89' title='bbox 1000 1186 1052 1228; x_wconf 91' lang='lat' dir='ltr'><strong>et</strong></span> <span class='ocrx_word' id='word_1_90' title='bbox 1119 1173 1475 1243; x_wconf 77' lang='lat' dir='ltr'><strong>spiritualium</strong></span> <span class='ocrx_word' id='word_1_91' title='bbox 1535 1168 1908 1240; x_wconf 68' lang='lat' dir='ltr'><strong>mysteriorum</strong></span> 
     </span>
    </p>
   </div>
   <div class='ocr_carea' id='block_1_12' title="bbox 321 1259 1908 1332">
    <p class='ocr_par' dir='ltr' id='par_1_12' title="bbox 321 1259 1908 1332">
     <span class='ocr_line' id='line_1_12' title="bbox 321 1259 1908 1332; baseline -0.008 -8"><span class='ocrx_word' id='word_1_92' title='bbox 321 1279 606 1324; x_wconf 91' lang='lat' dir='ltr'><strong>consortes</strong></span> <span class='ocrx_word' id='word_1_93' title='bbox 654 1266 892 1332; x_wconf 75' lang='lat' dir='ltr'><strong>fuerint,</strong></span> <span class='ocrx_word' id='word_1_94' title='bbox 947 1266 1048 1320; x_wconf 80' lang='lat' dir='ltr'><strong>nisi</strong></span> <span class='ocrx_word' id='word_1_95' title='bbox 1092 1266 1256 1318; x_wconf 77' lang='lat' dir='ltr'><strong>vitam</strong></span> <span class='ocrx_word' id='word_1_96' title='bbox 1299 1273 1442 1316; x_wconf 85' lang='lat' dir='ltr'><strong>tanta</strong></span> <span class='ocrx_word' id='word_1_97' title='bbox 1483 1261 1649 1330; x_wconf 79' lang='lat' dir='ltr'><strong>gratia</strong></span> <span class='ocrx_word' id='word_1_98' title='bbox 1695 1259 1908 1326; x_wconf 66' lang='lat' dir='ltr'><strong>dignam</strong></span> 
     </span>
    </p>
   </div>
   <div class='ocr_carea' id='block_1_13' title="bbox 322 1354 1905 1426">
    <p class='ocr_par' dir='ltr' id='par_1_13' title="bbox 322 1354 1905 1426">
     <span class='ocr_line' id='line_1_13' title="bbox 322 1354 1905 1426; baseline -0.004 -14"><span class='ocrx_word' id='word_1_99' title='bbox 322 1359 656 1412; x_wconf 85' lang='lat' dir='ltr'><strong>exhibeant:</strong></span> <span class='ocrx_word' id='word_1_100' title='bbox 711 1357 936 1426; x_wconf 88' lang='lat' dir='ltr'><strong>ideoque</strong></span> <span class='ocrx_word' id='word_1_101' title='bbox 976 1354 1191 1411; x_wconf 84' lang='lat' dir='ltr'><strong>adducit</strong></span> <span class='ocrx_word' id='word_1_102' title='bbox 1231 1354 1565 1421; x_wconf 73' lang='lat' dir='ltr'><strong>baptismatis</strong></span> <span class='ocrx_word' id='word_1_103' title='bbox 1607 1360 1663 1407; x_wconf 89' lang='lat' dir='ltr'><strong>et</strong></span> <span class='ocrx_word' id='word_1_104' title='bbox 1705 1360 1905 1421; x_wconf 81' lang='lat' dir='ltr'><strong>mystc-</strong></span> 
     </span>
    </p>
   </div>
   <div class='ocr_carea' id='block_1_14' title="bbox 322 1442 1909 1522">
    <p class='ocr_par' dir='ltr' id='par_1_14' title="bbox 322 1442 1909 1522">
     <span class='ocr_line' id='line_1_14' title="bbox 322 1442 1909 1522; baseline -0.006 -18"><span class='ocrx_word' id='word_1_105' title='bbox 322 1453 523 1504; x_wconf 90' lang='lat' dir='ltr'><strong>riorum</strong></span> <span class='ocrx_word' id='word_1_106' title='bbox 554 1462 729 1522; x_wconf 81' lang='lat' dir='ltr'><strong>typos.</strong></span> <span class='ocrx_word' id='word_1_107' title='bbox 757 1449 894 1516; x_wconf 85' lang='lat' dir='ltr'><strong>Quid</strong></span> <span class='ocrx_word' id='word_1_108' title='bbox 921 1449 1020 1503; x_wconf 85' lang='lat' dir='ltr'><strong>sibi</strong></span> <span class='ocrx_word' id='word_1_109' title='bbox 1050 1447 1162 1502; x_wconf 93' lang='lat' dir='ltr'><strong>vult</strong></span> <span class='ocrx_word' id='word_1_110' title='bbox 1189 1447 1339 1513; x_wconf 92' lang='lat' dir='ltr'><strong>illud,</strong></span> <span class='ocrx_word' id='word_1_111' title='bbox 1368 1445 1436 1500; x_wconf 84' lang='lat' dir='ltr'><strong>In</strong></span> <span class='ocrx_word' id='word_1_112' title='bbox 1467 1445 1644 1514; x_wconf 80' lang='lat' dir='ltr'><strong>Moyse</strong></span> <span class='ocrx_word' id='word_1_113' title='bbox 1671 1442 1909 1513; x_wconf 81' lang='lat' dir='ltr'><strong>baptizati</strong></span> 
     </span>
    </p>
   </div>
   <div class='ocr_carea' id='block_1_15' title="bbox 319 1534 1908 1609">
    <p class='ocr_par' dir='ltr' id='par_1_15' title="bbox 319 1534 1908 1609">
     <span class='ocr_line' id='line_1_15' title="bbox 319 1534 1908 1609; baseline -0.004 -15"><span class='ocrx_word' id='word_1_114' title='bbox 319 1542 479 1595; x_wconf 77' lang='lat' dir='ltr'><strong>sum?</strong></span> <span class='ocrx_word' id='word_1_115' title='bbox 519 1541 977 1609; x_wconf 84' lang='lat' dir='ltr'><strong>Quemadmodum</strong></span> <span class='ocrx_word' id='word_1_116' title='bbox 1009 1555 1106 1594; x_wconf 89' lang='lat' dir='ltr'><strong>nos</strong></span> <span class='ocrx_word' id='word_1_117' title='bbox 1134 1539 1349 1593; x_wconf 82' lang='lat' dir='ltr'><strong>Christo</strong></span> <span class='ocrx_word' id='word_1_118' title='bbox 1377 1535 1658 1592; x_wconf 90' lang='lat' dir='ltr'><strong>credentes</strong></span> <span class='ocrx_word' id='word_1_119' title='bbox 1699 1543 1753 1590; x_wconf 89' lang='lat' dir='ltr'><strong>et</strong></span> <span class='ocrx_word' id='word_1_120' title='bbox 1793 1534 1908 1602; x_wconf 85' lang='lat' dir='ltr'><strong>ejus</strong></span> 
     </span>
    </p>
   </div>
   <div class='ocr_carea' id='block_1_16' title="bbox 320 1628 1906 1702">
    <p class='ocr_par' dir='ltr' id='par_1_16' title="bbox 320 1628 1906 1702">
     <span class='ocr_line' id='line_1_16' title="bbox 320 1628 1906 1702; baseline -0.005 -14"><span class='ocrx_word' id='word_1_121' title='bbox 320 1635 720 1700; x_wconf 89' lang='lat' dir='ltr'><strong>resurrectioni,</strong></span> <span class='ocrx_word' id='word_1_122' title='bbox 751 1634 1104 1702; x_wconf 86' lang='lat' dir='ltr'><strong>baptizamur,</strong></span> <span class='ocrx_word' id='word_1_123' title='bbox 1133 1642 1190 1686; x_wconf 91' lang='lat' dir='ltr'><strong>ut</strong></span> <span class='ocrx_word' id='word_1_124' title='bbox 1212 1631 1299 1699; x_wconf 87' lang='lat' dir='ltr'><strong>qui</strong></span> <span class='ocrx_word' id='word_1_125' title='bbox 1328 1639 1382 1685; x_wconf 90' lang='lat' dir='ltr'><strong>et</strong></span> <span class='ocrx_word' id='word_1_126' title='bbox 1403 1630 1500 1699; x_wconf 89' lang='lat' dir='ltr'><strong>ipsi</strong></span> <span class='ocrx_word' id='word_1_127' title='bbox 1529 1628 1906 1700; x_wconf 87' lang='lat' dir='ltr'><strong>mysteriorum</strong></span> 
     </span>
    </p>
   </div>
   <div class='ocr_carea' id='block_1_17' title="bbox 319 1717 1903 1794">
    <p class='ocr_par' dir='ltr' id='par_1_17' title="bbox 319 1717 1903 1794">
     <span class='ocr_line' id='line_1_17' title="bbox 319 1717 1903 1794; baseline -0.008 -14"><span class='ocrx_word' id='word_1_128' title='bbox 319 1728 602 1794; x_wconf 84' lang='lat' dir='ltr'><strong>participes</strong></span> <span class='ocrx_word' id='word_1_129' title='bbox 643 1724 806 1779; x_wconf 90' lang='lat' dir='ltr'><strong>futuri</strong></span> <span class='ocrx_word' id='word_1_130' title='bbox 839 1725 1041 1788; x_wconf 88' lang='lat' dir='ltr'><strong>simus;</strong></span> <span class='ocrx_word' id='word_1_131' title='bbox 1075 1723 1414 1790; x_wconf 84' lang='lat' dir='ltr'><strong>Baptizamut‘</strong></span> <span class='ocrx_word' id='word_1_132' title='bbox 1455 1721 1599 1774; x_wconf 87' lang='lat' dir='ltr'><strong>enim</strong></span> <span class='ocrx_word' id='word_1_133' title='bbox 1628 1761 1643 1785; x_wconf 96' lang='lat'><strong>,</strong></span> <span class='ocrx_word' id='word_1_134' title='bbox 1691 1717 1903 1788; x_wconf 85' lang='lat' dir='ltr'><strong>inquit,</strong></span> 
     </span>
    </p>
   </div>
   <div class='ocr_carea' id='block_1_18' title="bbox 319 1809 1906 1886">
    <p class='ocr_par' dir='ltr' id='par_1_18' title="bbox 319 1809 1906 1886">
     <span class='ocr_line' id='line_1_18' title="bbox 319 1809 1906 1886; baseline -0.004 -18"><span class='ocrx_word' id='word_1_135' title='bbox 319 1831 415 1885; x_wconf 89' lang='lat' dir='ltr'><strong>pro</strong></span> <span class='ocrx_word' id='word_1_136' title='bbox 448 1817 675 1870; x_wconf 84' lang='lat' dir='ltr'><strong>mortuis</strong></span> <span class='ocrx_word' id='word_1_137' title='bbox 721 1813 814 1886; x_wconf 83' lang='grc'><strong>(1.</strong></span> <span class='ocrx_word' id='word_1_138' title='bbox 850 1814 968 1868; x_wconf 88' lang='lat' dir='ltr'><strong>Cor.</strong></span> <span class='ocrx_word' id='word_1_139' title='bbox 1001 1815 1090 1868; x_wconf 77' lang='grc'><strong>15.</strong></span> <span class='ocrx_word' id='word_1_140' title='bbox 1120 1813 1189 1867; x_wconf 75' lang='lat'><strong>29</strong></span> <span class='ocrx_word' id='word_1_141' title='bbox 1216 1813 1270 1882; x_wconf 90' lang='lat'><strong>);</strong></span> <span class='ocrx_word' id='word_1_142' title='bbox 1324 1811 1375 1865; x_wconf 91' lang='lat' dir='ltr'><strong>id</strong></span> <span class='ocrx_word' id='word_1_143' title='bbox 1420 1821 1543 1873; x_wconf 88' lang='lat' dir='ltr'><strong>est,</strong></span> <span class='ocrx_word' id='word_1_144' title='bbox 1590 1809 1906 1880; x_wconf 76' lang='lat' dir='ltr'><strong>corporibus</strong></span> 
     </span>
    </p>
   </div>
   <div class='ocr_carea' id='block_1_19' title="bbox 318 1899 1904 1977">
    <p class='ocr_par' dir='ltr' id='par_1_19' title="bbox 318 1899 1904 1977">
     <span class='ocr_line' id='line_1_19' title="bbox 318 1899 1904 1977; baseline -0.004 -17"><span class='ocrx_word' id='word_1_145' title='bbox 318 1909 516 1962; x_wconf 75' lang='lat' dir='ltr'><strong>nostris</strong></span> <span class='ocrx_word' id='word_1_146' title='bbox 542 1925 555 1962; x_wconf 91' lang='lat'><strong>:</strong></span> <span class='ocrx_word' id='word_1_147' title='bbox 586 1908 658 1961; x_wconf 88' lang='lat' dir='ltr'><strong>ita</strong></span> <span class='ocrx_word' id='word_1_148' title='bbox 698 1916 752 1962; x_wconf 90' lang='lat' dir='ltr'><strong>et</strong></span> <span class='ocrx_word' id='word_1_149' title='bbox 798 1908 906 1971; x_wconf 92' lang='lat' dir='ltr'><strong>illi,</strong></span> <span class='ocrx_word' id='word_1_150' title='bbox 942 1905 1108 1977; x_wconf 83' lang='lat' dir='ltr'><strong>Moysi</strong></span> <span class='ocrx_word' id='word_1_151' title='bbox 1144 1905 1399 1969; x_wconf 90' lang='lat' dir='ltr'><strong>ﬁdentes,</strong></span> <span class='ocrx_word' id='word_1_152' title='bbox 1431 1902 1483 1956; x_wconf 89' lang='lat' dir='ltr'><strong>id</strong></span> <span class='ocrx_word' id='word_1_153' title='bbox 1515 1911 1631 1967; x_wconf 89' lang='lat' dir='ltr'><strong>est,</strong></span> <span class='ocrx_word' id='word_1_154' title='bbox 1661 1899 1904 1955; x_wconf 86' lang='lat' dir='ltr'><strong>videntes</strong></span> 
     </span>
    </p>
   </div>
   <div class='ocr_carea' id='block_1_20' title="bbox 317 1991 1905 2068">
    <p class='ocr_par' dir='ltr' id='par_1_20' title="bbox 317 1991 1905 2068">
     <span class='ocr_line' id='line_1_20' title="bbox 317 1991 1905 2068; baseline -0.004 -16"><span class='ocrx_word' id='word_1_155' title='bbox 317 1999 465 2052; x_wconf 89' lang='lat' dir='ltr'><strong>illum</strong></span> <span class='ocrx_word' id='word_1_156' title='bbox 498 1998 727 2068; x_wconf 90' lang='lat' dir='ltr'><strong>primum</strong></span> <span class='ocrx_word' id='word_1_157' title='bbox 765 1997 1116 2066; x_wconf 88' lang='lat' dir='ltr'><strong>trajicientem</strong></span> <span class='ocrx_word' id='word_1_158' title='bbox 1146 2037 1160 2061; x_wconf 94' lang='lat'><strong>,</strong></span> <span class='ocrx_word' id='word_1_159' title='bbox 1191 1995 1304 2049; x_wconf 89' lang='lat' dir='ltr'><strong>ausi</strong></span> <span class='ocrx_word' id='word_1_160' title='bbox 1333 2002 1456 2048; x_wconf 91' lang='lat' dir='ltr'><strong>sunt</strong></span> <span class='ocrx_word' id='word_1_161' title='bbox 1484 2002 1537 2047; x_wconf 89' lang='lat' dir='ltr'><strong>et</strong></span> <span class='ocrx_word' id='word_1_162' title='bbox 1567 1991 1667 2063; x_wconf 88' lang='lat' dir='ltr'><strong>ipsi</strong></span> <span class='ocrx_word' id='word_1_163' title='bbox 1694 2005 1905 2061; x_wconf 86' lang='lat' dir='ltr'><strong>quoque</strong></span> 
     </span>
    </p>
   </div>
   <div class='ocr_carea' id='block_1_21' title="bbox 316 2080 1906 2159">
    <p class='ocr_par' dir='ltr' id='par_1_21' title="bbox 316 2080 1906 2159">
     <span class='ocr_line' id='line_1_21' title="bbox 316 2080 1906 2159; baseline -0.005 -17"><span class='ocrx_word' id='word_1_164' title='bbox 316 2091 366 2144; x_wconf 90' lang='lat' dir='ltr'><strong>in</strong></span> <span class='ocrx_word' id='word_1_165' title='bbox 396 2105 560 2158; x_wconf 81' lang='lat' dir='ltr'><strong>aquas</strong></span> <span class='ocrx_word' id='word_1_166' title='bbox 589 2089 814 2159; x_wconf 85' lang='lat' dir='ltr'><strong>ingredi.</strong></span> <span class='ocrx_word' id='word_1_167' title='bbox 843 2088 949 2144; x_wconf 89' lang='lat' dir='ltr'><strong>Sed</strong></span> <span class='ocrx_word' id='word_1_168' title='bbox 976 2088 1098 2158; x_wconf 86' lang='lat' dir='ltr'><strong>quia</strong></span> <span class='ocrx_word' id='word_1_169' title='bbox 1129 2088 1238 2140; x_wconf 83' lang='lat' dir='ltr'><strong>vult</strong></span> <span class='ocrx_word' id='word_1_170' title='bbox 1271 2086 1488 2155; x_wconf 81' lang='lat' dir='ltr'><strong>ﬁguram</strong></span> <span class='ocrx_word' id='word_1_171' title='bbox 1518 2098 1682 2154; x_wconf 84' lang='lat' dir='ltr'><strong>prepe</strong></span> <span class='ocrx_word' id='word_1_172' title='bbox 1712 2080 1906 2137; x_wconf 88' lang='lat' dir='ltr'><strong>verita-</strong></span> 
     </span>
    </p>
   </div>
   <div class='ocr_carea' id='block_1_22' title="bbox 315 2176 1904 2248">
    <p class='ocr_par' dir='ltr' id='par_1_22' title="bbox 315 2176 1904 2248">
     <span class='ocr_line' id='line_1_22' title="bbox 315 2176 1904 2248; baseline -0.004 -12"><span class='ocrx_word' id='word_1_173' title='bbox 315 2193 421 2236; x_wconf 87' lang='lat' dir='ltr'><strong>tem</strong></span> <span class='ocrx_word' id='word_1_174' title='bbox 451 2183 750 2248; x_wconf 75' lang='lat' dir='ltr'><strong>adducere,</strong></span> <span class='ocrx_word' id='word_1_175' title='bbox 780 2197 885 2236; x_wconf 91' lang='lat' dir='ltr'><strong>nou</strong></span> <span class='ocrx_word' id='word_1_176' title='bbox 919 2182 988 2235; x_wconf 88' lang='lat' dir='ltr'><strong>ita</strong></span> <span class='ocrx_word' id='word_1_177' title='bbox 1018 2181 1173 2245; x_wconf 90' lang='lat' dir='ltr'><strong>dicit,</strong></span> <span class='ocrx_word' id='word_1_178' title='bbox 1209 2178 1302 2233; x_wconf 90' lang='lat' dir='ltr'><strong>sed</strong></span> <span class='ocrx_word' id='word_1_179' title='bbox 1330 2177 1570 2232; x_wconf 81' lang='lat' dir='ltr'><strong>veritatis</strong></span> <span class='ocrx_word' id='word_1_180' title='bbox 1601 2176 1904 2230; x_wconf 84' lang='lat' dir='ltr'><strong>nominibus</strong></span> 
     </span>
    </p>
   </div>
   <div class='ocr_carea' id='block_1_23' title="bbox 313 2265 1900 2344">
    <p class='ocr_par' dir='ltr' id='par_1_23' title="bbox 313 2265 1900 2344">
     <span class='ocr_line' id='line_1_23' title="bbox 313 2265 1900 2344; baseline -0.004 -17"><span class='ocrx_word' id='word_1_181' title='bbox 313 2277 473 2329; x_wconf 85' lang='lat' dir='ltr'><strong>etiam</strong></span> <span class='ocrx_word' id='word_1_182' title='bbox 516 2275 570 2328; x_wconf 92' lang='lat' dir='ltr'><strong>in</strong></span> <span class='ocrx_word' id='word_1_183' title='bbox 617 2284 742 2344; x_wconf 89' lang='lat' dir='ltr'><strong>typo</strong></span> <span class='ocrx_word' id='word_1_184' title='bbox 783 2289 910 2327; x_wconf 90' lang='lat' dir='ltr'><strong>usus</strong></span> <span class='ocrx_word' id='word_1_185' title='bbox 949 2281 1050 2326; x_wconf 91' lang='lat' dir='ltr'><strong>est.</strong></span> <span class='ocrx_word' id='word_1_186' title='bbox 1094 2272 1156 2324; x_wconf 80' lang='lat' dir='ltr'><strong>Et</strong></span> <span class='ocrx_word' id='word_1_187' title='bbox 1195 2271 1296 2324; x_wconf 90' lang='lat' dir='ltr'><strong>hoc</strong></span> <span class='ocrx_word' id='word_1_188' title='bbox 1324 2268 1538 2340; x_wconf 86' lang='lat' dir='ltr'><strong>quidem</strong></span> <span class='ocrx_word' id='word_1_189' title='bbox 1569 2275 1651 2322; x_wconf 89' lang='lat' dir='ltr'><strong>est</strong></span> <span class='ocrx_word' id='word_1_190' title='bbox 1689 2265 1900 2338; x_wconf 83' lang='lat' dir='ltr'><strong>symbo-</strong></span> 
     </span>
    </p>
   </div>
   <div class='ocr_carea' id='block_1_24' title="bbox 314 2365 1898 2432">
    <p class='ocr_par' dir='ltr' id='par_1_24' title="bbox 314 2365 1898 2432">
     <span class='ocr_line' id='line_1_24' title="bbox 314 2365 1898 2432; baseline -0.006 -14"><span class='ocrx_word' id='word_1_191' title='bbox 314 2367 422 2418; x_wconf 92' lang='lat' dir='ltr'><strong>lum</strong></span> <span class='ocrx_word' id='word_1_192' title='bbox 453 2365 647 2419; x_wconf 82' lang='lat' dir='ltr'><strong>lavacri</strong></span> <span class='ocrx_word' id='word_1_193' title='bbox 676 2381 691 2427; x_wconf 92' lang='lat'><strong>;</strong></span> <span class='ocrx_word' id='word_1_194' title='bbox 733 2379 854 2432; x_wconf 59' lang='lat' dir='ltr'><strong>quae</strong></span> <span class='ocrx_word' id='word_1_195' title='bbox 887 2373 1186 2430; x_wconf 89' lang='lat' dir='ltr'><strong>sequuntur</strong></span> <span class='ocrx_word' id='word_1_196' title='bbox 1220 2370 1394 2415; x_wconf 90' lang='lat' dir='ltr'><strong>autem</strong></span> <span class='ocrx_word' id='word_1_197' title='bbox 1419 2402 1435 2425; x_wconf 91' lang='lat'><strong>,</strong></span> <span class='ocrx_word' id='word_1_198' title='bbox 1479 2374 1648 2414; x_wconf 72' lang='lat' dir='ltr'><strong>sacrm</strong></span> <span class='ocrx_word' id='word_1_199' title='bbox 1681 2371 1898 2412; x_wconf 77' lang='lat' dir='ltr'><strong>mensre.</strong></span> 
     </span>
    </p>
   </div>
   <div class='ocr_carea' id='block_1_25' title="bbox 318 2447 1901 2522">
    <p class='ocr_par' dir='ltr' id='par_1_25' title="bbox 318 2447 1901 2522">
     <span class='ocr_line' id='line_1_25' title="bbox 318 2447 1901 2522; baseline -0.006 -13"><span class='ocrx_word' id='word_1_200' title='bbox 318 2456 388 2510; x_wconf 88' lang='lat' dir='ltr'><strong>Ut</strong></span> <span class='ocrx_word' id='word_1_201' title='bbox 431 2455 574 2509; x_wconf 90' lang='lat' dir='ltr'><strong>enim</strong></span> <span class='ocrx_word' id='word_1_202' title='bbox 623 2463 677 2507; x_wconf 92' lang='lat' dir='ltr'><strong>tu</strong></span> <span class='ocrx_word' id='word_1_203' title='bbox 722 2469 918 2522; x_wconf 90' lang='lat' dir='ltr'><strong>corpus</strong></span> <span class='ocrx_word' id='word_1_204' title='bbox 951 2452 1280 2506; x_wconf 91' lang='lat' dir='ltr'><strong>Dominicum</strong></span> <span class='ocrx_word' id='word_1_205' title='bbox 1311 2451 1550 2505; x_wconf 85' lang='lat' dir='ltr'><strong>comedis</strong></span> <span class='ocrx_word' id='word_1_206' title='bbox 1579 2491 1592 2514; x_wconf 92' lang='lat'><strong>,</strong></span> <span class='ocrx_word' id='word_1_207' title='bbox 1641 2449 1719 2503; x_wconf 89' lang='lat' dir='ltr'><strong>sic</strong></span> <span class='ocrx_word' id='word_1_208' title='bbox 1747 2457 1801 2501; x_wconf 91' lang='lat' dir='ltr'><strong>et</strong></span> <span class='ocrx_word' id='word_1_209' title='bbox 1828 2447 1901 2501; x_wconf 90' lang='lat' dir='ltr'><strong>illi</strong></span> 
     </span>
    </p>
   </div>
   <div class='ocr_carea' id='block_1_26' title="bbox 315 2542 1902 2612">
    <p class='ocr_par' dir='ltr' id='par_1_26' title="bbox 315 2542 1902 2612">
     <span class='ocr_line' id='line_1_26' title="bbox 315 2542 1902 2612; baseline -0.005 -12"><span class='ocrx_word' id='word_1_210' title='bbox 315 2561 546 2612; x_wconf 88' lang='lat' dir='ltr'><strong>manna;</strong></span> <span class='ocrx_word' id='word_1_211' title='bbox 590 2555 645 2601; x_wconf 89' lang='lat' dir='ltr'><strong>et</strong></span> <span class='ocrx_word' id='word_1_212' title='bbox 684 2554 743 2599; x_wconf 88' lang='lat' dir='ltr'><strong>ut</strong></span> <span class='ocrx_word' id='word_1_213' title='bbox 783 2555 837 2600; x_wconf 93' lang='lat' dir='ltr'><strong>tu</strong></span> <span class='ocrx_word' id='word_1_214' title='bbox 878 2545 1188 2612; x_wconf 84' lang='lat' dir='ltr'><strong>sanguinem</strong></span> <span class='ocrx_word' id='word_1_215' title='bbox 1226 2543 1397 2607; x_wconf 87' lang='lat' dir='ltr'><strong>bibis,</strong></span> <span class='ocrx_word' id='word_1_216' title='bbox 1427 2543 1496 2597; x_wconf 89' lang='lat' dir='ltr'><strong>ita</strong></span> <span class='ocrx_word' id='word_1_217' title='bbox 1533 2551 1586 2596; x_wconf 91' lang='lat' dir='ltr'><strong>et</strong></span> <span class='ocrx_word' id='word_1_218' title='bbox 1612 2542 1682 2596; x_wconf 91' lang='lat' dir='ltr'><strong>illi</strong></span> <span class='ocrx_word' id='word_1_219' title='bbox 1708 2555 1902 2610; x_wconf 89' lang='lat' dir='ltr'><strong>aquam</strong></span> 
     </span>
    </p>
   </div>
   <div class='ocr_carea' id='block_1_27' title="bbox 313 2634 1902 2709">
    <p class='ocr_par' dir='ltr' id='par_1_27' title="bbox 313 2634 1902 2709">
     <span class='ocr_line' id='line_1_27' title="bbox 313 2634 1902 2709; baseline -0.003 -16"><span class='ocrx_word' id='word_1_220' title='bbox 313 2640 380 2693; x_wconf 89' lang='lat' dir='ltr'><strong>de</strong></span> <span class='ocrx_word' id='word_1_221' title='bbox 419 2647 589 2709; x_wconf 83' lang='lat' dir='ltr'><strong>petra.</strong></span> <span class='ocrx_word' id='word_1_222' title='bbox 636 2637 859 2693; x_wconf 86' lang='lat' dir='ltr'><strong>Etiamsi</strong></span> <span class='ocrx_word' id='word_1_223' title='bbox 894 2638 1035 2692; x_wconf 89' lang='lat' dir='ltr'><strong>enim</strong></span> <span class='ocrx_word' id='word_1_224' title='bbox 1078 2637 1293 2692; x_wconf 80' lang='lat' dir='ltr'><strong>sensilia</strong></span> <span class='ocrx_word' id='word_1_225' title='bbox 1335 2644 1513 2691; x_wconf 85' lang='lat' dir='ltr'><strong>essent</strong></span> <span class='ocrx_word' id='word_1_226' title='bbox 1550 2635 1637 2689; x_wconf 87' lang='lat' dir='ltr'><strong>illa</strong></span> <span class='ocrx_word' id='word_1_227' title='bbox 1668 2649 1787 2704; x_wconf 79' lang='lat' dir='ltr'><strong>qua:</strong></span> <span class='ocrx_word' id='word_1_228' title='bbox 1817 2634 1902 2688; x_wconf 90' lang='lat' dir='ltr'><strong>ﬁe-</strong></span> 
     </span>
    </p>
   </div>
   <div class='ocr_carea' id='block_1_28' title="bbox 313 2726 1901 2799">
    <p class='ocr_par' dir='ltr' id='par_1_28' title="bbox 313 2726 1901 2799">
     <span class='ocr_line' id='line_1_28' title="bbox 313 2726 1901 2799; baseline -0.001 -17"><span class='ocrx_word' id='word_1_229' title='bbox 313 2729 473 2790; x_wconf 86' lang='lat' dir='ltr'><strong>bant,</strong></span> <span class='ocrx_word' id='word_1_230' title='bbox 515 2739 568 2783; x_wconf 89' lang='lat' dir='ltr'><strong>at</strong></span> <span class='ocrx_word' id='word_1_231' title='bbox 597 2730 947 2798; x_wconf 87' lang='lat' dir='ltr'><strong>spiritualiter</strong></span> <span class='ocrx_word' id='word_1_232' title='bbox 988 2729 1402 2799; x_wconf 64' lang='lat' dir='ltr'><strong>pratbebantur,</strong></span> <span class='ocrx_word' id='word_1_233' title='bbox 1450 2743 1556 2781; x_wconf 90' lang='lat' dir='ltr'><strong>non</strong></span> <span class='ocrx_word' id='word_1_234' title='bbox 1603 2726 1901 2782; x_wconf 89' lang='lat' dir='ltr'><strong>secundum</strong></span> 
     </span>
    </p>
   </div>
   <div class='ocr_carea' id='block_1_29' title="bbox 316 2817 1901 2888">
    <p class='ocr_par' dir='ltr' id='par_1_29' title="bbox 316 2817 1901 2888">
     <span class='ocr_line' id='line_1_29' title="bbox 316 2817 1901 2888; baseline -0.001 -16"><span class='ocrx_word' id='word_1_235' title='bbox 316 2830 521 2873; x_wconf 69' lang='lat' dir='ltr'><strong>natura:</strong></span> <span class='ocrx_word' id='word_1_236' title='bbox 559 2821 1024 2888; x_wconf 86' lang='lat' dir='ltr'><strong>consequentiam,</strong></span> <span class='ocrx_word' id='word_1_237' title='bbox 1054 2819 1148 2873; x_wconf 90' lang='lat' dir='ltr'><strong>sed</strong></span> <span class='ocrx_word' id='word_1_238' title='bbox 1191 2834 1256 2874; x_wconf 91' lang='lat' dir='ltr'><strong>ex</strong></span> <span class='ocrx_word' id='word_1_239' title='bbox 1300 2817 1428 2872; x_wconf 90' lang='lat' dir='ltr'><strong>doni</strong></span> <span class='ocrx_word' id='word_1_240' title='bbox 1458 2817 1669 2887; x_wconf 79' lang='lat' dir='ltr'><strong>gratia;</strong></span> <span class='ocrx_word' id='word_1_241' title='bbox 1702 2825 1901 2871; x_wconf 91' lang='lat' dir='ltr'><strong>etcum</strong></span> 
     </span>
    </p>
   </div>
   <div class='ocr_carea' id='block_1_30' title="bbox 311 2908 1902 2980">
    <p class='ocr_par' dir='ltr' id='par_1_30' title="bbox 311 2908 1902 2980">
     <span class='ocr_line' id='line_1_30' title="bbox 311 2908 1902 2980; baseline -0.001 -16"><span class='ocrx_word' id='word_1_242' title='bbox 311 2927 537 2980; x_wconf 88' lang='lat' dir='ltr'><strong>corpore</strong></span> <span class='ocrx_word' id='word_1_243' title='bbox 567 2912 800 2966; x_wconf 89' lang='lat' dir='ltr'><strong>animam</strong></span> <span class='ocrx_word' id='word_1_244' title='bbox 832 2926 1046 2980; x_wconf 89' lang='lat' dir='ltr'><strong>quoque</strong></span> <span class='ocrx_word' id='word_1_245' title='bbox 1073 2910 1380 2965; x_wconf 88' lang='lat' dir='ltr'><strong>nutriebant</strong></span> <span class='ocrx_word' id='word_1_246' title='bbox 1404 2951 1419 2975; x_wconf 96' lang='lat'><strong>,</strong></span> <span class='ocrx_word' id='word_1_247' title='bbox 1448 2910 1513 2962; x_wconf 92' lang='lat' dir='ltr'><strong>ad</strong></span> <span class='ocrx_word' id='word_1_248' title='bbox 1544 2909 1702 2963; x_wconf 91' lang='lat' dir='ltr'><strong>ﬁdem</strong></span> <span class='ocrx_word' id='word_1_249' title='bbox 1742 2908 1902 2963; x_wconf 66' lang='lat' dir='ltr'><strong>induo</strong></span> 
     </span>
    </p>
   </div>
   <div class='ocr_carea' id='block_1_31' title="bbox 311 2998 1902 3069">
    <p class='ocr_par' dir='ltr' id='par_1_31' title="bbox 311 2998 1902 3069">
     <span class='ocr_line' id='line_1_31' title="bbox 311 2998 1902 3069; baseline -0.002 -15"><span class='ocrx_word' id='word_1_250' title='bbox 311 3003 511 3056; x_wconf 89' lang='lat' dir='ltr'><strong>centia.</strong></span> <span class='ocrx_word' id='word_1_251' title='bbox 558 3001 680 3056; x_wconf 90' lang='lat' dir='ltr'><strong>Ideo</strong></span> <span class='ocrx_word' id='word_1_252' title='bbox 724 3001 793 3055; x_wconf 91' lang='lat' dir='ltr'><strong>de</strong></span> <span class='ocrx_word' id='word_1_253' title='bbox 836 3001 957 3055; x_wconf 88' lang='lat' dir='ltr'><strong>cibo</strong></span> <span class='ocrx_word' id='word_1_254' title='bbox 989 3000 1201 3069; x_wconf 88' lang='lat' dir='ltr'><strong>quidem</strong></span> <span class='ocrx_word' id='word_1_255' title='bbox 1233 2999 1364 3053; x_wconf 83' lang='lat' dir='ltr'><strong>nihil</strong></span> <span class='ocrx_word' id='word_1_256' title='bbox 1407 2998 1577 3063; x_wconf 83' lang='lat' dir='ltr'><strong>dixit;</strong></span> <span class='ocrx_word' id='word_1_257' title='bbox 1607 3008 1723 3054; x_wconf 89' lang='lat' dir='ltr'><strong>erat</strong></span> <span class='ocrx_word' id='word_1_258' title='bbox 1759 3000 1902 3054; x_wconf 90' lang='lat' dir='ltr'><strong>enim</strong></span> 
     </span>
    </p>
   </div>
   <div class='ocr_carea' id='block_1_32' title="bbox 315 3091 1902 3154">
    <p class='ocr_par' dir='ltr' id='par_1_32' title="bbox 315 3091 1902 3154">
     <span class='ocr_line' id='line_1_32' title="bbox 315 3091 1902 3154; baseline -0.001 -8"><span class='ocrx_word' id='word_1_259' title='bbox 315 3101 569 3154; x_wconf 89' lang='lat' dir='ltr'><strong>mutatus,</strong></span> <span class='ocrx_word' id='word_1_260' title='bbox 596 3107 702 3146; x_wconf 91' lang='lat' dir='ltr'><strong>non</strong></span> <span class='ocrx_word' id='word_1_261' title='bbox 731 3101 936 3147; x_wconf 89' lang='lat' dir='ltr'><strong>tantutu</strong></span> <span class='ocrx_word' id='word_1_262' title='bbox 959 3092 1137 3154; x_wconf 92' lang='lat' dir='ltr'><strong>modo,</strong></span> <span class='ocrx_word' id='word_1_263' title='bbox 1167 3091 1259 3146; x_wconf 90' lang='lat' dir='ltr'><strong>sed</strong></span> <span class='ocrx_word' id='word_1_264' title='bbox 1284 3091 1442 3145; x_wconf 89' lang='lat' dir='ltr'><strong>etiam</strong></span> <span class='ocrx_word' id='word_1_265' title='bbox 1467 3100 1682 3152; x_wconf 87' lang='lat' dir='ltr'><strong>natura;</strong></span> <span class='ocrx_word' id='word_1_266' title='bbox 1710 3105 1902 3144; x_wconf 88' lang='lat' dir='ltr'><strong>manna</strong></span> 
     </span>
    </p>
   </div>
   <div class='ocr_carea' id='block_1_33' title="bbox 313 3181 1904 3254">
    <p class='ocr_par' dir='ltr' id='par_1_33' title="bbox 313 3181 1904 3254">
     <span class='ocr_line' id='line_1_33' title="bbox 313 3181 1904 3254; baseline 0 -19"><span class='ocrx_word' id='word_1_267' title='bbox 313 3183 509 3252; x_wconf 84' lang='lat' dir='ltr'><strong>quippe</strong></span> <span class='ocrx_word' id='word_1_268' title='bbox 537 3192 690 3246; x_wconf 88' lang='lat' dir='ltr'><strong>erat;</strong></span> <span class='ocrx_word' id='word_1_269' title='bbox 737 3183 803 3237; x_wconf 91' lang='lat' dir='ltr'><strong>de</strong></span> <span class='ocrx_word' id='word_1_270' title='bbox 832 3193 962 3254; x_wconf 88' lang='lat' dir='ltr'><strong>potu</strong></span> <span class='ocrx_word' id='word_1_271' title='bbox 1001 3197 1128 3237; x_wconf 89' lang='lat' dir='ltr'><strong>vero</strong></span> <span class='ocrx_word' id='word_1_272' title='bbox 1149 3224 1161 3244; x_wconf 95' lang='lat'><strong>,</strong></span> <span class='ocrx_word' id='word_1_273' title='bbox 1201 3183 1326 3253; x_wconf 85' lang='lat' dir='ltr'><strong>quia</strong></span> <span class='ocrx_word' id='word_1_274' title='bbox 1355 3181 1514 3237; x_wconf 88' lang='lat' dir='ltr'><strong>dandi</strong></span> <span class='ocrx_word' id='word_1_275' title='bbox 1543 3181 1731 3237; x_wconf 88' lang='lat' dir='ltr'><strong>modus</strong></span> <span class='ocrx_word' id='word_1_276' title='bbox 1757 3181 1904 3236; x_wconf 85' lang='lat' dir='ltr'><strong>solus</strong></span> 
     </span>
    </p>
   </div>
   <div class='ocr_carea' id='block_1_34' title="bbox 313 3273 1905 3345">
    <p class='ocr_par' dir='ltr' id='par_1_34' title="bbox 313 3273 1905 3345">
     <span class='ocr_line' id='line_1_34' title="bbox 313 3273 1905 3345; baseline 0.003 -19"><span class='ocrx_word' id='word_1_277' title='bbox 313 3285 508 3345; x_wconf 71' lang='lat' dir='ltr'><strong>prteter</strong></span> <span class='ocrx_word' id='word_1_278' title='bbox 537 3275 841 3342; x_wconf 82' lang='lat' dir='ltr'><strong>Opinionem</strong></span> <span class='ocrx_word' id='word_1_279' title='bbox 873 3283 1009 3339; x_wconf 90' lang='lat' dir='ltr'><strong>erat,</strong></span> <span class='ocrx_word' id='word_1_280' title='bbox 1042 3273 1200 3328; x_wconf 88' lang='lat' dir='ltr'><strong>etiam</strong></span> <span class='ocrx_word' id='word_1_281' title='bbox 1244 3274 1555 3344; x_wconf 87' lang='lat' dir='ltr'><strong>probatione</strong></span> <span class='ocrx_word' id='word_1_282' title='bbox 1578 3289 1713 3345; x_wconf 83' lang='lat' dir='ltr'><strong>Opus</strong></span> <span class='ocrx_word' id='word_1_283' title='bbox 1742 3273 1905 3330; x_wconf 87' lang='lat' dir='ltr'><strong>habe-</strong></span> 
     </span>
    </p>
   </div>
   <div class='ocr_carea' id='block_1_35' title="bbox 315 3363 1904 3437">
    <p class='ocr_par' dir='ltr' id='par_1_35' title="bbox 315 3363 1904 3437">
     <span class='ocr_line' id='line_1_35' title="bbox 315 3363 1904 3437; baseline -0.001 -17"><span class='ocrx_word' id='word_1_284' title='bbox 315 3368 441 3420; x_wconf 86' lang='lat' dir='ltr'><strong>bat:</strong></span> <span class='ocrx_word' id='word_1_285' title='bbox 489 3365 608 3420; x_wconf 90' lang='lat' dir='ltr'><strong>ideo</strong></span> <span class='ocrx_word' id='word_1_286' title='bbox 646 3380 767 3419; x_wconf 90' lang='lat' dir='ltr'><strong>cum</strong></span> <span class='ocrx_word' id='word_1_287' title='bbox 811 3366 1062 3428; x_wconf 73' lang='lat' dir='ltr'><strong>dixisset,</strong></span> <span class='ocrx_word' id='word_1_288' title='bbox 1096 3363 1345 3418; x_wconf 86' lang='lat' dir='ltr'><strong>Eumdem</strong></span> <span class='ocrx_word' id='word_1_289' title='bbox 1375 3374 1550 3437; x_wconf 80' lang='lat' dir='ltr'><strong>potant</strong></span> <span class='ocrx_word' id='word_1_290' title='bbox 1585 3364 1904 3436; x_wconf 86' lang='lat' dir='ltr'><strong>spiritualem</strong></span> 
     </span>
    </p>
   </div>
   <div class='ocr_carea' id='block_1_36' title="bbox 322 3456 1901 3530">
    <p class='ocr_par' dir='ltr' id='par_1_36' title="bbox 322 3456 1901 3530">
     <span class='ocr_line' id='line_1_36' title="bbox 322 3456 1901 3530; baseline 0.001 -19"><span class='ocrx_word' id='word_1_291' title='bbox 322 3459 547 3512; x_wconf 86' lang='lat' dir='ltr'><strong>biberunt</strong></span> <span class='ocrx_word' id='word_1_292' title='bbox 574 3500 588 3522; x_wconf 93' lang='lat'><strong>,</strong></span> <span class='ocrx_word' id='word_1_293' title='bbox 629 3458 904 3528; x_wconf 88' lang='lat' dir='ltr'><strong>subjunxit</strong></span> <span class='ocrx_word' id='word_1_294' title='bbox 927 3473 942 3524; x_wconf 92' lang='lat'><strong>;</strong></span> <span class='ocrx_word' id='word_1_295' title='bbox 972 3456 1217 3511; x_wconf 87' lang='lat' dir='ltr'><strong>Bibebant</strong></span> <span class='ocrx_word' id='word_1_296' title='bbox 1243 3459 1375 3512; x_wconf 86' lang='lat' dir='ltr'><strong>enim</strong></span> <span class='ocrx_word' id='word_1_297' title='bbox 1399 3475 1468 3513; x_wconf 79' lang='lat' dir='ltr'><strong>ea:</strong></span> <span class='ocrx_word' id='word_1_298' title='bbox 1494 3459 1752 3530; x_wconf 85' lang='lat' dir='ltr'><strong>spirituali</strong></span> <span class='ocrx_word' id='word_1_299' title='bbox 1775 3475 1901 3513; x_wconf 85' lang='lat' dir='ltr'><strong>con-</strong></span> 
     </span>
    </p>
   </div>
   <div class='ocr_carea' id='block_1_37' title="bbox 311 3548 1904 3620">
    <p class='ocr_par' dir='ltr' id='par_1_37' title="bbox 311 3548 1904 3620">
     <span class='ocr_line' id='line_1_37' title="bbox 311 3548 1904 3620; baseline 0.001 -18"><span class='ocrx_word' id='word_1_300' title='bbox 311 3559 546 3620; x_wconf 75' lang='lat' dir='ltr'><strong>sequente</strong></span> <span class='ocrx_word' id='word_1_301' title='bbox 588 3559 852 3620; x_wconf 84' lang='lat' dir='ltr'><strong>petra;et</strong></span> <span class='ocrx_word' id='word_1_302' title='bbox 895 3549 1132 3612; x_wconf 87' lang='lat' dir='ltr'><strong>addidit,</strong></span> <span class='ocrx_word' id='word_1_303' title='bbox 1185 3548 1341 3603; x_wconf 87' lang='lat' dir='ltr'><strong>Petra</strong></span> <span class='ocrx_word' id='word_1_304' title='bbox 1388 3561 1555 3604; x_wconf 85' lang='lat' dir='ltr'><strong>autem</strong></span> <span class='ocrx_word' id='word_1_305' title='bbox 1597 3559 1706 3604; x_wconf 90' lang='lat' dir='ltr'><strong>erat</strong></span> <span class='ocrx_word' id='word_1_306' title='bbox 1751 3549 1904 3605; x_wconf 84' lang='lat' dir='ltr'><strong>Chri-</strong></span> 
     </span>
    </p>
   </div>
   <div class='ocr_carea' id='block_1_38' title="bbox 313 3639 1904 3711">
    <p class='ocr_par' dir='ltr' id='par_1_38' title="bbox 313 3639 1904 3711">
     <span class='ocr_line' id='line_1_38' title="bbox 313 3639 1904 3711; baseline 0.003 -19"><span class='ocrx_word' id='word_1_307' title='bbox 313 3652 439 3694; x_wconf 81' lang='lat' dir='ltr'><strong>stus.</strong></span> <span class='ocrx_word' id='word_1_308' title='bbox 473 3639 586 3694; x_wconf 84' lang='lat' dir='ltr'><strong>Non</strong></span> <span class='ocrx_word' id='word_1_309' title='bbox 628 3641 771 3695; x_wconf 90' lang='lat' dir='ltr'><strong>enim</strong></span> <span class='ocrx_word' id='word_1_310' title='bbox 815 3649 980 3711; x_wconf 75' lang='lat' dir='ltr'><strong>petra:</strong></span> <span class='ocrx_word' id='word_1_311' title='bbox 1024 3649 1213 3695; x_wconf 88' lang='lat' dir='ltr'><strong>natura</strong></span> <span class='ocrx_word' id='word_1_312' title='bbox 1251 3642 1748 3710; x_wconf 69' lang='lat' dir='ltr'><strong>aquam‘cmittebat</strong></span> <span class='ocrx_word' id='word_1_313' title='bbox 1772 3683 1787 3708; x_wconf 91' lang='lat'><strong>,</strong></span> <span class='ocrx_word' id='word_1_314' title='bbox 1817 3643 1904 3697; x_wconf 87' lang='lat' dir='ltr'><strong>in-</strong></span> 
     </span>
    </p>
   </div>
   <div class='ocr_carea' id='block_1_39' title="bbox 309 3732 1902 3802">
    <p class='ocr_par' dir='ltr' id='par_1_39' title="bbox 309 3732 1902 3802">
     <span class='ocr_line' id='line_1_39' title="bbox 309 3732 1902 3802; baseline 0.003 -18"><span class='ocrx_word' id='word_1_315' title='bbox 309 3732 456 3802; x_wconf 86' lang='lat' dir='ltr'><strong>quit,</strong></span> <span class='ocrx_word' id='word_1_316' title='bbox 509 3732 740 3801; x_wconf 86' lang='lat' dir='ltr'><strong>alioquin</strong></span> <span class='ocrx_word' id='word_1_317' title='bbox 792 3742 970 3786; x_wconf 90' lang='lat' dir='ltr'><strong>autem</strong></span> <span class='ocrx_word' id='word_1_318' title='bbox 1019 3741 1174 3786; x_wconf 83' lang='lat' dir='ltr'><strong>antea</strong></span> <span class='ocrx_word' id='word_1_319' title='bbox 1229 3733 1600 3799; x_wconf 86' lang='lat' dir='ltr'><strong>scaturiisset;</strong></span> <span class='ocrx_word' id='word_1_320' title='bbox 1662 3734 1755 3788; x_wconf 88' lang='lat' dir='ltr'><strong>sed</strong></span> <span class='ocrx_word' id='word_1_321' title='bbox 1803 3733 1902 3788; x_wconf 87' lang='lat' dir='ltr'><strong>alia</strong></span> 
     </span>
    </p>
   </div>
   <div class='ocr_carea' id='block_1_40' title="bbox 317 3821 1900 3892">
    <p class='ocr_par' dir='ltr' id='par_1_40' title="bbox 317 3821 1900 3892">
     <span class='ocr_line' id='line_1_40' title="bbox 317 3821 1900 3892; baseline 0.002 -17"><span class='ocrx_word' id='word_1_322' title='bbox 317 3823 561 3888; x_wconf 72' lang='lat' dir='ltr'><strong>qumdam</strong></span> <span class='ocrx_word' id='word_1_323' title='bbox 591 3831 740 3890; x_wconf 87' lang='lat' dir='ltr'><strong>petra</strong></span> <span class='ocrx_word' id='word_1_324' title='bbox 772 3821 1063 3890; x_wconf 88' lang='lat' dir='ltr'><strong>spiritualis</strong></span> <span class='ocrx_word' id='word_1_325' title='bbox 1097 3823 1198 3877; x_wconf 90' lang='lat' dir='ltr'><strong>hoc</strong></span> <span class='ocrx_word' id='word_1_326' title='bbox 1227 3833 1394 3877; x_wconf 90' lang='lat' dir='ltr'><strong>totum</strong></span> <span class='ocrx_word' id='word_1_327' title='bbox 1424 3823 1689 3890; x_wconf 88' lang='lat' dir='ltr'><strong>faciebat;</strong></span> <span class='ocrx_word' id='word_1_328' title='bbox 1720 3823 1769 3878; x_wconf 90' lang='lat' dir='ltr'><strong>id</strong></span> <span class='ocrx_word' id='word_1_329' title='bbox 1797 3834 1900 3892; x_wconf 91' lang='lat' dir='ltr'><strong>est,</strong></span> 
     </span>
    </p>
   </div>
   <div class='ocr_carea' id='block_1_41' title="bbox 311 3909 1903 3982">
    <p class='ocr_par' dir='ltr' id='par_1_41' title="bbox 311 3909 1903 3982">
     <span class='ocr_line' id='line_1_41' title="bbox 311 3909 1903 3982; baseline 0.003 -16"><span class='ocrx_word' id='word_1_330' title='bbox 311 3913 563 3966; x_wconf 89' lang='lat' dir='ltr'><strong>Christus</strong></span> <span class='ocrx_word' id='word_1_331' title='bbox 589 3952 603 3973; x_wconf 93' lang='lat'><strong>,</strong></span> <span class='ocrx_word' id='word_1_332' title='bbox 650 3909 739 3980; x_wconf 88' lang='lat' dir='ltr'><strong>qui</strong></span> <span class='ocrx_word' id='word_1_333' title='bbox 769 3925 983 3980; x_wconf 88' lang='lat' dir='ltr'><strong>semper</strong></span> <span class='ocrx_word' id='word_1_334' title='bbox 1022 3911 1150 3982; x_wconf 88' lang='lat' dir='ltr'><strong>ipsis</strong></span> <span class='ocrx_word' id='word_1_335' title='bbox 1188 3927 1427 3982; x_wconf 72' lang='lat' dir='ltr'><strong>prtnsens</strong></span> <span class='ocrx_word' id='word_1_336' title='bbox 1462 3923 1611 3980; x_wconf 90' lang='lat' dir='ltr'><strong>erat,</strong></span> <span class='ocrx_word' id='word_1_337' title='bbox 1644 3923 1697 3970; x_wconf 90' lang='lat' dir='ltr'><strong>et</strong></span> <span class='ocrx_word' id='word_1_338' title='bbox 1726 3917 1903 3970; x_wconf 88' lang='lat' dir='ltr'><strong>omnia</strong></span> 
     </span>
    </p>
   </div>
   <div class='ocr_carea' id='block_1_42' title="bbox 314 4002 1902 4074">
    <p class='ocr_par' dir='ltr' id='par_1_42' title="bbox 314 4002 1902 4074">
     <span class='ocr_line' id='line_1_42' title="bbox 314 4002 1902 4074; baseline 0.003 -17"><span class='ocrx_word' id='word_1_339' title='bbox 314 4003 631 4058; x_wconf 86' lang='lat' dir='ltr'><strong>mirabiliter</strong></span> <span class='ocrx_word' id='word_1_340' title='bbox 676 4003 1019 4070; x_wconf 82' lang='lat' dir='ltr'><strong>aperabatur.</strong></span> <span class='ocrx_word' id='word_1_341' title='bbox 1070 4002 1197 4057; x_wconf 89' lang='lat' dir='ltr'><strong>Ideo</strong></span> <span class='ocrx_word' id='word_1_342' title='bbox 1229 4019 1462 4074; x_wconf 87' lang='lat' dir='ltr'><strong>namque</strong></span> <span class='ocrx_word' id='word_1_343' title='bbox 1500 4004 1668 4072; x_wconf 90' lang='lat' dir='ltr'><strong>dicit,</strong></span> <span class='ocrx_word' id='word_1_344' title='bbox 1713 4005 1902 4062; x_wconf 83' lang='lat' dir='ltr'><strong>Conse-</strong></span> 
     </span>
    </p>
   </div>
   <div class='ocr_carea' id='block_1_43' title="bbox 311 4095 1902 4168">
    <p class='ocr_par' dir='ltr' id='par_1_43' title="bbox 311 4095 1902 4168">
     <span class='ocr_line' id='line_1_43' title="bbox 311 4095 1902 4168; baseline 0.003 -19"><span class='ocrx_word' id='word_1_345' title='bbox 311 4107 514 4168; x_wconf 86' lang='lat' dir='ltr'><strong>queute.</strong></span> <span class='ocrx_word' id='word_1_346' title='bbox 579 4095 829 4150; x_wconf 86' lang='lat' dir='ltr'><strong>Vidistiu’</strong></span> <span class='ocrx_word' id='word_1_347' title='bbox 868 4095 1023 4149; x_wconf 90' lang='lat' dir='ltr'><strong>Pauli</strong></span> <span class='ocrx_word' id='word_1_348' title='bbox 1068 4095 1387 4165; x_wconf 85' lang='lat' dir='ltr'><strong>sapientiam</strong></span> <span class='ocrx_word' id='word_1_349' title='bbox 1414 4137 1429 4162; x_wconf 93' lang='lat'><strong>,</strong></span> <span class='ocrx_word' id='word_1_350' title='bbox 1474 4098 1743 4168; x_wconf 90' lang='lat' dir='ltr'><strong>quomodo</strong></span> <span class='ocrx_word' id='word_1_351' title='bbox 1781 4115 1902 4153; x_wconf 89' lang='lat' dir='ltr'><strong>cum</strong></span> 
     </span>
    </p>
   </div>
   <div class='ocr_carea' id='block_1_44' title="bbox 311 4188 1905 4258">
    <p class='ocr_par' dir='ltr' id='par_1_44' title="bbox 311 4188 1905 4258">
     <span class='ocr_line' id='line_1_44' title="bbox 311 4188 1905 4258; baseline 0.003 -14"><span class='ocrx_word' id='word_1_352' title='bbox 311 4189 548 4245; x_wconf 81' lang='lat' dir='ltr'><strong>ostendit</strong></span> <span class='ocrx_word' id='word_1_353' title='bbox 606 4198 893 4258; x_wconf 88' lang='lat' dir='ltr'><strong>utrumque</strong></span> <span class='ocrx_word' id='word_1_354' title='bbox 932 4188 1400 4258; x_wconf 82' lang='lat' dir='ltr'><strong>suppeditavisse,</strong></span> <span class='ocrx_word' id='word_1_355' title='bbox 1451 4199 1506 4245; x_wconf 90' lang='lat' dir='ltr'><strong>et</strong></span> <span class='ocrx_word' id='word_1_356' title='bbox 1551 4190 1651 4246; x_wconf 91' lang='lat' dir='ltr'><strong>hac</strong></span> <span class='ocrx_word' id='word_1_357' title='bbox 1698 4191 1905 4248; x_wconf 89' lang='lat' dir='ltr'><strong>ratione</strong></span> 
     </span>
    </p>
   </div>
   <div class='ocr_carea' id='block_1_45' title="bbox 314 4281 1900 4354">
    <p class='ocr_par' dir='ltr' id='par_1_45' title="bbox 314 4281 1900 4354">
     <span class='ocr_line' id='line_1_45' title="bbox 314 4281 1900 4354; baseline 0.001 -17"><span class='ocrx_word' id='word_1_358' title='bbox 314 4292 496 4354; x_wconf 86' lang='lat' dir='ltr'><strong>typum</strong></span> <span class='ocrx_word' id='word_1_359' title='bbox 524 4297 692 4353; x_wconf 88' lang='lat' dir='ltr'><strong>prope</strong></span> <span class='ocrx_word' id='word_1_360' title='bbox 718 4283 998 4338; x_wconf 85' lang='lat' dir='ltr'><strong>veritatem</strong></span> <span class='ocrx_word' id='word_1_361' title='bbox 1026 4281 1288 4336; x_wconf 83' lang='lat' dir='ltr'><strong>adduxit?</strong></span> <span class='ocrx_word' id='word_1_362' title='bbox 1307 4283 1404 4351; x_wconf 88' lang='lat' dir='ltr'><strong>Qui</strong></span> <span class='ocrx_word' id='word_1_363' title='bbox 1428 4284 1570 4339; x_wconf 90' lang='lat' dir='ltr'><strong>enim</strong></span> <span class='ocrx_word' id='word_1_364' title='bbox 1599 4283 1687 4338; x_wconf 90' lang='lat' dir='ltr'><strong>illa</strong></span> <span class='ocrx_word' id='word_1_365' title='bbox 1712 4285 1900 4354; x_wconf 90' lang='lat' dir='ltr'><strong>inquit,</strong></span> 
     </span>
    </p>
   </div>
   <div class='ocr_carea' id='block_1_46' title="bbox 313 4373 1899 4445">
    <p class='ocr_par' dir='ltr' id='par_1_46' title="bbox 313 4373 1899 4445">
     <span class='ocr_line' id='line_1_46' title="bbox 313 4373 1899 4445; baseline 0.003 -19"><span class='ocrx_word' id='word_1_366' title='bbox 313 4374 442 4444; x_wconf 85' lang='lat' dir='ltr'><strong>ipsis</strong></span> <span class='ocrx_word' id='word_1_367' title='bbox 465 4374 859 4445; x_wconf 82' lang='lat' dir='ltr'><strong>suppeditavit;</strong></span> <span class='ocrx_word' id='word_1_368' title='bbox 904 4373 991 4429; x_wconf 91' lang='lat' dir='ltr'><strong>hic</strong></span> <span class='ocrx_word' id='word_1_369' title='bbox 1013 4373 1127 4444; x_wconf 90' lang='lat' dir='ltr'><strong>ipse</strong></span> <span class='ocrx_word' id='word_1_370' title='bbox 1163 4373 1299 4428; x_wconf 88' lang='lat' dir='ltr'><strong>hanc</strong></span> <span class='ocrx_word' id='word_1_371' title='bbox 1321 4374 1598 4445; x_wconf 88' lang='lat' dir='ltr'><strong>apparavit</strong></span> <span class='ocrx_word' id='word_1_372' title='bbox 1629 4391 1899 4431; x_wconf 76' lang='lat' dir='ltr'><strong>mensam:</strong></span> 
     </span>
    </p>
   </div>
   <div class='ocr_carea' id='block_1_47' title="bbox 310 4467 1900 4538">
    <p class='ocr_par' dir='ltr' id='par_1_47' title="bbox 310 4467 1900 4538">
     <span class='ocr_line' id='line_1_47' title="bbox 310 4467 1900 4538; baseline 0.001 -17"><span class='ocrx_word' id='word_1_373' title='bbox 310 4477 366 4522; x_wconf 89' lang='lat' dir='ltr'><strong>et</strong></span> <span class='ocrx_word' id='word_1_374' title='bbox 425 4467 563 4521; x_wconf 91' lang='lat' dir='ltr'><strong>idem</strong></span> <span class='ocrx_word' id='word_1_375' title='bbox 609 4469 724 4537; x_wconf 87' lang='lat' dir='ltr'><strong>ipse</strong></span> <span class='ocrx_word' id='word_1_376' title='bbox 778 4467 901 4521; x_wconf 91' lang='lat' dir='ltr'><strong>illos</strong></span> <span class='ocrx_word' id='word_1_377' title='bbox 957 4482 1055 4537; x_wconf 91' lang='lat' dir='ltr'><strong>per</strong></span> <span class='ocrx_word' id='word_1_378' title='bbox 1099 4481 1285 4535; x_wconf 89' lang='lat' dir='ltr'><strong>mare,</strong></span> <span class='ocrx_word' id='word_1_379' title='bbox 1333 4476 1385 4521; x_wconf 92' lang='lat' dir='ltr'><strong>te</strong></span> <span class='ocrx_word' id='word_1_380' title='bbox 1435 4483 1530 4537; x_wconf 90' lang='lat' dir='ltr'><strong>per</strong></span> <span class='ocrx_word' id='word_1_381' title='bbox 1577 4469 1900 4538; x_wconf 89' lang='lat' dir='ltr'><strong>baptismum</strong></span> 
     </span>
    </p>
   </div>
   <div class='ocr_carea' id='block_1_48' title="bbox 311 4557 1900 4627">
    <p class='ocr_par' dir='ltr' id='par_1_48' title="bbox 311 4557 1900 4627">
     <span class='ocr_line' id='line_1_48' title="bbox 311 4557 1900 4627; baseline 0.003 -17"><span class='ocrx_word' id='word_1_382' title='bbox 311 4557 501 4616; x_wconf 87' lang='lat' dir='ltr'><strong>duxit;</strong></span> <span class='ocrx_word' id='word_1_383' title='bbox 543 4557 754 4626; x_wconf 78' lang='lat' dir='ltr'><strong>illisque</strong></span> <span class='ocrx_word' id='word_1_384' title='bbox 782 4573 976 4611; x_wconf 88' lang='lat' dir='ltr'><strong>manna</strong></span> <span class='ocrx_word' id='word_1_385' title='bbox 1006 4567 1061 4610; x_wconf 89' lang='lat' dir='ltr'><strong>et</strong></span> <span class='ocrx_word' id='word_1_386' title='bbox 1089 4573 1280 4627; x_wconf 88' lang='lat' dir='ltr'><strong>aquam</strong></span> <span class='ocrx_word' id='word_1_387' title='bbox 1304 4598 1319 4623; x_wconf 91' lang='lat'><strong>,</strong></span> <span class='ocrx_word' id='word_1_388' title='bbox 1349 4558 1444 4612; x_wconf 89' lang='lat' dir='ltr'><strong>tibi</strong></span> <span class='ocrx_word' id='word_1_389' title='bbox 1471 4574 1665 4627; x_wconf 90' lang='lat' dir='ltr'><strong>corpus</strong></span> <span class='ocrx_word' id='word_1_390' title='bbox 1691 4570 1745 4615; x_wconf 92' lang='lat' dir='ltr'><strong>et</strong></span> <span class='ocrx_word' id='word_1_391' title='bbox 1774 4577 1900 4614; x_wconf 85' lang='lat' dir='ltr'><strong>san-</strong></span> 
     </span>
    </p>
   </div>
   <div class='ocr_carea' id='block_1_49' title="bbox 311 4649 1902 4721">
    <p class='ocr_par' dir='ltr' id='par_1_49' title="bbox 311 4649 1902 4721">
     <span class='ocr_line' id='line_1_49' title="bbox 311 4649 1902 4721; baseline 0.003 -19"><span class='ocrx_word' id='word_1_392' title='bbox 311 4649 525 4718; x_wconf 77' lang='lat' dir='ltr'><strong>guinem</strong></span> <span class='ocrx_word' id='word_1_393' title='bbox 555 4649 800 4717; x_wconf 70' lang='lat' dir='ltr'><strong>prmbuit.</strong></span> <span class='ocrx_word' id='word_1_394' title='bbox 851 4649 919 4703; x_wconf 89' lang='lat' dir='ltr'><strong>Et</strong></span> <span class='ocrx_word' id='word_1_395' title='bbox 966 4649 1088 4703; x_wconf 90' lang='lat' dir='ltr'><strong>talia</strong></span> <span class='ocrx_word' id='word_1_396' title='bbox 1128 4659 1254 4703; x_wconf 89' lang='lat' dir='ltr'><strong>sunt</strong></span> <span class='ocrx_word' id='word_1_397' title='bbox 1289 4663 1352 4703; x_wconf 88' lang='lat' dir='ltr'><strong>ea</strong></span> <span class='ocrx_word' id='word_1_398' title='bbox 1390 4665 1509 4718; x_wconf 68' lang='lat' dir='ltr'><strong>quso</strong></span> <span class='ocrx_word' id='word_1_399' title='bbox 1548 4649 1746 4704; x_wconf 92' lang='lat' dir='ltr'><strong>donum</strong></span> <span class='ocrx_word' id='word_1_400' title='bbox 1788 4653 1902 4721; x_wconf 86' lang='lat' dir='ltr'><strong>ejus</strong></span> 
     </span>
    </p>
   </div>
   <div class='ocr_carea' id='block_1_50' title="bbox 311 4739 1902 4809">
    <p class='ocr_par' dir='ltr' id='par_1_50' title="bbox 311 4739 1902 4809">
     <span class='ocr_line' id='line_1_50' title="bbox 311 4739 1902 4809; baseline 0.001 -16"><span class='ocrx_word' id='word_1_401' title='bbox 311 4748 578 4808; x_wconf 84' lang='lat' dir='ltr'><strong>spectant.</strong></span> <span class='ocrx_word' id='word_1_402' title='bbox 611 4739 905 4794; x_wconf 83' lang='lat' dir='ltr'><strong>Videamus</strong></span> <span class='ocrx_word' id='word_1_403' title='bbox 935 4754 1064 4793; x_wconf 90' lang='lat' dir='ltr'><strong>vero</strong></span> <span class='ocrx_word' id='word_1_404' title='bbox 1091 4741 1250 4794; x_wconf 89' lang='lat' dir='ltr'><strong>etiam</strong></span> <span class='ocrx_word' id='word_1_405' title='bbox 1279 4743 1557 4809; x_wconf 87' lang='lat' dir='ltr'><strong>sequentia</strong></span> <span class='ocrx_word' id='word_1_406' title='bbox 1584 4779 1599 4803; x_wconf 89' lang='lat'><strong>,</strong></span> <span class='ocrx_word' id='word_1_407' title='bbox 1646 4751 1699 4794; x_wconf 91' lang='lat' dir='ltr'><strong>et</strong></span> <span class='ocrx_word' id='word_1_408' title='bbox 1727 4745 1902 4795; x_wconf 90' lang='lat' dir='ltr'><strong>consi-</strong></span> 
     </span>
    </p>
   </div>
   <div class='ocr_carea' id='block_1_51' title="bbox 311 4831 1903 4904">
    <p class='ocr_par' dir='ltr' id='par_1_51' title="bbox 311 4831 1903 4904">
     <span class='ocr_line' id='line_1_51' title="bbox 311 4831 1903 4904; baseline 0.001 -18"><span class='ocrx_word' id='word_1_409' title='bbox 311 4833 563 4888; x_wconf 89' lang='lat' dir='ltr'><strong>deremus</strong></span> <span class='ocrx_word' id='word_1_410' title='bbox 605 4846 672 4885; x_wconf 86' lang='lat' dir='ltr'><strong>an</strong></span> <span class='ocrx_word' id='word_1_411' title='bbox 695 4872 709 4896; x_wconf 91' lang='lat'><strong>,</strong></span> <span class='ocrx_word' id='word_1_412' title='bbox 741 4847 862 4885; x_wconf 90' lang='lat' dir='ltr'><strong>cum</strong></span> <span class='ocrx_word' id='word_1_413' title='bbox 894 4831 1038 4885; x_wconf 91' lang='lat' dir='ltr'><strong>dono</strong></span> <span class='ocrx_word' id='word_1_414' title='bbox 1069 4831 1269 4902; x_wconf 79' lang='lat' dir='ltr'><strong>indigni</strong></span> <span class='ocrx_word' id='word_1_415' title='bbox 1301 4831 1401 4885; x_wconf 89' lang='lat' dir='ltr'><strong>visi</strong></span> <span class='ocrx_word' id='word_1_416' title='bbox 1427 4842 1607 4887; x_wconf 86' lang='lat' dir='ltr'><strong>essent</strong></span> <span class='ocrx_word' id='word_1_417' title='bbox 1635 4833 1741 4899; x_wconf 88' lang='lat' dir='ltr'><strong>illi,</strong></span> <span class='ocrx_word' id='word_1_418' title='bbox 1775 4834 1903 4904; x_wconf 91' lang='lat' dir='ltr'><strong>ipsis</strong></span> 
     </span>
    </p>
   </div>
   <div class='ocr_carea' id='block_1_52' title="bbox 316 4923 1898 4995">
    <p class='ocr_par' dir='ltr' id='par_1_52' title="bbox 316 4923 1898 4995">
     <span class='ocr_line' id='line_1_52' title="bbox 316 4923 1898 4995; baseline 0.004 -21"><span class='ocrx_word' id='word_1_419' title='bbox 316 4925 637 4995; x_wconf 89' lang='lat' dir='ltr'><strong>pepercerit.</strong></span> <span class='ocrx_word' id='word_1_420' title='bbox 671 4926 741 4978; x_wconf 85' lang='lat' dir='ltr'><strong>At</strong></span> <span class='ocrx_word' id='word_1_421' title='bbox 772 4923 875 4978; x_wconf 90' lang='lat' dir='ltr'><strong>hoc</strong></span> <span class='ocrx_word' id='word_1_422' title='bbox 905 4923 1085 4978; x_wconf 90' lang='lat' dir='ltr'><strong>dicere</strong></span> <span class='ocrx_word' id='word_1_423' title='bbox 1115 4939 1221 4978; x_wconf 91' lang='lat' dir='ltr'><strong>non</strong></span> <span class='ocrx_word' id='word_1_424' title='bbox 1252 4925 1423 4994; x_wconf 92' lang='lat' dir='ltr'><strong>possis</strong></span> <span class='ocrx_word' id='word_1_425' title='bbox 1448 4943 1460 4978; x_wconf 92' lang='lat'><strong>:</strong></span> <span class='ocrx_word' id='word_1_426' title='bbox 1494 4925 1614 4981; x_wconf 90' lang='lat' dir='ltr'><strong>ideo</strong></span> <span class='ocrx_word' id='word_1_427' title='bbox 1639 4926 1898 4982; x_wconf 90' lang='lat' dir='ltr'><strong>subdidit:</strong></span> 
     </span>
    </p>
   </div>
   <div class='ocr_carea' id='block_1_53' title="bbox 315 5015 1900 5088">
    <p class='ocr_par' dir='ltr' id='par_1_53' title="bbox 315 5015 1900 5088">
     <span class='ocr_line' id='line_1_53' title="bbox 315 5015 1900 5088; baseline 0.003 -17"><span class='ocrx_word' id='word_1_428' title='bbox 315 5017 422 5071; x_wconf 97' lang='lat' dir='ltr'><strong>Sed</strong></span> <span class='ocrx_word' id='word_1_429' title='bbox 453 5034 552 5071; x_wconf 88' lang='lat' dir='ltr'><strong>non</strong></span> <span class='ocrx_word' id='word_1_430' title='bbox 582 5019 634 5071; x_wconf 89' lang='lat' dir='ltr'><strong>in</strong></span> <span class='ocrx_word' id='word_1_431' title='bbox 664 5017 894 5087; x_wconf 76' lang='lat' dir='ltr'><strong>pluribus</strong></span> <span class='ocrx_word' id='word_1_432' title='bbox 921 5032 1093 5071; x_wconf 85' lang='lat' dir='ltr'><strong>eorum</strong></span> <span class='ocrx_word' id='word_1_433' title='bbox 1123 5015 1490 5088; x_wconf 85' lang='lat' dir='ltr'><strong>beneplacitum</strong></span> <span class='ocrx_word' id='word_1_434' title='bbox 1517 5029 1591 5073; x_wconf 84' lang='lat' dir='ltr'><strong>est</strong></span> <span class='ocrx_word' id='word_1_435' title='bbox 1630 5017 1770 5087; x_wconf 85' lang='lat' dir='ltr'><strong>Deo,</strong></span> <span class='ocrx_word' id='word_1_436' title='bbox 1801 5021 1900 5076; x_wconf 86' lang='lat' dir='ltr'><strong>etsi</strong></span> 
     </span>
    </p>
   </div>
   <div class='ocr_carea' id='block_1_54' title="bbox 316 5109 1901 5195">
    <p class='ocr_par' dir='ltr' id='par_1_54' title="bbox 316 5109 1901 5195">
     <span class='ocr_line' id='line_1_54' title="bbox 316 5109 1901 5195; baseline 0.003 -33"><span class='ocrx_word' id='word_1_437' title='bbox 316 5118 465 5164; x_wconf 86' lang='lat' dir='ltr'><strong>tanto</strong></span> <span class='ocrx_word' id='word_1_438' title='bbox 504 5109 625 5163; x_wconf 86' lang='lat' dir='ltr'><strong>illos</strong></span> <span class='ocrx_word' id='word_1_439' title='bbox 665 5109 870 5164; x_wconf 90' lang='lat' dir='ltr'><strong>honore</strong></span> <span class='ocrx_word' id='word_1_440' title='bbox 915 5109 1166 5180; x_wconf 78' lang='lat' dir='ltr'><strong>dignatus</strong></span> <span class='ocrx_word' id='word_1_441' title='bbox 1205 5117 1308 5164; x_wconf 88' lang='lat' dir='ltr'><strong>est.</strong></span> <span class='ocrx_word' id='word_1_442' title='bbox 1360 5109 1605 5195; x_wconf 52' lang='lat' dir='ltr'><strong>At&#39;nihil</strong></span> <span class='ocrx_word' id='word_1_443' title='bbox 1650 5109 1752 5166; x_wconf 85' lang='lat' dir='ltr'><strong>hoc</strong></span> <span class='ocrx_word' id='word_1_444' title='bbox 1796 5111 1901 5167; x_wconf 90' lang='lat' dir='ltr'><strong>illis</strong></span> 
     </span>
    </p>
   </div>
   <div class='ocr_carea' id='block_1_55' title="bbox 316 5199 1899 5271">
    <p class='ocr_par' dir='ltr' id='par_1_55' title="bbox 316 5199 1899 5271">
     <span class='ocr_line' id='line_1_55' title="bbox 316 5199 1899 5271; baseline 0.003 -17"><span class='ocrx_word' id='word_1_445' title='bbox 316 5199 556 5270; x_wconf 79' lang='lat' dir='ltr'><strong>profuit;</strong></span> <span class='ocrx_word' id='word_1_446' title='bbox 604 5200 697 5253; x_wconf 91' lang='lat' dir='ltr'><strong>sed</strong></span> <span class='ocrx_word' id='word_1_447' title='bbox 742 5202 925 5268; x_wconf 89' lang='lat' dir='ltr'><strong>plures</strong></span> <span class='ocrx_word' id='word_1_448' title='bbox 967 5216 1034 5256; x_wconf 88' lang='lat' dir='ltr'><strong>ex</strong></span> <span class='ocrx_word' id='word_1_449' title='bbox 1076 5200 1141 5255; x_wconf 90' lang='lat' dir='ltr'><strong>iis</strong></span> <span class='ocrx_word' id='word_1_450' title='bbox 1190 5201 1483 5271; x_wconf 87' lang='lat' dir='ltr'><strong>perierunt.</strong></span> <span class='ocrx_word' id='word_1_451' title='bbox 1525 5202 1683 5270; x_wconf 86' lang='lat' dir='ltr'><strong>Atqui</strong></span> <span class='ocrx_word' id='word_1_452' title='bbox 1712 5218 1899 5259; x_wconf 84' lang='lat' dir='ltr'><strong>omnes</strong></span> 
     </span>
    </p>
   </div>
   <div class='ocr_carea' id='block_1_56' title="bbox 313 5291 1897 5364">
    <p class='ocr_par' dir='ltr' id='par_1_56' title="bbox 313 5291 1897 5364">
     <span class='ocr_line' id='line_1_56' title="bbox 313 5291 1897 5364; baseline 0.002 -19"><span class='ocrx_word' id='word_1_453' title='bbox 313 5291 563 5362; x_wconf 87' lang='lat' dir='ltr'><strong>periere;</strong></span> <span class='ocrx_word' id='word_1_454' title='bbox 618 5305 686 5344; x_wconf 88' lang='lat' dir='ltr'><strong>ne</strong></span> <span class='ocrx_word' id='word_1_455' title='bbox 733 5299 912 5345; x_wconf 86' lang='lat' dir='ltr'><strong>autem</strong></span> <span class='ocrx_word' id='word_1_456' title='bbox 960 5293 1200 5347; x_wconf 85' lang='lat' dir='ltr'><strong>videatur</strong></span> <span class='ocrx_word' id='word_1_457' title='bbox 1241 5293 1344 5347; x_wconf 91' lang='lat' dir='ltr'><strong>illis</strong></span> <span class='ocrx_word' id='word_1_458' title='bbox 1383 5300 1678 5347; x_wconf 83' lang='lat' dir='ltr'><strong>extremam</strong></span> <span class='ocrx_word' id='word_1_459' title='bbox 1724 5295 1897 5364; x_wconf 85' lang='lat' dir='ltr'><strong>perni-</strong></span> 
     </span>
    </p>
   </div>
   <div class='ocr_carea' id='block_1_57' title="bbox 311 5381 1897 5454">
    <p class='ocr_par' dir='ltr' id='par_1_57' title="bbox 311 5381 1897 5454">
     <span class='ocr_line' id='line_1_57' title="bbox 311 5381 1897 5454; baseline 0 -14"><span class='ocrx_word' id='word_1_460' title='bbox 311 5385 451 5440; x_wconf 91' lang='lat' dir='ltr'><strong>ciem</strong></span> <span class='ocrx_word' id='word_1_461' title='bbox 483 5381 826 5453; x_wconf 82' lang='lat' dir='ltr'><strong>pmphetare,</strong></span> <span class='ocrx_word' id='word_1_462' title='bbox 856 5382 977 5437; x_wconf 91' lang='lat' dir='ltr'><strong>ideo</strong></span> <span class='ocrx_word' id='word_1_463' title='bbox 1004 5384 1157 5447; x_wconf 81' lang='lat' dir='ltr'><strong>dixit,</strong></span> <span class='ocrx_word' id='word_1_464' title='bbox 1188 5386 1376 5454; x_wconf 86' lang='lat' dir='ltr'><strong>plures.</strong></span> <span class='ocrx_word' id='word_1_465' title='bbox 1425 5385 1586 5453; x_wconf 85' lang='lat' dir='ltr'><strong>Atqui</strong></span> <span class='ocrx_word' id='word_1_466' title='bbox 1623 5395 1777 5440; x_wconf 88' lang='lat' dir='ltr'><strong>erant</strong></span> <span class='ocrx_word' id='word_1_467' title='bbox 1811 5385 1897 5440; x_wconf 85' lang='lat' dir='ltr'><strong>in—</strong></span> 
     </span>
    </p>
   </div>
   <div class='ocr_carea' id='block_1_58' title="bbox 312 5471 1897 5546">
    <p class='ocr_par' dir='ltr' id='par_1_58' title="bbox 312 5471 1897 5546">
     <span class='ocr_line' id='line_1_58' title="bbox 312 5471 1897 5546; baseline 0 -16"><span class='ocrx_word' id='word_1_468' title='bbox 312 5473 702 5539; x_wconf 86' lang='lat' dir='ltr'><strong>numerabiles,</strong></span> <span class='ocrx_word' id='word_1_469' title='bbox 738 5471 832 5527; x_wconf 92' lang='lat' dir='ltr'><strong>sed</strong></span> <span class='ocrx_word' id='word_1_470' title='bbox 865 5472 995 5525; x_wconf 91' lang='lat' dir='ltr'><strong>nihil</strong></span> <span class='ocrx_word' id='word_1_471' title='bbox 1025 5473 1222 5543; x_wconf 81' lang='lat' dir='ltr'><strong>profuit</strong></span> <span class='ocrx_word' id='word_1_472' title='bbox 1255 5475 1539 5529; x_wconf 92' lang='lat' dir='ltr'><strong>multiludo</strong></span> <span class='ocrx_word' id='word_1_473' title='bbox 1567 5493 1580 5529; x_wconf 90' lang='lat'><strong>:</strong></span> <span class='ocrx_word' id='word_1_474' title='bbox 1613 5475 1897 5546; x_wconf 90' lang='lat' dir='ltr'><strong>omniaque</strong></span> 
     </span>
    </p>
   </div>
   <div class='ocr_carea' id='block_1_59' title="bbox 313 5565 1894 5638">
    <p class='ocr_par' dir='ltr' id='par_1_59' title="bbox 313 5565 1894 5638">
     <span class='ocr_line' id='line_1_59' title="bbox 313 5565 1894 5638; baseline -0.001 -14"><span class='ocrx_word' id='word_1_475' title='bbox 313 5567 404 5624; x_wconf 88' lang='lat' dir='ltr'><strong>illa</strong></span> <span class='ocrx_word' id='word_1_476' title='bbox 447 5575 604 5623; x_wconf 86' lang='lat' dir='ltr'><strong>erant</strong></span> <span class='ocrx_word' id='word_1_477' title='bbox 646 5566 847 5622; x_wconf 90' lang='lat' dir='ltr'><strong>amoris</strong></span> <span class='ocrx_word' id='word_1_478' title='bbox 879 5565 1070 5620; x_wconf 84' lang='lat' dir='ltr'><strong>indicia</strong></span> <span class='ocrx_word' id='word_1_479' title='bbox 1098 5583 1112 5632; x_wconf 92' lang='lat'><strong>;</strong></span> <span class='ocrx_word' id='word_1_480' title='bbox 1145 5565 1238 5620; x_wconf 89' lang='lat' dir='ltr'><strong>sed</strong></span> <span class='ocrx_word' id='word_1_481' title='bbox 1273 5582 1445 5637; x_wconf 88' lang='lat' dir='ltr'><strong>neque</strong></span> <span class='ocrx_word' id='word_1_482' title='bbox 1487 5568 1586 5622; x_wconf 87' lang='lat' dir='ltr'><strong>hoc</strong></span> <span class='ocrx_word' id='word_1_483' title='bbox 1615 5569 1743 5637; x_wconf 89' lang='lat' dir='ltr'><strong>ipsis</strong></span> <span class='ocrx_word' id='word_1_484' title='bbox 1770 5585 1894 5638; x_wconf 86' lang='lat' dir='ltr'><strong>pro-</strong></span> 
     </span>
    </p>
   </div>
   <div class='ocr_carea' id='block_1_60' title="bbox 314 5655 1887 5730">
    <p class='ocr_par' dir='ltr' id='par_1_60' title="bbox 314 5655 1887 5730">
     <span class='ocr_line' id='line_1_60' title="bbox 314 5655 1887 5730; baseline 0 -18"><span class='ocrx_word' id='word_1_485' title='bbox 314 5655 408 5713; x_wconf 87' lang='lat' dir='ltr'><strong>fuit</strong></span> <span class='ocrx_word' id='word_1_486' title='bbox 435 5665 462 5723; x_wconf 91' lang='lat'><strong>,&#39;</strong></span> <span class='ocrx_word' id='word_1_487' title='bbox 495 5658 746 5729; x_wconf 84' lang='lat' dir='ltr'><strong>quoniam</strong></span> <span class='ocrx_word' id='word_1_488' title='bbox 775 5673 895 5730; x_wconf 74' lang='lat' dir='ltr'><strong>qua:</strong></span> <span class='ocrx_word' id='word_1_489' title='bbox 935 5657 1134 5712; x_wconf 89' lang='lat' dir='ltr'><strong>amoris</strong></span> <span class='ocrx_word' id='word_1_490' title='bbox 1176 5666 1328 5712; x_wconf 86' lang='lat' dir='ltr'><strong>erant</strong></span> <span class='ocrx_word' id='word_1_491' title='bbox 1369 5671 1477 5713; x_wconf 92' lang='lat' dir='ltr'><strong>non</strong></span> <span class='ocrx_word' id='word_1_492' title='bbox 1509 5657 1887 5728; x_wconf 82' lang='lat' dir='ltr'><strong>rependerant.</strong></span> 
     </span>
    </p>
   </div>
   <div class='ocr_carea' id='block_1_61' title="bbox 3504 233 3609 290">
    <p class='ocr_par' dir='ltr' id='par_1_61' title="bbox 3504 233 3609 290">
     <span class='ocr_line' id='line_1_61' title="bbox 3504 233 3609 290; baseline -0.029 0"><span class='ocrx_word' id='word_1_493' title='bbox 3504 235 3528 290; x_wconf 78' lang='grc' dir='ltr'>ι</span> <span class='ocrx_word' id='word_1_494' title='bbox 3537 233 3609 288; x_wconf 78' lang='lat'><strong>9.2</strong></span> 
     </span>
    </p>
   </div>
   <div class='ocr_carea' id='block_1_62' title="bbox 2029 327 3607 420">
    <p class='ocr_par' dir='ltr' id='par_1_62' title="bbox 2029 327 3607 420">
     <span class='ocr_line' id='line_1_62' title="bbox 2029 327 3607 420; baseline 0.004 -21"><span class='ocrx_word' id='word_1_495' title='bbox 2029 327 2162 412; x_wconf 86' lang='lat' dir='ltr'><strong>Quia</strong></span> <span class='ocrx_word' id='word_1_496' title='bbox 2206 346 2347 400; x_wconf 92' lang='lat' dir='ltr'><strong>enim</strong></span> <span class='ocrx_word' id='word_1_497' title='bbox 2397 344 2462 402; x_wconf 91' lang='lat' dir='ltr'><strong>iis</strong></span> <span class='ocrx_word' id='word_1_498' title='bbox 2500 363 2619 418; x_wconf 71' lang='lat' dir='ltr'><strong>quae</strong></span> <span class='ocrx_word' id='word_1_499' title='bbox 2657 347 2725 403; x_wconf 89' lang='lat' dir='ltr'><strong>de</strong></span> <span class='ocrx_word' id='word_1_500' title='bbox 2758 347 3003 420; x_wconf 82' lang='lat' dir='ltr'><strong>gehenna</strong></span> <span class='ocrx_word' id='word_1_501' title='bbox 3046 347 3295 404; x_wconf 88' lang='lat' dir='ltr'><strong>dicuntur</strong></span> <span class='ocrx_word' id='word_1_502' title='bbox 3320 345 3473 402; x_wconf 88' lang='lat' dir='ltr'><strong>multi</strong></span> <span class='ocrx_word' id='word_1_503' title='bbox 3500 363 3607 405; x_wconf 86' lang='lat' dir='ltr'><strong>non</strong></span> 
     </span>
    </p>
   </div>
   <div class='ocr_carea' id='block_1_63' title="bbox 2021 435 3608 509">
    <p class='ocr_par' dir='ltr' id='par_1_63' title="bbox 2021 435 3608 509">
     <span class='ocr_line' id='line_1_63' title="bbox 2021 435 3608 509; baseline 0.004 -19"><span class='ocrx_word' id='word_1_504' title='bbox 2021 435 2287 500; x_wconf 88' lang='lat' dir='ltr'><strong>credunt,</strong></span> <span class='ocrx_word' id='word_1_505' title='bbox 2348 445 2533 506; x_wconf 87' lang='lat' dir='ltr'><strong>utpote</strong></span> <span class='ocrx_word' id='word_1_506' title='bbox 2592 454 2711 508; x_wconf 68' lang='lat' dir='ltr'><strong>qum</strong></span> <span class='ocrx_word' id='word_1_507' title='bbox 2757 454 2861 493; x_wconf 91' lang='lat' dir='ltr'><strong>non</strong></span> <span class='ocrx_word' id='word_1_508' title='bbox 2908 449 3196 509; x_wconf 87' lang='lat' dir='ltr'><strong>appareant</strong></span> <span class='ocrx_word' id='word_1_509' title='bbox 3245 454 3344 494; x_wconf 84' lang='lat' dir='ltr'><strong>nec</strong></span> <span class='ocrx_word' id='word_1_510' title='bbox 3386 439 3608 496; x_wconf 88' lang='lat' dir='ltr'><strong>vidcan-</strong></span> 
     </span>
    </p>
   </div>
   <div class='ocr_carea' id='block_1_64' title="bbox 2024 527 3607 598">
    <p class='ocr_par' dir='ltr' id='par_1_64' title="bbox 2024 527 3607 598">
     <span class='ocr_line' id='line_1_64' title="bbox 2024 527 3607 598; baseline 0.005 -18"><span class='ocrx_word' id='word_1_511' title='bbox 2024 535 2145 591; x_wconf 90' lang='lat' dir='ltr'><strong>tur;</strong></span> <span class='ocrx_word' id='word_1_512' title='bbox 2189 527 2257 582; x_wconf 88' lang='lat' dir='ltr'><strong>ab</strong></span> <span class='ocrx_word' id='word_1_513' title='bbox 2304 528 2368 583; x_wconf 87' lang='lat' dir='ltr'><strong>iis</strong></span> <span class='ocrx_word' id='word_1_514' title='bbox 2407 543 2525 598; x_wconf 67' lang='lat' dir='ltr'><strong>quae</strong></span> <span class='ocrx_word' id='word_1_515' title='bbox 2562 528 2673 598; x_wconf 92' lang='lat' dir='ltr'><strong>jam</strong></span> <span class='ocrx_word' id='word_1_516' title='bbox 2717 527 2853 583; x_wconf 84' lang='lat' dir='ltr'><strong>facta</strong></span> <span class='ocrx_word' id='word_1_517' title='bbox 2900 529 3110 584; x_wconf 82' lang='lat' dir='ltr'><strong>fuerant</strong></span> <span class='ocrx_word' id='word_1_518' title='bbox 3151 529 3406 594; x_wconf 88' lang='lat' dir='ltr'><strong>ostendit,</strong></span> <span class='ocrx_word' id='word_1_519' title='bbox 3439 531 3607 588; x_wconf 87' lang='lat' dir='ltr'><strong>Deum</strong></span> 
     </span>
    </p>
   </div>
   <div class='ocr_carea' id='block_1_65' title="bbox 2023 617 3609 688">
    <p class='ocr_par' dir='ltr' id='par_1_65' title="bbox 2023 617 3609 688">
     <span class='ocr_line' id='line_1_65' title="bbox 2023 617 3609 688; baseline 0.006 -20"><span class='ocrx_word' id='word_1_520' title='bbox 2023 617 2212 686; x_wconf 90' lang='lat' dir='ltr'><strong>punire</strong></span> <span class='ocrx_word' id='word_1_521' title='bbox 2253 627 2565 688; x_wconf 75' lang='lat' dir='ltr'><strong>peccatores</strong></span> <span class='ocrx_word' id='word_1_522' title='bbox 2593 661 2606 685; x_wconf 90' lang='lat'><strong>,</strong></span> <span class='ocrx_word' id='word_1_523' title='bbox 2641 620 2852 675; x_wconf 90' lang='lat' dir='ltr'><strong>etiamsi</strong></span> <span class='ocrx_word' id='word_1_524' title='bbox 2893 621 3189 676; x_wconf 91' lang='lat' dir='ltr'><strong>innumeris</strong></span> <span class='ocrx_word' id='word_1_525' title='bbox 3217 621 3339 676; x_wconf 90' lang='lat' dir='ltr'><strong>illos</strong></span> <span class='ocrx_word' id='word_1_526' title='bbox 3368 622 3609 680; x_wconf 81' lang='lat' dir='ltr'><strong>atl&#39;ecerit</strong></span> 
     </span>
    </p>
   </div>
   <div class='ocr_carea' id='block_1_66' title="bbox 2019 707 3608 784">
    <p class='ocr_par' dir='ltr' id='par_1_66' title="bbox 2019 707 3608 784">
     <span class='ocr_line' id='line_1_66' title="bbox 2019 707 3608 784; baseline 0.007 -22"><span class='ocrx_word' id='word_1_527' title='bbox 2019 707 2337 764; x_wconf 84' lang='lat' dir='ltr'><strong>beneﬁciis:</strong></span> <span class='ocrx_word' id='word_1_528' title='bbox 2373 727 2494 764; x_wconf 90' lang='lat' dir='ltr'><strong>nam</strong></span> <span class='ocrx_word' id='word_1_529' title='bbox 2523 711 2568 766; x_wconf 91' lang='lat' dir='ltr'><strong>si</strong></span> <span class='ocrx_word' id='word_1_530' title='bbox 2612 712 2802 768; x_wconf 87' lang='lat' dir='ltr'><strong>futuris</strong></span> <span class='ocrx_word' id='word_1_531' title='bbox 2843 728 2949 768; x_wconf 91' lang='lat' dir='ltr'><strong>non</strong></span> <span class='ocrx_word' id='word_1_532' title='bbox 2986 713 3236 775; x_wconf 90' lang='lat' dir='ltr'><strong>creditis,</strong></span> <span class='ocrx_word' id='word_1_533' title='bbox 3288 715 3497 784; x_wconf 85' lang='lat' dir='ltr'><strong>inquit,</strong></span> <span class='ocrx_word' id='word_1_534' title='bbox 3544 719 3608 774; x_wconf 86' lang='lat' dir='ltr'><strong>iis</strong></span> 
     </span>
    </p>
   </div>
   <div class='ocr_carea' id='block_1_67' title="bbox 1992 797 3418 874">
    <p class='ocr_par' dir='ltr' id='par_1_67' title="bbox 1992 797 3418 874">
     <span class='ocr_line' id='line_1_67' title="bbox 1992 797 3418 874; baseline 0.004 -22"><span class='ocrx_word' id='word_1_535' title='bbox 1992 797 2167 853; x_wconf 51' lang='lat' dir='ltr'><strong>&#39;certe</strong></span> <span class='ocrx_word' id='word_1_536' title='bbox 2196 814 2313 867; x_wconf 75' lang='lat' dir='ltr'><strong>quze</strong></span> <span class='ocrx_word' id='word_1_537' title='bbox 2340 801 2451 868; x_wconf 88' lang='lat' dir='ltr'><strong>jam</strong></span> <span class='ocrx_word' id='word_1_538' title='bbox 2485 800 2621 855; x_wconf 85' lang='lat' dir='ltr'><strong>facta</strong></span> <span class='ocrx_word' id='word_1_539' title='bbox 2654 811 2778 856; x_wconf 90' lang='lat' dir='ltr'><strong>sunt</strong></span> <span class='ocrx_word' id='word_1_540' title='bbox 2806 818 2912 857; x_wconf 89' lang='lat' dir='ltr'><strong>non</strong></span> <span class='ocrx_word' id='word_1_541' title='bbox 2947 803 3104 857; x_wconf 88' lang='lat' dir='ltr'><strong>ﬁdem</strong></span> <span class='ocrx_word' id='word_1_542' title='bbox 3137 805 3418 874; x_wconf 79' lang='lat' dir='ltr'><strong>negabitis.</strong></span> 
     </span>
    </p>
   </div>
   <div class='ocr_carea' id='block_1_68' title="bbox 2092 887 3607 967">
    <p class='ocr_par' dir='ltr' id='par_1_68' title="bbox 2092 887 3607 967">
     <span class='ocr_line' id='line_1_68' title="bbox 2092 887 3607 967; baseline 0.007 -25"><span class='ocrx_word' id='word_1_543' title='bbox 2092 888 2144 943; x_wconf 78' lang='lat'><strong>5.</strong></span> <span class='ocrx_word' id='word_1_544' title='bbox 2188 887 2536 944; x_wconf 88' lang='lat' dir='ltr'><strong>Considerate</strong></span> <span class='ocrx_word' id='word_1_545' title='bbox 2589 907 2716 961; x_wconf 80' lang='lat' dir='ltr'><strong>ergo</strong></span> <span class='ocrx_word' id='word_1_546' title='bbox 2759 902 2890 962; x_wconf 89' lang='lat' dir='ltr'><strong>quot</strong></span> <span class='ocrx_word' id='word_1_547' title='bbox 2938 892 3196 948; x_wconf 85' lang='lat' dir='ltr'><strong>beneﬁcia</strong></span> <span class='ocrx_word' id='word_1_548' title='bbox 3249 895 3350 950; x_wconf 89' lang='lat' dir='ltr'><strong>illis</strong></span> <span class='ocrx_word' id='word_1_549' title='bbox 3392 897 3607 967; x_wconf 62' lang='lat' dir='ltr'><strong>pra&#39;sti-</strong></span> 
     </span>
    </p>
   </div>
   <div class='ocr_carea' id='block_1_69' title="bbox 2019 980 3601 1056">
    <p class='ocr_par' dir='ltr' id='par_1_69' title="bbox 2019 980 3601 1056">
     <span class='ocr_line' id='line_1_69' title="bbox 2019 980 3601 1056; baseline 0.008 -22"><span class='ocrx_word' id='word_1_550' title='bbox 2019 980 2145 1035; x_wconf 90' lang='lat' dir='ltr'><strong>terit</strong></span> <span class='ocrx_word' id='word_1_551' title='bbox 2174 981 2278 1037; x_wconf 86' lang='lat' dir='ltr'><strong>:ab</strong></span> <span class='ocrx_word' id='word_1_552' title='bbox 2331 981 2564 1054; x_wconf 65' lang='lat' dir='ltr'><strong>Egypto</strong></span> <span class='ocrx_word' id='word_1_553' title='bbox 2613 993 2668 1038; x_wconf 91' lang='lat' dir='ltr'><strong>et</strong></span> <span class='ocrx_word' id='word_1_554' title='bbox 2722 999 2751 1037; x_wconf 92' lang='lat' dir='ltr'><strong>a</strong></span> <span class='ocrx_word' id='word_1_555' title='bbox 2795 986 3105 1054; x_wconf 84' lang='lat' dir='ltr'><strong>captivitate</strong></span> <span class='ocrx_word' id='word_1_556' title='bbox 3149 989 3296 1056; x_wconf 89' lang='lat' dir='ltr'><strong>ipsos</strong></span> <span class='ocrx_word' id='word_1_557' title='bbox 3338 989 3601 1054; x_wconf 76' lang='lat' dir='ltr'><strong>liberavit,</strong></span> 
     </span>
    </p>
   </div>
   <div class='ocr_carea' id='block_1_70' title="bbox 2019 1075 3606 1144">
    <p class='ocr_par' dir='ltr' id='par_1_70' title="bbox 2019 1075 3606 1144">
     <span class='ocr_line' id='line_1_70' title="bbox 2019 1075 3606 1144; baseline 0.007 -17"><span class='ocrx_word' id='word_1_558' title='bbox 2019 1088 2166 1129; x_wconf 87' lang='lat' dir='ltr'><strong>mare</strong></span> <span class='ocrx_word' id='word_1_559' title='bbox 2195 1075 2403 1141; x_wconf 84' lang='lat' dir='ltr'><strong>stravit,</strong></span> <span class='ocrx_word' id='word_1_560' title='bbox 2438 1092 2502 1130; x_wconf 87' lang='lat' dir='ltr'><strong>ex</strong></span> <span class='ocrx_word' id='word_1_561' title='bbox 2529 1077 2662 1130; x_wconf 56' lang='lat' dir='ltr'><strong>caelo</strong></span> <span class='ocrx_word' id='word_1_562' title='bbox 2692 1093 2884 1132; x_wconf 91' lang='lat' dir='ltr'><strong>manna</strong></span> <span class='ocrx_word' id='word_1_563' title='bbox 2913 1077 3149 1144; x_wconf 88' lang='lat' dir='ltr'><strong>demisit,</strong></span> <span class='ocrx_word' id='word_1_564' title='bbox 3176 1095 3241 1134; x_wconf 88' lang='lat' dir='ltr'><strong>ex</strong></span> <span class='ocrx_word' id='word_1_565' title='bbox 3267 1089 3404 1134; x_wconf 90' lang='lat' dir='ltr'><strong>terra</strong></span> <span class='ocrx_word' id='word_1_566' title='bbox 3431 1081 3606 1138; x_wconf 87' lang='lat' dir='ltr'><strong>fomes</strong></span> 
     </span>
    </p>
   </div>
   <div class='ocr_carea' id='block_1_71' title="bbox 2016 1169 3605 1242">
    <p class='ocr_par' dir='ltr' id='par_1_71' title="bbox 2016 1169 3605 1242">
     <span class='ocr_line' id='line_1_71' title="bbox 2016 1169 3605 1242; baseline 0.008 -25"><span class='ocrx_word' id='word_1_567' title='bbox 2016 1179 2272 1235; x_wconf 89' lang='lat' dir='ltr'><strong>aquarum</strong></span> <span class='ocrx_word' id='word_1_568' title='bbox 2306 1184 2410 1222; x_wconf 89' lang='lat' dir='ltr'><strong>non</strong></span> <span class='ocrx_word' id='word_1_569' title='bbox 2455 1178 2794 1238; x_wconf 79' lang='lat' dir='ltr'><strong>exspectatus</strong></span> <span class='ocrx_word' id='word_1_570' title='bbox 2824 1169 3034 1235; x_wconf 87' lang='lat' dir='ltr'><strong>emisit;</strong></span> <span class='ocrx_word' id='word_1_571' title='bbox 3071 1170 3201 1240; x_wconf 90' lang='lat' dir='ltr'><strong>ipsis</strong></span> <span class='ocrx_word' id='word_1_572' title='bbox 3229 1171 3424 1242; x_wconf 86' lang='lat' dir='ltr'><strong>ubique</strong></span> <span class='ocrx_word' id='word_1_573' title='bbox 3469 1189 3605 1242; x_wconf 67' lang='lat' dir='ltr'><strong>pra!-</strong></span> 
     </span>
    </p>
   </div>
   <div class='ocr_carea' id='block_1_72' title="bbox 2015 1260 3598 1340">
    <p class='ocr_par' dir='ltr' id='par_1_72' title="bbox 2015 1260 3598 1340">
     <span class='ocr_line' id='line_1_72' title="bbox 2015 1260 3598 1340; baseline 0.006 -26"><span class='ocrx_word' id='word_1_574' title='bbox 2015 1273 2140 1314; x_wconf 86' lang='lat' dir='ltr'><strong>sens</strong></span> <span class='ocrx_word' id='word_1_575' title='bbox 2161 1268 2276 1314; x_wconf 89' lang='lat' dir='ltr'><strong>crat</strong></span> <span class='ocrx_word' id='word_1_576' title='bbox 2301 1260 2556 1316; x_wconf 88' lang='lat' dir='ltr'><strong>miracula</strong></span> <span class='ocrx_word' id='word_1_577' title='bbox 2598 1261 2786 1328; x_wconf 90' lang='lat' dir='ltr'><strong>edens,</strong></span> <span class='ocrx_word' id='word_1_578' title='bbox 2808 1271 2870 1340; x_wconf 38' lang='lat' dir='ltr'><strong>‘et</strong></span> <span class='ocrx_word' id='word_1_579' title='bbox 2892 1263 3126 1332; x_wconf 87' lang='lat' dir='ltr'><strong>undique</strong></span> <span class='ocrx_word' id='word_1_580' title='bbox 3155 1265 3302 1332; x_wconf 68' lang='lat' dir='ltr'><strong>ipsps</strong></span> <span class='ocrx_word' id='word_1_581' title='bbox 3335 1267 3598 1323; x_wconf 87' lang='lat' dir='ltr'><strong>muniens.</strong></span> 
     </span>
    </p>
   </div>
   <div class='ocr_carea' id='block_1_73' title="bbox 2015 1351 3598 1426">
    <p class='ocr_par' dir='ltr' id='par_1_73' title="bbox 2015 1351 3598 1426">
     <span class='ocr_line' id='line_1_73' title="bbox 2015 1351 3598 1426; baseline 0.006 -22"><span class='ocrx_word' id='word_1_582' title='bbox 2015 1351 2264 1406; x_wconf 82' lang='lat' dir='ltr'><strong>Attamen</strong></span> <span class='ocrx_word' id='word_1_583' title='bbox 2297 1352 2419 1421; x_wconf 91' lang='lat' dir='ltr'><strong>quia</strong></span> <span class='ocrx_word' id='word_1_584' title='bbox 2471 1363 2617 1407; x_wconf 89' lang='lat' dir='ltr'><strong>tanto</strong></span> <span class='ocrx_word' id='word_1_585' title='bbox 2645 1354 2787 1407; x_wconf 92' lang='lat' dir='ltr'><strong>dono</strong></span> <span class='ocrx_word' id='word_1_586' title='bbox 2829 1353 3047 1423; x_wconf 78' lang='lat' dir='ltr'><strong>dignum</strong></span> <span class='ocrx_word' id='word_1_587' title='bbox 3099 1354 3230 1409; x_wconf 90' lang='lat' dir='ltr'><strong>nihil</strong></span> <span class='ocrx_word' id='word_1_588' title='bbox 3280 1356 3598 1426; x_wconf 77' lang='lat' dir='ltr'><strong>exhibuere,</strong></span> 
     </span>
    </p>
   </div>
   <div class='ocr_carea' id='block_1_74' title="bbox 2013 1446 3602 1518">
    <p class='ocr_par' dir='ltr' id='par_1_74' title="bbox 2013 1446 3602 1518">
     <span class='ocr_line' id='line_1_74' title="bbox 2013 1446 3602 1518; baseline 0.004 -19"><span class='ocrx_word' id='word_1_589' title='bbox 2013 1459 2120 1500; x_wconf 89' lang='lat' dir='ltr'><strong>non</strong></span> <span class='ocrx_word' id='word_1_590' title='bbox 2150 1447 2390 1515; x_wconf 90' lang='lat' dir='ltr'><strong>pepercit</strong></span> <span class='ocrx_word' id='word_1_591' title='bbox 2427 1446 2551 1509; x_wconf 90' lang='lat' dir='ltr'><strong>illis,</strong></span> <span class='ocrx_word' id='word_1_592' title='bbox 2577 1446 2673 1502; x_wconf 90' lang='lat' dir='ltr'><strong>sed</strong></span> <span class='ocrx_word' id='word_1_593' title='bbox 2701 1463 2891 1503; x_wconf 90' lang='lat' dir='ltr'><strong>omnes</strong></span> <span class='ocrx_word' id='word_1_594' title='bbox 2915 1448 3167 1517; x_wconf 87' lang='lat' dir='ltr'><strong>perdidit.</strong></span> <span class='ocrx_word' id='word_1_595' title='bbox 3198 1447 3335 1502; x_wconf 85' lang='lat' dir='ltr'><strong>Nam</strong></span> <span class='ocrx_word' id='word_1_596' title='bbox 3364 1453 3602 1518; x_wconf 80' lang='lat' dir='ltr'><strong>prostrati</strong></span> 
     </span>
    </p>
   </div>
   <div class='ocr_carea' id='block_1_75' title="bbox 2013 1536 3598 1607">
    <p class='ocr_par' dir='ltr' id='par_1_75' title="bbox 2013 1536 3598 1607">
     <span class='ocr_line' id='line_1_75' title="bbox 2013 1536 3598 1607; baseline 0.004 -19"><span class='ocrx_word' id='word_1_597' title='bbox 2013 1545 2152 1603; x_wconf 84' lang='lat' dir='ltr'><strong>sunt,</strong></span> <span class='ocrx_word' id='word_1_598' title='bbox 2177 1537 2366 1607; x_wconf 90' lang='lat' dir='ltr'><strong>inquit,</strong></span> <span class='ocrx_word' id='word_1_599' title='bbox 2389 1539 2440 1590; x_wconf 88' lang='lat' dir='ltr'><strong>in</strong></span> <span class='ocrx_word' id='word_1_600' title='bbox 2458 1536 2686 1602; x_wconf 83' lang='lat' dir='ltr'><strong>deserto;</strong></span> <span class='ocrx_word' id='word_1_601' title='bbox 2715 1539 3048 1606; x_wconf 90' lang='lat' dir='ltr'><strong>repentinum</strong></span> <span class='ocrx_word' id='word_1_602' title='bbox 3074 1539 3282 1593; x_wconf 89' lang='lat' dir='ltr'><strong>illorttm</strong></span> <span class='ocrx_word' id='word_1_603' title='bbox 3303 1539 3598 1607; x_wconf 78' lang='lat' dir='ltr'><strong>interitum,</strong></span> 
     </span>
    </p>
   </div>
   <div class='ocr_carea' id='block_1_76' title="bbox 2013 1627 3600 1698">
    <p class='ocr_par' dir='ltr' id='par_1_76' title="bbox 2013 1627 3600 1698">
     <span class='ocr_line' id='line_1_76' title="bbox 2013 1627 3600 1698; baseline 0.002 -17"><span class='ocrx_word' id='word_1_604' title='bbox 2013 1640 2200 1694; x_wconf 82' lang='lat' dir='ltr'><strong>poenas</strong></span> <span class='ocrx_word' id='word_1_605' title='bbox 2229 1635 2284 1680; x_wconf 90' lang='lat' dir='ltr'><strong>ct</strong></span> <span class='ocrx_word' id='word_1_606' title='bbox 2305 1627 2564 1698; x_wconf 88' lang='lat' dir='ltr'><strong>supplicia</strong></span> <span class='ocrx_word' id='word_1_607' title='bbox 2593 1628 2850 1682; x_wconf 88' lang='lat' dir='ltr'><strong>divinitus</strong></span> <span class='ocrx_word' id='word_1_608' title='bbox 2878 1628 3113 1683; x_wconf 90' lang='lat' dir='ltr'><strong>immissa</strong></span> <span class='ocrx_word' id='word_1_609' title='bbox 3150 1644 3243 1698; x_wconf 89' lang='lat' dir='ltr'><strong>per</strong></span> <span class='ocrx_word' id='word_1_610' title='bbox 3269 1629 3374 1684; x_wconf 88' lang='lat' dir='ltr'><strong>hoc</strong></span> <span class='ocrx_word' id='word_1_611' title='bbox 3400 1630 3600 1685; x_wconf 87' lang='lat' dir='ltr'><strong>dictum</strong></span> 
     </span>
    </p>
   </div>
   <div class='ocr_carea' id='block_1_77' title="bbox 2013 1717 3602 1789">
    <p class='ocr_par' dir='ltr' id='par_1_77' title="bbox 2013 1717 3602 1789">
     <span class='ocr_line' id='line_1_77' title="bbox 2013 1717 3602 1789; baseline 0.004 -18"><span class='ocrx_word' id='word_1_612' title='bbox 2013 1717 2320 1786; x_wconf 90' lang='lat' dir='ltr'><strong>declarans,</strong></span> <span class='ocrx_word' id='word_1_613' title='bbox 2364 1718 2581 1789; x_wconf 88' lang='lat' dir='ltr'><strong>etquod</strong></span> <span class='ocrx_word' id='word_1_614' title='bbox 2622 1725 2894 1789; x_wconf 80' lang='lat' dir='ltr'><strong>preposita</strong></span> <span class='ocrx_word' id='word_1_615' title='bbox 2928 1722 3143 1789; x_wconf 67' lang='lat' dir='ltr'><strong>praemia</strong></span> <span class='ocrx_word' id='word_1_616' title='bbox 3174 1737 3278 1776; x_wconf 91' lang='lat' dir='ltr'><strong>non</strong></span> <span class='ocrx_word' id='word_1_617' title='bbox 3311 1723 3421 1778; x_wconf 89' lang='lat' dir='ltr'><strong>sint</strong></span> <span class='ocrx_word' id='word_1_618' title='bbox 3447 1738 3602 1778; x_wconf 83' lang='lat' dir='ltr'><strong>asse-</strong></span> 
     </span>
    </p>
   </div>
   <div class='ocr_carea' id='block_1_78' title="bbox 2011 1809 3600 1882">
    <p class='ocr_par' dir='ltr' id='par_1_78' title="bbox 2011 1809 3600 1882">
     <span class='ocr_line' id='line_1_78' title="bbox 2011 1809 3600 1882; baseline 0.004 -19"><span class='ocrx_word' id='word_1_619' title='bbox 2011 1810 2138 1863; x_wconf 91' lang='lat' dir='ltr'><strong>cuti.</strong></span> <span class='ocrx_word' id='word_1_620' title='bbox 2173 1809 2355 1880; x_wconf 85' lang='lat' dir='ltr'><strong>Neque</strong></span> <span class='ocrx_word' id='word_1_621' title='bbox 2385 1811 2529 1866; x_wconf 90' lang='lat' dir='ltr'><strong>enim</strong></span> <span class='ocrx_word' id='word_1_622' title='bbox 2558 1811 2608 1865; x_wconf 93' lang='lat' dir='ltr'><strong>in</strong></span> <span class='ocrx_word' id='word_1_623' title='bbox 2634 1822 2771 1866; x_wconf 88' lang='lat' dir='ltr'><strong>terra</strong></span> <span class='ocrx_word' id='word_1_624' title='bbox 2802 1813 3175 1882; x_wconf 89' lang='lat' dir='ltr'><strong>promissionis</strong></span> <span class='ocrx_word' id='word_1_625' title='bbox 3203 1814 3317 1869; x_wconf 80' lang='lat' dir='ltr'><strong>luec</strong></span> <span class='ocrx_word' id='word_1_626' title='bbox 3345 1816 3424 1870; x_wconf 91' lang='lat' dir='ltr'><strong>eis</strong></span> <span class='ocrx_word' id='word_1_627' title='bbox 3453 1815 3600 1881; x_wconf 90' lang='lat' dir='ltr'><strong>fecit;</strong></span> 
     </span>
    </p>
   </div>
   <div class='ocr_carea' id='block_1_79' title="bbox 2011 1899 3603 1973">
    <p class='ocr_par' dir='ltr' id='par_1_79' title="bbox 2011 1899 3603 1973">
     <span class='ocr_line' id='line_1_79' title="bbox 2011 1899 3603 1973; baseline 0.004 -19"><span class='ocrx_word' id='word_1_628' title='bbox 2011 1899 2104 1954; x_wconf 81' lang='lat' dir='ltr'><strong>sed</strong></span> <span class='ocrx_word' id='word_1_629' title='bbox 2129 1911 2276 1954; x_wconf 85' lang='lat' dir='ltr'><strong>extra</strong></span> <span class='ocrx_word' id='word_1_630' title='bbox 2309 1913 2364 1956; x_wconf 89' lang='lat' dir='ltr'><strong>et</strong></span> <span class='ocrx_word' id='word_1_631' title='bbox 2394 1902 2580 1972; x_wconf 88' lang='lat' dir='ltr'><strong>procul</strong></span> <span class='ocrx_word' id='word_1_632' title='bbox 2609 1903 2674 1955; x_wconf 89' lang='lat' dir='ltr'><strong>ab</strong></span> <span class='ocrx_word' id='word_1_633' title='bbox 2706 1903 2790 1956; x_wconf 90' lang='lat' dir='ltr'><strong>illa</strong></span> <span class='ocrx_word' id='word_1_634' title='bbox 2821 1903 3061 1973; x_wconf 82' lang='lat' dir='ltr'><strong>regione,</strong></span> <span class='ocrx_word' id='word_1_635' title='bbox 3116 1903 3314 1972; x_wconf 88' lang='lat' dir='ltr'><strong>duplici</strong></span> <span class='ocrx_word' id='word_1_636' title='bbox 3359 1905 3603 1960; x_wconf 87' lang='lat' dir='ltr'><strong>afﬁciens</strong></span> 
     </span>
    </p>
   </div>
   <div class='ocr_carea' id='block_1_80' title="bbox 2010 1993 3598 2064">
    <p class='ocr_par' dir='ltr' id='par_1_80' title="bbox 2010 1993 3598 2064">
     <span class='ocr_line' id='line_1_80' title="bbox 2010 1993 3598 2064; baseline 0.006 -20"><span class='ocrx_word' id='word_1_637' title='bbox 2010 1993 2294 2061; x_wconf 88' lang='lat' dir='ltr'><strong>supplicio,</strong></span> <span class='ocrx_word' id='word_1_638' title='bbox 2317 2002 2370 2047; x_wconf 91' lang='lat' dir='ltr'><strong>et</strong></span> <span class='ocrx_word' id='word_1_639' title='bbox 2391 1993 2529 2062; x_wconf 89' lang='lat' dir='ltr'><strong>quod</strong></span> <span class='ocrx_word' id='word_1_640' title='bbox 2554 2010 2657 2048; x_wconf 92' lang='lat' dir='ltr'><strong>non</strong></span> <span class='ocrx_word' id='word_1_641' title='bbox 2677 1995 3000 2050; x_wconf 87' lang='lat' dir='ltr'><strong>concederet</strong></span> <span class='ocrx_word' id='word_1_642' title='bbox 3021 1996 3148 2064; x_wconf 90' lang='lat' dir='ltr'><strong>ipsis</strong></span> <span class='ocrx_word' id='word_1_643' title='bbox 3173 2005 3367 2051; x_wconf 89' lang='lat' dir='ltr'><strong>terram</strong></span> <span class='ocrx_word' id='word_1_644' title='bbox 3395 1997 3598 2059; x_wconf 84' lang='lat' dir='ltr'><strong>videre,</strong></span> 
     </span>
    </p>
   </div>
   <div class='ocr_carea' id='block_1_81' title="bbox 2009 2083 3601 2156">
    <p class='ocr_par' dir='ltr' id='par_1_81' title="bbox 2009 2083 3601 2156">
     <span class='ocr_line' id='line_1_81' title="bbox 2009 2083 3601 2156; baseline 0.005 -22"><span class='ocrx_word' id='word_1_645' title='bbox 2009 2097 2166 2152; x_wconf 87' lang='lat' dir='ltr'><strong>quam</strong></span> <span class='ocrx_word' id='word_1_646' title='bbox 2198 2083 2325 2152; x_wconf 91' lang='lat' dir='ltr'><strong>ipsis</strong></span> <span class='ocrx_word' id='word_1_647' title='bbox 2350 2085 2688 2152; x_wconf 87' lang='lat' dir='ltr'><strong>promiserat,</strong></span> <span class='ocrx_word' id='word_1_648' title='bbox 2713 2094 2769 2139; x_wconf 90' lang='lat' dir='ltr'><strong>et</strong></span> <span class='ocrx_word' id='word_1_649' title='bbox 2793 2084 2931 2155; x_wconf 88' lang='lat' dir='ltr'><strong>quod</strong></span> <span class='ocrx_word' id='word_1_650' title='bbox 2955 2086 3102 2155; x_wconf 79' lang='lat' dir='ltr'><strong>gravi</strong></span> <span class='ocrx_word' id='word_1_651' title='bbox 3124 2086 3386 2156; x_wconf 75' lang='lat' dir='ltr'><strong>supplicio</strong></span> <span class='ocrx_word' id='word_1_652' title='bbox 3403 2087 3601 2142; x_wconf 72' lang='lat' dir='ltr'><strong>affece-</strong></span> 
     </span>
    </p>
   </div>
   <div class='ocr_carea' id='block_1_82' title="bbox 2009 2175 3600 2252">
    <p class='ocr_par' dir='ltr' id='par_1_82' title="bbox 2009 2175 3600 2252">
     <span class='ocr_line' id='line_1_82' title="bbox 2009 2175 3600 2252; baseline 0.004 -22"><span class='ocrx_word' id='word_1_653' title='bbox 2009 2176 2100 2230; x_wconf 87' lang='lat' dir='ltr'><strong>rit.</strong></span> <span class='ocrx_word' id='word_1_654' title='bbox 2132 2175 2199 2230; x_wconf 88' lang='lat' dir='ltr'><strong>Et</strong></span> <span class='ocrx_word' id='word_1_655' title='bbox 2224 2177 2346 2245; x_wconf 90' lang='lat' dir='ltr'><strong>quid</strong></span> <span class='ocrx_word' id='word_1_656' title='bbox 2379 2176 2514 2241; x_wconf 71' lang='lat' dir='ltr'><strong>lucc,</strong></span> <span class='ocrx_word' id='word_1_657' title='bbox 2547 2179 2772 2248; x_wconf 89' lang='lat' dir='ltr'><strong>inquies,</strong></span> <span class='ocrx_word' id='word_1_658' title='bbox 2803 2179 2868 2232; x_wconf 84' lang='lat' dir='ltr'><strong>ad</strong></span> <span class='ocrx_word' id='word_1_659' title='bbox 2903 2178 3042 2232; x_wconf 86' lang='lat' dir='ltr'><strong>nos?</strong></span> <span class='ocrx_word' id='word_1_660' title='bbox 3073 2178 3152 2233; x_wconf 84' lang='lat' dir='ltr'><strong>Ad</strong></span> <span class='ocrx_word' id='word_1_661' title='bbox 3184 2188 3236 2234; x_wconf 90' lang='lat' dir='ltr'><strong>te</strong></span> <span class='ocrx_word' id='word_1_662' title='bbox 3263 2181 3444 2251; x_wconf 92' lang='lat' dir='ltr'><strong>utique</strong></span> <span class='ocrx_word' id='word_1_663' title='bbox 3474 2198 3600 2252; x_wconf 87' lang='lat' dir='ltr'><strong>spe-</strong></span> 
     </span>
    </p>
   </div>
   <div class='ocr_carea' id='block_1_83' title="bbox 2007 2267 3601 2343">
    <p class='ocr_par' dir='ltr' id='par_1_83' title="bbox 2007 2267 3601 2343">
     <span class='ocr_line' id='line_1_83' title="bbox 2007 2267 3601 2343; baseline 0.003 -23"><span class='ocrx_word' id='word_1_664' title='bbox 2007 2276 2155 2320; x_wconf 88' lang='lat' dir='ltr'><strong>ctant</strong></span> <span class='ocrx_word' id='word_1_665' title='bbox 2186 2286 2197 2320; x_wconf 91' lang='lat'><strong>:</strong></span> <span class='ocrx_word' id='word_1_666' title='bbox 2233 2267 2352 2322; x_wconf 91' lang='lat' dir='ltr'><strong>ideo</strong></span> <span class='ocrx_word' id='word_1_667' title='bbox 2379 2268 2648 2337; x_wconf 85' lang='lat' dir='ltr'><strong>subjunin</strong></span> <span class='ocrx_word' id='word_1_668' title='bbox 2684 2288 2696 2324; x_wconf 94' lang='lat'><strong>:</strong></span> <span class='ocrx_word' id='word_1_669' title='bbox 2731 2271 2783 2324; x_wconf 89' lang='lat'><strong>6.</strong></span> <span class='ocrx_word' id='word_1_670' title='bbox 2821 2268 2944 2323; x_wconf 70' lang='lat' dir='ltr'><strong>Ha&#39;c</strong></span> <span class='ocrx_word' id='word_1_671' title='bbox 2975 2280 3143 2323; x_wconf 84' lang='lat' dir='ltr'><strong>autent</strong></span> <span class='ocrx_word' id='word_1_672' title='bbox 3186 2271 3239 2324; x_wconf 88' lang='lat' dir='ltr'><strong>in</strong></span> <span class='ocrx_word' id='word_1_673' title='bbox 3270 2272 3436 2342; x_wconf 80' lang='lat' dir='ltr'><strong>ﬁgura</strong></span> <span class='ocrx_word' id='word_1_674' title='bbox 3465 2276 3601 2343; x_wconf 79' lang='lat' dir='ltr'><strong>facta</strong></span> 
     </span>
    </p>
   </div>
   <div class='ocr_carea' id='block_1_84' title="bbox 2008 2361 3599 2436">
    <p class='ocr_par' dir='ltr' id='par_1_84' title="bbox 2008 2361 3599 2436">
     <span class='ocr_line' id='line_1_84' title="bbox 2008 2361 3599 2436; baseline 0.003 -21"><span class='ocrx_word' id='word_1_675' title='bbox 2008 2370 2123 2415; x_wconf 83' lang='lat' dir='ltr'><strong>sunt</strong></span> <span class='ocrx_word' id='word_1_676' title='bbox 2153 2362 2335 2414; x_wconf 88' lang='lat' dir='ltr'><strong>nostri.</strong></span> <span class='ocrx_word' id='word_1_677' title='bbox 2367 2361 2514 2415; x_wconf 89' lang='lat' dir='ltr'><strong>Sicut</strong></span> <span class='ocrx_word' id='word_1_678' title='bbox 2543 2363 2684 2415; x_wconf 91' lang='lat' dir='ltr'><strong>enim</strong></span> <span class='ocrx_word' id='word_1_679' title='bbox 2726 2362 2863 2417; x_wconf 89' lang='lat' dir='ltr'><strong>dona</strong></span> <span class='ocrx_word' id='word_1_680' title='bbox 2894 2362 3077 2432; x_wconf 71' lang='lat' dir='ltr'><strong>figura:</strong></span> <span class='ocrx_word' id='word_1_681' title='bbox 3109 2374 3255 2430; x_wconf 90' lang='lat' dir='ltr'><strong>sunt,</strong></span> <span class='ocrx_word' id='word_1_682' title='bbox 3288 2364 3357 2418; x_wconf 81' lang='lat' dir='ltr'><strong>ita</strong></span> <span class='ocrx_word' id='word_1_683' title='bbox 3385 2380 3599 2436; x_wconf 89' lang='lat' dir='ltr'><strong>quoque</strong></span> 
     </span>
    </p>
   </div>
   <div class='ocr_carea' id='block_1_85' title="bbox 2009 2451 3600 2525">
    <p class='ocr_par' dir='ltr' id='par_1_85' title="bbox 2009 2451 3600 2525">
     <span class='ocr_line' id='line_1_85' title="bbox 2009 2451 3600 2525; baseline 0.004 -21"><span class='ocrx_word' id='word_1_684' title='bbox 2009 2451 2267 2520; x_wconf 90' lang='lat' dir='ltr'><strong>supplicia</strong></span> <span class='ocrx_word' id='word_1_685' title='bbox 2319 2451 2501 2522; x_wconf 73' lang='lat' dir='ltr'><strong>ﬁgura:</strong></span> <span class='ocrx_word' id='word_1_686' title='bbox 2535 2471 2549 2506; x_wconf 92' lang='lat'><strong>:</strong></span> <span class='ocrx_word' id='word_1_687' title='bbox 2582 2460 2637 2506; x_wconf 89' lang='lat' dir='ltr'><strong>et</strong></span> <span class='ocrx_word' id='word_1_688' title='bbox 2661 2452 2800 2507; x_wconf 85' lang='lat' dir='ltr'><strong>sicut</strong></span> <span class='ocrx_word' id='word_1_689' title='bbox 2847 2453 3110 2522; x_wconf 88' lang='lat' dir='ltr'><strong>baptisma</strong></span> <span class='ocrx_word' id='word_1_690' title='bbox 3142 2463 3197 2508; x_wconf 90' lang='lat' dir='ltr'><strong>et</strong></span> <span class='ocrx_word' id='word_1_691' title='bbox 3227 2470 3412 2510; x_wconf 85' lang='lat' dir='ltr'><strong>mensa</strong></span> <span class='ocrx_word' id='word_1_692' title='bbox 3452 2457 3600 2525; x_wconf 85' lang='lat' dir='ltr'><strong>prius</strong></span> 
     </span>
    </p>
   </div>
   <div class='ocr_carea' id='block_1_86' title="bbox 2007 2541 3595 2618">
    <p class='ocr_par' dir='ltr' id='par_1_86' title="bbox 2007 2541 3595 2618">
     <span class='ocr_line' id='line_1_86' title="bbox 2007 2541 3595 2618; baseline 0.005 -23"><span class='ocrx_word' id='word_1_693' title='bbox 2007 2541 2471 2610; x_wconf 86' lang='lat' dir='ltr'><strong>describebantur,</strong></span> <span class='ocrx_word' id='word_1_694' title='bbox 2502 2543 2573 2598; x_wconf 89' lang='lat' dir='ltr'><strong>ita</strong></span> <span class='ocrx_word' id='word_1_695' title='bbox 2617 2543 2669 2598; x_wconf 86' lang='lat' dir='ltr'><strong>in</strong></span> <span class='ocrx_word' id='word_1_696' title='bbox 2705 2545 3054 2614; x_wconf 89' lang='lat' dir='ltr'><strong>sequentibus</strong></span> <span class='ocrx_word' id='word_1_697' title='bbox 3082 2555 3302 2617; x_wconf 88' lang='lat' dir='ltr'><strong>pr0pter</strong></span> <span class='ocrx_word' id='word_1_698' title='bbox 3331 2564 3430 2602; x_wconf 84' lang='lat' dir='ltr'><strong>nos</strong></span> <span class='ocrx_word' id='word_1_699' title='bbox 3457 2565 3595 2618; x_wconf 70' lang='lat' dir='ltr'><strong>pra:-</strong></span> 
     </span>
    </p>
   </div>
   <div class='ocr_carea' id='block_1_87' title="bbox 2008 2633 3600 2708">
    <p class='ocr_par' dir='ltr' id='par_1_87' title="bbox 2008 2633 3600 2708">
     <span class='ocr_line' id='line_1_87' title="bbox 2008 2633 3600 2708; baseline 0.004 -21"><span class='ocrx_word' id='word_1_700' title='bbox 2008 2633 2362 2699; x_wconf 80' lang='lat' dir='ltr'><strong>signiﬁcatum</strong></span> <span class='ocrx_word' id='word_1_701' title='bbox 2406 2643 2508 2701; x_wconf 85' lang='lat' dir='ltr'><strong>est,</strong></span> <span class='ocrx_word' id='word_1_702' title='bbox 2557 2633 2698 2704; x_wconf 89' lang='lat' dir='ltr'><strong>quod</strong></span> <span class='ocrx_word' id='word_1_703' title='bbox 2743 2635 2831 2705; x_wconf 91' lang='lat' dir='ltr'><strong>qui</strong></span> <span class='ocrx_word' id='word_1_704' title='bbox 2866 2637 2953 2689; x_wconf 91' lang='lat' dir='ltr'><strong>tali</strong></span> <span class='ocrx_word' id='word_1_705' title='bbox 3003 2636 3370 2708; x_wconf 77' lang='lat' dir='ltr'><strong>donoindigni</strong></span> <span class='ocrx_word' id='word_1_706' title='bbox 3403 2637 3600 2694; x_wconf 86' lang='lat' dir='ltr'><strong>fuerint</strong></span> 
     </span>
    </p>
   </div>
   <div class='ocr_carea' id='block_1_88' title="bbox 2008 2724 3597 2799">
    <p class='ocr_par' dir='ltr' id='par_1_88' title="bbox 2008 2724 3597 2799">
     <span class='ocr_line' id='line_1_88' title="bbox 2008 2724 3597 2799; baseline 0.005 -21"><span class='ocrx_word' id='word_1_707' title='bbox 2008 2725 2268 2793; x_wconf 89' lang='lat' dir='ltr'><strong>supplicio</strong></span> <span class='ocrx_word' id='word_1_708' title='bbox 2315 2724 2585 2780; x_wconf 85' lang='lat' dir='ltr'><strong>aflicieudi</strong></span> <span class='ocrx_word' id='word_1_709' title='bbox 2634 2726 2759 2788; x_wconf 88' lang='lat' dir='ltr'><strong>sint,</strong></span> <span class='ocrx_word' id='word_1_710' title='bbox 2802 2736 2859 2780; x_wconf 89' lang='lat' dir='ltr'><strong>ut</strong></span> <span class='ocrx_word' id='word_1_711' title='bbox 2904 2727 3098 2782; x_wconf 87' lang='lat' dir='ltr'><strong>talibus</strong></span> <span class='ocrx_word' id='word_1_712' title='bbox 3126 2730 3383 2799; x_wconf 81' lang='lat' dir='ltr'><strong>exemplis</strong></span> <span class='ocrx_word' id='word_1_713' title='bbox 3411 2731 3597 2787; x_wconf 89' lang='lat' dir='ltr'><strong>moniti</strong></span> 
     </span>
    </p>
   </div>
   <div class='ocr_carea' id='block_1_89' title="bbox 2009 2816 3603 2885">
    <p class='ocr_par' dir='ltr' id='par_1_89' title="bbox 2009 2816 3603 2885">
     <span class='ocr_line' id='line_1_89' title="bbox 2009 2816 3603 2885; baseline 0.005 -17"><span class='ocrx_word' id='word_1_714' title='bbox 2009 2816 2453 2885; x_wconf 89' lang='lat' dir='ltr'><strong>temperantiores</strong></span> <span class='ocrx_word' id='word_1_715' title='bbox 2469 2817 2657 2872; x_wconf 88' lang='lat' dir='ltr'><strong>simus.</strong></span> <span class='ocrx_word' id='word_1_716' title='bbox 2674 2817 2799 2873; x_wconf 86' lang='lat' dir='ltr'><strong>Ideo</strong></span> <span class='ocrx_word' id='word_1_717' title='bbox 2815 2817 3049 2873; x_wconf 89' lang='lat' dir='ltr'><strong>addidit:</strong></span> <span class='ocrx_word' id='word_1_718' title='bbox 3077 2818 3144 2874; x_wconf 92' lang='lat' dir='ltr'><strong>Ut</strong></span> <span class='ocrx_word' id='word_1_719' title='bbox 3173 2837 3274 2874; x_wconf 91' lang='lat' dir='ltr'><strong>non</strong></span> <span class='ocrx_word' id='word_1_720' title='bbox 3299 2821 3456 2876; x_wconf 86' lang='lat' dir='ltr'><strong>simus</strong></span> <span class='ocrx_word' id='word_1_721' title='bbox 3479 2838 3603 2876; x_wconf 83' lang='lat' dir='ltr'><strong>con-</strong></span> 
     </span>
    </p>
   </div>
   <div class='ocr_carea' id='block_1_90' title="bbox 2009 2909 3601 2985">
    <p class='ocr_par' dir='ltr' id='par_1_90' title="bbox 2009 2909 3601 2985">
     <span class='ocr_line' id='line_1_90' title="bbox 2009 2909 3601 2985; baseline 0.007 -25"><span class='ocrx_word' id='word_1_722' title='bbox 2009 2909 2318 2979; x_wconf 86' lang='lat' dir='ltr'><strong>cupiscentes</strong></span> <span class='ocrx_word' id='word_1_723' title='bbox 2357 2909 2629 2975; x_wconf 88' lang='lat' dir='ltr'><strong>malorum,</strong></span> <span class='ocrx_word' id='word_1_724' title='bbox 2684 2913 2809 2966; x_wconf 82' lang='lat' dir='ltr'><strong>sicut</strong></span> <span class='ocrx_word' id='word_1_725' title='bbox 2853 2921 2900 2966; x_wconf 85' lang='lat' dir='ltr'><strong>et</strong></span> <span class='ocrx_word' id='word_1_726' title='bbox 2925 2913 3002 2966; x_wconf 88' lang='lat' dir='ltr'><strong>illi</strong></span> <span class='ocrx_word' id='word_1_727' title='bbox 3041 2915 3421 2985; x_wconf 84' lang='lat' dir='ltr'><strong>concupierunt.</strong></span> <span class='ocrx_word' id='word_1_728' title='bbox 3451 2917 3601 2973; x_wconf 84' lang='lat' dir='ltr'><strong>Sicut</strong></span> 
     </span>
    </p>
   </div>
   <div class='ocr_carea' id='block_1_91' title="bbox 2008 2999 3599 3076">
    <p class='ocr_par' dir='ltr' id='par_1_91' title="bbox 2008 2999 3599 3076">
     <span class='ocr_line' id='line_1_91' title="bbox 2008 2999 3599 3076; baseline 0.006 -24"><span class='ocrx_word' id='word_1_729' title='bbox 2008 3000 2150 3054; x_wconf 87' lang='lat' dir='ltr'><strong>enim</strong></span> <span class='ocrx_word' id='word_1_730' title='bbox 2177 3001 2226 3054; x_wconf 91' lang='lat' dir='ltr'><strong>in</strong></span> <span class='ocrx_word' id='word_1_731' title='bbox 2265 2999 2539 3057; x_wconf 89' lang='lat' dir='ltr'><strong>beneﬁciis</strong></span> <span class='ocrx_word' id='word_1_732' title='bbox 2574 3002 2685 3074; x_wconf 79' lang='lat' dir='ltr'><strong>typi</strong></span> <span class='ocrx_word' id='word_1_733' title='bbox 2718 3015 3112 3072; x_wconf 72' lang='lat' dir='ltr'><strong>przecesserunt</strong></span> <span class='ocrx_word' id='word_1_734' title='bbox 3159 3014 3214 3061; x_wconf 89' lang='lat' dir='ltr'><strong>et</strong></span> <span class='ocrx_word' id='word_1_735' title='bbox 3266 3016 3490 3076; x_wconf 86' lang='lat' dir='ltr'><strong>sequuta</strong></span> <span class='ocrx_word' id='word_1_736' title='bbox 3517 3019 3599 3063; x_wconf 88' lang='lat' dir='ltr'><strong>est</strong></span> 
     </span>
    </p>
   </div>
   <div class='ocr_carea' id='block_1_92' title="bbox 2011 3091 3600 3170">
    <p class='ocr_par' dir='ltr' id='par_1_92' title="bbox 2011 3091 3600 3170">
     <span class='ocr_line' id='line_1_92' title="bbox 2011 3091 3600 3170; baseline 0.007 -27"><span class='ocrx_word' id='word_1_737' title='bbox 2011 3091 2205 3144; x_wconf 88' lang='lat' dir='ltr'><strong>veritas</strong></span> <span class='ocrx_word' id='word_1_738' title='bbox 2235 3110 2249 3146; x_wconf 91' lang='lat'><strong>:</strong></span> <span class='ocrx_word' id='word_1_739' title='bbox 2279 3093 2356 3145; x_wconf 90' lang='lat' dir='ltr'><strong>sic</strong></span> <span class='ocrx_word' id='word_1_740' title='bbox 2401 3101 2454 3146; x_wconf 90' lang='lat' dir='ltr'><strong>et</strong></span> <span class='ocrx_word' id='word_1_741' title='bbox 2499 3093 2551 3146; x_wconf 90' lang='lat' dir='ltr'><strong>iu</strong></span> <span class='ocrx_word' id='word_1_742' title='bbox 2602 3094 2878 3164; x_wconf 87' lang='lat' dir='ltr'><strong>suppliciis</strong></span> <span class='ocrx_word' id='word_1_743' title='bbox 2921 3105 3195 3166; x_wconf 89' lang='lat' dir='ltr'><strong>sequetur.</strong></span> <span class='ocrx_word' id='word_1_744' title='bbox 3227 3096 3415 3153; x_wconf 77' lang='lat' dir='ltr'><strong>Viden’</strong></span> <span class='ocrx_word' id='word_1_745' title='bbox 3462 3115 3600 3170; x_wconf 74' lang='lat' dir='ltr'><strong>quo~</strong></span> 
     </span>
    </p>
   </div>
   <div class='ocr_carea' id='block_1_93' title="bbox 2009 3181 3598 3266">
    <p class='ocr_par' dir='ltr' id='par_1_93' title="bbox 2009 3181 3598 3266">
     <span class='ocr_line' id='line_1_93' title="bbox 2009 3181 3598 3266; baseline 0.008 -31"><span class='ocrx_word' id='word_1_746' title='bbox 2009 3181 2170 3236; x_wconf 90' lang='lat' dir='ltr'><strong>modo</strong></span> <span class='ocrx_word' id='word_1_747' title='bbox 2197 3183 2465 3248; x_wconf 84' lang='lat' dir='ltr'><strong>o-tendat,</strong></span> <span class='ocrx_word' id='word_1_748' title='bbox 2508 3200 2623 3266; x_wconf 67' lang='lat' dir='ltr'><strong>pon</strong></span> <span class='ocrx_word' id='word_1_749' title='bbox 2674 3185 2834 3240; x_wconf 90' lang='lat' dir='ltr'><strong>modo</strong></span> <span class='ocrx_word' id='word_1_750' title='bbox 2865 3187 3005 3256; x_wconf 92' lang='lat' dir='ltr'><strong>quod</strong></span> <span class='ocrx_word' id='word_1_751' title='bbox 3048 3187 3303 3258; x_wconf 89' lang='lat' dir='ltr'><strong>puniendi</strong></span> <span class='ocrx_word' id='word_1_752' title='bbox 3343 3189 3475 3255; x_wconf 87' lang='lat' dir='ltr'><strong>sint,</strong></span> <span class='ocrx_word' id='word_1_753' title='bbox 3505 3191 3598 3247; x_wconf 78' lang='lat' dir='ltr'><strong>sed</strong></span> 
     </span>
    </p>
   </div>
   <div class='ocr_carea' id='block_1_94' title="bbox 2009 3275 3596 3355">
    <p class='ocr_par' dir='ltr' id='par_1_94' title="bbox 2009 3275 3596 3355">
     <span class='ocr_line' id='line_1_94' title="bbox 2009 3275 3596 3355; baseline 0.006 -27"><span class='ocrx_word' id='word_1_754' title='bbox 2009 3275 2167 3328; x_wconf 87' lang='lat' dir='ltr'><strong>etiam</strong></span> <span class='ocrx_word' id='word_1_755' title='bbox 2195 3275 2336 3345; x_wconf 93' lang='lat' dir='ltr'><strong>quod</strong></span> <span class='ocrx_word' id='word_1_756' title='bbox 2367 3277 2532 3346; x_wconf 81' lang='lat' dir='ltr'><strong>magis</strong></span> <span class='ocrx_word' id='word_1_757' title='bbox 2574 3293 2732 3347; x_wconf 89' lang='lat' dir='ltr'><strong>quam</strong></span> <span class='ocrx_word' id='word_1_758' title='bbox 2765 3278 2880 3355; x_wconf 82' lang='lat' dir='ltr'><strong>illi?</strong></span> <span class='ocrx_word' id='word_1_759' title='bbox 2908 3279 3040 3333; x_wconf 89' lang='lat' dir='ltr'><strong>Nam</strong></span> <span class='ocrx_word' id='word_1_760' title='bbox 3093 3280 3141 3335; x_wconf 84' lang='lat' dir='ltr'><strong>si</strong></span> <span class='ocrx_word' id='word_1_761' title='bbox 3198 3281 3328 3336; x_wconf 89' lang='lat' dir='ltr'><strong>illttd</strong></span> <span class='ocrx_word' id='word_1_762' title='bbox 3382 3283 3596 3354; x_wconf 84' lang='lat' dir='ltr'><strong>quidem</strong></span> 
     </span>
    </p>
   </div>
   <div class='ocr_carea' id='block_1_95' title="bbox 2010 3367 3598 3443">
    <p class='ocr_par' dir='ltr' id='par_1_95' title="bbox 2010 3367 3598 3443">
     <span class='ocr_line' id='line_1_95' title="bbox 2010 3367 3598 3443; baseline 0.005 -25"><span class='ocrx_word' id='word_1_763' title='bbox 2010 3372 2168 3434; x_wconf 80' lang='lat' dir='ltr'><strong>typus</strong></span> <span class='ocrx_word' id='word_1_764' title='bbox 2194 3376 2294 3430; x_wconf 85' lang='lat' dir='ltr'><strong>est,</strong></span> <span class='ocrx_word' id='word_1_765' title='bbox 2332 3367 2434 3421; x_wconf 89' lang='lat' dir='ltr'><strong>hoc</strong></span> <span class='ocrx_word' id='word_1_766' title='bbox 2472 3378 2650 3422; x_wconf 87' lang='lat' dir='ltr'><strong>autem</strong></span> <span class='ocrx_word' id='word_1_767' title='bbox 2679 3369 2895 3432; x_wconf 88' lang='lat' dir='ltr'><strong>veritas,</strong></span> <span class='ocrx_word' id='word_1_768' title='bbox 2949 3385 3171 3426; x_wconf 87' lang='lat' dir='ltr'><strong>necesse</strong></span> <span class='ocrx_word' id='word_1_769' title='bbox 3200 3382 3282 3426; x_wconf 91' lang='lat' dir='ltr'><strong>est</strong></span> <span class='ocrx_word' id='word_1_770' title='bbox 3314 3373 3364 3426; x_wconf 92' lang='lat' dir='ltr'><strong>in</strong></span> <span class='ocrx_word' id='word_1_771' title='bbox 3392 3374 3598 3443; x_wconf 88' lang='lat' dir='ltr'><strong>suppli-</strong></span> 
     </span>
    </p>
   </div>
   <div class='ocr_carea' id='block_1_96' title="bbox 2008 3457 3600 3535">
    <p class='ocr_par' dir='ltr' id='par_1_96' title="bbox 2008 3457 3600 3535">
     <span class='ocr_line' id='line_1_96' title="bbox 2008 3457 3600 3535; baseline 0.006 -25"><span class='ocrx_word' id='word_1_772' title='bbox 2008 3457 2108 3511; x_wconf 90' lang='lat' dir='ltr'><strong>ciis</strong></span> <span class='ocrx_word' id='word_1_773' title='bbox 2137 3473 2387 3527; x_wconf 77' lang='lat' dir='ltr'><strong>magnum</strong></span> <span class='ocrx_word' id='word_1_774' title='bbox 2417 3473 2537 3514; x_wconf 90' lang='lat' dir='ltr'><strong>esse</strong></span> <span class='ocrx_word' id='word_1_775' title='bbox 2565 3461 2799 3528; x_wconf 91' lang='lat' dir='ltr'><strong>culmen,</strong></span> <span class='ocrx_word' id='word_1_776' title='bbox 2824 3472 2880 3516; x_wconf 91' lang='lat' dir='ltr'><strong>ut</strong></span> <span class='ocrx_word' id='word_1_777' title='bbox 2909 3463 3069 3516; x_wconf 85' lang='lat' dir='ltr'><strong>etiam</strong></span> <span class='ocrx_word' id='word_1_778' title='bbox 3097 3463 3148 3516; x_wconf 92' lang='lat' dir='ltr'><strong>in</strong></span> <span class='ocrx_word' id='word_1_779' title='bbox 3176 3463 3354 3521; x_wconf 91' lang='lat' dir='ltr'><strong>donis.</strong></span> <span class='ocrx_word' id='word_1_780' title='bbox 3377 3465 3446 3520; x_wconf 82' lang='lat' dir='ltr'><strong>Et</strong></span> <span class='ocrx_word' id='word_1_781' title='bbox 3477 3482 3600 3535; x_wconf 90' lang='lat' dir='ltr'><strong>pcr-</strong></span> 
     </span>
    </p>
   </div>
   <div class='ocr_carea' id='block_1_97' title="bbox 2010 3547 3601 3628">
    <p class='ocr_par' dir='ltr' id='par_1_97' title="bbox 2010 3547 3601 3628">
     <span class='ocr_line' id='line_1_97' title="bbox 2010 3547 3601 3628; baseline 0.006 -25"><span class='ocrx_word' id='word_1_782' title='bbox 2010 3547 2185 3618; x_wconf 88' lang='lat' dir='ltr'><strong>pende</strong></span> <span class='ocrx_word' id='word_1_783' title='bbox 2211 3549 2262 3602; x_wconf 91' lang='lat' dir='ltr'><strong>in</strong></span> <span class='ocrx_word' id='word_1_784' title='bbox 2297 3566 2554 3620; x_wconf 86' lang='lat' dir='ltr'><strong>quosnam</strong></span> <span class='ocrx_word' id='word_1_785' title='bbox 2581 3551 2808 3621; x_wconf 91' lang='lat' dir='ltr'><strong>primum</strong></span> <span class='ocrx_word' id='word_1_786' title='bbox 2839 3552 3165 3620; x_wconf 84' lang='lat' dir='ltr'><strong>invehatur;</strong></span> <span class='ocrx_word' id='word_1_787' title='bbox 3201 3555 3252 3608; x_wconf 93' lang='lat' dir='ltr'><strong>in</strong></span> <span class='ocrx_word' id='word_1_788' title='bbox 3284 3571 3379 3611; x_wconf 92' lang='lat' dir='ltr'><strong>eos</strong></span> <span class='ocrx_word' id='word_1_789' title='bbox 3405 3574 3601 3628; x_wconf 89' lang='lat' dir='ltr'><strong>nempe</strong></span> 
     </span>
    </p>
   </div>
   <div class='ocr_carea' id='block_1_98' title="bbox 2009 3639 3601 3710">
    <p class='ocr_par' dir='ltr' id='par_1_98' title="bbox 2009 3639 3601 3710">
     <span class='ocr_line' id='line_1_98' title="bbox 2009 3639 3601 3710; baseline 0.006 -17"><span class='ocrx_word' id='word_1_790' title='bbox 2009 3640 2098 3708; x_wconf 90' lang='lat' dir='ltr'><strong>qui</strong></span> <span class='ocrx_word' id='word_1_791' title='bbox 2129 3639 2179 3692; x_wconf 93' lang='lat' dir='ltr'><strong>in</strong></span> <span class='ocrx_word' id='word_1_792' title='bbox 2212 3640 2427 3710; x_wconf 87' lang='lat' dir='ltr'><strong>templis</strong></span> <span class='ocrx_word' id='word_1_793' title='bbox 2467 3641 2729 3696; x_wconf 87' lang='lat' dir='ltr'><strong>idolorum</strong></span> <span class='ocrx_word' id='word_1_794' title='bbox 2778 3643 3150 3699; x_wconf 86' lang='lat' dir='ltr'><strong>comedebant.</strong></span> <span class='ocrx_word' id='word_1_795' title='bbox 3201 3645 3333 3701; x_wconf 87' lang='lat' dir='ltr'><strong>Cum</strong></span> <span class='ocrx_word' id='word_1_796' title='bbox 3373 3647 3601 3704; x_wconf 78' lang='lat' dir='ltr'><strong>dixisset</strong></span> 
     </span>
    </p>
   </div>
   <div class='ocr_carea' id='block_1_99' title="bbox 2010 3731 3601 3807">
    <p class='ocr_par' dir='ltr' id='par_1_99' title="bbox 2010 3731 3601 3807">
     <span class='ocr_line' id='line_1_99' title="bbox 2010 3731 3601 3807; baseline 0.005 -22"><span class='ocrx_word' id='word_1_797' title='bbox 2010 3731 2174 3797; x_wconf 90' lang='lat' dir='ltr'><strong>enim,</strong></span> <span class='ocrx_word' id='word_1_798' title='bbox 2227 3731 2312 3785; x_wconf 86' lang='lat' dir='ltr'><strong>Ne</strong></span> <span class='ocrx_word' id='word_1_799' title='bbox 2358 3732 2470 3786; x_wconf 81' lang='lat' dir='ltr'><strong>sitis</strong></span> <span class='ocrx_word' id='word_1_800' title='bbox 2523 3733 2929 3804; x_wconf 86' lang='lat' dir='ltr'><strong>concupiscentes</strong></span> <span class='ocrx_word' id='word_1_801' title='bbox 2968 3737 3239 3802; x_wconf 88' lang='lat' dir='ltr'><strong>malorum,</strong></span> <span class='ocrx_word' id='word_1_802' title='bbox 3289 3738 3432 3807; x_wconf 90' lang='lat' dir='ltr'><strong>quod</strong></span> <span class='ocrx_word' id='word_1_803' title='bbox 3485 3740 3601 3793; x_wconf 89' lang='lat' dir='ltr'><strong>uni-</strong></span> 
     </span>
    </p>
   </div>
   <div class='ocr_carea' id='block_1_100' title="bbox 1964 3821 3601 3896">
    <p class='ocr_par' dir='ltr' id='par_1_100' title="bbox 1964 3821 3601 3896">
     <span class='ocr_line' id='line_1_100' title="bbox 1964 3821 3601 3896; baseline 0.007 -22"><span class='ocrx_word' id='word_1_804' title='bbox 1964 3823 1966 3825; x_wconf 72' lang='grc'><em>’</em></span> <span class='ocrx_word' id='word_1_805' title='bbox 2009 3823 2218 3876; x_wconf 85' lang='lat' dir='ltr'><strong>versale</strong></span> <span class='ocrx_word' id='word_1_806' title='bbox 2248 3831 2383 3886; x_wconf 85' lang='lat' dir='ltr'><strong>erat,</strong></span> <span class='ocrx_word' id='word_1_807' title='bbox 2416 3821 2557 3891; x_wconf 90' lang='lat' dir='ltr'><strong>quod</strong></span> <span class='ocrx_word' id='word_1_808' title='bbox 2579 3824 2628 3877; x_wconf 92' lang='lat' dir='ltr'><strong>in</strong></span> <span class='ocrx_word' id='word_1_809' title='bbox 2653 3825 2834 3892; x_wconf 91' lang='lat' dir='ltr'><strong>specie</strong></span> <span class='ocrx_word' id='word_1_810' title='bbox 2853 3834 2969 3880; x_wconf 86' lang='lat' dir='ltr'><strong>erat</strong></span> <span class='ocrx_word' id='word_1_811' title='bbox 2989 3826 3282 3896; x_wconf 88' lang='lat' dir='ltr'><strong>subjunxit,</strong></span> <span class='ocrx_word' id='word_1_812' title='bbox 3307 3830 3601 3886; x_wconf 90' lang='lat' dir='ltr'><strong>ostendens</strong></span> 
     </span>
    </p>
   </div>
   <div class='ocr_carea' id='block_1_101' title="bbox 2013 3913 3599 3992">
    <p class='ocr_par' dir='ltr' id='par_1_101' title="bbox 2013 3913 3599 3992">
     <span class='ocr_line' id='line_1_101' title="bbox 2013 3913 3599 3992; baseline 0.005 -25"><span class='ocrx_word' id='word_1_813' title='bbox 2013 3913 2220 3984; x_wconf 77' lang='lat' dir='ltr'><strong>singula</strong></span> <span class='ocrx_word' id='word_1_814' title='bbox 2280 3922 2495 3982; x_wconf 87' lang='lat' dir='ltr'><strong>peccata</strong></span> <span class='ocrx_word' id='word_1_815' title='bbox 2539 3929 2607 3968; x_wconf 90' lang='lat' dir='ltr'><strong>ex</strong></span> <span class='ocrx_word' id='word_1_816' title='bbox 2649 3915 2785 3969; x_wconf 89' lang='lat' dir='ltr'><strong>mala</strong></span> <span class='ocrx_word' id='word_1_817' title='bbox 2804 3930 2928 3973; x_wconf 83' lang='lat' dir='ltr'><strong>esse</strong></span> <span class='ocrx_word' id='word_1_818' title='bbox 2949 3919 3347 3990; x_wconf 82' lang='lat' dir='ltr'><strong>cupiditate;et</strong></span> <span class='ocrx_word' id='word_1_819' title='bbox 3370 3927 3599 3992; x_wconf 89' lang='lat' dir='ltr'><strong>primum</strong></span> 
     </span>
    </p>
   </div>
   <div class='ocr_carea' id='block_1_102' title="bbox 2013 4004 3603 4083">
    <p class='ocr_par' dir='ltr' id='par_1_102' title="bbox 2013 4004 3603 4083">
     <span class='ocr_line' id='line_1_102' title="bbox 2013 4004 3603 4083; baseline 0.006 -25"><span class='ocrx_word' id='word_1_820' title='bbox 2013 4005 2116 4059; x_wconf 91' lang='lat' dir='ltr'><strong>hoc</strong></span> <span class='ocrx_word' id='word_1_821' title='bbox 2142 4005 2277 4059; x_wconf 82' lang='lat' dir='ltr'><strong>dixi:</strong></span> <span class='ocrx_word' id='word_1_822' title='bbox 2300 4023 2322 4059; x_wconf 60' lang='grc' dir='ltr'><strong><em>ξ</em></strong></span> <span class='ocrx_word' id='word_1_823' title='bbox 2346 4006 2397 4058; x_wconf 89' lang='grc'><strong>7.</strong></span> <span class='ocrx_word' id='word_1_824' title='bbox 2426 4004 2603 4074; x_wconf 83' lang='lat' dir='ltr'><strong>Neque</strong></span> <span class='ocrx_word' id='word_1_825' title='bbox 2626 4006 2911 4061; x_wconf 74' lang='lat' dir='ltr'><strong>idololatra:</strong></span> <span class='ocrx_word' id='word_1_826' title='bbox 2935 4009 3217 4080; x_wconf 73' lang='lat' dir='ltr'><strong>eﬂiciamiui</strong></span> <span class='ocrx_word' id='word_1_827' title='bbox 3241 4012 3370 4066; x_wconf 73' lang='lat' dir='ltr'><strong>sirut</strong></span> <span class='ocrx_word' id='word_1_828' title='bbox 3392 4016 3603 4083; x_wconf 81' lang='lat' dir='ltr'><strong>quidam</strong></span> 
     </span>
    </p>
   </div>
   <div class='ocr_carea' id='block_1_103' title="bbox 2009 4096 3602 4175">
    <p class='ocr_par' dir='ltr' id='par_1_103' title="bbox 2009 4096 3602 4175">
     <span class='ocr_line' id='line_1_103' title="bbox 2009 4096 3602 4175; baseline 0.006 -26"><span class='ocrx_word' id='word_1_829' title='bbox 2009 4111 2072 4150; x_wconf 75' lang='lat' dir='ltr'><strong>ea:</strong></span> <span class='ocrx_word' id='word_1_830' title='bbox 2112 4097 2237 4165; x_wconf 80' lang='lat' dir='ltr'><strong>ipsis</strong></span> <span class='ocrx_word' id='word_1_831' title='bbox 2259 4137 2271 4159; x_wconf 96' lang='lat'><strong>,</strong></span> <span class='ocrx_word' id='word_1_832' title='bbox 2313 4096 2734 4166; x_wconf 88' lang='lat' dir='ltr'><strong>quemadmoduut</strong></span> <span class='ocrx_word' id='word_1_833' title='bbox 2771 4101 3014 4169; x_wconf 69' lang='lat' dir='ltr'><strong>scriptum</strong></span> <span class='ocrx_word' id='word_1_834' title='bbox 3048 4111 3165 4155; x_wconf 88' lang='lat' dir='ltr'><strong>est:</strong></span> <span class='ocrx_word' id='word_1_835' title='bbox 3194 4102 3342 4157; x_wconf 83' lang='lat' dir='ltr'><strong>Sedit</strong></span> <span class='ocrx_word' id='word_1_836' title='bbox 3381 4108 3602 4175; x_wconf 82' lang='lat' dir='ltr'><strong>papulas</strong></span> 
     </span>
    </p>
   </div>
   <div class='ocr_carea' id='block_1_104' title="bbox 2010 4187 3600 4252">
    <p class='ocr_par' dir='ltr' id='par_1_104' title="bbox 2010 4187 3600 4252">
     <span class='ocr_line' id='line_1_104' title="bbox 2010 4187 3600 4252; baseline 0.008 -14"><span class='ocrx_word' id='word_1_837' title='bbox 2010 4187 2323 4240; x_wconf 85' lang='lat' dir='ltr'><strong>manducare</strong></span> <span class='ocrx_word' id='word_1_838' title='bbox 2366 4196 2412 4240; x_wconf 88' lang='lat' dir='ltr'><strong>et</strong></span> <span class='ocrx_word' id='word_1_839' title='bbox 2458 4187 2641 4252; x_wconf 83' lang='lat' dir='ltr'><strong>bibere,</strong></span> <span class='ocrx_word' id='word_1_840' title='bbox 2688 4200 2733 4242; x_wconf 90' lang='lat' dir='ltr'><strong>et</strong></span> <span class='ocrx_word' id='word_1_841' title='bbox 2771 4205 3094 4246; x_wconf 68' lang='lat' dir='ltr'><strong>surrexerunt</strong></span> <span class='ocrx_word' id='word_1_842' title='bbox 3144 4194 3339 4250; x_wconf 84' lang='lat' dir='ltr'><strong>ludere.</strong></span> <span class='ocrx_word' id='word_1_843' title='bbox 3388 4197 3600 4251; x_wconf 75' lang='lat' dir='ltr'><strong>Audisti</strong></span> 
     </span>
    </p>
   </div>
   <div class='ocr_carea' id='block_1_105' title="bbox 2009 4279 3601 4356">
    <p class='ocr_par' dir='ltr' id='par_1_105' title="bbox 2009 4279 3601 4356">
     <span class='ocr_line' id='line_1_105' title="bbox 2009 4279 3601 4356; baseline 0.008 -26"><span class='ocrx_word' id='word_1_844' title='bbox 2009 4279 2280 4347; x_wconf 90' lang='lat' dir='ltr'><strong>quomodo</strong></span> <span class='ocrx_word' id='word_1_845' title='bbox 2309 4279 2519 4333; x_wconf 88' lang='lat' dir='ltr'><strong>tandem</strong></span> <span class='ocrx_word' id='word_1_846' title='bbox 2562 4280 2868 4336; x_wconf 85' lang='lat' dir='ltr'><strong>idololatras</strong></span> <span class='ocrx_word' id='word_1_847' title='bbox 2896 4283 3083 4338; x_wconf 84' lang='lat' dir='ltr'><strong>vocet?</strong></span> <span class='ocrx_word' id='word_1_848' title='bbox 3124 4285 3217 4340; x_wconf 87' lang='lat' dir='ltr'><strong>sed</strong></span> <span class='ocrx_word' id='word_1_849' title='bbox 3253 4286 3338 4340; x_wconf 90' lang='lat' dir='ltr'><strong>hic</strong></span> <span class='ocrx_word' id='word_1_850' title='bbox 3381 4288 3601 4356; x_wconf 84' lang='lat' dir='ltr'><strong>quidem</strong></span> 
     </span>
    </p>
   </div>
   <div class='ocr_carea' id='block_1_106' title="bbox 2013 4370 3602 4446">
    <p class='ocr_par' dir='ltr' id='par_1_106' title="bbox 2013 4370 3602 4446">
     <span class='ocr_line' id='line_1_106' title="bbox 2013 4370 3602 4446; baseline 0.007 -23"><span class='ocrx_word' id='word_1_851' title='bbox 2013 4370 2396 4439; x_wconf 80' lang='lat' dir='ltr'><strong>pronuntians,</strong></span> <span class='ocrx_word' id='word_1_852' title='bbox 2446 4381 2629 4440; x_wconf 84' lang='lat' dir='ltr'><strong>p05tea</strong></span> <span class='ocrx_word' id='word_1_853' title='bbox 2659 4382 2835 4428; x_wconf 87' lang='lat' dir='ltr'><strong>autem</strong></span> <span class='ocrx_word' id='word_1_854' title='bbox 2887 4375 3047 4429; x_wconf 90' lang='lat' dir='ltr'><strong>etiam</strong></span> <span class='ocrx_word' id='word_1_855' title='bbox 3083 4377 3333 4446; x_wconf 88' lang='lat' dir='ltr'><strong>probans.</strong></span> <span class='ocrx_word' id='word_1_856' title='bbox 3367 4380 3602 4434; x_wconf 79' lang='lat' dir='ltr'><strong>Causam</strong></span> 
     </span>
    </p>
   </div>
   <div class='ocr_carea' id='block_1_107' title="bbox 2009 4463 3602 4534">
    <p class='ocr_par' dir='ltr' id='par_1_107' title="bbox 2009 4463 3602 4534">
     <span class='ocr_line' id='line_1_107' title="bbox 2009 4463 3602 4534; baseline 0.007 -18"><span class='ocrx_word' id='word_1_857' title='bbox 2009 4469 2185 4516; x_wconf 89' lang='lat' dir='ltr'><strong>autem</strong></span> <span class='ocrx_word' id='word_1_858' title='bbox 2217 4463 2394 4532; x_wconf 91' lang='lat' dir='ltr'><strong>posuit</strong></span> <span class='ocrx_word' id='word_1_859' title='bbox 2429 4463 2496 4518; x_wconf 91' lang='lat' dir='ltr'><strong>ob</strong></span> <span class='ocrx_word' id='word_1_860' title='bbox 2519 4480 2676 4534; x_wconf 90' lang='lat' dir='ltr'><strong>quam</strong></span> <span class='ocrx_word' id='word_1_861' title='bbox 2707 4465 2773 4519; x_wconf 91' lang='lat' dir='ltr'><strong>ad</strong></span> <span class='ocrx_word' id='word_1_862' title='bbox 2802 4482 3017 4522; x_wconf 88' lang='lat' dir='ltr'><strong>mensas</strong></span> <span class='ocrx_word' id='word_1_863' title='bbox 3053 4469 3171 4523; x_wconf 85' lang='lat' dir='ltr'><strong>illas</strong></span> <span class='ocrx_word' id='word_1_864' title='bbox 3197 4473 3557 4526; x_wconf 83' lang='lat' dir='ltr'><strong>accurrebant</strong></span> <span class='ocrx_word' id='word_1_865' title='bbox 3586 4490 3602 4527; x_wconf 92' lang='lat'><strong>:</strong></span> 
     </span>
    </p>
   </div>
   <div class='ocr_carea' id='block_1_108' title="bbox 2009 4555 3602 4626">
    <p class='ocr_par' dir='ltr' id='par_1_108' title="bbox 2009 4555 3602 4626">
     <span class='ocr_line' id='line_1_108' title="bbox 2009 4555 3602 4626; baseline 0.006 -17"><span class='ocrx_word' id='word_1_866' title='bbox 2009 4568 2071 4609; x_wconf 86' lang='lat' dir='ltr'><strong>ea</strong></span> <span class='ocrx_word' id='word_1_867' title='bbox 2101 4563 2215 4608; x_wconf 89' lang='lat' dir='ltr'><strong>erat</strong></span> <span class='ocrx_word' id='word_1_868' title='bbox 2239 4555 2383 4624; x_wconf 80' lang='lat' dir='ltr'><strong>gula.</strong></span> <span class='ocrx_word' id='word_1_869' title='bbox 2407 4555 2744 4626; x_wconf 86' lang='lat' dir='ltr'><strong>Quapropter</strong></span> <span class='ocrx_word' id='word_1_870' title='bbox 2762 4572 2882 4612; x_wconf 92' lang='lat' dir='ltr'><strong>cum</strong></span> <span class='ocrx_word' id='word_1_871' title='bbox 2908 4559 3158 4626; x_wconf 90' lang='lat' dir='ltr'><strong>dixisset,</strong></span> <span class='ocrx_word' id='word_1_872' title='bbox 3191 4560 3272 4615; x_wconf 85' lang='lat' dir='ltr'><strong>Ne</strong></span> <span class='ocrx_word' id='word_1_873' title='bbox 3288 4566 3450 4616; x_wconf 82' lang='lat' dir='ltr'><strong>simus</strong></span> <span class='ocrx_word' id='word_1_874' title='bbox 3479 4582 3602 4619; x_wconf 83' lang='lat' dir='ltr'><strong>cou-</strong></span> 
     </span>
    </p>
   </div>
   <div class='ocr_carea' id='block_1_109' title="bbox 2009 4645 3601 4720">
    <p class='ocr_par' dir='ltr' id='par_1_109' title="bbox 2009 4645 3601 4720">
     <span class='ocr_line' id='line_1_109' title="bbox 2009 4645 3601 4720; baseline 0.007 -22"><span class='ocrx_word' id='word_1_875' title='bbox 2009 4645 2316 4716; x_wconf 84' lang='lat' dir='ltr'><strong>cupiscentes</strong></span> <span class='ocrx_word' id='word_1_876' title='bbox 2342 4646 2614 4713; x_wconf 87' lang='lat' dir='ltr'><strong>malorum,</strong></span> <span class='ocrx_word' id='word_1_877' title='bbox 2636 4647 3012 4715; x_wconf 84' lang='lat' dir='ltr'><strong>ctaddidisset,</strong></span> <span class='ocrx_word' id='word_1_878' title='bbox 3048 4649 3130 4705; x_wconf 84' lang='lat' dir='ltr'><strong>Ne</strong></span> <span class='ocrx_word' id='word_1_879' title='bbox 3161 4653 3270 4708; x_wconf 83' lang='lat' dir='ltr'><strong>sitis</strong></span> <span class='ocrx_word' id='word_1_880' title='bbox 3287 4652 3601 4720; x_wconf 68' lang='lat' dir='ltr'><strong>idololatria,</strong></span> 
     </span>
    </p>
   </div>
   <div class='ocr_carea' id='block_1_110' title="bbox 2010 4737 3604 4812">
    <p class='ocr_par' dir='ltr' id='par_1_110' title="bbox 2010 4737 3604 4812">
     <span class='ocr_line' id='line_1_110' title="bbox 2010 4737 3604 4812; baseline 0.008 -21"><span class='ocrx_word' id='word_1_881' title='bbox 2010 4737 2230 4808; x_wconf 89' lang='lat' dir='ltr'><strong>hujusce</strong></span> <span class='ocrx_word' id='word_1_882' title='bbox 2281 4740 2574 4809; x_wconf 85' lang='lat' dir='ltr'><strong>iniquitatis</strong></span> <span class='ocrx_word' id='word_1_883' title='bbox 2601 4756 2814 4796; x_wconf 87' lang='lat' dir='ltr'><strong>causam</strong></span> <span class='ocrx_word' id='word_1_884' title='bbox 2857 4743 3068 4812; x_wconf 91' lang='lat' dir='ltr'><strong>posuit;</strong></span> <span class='ocrx_word' id='word_1_885' title='bbox 3113 4744 3230 4800; x_wconf 71' lang='lat' dir='ltr'><strong>hazc</strong></span> <span class='ocrx_word' id='word_1_886' title='bbox 3272 4756 3454 4802; x_wconf 91' lang='lat' dir='ltr'><strong>autem</strong></span> <span class='ocrx_word' id='word_1_887' title='bbox 3485 4761 3604 4804; x_wconf 87' lang='lat' dir='ltr'><strong>erat</strong></span> 
     </span>
    </p>
   </div>
   <div class='ocr_carea' id='block_1_111' title="bbox 2006 4829 3597 4901">
    <p class='ocr_par' dir='ltr' id='par_1_111' title="bbox 2006 4829 3597 4901">
     <span class='ocr_line' id='line_1_111' title="bbox 2006 4829 3597 4901; baseline 0.008 -21"><span class='ocrx_word' id='word_1_888' title='bbox 2006 4829 2153 4898; x_wconf 81' lang='lat' dir='ltr'><strong>gula.</strong></span> <span class='ocrx_word' id='word_1_889' title='bbox 2178 4829 2322 4883; x_wconf 83' lang='lat' dir='ltr'><strong>Sedit</strong></span> <span class='ocrx_word' id='word_1_890' title='bbox 2351 4832 2515 4896; x_wconf 92' lang='lat' dir='ltr'><strong>cnim,</strong></span> <span class='ocrx_word' id='word_1_891' title='bbox 2547 4831 2738 4900; x_wconf 87' lang='lat' dir='ltr'><strong>inquit,</strong></span> <span class='ocrx_word' id='word_1_892' title='bbox 2765 4833 2983 4901; x_wconf 88' lang='lat' dir='ltr'><strong>populus</strong></span> <span class='ocrx_word' id='word_1_893' title='bbox 3006 4837 3314 4890; x_wconf 86' lang='lat' dir='ltr'><strong>manducare</strong></span> <span class='ocrx_word' id='word_1_894' title='bbox 3335 4848 3382 4890; x_wconf 88' lang='lat' dir='ltr'><strong>et</strong></span> <span class='ocrx_word' id='word_1_895' title='bbox 3409 4839 3597 4893; x_wconf 88' lang='lat' dir='ltr'><strong>bibere.</strong></span> 
     </span>
    </p>
   </div>
   <div class='ocr_carea' id='block_1_112' title="bbox 2009 4920 3601 4995">
    <p class='ocr_par' dir='ltr' id='par_1_112' title="bbox 2009 4920 3601 4995">
     <span class='ocr_line' id='line_1_112' title="bbox 2009 4920 3601 4995; baseline 0.004 -21"><span class='ocrx_word' id='word_1_896' title='bbox 2009 4921 2075 4974; x_wconf 88' lang='lat' dir='ltr'><strong>Et</strong></span> <span class='ocrx_word' id='word_1_897' title='bbox 2105 4920 2263 4975; x_wconf 87' lang='lat' dir='ltr'><strong>ﬁnem</strong></span> <span class='ocrx_word' id='word_1_898' title='bbox 2296 4921 2418 4975; x_wconf 89' lang='lat' dir='ltr'><strong>inde</strong></span> <span class='ocrx_word' id='word_1_899' title='bbox 2457 4933 2765 4992; x_wconf 89' lang='lat' dir='ltr'><strong>sequentem</strong></span> <span class='ocrx_word' id='word_1_900' title='bbox 2791 4923 2956 4986; x_wconf 89' lang='lat' dir='ltr'><strong>addit,</strong></span> <span class='ocrx_word' id='word_1_901' title='bbox 3001 4940 3212 4995; x_wconf 88' lang='lat' dir='ltr'><strong>nempe,</strong></span> <span class='ocrx_word' id='word_1_902' title='bbox 3253 4925 3601 4983; x_wconf 70' lang='lat' dir='ltr'><strong>Sun-exerunt</strong></span> 
     </span>
    </p>
   </div>
   <div class='ocr_carea' id='block_1_113' title="bbox 2008 5011 3598 5084">
    <p class='ocr_par' dir='ltr' id='par_1_113' title="bbox 2008 5011 3598 5084">
     <span class='ocr_line' id='line_1_113' title="bbox 2008 5011 3598 5084; baseline 0.008 -18"><span class='ocrx_word' id='word_1_903' title='bbox 2008 5011 2202 5066; x_wconf 87' lang='lat' dir='ltr'><strong>ludere.</strong></span> <span class='ocrx_word' id='word_1_904' title='bbox 2234 5011 2304 5070; x_wconf 90' lang='lat' dir='ltr'><strong>Ut</strong></span> <span class='ocrx_word' id='word_1_905' title='bbox 2335 5013 2433 5080; x_wconf 91' lang='lat' dir='ltr'><strong>illi,</strong></span> <span class='ocrx_word' id='word_1_906' title='bbox 2471 5014 2664 5084; x_wconf 86' lang='lat' dir='ltr'><strong>inquit,</strong></span> <span class='ocrx_word' id='word_1_907' title='bbox 2699 5029 2728 5068; x_wconf 89' lang='lat' dir='ltr'><strong>a</strong></span> <span class='ocrx_word' id='word_1_908' title='bbox 2766 5015 2975 5071; x_wconf 90' lang='lat' dir='ltr'><strong>deliciis</strong></span> <span class='ocrx_word' id='word_1_909' title='bbox 3005 5019 3072 5072; x_wconf 90' lang='lat' dir='ltr'><strong>ad</strong></span> <span class='ocrx_word' id='word_1_910' title='bbox 3115 5018 3470 5076; x_wconf 87' lang='lat' dir='ltr'><strong>idololatriam</strong></span> <span class='ocrx_word' id='word_1_911' title='bbox 3499 5023 3598 5077; x_wconf 88' lang='lat' dir='ltr'><strong>de-</strong></span> 
     </span>
    </p>
   </div>
   <div class='ocr_carea' id='block_1_114' title="bbox 2007 5104 3592 5167">
    <p class='ocr_par' dir='ltr' id='par_1_114' title="bbox 2007 5104 3592 5167">
     <span class='ocr_line' id='line_1_114' title="bbox 2007 5104 3592 5167; baseline 0.006 -10"><span class='ocrx_word' id='word_1_912' title='bbox 2007 5115 2267 5158; x_wconf 90' lang='lat' dir='ltr'><strong>venerunt</strong></span> <span class='ocrx_word' id='word_1_913' title='bbox 2300 5121 2312 5157; x_wconf 91' lang='lat'><strong>:</strong></span> <span class='ocrx_word' id='word_1_914' title='bbox 2341 5104 2417 5159; x_wconf 89' lang='lat' dir='ltr'><strong>sic</strong></span> <span class='ocrx_word' id='word_1_915' title='bbox 2450 5105 2740 5160; x_wconf 88' lang='lat' dir='ltr'><strong>timendum</strong></span> <span class='ocrx_word' id='word_1_916' title='bbox 2768 5116 2849 5160; x_wconf 92' lang='lat' dir='ltr'><strong>est</strong></span> <span class='ocrx_word' id='word_1_917' title='bbox 2873 5123 2940 5162; x_wconf 90' lang='lat' dir='ltr'><strong>ne</strong></span> <span class='ocrx_word' id='word_1_918' title='bbox 2969 5122 3061 5162; x_wconf 85' lang='lat' dir='ltr'><strong>vos</strong></span> <span class='ocrx_word' id='word_1_919' title='bbox 3089 5109 3211 5166; x_wconf 90' lang='lat' dir='ltr'><strong>inde</strong></span> <span class='ocrx_word' id='word_1_920' title='bbox 3227 5126 3292 5164; x_wconf 90' lang='lat' dir='ltr'><strong>eo</strong></span> <span class='ocrx_word' id='word_1_921' title='bbox 3313 5111 3592 5167; x_wconf 91' lang='lat' dir='ltr'><strong>decidatis.</strong></span> 
     </span>
    </p>
   </div>
   <div class='ocr_carea' id='block_1_115' title="bbox 2008 5194 3599 5270">
    <p class='ocr_par' dir='ltr' id='par_1_115' title="bbox 2008 5194 3599 5270">
     <span class='ocr_line' id='line_1_115' title="bbox 2008 5194 3599 5270; baseline 0.006 -20"><span class='ocrx_word' id='word_1_922' title='bbox 2008 5194 2256 5250; x_wconf 81' lang='lat' dir='ltr'><strong>Vidistin&#39;</strong></span> <span class='ocrx_word' id='word_1_923' title='bbox 2283 5197 2553 5266; x_wconf 90' lang='lat' dir='ltr'><strong>quomodo</strong></span> <span class='ocrx_word' id='word_1_924' title='bbox 2581 5197 2828 5252; x_wconf 86' lang='lat' dir='ltr'><strong>ostendat</strong></span> <span class='ocrx_word' id='word_1_925' title='bbox 2851 5198 3014 5255; x_wconf 80' lang='lat' dir='ltr'><strong>hosce</strong></span> <span class='ocrx_word' id='word_1_926' title='bbox 3046 5201 3311 5270; x_wconf 83' lang='lat' dir='ltr'><strong>perfectos</strong></span> <span class='ocrx_word' id='word_1_927' title='bbox 3341 5203 3449 5258; x_wconf 89' lang='lat' dir='ltr'><strong>illis</strong></span> <span class='ocrx_word' id='word_1_928' title='bbox 3475 5220 3599 5260; x_wconf 83' lang='lat' dir='ltr'><strong>esse</strong></span> 
     </span>
    </p>
   </div>
   <div class='ocr_carea' id='block_1_116' title="bbox 2006 5289 3596 5366">
    <p class='ocr_par' dir='ltr' id='par_1_116' title="bbox 2006 5289 3596 5366">
     <span class='ocr_line' id='line_1_116' title="bbox 2006 5289 3596 5366; baseline 0.004 -21"><span class='ocrx_word' id='word_1_929' title='bbox 2006 5289 2466 5360; x_wconf 85' lang='lat' dir='ltr'><strong>imperfectiores?</strong></span> <span class='ocrx_word' id='word_1_930' title='bbox 2489 5306 2623 5361; x_wconf 89' lang='lat' dir='ltr'><strong>quos</strong></span> <span class='ocrx_word' id='word_1_931' title='bbox 2654 5291 2918 5362; x_wconf 81' lang='lat' dir='ltr'><strong>pungebat</strong></span> <span class='ocrx_word' id='word_1_932' title='bbox 2959 5309 3065 5348; x_wconf 92' lang='lat' dir='ltr'><strong>non</strong></span> <span class='ocrx_word' id='word_1_933' title='bbox 3097 5310 3162 5349; x_wconf 91' lang='lat' dir='ltr'><strong>eo</strong></span> <span class='ocrx_word' id='word_1_934' title='bbox 3202 5296 3399 5362; x_wconf 90' lang='lat' dir='ltr'><strong>solum,</strong></span> <span class='ocrx_word' id='word_1_935' title='bbox 3451 5296 3596 5366; x_wconf 89' lang='lat' dir='ltr'><strong>quod</strong></span> 
     </span>
    </p>
   </div>
   <div class='ocr_carea' id='block_1_117' title="bbox 2011 5381 3593 5455">
    <p class='ocr_par' dir='ltr' id='par_1_117' title="bbox 2011 5381 3593 5455">
     <span class='ocr_line' id='line_1_117' title="bbox 2011 5381 3593 5455; baseline 0.002 -18"><span class='ocrx_word' id='word_1_936' title='bbox 2011 5397 2119 5437; x_wconf 89' lang='lat' dir='ltr'><strong>non</strong></span> <span class='ocrx_word' id='word_1_937' title='bbox 2145 5383 2502 5447; x_wconf 82' lang='lat' dir='ltr'><strong>sustinerent;</strong></span> <span class='ocrx_word' id='word_1_938' title='bbox 2534 5381 2627 5434; x_wconf 87' lang='lat' dir='ltr'><strong>sed</strong></span> <span class='ocrx_word' id='word_1_939' title='bbox 2672 5381 2812 5452; x_wconf 90' lang='lat' dir='ltr'><strong>quod</strong></span> <span class='ocrx_word' id='word_1_940' title='bbox 2861 5385 3022 5438; x_wconf 88' lang='lat' dir='ltr'><strong>etiam</strong></span> <span class='ocrx_word' id='word_1_941' title='bbox 3048 5384 3127 5439; x_wconf 88' lang='lat' dir='ltr'><strong>illi</strong></span> <span class='ocrx_word' id='word_1_942' title='bbox 3165 5400 3229 5438; x_wconf 90' lang='lat' dir='ltr'><strong>ex</strong></span> <span class='ocrx_word' id='word_1_943' title='bbox 3258 5385 3593 5455; x_wconf 78' lang='lat' dir='ltr'><strong>ignorantia,</strong></span> 
     </span>
    </p>
   </div>
   <div class='ocr_carea' id='block_1_118' title="bbox 2002 5473 3596 5547">
    <p class='ocr_par' dir='ltr' id='par_1_118' title="bbox 2002 5473 3596 5547">
     <span class='ocr_line' id='line_1_118' title="bbox 2002 5473 3596 5547; baseline 0.004 -19"><span class='ocrx_word' id='word_1_944' title='bbox 2002 5473 2095 5528; x_wconf 88' lang='lat' dir='ltr'><strong>alii</strong></span> <span class='ocrx_word' id='word_1_945' title='bbox 2112 5490 2175 5529; x_wconf 90' lang='lat' dir='ltr'><strong>ex</strong></span> <span class='ocrx_word' id='word_1_946' title='bbox 2199 5473 2430 5545; x_wconf 74' lang='lat' dir='ltr'><strong>ingluvie</strong></span> <span class='ocrx_word' id='word_1_947' title='bbox 2452 5484 2732 5543; x_wconf 87' lang='lat' dir='ltr'><strong>peccarent</strong></span> <span class='ocrx_word' id='word_1_948' title='bbox 2757 5491 2770 5530; x_wconf 90' lang='lat'><strong>:</strong></span> <span class='ocrx_word' id='word_1_949' title='bbox 2794 5483 2848 5531; x_wconf 90' lang='lat' dir='ltr'><strong>et</strong></span> <span class='ocrx_word' id='word_1_950' title='bbox 2869 5475 3077 5532; x_wconf 89' lang='lat' dir='ltr'><strong>illorum</strong></span> <span class='ocrx_word' id='word_1_951' title='bbox 3105 5476 3318 5544; x_wconf 88' lang='lat' dir='ltr'><strong>quidem</strong></span> <span class='ocrx_word' id='word_1_952' title='bbox 3339 5477 3596 5547; x_wconf 78' lang='lat' dir='ltr'><strong>perniciei</strong></span> 
     </span>
    </p>
   </div>
   <div class='ocr_carea' id='block_1_119' title="bbox 2005 5563 3594 5636">
    <p class='ocr_par' dir='ltr' id='par_1_119' title="bbox 2005 5563 3594 5636">
     <span class='ocr_line' id='line_1_119' title="bbox 2005 5563 3594 5636; baseline 0.003 -19"><span class='ocrx_word' id='word_1_953' title='bbox 2005 5565 2330 5635; x_wconf 86' lang='lat' dir='ltr'><strong>punitionem</strong></span> <span class='ocrx_word' id='word_1_954' title='bbox 2362 5563 2443 5617; x_wconf 92' lang='lat' dir='ltr'><strong>his</strong></span> <span class='ocrx_word' id='word_1_955' title='bbox 2467 5564 2676 5630; x_wconf 87' lang='lat' dir='ltr'><strong>tribuit;</strong></span> <span class='ocrx_word' id='word_1_956' title='bbox 2710 5564 2809 5620; x_wconf 91' lang='lat' dir='ltr'><strong>hos</strong></span> <span class='ocrx_word' id='word_1_957' title='bbox 2831 5575 3007 5620; x_wconf 89' lang='lat' dir='ltr'><strong>autem</strong></span> <span class='ocrx_word' id='word_1_958' title='bbox 3038 5581 3142 5621; x_wconf 91' lang='lat' dir='ltr'><strong>non</strong></span> <span class='ocrx_word' id='word_1_959' title='bbox 3181 5566 3308 5621; x_wconf 87' lang='lat' dir='ltr'><strong>sinit</strong></span> <span class='ocrx_word' id='word_1_960' title='bbox 3338 5569 3420 5621; x_wconf 82' lang='lat' dir='ltr'><strong>sui</strong></span> <span class='ocrx_word' id='word_1_961' title='bbox 3463 5582 3594 5636; x_wconf 76' lang='lat' dir='ltr'><strong>pec-</strong></span> 
     </span>
    </p>
   </div>
   <div class='ocr_carea' id='block_1_120' title="bbox 2009 5657 3597 5722">
    <p class='ocr_par' dir='ltr' id='par_1_120' title="bbox 2009 5657 3597 5722">
     <span class='ocr_line' id='line_1_120' title="bbox 2009 5657 3597 5722; baseline -0.001 -8"><span class='ocrx_word' id='word_1_962' title='bbox 2009 5658 2113 5714; x_wconf 87' lang='lat' dir='ltr'><strong>cati</strong></span> <span class='ocrx_word' id='word_1_963' title='bbox 2141 5672 2356 5714; x_wconf 88' lang='lat' dir='ltr'><strong>causam</strong></span> <span class='ocrx_word' id='word_1_964' title='bbox 2405 5657 2602 5715; x_wconf 87' lang='lat' dir='ltr'><strong>referre</strong></span> <span class='ocrx_word' id='word_1_965' title='bbox 2650 5658 2701 5713; x_wconf 92' lang='lat' dir='ltr'><strong>in</strong></span> <span class='ocrx_word' id='word_1_966' title='bbox 2751 5657 3050 5722; x_wconf 88' lang='lat' dir='ltr'><strong>alium,scd</strong></span> <span class='ocrx_word' id='word_1_967' title='bbox 3079 5667 3134 5714; x_wconf 91' lang='lat' dir='ltr'><strong>et</strong></span> <span class='ocrx_word' id='word_1_968' title='bbox 3159 5658 3240 5714; x_wconf 89' lang='lat' dir='ltr'><strong>sui</strong></span> <span class='ocrx_word' id='word_1_969' title='bbox 3283 5670 3334 5715; x_wconf 87' lang='lat' dir='ltr'><strong>et</strong></span> <span class='ocrx_word' id='word_1_970' title='bbox 3361 5659 3597 5714; x_wconf 87' lang='lat' dir='ltr'><strong>aliorum</strong></span> 
     </span>
    </p>
   </div>
  </div>
