  <div class='ocr_page' id='page_1' title='image "/cluster/home/n/w/nwhite01/storage/ocr_20150623/61/mdp.39015008622618/199.png"; bbox 0 0 3986 6202; ppageno 0'>
   <div class='ocr_carea' id='block_1_1' title="bbox 485 271 588 330">
    <p class='ocr_par' dir='ltr' id='par_1_1' title="bbox 485 271 588 330">
     <span class='ocr_line' id='line_1_1' title="bbox 485 271 588 330; baseline -0.01 0"><span class='ocrx_word' id='word_1_1' title='bbox 485 271 588 330; x_wconf 72' lang='grc' dir='ltr'><strong>ῑθδ</strong></span> 
     </span>
    </p>
   </div>
   <div class='ocr_carea' id='block_1_2' title="bbox 480 371 2060 458">
    <p class='ocr_par' dir='ltr' id='par_1_2' title="bbox 480 371 2060 458">
     <span class='ocr_line' id='line_1_2' title="bbox 480 371 2060 458; baseline -0.012 -15"><span class='ocrx_word' id='word_1_2' title='bbox 480 389 656 458; x_wconf 83' lang='grc' dir='ltr'><strong>τέρων</strong></span> <span class='ocrx_word' id='word_1_3' title='bbox 699 382 1043 456; x_wconf 78' lang='grc' dir='ltr'><strong>μεμνῆσθαι·</strong></span> <span class='ocrx_word' id='word_1_4' title='bbox 1071 383 1100 436; x_wconf 84' lang='grc' dir='ltr'><strong>δ</strong></span> <span class='ocrx_word' id='word_1_5' title='bbox 1129 383 1191 454; x_wconf 77' lang='grc' dir='ltr'><strong>δὴ</strong></span> <span class='ocrx_word' id='word_1_6' title='bbox 1243 383 1337 438; x_wconf 75' lang='grc' dir='ltr'><strong>καὶ</strong></span> <span class='ocrx_word' id='word_1_7' title='bbox 1379 384 1408 436; x_wconf 80' lang='grc' dir='ltr'><strong>ό</strong></span> <span class='ocrx_word' id='word_1_8' title='bbox 1436 379 1568 444; x_wconf 83' lang='grc' dir='ltr'><strong>Θεὸς</strong></span> <span class='ocrx_word' id='word_1_9' title='bbox 1618 377 1790 432; x_wconf 65' lang='grc' dir='ltr'><strong>ἐπαίει</strong></span> <span class='ocrx_word' id='word_1_10' title='bbox 1823 375 1915 428; x_wconf 74' lang='grc' dir='ltr'><strong>ἐπὶ</strong></span> <span class='ocrx_word' id='word_1_11' title='bbox 1958 371 2060 438; x_wconf 81' lang='grc' dir='ltr'><strong>τῆς</strong></span> 
     </span>
    </p>
   </div>
   <div class='ocr_carea' id='block_1_3' title="bbox 484 459 2056 534">
    <p class='ocr_par' dir='ltr' id='par_1_3' title="bbox 484 459 2056 534">
     <span class='ocr_line' id='line_1_3' title="bbox 484 459 2056 534; baseline -0.011 -8"><span class='ocrx_word' id='word_1_12' title='bbox 484 471 746 532; x_wconf 70' lang='grc' dir='ltr'><strong>Παλαιᾰς,</strong></span> <span class='ocrx_word' id='word_1_13' title='bbox 780 467 901 522; x_wconf 83' lang='grc' dir='ltr'><strong>καθ’</strong></span> <span class='ocrx_word' id='word_1_14' title='bbox 935 469 1162 521; x_wconf 74' lang='grc' dir='ltr'><strong>ἕκαστον</strong></span> <span class='ocrx_word' id='word_1_15' title='bbox 1191 469 1299 521; x_wconf 86' lang='grc' dir='ltr'><strong>τῶν</strong></span> <span class='ocrx_word' id='word_1_16' title='bbox 1339 461 1890 534; x_wconf 86' lang='grc' dir='ltr'><strong>πεπλημμελημένων</strong></span> <span class='ocrx_word' id='word_1_17' title='bbox 1923 459 2056 511; x_wconf 75' lang='lat' dir='ltr'><strong><em>ava-</em></strong></span> 
     </span>
    </p>
   </div>
   <div class='ocr_carea' id='block_1_4' title="bbox 483 542 2061 624">
    <p class='ocr_par' dir='ltr' id='par_1_4' title="bbox 483 542 2061 624">
     <span class='ocr_line' id='line_1_4' title="bbox 483 542 2061 624; baseline -0.01 -16"><span class='ocrx_word' id='word_1_18' title='bbox 483 554 806 624; x_wconf 82' lang='grc' dir='ltr'><strong>μιμνήσκων</strong></span> <span class='ocrx_word' id='word_1_19' title='bbox 824 550 919 604; x_wconf 80' lang='grc' dir='ltr'><strong>τοῦ</strong></span> <span class='ocrx_word' id='word_1_20' title='bbox 943 551 1146 620; x_wconf 83' lang='grc' dir='ltr'><strong>μόσχου</strong></span> <span class='ocrx_word' id='word_1_21' title='bbox 1163 552 1290 614; x_wconf 79' lang='grc' dir='ltr'><strong>τοὺς</strong></span> <span class='ocrx_word' id='word_1_22' title='bbox 1320 548 1627 610; x_wconf 77' lang='grc' dir='ltr'><strong>Ἰουδαίους,</strong></span> <span class='ocrx_word' id='word_1_23' title='bbox 1647 546 1742 598; x_wconf 79' lang='grc' dir='ltr'><strong>καὶ</strong></span> <span class='ocrx_word' id='word_1_24' title='bbox 1762 543 1859 614; x_wconf 85' lang='grc' dir='ltr'><strong>τὴν</strong></span> <span class='ocrx_word' id='word_1_25' title='bbox 1881 542 2061 612; x_wconf 88' lang='grc' dir='ltr'><strong>ἀμαρ-</strong></span> 
     </span>
    </p>
   </div>
   <div class='ocr_carea' id='block_1_5' title="bbox 481 625 2060 702">
    <p class='ocr_par' dir='ltr' id='par_1_5' title="bbox 481 625 2060 702">
     <span class='ocr_line' id='line_1_5' title="bbox 481 625 2060 702; baseline -0.009 -11"><span class='ocrx_word' id='word_1_26' title='bbox 481 639 604 691; x_wconf 84' lang='grc' dir='ltr'><strong>τίαν</strong></span> <span class='ocrx_word' id='word_1_27' title='bbox 651 635 864 702; x_wconf 84' lang='grc' dir='ltr'><strong>ἐκείνην</strong></span> <span class='ocrx_word' id='word_1_28' title='bbox 907 635 987 696; x_wconf 87' lang='grc' dir='ltr'><strong>εἰς</strong></span> <span class='ocrx_word' id='word_1_29' title='bbox 1037 635 1201 702; x_wconf 91' lang='grc' dir='ltr'><strong>μέσον</strong></span> <span class='ocrx_word' id='word_1_30' title='bbox 1243 635 1413 701; x_wconf 77' lang='grc' dir='ltr'><strong>ἄγων.</strong></span> <span class='ocrx_word' id='word_1_31' title='bbox 1460 633 1631 684; x_wconf 87' lang='lat' dir='ltr'><strong>T0510</strong></span> <span class='ocrx_word' id='word_1_32' title='bbox 1679 631 1858 682; x_wconf 80' lang='grc' dir='ltr'><strong>τοίνυν</strong></span> <span class='ocrx_word' id='word_1_33' title='bbox 1901 627 1994 679; x_wconf 77' lang='grc' dir='ltr'><strong>καὶ</strong></span> <span class='ocrx_word' id='word_1_34' title='bbox 2029 625 2060 677; x_wconf 81' lang='grc' dir='ltr'><strong>ό</strong></span> 
     </span>
    </p>
   </div>
   <div class='ocr_carea' id='block_1_6' title="bbox 482 710 2062 787">
    <p class='ocr_par' dir='ltr' id='par_1_6' title="bbox 482 710 2062 787">
     <span class='ocr_line' id='line_1_6' title="bbox 482 710 2062 787; baseline -0.008 -14"><span class='ocrx_word' id='word_1_35' title='bbox 482 717 693 780; x_wconf 82' lang='grc' dir='ltr'><strong>Παῦλος</strong></span> <span class='ocrx_word' id='word_1_36' title='bbox 724 716 960 769; x_wconf 82' lang='grc' dir='ltr'><strong>ἐνταῦθα</strong></span> <span class='ocrx_word' id='word_1_37' title='bbox 999 719 1164 782; x_wconf 86' lang='grc' dir='ltr'><strong>ποιεῖ,</strong></span> <span class='ocrx_word' id='word_1_38' title='bbox 1191 716 1331 787; x_wconf 80' lang='grc' dir='ltr'><strong>ὁμυῦ</strong></span> <span class='ocrx_word' id='word_1_39' title='bbox 1363 733 1422 768; x_wconf 89' lang='grc' dir='ltr'><strong>τε</strong></span> <span class='ocrx_word' id='word_1_40' title='bbox 1453 715 1668 784; x_wconf 77' lang='grc' dir='ltr'><strong>ἐκείνης</strong></span> <span class='ocrx_word' id='word_1_41' title='bbox 1698 713 1892 774; x_wconf 83' lang='grc' dir='ltr'><strong>αὐτοὺς</strong></span> <span class='ocrx_word' id='word_1_42' title='bbox 1931 710 2062 763; x_wconf 82' lang='grc' dir='ltr'>ἁνα-</span> 
     </span>
    </p>
   </div>
   <div class='ocr_carea' id='block_1_7' title="bbox 483 791 2062 870">
    <p class='ocr_par' dir='ltr' id='par_1_7' title="bbox 483 791 2062 870">
     <span class='ocr_line' id='line_1_7' title="bbox 483 791 2062 870; baseline -0.006 -18"><span class='ocrx_word' id='word_1_43' title='bbox 483 800 812 870; x_wconf 79' lang='grc' dir='ltr'><strong>μιμνήσκων</strong></span> <span class='ocrx_word' id='word_1_44' title='bbox 863 801 964 869; x_wconf 80' lang='grc' dir='ltr'><strong>τῆς</strong></span> <span class='ocrx_word' id='word_1_45' title='bbox 1010 799 1307 869; x_wconf 82' lang='grc' dir='ltr'><strong>ἁμαρτίας,</strong></span> <span class='ocrx_word' id='word_1_46' title='bbox 1357 799 1452 851; x_wconf 66' lang='grc' dir='ltr'><strong>καὶ</strong></span> <span class='ocrx_word' id='word_1_47' title='bbox 1496 797 1796 860; x_wconf 78' lang='grc' dir='ltr'><strong>διδάσκων,</strong></span> <span class='ocrx_word' id='word_1_48' title='bbox 1846 795 1926 846; x_wconf 85' lang='grc' dir='ltr'><strong>ὃτι</strong></span> <span class='ocrx_word' id='word_1_49' title='bbox 1967 791 2062 844; x_wconf 73' lang='grc' dir='ltr'><strong>καὶ</strong></span> 
     </span>
    </p>
   </div>
   <div class='ocr_carea' id='block_1_8' title="bbox 478 873 2060 952">
    <p class='ocr_par' dir='ltr' id='par_1_8' title="bbox 478 873 2060 952">
     <span class='ocr_line' id='line_1_8' title="bbox 478 873 2060 952; baseline -0.006 -17"><span class='ocrx_word' id='word_1_50' title='bbox 478 881 638 935; x_wconf 84' lang='grc' dir='ltr'><strong>τούτο</strong></span> <span class='ocrx_word' id='word_1_51' title='bbox 685 880 938 934; x_wconf 82' lang='grc' dir='ltr'><strong>ἐντεῦθεν</strong></span> <span class='ocrx_word' id='word_1_52' title='bbox 991 882 1185 952; x_wconf 81' lang='grc' dir='ltr'><strong>ἐτέχθη</strong></span> <span class='ocrx_word' id='word_1_53' title='bbox 1227 881 1290 934; x_wconf 84' lang='grc' dir='ltr'><strong>τὸ</strong></span> <span class='ocrx_word' id='word_1_54' title='bbox 1321 881 1525 943; x_wconf 84' lang='grc' dir='ltr'><strong>κακὸν,</strong></span> <span class='ocrx_word' id='word_1_55' title='bbox 1567 879 1676 933; x_wconf 79' lang='grc' dir='ltr'><strong>ἀπὸ</strong></span> <span class='ocrx_word' id='word_1_56' title='bbox 1713 876 1927 948; x_wconf 84' lang='grc' dir='ltr'><strong>τρυφῆς</strong></span> <span class='ocrx_word' id='word_1_57' title='bbox 1968 873 2060 926; x_wconf 78' lang='grc' dir='ltr'><strong>καὶ</strong></span> 
     </span>
    </p>
   </div>
   <div class='ocr_carea' id='block_1_9' title="bbox 478 961 2057 1037">
    <p class='ocr_par' dir='ltr' id='par_1_9' title="bbox 478 961 2057 1037">
     <span class='ocr_line' id='line_1_9' title="bbox 478 961 2057 1037; baseline -0.003 -20"><span class='ocrx_word' id='word_1_58' title='bbox 478 965 938 1036; x_wconf 78' lang='grc' dir='ltr'><strong>γαστριμαργίας.</strong></span> <span class='ocrx_word' id='word_1_59' title='bbox 958 965 1049 1018; x_wconf 86' lang='grc' dir='ltr'><strong>Διὸ</strong></span> <span class='ocrx_word' id='word_1_60' title='bbox 1065 967 1160 1020; x_wconf 79' lang='grc' dir='ltr'><strong>καὶ</strong></span> <span class='ocrx_word' id='word_1_61' title='bbox 1180 966 1452 1037; x_wconf 76' lang='grc' dir='ltr'><strong>ἐπήγαγεο</strong></span> <span class='ocrx_word' id='word_1_62' title='bbox 1469 963 1638 1031; x_wconf 87' lang='grc' dir='ltr'><strong>Μηδὲ</strong></span> <span class='ocrx_word' id='word_1_63' title='bbox 1653 961 2057 1029; x_wconf 79' lang='grc' dir='ltr'><strong>πορνεύωμεν,</strong></span> 
     </span>
    </p>
   </div>
   <div class='ocr_carea' id='block_1_10' title="bbox 479 1041 2060 1115">
    <p class='ocr_par' dir='ltr' id='par_1_10' title="bbox 479 1041 2060 1115">
     <span class='ocr_line' id='line_1_10' title="bbox 479 1041 2060 1115; baseline -0.006 -13"><span class='ocrx_word' id='word_1_64' title='bbox 479 1047 673 1111; x_wconf 83' lang='grc' dir='ltr'><strong>καθώς</strong></span> <span class='ocrx_word' id='word_1_65' title='bbox 704 1065 864 1114; x_wconf 86' lang='grc' dir='ltr'><strong>τινες</strong></span> <span class='ocrx_word' id='word_1_66' title='bbox 896 1046 1095 1101; x_wconf 83' lang='grc' dir='ltr'><strong>αὐτῶν</strong></span> <span class='ocrx_word' id='word_1_67' title='bbox 1137 1047 1552 1115; x_wconf 76' lang='grc' dir='ltr'><strong>ἐπόρνευσαν,</strong></span> <span class='ocrx_word' id='word_1_68' title='bbox 1585 1045 1685 1099; x_wconf 79' lang='grc' dir='ltr'><strong>καί</strong></span> <span class='ocrx_word' id='word_1_69' title='bbox 1723 1046 1950 1097; x_wconf 72' lang='grc' dir='ltr'><strong>ἔπεσον</strong></span> <span class='ocrx_word' id='word_1_70' title='bbox 1989 1041 2060 1095; x_wconf 84' lang='grc' dir='ltr'><strong>ἐν</strong></span> 
     </span>
    </p>
   </div>
   <div class='ocr_carea' id='block_1_11' title="bbox 476 1124 2058 1201">
    <p class='ocr_par' dir='ltr' id='par_1_11' title="bbox 476 1124 2058 1201">
     <span class='ocr_line' id='line_1_11' title="bbox 476 1124 2058 1201; baseline -0.003 -17"><span class='ocrx_word' id='word_1_71' title='bbox 476 1129 584 1201; x_wconf 75' lang='grc' dir='ltr'><strong>μιᾷ</strong></span> <span class='ocrx_word' id='word_1_72' title='bbox 623 1131 813 1200; x_wconf 72' lang='grc' dir='ltr'><strong>ἡμέρᾳ</strong></span> <span class='ocrx_word' id='word_1_73' title='bbox 867 1130 1220 1199; x_wconf 74' lang='grc' dir='ltr'><strong>εἰκοσιτρεῖς</strong></span> <span class='ocrx_word' id='word_1_74' title='bbox 1276 1130 1564 1199; x_wconf 76' lang='grc' dir='ltr'><strong>χιλιάδες.</strong></span> <span class='ocrx_word' id='word_1_75' title='bbox 1614 1129 1724 1183; x_wconf 86' lang='lat' dir='ltr'><strong>Kal</strong></span> <span class='ocrx_word' id='word_1_76' title='bbox 1749 1128 1836 1181; x_wconf 76' lang='grc' dir='ltr'><strong>διὰ</strong></span> <span class='ocrx_word' id='word_1_77' title='bbox 1881 1127 1933 1180; x_wconf 90' lang='grc' dir='ltr'><strong>τί</strong></span> <span class='ocrx_word' id='word_1_78' title='bbox 1981 1124 2058 1196; x_wconf 80' lang='grc' dir='ltr'><strong>μὴ</strong></span> 
     </span>
    </p>
   </div>
   <div class='ocr_carea' id='block_1_12' title="bbox 479 1211 2058 1286">
    <p class='ocr_par' dir='ltr' id='par_1_12' title="bbox 479 1211 2058 1286">
     <span class='ocr_line' id='line_1_12' title="bbox 479 1211 2058 1286; baseline -0.003 -18"><span class='ocrx_word' id='word_1_79' title='bbox 479 1214 665 1284; x_wconf 85' lang='grc' dir='ltr'><strong>τίθησι</strong></span> <span class='ocrx_word' id='word_1_80' title='bbox 692 1214 788 1268; x_wconf 76' lang='grc' dir='ltr'><strong>καὶ</strong></span> <span class='ocrx_word' id='word_1_81' title='bbox 815 1213 915 1285; x_wconf 72' lang='grc' dir='ltr'><strong>τὴν</strong></span> <span class='ocrx_word' id='word_1_82' title='bbox 950 1215 1044 1268; x_wconf 80' lang='grc' dir='ltr'><strong>ἐπὶ</strong></span> <span class='ocrx_word' id='word_1_83' title='bbox 1082 1214 1184 1284; x_wconf 82' lang='grc' dir='ltr'><strong>τῆς</strong></span> <span class='ocrx_word' id='word_1_84' title='bbox 1210 1214 1658 1286; x_wconf 85' lang='grc' dir='ltr'><strong>εἰδωλολατρείας</strong></span> <span class='ocrx_word' id='word_1_85' title='bbox 1687 1212 1914 1266; x_wconf 82' lang='grc' dir='ltr'><strong>κόλασιν</strong></span> <span class='ocrx_word' id='word_1_86' title='bbox 1939 1226 1954 1274; x_wconf 86' lang='grc'><strong>;</strong></span> <span class='ocrx_word' id='word_1_87' title='bbox 1987 1211 2058 1263; x_wconf 85' lang='grc' dir='ltr'><em>Ἢ</em></span> 
     </span>
    </p>
   </div>
   <div class='ocr_carea' id='block_1_13' title="bbox 479 1293 2060 1370">
    <p class='ocr_par' dir='ltr' id='par_1_13' title="bbox 479 1293 2060 1370">
     <span class='ocr_line' id='line_1_13' title="bbox 479 1293 2060 1370; baseline -0.001 -20"><span class='ocrx_word' id='word_1_88' title='bbox 479 1294 671 1368; x_wconf 78' lang='grc' dir='ltr'><strong>ἐπειδὴ</strong></span> <span class='ocrx_word' id='word_1_89' title='bbox 716 1297 874 1369; x_wconf 79' lang='grc' dir='ltr'><strong>δῆλον</strong></span> <span class='ocrx_word' id='word_1_90' title='bbox 911 1293 980 1369; x_wconf 87' lang='grc' dir='ltr'><strong>ἦν</strong></span> <span class='ocrx_word' id='word_1_91' title='bbox 1011 1299 1106 1352; x_wconf 68' lang='grc' dir='ltr'><strong>καὶ⁸</strong></span> <span class='ocrx_word' id='word_1_92' title='bbox 1152 1299 1506 1370; x_wconf 77' lang='grc' dir='ltr'><strong>σαφέστερον·</strong></span> <span class='ocrx_word' id='word_1_93' title='bbox 1557 1298 1592 1368; x_wconf 85' lang='grc' dir='ltr'>ἢ</span> <span class='ocrx_word' id='word_1_94' title='bbox 1643 1295 1832 1367; x_wconf 86' lang='grc' dir='ltr'><strong>ἐπειδὴ</strong></span> <span class='ocrx_word' id='word_1_95' title='bbox 1875 1294 2060 1365; x_wconf 81' lang='grc' dir='ltr'><strong>πληγὴ</strong></span> 
     </span>
    </p>
   </div>
   <div class='ocr_carea' id='block_1_14' title="bbox 475 1380 2061 1454">
    <p class='ocr_par' dir='ltr' id='par_1_14' title="bbox 475 1380 2061 1454">
     <span class='ocr_line' id='line_1_14' title="bbox 475 1380 2061 1454; baseline -0.001 -18"><span class='ocrx_word' id='word_1_96' title='bbox 475 1381 715 1452; x_wconf 79' lang='grc' dir='ltr'><strong>τοσαύτη</strong></span> <span class='ocrx_word' id='word_1_97' title='bbox 745 1383 805 1434; x_wconf 87' lang='grc' dir='ltr'><strong>ού</strong></span> <span class='ocrx_word' id='word_1_98' title='bbox 838 1382 1028 1449; x_wconf 83' lang='grc' dir='ltr'><strong>γέγονε</strong></span> <span class='ocrx_word' id='word_1_99' title='bbox 1057 1383 1202 1446; x_wconf 85' lang='grc' dir='ltr'><strong>τότε,</strong></span> <span class='ocrx_word' id='word_1_100' title='bbox 1235 1383 1334 1454; x_wconf 85' lang='grc' dir='ltr'><strong>ὄση</strong></span> <span class='ocrx_word' id='word_1_101' title='bbox 1365 1383 1458 1435; x_wconf 78' lang='grc' dir='ltr'><strong>ἐπὶ</strong></span> <span class='ocrx_word' id='word_1_102' title='bbox 1489 1381 1584 1435; x_wconf 81' lang='grc' dir='ltr'><strong>τοῦ</strong></span> <span class='ocrx_word' id='word_1_103' title='bbox 1615 1380 1864 1450; x_wconf 79' lang='grc' dir='ltr'><strong>Βαλαὰμ,</strong></span> <span class='ocrx_word' id='word_1_104' title='bbox 1895 1380 2061 1451; x_wconf 78' lang='grc' dir='ltr'><strong>ἡνίκα</strong></span> 
     </span>
    </p>
   </div>
   <div class='ocr_carea' id='block_1_15' title="bbox 480 1463 2059 1535">
    <p class='ocr_par' dir='ltr' id='par_1_15' title="bbox 480 1463 2059 1535">
     <span class='ocr_line' id='line_1_15' title="bbox 480 1463 2059 1535; baseline -0.003 -16"><span class='ocrx_word' id='word_1_105' title='bbox 480 1464 843 1534; x_wconf 80' lang='grc' dir='ltr'><strong>ἐτελέσθησαν</strong></span> <span class='ocrx_word' id='word_1_106' title='bbox 876 1463 954 1534; x_wconf 84' lang='grc' dir='ltr'><strong>τῷ</strong></span> <span class='ocrx_word' id='word_1_107' title='bbox 989 1463 1329 1535; x_wconf 86' lang='grc' dir='ltr'><strong>Βεελφεγὼρ,</strong></span> <span class='ocrx_word' id='word_1_108' title='bbox 1378 1463 1486 1518; x_wconf 88' lang='grc' dir='ltr'><strong>τῶν</strong></span> <span class='ocrx_word' id='word_1_109' title='bbox 1525 1463 1920 1518; x_wconf 87' lang='grc' dir='ltr'><strong>Μαδιανιτίδων</strong></span> <span class='ocrx_word' id='word_1_110' title='bbox 1961 1480 2059 1532; x_wconf 90' lang='grc' dir='ltr'><strong>γυ-</strong></span> 
     </span>
    </p>
   </div>
   <div class='ocr_carea' id='block_1_16' title="bbox 477 1544 2062 1618">
    <p class='ocr_par' dir='ltr' id='par_1_16' title="bbox 477 1544 2062 1618">
     <span class='ocr_line' id='line_1_16' title="bbox 477 1544 2062 1618; baseline -0.003 -16"><span class='ocrx_word' id='word_1_111' title='bbox 477 1546 685 1602; x_wconf 83' lang='grc' dir='ltr'><strong>ναικῶν</strong></span> <span class='ocrx_word' id='word_1_112' title='bbox 722 1547 816 1600; x_wconf 77' lang='grc' dir='ltr'><strong>ἐπὶ</strong></span> <span class='ocrx_word' id='word_1_113' title='bbox 839 1547 936 1617; x_wconf 84' lang='grc' dir='ltr'><strong>τῆς</strong></span> <span class='ocrx_word' id='word_1_114' title='bbox 960 1546 1318 1618; x_wconf 81' lang='grc' dir='ltr'><strong>παρατάξεως</strong></span> <span class='ocrx_word' id='word_1_115' title='bbox 1341 1545 1609 1616; x_wconf 79' lang='grc' dir='ltr'><strong>φανεισῶν</strong></span> <span class='ocrx_word' id='word_1_116' title='bbox 1626 1546 1722 1599; x_wconf 82' lang='grc' dir='ltr'><strong>καὶ</strong></span> <span class='ocrx_word' id='word_1_117' title='bbox 1753 1544 2062 1615; x_wconf 81' lang='grc' dir='ltr'><strong>ἐφελκυσα-</strong></span> 
     </span>
    </p>
   </div>
   <div class='ocr_carea' id='block_1_17' title="bbox 483 1626 2060 1700">
    <p class='ocr_par' dir='ltr' id='par_1_17' title="bbox 483 1626 2060 1700">
     <span class='ocr_line' id='line_1_17' title="bbox 483 1626 2060 1700; baseline -0.003 -16"><span class='ocrx_word' id='word_1_118' title='bbox 483 1629 664 1700; x_wconf 73' lang='grc' dir='ltr'><strong>μένων</strong></span> <span class='ocrx_word' id='word_1_119' title='bbox 707 1629 906 1693; x_wconf 75' lang='grc' dir='ltr'><strong>αὐτοὺς</strong></span> <span class='ocrx_word' id='word_1_120' title='bbox 949 1629 1031 1692; x_wconf 87' lang='grc' dir='ltr'><strong>εἰς</strong></span> <span class='ocrx_word' id='word_1_121' title='bbox 1078 1630 1368 1697; x_wconf 72' lang='grc' dir='ltr'><strong>ἀσέλγειαν</strong></span> <span class='ocrx_word' id='word_1_122' title='bbox 1413 1628 1555 1682; x_wconf 88' lang='grc' dir='ltr'><strong>κατά</strong></span> <span class='ocrx_word' id='word_1_123' title='bbox 1596 1627 1696 1698; x_wconf 83' lang='grc' dir='ltr'><strong>τὴν</strong></span> <span class='ocrx_word' id='word_1_124' title='bbox 1747 1626 2060 1697; x_wconf 80' lang='grc' dir='ltr'><strong>συμϐουλὴν</strong></span> 
     </span>
    </p>
   </div>
   <div class='ocr_carea' id='block_1_18' title="bbox 480 1708 2059 1785">
    <p class='ocr_par' dir='ltr' id='par_1_18' title="bbox 480 1708 2059 1785">
     <span class='ocr_line' id='line_1_18' title="bbox 480 1708 2059 1785; baseline -0.002 -19"><span class='ocrx_word' id='word_1_125' title='bbox 480 1714 730 1784; x_wconf 79' lang='grc' dir='ltr'><strong>Βαλαάμ.</strong></span> <span class='ocrx_word' id='word_1_126' title='bbox 761 1714 884 1766; x_wconf 87' lang='grc' dir='ltr'><strong>Ὅτι</strong></span> <span class='ocrx_word' id='word_1_127' title='bbox 921 1712 1030 1785; x_wconf 83' lang='grc' dir='ltr'><strong>γὰρ</strong></span> <span class='ocrx_word' id='word_1_128' title='bbox 1070 1713 1164 1766; x_wconf 91' lang='lat'><strong>105</strong></span> <span class='ocrx_word' id='word_1_129' title='bbox 1213 1713 1439 1782; x_wconf 81' lang='grc' dir='ltr'><strong>Βαλαὰμ</strong></span> <span class='ocrx_word' id='word_1_130' title='bbox 1469 1708 1538 1784; x_wconf 81' lang='grc' dir='ltr'><strong>ἦν</strong></span> <span class='ocrx_word' id='word_1_131' title='bbox 1580 1714 1614 1783; x_wconf 80' lang='grc' dir='ltr'>ἠ</span> <span class='ocrx_word' id='word_1_132' title='bbox 1661 1711 1874 1782; x_wconf 83' lang='grc' dir='ltr'><strong>πονηρά</strong></span> <span class='ocrx_word' id='word_1_133' title='bbox 1920 1710 2059 1783; x_wconf 77' lang='grc' dir='ltr'><strong>αὕτη</strong></span> 
     </span>
    </p>
   </div>
   <div class='ocr_carea' id='block_1_19' title="bbox 484 1791 2063 1866">
    <p class='ocr_par' dir='ltr' id='par_1_19' title="bbox 484 1791 2063 1866">
     <span class='ocr_line' id='line_1_19' title="bbox 484 1791 2063 1866; baseline -0.001 -19"><span class='ocrx_word' id='word_1_134' title='bbox 484 1795 799 1866; x_wconf 79' lang='grc' dir='ltr'><strong>συμϐουλὴ,</strong></span> <span class='ocrx_word' id='word_1_135' title='bbox 827 1795 980 1866; x_wconf 88' lang='grc' dir='ltr'><strong>δηλοῖ</strong></span> <span class='ocrx_word' id='word_1_136' title='bbox 1009 1795 1250 1865; x_wconf 83' lang='grc' dir='ltr'><strong>Μωῦσῆς</strong></span> <span class='ocrx_word' id='word_1_137' title='bbox 1296 1795 1438 1865; x_wconf 85' lang='grc' dir='ltr'><strong>μετά</strong></span> <span class='ocrx_word' id='word_1_138' title='bbox 1481 1794 1656 1848; x_wconf 83' lang='grc' dir='ltr'><strong>ταῦτα</strong></span> <span class='ocrx_word' id='word_1_139' title='bbox 1704 1793 1880 1863; x_wconf 85' lang='grc' dir='ltr'><strong>λέγων</strong></span> <span class='ocrx_word' id='word_1_140' title='bbox 1915 1791 2063 1846; x_wconf 74' lang='grc' dir='ltr'><strong>οὕτω</strong></span> 
     </span>
    </p>
   </div>
   <div class='ocr_carea' id='block_1_20' title="bbox 478 1874 2064 1950">
    <p class='ocr_par' dir='ltr' id='par_1_20' title="bbox 478 1874 2064 1950">
     <span class='ocr_line' id='line_1_20' title="bbox 478 1874 2064 1950; baseline -0.001 -18"><span class='ocrx_word' id='word_1_141' title='bbox 478 1880 619 1950; x_wconf 75' lang='grc' dir='ltr'><strong>πρὸς</strong></span> <span class='ocrx_word' id='word_1_142' title='bbox 645 1878 724 1950; x_wconf 85' lang='grc' dir='ltr'><strong>τῷ</strong></span> <span class='ocrx_word' id='word_1_143' title='bbox 753 1878 897 1932; x_wconf 79' lang='grc' dir='ltr'><strong>τέλει</strong></span> <span class='ocrx_word' id='word_1_144' title='bbox 927 1877 1022 1932; x_wconf 90' lang='lat'><strong>105</strong></span> <span class='ocrx_word' id='word_1_145' title='bbox 1067 1877 1275 1948; x_wconf 86' lang='grc' dir='ltr'><strong>βιϐλίου</strong></span> <span class='ocrx_word' id='word_1_146' title='bbox 1310 1877 1421 1931; x_wconf 90' lang='grc' dir='ltr'><strong>τῶν</strong></span> <span class='ocrx_word' id='word_1_147' title='bbox 1463 1877 1738 1950; x_wconf 77' lang='grc' dir='ltr'><strong>’Δριθμῶν</strong></span> <span class='ocrx_word' id='word_1_148' title='bbox 1757 1894 1772 1908; x_wconf 86' lang='grc'><strong>·</strong></span> <span class='ocrx_word' id='word_1_149' title='bbox 1799 1875 1910 1931; x_wconf 77' lang='grc' dir='ltr'><strong>Καὶ</strong></span> <span class='ocrx_word' id='word_1_150' title='bbox 1956 1874 2064 1930; x_wconf 86' lang='grc' dir='ltr'><strong>τὸν</strong></span> 
     </span>
    </p>
   </div>
   <div class='ocr_carea' id='block_1_21' title="bbox 481 1959 2064 2033">
    <p class='ocr_par' dir='ltr' id='par_1_21' title="bbox 481 1959 2064 2033">
     <span class='ocr_line' id='line_1_21' title="bbox 481 1959 2064 2033; baseline -0.004 -14"><span class='ocrx_word' id='word_1_151' title='bbox 481 1966 733 2033; x_wconf 68' lang='grc' dir='ltr'><strong>Βαλαὰμ</strong></span> <span class='ocrx_word' id='word_1_152' title='bbox 775 1963 910 2016; x_wconf 87' lang='grc' dir='ltr'><strong>υίὸν</strong></span> <span class='ocrx_word' id='word_1_153' title='bbox 964 1960 1125 2030; x_wconf 83' lang='grc' dir='ltr'><strong>Βεὼρ</strong></span> <span class='ocrx_word' id='word_1_154' title='bbox 1167 1961 1528 2016; x_wconf 77' lang='grc' dir='ltr'><strong>ἀπέκτειναν</strong></span> <span class='ocrx_word' id='word_1_155' title='bbox 1571 1961 1644 2014; x_wconf 80' lang='grc' dir='ltr'><strong>ἐν</strong></span> <span class='ocrx_word' id='word_1_156' title='bbox 1690 1960 1770 2024; x_wconf 87' lang='grc' dir='ltr'><strong>τῷ</strong></span> <span class='ocrx_word' id='word_1_157' title='bbox 1823 1959 2064 2027; x_wconf 79' lang='grc' dir='ltr'><strong>πολέμῳ</strong></span> 
     </span>
    </p>
   </div>
   <div class='ocr_carea' id='block_1_22' title="bbox 481 2043 2064 2118">
    <p class='ocr_par' dir='ltr' id='par_1_22' title="bbox 481 2043 2064 2118">
     <span class='ocr_line' id='line_1_22' title="bbox 481 2043 2064 2118; baseline -0.006 -14"><span class='ocrx_word' id='word_1_158' title='bbox 481 2047 724 2118; x_wconf 80' lang='grc' dir='ltr'><strong>Μαδιὰμ</strong></span> <span class='ocrx_word' id='word_1_159' title='bbox 749 2046 902 2116; x_wconf 82' lang='grc' dir='ltr'><strong>μετὰ</strong></span> <span class='ocrx_word' id='word_1_160' title='bbox 938 2045 1056 2099; x_wconf 83' lang='grc' dir='ltr'><strong>τῶν</strong></span> <span class='ocrx_word' id='word_1_161' title='bbox 1082 2044 1467 2114; x_wconf 80' lang='grc' dir='ltr'><strong>τραυματιῶν</strong></span> <span class='ocrx_word' id='word_1_162' title='bbox 1487 2055 1506 2075; x_wconf 90' lang='grc'><strong>·</strong></span> <span class='ocrx_word' id='word_1_163' title='bbox 1527 2083 1542 2106; x_wconf 91' lang='grc'><strong>,</strong></span> <span class='ocrx_word' id='word_1_164' title='bbox 1584 2044 1683 2098; x_wconf 84' lang='grc' dir='ltr'><strong>καί</strong></span> <span class='ocrx_word' id='word_1_165' title='bbox 1715 2043 1946 2112; x_wconf 72' lang='grc' dir='ltr'><strong>ἤγαγον</strong></span> <span class='ocrx_word' id='word_1_166' title='bbox 1991 2043 2064 2096; x_wconf 84' lang='grc' dir='ltr'><strong>τὰ</strong></span> 
     </span>
    </p>
   </div>
   <div class='ocr_carea' id='block_1_23' title="bbox 477 2123 2063 2198">
    <p class='ocr_par' dir='ltr' id='par_1_23' title="bbox 477 2123 2063 2198">
     <span class='ocr_line' id='line_1_23' title="bbox 477 2123 2063 2198; baseline -0.004 -15"><span class='ocrx_word' id='word_1_167' title='bbox 477 2131 706 2185; x_wconf 71' lang='grc' dir='ltr'><strong>σκῦλα.</strong></span> <span class='ocrx_word' id='word_1_168' title='bbox 746 2129 857 2184; x_wconf 80' lang='grc' dir='ltr'><strong>Καὶ</strong></span> <span class='ocrx_word' id='word_1_169' title='bbox 885 2128 1147 2198; x_wconf 78' lang='grc' dir='ltr'><strong>ὠργίσθη</strong></span> <span class='ocrx_word' id='word_1_170' title='bbox 1173 2126 1433 2195; x_wconf 72' lang='grc' dir='ltr'><strong>Μωϋσιῆς</strong></span> <span class='ocrx_word' id='word_1_171' title='bbox 1450 2165 1464 2188; x_wconf 92' lang='grc'><strong>,</strong></span> <span class='ocrx_word' id='word_1_172' title='bbox 1489 2126 1589 2179; x_wconf 83' lang='grc' dir='ltr'><strong>καὶ</strong></span> <span class='ocrx_word' id='word_1_173' title='bbox 1617 2123 1805 2179; x_wconf 63' lang='grc' dir='ltr'><strong>εἶπενυ</strong></span> <span class='ocrx_word' id='word_1_174' title='bbox 1841 2125 1974 2181; x_wconf 81' lang='grc' dir='ltr'><strong>Ἵνα</strong></span> <span class='ocrx_word' id='word_1_175' title='bbox 2007 2124 2063 2178; x_wconf 83' lang='grc' dir='ltr'><strong>τί</strong></span> 
     </span>
    </p>
   </div>
   <div class='ocr_carea' id='block_1_24' title="bbox 479 2205 2063 2284">
    <p class='ocr_par' dir='ltr' id='par_1_24' title="bbox 479 2205 2063 2284">
     <span class='ocr_line' id='line_1_24' title="bbox 479 2205 2063 2284; baseline -0.004 -18"><span class='ocrx_word' id='word_1_176' title='bbox 479 2213 850 2284; x_wconf 74' lang='grc' dir='ltr'><strong>ἐζωγρήσατε</strong></span> <span class='ocrx_word' id='word_1_177' title='bbox 902 2213 1027 2266; x_wconf 82' lang='grc' dir='ltr'><strong>πᾶν</strong></span> <span class='ocrx_word' id='word_1_178' title='bbox 1078 2210 1275 2279; x_wconf 79' lang='grc' dir='ltr'><strong>θῆλυ;</strong></span> <span class='ocrx_word' id='word_1_179' title='bbox 1335 2206 1521 2265; x_wconf 76' lang='grc' dir='ltr'><strong>Αὗται</strong></span> <span class='ocrx_word' id='word_1_180' title='bbox 1569 2210 1677 2278; x_wconf 50' lang='grc' dir='ltr'><strong>μὰρ</strong></span> <span class='ocrx_word' id='word_1_181' title='bbox 1724 2205 1886 2278; x_wconf 81' lang='grc' dir='ltr'><strong>ἦσαν</strong></span> <span class='ocrx_word' id='word_1_182' title='bbox 1937 2207 2063 2274; x_wconf 83' lang='grc' dir='ltr'><strong>τοῖς</strong></span> 
     </span>
    </p>
   </div>
   <div class='ocr_carea' id='block_1_25' title="bbox 480 2289 2063 2362">
    <p class='ocr_par' dir='ltr' id='par_1_25' title="bbox 480 2289 2063 2362">
     <span class='ocr_line' id='line_1_25' title="bbox 480 2289 2063 2362; baseline -0.004 -12"><span class='ocrx_word' id='word_1_183' title='bbox 480 2295 634 2362; x_wconf 69' lang='grc' dir='ltr'><strong>υἱοῖς</strong></span> <span class='ocrx_word' id='word_1_184' title='bbox 676 2293 916 2362; x_wconf 75' lang='grc' dir='ltr'><strong>Ἰσραὴλ</strong></span> <span class='ocrx_word' id='word_1_185' title='bbox 957 2296 1044 2360; x_wconf 86' lang='grc' dir='ltr'><strong>εἰς</strong></span> <span class='ocrx_word' id='word_1_186' title='bbox 1072 2292 1448 2352; x_wconf 78' lang='grc' dir='ltr'><strong>σκάνδαλον,</strong></span> <span class='ocrx_word' id='word_1_187' title='bbox 1481 2289 1633 2344; x_wconf 80' lang='grc' dir='ltr'><strong>κατὰ</strong></span> <span class='ocrx_word' id='word_1_188' title='bbox 1661 2289 1727 2343; x_wconf 81' lang='grc' dir='ltr'><strong>τὸ</strong></span> <span class='ocrx_word' id='word_1_189' title='bbox 1751 2289 1920 2359; x_wconf 75' lang='grc' dir='ltr'><strong>ῥῆμα</strong></span> <span class='ocrx_word' id='word_1_190' title='bbox 1948 2294 2063 2344; x_wconf 81' lang='grc' dir='ltr'><strong>Βα-</strong></span> 
     </span>
    </p>
   </div>
   <div class='ocr_carea' id='block_1_26' title="bbox 477 2372 2063 2447">
    <p class='ocr_par' dir='ltr' id='par_1_26' title="bbox 477 2372 2063 2447">
     <span class='ocr_line' id='line_1_26' title="bbox 477 2372 2063 2447; baseline -0.004 -14"><span class='ocrx_word' id='word_1_191' title='bbox 477 2377 661 2447; x_wconf 72' lang='grc' dir='ltr'><strong>λαὰμ,</strong></span> <span class='ocrx_word' id='word_1_192' title='bbox 727 2377 834 2431; x_wconf 84' lang='grc' dir='ltr'><strong>τοῦ</strong></span> <span class='ocrx_word' id='word_1_193' title='bbox 881 2374 1230 2442; x_wconf 80' lang='grc' dir='ltr'><strong>ἀποστῆσαι</strong></span> <span class='ocrx_word' id='word_1_194' title='bbox 1281 2374 1381 2428; x_wconf 77' lang='grc' dir='ltr'><strong>καί</strong></span> <span class='ocrx_word' id='word_1_195' title='bbox 1434 2373 1739 2442; x_wconf 77' lang='grc' dir='ltr'><strong>ὑπεριδεῖν</strong></span> <span class='ocrx_word' id='word_1_196' title='bbox 1783 2373 1851 2428; x_wconf 87' lang='grc' dir='ltr'><strong>τὸ</strong></span> <span class='ocrx_word' id='word_1_197' title='bbox 1897 2372 2063 2442; x_wconf 74' lang='grc' dir='ltr'><strong>ῥῆμα</strong></span> 
     </span>
    </p>
   </div>
   <div class='ocr_carea' id='block_1_27' title="bbox 479 2457 2063 2529">
    <p class='ocr_par' dir='ltr' id='par_1_27' title="bbox 479 2457 2063 2529">
     <span class='ocr_line' id='line_1_27' title="bbox 479 2457 2063 2529; baseline -0.003 -12"><span class='ocrx_word' id='word_1_198' title='bbox 479 2463 700 2529; x_wconf 76' lang='grc' dir='ltr'><strong>Κυρίου</strong></span> <span class='ocrx_word' id='word_1_199' title='bbox 739 2460 950 2514; x_wconf 75' lang='grc' dir='ltr'><strong>ἕνεκεν</strong></span> <span class='ocrx_word' id='word_1_200' title='bbox 993 2457 1210 2527; x_wconf 80' lang='grc' dir='ltr'><strong>Φεγώρ.</strong></span> <span class='ocrx_word' id='word_1_201' title='bbox 1270 2457 1435 2524; x_wconf 75' lang='grc' dir='ltr'><strong>Μηδὲ</strong></span> <span class='ocrx_word' id='word_1_202' title='bbox 1474 2457 1905 2526; x_wconf 75' lang='grc' dir='ltr'><strong>ἐκπειράζωμεν</strong></span> <span class='ocrx_word' id='word_1_203' title='bbox 1955 2457 2063 2512; x_wconf 86' lang='grc' dir='ltr'><strong>τὸν</strong></span> 
     </span>
    </p>
   </div>
   <div class='ocr_carea' id='block_1_28' title="bbox 478 2538 2058 2612">
    <p class='ocr_par' dir='ltr' id='par_1_28' title="bbox 478 2538 2058 2612">
     <span class='ocr_line' id='line_1_28' title="bbox 478 2538 2058 2612; baseline -0.002 -16"><span class='ocrx_word' id='word_1_204' title='bbox 478 2545 758 2612; x_wconf 78' lang='grc' dir='ltr'><strong>Χριστὸν,</strong></span> <span class='ocrx_word' id='word_1_205' title='bbox 791 2541 984 2609; x_wconf 85' lang='grc' dir='ltr'><strong>καθὼς</strong></span> <span class='ocrx_word' id='word_1_206' title='bbox 1017 2542 1117 2595; x_wconf 85' lang='grc' dir='ltr'><strong>καί</strong></span> <span class='ocrx_word' id='word_1_207' title='bbox 1146 2555 1306 2606; x_wconf 84' lang='grc' dir='ltr'><strong>τινες</strong></span> <span class='ocrx_word' id='word_1_208' title='bbox 1336 2538 1538 2595; x_wconf 83' lang='grc' dir='ltr'><strong>αὐτῶν</strong></span> <span class='ocrx_word' id='word_1_209' title='bbox 1565 2540 1920 2610; x_wconf 78' lang='grc' dir='ltr'><strong>ἐπείρασαν,</strong></span> <span class='ocrx_word' id='word_1_210' title='bbox 1959 2541 2058 2595; x_wconf 82' lang='grc' dir='ltr'><strong>καί</strong></span> 
     </span>
    </p>
   </div>
   <div class='ocr_carea' id='block_1_29' title="bbox 479 2624 1322 2695">
    <p class='ocr_par' dir='ltr' id='par_1_29' title="bbox 479 2624 1322 2695">
     <span class='ocr_line' id='line_1_29' title="bbox 479 2624 1322 2695; baseline -0.006 -12"><span class='ocrx_word' id='word_1_211' title='bbox 479 2627 602 2682; x_wconf 81' lang='grc' dir='ltr'><strong>ὑπὸ</strong></span> <span class='ocrx_word' id='word_1_212' title='bbox 625 2625 745 2680; x_wconf 84' lang='grc' dir='ltr'><strong>τῶν</strong></span> <span class='ocrx_word' id='word_1_213' title='bbox 770 2625 967 2695; x_wconf 75' lang='grc' dir='ltr'><strong>ὄφεων</strong></span> <span class='ocrx_word' id='word_1_214' title='bbox 983 2624 1322 2680; x_wconf 67' lang='grc' dir='ltr'><strong>ἀπώλοντο.</strong></span> 
     </span>
    </p>
   </div>
   <div class='ocr_carea' id='block_1_30' title="bbox 551 2705 2060 2778">
    <p class='ocr_par' dir='ltr' id='par_1_30' title="bbox 551 2705 2060 2778">
     <span class='ocr_line' id='line_1_30' title="bbox 551 2705 2060 2778; baseline -0.003 -16"><span class='ocrx_word' id='word_1_215' title='bbox 551 2709 620 2764; x_wconf 83' lang='grc' dir='ltr'><strong>δ’.</strong></span> <span class='ocrx_word' id='word_1_216' title='bbox 655 2708 756 2763; x_wconf 82' lang='grc' dir='ltr'><strong>Διά</strong></span> <span class='ocrx_word' id='word_1_217' title='bbox 788 2708 977 2762; x_wconf 87' lang='grc' dir='ltr'><strong>τούτου</strong></span> <span class='ocrx_word' id='word_1_218' title='bbox 1004 2705 1168 2761; x_wconf 84' lang='grc' dir='ltr'><strong>πάλιν</strong></span> <span class='ocrx_word' id='word_1_219' title='bbox 1189 2706 1374 2778; x_wconf 72' lang='grc' dir='ltr'><strong>ἕτερον</strong></span> <span class='ocrx_word' id='word_1_220' title='bbox 1407 2705 1702 2760; x_wconf 81' lang='grc' dir='ltr'><strong>αἰνίττεται</strong></span> <span class='ocrx_word' id='word_1_221' title='bbox 1733 2706 2004 2777; x_wconf 76' lang='grc' dir='ltr'><strong>ἔγκλημα,</strong></span> <span class='ocrx_word' id='word_1_222' title='bbox 2031 2705 2060 2758; x_wconf 86' lang='grc' dir='ltr'><strong>δ</strong></span> 
     </span>
    </p>
   </div>
   <div class='ocr_carea' id='block_1_31' title="bbox 478 2788 2054 2866">
    <p class='ocr_par' dir='ltr' id='par_1_31' title="bbox 478 2788 2054 2866">
     <span class='ocr_line' id='line_1_31' title="bbox 478 2788 2054 2866; baseline -0.003 -19"><span class='ocrx_word' id='word_1_223' title='bbox 478 2793 577 2847; x_wconf 79' lang='grc' dir='ltr'><strong>καὶ</strong></span> <span class='ocrx_word' id='word_1_224' title='bbox 609 2793 745 2866; x_wconf 83' lang='grc' dir='ltr'><strong>πρὸς</strong></span> <span class='ocrx_word' id='word_1_225' title='bbox 771 2792 849 2862; x_wconf 83' lang='grc' dir='ltr'><strong>τῷ</strong></span> <span class='ocrx_word' id='word_1_226' title='bbox 872 2791 1014 2846; x_wconf 89' lang='grc' dir='ltr'><strong>τέλει</strong></span> <span class='ocrx_word' id='word_1_227' title='bbox 1037 2791 1270 2861; x_wconf 81' lang='grc' dir='ltr'><strong>τίθησιν,</strong></span> <span class='ocrx_word' id='word_1_228' title='bbox 1301 2788 1548 2858; x_wconf 88' lang='grc' dir='ltr'><strong>ἐγκαλῶν</strong></span> <span class='ocrx_word' id='word_1_229' title='bbox 1579 2791 1785 2853; x_wconf 82' lang='grc' dir='ltr'><strong>αὐτοῖς,</strong></span> <span class='ocrx_word' id='word_1_230' title='bbox 1809 2791 1890 2843; x_wconf 83' lang='grc' dir='ltr'><strong>ὅτι</strong></span> <span class='ocrx_word' id='word_1_231' title='bbox 1926 2791 2054 2859; x_wconf 85' lang='grc' dir='ltr'><strong>περί</strong></span> 
     </span>
    </p>
   </div>
   <div class='ocr_carea' id='block_1_32' title="bbox 477 2871 2062 2946">
    <p class='ocr_par' dir='ltr' id='par_1_32' title="bbox 477 2871 2062 2946">
     <span class='ocr_line' id='line_1_32' title="bbox 477 2871 2062 2946; baseline -0.002 -18"><span class='ocrx_word' id='word_1_232' title='bbox 477 2877 722 2946; x_wconf 76' lang='grc' dir='ltr'><strong>σημείων</strong></span> <span class='ocrx_word' id='word_1_233' title='bbox 742 2875 1028 2946; x_wconf 83' lang='grc' dir='ltr'><strong>ἐμάχοντο,</strong></span> <span class='ocrx_word' id='word_1_234' title='bbox 1048 2872 1262 2928; x_wconf 74' lang='grc' dir='ltr'><strong>καὶτῶν</strong></span> <span class='ocrx_word' id='word_1_235' title='bbox 1282 2871 1604 2942; x_wconf 72' lang='grc' dir='ltr'><strong>πειρασμῶν</strong></span> <span class='ocrx_word' id='word_1_236' title='bbox 1621 2872 1678 2926; x_wconf 69' lang='grc' dir='ltr'><strong>δι</strong></span> <span class='ocrx_word' id='word_1_237' title='bbox 1696 2871 1882 2926; x_wconf 74' lang='grc' dir='ltr'><strong>ἕνεκεν</strong></span> <span class='ocrx_word' id='word_1_238' title='bbox 1909 2873 2062 2941; x_wconf 82' lang='grc' dir='ltr'><strong>ἐγόγ·</strong></span> 
     </span>
    </p>
   </div>
   <div class='ocr_carea' id='block_1_33' title="bbox 476 2953 2056 3027">
    <p class='ocr_par' dir='ltr' id='par_1_33' title="bbox 476 2953 2056 3027">
     <span class='ocr_line' id='line_1_33' title="bbox 476 2953 2056 3027; baseline -0.001 -17"><span class='ocrx_word' id='word_1_239' title='bbox 476 2957 643 3026; x_wconf 78' lang='grc' dir='ltr'><strong>γυζον</strong></span> <span class='ocrx_word' id='word_1_240' title='bbox 664 2957 935 3025; x_wconf 87' lang='grc' dir='ltr'><strong>λέγοντες,</strong></span> <span class='ocrx_word' id='word_1_241' title='bbox 962 2957 1097 3010; x_wconf 93' lang='grc' dir='ltr'><strong>Πότε</strong></span> <span class='ocrx_word' id='word_1_242' title='bbox 1119 2955 1238 3027; x_wconf 77' lang='grc' dir='ltr'><strong>ἥξει</strong></span> <span class='ocrx_word' id='word_1_243' title='bbox 1256 2955 1327 3007; x_wconf 86' lang='grc' dir='ltr'><strong>τά</strong></span> <span class='ocrx_word' id='word_1_244' title='bbox 1349 2953 1550 3023; x_wconf 80' lang='grc' dir='ltr'><strong>ἀγαθὰ,</strong></span> <span class='ocrx_word' id='word_1_245' title='bbox 1575 2955 1705 3008; x_wconf 84' lang='grc' dir='ltr'><strong>πότε</strong></span> <span class='ocrx_word' id='word_1_246' title='bbox 1727 2955 1794 3008; x_wconf 80' lang='grc' dir='ltr'><strong>τά</strong></span> <span class='ocrx_word' id='word_1_247' title='bbox 1821 2954 2056 3021; x_wconf 83' lang='grc' dir='ltr'><strong>έπαθλα;</strong></span> 
     </span>
    </p>
   </div>
   <div class='ocr_carea' id='block_1_34' title="bbox 477 3037 2059 3108">
    <p class='ocr_par' dir='ltr' id='par_1_34' title="bbox 477 3037 2059 3108">
     <span class='ocr_line' id='line_1_34' title="bbox 477 3037 2059 3108; baseline 0 -16"><span class='ocrx_word' id='word_1_248' title='bbox 477 3040 572 3092; x_wconf 81' lang='grc' dir='ltr'><strong>Διὸ</strong></span> <span class='ocrx_word' id='word_1_249' title='bbox 615 3040 711 3093; x_wconf 74' lang='grc' dir='ltr'><strong>καὶ</strong></span> <span class='ocrx_word' id='word_1_250' title='bbox 746 3038 942 3107; x_wconf 80' lang='grc' dir='ltr'><strong>ἐπάγει</strong></span> <span class='ocrx_word' id='word_1_251' title='bbox 981 3037 1184 3092; x_wconf 87' lang='grc' dir='ltr'><strong>τούτων</strong></span> <span class='ocrx_word' id='word_1_252' title='bbox 1212 3037 1401 3090; x_wconf 81' lang='grc' dir='ltr'><strong>ἐνεκεν</strong></span> <span class='ocrx_word' id='word_1_253' title='bbox 1438 3037 1817 3108; x_wconf 77' lang='grc' dir='ltr'><strong>διορθούμενος</strong></span> <span class='ocrx_word' id='word_1_254' title='bbox 1860 3038 2059 3102; x_wconf 77' lang='grc' dir='ltr'><strong>αὐτοὺς</strong></span> 
     </span>
    </p>
   </div>
   <div class='ocr_carea' id='block_1_35' title="bbox 477 3117 2060 3191">
    <p class='ocr_par' dir='ltr' id='par_1_35' title="bbox 477 3117 2060 3191">
     <span class='ocr_line' id='line_1_35' title="bbox 477 3117 2060 3191; baseline 0 -15"><span class='ocrx_word' id='word_1_255' title='bbox 477 3122 575 3176; x_wconf 80' lang='grc' dir='ltr'><strong>καὶ</strong></span> <span class='ocrx_word' id='word_1_256' title='bbox 595 3121 795 3190; x_wconf 89' lang='grc' dir='ltr'><strong>φοϐῶν·</strong></span> <span class='ocrx_word' id='word_1_257' title='bbox 814 3121 980 3190; x_wconf 83' lang='grc' dir='ltr'><strong>Μηδὲ</strong></span> <span class='ocrx_word' id='word_1_258' title='bbox 999 3117 1326 3191; x_wconf 75' lang='grc' dir='ltr'><strong>γογγύζετε,</strong></span> <span class='ocrx_word' id='word_1_259' title='bbox 1345 3120 1539 3186; x_wconf 83' lang='grc' dir='ltr'><strong>καθὼς</strong></span> <span class='ocrx_word' id='word_1_260' title='bbox 1558 3121 1660 3174; x_wconf 82' lang='grc' dir='ltr'><strong>καί</strong></span> <span class='ocrx_word' id='word_1_261' title='bbox 1679 3137 1839 3187; x_wconf 84' lang='grc' dir='ltr'><strong>τινες</strong></span> <span class='ocrx_word' id='word_1_262' title='bbox 1859 3121 2060 3176; x_wconf 82' lang='grc' dir='ltr'><strong>αὐτῶν</strong></span> 
     </span>
    </p>
   </div>
   <div class='ocr_carea' id='block_1_36' title="bbox 473 3202 2055 3274">
    <p class='ocr_par' dir='ltr' id='par_1_36' title="bbox 473 3202 2055 3274">
     <span class='ocr_line' id='line_1_36' title="bbox 473 3202 2055 3274; baseline 0.001 -16"><span class='ocrx_word' id='word_1_263' title='bbox 473 3205 841 3274; x_wconf 72' lang='grc' dir='ltr'><strong>ἐγόγγυσαν,</strong></span> <span class='ocrx_word' id='word_1_264' title='bbox 874 3203 970 3257; x_wconf 77' lang='grc' dir='ltr'><strong>καί</strong></span> <span class='ocrx_word' id='word_1_265' title='bbox 1017 3202 1333 3258; x_wconf 76' lang='grc' dir='ltr'><strong>ἀπώλοντο</strong></span> <span class='ocrx_word' id='word_1_266' title='bbox 1375 3203 1493 3257; x_wconf 86' lang='grc' dir='ltr'><strong>ὑπὸ</strong></span> <span class='ocrx_word' id='word_1_267' title='bbox 1533 3202 1640 3258; x_wconf 86' lang='grc' dir='ltr'><strong>τοῦ</strong></span> <span class='ocrx_word' id='word_1_268' title='bbox 1673 3203 2055 3271; x_wconf 72' lang='grc' dir='ltr'><strong>ὀλοθρευτοῦ.</strong></span> 
     </span>
    </p>
   </div>
   <div class='ocr_carea' id='block_1_37' title="bbox 475 3285 2058 3358">
    <p class='ocr_par' dir='ltr' id='par_1_37' title="bbox 475 3285 2058 3358">
     <span class='ocr_line' id='line_1_37' title="bbox 475 3285 2058 3358; baseline -0.001 -17"><span class='ocrx_word' id='word_1_269' title='bbox 475 3287 615 3342; x_wconf 81' lang='grc' dir='ltr'><strong>ούδέ</strong></span> <span class='ocrx_word' id='word_1_270' title='bbox 641 3287 750 3358; x_wconf 84' lang='grc' dir='ltr'><strong>γὰρ</strong></span> <span class='ocrx_word' id='word_1_271' title='bbox 775 3288 932 3340; x_wconf 83' lang='grc' dir='ltr'><strong>τοῦτό</strong></span> <span class='ocrx_word' id='word_1_272' title='bbox 952 3289 1066 3340; x_wconf 83' lang='grc' dir='ltr'><strong>ἐστι</strong></span> <span class='ocrx_word' id='word_1_273' title='bbox 1085 3287 1146 3340; x_wconf 77' lang='grc' dir='ltr'><strong>τὺ</strong></span> <span class='ocrx_word' id='word_1_274' title='bbox 1172 3285 1502 3357; x_wconf 81' lang='grc' dir='ltr'><strong>ζητούμενον</strong></span> <span class='ocrx_word' id='word_1_275' title='bbox 1527 3286 1709 3358; x_wconf 90' lang='grc' dir='ltr'><strong>μόνον,</strong></span> <span class='ocrx_word' id='word_1_276' title='bbox 1738 3285 1799 3339; x_wconf 84' lang='grc' dir='ltr'><strong>τὺ</strong></span> <span class='ocrx_word' id='word_1_277' title='bbox 1828 3287 2058 3357; x_wconf 83' lang='grc' dir='ltr'><strong>πάσχειν</strong></span> 
     </span>
    </p>
   </div>
   <div class='ocr_carea' id='block_1_38' title="bbox 476 3367 2058 3441">
    <p class='ocr_par' dir='ltr' id='par_1_38' title="bbox 476 3367 2058 3441">
     <span class='ocr_line' id='line_1_38' title="bbox 476 3367 2058 3441; baseline 0.001 -19"><span class='ocrx_word' id='word_1_278' title='bbox 476 3369 620 3441; x_wconf 73' lang='grc' dir='ltr'><strong>ὑπὲρ</strong></span> <span class='ocrx_word' id='word_1_279' title='bbox 645 3369 740 3423; x_wconf 89' lang='lat'><strong>105</strong></span> <span class='ocrx_word' id='word_1_280' title='bbox 767 3368 1008 3440; x_wconf 82' lang='grc' dir='ltr'><strong>Χριστοῦ</strong></span> <span class='ocrx_word' id='word_1_281' title='bbox 1029 3408 1045 3433; x_wconf 95' lang='grc'><strong>,</strong></span> <span class='ocrx_word' id='word_1_282' title='bbox 1073 3369 1210 3423; x_wconf 88' lang='grc' dir='ltr'><strong>ἀλλά</strong></span> <span class='ocrx_word' id='word_1_283' title='bbox 1234 3369 1327 3422; x_wconf 75' lang='grc' dir='ltr'><strong>καὶ</strong></span> <span class='ocrx_word' id='word_1_284' title='bbox 1351 3369 1414 3424; x_wconf 82' lang='grc' dir='ltr'><strong>τὸ</strong></span> <span class='ocrx_word' id='word_1_285' title='bbox 1441 3367 1704 3438; x_wconf 80' lang='grc' dir='ltr'><strong>γενναίως</strong></span> <span class='ocrx_word' id='word_1_286' title='bbox 1729 3368 1798 3423; x_wconf 76' lang='grc' dir='ltr'><strong>τὰ</strong></span> <span class='ocrx_word' id='word_1_287' title='bbox 1837 3370 2058 3423; x_wconf 77' lang='grc' dir='ltr'><strong>ἐπιόντα</strong></span> 
     </span>
    </p>
   </div>
   <div class='ocr_carea' id='block_1_39' title="bbox 475 3451 2059 3525">
    <p class='ocr_par' dir='ltr' id='par_1_39' title="bbox 475 3451 2059 3525">
     <span class='ocr_line' id='line_1_39' title="bbox 475 3451 2059 3525; baseline 0 -17"><span class='ocrx_word' id='word_1_288' title='bbox 475 3453 687 3524; x_wconf 81' lang='grc' dir='ltr'><strong>φέρειν,</strong></span> <span class='ocrx_word' id='word_1_289' title='bbox 719 3454 814 3508; x_wconf 77' lang='grc' dir='ltr'><strong>καὶ</strong></span> <span class='ocrx_word' id='word_1_290' title='bbox 843 3453 963 3525; x_wconf 81' lang='grc' dir='ltr'><strong>μεθ’</strong></span> <span class='ocrx_word' id='word_1_291' title='bbox 998 3453 1194 3524; x_wconf 81' lang='grc' dir='ltr'><strong>ἡδονῆς</strong></span> <span class='ocrx_word' id='word_1_292' title='bbox 1238 3452 1478 3524; x_wconf 81' lang='grc' dir='ltr'><strong>ἀπάσης.</strong></span> <span class='ocrx_word' id='word_1_293' title='bbox 1510 3451 1681 3506; x_wconf 83' lang='grc' dir='ltr'><strong>Τοῦτο</strong></span> <span class='ocrx_word' id='word_1_294' title='bbox 1708 3453 1818 3524; x_wconf 84' lang='grc' dir='ltr'><strong>γάρ</strong></span> <span class='ocrx_word' id='word_1_295' title='bbox 1850 3455 1998 3506; x_wconf 69' lang='grc' dir='ltr'><strong>ἐστιν</strong></span> <span class='ocrx_word' id='word_1_296' title='bbox 2029 3456 2059 3508; x_wconf 84' lang='grc' dir='ltr'><strong>ό</strong></span> 
     </span>
    </p>
   </div>
   <div class='ocr_carea' id='block_1_40' title="bbox 476 3533 2058 3611">
    <p class='ocr_par' dir='ltr' id='par_1_40' title="bbox 476 3533 2058 3611">
     <span class='ocr_line' id='line_1_40' title="bbox 476 3533 2058 3611; baseline 0.001 -21"><span class='ocrx_word' id='word_1_297' title='bbox 476 3537 741 3606; x_wconf 69' lang='grc' dir='ltr'><strong>στέφανος</strong></span> <span class='ocrx_word' id='word_1_298' title='bbox 792 3537 937 3601; x_wconf 74' lang='grc' dir='ltr'><strong>ἅπας</strong></span> <span class='ocrx_word' id='word_1_299' title='bbox 959 3553 973 3567; x_wconf 77' lang='grc' dir='ltr'><strong>ο</strong></span> <span class='ocrx_word' id='word_1_300' title='bbox 1023 3536 1120 3601; x_wconf 84' lang='grc' dir='ltr'><strong>ὡς,</strong></span> <span class='ocrx_word' id='word_1_301' title='bbox 1156 3536 1223 3591; x_wconf 77' lang='grc' dir='ltr'>ἂν</span> <span class='ocrx_word' id='word_1_302' title='bbox 1268 3536 1344 3608; x_wconf 80' lang='grc' dir='ltr'><strong>μὴ</strong></span> <span class='ocrx_word' id='word_1_303' title='bbox 1393 3536 1550 3590; x_wconf 86' lang='lat'><strong>10510</strong></span> <span class='ocrx_word' id='word_1_304' title='bbox 1595 3533 1668 3611; x_wconf 83' lang='grc' dir='ltr'><strong>ᾗ,</strong></span> <span class='ocrx_word' id='word_1_305' title='bbox 1703 3537 1800 3590; x_wconf 82' lang='grc' dir='ltr'><strong>καὶ</strong></span> <span class='ocrx_word' id='word_1_306' title='bbox 1837 3538 2058 3602; x_wconf 90' lang='grc' dir='ltr'><strong>κόλασις</strong></span> 
     </span>
    </p>
   </div>
   <div class='ocr_carea' id='block_1_41' title="bbox 474 3618 2061 3690">
    <p class='ocr_par' dir='ltr' id='par_1_41' title="bbox 474 3618 2061 3690">
     <span class='ocr_line' id='line_1_41' title="bbox 474 3618 2061 3690; baseline 0 -16"><span class='ocrx_word' id='word_1_307' title='bbox 474 3620 667 3690; x_wconf 68' lang='grc' dir='ltr'><strong>ἕψεται</strong></span> <span class='ocrx_word' id='word_1_308' title='bbox 688 3623 801 3684; x_wconf 86' lang='grc' dir='ltr'><strong>τοῖς</strong></span> <span class='ocrx_word' id='word_1_309' title='bbox 821 3619 1303 3690; x_wconf 81' lang='grc' dir='ltr'><strong>δυσανασχετοῦσι.</strong></span> <span class='ocrx_word' id='word_1_310' title='bbox 1333 3618 1433 3674; x_wconf 88' lang='grc' dir='ltr'><strong>Διά</strong></span> <span class='ocrx_word' id='word_1_311' title='bbox 1461 3618 1622 3673; x_wconf 90' lang='lat'><strong>10510</strong></span> <span class='ocrx_word' id='word_1_312' title='bbox 1642 3623 1738 3675; x_wconf 85' lang='grc' dir='ltr'><strong>καί</strong></span> <span class='ocrx_word' id='word_1_313' title='bbox 1758 3622 1806 3674; x_wconf 88' lang='grc' dir='ltr'><strong>οἰ</strong></span> <span class='ocrx_word' id='word_1_314' title='bbox 1826 3621 2061 3675; x_wconf 80' lang='grc' dir='ltr'><strong>ἀπόστο-</strong></span> 
     </span>
    </p>
   </div>
   <div class='ocr_carea' id='block_1_42' title="bbox 473 3701 2059 3775">
    <p class='ocr_par' dir='ltr' id='par_1_42' title="bbox 473 3701 2059 3775">
     <span class='ocr_line' id='line_1_42' title="bbox 473 3701 2059 3775; baseline 0.001 -18"><span class='ocrx_word' id='word_1_315' title='bbox 473 3703 557 3758; x_wconf 89' lang='grc' dir='ltr'><strong>λοι</strong></span> <span class='ocrx_word' id='word_1_316' title='bbox 588 3703 978 3774; x_wconf 83' lang='grc' dir='ltr'><strong>μαστιζόμενοι</strong></span> <span class='ocrx_word' id='word_1_317' title='bbox 1005 3703 1244 3774; x_wconf 68' lang='grc' dir='ltr'><strong>ἔχαιρον,</strong></span> <span class='ocrx_word' id='word_1_318' title='bbox 1271 3703 1366 3755; x_wconf 79' lang='grc' dir='ltr'><strong>καὶ</strong></span> <span class='ocrx_word' id='word_1_319' title='bbox 1393 3701 1600 3766; x_wconf 77' lang='grc' dir='ltr'><strong>Παῦλος</strong></span> <span class='ocrx_word' id='word_1_320' title='bbox 1624 3703 1686 3758; x_wconf 83' lang='grc' dir='ltr'><strong>ἐν</strong></span> <span class='ocrx_word' id='word_1_321' title='bbox 1721 3706 1835 3768; x_wconf 90' lang='grc' dir='ltr'><strong>τοῖς</strong></span> <span class='ocrx_word' id='word_1_322' title='bbox 1860 3705 2059 3775; x_wconf 82' lang='grc' dir='ltr'><strong>παθή-</strong></span> 
     </span>
    </p>
   </div>
   <div class='ocr_carea' id='block_1_43' title="bbox 479 3784 2060 3856">
    <p class='ocr_par' dir='ltr' id='par_1_43' title="bbox 479 3784 2060 3856">
     <span class='ocr_line' id='line_1_43' title="bbox 479 3784 2060 3856; baseline 0.003 -18"><span class='ocrx_word' id='word_1_323' title='bbox 479 3802 645 3856; x_wconf 84' lang='grc' dir='ltr'><strong>μασιν</strong></span> <span class='ocrx_word' id='word_1_324' title='bbox 685 3786 976 3855; x_wconf 76' lang='grc' dir='ltr'><strong>ἐκαυχᾶτο.</strong></span> <span class='ocrx_word' id='word_1_325' title='bbox 1023 3784 1231 3839; x_wconf 76' lang='grc' dir='ltr'><strong>Πάντα</strong></span> <span class='ocrx_word' id='word_1_326' title='bbox 1265 3784 1334 3837; x_wconf 78' lang='grc' dir='ltr'><strong>δὲ</strong></span> <span class='ocrx_word' id='word_1_327' title='bbox 1371 3785 1555 3839; x_wconf 85' lang='grc' dir='ltr'><strong>ταῦτα</strong></span> <span class='ocrx_word' id='word_1_328' title='bbox 1603 3787 1868 3854; x_wconf 78' lang='grc' dir='ltr'><strong>τυπικῶς</strong></span> <span class='ocrx_word' id='word_1_329' title='bbox 1909 3803 2060 3842; x_wconf 84' lang='grc' dir='ltr'><strong>συν-</strong></span> 
     </span>
    </p>
   </div>
   <div class='ocr_carea' id='block_1_44' title="bbox 474 3867 2054 3941">
    <p class='ocr_par' dir='ltr' id='par_1_44' title="bbox 474 3867 2054 3941">
     <span class='ocr_line' id='line_1_44' title="bbox 474 3867 2054 3941; baseline 0.003 -20"><span class='ocrx_word' id='word_1_330' title='bbox 474 3867 718 3922; x_wconf 81' lang='grc' dir='ltr'><strong>έϐαινον</strong></span> <span class='ocrx_word' id='word_1_331' title='bbox 733 3867 1010 3932; x_wconf 76' lang='grc' dir='ltr'><strong>ἐκείνοις·</strong></span> <span class='ocrx_word' id='word_1_332' title='bbox 1029 3867 1256 3935; x_wconf 65' lang='grc' dir='ltr'><strong>ἐγράφη</strong></span> <span class='ocrx_word' id='word_1_333' title='bbox 1273 3867 1342 3920; x_wconf 78' lang='grc' dir='ltr'><strong>δὲ</strong></span> <span class='ocrx_word' id='word_1_334' title='bbox 1357 3870 1505 3935; x_wconf 73' lang='grc' dir='ltr'><strong>πρὸς</strong></span> <span class='ocrx_word' id='word_1_335' title='bbox 1521 3873 1849 3924; x_wconf 82' lang='grc' dir='ltr'><strong>νουθεσίαν</strong></span> <span class='ocrx_word' id='word_1_336' title='bbox 1865 3871 2054 3941; x_wconf 78' lang='grc' dir='ltr'><strong>ἡμῶν,</strong></span> 
     </span>
    </p>
   </div>
   <div class='ocr_carea' id='block_1_45' title="bbox 475 3949 1749 4019">
    <p class='ocr_par' dir='ltr' id='par_1_45' title="bbox 475 3949 1749 4019">
     <span class='ocr_line' id='line_1_45' title="bbox 475 3949 1749 4019; baseline 0.003 -14"><span class='ocrx_word' id='word_1_337' title='bbox 475 3951 566 4016; x_wconf 77' lang='grc' dir='ltr'><strong>εἰς</strong></span> <span class='ocrx_word' id='word_1_338' title='bbox 595 3949 702 4016; x_wconf 82' lang='grc' dir='ltr'><strong>οὓς</strong></span> <span class='ocrx_word' id='word_1_339' title='bbox 730 3950 802 4004; x_wconf 86' lang='grc' dir='ltr'><strong>τὰ</strong></span> <span class='ocrx_word' id='word_1_340' title='bbox 823 3950 968 4018; x_wconf 72' lang='grc' dir='ltr'><strong>τέλη</strong></span> <span class='ocrx_word' id='word_1_341' title='bbox 994 3949 1110 4003; x_wconf 83' lang='grc' dir='ltr'><strong>τῶν</strong></span> <span class='ocrx_word' id='word_1_342' title='bbox 1131 3949 1364 4004; x_wconf 66' lang='grc' dir='ltr'><strong>αἰώνων</strong></span> <span class='ocrx_word' id='word_1_343' title='bbox 1387 3953 1749 4019; x_wconf 78' lang='grc' dir='ltr'><strong>κατήντησε.</strong></span> 
     </span>
    </p>
   </div>
   <div class='ocr_carea' id='block_1_46' title="bbox 548 4039 2058 4114">
    <p class='ocr_par' dir='ltr' id='par_1_46' title="bbox 548 4039 2058 4114">
     <span class='ocr_line' id='line_1_46' title="bbox 548 4039 2058 4114; baseline 0.004 -20"><span class='ocrx_word' id='word_1_344' title='bbox 548 4040 720 4094; x_wconf 74' lang='grc' dir='ltr'><strong>Πάλιν</strong></span> <span class='ocrx_word' id='word_1_345' title='bbox 771 4039 928 4109; x_wconf 77' lang='grc' dir='ltr'><strong>φοϐεῖ</strong></span> <span class='ocrx_word' id='word_1_346' title='bbox 975 4040 1052 4110; x_wconf 85' lang='grc' dir='ltr'><strong>τῷ</strong></span> <span class='ocrx_word' id='word_1_347' title='bbox 1088 4042 1158 4094; x_wconf 85' lang='grc' dir='ltr'><strong>τά</strong></span> <span class='ocrx_word' id='word_1_348' title='bbox 1181 4040 1309 4111; x_wconf 83' lang='grc' dir='ltr'><strong>τέλη</strong></span> <span class='ocrx_word' id='word_1_349' title='bbox 1339 4041 1540 4110; x_wconf 89' lang='grc' dir='ltr'><strong>λέγειν,</strong></span> <span class='ocrx_word' id='word_1_350' title='bbox 1566 4044 1660 4096; x_wconf 78' lang='grc' dir='ltr'><strong>καὶ</strong></span> <span class='ocrx_word' id='word_1_351' title='bbox 1693 4044 1917 4114; x_wconf 79' lang='grc' dir='ltr'><strong>μείζονα</strong></span> <span class='ocrx_word' id='word_1_352' title='bbox 1948 4046 2058 4101; x_wconf 90' lang='grc' dir='ltr'><strong>τῶν</strong></span> 
     </span>
    </p>
   </div>
   <div class='ocr_carea' id='block_1_47' title="bbox 474 4121 2058 4199">
    <p class='ocr_par' dir='ltr' id='par_1_47' title="bbox 474 4121 2058 4199">
     <span class='ocr_line' id='line_1_47' title="bbox 474 4121 2058 4199; baseline 0.004 -25"><span class='ocrx_word' id='word_1_353' title='bbox 474 4121 857 4192; x_wconf 74' lang='grc' dir='ltr'><strong>γεγενημένων</strong></span> <span class='ocrx_word' id='word_1_354' title='bbox 886 4122 1184 4192; x_wconf 77' lang='grc' dir='ltr'><strong>προσδοκᾷν</strong></span> <span class='ocrx_word' id='word_1_355' title='bbox 1214 4123 1636 4193; x_wconf 77' lang='grc' dir='ltr'><strong>παρασκευάζει.</strong></span> <span class='ocrx_word' id='word_1_356' title='bbox 1671 4123 1793 4177; x_wconf 80' lang='grc' dir='ltr'><strong>’Ότι</strong></span> <span class='ocrx_word' id='word_1_357' title='bbox 1819 4125 1920 4194; x_wconf 85' lang='grc' dir='ltr'><strong>μὲν</strong></span> <span class='ocrx_word' id='word_1_358' title='bbox 1949 4126 2058 4199; x_wconf 83' lang='grc' dir='ltr'><strong>γὰρ</strong></span> 
     </span>
    </p>
   </div>
   <div class='ocr_carea' id='block_1_48' title="bbox 475 4204 2058 4279">
    <p class='ocr_par' dir='ltr' id='par_1_48' title="bbox 475 4204 2058 4279">
     <span class='ocr_line' id='line_1_48' title="bbox 475 4204 2058 4279; baseline 0.003 -21"><span class='ocrx_word' id='word_1_359' title='bbox 475 4204 721 4274; x_wconf 84' lang='grc' dir='ltr'><strong>δώσομεν</strong></span> <span class='ocrx_word' id='word_1_360' title='bbox 749 4205 927 4275; x_wconf 87' lang='grc' dir='ltr'><strong>δίκην,</strong></span> <span class='ocrx_word' id='word_1_361' title='bbox 954 4205 1061 4257; x_wconf 85' lang='grc' dir='ltr'><strong>ἀπὸ</strong></span> <span class='ocrx_word' id='word_1_362' title='bbox 1082 4204 1188 4258; x_wconf 90' lang='grc' dir='ltr'><strong>τῶν</strong></span> <span class='ocrx_word' id='word_1_363' title='bbox 1218 4207 1544 4276; x_wconf 80' lang='grc' dir='ltr'><strong>εἰρημένων,</strong></span> <span class='ocrx_word' id='word_1_364' title='bbox 1583 4207 1736 4279; x_wconf 78' lang='grc' dir='ltr'><strong>φησί,</strong></span> <span class='ocrx_word' id='word_1_365' title='bbox 1768 4207 1929 4279; x_wconf 82' lang='grc' dir='ltr'><strong>δῆλον</strong></span> <span class='ocrx_word' id='word_1_366' title='bbox 1963 4210 2058 4263; x_wconf 75' lang='grc' dir='ltr'><strong>καὶ</strong></span> 
     </span>
    </p>
   </div>
   <div class='ocr_carea' id='block_1_49' title="bbox 473 4291 2056 4368">
    <p class='ocr_par' dir='ltr' id='par_1_49' title="bbox 473 4291 2056 4368">
     <span class='ocr_line' id='line_1_49' title="bbox 473 4291 2056 4368; baseline 0.003 -22"><span class='ocrx_word' id='word_1_367' title='bbox 473 4296 584 4357; x_wconf 86' lang='grc' dir='ltr'><strong>τοῖς</strong></span> <span class='ocrx_word' id='word_1_368' title='bbox 609 4291 897 4347; x_wconf 78' lang='grc' dir='ltr'><strong>ἀπιστοῦσι</strong></span> <span class='ocrx_word' id='word_1_369' title='bbox 926 4294 1038 4356; x_wconf 86' lang='grc' dir='ltr'><strong>τοῖς</strong></span> <span class='ocrx_word' id='word_1_370' title='bbox 1083 4292 1212 4362; x_wconf 75' lang='grc' dir='ltr'><strong>περὶ</strong></span> <span class='ocrx_word' id='word_1_371' title='bbox 1248 4293 1471 4362; x_wconf 76' lang='grc' dir='ltr'><strong>γεέννης</strong></span> <span class='ocrx_word' id='word_1_372' title='bbox 1499 4294 1676 4364; x_wconf 82' lang='grc' dir='ltr'><strong>λόγοις</strong></span> <span class='ocrx_word' id='word_1_373' title='bbox 1697 4294 1867 4368; x_wconf 73' lang='grc'><strong>[206]·</strong></span> <span class='ocrx_word' id='word_1_374' title='bbox 1895 4297 2056 4351; x_wconf 83' lang='grc' dir='ltr'><strong>ὅτιδέ</strong></span> 
     </span>
    </p>
   </div>
   <div class='ocr_carea' id='block_1_50' title="bbox 475 4371 2055 4450">
    <p class='ocr_par' dir='ltr' id='par_1_50' title="bbox 475 4371 2055 4450">
     <span class='ocr_line' id='line_1_50' title="bbox 475 4371 2055 4450; baseline 0.002 -19"><span class='ocrx_word' id='word_1_375' title='bbox 475 4378 571 4432; x_wconf 80' lang='grc' dir='ltr'><strong>καὶ</strong></span> <span class='ocrx_word' id='word_1_376' title='bbox 634 4377 1043 4449; x_wconf 79' lang='grc' dir='ltr'><strong>χαλεπωτέραν,</strong></span> <span class='ocrx_word' id='word_1_377' title='bbox 1101 4376 1194 4447; x_wconf 84' lang='grc' dir='ltr'><strong>ἀφ’</strong></span> <span class='ocrx_word' id='word_1_378' title='bbox 1244 4371 1316 4431; x_wconf 81' lang='grc' dir='ltr'><strong>ὧν</strong></span> <span class='ocrx_word' id='word_1_379' title='bbox 1365 4377 1625 4432; x_wconf 90' lang='grc' dir='ltr'><strong>πλειόνων</strong></span> <span class='ocrx_word' id='word_1_380' title='bbox 1663 4379 2055 4450; x_wconf 79' lang='grc' dir='ltr'><strong>ἀπελαύσαμεν</strong></span> 
     </span>
    </p>
   </div>
   <div class='ocr_carea' id='block_1_51' title="bbox 471 4454 2053 4532">
    <p class='ocr_par' dir='ltr' id='par_1_51' title="bbox 471 4454 2053 4532">
     <span class='ocr_line' id='line_1_51' title="bbox 471 4454 2053 4532; baseline 0.001 -18"><span class='ocrx_word' id='word_1_381' title='bbox 471 4462 823 4532; x_wconf 75' lang='grc' dir='ltr'><strong>εὐεργεσιῶν,</strong></span> <span class='ocrx_word' id='word_1_382' title='bbox 851 4461 944 4514; x_wconf 76' lang='grc' dir='ltr'><strong>καὶ</strong></span> <span class='ocrx_word' id='word_1_383' title='bbox 966 4462 1059 4530; x_wconf 82' lang='grc' dir='ltr'><strong>ἀφ’</strong></span> <span class='ocrx_word' id='word_1_384' title='bbox 1090 4454 1164 4514; x_wconf 85' lang='grc' dir='ltr'><strong>ὧν</strong></span> <span class='ocrx_word' id='word_1_385' title='bbox 1199 4463 1382 4514; x_wconf 79' lang='grc' dir='ltr'><strong>ἐκεῖνα</strong></span> <span class='ocrx_word' id='word_1_386' title='bbox 1411 4461 1590 4515; x_wconf 89' lang='grc' dir='ltr'><strong>τύποι.</strong></span> <span class='ocrx_word' id='word_1_387' title='bbox 1619 4461 1684 4516; x_wconf 88' lang='grc' dir='ltr'><strong>Εἰ</strong></span> <span class='ocrx_word' id='word_1_388' title='bbox 1714 4462 1823 4532; x_wconf 80' lang='grc' dir='ltr'><strong>γὰρ</strong></span> <span class='ocrx_word' id='word_1_389' title='bbox 1847 4465 1905 4516; x_wconf 78' lang='grc' dir='ltr'><strong>ἐν</strong></span> <span class='ocrx_word' id='word_1_390' title='bbox 1933 4466 2053 4526; x_wconf 89' lang='grc' dir='ltr'><strong>ταῖς</strong></span> 
     </span>
    </p>
   </div>
   <div class='ocr_carea' id='block_1_52' title="bbox 471 4545 2055 4621">
    <p class='ocr_par' dir='ltr' id='par_1_52' title="bbox 471 4545 2055 4621">
     <span class='ocr_line' id='line_1_52' title="bbox 471 4545 2055 4621; baseline 0.003 -23"><span class='ocrx_word' id='word_1_391' title='bbox 471 4545 701 4614; x_wconf 76' lang='grc' dir='ltr'><strong>δωρεαῖς</strong></span> <span class='ocrx_word' id='word_1_392' title='bbox 727 4545 991 4615; x_wconf 81' lang='grc' dir='ltr'><strong>ὑπεροχὴ,</strong></span> <span class='ocrx_word' id='word_1_393' title='bbox 1019 4545 1240 4615; x_wconf 79' lang='grc' dir='ltr'><strong>εὕδηλον</strong></span> <span class='ocrx_word' id='word_1_394' title='bbox 1272 4547 1354 4598; x_wconf 83' lang='grc' dir='ltr'><strong>ὅτι</strong></span> <span class='ocrx_word' id='word_1_395' title='bbox 1373 4546 1468 4599; x_wconf 78' lang='grc' dir='ltr'><strong>καὶ</strong></span> <span class='ocrx_word' id='word_1_396' title='bbox 1493 4547 1550 4598; x_wconf 79' lang='grc' dir='ltr'><strong>ἐν</strong></span> <span class='ocrx_word' id='word_1_397' title='bbox 1575 4550 1640 4616; x_wconf 79' lang='grc' dir='ltr'><strong>τῇ</strong></span> <span class='ocrx_word' id='word_1_398' title='bbox 1679 4549 1937 4621; x_wconf 80' lang='grc' dir='ltr'><strong>τιμωρίᾳ.</strong></span> <span class='ocrx_word' id='word_1_399' title='bbox 1955 4549 2055 4604; x_wconf 88' lang='grc' dir='ltr'><strong>Διά</strong></span> 
     </span>
    </p>
   </div>
   <div class='ocr_carea' id='block_1_53' title="bbox 469 4627 2052 4703">
    <p class='ocr_par' dir='ltr' id='par_1_53' title="bbox 469 4627 2052 4703">
     <span class='ocr_line' id='line_1_53' title="bbox 469 4627 2052 4703; baseline 0.005 -23"><span class='ocrx_word' id='word_1_400' title='bbox 469 4627 630 4680; x_wconf 84' lang='grc' dir='ltr'><strong>τοῦτο</strong></span> <span class='ocrx_word' id='word_1_401' title='bbox 652 4628 748 4681; x_wconf 80' lang='grc' dir='ltr'><strong>καὶ</strong></span> <span class='ocrx_word' id='word_1_402' title='bbox 789 4630 992 4691; x_wconf 84' lang='grc' dir='ltr'><strong>τύπους</strong></span> <span class='ocrx_word' id='word_1_403' title='bbox 1044 4629 1294 4694; x_wconf 80' lang='grc' dir='ltr'><strong>ἐκάλεσε,</strong></span> <span class='ocrx_word' id='word_1_404' title='bbox 1343 4630 1434 4682; x_wconf 71' lang='grc' dir='ltr'><strong>καὶ</strong></span> <span class='ocrx_word' id='word_1_405' title='bbox 1462 4629 1528 4681; x_wconf 89' lang='grc' dir='ltr'><strong>δι’</strong></span> <span class='ocrx_word' id='word_1_406' title='bbox 1567 4632 1716 4700; x_wconf 74' lang='grc' dir='ltr'><strong>ἡμᾶς</strong></span> <span class='ocrx_word' id='word_1_407' title='bbox 1743 4633 2052 4703; x_wconf 76' lang='grc' dir='ltr'><strong>γεγράφθαι</strong></span> 
     </span>
    </p>
   </div>
   <div class='ocr_carea' id='block_1_54' title="bbox 469 4711 2053 4788">
    <p class='ocr_par' dir='ltr' id='par_1_54' title="bbox 469 4711 2053 4788">
     <span class='ocr_line' id='line_1_54' title="bbox 469 4711 2053 4788; baseline 0.002 -23"><span class='ocrx_word' id='word_1_408' title='bbox 469 4711 598 4781; x_wconf 68' lang='grc' dir='ltr'><strong>εφη,</strong></span> <span class='ocrx_word' id='word_1_409' title='bbox 628 4711 725 4764; x_wconf 79' lang='grc' dir='ltr'><strong>καὶ</strong></span> <span class='ocrx_word' id='word_1_410' title='bbox 771 4711 958 4774; x_wconf 84' lang='grc' dir='ltr'><strong>τέλους</strong></span> <span class='ocrx_word' id='word_1_411' title='bbox 1011 4713 1436 4784; x_wconf 81' lang='grc' dir='ltr'><strong>ἐμνημόνευσεν,</strong></span> <span class='ocrx_word' id='word_1_412' title='bbox 1488 4711 1575 4766; x_wconf 82' lang='grc' dir='ltr'><strong>ῖνα</strong></span> <span class='ocrx_word' id='word_1_413' title='bbox 1625 4713 1914 4788; x_wconf 80' lang='grc' dir='ltr'><strong>ἀναμνήσῃ</strong></span> <span class='ocrx_word' id='word_1_414' title='bbox 1955 4718 2053 4788; x_wconf 81' lang='grc' dir='ltr'><strong>τῆς</strong></span> 
     </span>
    </p>
   </div>
   <div class='ocr_carea' id='block_1_55' title="bbox 469 4794 2051 4871">
    <p class='ocr_par' dir='ltr' id='par_1_55' title="bbox 469 4794 2051 4871">
     <span class='ocr_line' id='line_1_55' title="bbox 469 4794 2051 4871; baseline 0.003 -23"><span class='ocrx_word' id='word_1_415' title='bbox 469 4794 799 4859; x_wconf 81' lang='grc' dir='ltr'><strong>συντελείας.</strong></span> <span class='ocrx_word' id='word_1_416' title='bbox 840 4796 917 4849; x_wconf 78' lang='grc' dir='ltr'><strong>Οὐ</strong></span> <span class='ocrx_word' id='word_1_417' title='bbox 943 4795 1049 4866; x_wconf 69' lang='grc' dir='ltr'><strong>γὰρ</strong></span> <span class='ocrx_word' id='word_1_418' title='bbox 1109 4797 1356 4849; x_wconf 76' lang='grc' dir='ltr'><strong>τοιαῦται</strong></span> <span class='ocrx_word' id='word_1_419' title='bbox 1404 4795 1527 4850; x_wconf 89' lang='grc' dir='ltr'><strong>τότε</strong></span> <span class='ocrx_word' id='word_1_420' title='bbox 1571 4799 1628 4850; x_wconf 91' lang='grc' dir='ltr'><strong>αἰ</strong></span> <span class='ocrx_word' id='word_1_421' title='bbox 1660 4800 1942 4871; x_wconf 83' lang='grc' dir='ltr'><strong>τιμωρίαι,</strong></span> <span class='ocrx_word' id='word_1_422' title='bbox 1975 4802 2051 4867; x_wconf 84' lang='grc' dir='ltr'><strong>ὡς</strong></span> 
     </span>
    </p>
   </div>
   <div class='ocr_carea' id='block_1_56' title="bbox 467 4877 2052 4950">
    <p class='ocr_par' dir='ltr' id='par_1_56' title="bbox 467 4877 2052 4950">
     <span class='ocr_line' id='line_1_56' title="bbox 467 4877 2052 4950; baseline 0.005 -19"><span class='ocrx_word' id='word_1_423' title='bbox 467 4879 563 4931; x_wconf 67' lang='grc' dir='ltr'><strong>καὶ.</strong></span> <span class='ocrx_word' id='word_1_424' title='bbox 598 4878 771 4949; x_wconf 85' lang='grc' dir='ltr'><strong>πέρας</strong></span> <span class='ocrx_word' id='word_1_425' title='bbox 793 4877 1089 4948; x_wconf 80' lang='grc' dir='ltr'><strong>λαμϐάνειν</strong></span> <span class='ocrx_word' id='word_1_426' title='bbox 1142 4879 1238 4932; x_wconf 75' lang='grc' dir='ltr'><strong>καὶ</strong></span> <span class='ocrx_word' id='word_1_427' title='bbox 1273 4879 1659 4942; x_wconf 78' lang='grc' dir='ltr'><strong>καταλύεσθαι,</strong></span> <span class='ocrx_word' id='word_1_428' title='bbox 1689 4880 1805 4935; x_wconf 87' lang='grc' dir='ltr'><strong>ἀλλ’</strong></span> <span class='ocrx_word' id='word_1_429' title='bbox 1836 4882 2052 4950; x_wconf 86' lang='grc' dir='ltr'><strong>αἰώνιος</strong></span> 
     </span>
    </p>
   </div>
   <div class='ocr_carea' id='block_1_57' title="bbox 467 4959 2049 5038">
    <p class='ocr_par' dir='ltr' id='par_1_57' title="bbox 467 4959 2049 5038">
     <span class='ocr_line' id='line_1_57' title="bbox 467 4959 2049 5038; baseline 0.004 -24"><span class='ocrx_word' id='word_1_430' title='bbox 467 4961 502 5032; x_wconf 71' lang='grc' dir='ltr'><strong>ἡ</strong></span> <span class='ocrx_word' id='word_1_431' title='bbox 531 4961 769 5026; x_wconf 89' lang='grc' dir='ltr'><strong>κόλασις.</strong></span> <span class='ocrx_word' id='word_1_432' title='bbox 809 4961 1020 5032; x_wconf 81' lang='grc' dir='ltr'><strong>Ὠσπερ</strong></span> <span class='ocrx_word' id='word_1_433' title='bbox 1045 4959 1154 5030; x_wconf 72' lang='grc' dir='ltr'><strong>γὰρ</strong></span> <span class='ocrx_word' id='word_1_434' title='bbox 1183 4963 1240 5013; x_wconf 90' lang='grc' dir='ltr'><strong>αἰ</strong></span> <span class='ocrx_word' id='word_1_435' title='bbox 1272 4961 1507 5016; x_wconf 82' lang='grc' dir='ltr'><strong>ἐνταῦθα</strong></span> <span class='ocrx_word' id='word_1_436' title='bbox 1561 4963 1810 5029; x_wconf 78' lang='grc' dir='ltr'><strong>κολάσεις</strong></span> <span class='ocrx_word' id='word_1_437' title='bbox 1837 4967 1916 5038; x_wconf 87' lang='grc' dir='ltr'><strong>τῷ</strong></span> <span class='ocrx_word' id='word_1_438' title='bbox 1943 4982 2049 5022; x_wconf 83' lang='grc' dir='ltr'><strong>πα-</strong></span> 
     </span>
    </p>
   </div>
   <div class='ocr_carea' id='block_1_58' title="bbox 469 5045 2050 5122">
    <p class='ocr_par' dir='ltr' id='par_1_58' title="bbox 469 5045 2050 5122">
     <span class='ocr_line' id='line_1_58' title="bbox 469 5045 2050 5122; baseline 0.004 -24"><span class='ocrx_word' id='word_1_439' title='bbox 469 5045 618 5116; x_wconf 87' lang='grc' dir='ltr'><strong>ρόντι</strong></span> <span class='ocrx_word' id='word_1_440' title='bbox 651 5045 1115 5116; x_wconf 87' lang='grc' dir='ltr'><strong>συγκαταλύονται</strong></span> <span class='ocrx_word' id='word_1_441' title='bbox 1171 5045 1290 5116; x_wconf 83' lang='grc' dir='ltr'><strong>βίῳ,</strong></span> <span class='ocrx_word' id='word_1_442' title='bbox 1321 5045 1494 5110; x_wconf 75' lang='grc' dir='ltr'><strong>οὕτως</strong></span> <span class='ocrx_word' id='word_1_443' title='bbox 1541 5048 1596 5102; x_wconf 91' lang='grc' dir='ltr'><strong>αἰ</strong></span> <span class='ocrx_word' id='word_1_444' title='bbox 1645 5050 1765 5103; x_wconf 83' lang='grc' dir='ltr'><strong>ἐκεῖ</strong></span> <span class='ocrx_word' id='word_1_445' title='bbox 1785 5049 2050 5122; x_wconf 74' lang='grc' dir='ltr'><strong>διηνεκῶς</strong></span> 
     </span>
    </p>
   </div>
   <div class='ocr_carea' id='block_1_59' title="bbox 468 5128 2044 5203">
    <p class='ocr_par' dir='ltr' id='par_1_59' title="bbox 468 5128 2044 5203">
     <span class='ocr_line' id='line_1_59' title="bbox 468 5128 2044 5203; baseline 0.004 -23"><span class='ocrx_word' id='word_1_446' title='bbox 468 5129 738 5198; x_wconf 82' lang='grc' dir='ltr'><strong>μένουσιν.</strong></span> <span class='ocrx_word' id='word_1_447' title='bbox 799 5131 969 5184; x_wconf 82' lang='grc' dir='ltr'><strong>Ὅταν</strong></span> <span class='ocrx_word' id='word_1_448' title='bbox 1019 5128 1076 5182; x_wconf 86' lang='grc' dir='ltr'><strong>δέ</strong></span> <span class='ocrx_word' id='word_1_449' title='bbox 1127 5131 1279 5203; x_wconf 77' lang='grc' dir='ltr'><strong>εἴπῃ,</strong></span> <span class='ocrx_word' id='word_1_450' title='bbox 1342 5133 1418 5185; x_wconf 87' lang='grc' dir='ltr'><em>Τὰ</em></span> <span class='ocrx_word' id='word_1_451' title='bbox 1472 5129 1615 5198; x_wconf 72' lang='grc' dir='ltr'><strong>τέλη</strong></span> <span class='ocrx_word' id='word_1_452' title='bbox 1643 5130 1760 5185; x_wconf 83' lang='grc' dir='ltr'><strong>τῶν</strong></span> <span class='ocrx_word' id='word_1_453' title='bbox 1795 5133 2044 5200; x_wconf 85' lang='grc' dir='ltr'><strong>αἰώνων,</strong></span> 
     </span>
    </p>
   </div>
   <div class='ocr_carea' id='block_1_60' title="bbox 465 5211 2049 5287">
    <p class='ocr_par' dir='ltr' id='par_1_60' title="bbox 465 5211 2049 5287">
     <span class='ocr_line' id='line_1_60' title="bbox 465 5211 2049 5287; baseline 0.003 -23"><span class='ocrx_word' id='word_1_454' title='bbox 465 5211 618 5264; x_wconf 77' lang='grc' dir='ltr'><strong>οὐδὲν</strong></span> <span class='ocrx_word' id='word_1_455' title='bbox 645 5212 772 5266; x_wconf 82' lang='grc' dir='ltr'><strong>ἀλλο</strong></span> <span class='ocrx_word' id='word_1_456' title='bbox 799 5214 966 5282; x_wconf 83' lang='grc' dir='ltr'><strong>λέγει,</strong></span> <span class='ocrx_word' id='word_1_457' title='bbox 999 5213 1031 5283; x_wconf 84' lang='grc' dir='ltr'>ἢ</span> <span class='ocrx_word' id='word_1_458' title='bbox 1061 5213 1140 5266; x_wconf 77' lang='grc' dir='ltr'><strong>ὅτι</strong></span> <span class='ocrx_word' id='word_1_459' title='bbox 1168 5214 1439 5282; x_wconf 73' lang='grc' dir='ltr'><strong>ἐφέστηκε</strong></span> <span class='ocrx_word' id='word_1_460' title='bbox 1468 5213 1661 5268; x_wconf 79' lang='grc' dir='ltr'><strong>λοιπὸν</strong></span> <span class='ocrx_word' id='word_1_461' title='bbox 1694 5214 1756 5267; x_wconf 85' lang='grc' dir='ltr'><strong>τὸ</strong></span> <span class='ocrx_word' id='word_1_462' title='bbox 1782 5215 2049 5287; x_wconf 77' lang='grc' dir='ltr'><strong>δικαστή-</strong></span> 
     </span>
    </p>
   </div>
   <div class='ocr_carea' id='block_1_61' title="bbox 469 5296 2046 5368">
    <p class='ocr_par' dir='ltr' id='par_1_61' title="bbox 469 5296 2046 5368">
     <span class='ocr_line' id='line_1_61' title="bbox 469 5296 2046 5368; baseline 0.004 -19"><span class='ocrx_word' id='word_1_463' title='bbox 469 5313 584 5368; x_wconf 82' lang='grc' dir='ltr'><strong>ριον</strong></span> <span class='ocrx_word' id='word_1_464' title='bbox 609 5296 669 5350; x_wconf 80' lang='lat'><strong>16</strong></span> <span class='ocrx_word' id='word_1_465' title='bbox 699 5297 948 5368; x_wconf 77' lang='grc' dir='ltr'><strong>φοϐερόν.</strong></span> <span class='ocrx_word' id='word_1_466' title='bbox 977 5299 1158 5352; x_wconf 83' lang='grc' dir='ltr'><strong>Ὥστε</strong></span> <span class='ocrx_word' id='word_1_467' title='bbox 1189 5302 1222 5352; x_wconf 85' lang='grc' dir='ltr'><strong><em>ό</em></strong></span> <span class='ocrx_word' id='word_1_468' title='bbox 1247 5298 1441 5353; x_wconf 83' lang='grc' dir='ltr'><strong>δοκῶν</strong></span> <span class='ocrx_word' id='word_1_469' title='bbox 1470 5299 1740 5362; x_wconf 75' lang='grc' dir='ltr'><strong>ἑστάναι,</strong></span> <span class='ocrx_word' id='word_1_470' title='bbox 1766 5300 2046 5364; x_wconf 67' lang='grc' dir='ltr'><strong>,βλεπέτω</strong></span> 
     </span>
    </p>
   </div>
   <div class='ocr_carea' id='block_1_62' title="bbox 463 5382 2045 5454">
    <p class='ocr_par' dir='ltr' id='par_1_62' title="bbox 463 5382 2045 5454">
     <span class='ocr_line' id='line_1_62' title="bbox 463 5382 2045 5454; baseline 0.003 -16"><span class='ocrx_word' id='word_1_471' title='bbox 463 5383 548 5454; x_wconf 78' lang='grc' dir='ltr'><strong>μὴ</strong></span> <span class='ocrx_word' id='word_1_472' title='bbox 570 5383 750 5453; x_wconf 78' lang='grc' dir='ltr'><strong>πέσῃ.</strong></span> <span class='ocrx_word' id='word_1_473' title='bbox 801 5382 972 5438; x_wconf 87' lang='grc' dir='ltr'><strong>Πάλιν</strong></span> <span class='ocrx_word' id='word_1_474' title='bbox 1023 5385 1204 5438; x_wconf 80' lang='grc' dir='ltr'><strong>αὐτῶν</strong></span> <span class='ocrx_word' id='word_1_475' title='bbox 1233 5386 1324 5439; x_wconf 79' lang='grc' dir='ltr'><strong>τὸν</strong></span> <span class='ocrx_word' id='word_1_476' title='bbox 1372 5385 1544 5454; x_wconf 85' lang='grc' dir='ltr'><strong>τῦφον</strong></span> <span class='ocrx_word' id='word_1_477' title='bbox 1573 5386 1789 5441; x_wconf 80' lang='grc' dir='ltr'><strong>καθεῖλε</strong></span> <span class='ocrx_word' id='word_1_478' title='bbox 1813 5389 1922 5442; x_wconf 88' lang='grc' dir='ltr'><strong>τῶν</strong></span> <span class='ocrx_word' id='word_1_479' title='bbox 1951 5391 2045 5442; x_wconf 77' lang='grc' dir='ltr'><strong>ἐπὶ</strong></span> 
     </span>
    </p>
   </div>
   <div class='ocr_carea' id='block_1_63' title="bbox 463 5467 2045 5542">
    <p class='ocr_par' dir='ltr' id='par_1_63' title="bbox 463 5467 2045 5542">
     <span class='ocr_line' id='line_1_63' title="bbox 463 5467 2045 5542; baseline 0.003 -23"><span class='ocrx_word' id='word_1_480' title='bbox 463 5469 531 5540; x_wconf 71' lang='grc' dir='ltr'><strong>τῇ</strong></span> <span class='ocrx_word' id='word_1_481' title='bbox 561 5467 759 5536; x_wconf 83' lang='grc' dir='ltr'><strong>γνώσει</strong></span> <span class='ocrx_word' id='word_1_482' title='bbox 803 5467 946 5537; x_wconf 83' lang='grc' dir='ltr'><strong>μέγα</strong></span> <span class='ocrx_word' id='word_1_483' title='bbox 1004 5467 1364 5537; x_wconf 77' lang='grc' dir='ltr'><strong>φρονούντων.</strong></span> <span class='ocrx_word' id='word_1_484' title='bbox 1419 5470 1482 5523; x_wconf 86' lang='grc' dir='ltr'><strong>Εἰ</strong></span> <span class='ocrx_word' id='word_1_485' title='bbox 1537 5471 1646 5542; x_wconf 89' lang='grc' dir='ltr'><strong>γάρ</strong></span> <span class='ocrx_word' id='word_1_486' title='bbox 1678 5473 1727 5524; x_wconf 89' lang='grc' dir='ltr'><strong>οἰ</strong></span> <span class='ocrx_word' id='word_1_487' title='bbox 1776 5473 2045 5527; x_wconf 84' lang='grc' dir='ltr'><strong>τοσούτων</strong></span> 
     </span>
    </p>
   </div>
   <div class='ocr_carea' id='block_1_64' title="bbox 463 5550 2042 5628">
    <p class='ocr_par' dir='ltr' id='par_1_64' title="bbox 463 5550 2042 5628">
     <span class='ocr_line' id='line_1_64' title="bbox 463 5550 2042 5628; baseline -0.001 -20"><span class='ocrx_word' id='word_1_488' title='bbox 463 5553 872 5616; x_wconf 76' lang='grc' dir='ltr'><strong>ἀπολαύσαντες</strong></span> <span class='ocrx_word' id='word_1_489' title='bbox 898 5551 1120 5605; x_wconf 82' lang='grc' dir='ltr'><strong>τοιαῦτα</strong></span> <span class='ocrx_word' id='word_1_490' title='bbox 1173 5550 1395 5616; x_wconf 75' lang='grc' dir='ltr'><strong>ἔπαθον,</strong></span> <span class='ocrx_word' id='word_1_491' title='bbox 1428 5553 1522 5606; x_wconf 81' lang='grc' dir='ltr'><strong>καί</strong></span> <span class='ocrx_word' id='word_1_492' title='bbox 1547 5555 1598 5607; x_wconf 91' lang='grc' dir='ltr'><strong>οἰ</strong></span> <span class='ocrx_word' id='word_1_493' title='bbox 1629 5556 1727 5626; x_wconf 80' lang='grc' dir='ltr'><strong>μὲν</strong></span> <span class='ocrx_word' id='word_1_494' title='bbox 1753 5556 1892 5628; x_wconf 82' lang='grc' dir='ltr'><strong>ὑπὲρ</strong></span> <span class='ocrx_word' id='word_1_495' title='bbox 1915 5573 2042 5626; x_wconf 84' lang='grc' dir='ltr'><strong>γογ-</strong></span> 
     </span>
    </p>
   </div>
   <div class='ocr_carea' id='block_1_65' title="bbox 522 5787 1098 5856">
    <p class='ocr_par' dir='ltr' id='par_1_65' title="bbox 522 5787 1098 5856">
     <span class='ocr_line' id='line_1_65' title="bbox 522 5787 1098 5856; baseline -0.01 -14"><span class='ocrx_word' id='word_1_496' title='bbox 522 5787 544 5812; x_wconf 85' lang='grc'>⁶</span> <span class='ocrx_word' id='word_1_497' title='bbox 568 5790 825 5856; x_wconf 60' lang='lat' dir='ltr'><strong><em>agebatur</em></strong></span> <span class='ocrx_word' id='word_1_498' title='bbox 851 5791 1098 5854; x_wconf 56' lang='grc' dir='ltr'><strong>γυναικῶν.</strong></span> 
     </span>
    </p>
   </div>
   <div class='ocr_carea' id='block_1_66' title="bbox 1158 249 3027 327">
    <p class='ocr_par' dir='ltr' id='par_1_66' title="bbox 1158 249 3027 327">
     <span class='ocr_line' id='line_1_66' title="bbox 1158 249 3027 327; baseline -0.004 -2"><span class='ocrx_word' id='word_1_499' title='bbox 1158 273 1219 325; x_wconf 82' lang='lat'><strong>5.</strong></span> <span class='ocrx_word' id='word_1_500' title='bbox 1255 265 1543 327; x_wconf 71' lang='lat' dir='ltr'><strong>JOA‘NMS</strong></span> <span class='ocrx_word' id='word_1_501' title='bbox 1576 249 2070 320; x_wconf 69' lang='lat' dir='ltr'><strong>CHRYSUSTOMI</strong></span> <span class='ocrx_word' id='word_1_502' title='bbox 2116 252 2436 312; x_wconf 71' lang='lat' dir='ltr'><strong>AHCHIEP.</strong></span> <span class='ocrx_word' id='word_1_503' title='bbox 2477 255 3027 318; x_wconf 81' lang='lat' dir='ltr'><strong>CUNSTANTINOP.</strong></span> 
     </span>
    </p>
   </div>
   <div class='ocr_carea' id='block_1_67' title="bbox 3635 263 3740 321">
    <p class='ocr_par' dir='ltr' id='par_1_67' title="bbox 3635 263 3740 321">
     <span class='ocr_line' id='line_1_67' title="bbox 3635 263 3740 321; baseline 0 -1"><span class='ocrx_word' id='word_1_504' title='bbox 3635 263 3740 321; x_wconf 70' lang='grc' dir='ltr'><strong>1θά</strong></span> 
     </span>
    </p>
   </div>
   <div class='ocr_carea' id='block_1_68' title="bbox 2165 372 3742 449">
    <p class='ocr_par' dir='ltr' id='par_1_68' title="bbox 2165 372 3742 449">
     <span class='ocr_line' id='line_1_68' title="bbox 2165 372 3742 449; baseline 0.008 -27"><span class='ocrx_word' id='word_1_505' title='bbox 2165 373 2378 441; x_wconf 81' lang='grc' dir='ltr'><strong>γυσμοῦ</strong></span> <span class='ocrx_word' id='word_1_506' title='bbox 2409 374 2568 444; x_wconf 87' lang='grc' dir='ltr'><strong>μόνον</strong></span> <span class='ocrx_word' id='word_1_507' title='bbox 2595 374 2852 446; x_wconf 80' lang='grc' dir='ltr'><strong>τοιαύτην</strong></span> <span class='ocrx_word' id='word_1_508' title='bbox 2876 376 3068 430; x_wconf 76' lang='grc' dir='ltr'><strong>ἔδοσαν</strong></span> <span class='ocrx_word' id='word_1_509' title='bbox 3094 375 3274 446; x_wconf 82' lang='grc' dir='ltr'><strong>δίκην,</strong></span> <span class='ocrx_word' id='word_1_510' title='bbox 3312 375 3361 429; x_wconf 86' lang='grc' dir='ltr'><strong>οἰ</strong></span> <span class='ocrx_word' id='word_1_511' title='bbox 3386 372 3444 429; x_wconf 75' lang='grc' dir='ltr'><strong>δέ</strong></span> <span class='ocrx_word' id='word_1_512' title='bbox 3477 372 3620 449; x_wconf 76' lang='grc' dir='ltr'><strong>ὑπὲρ</strong></span> <span class='ocrx_word' id='word_1_513' title='bbox 3647 381 3742 434; x_wconf 82' lang='grc' dir='ltr'><strong>τοῦ</strong></span> 
     </span>
    </p>
   </div>
   <div class='ocr_carea' id='block_1_69' title="bbox 2163 454 3743 530">
    <p class='ocr_par' dir='ltr' id='par_1_69' title="bbox 2163 454 3743 530">
     <span class='ocr_line' id='line_1_69' title="bbox 2163 454 3743 530; baseline 0.006 -25"><span class='ocrx_word' id='word_1_514' title='bbox 2163 456 2444 527; x_wconf 82' lang='grc' dir='ltr'><strong>πειράσαι,</strong></span> <span class='ocrx_word' id='word_1_515' title='bbox 2491 459 2585 511; x_wconf 73' lang='grc' dir='ltr'><strong>καὶ</strong></span> <span class='ocrx_word' id='word_1_516' title='bbox 2623 457 2747 512; x_wconf 74' lang='grc' dir='ltr'><strong>οὔτε</strong></span> <span class='ocrx_word' id='word_1_517' title='bbox 2786 460 2848 511; x_wconf 83' lang='grc' dir='ltr'><strong>τὸ</strong></span> <span class='ocrx_word' id='word_1_518' title='bbox 2879 459 3084 530; x_wconf 79' lang='grc' dir='ltr'><strong>πλῆθος</strong></span> <span class='ocrx_word' id='word_1_519' title='bbox 3131 454 3448 529; x_wconf 83' lang='grc' dir='ltr'><strong>ἐδυσώπησε</strong></span> <span class='ocrx_word' id='word_1_520' title='bbox 3477 460 3568 513; x_wconf 80' lang='grc' dir='ltr'><strong>τὸν</strong></span> <span class='ocrx_word' id='word_1_521' title='bbox 3588 462 3743 527; x_wconf 82' lang='grc' dir='ltr'><strong>Θεὸν,</strong></span> 
     </span>
    </p>
   </div>
   <div class='ocr_carea' id='block_1_70' title="bbox 2160 537 3742 615">
    <p class='ocr_par' dir='ltr' id='par_1_70' title="bbox 2160 537 3742 615">
     <span class='ocr_line' id='line_1_70' title="bbox 2160 537 3742 615; baseline 0.004 -25"><span class='ocrx_word' id='word_1_522' title='bbox 2160 537 2284 592; x_wconf 70' lang='grc' dir='ltr'><strong>οὔτε</strong></span> <span class='ocrx_word' id='word_1_523' title='bbox 2319 540 2383 594; x_wconf 79' lang='grc' dir='ltr'><strong>τὸ</strong></span> <span class='ocrx_word' id='word_1_524' title='bbox 2413 541 2670 596; x_wconf 87' lang='grc' dir='ltr'><strong>τοιούτων</strong></span> <span class='ocrx_word' id='word_1_525' title='bbox 2695 543 2994 612; x_wconf 73' lang='grc' dir='ltr'><strong>ἐπιτυχεῖν·</strong></span> <span class='ocrx_word' id='word_1_526' title='bbox 3017 541 3194 612; x_wconf 87' lang='grc' dir='ltr'><strong>πολλῷ</strong></span> <span class='ocrx_word' id='word_1_527' title='bbox 3213 541 3413 612; x_wconf 79' lang='grc' dir='ltr'><strong>μᾶλλον</strong></span> <span class='ocrx_word' id='word_1_528' title='bbox 3442 544 3530 612; x_wconf 81' lang='grc' dir='ltr'><strong>ἐφ’</strong></span> <span class='ocrx_word' id='word_1_529' title='bbox 3561 545 3742 615; x_wconf 75' lang='grc' dir='ltr'><strong>ἡμῶν,</strong></span> 
     </span>
    </p>
   </div>
   <div class='ocr_carea' id='block_1_71' title="bbox 2162 621 3744 696">
    <p class='ocr_par' dir='ltr' id='par_1_71' title="bbox 2162 621 3744 696">
     <span class='ocr_line' id='line_1_71' title="bbox 2162 621 3744 696; baseline 0.001 -18"><span class='ocrx_word' id='word_1_530' title='bbox 2162 623 2227 678; x_wconf 76' lang='grc' dir='ltr'><strong>ἂν</strong></span> <span class='ocrx_word' id='word_1_531' title='bbox 2249 624 2325 695; x_wconf 76' lang='grc' dir='ltr'><strong>μὴ</strong></span> <span class='ocrx_word' id='word_1_532' title='bbox 2358 625 2641 696; x_wconf 82' lang='grc' dir='ltr'><strong>νήφωμεν,</strong></span> <span class='ocrx_word' id='word_1_533' title='bbox 2674 624 2833 678; x_wconf 85' lang='lat'><strong>10510</strong></span> <span class='ocrx_word' id='word_1_534' title='bbox 2859 625 3030 678; x_wconf 75' lang='grc' dir='ltr'><strong>ἔσται.</strong></span> <span class='ocrx_word' id='word_1_535' title='bbox 3062 625 3171 678; x_wconf 82' lang='grc' dir='ltr'><strong>Καὶ</strong></span> <span class='ocrx_word' id='word_1_536' title='bbox 3212 624 3394 689; x_wconf 89' lang='grc' dir='ltr'><strong>καλῶς</strong></span> <span class='ocrx_word' id='word_1_537' title='bbox 3443 621 3595 679; x_wconf 83' lang='grc' dir='ltr'><strong>εἶπεν</strong></span> <span class='ocrx_word' id='word_1_538' title='bbox 3625 645 3636 656; x_wconf 93' lang='grc'><strong>·</strong></span> <span class='ocrx_word' id='word_1_539' title='bbox 3681 628 3744 680; x_wconf 84' lang='grc'><strong>’0</strong></span> 
     </span>
    </p>
   </div>
   <div class='ocr_carea' id='block_1_72' title="bbox 2159 705 3746 780">
    <p class='ocr_par' dir='ltr' id='par_1_72' title="bbox 2159 705 3746 780">
     <span class='ocr_line' id='line_1_72' title="bbox 2159 705 3746 780; baseline 0.002 -20"><span class='ocrx_word' id='word_1_540' title='bbox 2159 705 2356 760; x_wconf 77' lang='grc' dir='ltr'><strong>δοκῶν</strong></span> <span class='ocrx_word' id='word_1_541' title='bbox 2383 707 2651 764; x_wconf 79' lang='grc' dir='ltr'><strong>ἑστάναι.</strong></span> <span class='ocrx_word' id='word_1_542' title='bbox 2684 707 2858 762; x_wconf 79' lang='grc' dir='ltr'><strong>Τοῦτο</strong></span> <span class='ocrx_word' id='word_1_543' title='bbox 2886 707 2995 780; x_wconf 78' lang='grc' dir='ltr'><strong>γὰρ</strong></span> <span class='ocrx_word' id='word_1_544' title='bbox 3038 709 3162 762; x_wconf 80' lang='grc' dir='ltr'><strong>οὐδὲ</strong></span> <span class='ocrx_word' id='word_1_545' title='bbox 3197 708 3419 762; x_wconf 80' lang='grc' dir='ltr'><strong>ἑστάναι</strong></span> <span class='ocrx_word' id='word_1_546' title='bbox 3467 710 3637 775; x_wconf 69' lang='grc' dir='ltr'><strong>ἐστὶν,</strong></span> <span class='ocrx_word' id='word_1_547' title='bbox 3669 711 3746 774; x_wconf 86' lang='grc' dir='ltr'><strong>ὡς</strong></span> 
     </span>
    </p>
   </div>
   <div class='ocr_carea' id='block_1_73' title="bbox 2159 790 3746 864">
    <p class='ocr_par' dir='ltr' id='par_1_73' title="bbox 2159 790 3746 864">
     <span class='ocr_line' id='line_1_73' title="bbox 2159 790 3746 864; baseline 0.003 -22"><span class='ocrx_word' id='word_1_548' title='bbox 2159 790 2382 844; x_wconf 85' lang='grc' dir='ltr'><strong>ἐστάναι</strong></span> <span class='ocrx_word' id='word_1_549' title='bbox 2405 791 2532 862; x_wconf 84' lang='grc' dir='ltr'><strong>χρὴ,</strong></span> <span class='ocrx_word' id='word_1_550' title='bbox 2561 791 2622 845; x_wconf 82' lang='grc' dir='ltr'><strong>τὸ</strong></span> <span class='ocrx_word' id='word_1_551' title='bbox 2661 791 2882 864; x_wconf 79' lang='grc' dir='ltr'><strong>θαρρεῖν</strong></span> <span class='ocrx_word' id='word_1_552' title='bbox 2907 790 3103 862; x_wconf 82' lang='grc' dir='ltr'><strong>ἐαυτῷ·</strong></span> <span class='ocrx_word' id='word_1_553' title='bbox 3131 791 3341 861; x_wconf 89' lang='grc' dir='ltr'><strong>ταχέως</strong></span> <span class='ocrx_word' id='word_1_554' title='bbox 3370 791 3479 862; x_wconf 83' lang='grc' dir='ltr'><strong>γὰρ</strong></span> <span class='ocrx_word' id='word_1_555' title='bbox 3505 795 3534 847; x_wconf 85' lang='grc' dir='ltr'>ὁ</span> <span class='ocrx_word' id='word_1_556' title='bbox 3567 793 3746 846; x_wconf 79' lang='grc' dir='ltr'><strong>τοιοῦ-</strong></span> 
     </span>
    </p>
   </div>
   <div class='ocr_carea' id='block_1_74' title="bbox 2160 873 3747 948">
    <p class='ocr_par' dir='ltr' id='par_1_74' title="bbox 2160 873 3747 948">
     <span class='ocr_line' id='line_1_74' title="bbox 2160 873 3747 948; baseline 0.003 -22"><span class='ocrx_word' id='word_1_557' title='bbox 2160 891 2252 937; x_wconf 85' lang='grc' dir='ltr'><strong>τος</strong></span> <span class='ocrx_word' id='word_1_558' title='bbox 2285 878 2551 929; x_wconf 81' lang='grc' dir='ltr'><strong>πεσεῖται·</strong></span> <span class='ocrx_word' id='word_1_559' title='bbox 2582 876 2705 928; x_wconf 75' lang='grc' dir='ltr'><strong>ἐπεὶ</strong></span> <span class='ocrx_word' id='word_1_560' title='bbox 2729 875 2822 928; x_wconf 79' lang='grc' dir='ltr'><strong>καὶ</strong></span> <span class='ocrx_word' id='word_1_561' title='bbox 2845 875 3067 937; x_wconf 81' lang='grc' dir='ltr'><strong>ἐκεῖνοι,</strong></span> <span class='ocrx_word' id='word_1_562' title='bbox 3095 874 3143 927; x_wconf 88' lang='grc' dir='ltr'><strong>εἰ</strong></span> <span class='ocrx_word' id='word_1_563' title='bbox 3166 875 3243 944; x_wconf 82' lang='grc' dir='ltr'><strong>μὴ</strong></span> <span class='ocrx_word' id='word_1_564' title='bbox 3268 873 3413 945; x_wconf 89' lang='grc' dir='ltr'><strong>μέγα</strong></span> <span class='ocrx_word' id='word_1_565' title='bbox 3440 877 3747 948; x_wconf 80' lang='grc' dir='ltr'><strong>ἐφρόνησαν</strong></span> 
     </span>
    </p>
   </div>
   <div class='ocr_carea' id='block_1_75' title="bbox 2161 953 3747 1032">
    <p class='ocr_par' dir='ltr' id='par_1_75' title="bbox 2161 953 3747 1032">
     <span class='ocr_line' id='line_1_75' title="bbox 2161 953 3747 1032; baseline 0.002 -20"><span class='ocrx_word' id='word_1_566' title='bbox 2161 960 2256 1012; x_wconf 80' lang='grc' dir='ltr'><strong>καὶ</strong></span> <span class='ocrx_word' id='word_1_567' title='bbox 2306 959 2641 1032; x_wconf 68' lang='grc' dir='ltr'><strong>ἐθάρρησαν,</strong></span> <span class='ocrx_word' id='word_1_568' title='bbox 2681 958 2795 1012; x_wconf 87' lang='grc' dir='ltr'><strong>ἀλλ’</strong></span> <span class='ocrx_word' id='word_1_569' title='bbox 2838 953 2980 1028; x_wconf 83' lang='grc' dir='ltr'><strong>ἦσαν</strong></span> <span class='ocrx_word' id='word_1_570' title='bbox 3043 958 3496 1028; x_wconf 88' lang='grc' dir='ltr'><strong>κατεσταλμένοι,</strong></span> <span class='ocrx_word' id='word_1_571' title='bbox 3548 959 3651 1014; x_wconf 81' lang='grc' dir='ltr'><strong>οὐκ</strong></span> <span class='ocrx_word' id='word_1_572' title='bbox 3680 961 3747 1015; x_wconf 79' lang='grc' dir='ltr'><strong>ἂν</strong></span> 
     </span>
    </p>
   </div>
   <div class='ocr_carea' id='block_1_76' title="bbox 2161 1039 3746 1114">
    <p class='ocr_par' dir='ltr' id='par_1_76' title="bbox 2161 1039 3746 1114">
     <span class='ocr_line' id='line_1_76' title="bbox 2161 1039 3746 1114; baseline -0.001 -17"><span class='ocrx_word' id='word_1_573' title='bbox 2161 1043 2335 1098; x_wconf 83' lang='grc' dir='ltr'><strong>ταῦτα</strong></span> <span class='ocrx_word' id='word_1_574' title='bbox 2363 1042 2585 1097; x_wconf 74' lang='grc' dir='ltr'><strong>ἔπαθον.</strong></span> <span class='ocrx_word' id='word_1_575' title='bbox 2617 1043 2780 1095; x_wconf 91' lang='grc' dir='ltr'><strong>Ὅθεν</strong></span> <span class='ocrx_word' id='word_1_576' title='bbox 2833 1039 3012 1111; x_wconf 80' lang='grc' dir='ltr'><strong>δῆλον,</strong></span> <span class='ocrx_word' id='word_1_577' title='bbox 3064 1041 3147 1094; x_wconf 84' lang='grc' dir='ltr'><strong>ὃτι</strong></span> <span class='ocrx_word' id='word_1_578' title='bbox 3192 1042 3481 1106; x_wconf 76' lang='grc' dir='ltr'><strong>ἀλαζονεία</strong></span> <span class='ocrx_word' id='word_1_579' title='bbox 3510 1045 3746 1114; x_wconf 78' lang='grc' dir='ltr'><strong>μάλιστα</strong></span> 
     </span>
    </p>
   </div>
   <div class='ocr_carea' id='block_1_77' title="bbox 2162 1124 3747 1197">
    <p class='ocr_par' dir='ltr' id='par_1_77' title="bbox 2162 1124 3747 1197">
     <span class='ocr_line' id='line_1_77' title="bbox 2162 1124 3747 1197; baseline -0.001 -17"><span class='ocrx_word' id='word_1_580' title='bbox 2162 1127 2256 1180; x_wconf 74' lang='lat' dir='ltr'><strong><em>xal</em></strong></span> <span class='ocrx_word' id='word_1_581' title='bbox 2287 1125 2532 1197; x_wconf 79' lang='grc' dir='ltr'><strong>ῥᾳθυμία</strong></span> <span class='ocrx_word' id='word_1_582' title='bbox 2561 1125 2688 1197; x_wconf 82' lang='grc' dir='ltr'><strong>ἐξῆς</strong></span> <span class='ocrx_word' id='word_1_583' title='bbox 2721 1125 2873 1193; x_wconf 74' lang='grc' dir='ltr'><strong>καὶὴ</strong></span> <span class='ocrx_word' id='word_1_584' title='bbox 2898 1125 3320 1195; x_wconf 80' lang='grc' dir='ltr'><strong>γαστριμαργία</strong></span> <span class='ocrx_word' id='word_1_585' title='bbox 3365 1124 3572 1178; x_wconf 90' lang='grc' dir='ltr'><strong>τούτων</strong></span> <span class='ocrx_word' id='word_1_586' title='bbox 3605 1126 3747 1178; x_wconf 74' lang='grc' dir='ltr'><strong>εἰσὶν</strong></span> 
     </span>
    </p>
   </div>
   <div class='ocr_carea' id='block_1_78' title="bbox 2159 1207 3747 1279">
    <p class='ocr_par' dir='ltr' id='par_1_78' title="bbox 2159 1207 3747 1279">
     <span class='ocr_line' id='line_1_78' title="bbox 2159 1207 3747 1279; baseline -0.001 -18"><span class='ocrx_word' id='word_1_587' title='bbox 2159 1209 2214 1261; x_wconf 88' lang='grc' dir='ltr'><strong>αἰ</strong></span> <span class='ocrx_word' id='word_1_588' title='bbox 2237 1208 2410 1279; x_wconf 78' lang='grc' dir='ltr'><strong>πηγαὶ</strong></span> <span class='ocrx_word' id='word_1_589' title='bbox 2427 1207 2538 1262; x_wconf 88' lang='grc' dir='ltr'><strong>τῶν</strong></span> <span class='ocrx_word' id='word_1_590' title='bbox 2566 1208 2770 1263; x_wconf 88' lang='grc' dir='ltr'><strong>κακῶν.</strong></span> <span class='ocrx_word' id='word_1_591' title='bbox 2805 1207 2967 1261; x_wconf 82' lang='grc' dir='ltr'><strong>Ὥστε</strong></span> <span class='ocrx_word' id='word_1_592' title='bbox 2998 1208 3047 1260; x_wconf 88' lang='grc' dir='ltr'><strong>εἰ</strong></span> <span class='ocrx_word' id='word_1_593' title='bbox 3073 1210 3166 1262; x_wconf 80' lang='grc' dir='ltr'><strong>καὶ</strong></span> <span class='ocrx_word' id='word_1_594' title='bbox 3189 1207 3448 1279; x_wconf 70' lang='grc' dir='ltr'><strong>ἕστηκας,</strong></span> <span class='ocrx_word' id='word_1_595' title='bbox 3473 1207 3747 1276; x_wconf 82' lang='grc' dir='ltr'><strong>φυλάττου</strong></span> 
     </span>
    </p>
   </div>
   <div class='ocr_carea' id='block_1_79' title="bbox 2160 1291 3750 1365">
    <p class='ocr_par' dir='ltr' id='par_1_79' title="bbox 2160 1291 3750 1365">
     <span class='ocr_line' id='line_1_79' title="bbox 2160 1291 3750 1365; baseline -0.002 -19"><span class='ocrx_word' id='word_1_596' title='bbox 2160 1291 2222 1346; x_wconf 83' lang='lat'><strong>16</strong></span> <span class='ocrx_word' id='word_1_597' title='bbox 2255 1291 2332 1364; x_wconf 80' lang='grc' dir='ltr'><strong>μὴ</strong></span> <span class='ocrx_word' id='word_1_598' title='bbox 2357 1295 2562 1347; x_wconf 86' lang='grc' dir='ltr'><strong>πεσεῖν.</strong></span> <span class='ocrx_word' id='word_1_599' title='bbox 2600 1293 2675 1347; x_wconf 82' lang='grc' dir='ltr'><strong>Τὸ</strong></span> <span class='ocrx_word' id='word_1_600' title='bbox 2693 1293 2800 1365; x_wconf 85' lang='grc' dir='ltr'><strong>γὰρ</strong></span> <span class='ocrx_word' id='word_1_601' title='bbox 2827 1294 3062 1349; x_wconf 82' lang='grc' dir='ltr'><strong>ἐνταῦθα</strong></span> <span class='ocrx_word' id='word_1_602' title='bbox 3080 1294 3270 1365; x_wconf 85' lang='grc' dir='ltr'><strong>στῆναι</strong></span> <span class='ocrx_word' id='word_1_603' title='bbox 3299 1292 3399 1346; x_wconf 82' lang='grc' dir='ltr'><strong>οὐκ</strong></span> <span class='ocrx_word' id='word_1_604' title='bbox 3415 1291 3558 1345; x_wconf 71' lang='grc' dir='ltr'><strong>ἐστιν</strong></span> <span class='ocrx_word' id='word_1_605' title='bbox 3589 1291 3750 1344; x_wconf 84' lang='grc' dir='ltr'><strong>ἐστά-</strong></span> 
     </span>
    </p>
   </div>
   <div class='ocr_carea' id='block_1_80' title="bbox 2162 1374 3748 1448">
    <p class='ocr_par' dir='ltr' id='par_1_80' title="bbox 2162 1374 3748 1448">
     <span class='ocr_line' id='line_1_80' title="bbox 2162 1374 3748 1448; baseline 0.001 -20"><span class='ocrx_word' id='word_1_606' title='bbox 2162 1393 2249 1428; x_wconf 92' lang='grc' dir='ltr'><strong>ναι</strong></span> <span class='ocrx_word' id='word_1_607' title='bbox 2279 1375 2532 1445; x_wconf 87' lang='grc' dir='ltr'><strong>βεϐαίως,</strong></span> <span class='ocrx_word' id='word_1_608' title='bbox 2559 1376 2663 1440; x_wconf 72' lang='grc' dir='ltr'><strong>ἓως</strong></span> <span class='ocrx_word' id='word_1_609' title='bbox 2702 1377 2766 1430; x_wconf 79' lang='grc' dir='ltr'>ἂν</span> <span class='ocrx_word' id='word_1_610' title='bbox 2791 1376 3192 1448; x_wconf 86' lang='grc' dir='ltr'><strong>ἀπαλλαγῶμεν</strong></span> <span class='ocrx_word' id='word_1_611' title='bbox 3229 1375 3337 1429; x_wconf 90' lang='grc' dir='ltr'><strong>τῶν</strong></span> <span class='ocrx_word' id='word_1_612' title='bbox 3362 1375 3624 1447; x_wconf 77' lang='grc' dir='ltr'><strong>κυμάτων</strong></span> <span class='ocrx_word' id='word_1_613' title='bbox 3650 1374 3748 1430; x_wconf 85' lang='lat'><strong>105</strong></span> 
     </span>
    </p>
   </div>
   <div class='ocr_carea' id='block_1_81' title="bbox 2163 1457 3748 1530">
    <p class='ocr_par' dir='ltr' id='par_1_81' title="bbox 2163 1457 3748 1530">
     <span class='ocr_line' id='line_1_81' title="bbox 2163 1457 3748 1530; baseline 0.002 -21"><span class='ocrx_word' id='word_1_614' title='bbox 2163 1458 2427 1526; x_wconf 87' lang='grc' dir='ltr'><strong>παρόντος</strong></span> <span class='ocrx_word' id='word_1_615' title='bbox 2448 1457 2586 1528; x_wconf 86' lang='grc' dir='ltr'><strong>βίου,</strong></span> <span class='ocrx_word' id='word_1_616' title='bbox 2622 1458 2715 1512; x_wconf 80' lang='grc' dir='ltr'><strong>καὶ</strong></span> <span class='ocrx_word' id='word_1_617' title='bbox 2761 1459 2897 1530; x_wconf 81' lang='grc' dir='ltr'><strong>πρὸς</strong></span> <span class='ocrx_word' id='word_1_618' title='bbox 2926 1460 3018 1514; x_wconf 86' lang='grc' dir='ltr'><strong>τὸν</strong></span> <span class='ocrx_word' id='word_1_619' title='bbox 3070 1458 3328 1513; x_wconf 79' lang='grc' dir='ltr'><strong>εὐδιεινὸν</strong></span> <span class='ocrx_word' id='word_1_620' title='bbox 3350 1457 3748 1512; x_wconf 85' lang='grc' dir='ltr'><strong>καταπλεύσω-</strong></span> 
     </span>
    </p>
   </div>
   <div class='ocr_carea' id='block_1_82' title="bbox 2165 1540 3746 1613">
    <p class='ocr_par' dir='ltr' id='par_1_82' title="bbox 2165 1540 3746 1613">
     <span class='ocr_line' id='line_1_82' title="bbox 2165 1540 3746 1613; baseline 0.001 -20"><span class='ocrx_word' id='word_1_621' title='bbox 2165 1558 2263 1611; x_wconf 89' lang='grc' dir='ltr'><strong>μεν</strong></span> <span class='ocrx_word' id='word_1_622' title='bbox 2285 1541 2500 1611; x_wconf 87' lang='grc' dir='ltr'><strong>λιμένα.</strong></span> <span class='ocrx_word' id='word_1_623' title='bbox 2532 1541 2624 1612; x_wconf 64' lang='lat' dir='ltr'><strong>Mi)</strong></span> <span class='ocrx_word' id='word_1_624' title='bbox 2659 1541 2837 1595; x_wconf 90' lang='grc' dir='ltr'><strong>τοίνυν</strong></span> <span class='ocrx_word' id='word_1_625' title='bbox 2865 1542 3072 1613; x_wconf 64' lang='grc' dir='ltr'><strong>ἐπὶ-,τῇ</strong></span> <span class='ocrx_word' id='word_1_626' title='bbox 3115 1542 3302 1596; x_wconf 87' lang='grc' dir='ltr'><strong>στάσει</strong></span> <span class='ocrx_word' id='word_1_627' title='bbox 3356 1540 3543 1613; x_wconf 83' lang='grc' dir='ltr'><strong>φρόνει</strong></span> <span class='ocrx_word' id='word_1_628' title='bbox 3579 1541 3746 1610; x_wconf 85' lang='grc' dir='ltr'><strong>μέγα,</strong></span> 
     </span>
    </p>
   </div>
   <div class='ocr_carea' id='block_1_83' title="bbox 2162 1623 3746 1696">
    <p class='ocr_par' dir='ltr' id='par_1_83' title="bbox 2162 1623 3746 1696">
     <span class='ocr_line' id='line_1_83' title="bbox 2162 1623 3746 1696; baseline -0.001 -19"><span class='ocrx_word' id='word_1_629' title='bbox 2162 1625 2300 1678; x_wconf 81' lang='grc' dir='ltr'><strong>ἀλλὰ</strong></span> <span class='ocrx_word' id='word_1_630' title='bbox 2330 1623 2598 1693; x_wconf 85' lang='grc' dir='ltr'><strong>φυλάττου</strong></span> <span class='ocrx_word' id='word_1_631' title='bbox 2625 1623 2722 1695; x_wconf 83' lang='grc' dir='ltr'><strong>τὴν</strong></span> <span class='ocrx_word' id='word_1_632' title='bbox 2748 1624 2978 1678; x_wconf 87' lang='grc' dir='ltr'><strong>πτῶσιν.</strong></span> <span class='ocrx_word' id='word_1_633' title='bbox 3013 1626 3077 1680; x_wconf 86' lang='grc' dir='ltr'><strong>Εἰ</strong></span> <span class='ocrx_word' id='word_1_634' title='bbox 3112 1626 3219 1696; x_wconf 80' lang='grc' dir='ltr'><strong>γὰρ</strong></span> <span class='ocrx_word' id='word_1_635' title='bbox 3246 1625 3458 1687; x_wconf 77' lang='grc' dir='ltr'><strong>Παῦλος</strong></span> <span class='ocrx_word' id='word_1_636' title='bbox 3486 1624 3746 1689; x_wconf 82' lang='grc' dir='ltr'><strong>δέδοικεν,</strong></span> 
     </span>
    </p>
   </div>
   <div class='ocr_carea' id='block_1_84' title="bbox 2162 1706 3750 1778">
    <p class='ocr_par' dir='ltr' id='par_1_84' title="bbox 2162 1706 3750 1778">
     <span class='ocr_line' id='line_1_84' title="bbox 2162 1706 3750 1778; baseline -0.001 -19"><span class='ocrx_word' id='word_1_637' title='bbox 2162 1709 2190 1759; x_wconf 86' lang='grc' dir='ltr'>ὁ</span> <span class='ocrx_word' id='word_1_638' title='bbox 2217 1706 2435 1760; x_wconf 84' lang='grc' dir='ltr'><strong>πάντων</strong></span> <span class='ocrx_word' id='word_1_639' title='bbox 2466 1706 2839 1778; x_wconf 74' lang='grc' dir='ltr'><strong>στερρότερος,</strong></span> <span class='ocrx_word' id='word_1_640' title='bbox 2869 1707 3052 1777; x_wconf 83' lang='grc' dir='ltr'><strong>πολλῷ</strong></span> <span class='ocrx_word' id='word_1_641' title='bbox 3106 1707 3308 1778; x_wconf 77' lang='grc' dir='ltr'><strong>μᾶλλον</strong></span> <span class='ocrx_word' id='word_1_642' title='bbox 3339 1708 3488 1777; x_wconf 79' lang='grc' dir='ltr'><strong>ἡμᾶς</strong></span> <span class='ocrx_word' id='word_1_643' title='bbox 3513 1706 3750 1760; x_wconf 80' lang='grc' dir='ltr'><strong>δεδοικέ-</strong></span> 
     </span>
    </p>
   </div>
   <div class='ocr_carea' id='block_1_85' title="bbox 2163 1785 3750 1860">
    <p class='ocr_par' dir='ltr' id='par_1_85' title="bbox 2163 1785 3750 1860">
     <span class='ocr_line' id='line_1_85' title="bbox 2163 1785 3750 1860; baseline 0.001 -18"><span class='ocrx_word' id='word_1_644' title='bbox 2163 1807 2252 1842; x_wconf 92' lang='grc' dir='ltr'><strong>ναι</strong></span> <span class='ocrx_word' id='word_1_645' title='bbox 2281 1791 2408 1860; x_wconf 86' lang='grc' dir='ltr'><strong>χρή.</strong></span> <span class='ocrx_word' id='word_1_646' title='bbox 2449 1789 2508 1842; x_wconf 89' lang='lat'><strong>&#39;0</strong></span> <span class='ocrx_word' id='word_1_647' title='bbox 2540 1789 2637 1860; x_wconf 78' lang='grc' dir='ltr'><strong>μὲν</strong></span> <span class='ocrx_word' id='word_1_648' title='bbox 2661 1785 2754 1844; x_wconf 82' lang='grc' dir='ltr'><strong>οὖν</strong></span> <span class='ocrx_word' id='word_1_649' title='bbox 2795 1790 3114 1854; x_wconf 78' lang='grc' dir='ltr'><strong>Ἀπόστολος</strong></span> <span class='ocrx_word' id='word_1_650' title='bbox 3147 1791 3352 1859; x_wconf 71' lang='grc' dir='ltr'><strong>ἔλεγεν,</strong></span> <span class='ocrx_word' id='word_1_651' title='bbox 3379 1791 3561 1844; x_wconf 84' lang='grc' dir='ltr'><strong>Ὥστε</strong></span> <span class='ocrx_word' id='word_1_652' title='bbox 3588 1793 3621 1844; x_wconf 85' lang='grc' dir='ltr'><strong>ό</strong></span> <span class='ocrx_word' id='word_1_653' title='bbox 3648 1789 3750 1844; x_wconf 79' lang='grc' dir='ltr'><strong>δο-</strong></span> 
     </span>
    </p>
   </div>
   <div class='ocr_carea' id='block_1_86' title="bbox 2163 1873 3750 1944">
    <p class='ocr_par' dir='ltr' id='par_1_86' title="bbox 2163 1873 3750 1944">
     <span class='ocr_line' id='line_1_86' title="bbox 2163 1873 3750 1944; baseline -0.002 -15"><span class='ocrx_word' id='word_1_654' title='bbox 2163 1874 2286 1930; x_wconf 82' lang='grc' dir='ltr'><strong>κῶν</strong></span> <span class='ocrx_word' id='word_1_655' title='bbox 2317 1873 2587 1934; x_wconf 77' lang='grc' dir='ltr'><strong>ἑστάναι,</strong></span> <span class='ocrx_word' id='word_1_656' title='bbox 2613 1875 2891 1938; x_wconf 72' lang='grc' dir='ltr'><strong>,βλεπέτω</strong></span> <span class='ocrx_word' id='word_1_657' title='bbox 2914 1875 3002 1944; x_wconf 78' lang='grc' dir='ltr'><strong>μὴ</strong></span> <span class='ocrx_word' id='word_1_658' title='bbox 3057 1875 3239 1943; x_wconf 79' lang='grc' dir='ltr'><strong>πέσῃ·</strong></span> <span class='ocrx_word' id='word_1_659' title='bbox 3294 1878 3459 1944; x_wconf 79' lang='grc' dir='ltr'><strong>ἡμεῖς</strong></span> <span class='ocrx_word' id='word_1_660' title='bbox 3512 1875 3572 1927; x_wconf 79' lang='grc' dir='ltr'><strong>δὲ</strong></span> <span class='ocrx_word' id='word_1_661' title='bbox 3625 1875 3750 1927; x_wconf 64' lang='grc' dir='ltr'><strong>οὐδὶ</strong></span> 
     </span>
    </p>
   </div>
   <div class='ocr_carea' id='block_1_87' title="bbox 2163 1957 3750 2028">
    <p class='ocr_par' dir='ltr' id='par_1_87' title="bbox 2163 1957 3750 2028">
     <span class='ocr_line' id='line_1_87' title="bbox 2163 1957 3750 2028; baseline -0.001 -16"><span class='ocrx_word' id='word_1_662' title='bbox 2163 1958 2319 2012; x_wconf 89' lang='lat'><strong>10510</strong></span> <span class='ocrx_word' id='word_1_663' title='bbox 2335 1957 2608 2028; x_wconf 80' lang='grc' dir='ltr'><strong>δυνάμεθα</strong></span> <span class='ocrx_word' id='word_1_664' title='bbox 2633 1959 2825 2019; x_wconf 86' lang='grc' dir='ltr'><strong>εἰπεῖν,</strong></span> <span class='ocrx_word' id='word_1_665' title='bbox 2853 1960 3090 2021; x_wconf 83' lang='grc' dir='ltr'><strong>πάντων,</strong></span> <span class='ocrx_word' id='word_1_666' title='bbox 3124 1959 3200 2022; x_wconf 92' lang='grc' dir='ltr'><strong>ὼς</strong></span> <span class='ocrx_word' id='word_1_667' title='bbox 3232 1959 3429 2020; x_wconf 88' lang='grc' dir='ltr'><strong>εἰπεῖν,</strong></span> <span class='ocrx_word' id='word_1_668' title='bbox 3462 1957 3750 2010; x_wconf 84' lang='grc' dir='ltr'><strong>πεπτωκό-</strong></span> 
     </span>
    </p>
   </div>
   <div class='ocr_carea' id='block_1_88' title="bbox 2161 2040 3754 2110">
    <p class='ocr_par' dir='ltr' id='par_1_88' title="bbox 2161 2040 3754 2110">
     <span class='ocr_line' id='line_1_88' title="bbox 2161 2040 3754 2110; baseline -0.001 -15"><span class='ocrx_word' id='word_1_669' title='bbox 2161 2059 2269 2095; x_wconf 91' lang='grc' dir='ltr'><strong>των</strong></span> <span class='ocrx_word' id='word_1_670' title='bbox 2300 2041 2392 2094; x_wconf 77' lang='grc' dir='ltr'><strong>καί</strong></span> <span class='ocrx_word' id='word_1_671' title='bbox 2445 2041 2908 2110; x_wconf 85' lang='grc' dir='ltr'><strong>κατεστρωμένων</strong></span> <span class='ocrx_word' id='word_1_672' title='bbox 2962 2040 3056 2094; x_wconf 71' lang='grc' dir='ltr'><strong>καὶ</strong></span> <span class='ocrx_word' id='word_1_673' title='bbox 3083 2040 3259 2110; x_wconf 77' lang='grc' dir='ltr'><strong>χαμαὶ</strong></span> <span class='ocrx_word' id='word_1_674' title='bbox 3289 2041 3583 2109; x_wconf 83' lang='grc' dir='ltr'><strong>κειμένων.</strong></span> <span class='ocrx_word' id='word_1_675' title='bbox 3629 2041 3754 2094; x_wconf 86' lang='grc' dir='ltr'><strong>Τίνι</strong></span> 
     </span>
    </p>
   </div>
   <div class='ocr_carea' id='block_1_89' title="bbox 2163 2123 3750 2194">
    <p class='ocr_par' dir='ltr' id='par_1_89' title="bbox 2163 2123 3750 2194">
     <span class='ocr_line' id='line_1_89' title="bbox 2163 2123 3750 2194; baseline -0.002 -15"><span class='ocrx_word' id='word_1_676' title='bbox 2163 2129 2271 2194; x_wconf 80' lang='grc' dir='ltr'><strong>γὰρ</strong></span> <span class='ocrx_word' id='word_1_677' title='bbox 2303 2126 2442 2176; x_wconf 87' lang='grc' dir='ltr'><strong>εῖπω</strong></span> <span class='ocrx_word' id='word_1_678' title='bbox 2461 2123 2618 2176; x_wconf 84' lang='grc' dir='ltr'><strong>τοῦτο</strong></span> <span class='ocrx_word' id='word_1_679' title='bbox 2637 2142 2650 2190; x_wconf 91' lang='grc'><strong>;</strong></span> <span class='ocrx_word' id='word_1_680' title='bbox 2667 2123 2744 2193; x_wconf 82' lang='grc' dir='ltr'><strong>τῷ</strong></span> <span class='ocrx_word' id='word_1_681' title='bbox 2772 2124 3071 2194; x_wconf 80' lang='grc' dir='ltr'><strong>ἁρπάζοντι</strong></span> <span class='ocrx_word' id='word_1_682' title='bbox 3099 2124 3219 2178; x_wconf 87' lang='grc' dir='ltr'><strong>καθ’</strong></span> <span class='ocrx_word' id='word_1_683' title='bbox 3246 2123 3750 2194; x_wconf 84' lang='grc' dir='ltr'><strong>ἐκάστηνήμέραν;</strong></span> 
     </span>
    </p>
   </div>
   <div class='ocr_carea' id='block_1_90' title="bbox 2163 2206 3752 2278">
    <p class='ocr_par' dir='ltr' id='par_1_90' title="bbox 2163 2206 3752 2278">
     <span class='ocr_line' id='line_1_90' title="bbox 2163 2206 3752 2278; baseline -0.003 -15"><span class='ocrx_word' id='word_1_684' title='bbox 2163 2209 2301 2263; x_wconf 79' lang='grc' dir='ltr'><strong>ἀλλὰ</strong></span> <span class='ocrx_word' id='word_1_685' title='bbox 2329 2211 2507 2262; x_wconf 90' lang='grc' dir='ltr'><strong>κεῖται</strong></span> <span class='ocrx_word' id='word_1_686' title='bbox 2539 2208 2684 2278; x_wconf 85' lang='grc' dir='ltr'><strong>μέγα</strong></span> <span class='ocrx_word' id='word_1_687' title='bbox 2725 2211 2926 2278; x_wconf 88' lang='grc' dir='ltr'><strong>πτῶμα</strong></span> <span class='ocrx_word' id='word_1_688' title='bbox 2979 2207 3181 2260; x_wconf 87' lang='grc' dir='ltr'><strong>πεσών.</strong></span> <span class='ocrx_word' id='word_1_689' title='bbox 3221 2207 3383 2260; x_wconf 79' lang='grc' dir='ltr'><strong>’Λλλά</strong></span> <span class='ocrx_word' id='word_1_690' title='bbox 3414 2206 3492 2276; x_wconf 85' lang='grc' dir='ltr'><strong>τῷ</strong></span> <span class='ocrx_word' id='word_1_691' title='bbox 3521 2208 3752 2278; x_wconf 80' lang='grc' dir='ltr'><strong>πόρνῳ;</strong></span> 
     </span>
    </p>
   </div>
   <div class='ocr_carea' id='block_1_91' title="bbox 2163 2288 3754 2363">
    <p class='ocr_par' dir='ltr' id='par_1_91' title="bbox 2163 2288 3754 2363">
     <span class='ocr_line' id='line_1_91' title="bbox 2163 2288 3754 2363; baseline -0.002 -18"><span class='ocrx_word' id='word_1_692' title='bbox 2163 2291 2299 2345; x_wconf 88' lang='grc' dir='ltr'><strong>ἀλλά</strong></span> <span class='ocrx_word' id='word_1_693' title='bbox 2323 2291 2578 2363; x_wconf 74' lang='grc' dir='ltr'><strong>ἐρριπται</strong></span> <span class='ocrx_word' id='word_1_694' title='bbox 2607 2291 2802 2360; x_wconf 87' lang='grc' dir='ltr'><strong>χαμαί.</strong></span> <span class='ocrx_word' id='word_1_695' title='bbox 2845 2289 3008 2343; x_wconf 81' lang='grc' dir='ltr'><strong>Ἀλλά</strong></span> <span class='ocrx_word' id='word_1_696' title='bbox 3034 2289 3111 2360; x_wconf 83' lang='grc' dir='ltr'><strong>τῷ</strong></span> <span class='ocrx_word' id='word_1_697' title='bbox 3150 2288 3436 2358; x_wconf 87' lang='grc' dir='ltr'><strong>μεθύοντι;</strong></span> <span class='ocrx_word' id='word_1_698' title='bbox 3475 2290 3613 2343; x_wconf 86' lang='grc' dir='ltr'><strong>ἀλλά</strong></span> <span class='ocrx_word' id='word_1_699' title='bbox 3659 2289 3754 2342; x_wconf 70' lang='grc' dir='ltr'><strong>καὶ</strong></span> 
     </span>
    </p>
   </div>
   <div class='ocr_carea' id='block_1_92' title="bbox 2163 2369 3752 2440">
    <p class='ocr_par' dir='ltr' id='par_1_92' title="bbox 2163 2369 3752 2440">
     <span class='ocr_line' id='line_1_92' title="bbox 2163 2369 3752 2440; baseline -0.004 -9"><span class='ocrx_word' id='word_1_700' title='bbox 2163 2376 2326 2440; x_wconf 76' lang='grc' dir='ltr'><strong>αὐτὸς</strong></span> <span class='ocrx_word' id='word_1_701' title='bbox 2357 2377 2561 2429; x_wconf 88' lang='grc' dir='ltr'><strong>κεῖται·</strong></span> <span class='ocrx_word' id='word_1_702' title='bbox 2601 2375 2695 2428; x_wconf 76' lang='grc' dir='ltr'><strong>καὶ</strong></span> <span class='ocrx_word' id='word_1_703' title='bbox 2726 2374 2869 2437; x_wconf 77' lang='grc' dir='ltr'><strong>οὐδὲ,</strong></span> <span class='ocrx_word' id='word_1_704' title='bbox 2921 2375 3003 2427; x_wconf 85' lang='grc' dir='ltr'><strong>ὅτι</strong></span> <span class='ocrx_word' id='word_1_705' title='bbox 3057 2377 3256 2438; x_wconf 88' lang='grc' dir='ltr'><strong>κεῖται,</strong></span> <span class='ocrx_word' id='word_1_706' title='bbox 3288 2369 3451 2427; x_wconf 76' lang='grc' dir='ltr'><strong>οἶδεν.</strong></span> <span class='ocrx_word' id='word_1_707' title='bbox 3478 2374 3643 2427; x_wconf 78' lang='grc' dir='ltr'><strong>Ὥστε</strong></span> <span class='ocrx_word' id='word_1_708' title='bbox 3689 2374 3752 2426; x_wconf 70' lang='grc' dir='ltr'><strong>οὐ</strong></span> 
     </span>
    </p>
   </div>
   <div class='ocr_carea' id='block_1_93' title="bbox 2162 2455 3754 2530">
    <p class='ocr_par' dir='ltr' id='par_1_93' title="bbox 2162 2455 3754 2530">
     <span class='ocr_line' id='line_1_93' title="bbox 2162 2455 3754 2530; baseline -0.004 -17"><span class='ocrx_word' id='word_1_709' title='bbox 2162 2458 2352 2513; x_wconf 90' lang='grc' dir='ltr'><strong>τούτου</strong></span> <span class='ocrx_word' id='word_1_710' title='bbox 2393 2457 2579 2530; x_wconf 82' lang='grc' dir='ltr'><strong>καιρὸς</strong></span> <span class='ocrx_word' id='word_1_711' title='bbox 2604 2457 2697 2510; x_wconf 85' lang='grc' dir='ltr'><strong>τοῦ</strong></span> <span class='ocrx_word' id='word_1_712' title='bbox 2739 2458 3002 2528; x_wconf 77' lang='grc' dir='ltr'><strong>ῥήματος,</strong></span> <span class='ocrx_word' id='word_1_713' title='bbox 3030 2456 3146 2510; x_wconf 85' lang='grc' dir='ltr'><strong>ἀλλ’</strong></span> <span class='ocrx_word' id='word_1_714' title='bbox 3173 2457 3382 2510; x_wconf 85' lang='grc' dir='ltr'><strong>ἐκείνου</strong></span> <span class='ocrx_word' id='word_1_715' title='bbox 3404 2455 3500 2510; x_wconf 86' lang='lat'><strong>105</strong></span> <span class='ocrx_word' id='word_1_716' title='bbox 3533 2473 3754 2527; x_wconf 74' lang='grc' dir='ltr'><strong>προφη-</strong></span> 
     </span>
    </p>
   </div>
   <div class='ocr_carea' id='block_1_94' title="bbox 2159 2539 3754 2612">
    <p class='ocr_par' dir='ltr' id='par_1_94' title="bbox 2159 2539 3754 2612">
     <span class='ocr_line' id='line_1_94' title="bbox 2159 2539 3754 2612; baseline -0.003 -17"><span class='ocrx_word' id='word_1_717' title='bbox 2159 2541 2338 2605; x_wconf 85' lang='grc' dir='ltr'><strong>τικοῦ,</strong></span> <span class='ocrx_word' id='word_1_718' title='bbox 2371 2541 2401 2595; x_wconf 84' lang='grc' dir='ltr'><strong>δ</strong></span> <span class='ocrx_word' id='word_1_719' title='bbox 2431 2541 2685 2612; x_wconf 78' lang='grc' dir='ltr'><strong>καὶπρὸς</strong></span> <span class='ocrx_word' id='word_1_720' title='bbox 2741 2539 3027 2602; x_wconf 86' lang='grc' dir='ltr'><strong>Ἰουδαίους</strong></span> <span class='ocrx_word' id='word_1_721' title='bbox 3061 2539 3236 2609; x_wconf 71' lang='grc' dir='ltr'><strong>ἔλεγε·</strong></span> <span class='ocrx_word' id='word_1_722' title='bbox 3302 2539 3398 2607; x_wconf 73' lang='grc' dir='ltr'><strong>Μὴ</strong></span> <span class='ocrx_word' id='word_1_723' title='bbox 3437 2542 3470 2594; x_wconf 85' lang='grc' dir='ltr'><em>ὀ</em></span> <span class='ocrx_word' id='word_1_724' title='bbox 3515 2541 3754 2592; x_wconf 80' lang='grc' dir='ltr'><strong>πίπτων</strong></span> 
     </span>
    </p>
   </div>
   <div class='ocr_carea' id='block_1_95' title="bbox 2162 2623 3744 2695">
    <p class='ocr_par' dir='ltr' id='par_1_95' title="bbox 2162 2623 3744 2695">
     <span class='ocr_line' id='line_1_95' title="bbox 2162 2623 3744 2695; baseline -0.005 -13"><span class='ocrx_word' id='word_1_725' title='bbox 2162 2629 2274 2682; x_wconf 82' lang='grc' dir='ltr'><strong>οὐκ</strong></span> <span class='ocrx_word' id='word_1_726' title='bbox 2301 2628 2619 2682; x_wconf 82' lang='grc' dir='ltr'><strong>ἀνίσταται</strong></span> <span class='ocrx_word' id='word_1_727' title='bbox 2635 2643 2654 2690; x_wconf 91' lang='grc'><strong><em>;</em></strong></span> <span class='ocrx_word' id='word_1_728' title='bbox 2685 2625 2798 2679; x_wconf 86' lang='lat' dir='ltr'><strong>Kal</strong></span> <span class='ocrx_word' id='word_1_729' title='bbox 2828 2623 2938 2695; x_wconf 82' lang='grc' dir='ltr'><strong>γὰρ</strong></span> <span class='ocrx_word' id='word_1_730' title='bbox 2973 2625 3214 2688; x_wconf 78' lang='grc' dir='ltr'><strong>ἅπαντες</strong></span> <span class='ocrx_word' id='word_1_731' title='bbox 3232 2627 3463 2685; x_wconf 86' lang='grc' dir='ltr'><strong>κεῖνται,</strong></span> <span class='ocrx_word' id='word_1_732' title='bbox 3490 2623 3586 2675; x_wconf 74' lang='grc' dir='ltr'><strong>καὶ</strong></span> <span class='ocrx_word' id='word_1_733' title='bbox 3615 2625 3744 2676; x_wconf 84' lang='grc' dir='ltr'><strong>ἁνα-</strong></span> 
     </span>
    </p>
   </div>
   <div class='ocr_carea' id='block_1_96' title="bbox 2164 2706 3754 2782">
    <p class='ocr_par' dir='ltr' id='par_1_96' title="bbox 2164 2706 3754 2782">
     <span class='ocr_line' id='line_1_96' title="bbox 2164 2706 3754 2782; baseline -0.005 -18"><span class='ocrx_word' id='word_1_734' title='bbox 2164 2711 2356 2782; x_wconf 85' lang='grc' dir='ltr'><strong>στῆναι</strong></span> <span class='ocrx_word' id='word_1_735' title='bbox 2407 2709 2469 2763; x_wconf 83' lang='grc' dir='ltr'><strong>οὐ</strong></span> <span class='ocrx_word' id='word_1_736' title='bbox 2505 2708 2808 2779; x_wconf 85' lang='grc' dir='ltr'><strong>βούλονται.</strong></span> <span class='ocrx_word' id='word_1_737' title='bbox 2846 2709 3007 2761; x_wconf 83' lang='grc' dir='ltr'><strong>Ὥστε</strong></span> <span class='ocrx_word' id='word_1_738' title='bbox 3055 2713 3088 2778; x_wconf 79' lang='grc' dir='ltr'>ὴ</span> <span class='ocrx_word' id='word_1_739' title='bbox 3154 2706 3436 2778; x_wconf 80' lang='grc' dir='ltr'><strong>προτροπὴ</strong></span> <span class='ocrx_word' id='word_1_740' title='bbox 3470 2707 3604 2776; x_wconf 73' lang='grc' dir='ltr'><strong>ἡμῖν</strong></span> <span class='ocrx_word' id='word_1_741' title='bbox 3656 2707 3754 2776; x_wconf 73' lang='grc' dir='ltr'><strong>οὐχ</strong></span> 
     </span>
    </p>
   </div>
   <div class='ocr_carea' id='block_1_97' title="bbox 2162 2788 3755 2866">
    <p class='ocr_par' dir='ltr' id='par_1_97' title="bbox 2162 2788 3755 2866">
     <span class='ocr_line' id='line_1_97' title="bbox 2162 2788 3755 2866; baseline -0.006 -18"><span class='ocrx_word' id='word_1_742' title='bbox 2162 2794 2303 2866; x_wconf 82' lang='grc' dir='ltr'><strong>ὺπέρ</strong></span> <span class='ocrx_word' id='word_1_743' title='bbox 2334 2792 2426 2848; x_wconf 88' lang='lat'><strong>105</strong></span> <span class='ocrx_word' id='word_1_744' title='bbox 2453 2793 2529 2864; x_wconf 84' lang='grc' dir='ltr'><strong>μὴ</strong></span> <span class='ocrx_word' id='word_1_745' title='bbox 2561 2794 2768 2856; x_wconf 84' lang='grc' dir='ltr'><strong>πεσεῖν,</strong></span> <span class='ocrx_word' id='word_1_746' title='bbox 2801 2791 2916 2845; x_wconf 78' lang='grc' dir='ltr'><strong>ἀλλ’</strong></span> <span class='ocrx_word' id='word_1_747' title='bbox 2962 2790 3102 2862; x_wconf 72' lang='grc' dir='ltr'><strong>ὑπὲρ</strong></span> <span class='ocrx_word' id='word_1_748' title='bbox 3147 2790 3243 2843; x_wconf 86' lang='lat'><strong>105</strong></span> <span class='ocrx_word' id='word_1_749' title='bbox 3294 2791 3421 2853; x_wconf 83' lang='grc' dir='ltr'><strong>τοὺς</strong></span> <span class='ocrx_word' id='word_1_750' title='bbox 3462 2788 3755 2858; x_wconf 74' lang='grc' dir='ltr'><strong>κειμένους</strong></span> 
     </span>
    </p>
   </div>
   <div class='ocr_carea' id='block_1_98' title="bbox 2160 2870 3754 2948">
    <p class='ocr_par' dir='ltr' id='par_1_98' title="bbox 2160 2870 3754 2948">
     <span class='ocr_line' id='line_1_98' title="bbox 2160 2870 3754 2948; baseline -0.006 -17"><span class='ocrx_word' id='word_1_751' title='bbox 2160 2875 2454 2948; x_wconf 86' lang='grc' dir='ltr'><strong>δυνηθῆναι</strong></span> <span class='ocrx_word' id='word_1_752' title='bbox 2485 2875 2803 2944; x_wconf 82' lang='grc' dir='ltr'><strong>ἀναστῆναι.</strong></span> <span class='ocrx_word' id='word_1_753' title='bbox 2869 2873 3218 2943; x_wconf 84' lang='grc' dir='ltr'><strong>Ἀναστῶμεν</strong></span> <span class='ocrx_word' id='word_1_754' title='bbox 3270 2873 3450 2925; x_wconf 86' lang='grc' dir='ltr'><strong>τοίνυν</strong></span> <span class='ocrx_word' id='word_1_755' title='bbox 3489 2871 3592 2939; x_wconf 75' lang='grc' dir='ltr'><strong>όψέ</strong></span> <span class='ocrx_word' id='word_1_756' title='bbox 3621 2870 3754 2938; x_wconf 69' lang='grc' dir='ltr'><strong>γοῦν</strong></span> 
     </span>
    </p>
   </div>
   <div class='ocr_carea' id='block_1_99' title="bbox 2162 2953 3754 3028">
    <p class='ocr_par' dir='ltr' id='par_1_99' title="bbox 2162 2953 3754 3028">
     <span class='ocr_line' id='line_1_99' title="bbox 2162 2953 3754 3028; baseline -0.005 -14"><span class='ocrx_word' id='word_1_757' title='bbox 2162 2976 2316 3024; x_wconf 89' lang='grc' dir='ltr'><strong>ποτε,</strong></span> <span class='ocrx_word' id='word_1_758' title='bbox 2352 2958 2646 3028; x_wconf 81' lang='grc' dir='ltr'><strong>ἀγαπητοὶ,</strong></span> <span class='ocrx_word' id='word_1_759' title='bbox 2672 2957 3018 3025; x_wconf 87' lang='grc' dir='ltr'><strong>ἀναστῶμεν,</strong></span> <span class='ocrx_word' id='word_1_760' title='bbox 3053 2957 3149 3009; x_wconf 76' lang='grc' dir='ltr'><strong>καὶ</strong></span> <span class='ocrx_word' id='word_1_761' title='bbox 3199 2953 3414 3026; x_wconf 90' lang='grc' dir='ltr'><strong>στῶμεν</strong></span> <span class='ocrx_word' id='word_1_762' title='bbox 3467 2955 3754 3020; x_wconf 86' lang='grc' dir='ltr'><strong>γενναίως.</strong></span> 
     </span>
    </p>
   </div>
   <div class='ocr_carea' id='block_1_100' title="bbox 2160 3037 3750 3113">
    <p class='ocr_par' dir='ltr' id='par_1_100' title="bbox 2160 3037 3750 3113">
     <span class='ocr_line' id='line_1_100' title="bbox 2160 3037 3750 3113; baseline -0.005 -17"><span class='ocrx_word' id='word_1_763' title='bbox 2160 3043 2338 3113; x_wconf 86' lang='grc' dir='ltr'><strong>Μέχρι</strong></span> <span class='ocrx_word' id='word_1_764' title='bbox 2398 3040 2540 3104; x_wconf 90' lang='grc' dir='ltr'><strong>τίνος</strong></span> <span class='ocrx_word' id='word_1_765' title='bbox 2587 3040 2850 3110; x_wconf 85' lang='grc' dir='ltr'><strong>κείμεθα;</strong></span> <span class='ocrx_word' id='word_1_766' title='bbox 2902 3039 3066 3110; x_wconf 89' lang='grc' dir='ltr'><strong>μέχρι</strong></span> <span class='ocrx_word' id='word_1_767' title='bbox 3123 3037 3269 3102; x_wconf 86' lang='grc' dir='ltr'><strong>τίνος</strong></span> <span class='ocrx_word' id='word_1_768' title='bbox 3321 3037 3636 3108; x_wconf 87' lang='grc' dir='ltr'><strong>μεθύομεν,</strong></span> <span class='ocrx_word' id='word_1_769' title='bbox 3683 3039 3750 3106; x_wconf 74' lang='grc' dir='ltr'><strong>τῇ</strong></span> 
     </span>
    </p>
   </div>
   <div class='ocr_carea' id='block_1_101' title="bbox 2161 3116 3751 3196">
    <p class='ocr_par' dir='ltr' id='par_1_101' title="bbox 2161 3116 3751 3196">
     <span class='ocr_line' id='line_1_101' title="bbox 2161 3116 3751 3196; baseline -0.004 -18"><span class='ocrx_word' id='word_1_770' title='bbox 2161 3124 2329 3196; x_wconf 75' lang='grc' dir='ltr'><strong>πολλῇ</strong></span> <span class='ocrx_word' id='word_1_771' title='bbox 2358 3123 2468 3178; x_wconf 87' lang='grc' dir='ltr'><strong>τῶν</strong></span> <span class='ocrx_word' id='word_1_772' title='bbox 2493 3121 2762 3194; x_wconf 84' lang='grc' dir='ltr'><strong>βιωτικῶν</strong></span> <span class='ocrx_word' id='word_1_773' title='bbox 2791 3121 3056 3192; x_wconf 78' lang='grc' dir='ltr'><strong>ἐπιθυμίᾳ</strong></span> <span class='ocrx_word' id='word_1_774' title='bbox 3080 3121 3498 3192; x_wconf 76' lang='grc' dir='ltr'><strong>κεκαρωμένοις</strong></span> <span class='ocrx_word' id='word_1_775' title='bbox 3549 3116 3751 3172; x_wconf 80' lang='grc' dir='ltr'><strong>Εὔκαι-</strong></span> 
     </span>
    </p>
   </div>
   <div class='ocr_carea' id='block_1_102' title="bbox 2161 3199 3752 3280">
    <p class='ocr_par' dir='ltr' id='par_1_102' title="bbox 2161 3199 3752 3280">
     <span class='ocr_line' id='line_1_102' title="bbox 2161 3199 3752 3280; baseline -0.006 -18"><span class='ocrx_word' id='word_1_776' title='bbox 2161 3224 2254 3280; x_wconf 91' lang='grc' dir='ltr'><strong>ρον</strong></span> <span class='ocrx_word' id='word_1_777' title='bbox 2293 3207 2388 3261; x_wconf 79' lang='grc' dir='ltr'><strong>καὶ</strong></span> <span class='ocrx_word' id='word_1_778' title='bbox 2422 3207 2516 3260; x_wconf 80' lang='grc' dir='ltr'><strong>νῦν</strong></span> <span class='ocrx_word' id='word_1_779' title='bbox 2544 3207 2738 3259; x_wconf 89' lang='grc' dir='ltr'><strong>εἰπεῖν·</strong></span> <span class='ocrx_word' id='word_1_780' title='bbox 2767 3203 2910 3276; x_wconf 78' lang='grc' dir='ltr'><strong>Πρὸς</strong></span> <span class='ocrx_word' id='word_1_781' title='bbox 2935 3204 3056 3258; x_wconf 88' lang='grc' dir='ltr'><strong>τίνα</strong></span> <span class='ocrx_word' id='word_1_782' title='bbox 3085 3203 3302 3274; x_wconf 78' lang='grc' dir='ltr'><strong>λαλήσω</strong></span> <span class='ocrx_word' id='word_1_783' title='bbox 3326 3205 3422 3255; x_wconf 78' lang='grc' dir='ltr'><strong>καὶ</strong></span> <span class='ocrx_word' id='word_1_784' title='bbox 3447 3199 3752 3273; x_wconf 87' lang='grc' dir='ltr'><strong>διαμαρτύ-</strong></span> 
     </span>
    </p>
   </div>
   <div class='ocr_carea' id='block_1_103' title="bbox 2159 3283 3751 3361">
    <p class='ocr_par' dir='ltr' id='par_1_103' title="bbox 2159 3283 3751 3361">
     <span class='ocr_line' id='line_1_103' title="bbox 2159 3283 3751 3361; baseline -0.005 -18"><span class='ocrx_word' id='word_1_785' title='bbox 2159 3307 2355 3361; x_wconf 86' lang='grc' dir='ltr'><strong>ρομαι;</strong></span> <span class='ocrx_word' id='word_1_786' title='bbox 2390 3287 2532 3344; x_wconf 76' lang='grc' dir='ltr'><strong>οὕτω</strong></span> <span class='ocrx_word' id='word_1_787' title='bbox 2559 3289 2756 3351; x_wconf 86' lang='grc' dir='ltr'><strong>πάντες</strong></span> <span class='ocrx_word' id='word_1_788' title='bbox 2791 3288 2887 3342; x_wconf 75' lang='grc' dir='ltr'><strong>καὶ</strong></span> <span class='ocrx_word' id='word_1_789' title='bbox 2925 3287 3060 3358; x_wconf 83' lang='grc' dir='ltr'><strong>πρὸς</strong></span> <span class='ocrx_word' id='word_1_790' title='bbox 3087 3287 3258 3356; x_wconf 78' lang='grc' dir='ltr'><strong>αὐτὴν</strong></span> <span class='ocrx_word' id='word_1_791' title='bbox 3290 3286 3388 3356; x_wconf 85' lang='grc' dir='ltr'><strong>τῆς</strong></span> <span class='ocrx_word' id='word_1_792' title='bbox 3411 3286 3620 3355; x_wconf 79' lang='grc' dir='ltr'><strong>ἀρετῆς</strong></span> <span class='ocrx_word' id='word_1_793' title='bbox 3652 3283 3751 3352; x_wconf 75' lang='grc' dir='ltr'><strong>τὴν</strong></span> 
     </span>
    </p>
   </div>
   <div class='ocr_carea' id='block_1_104' title="bbox 2158 3366 3750 3440">
    <p class='ocr_par' dir='ltr' id='par_1_104' title="bbox 2158 3366 3750 3440">
     <span class='ocr_line' id='line_1_104' title="bbox 2158 3366 3750 3440; baseline -0.006 -13"><span class='ocrx_word' id='word_1_794' title='bbox 2158 3373 2505 3427; x_wconf 88' lang='grc' dir='ltr'><strong>διδασκαλίαν</strong></span> <span class='ocrx_word' id='word_1_795' title='bbox 2538 3372 2646 3425; x_wconf 72' lang='grc' dir='ltr'><strong>εἰσὶ</strong></span> <span class='ocrx_word' id='word_1_796' title='bbox 2677 3370 3096 3440; x_wconf 87' lang='grc' dir='ltr'><strong>κεκωφωμένοι,</strong></span> <span class='ocrx_word' id='word_1_797' title='bbox 3118 3370 3215 3422; x_wconf 75' lang='grc' dir='ltr'><strong>καὶ</strong></span> <span class='ocrx_word' id='word_1_798' title='bbox 3253 3367 3467 3421; x_wconf 85' lang='grc' dir='ltr'><strong>πολλῶν</strong></span> <span class='ocrx_word' id='word_1_799' title='bbox 3497 3366 3750 3420; x_wconf 75' lang='grc' dir='ltr'><strong>ἐντεῦθεν</strong></span> 
     </span>
    </p>
   </div>
   <div class='ocr_carea' id='block_1_105' title="bbox 2159 3446 3750 3527">
    <p class='ocr_par' dir='ltr' id='par_1_105' title="bbox 2159 3446 3750 3527">
     <span class='ocr_line' id='line_1_105' title="bbox 2159 3446 3750 3527; baseline -0.005 -17"><span class='ocrx_word' id='word_1_800' title='bbox 2159 3455 2609 3527; x_wconf 85' lang='grc' dir='ltr'><strong>ἐμπεπλησμένοι</strong></span> <span class='ocrx_word' id='word_1_801' title='bbox 2638 3453 2855 3508; x_wconf 87' lang='grc' dir='ltr'><strong>κακῶνί</strong></span> <span class='ocrx_word' id='word_1_802' title='bbox 2890 3453 3000 3506; x_wconf 84' lang='lat' dir='ltr'><strong>Kal</strong></span> <span class='ocrx_word' id='word_1_803' title='bbox 3028 3454 3078 3506; x_wconf 86' lang='grc' dir='ltr'><strong>εἰ</strong></span> <span class='ocrx_word' id='word_1_804' title='bbox 3106 3452 3206 3516; x_wconf 84' lang='grc' dir='ltr'><strong>τάς</strong></span> <span class='ocrx_word' id='word_1_805' title='bbox 3234 3452 3414 3522; x_wconf 76' lang='grc' dir='ltr'><strong>ψυχὰς</strong></span> <span class='ocrx_word' id='word_1_806' title='bbox 3436 3453 3656 3522; x_wconf 81' lang='grc' dir='ltr'><strong>γυμνὰς</strong></span> <span class='ocrx_word' id='word_1_807' title='bbox 3685 3446 3750 3519; x_wconf 74' lang='grc' dir='ltr'><strong>ἢν</strong></span> 
     </span>
    </p>
   </div>
   <div class='ocr_carea' id='block_1_106' title="bbox 2163 3533 3749 3608">
    <p class='ocr_par' dir='ltr' id='par_1_106' title="bbox 2163 3533 3749 3608">
     <span class='ocr_line' id='line_1_106' title="bbox 2163 3533 3749 3608; baseline -0.004 -14"><span class='ocrx_word' id='word_1_808' title='bbox 2163 3540 2312 3606; x_wconf 86' lang='grc' dir='ltr'><strong>ἰδεῖν,</strong></span> <span class='ocrx_word' id='word_1_809' title='bbox 2355 3539 2608 3608; x_wconf 82' lang='grc' dir='ltr'><strong>καθάπερ</strong></span> <span class='ocrx_word' id='word_1_810' title='bbox 2627 3538 2721 3590; x_wconf 73' lang='grc' dir='ltr'><strong>ἐπὶ</strong></span> <span class='ocrx_word' id='word_1_811' title='bbox 2748 3536 2858 3590; x_wconf 87' lang='grc' dir='ltr'><strong>τῶν</strong></span> <span class='ocrx_word' id='word_1_812' title='bbox 2894 3536 3274 3607; x_wconf 85' lang='grc' dir='ltr'><strong>στρατοπέδων</strong></span> <span class='ocrx_word' id='word_1_813' title='bbox 3308 3537 3408 3606; x_wconf 82' lang='grc' dir='ltr'><strong>τῆς</strong></span> <span class='ocrx_word' id='word_1_814' title='bbox 3467 3533 3749 3606; x_wconf 79' lang='grc' dir='ltr'><strong>συμϐολῆς</strong></span> 
     </span>
    </p>
   </div>
   <div class='ocr_carea' id='block_1_107' title="bbox 2159 3618 3748 3695">
    <p class='ocr_par' dir='ltr' id='par_1_107' title="bbox 2159 3618 3748 3695">
     <span class='ocr_line' id='line_1_107' title="bbox 2159 3618 3748 3695; baseline -0.006 -17"><span class='ocrx_word' id='word_1_815' title='bbox 2159 3622 2556 3695; x_wconf 86' lang='grc' dir='ltr'><strong>παρελθούσης,</strong></span> <span class='ocrx_word' id='word_1_816' title='bbox 2579 3621 2706 3684; x_wconf 78' lang='grc' dir='ltr'><strong>τοὺς</strong></span> <span class='ocrx_word' id='word_1_817' title='bbox 2735 3621 2834 3691; x_wconf 82' lang='grc' dir='ltr'><strong>μὲν</strong></span> <span class='ocrx_word' id='word_1_818' title='bbox 2870 3621 3096 3691; x_wconf 81' lang='grc' dir='ltr'><strong>νεκροὺς</strong></span> <span class='ocrx_word' id='word_1_819' title='bbox 3126 3622 3241 3674; x_wconf 76' lang='grc' dir='ltr'><strong>ἐστι</strong></span> <span class='ocrx_word' id='word_1_820' title='bbox 3270 3619 3594 3681; x_wconf 85' lang='grc' dir='ltr'><strong>θεάσασθαι,</strong></span> <span class='ocrx_word' id='word_1_821' title='bbox 3623 3618 3748 3680; x_wconf 72' lang='grc' dir='ltr'><strong>τοὺς</strong></span> 
     </span>
    </p>
   </div>
   <div class='ocr_carea' id='block_1_108' title="bbox 2157 3702 3749 3780">
    <p class='ocr_par' dir='ltr' id='par_1_108' title="bbox 2157 3702 3749 3780">
     <span class='ocr_line' id='line_1_108' title="bbox 2157 3702 3749 3780; baseline -0.002 -17"><span class='ocrx_word' id='word_1_822' title='bbox 2157 3709 2214 3763; x_wconf 74' lang='grc' dir='ltr'><strong>δὲ</strong></span> <span class='ocrx_word' id='word_1_823' title='bbox 2238 3705 2808 3780; x_wconf 87' lang='grc' dir='ltr'><strong>τετραυματισμένους</strong></span> <span class='ocrx_word' id='word_1_824' title='bbox 2829 3704 3004 3776; x_wconf 75' lang='lat'><strong>[207],</strong></span> <span class='ocrx_word' id='word_1_825' title='bbox 3025 3702 3170 3758; x_wconf 78' lang='grc' dir='ltr'><strong>οὕτω</strong></span> <span class='ocrx_word' id='word_1_826' title='bbox 3187 3707 3281 3758; x_wconf 70' lang='grc' dir='ltr'><strong>καὶ</strong></span> <span class='ocrx_word' id='word_1_827' title='bbox 3298 3706 3390 3758; x_wconf 76' lang='grc' dir='ltr'><strong>ἐπὶ</strong></span> <span class='ocrx_word' id='word_1_828' title='bbox 3407 3705 3508 3773; x_wconf 87' lang='grc' dir='ltr'><strong>τῆς</strong></span> <span class='ocrx_word' id='word_1_829' title='bbox 3525 3707 3749 3777; x_wconf 81' lang='grc' dir='ltr'><strong>Ἐκκλη-</strong></span> 
     </span>
    </p>
   </div>
   <div class='ocr_carea' id='block_1_109' title="bbox 2160 3788 3748 3864">
    <p class='ocr_par' dir='ltr' id='par_1_109' title="bbox 2160 3788 3748 3864">
     <span class='ocr_line' id='line_1_109' title="bbox 2160 3788 3748 3864; baseline -0.001 -19"><span class='ocrx_word' id='word_1_830' title='bbox 2160 3793 2281 3856; x_wconf 91' lang='grc' dir='ltr'><strong>σίας</strong></span> <span class='ocrx_word' id='word_1_831' title='bbox 2308 3792 2520 3861; x_wconf 75' lang='grc' dir='ltr'><strong>εἴδομεν</strong></span> <span class='ocrx_word' id='word_1_832' title='bbox 2549 3792 2633 3846; x_wconf 82' lang='grc' dir='ltr'><strong>ἀν.</strong></span> <span class='ocrx_word' id='word_1_833' title='bbox 2673 3789 2765 3842; x_wconf 85' lang='grc' dir='ltr'><strong>Διὸ</strong></span> <span class='ocrx_word' id='word_1_834' title='bbox 2817 3788 3009 3859; x_wconf 87' lang='grc' dir='ltr'><strong>δέομαι</strong></span> <span class='ocrx_word' id='word_1_835' title='bbox 3052 3791 3146 3842; x_wconf 76' lang='grc' dir='ltr'><strong>καὶ</strong></span> <span class='ocrx_word' id='word_1_836' title='bbox 3205 3790 3535 3861; x_wconf 86' lang='grc' dir='ltr'><strong>παρακαλῶ,</strong></span> <span class='ocrx_word' id='word_1_837' title='bbox 3587 3796 3748 3864; x_wconf 84' lang='grc' dir='ltr'><strong>χεῖρα</strong></span> 
     </span>
    </p>
   </div>
   <div class='ocr_carea' id='block_1_110' title="bbox 2158 3875 3751 3951">
    <p class='ocr_par' dir='ltr' id='par_1_110' title="bbox 2158 3875 3751 3951">
     <span class='ocr_line' id='line_1_110' title="bbox 2158 3875 3751 3951; baseline -0.008 -16"><span class='ocrx_word' id='word_1_838' title='bbox 2158 3880 2404 3951; x_wconf 78' lang='grc' dir='ltr'><strong>ἀλλήλοις</strong></span> <span class='ocrx_word' id='word_1_839' title='bbox 2439 3877 2714 3948; x_wconf 77' lang='grc' dir='ltr'><strong>δρέξωμεν</strong></span> <span class='ocrx_word' id='word_1_840' title='bbox 2744 3876 2837 3930; x_wconf 81' lang='grc' dir='ltr'><strong>καὶ</strong></span> <span class='ocrx_word' id='word_1_841' title='bbox 2891 3875 3286 3947; x_wconf 88' lang='grc' dir='ltr'><strong>διαναστῶμεν.</strong></span> <span class='ocrx_word' id='word_1_842' title='bbox 3347 3880 3456 3932; x_wconf 78' lang='grc' dir='ltr'>Καὶ</span> <span class='ocrx_word' id='word_1_843' title='bbox 3490 3879 3600 3949; x_wconf 78' lang='grc' dir='ltr'><strong>γὰρ</strong></span> <span class='ocrx_word' id='word_1_844' title='bbox 3634 3881 3751 3950; x_wconf 66' lang='grc' dir='ltr'><strong>ἐγὼ</strong></span> 
     </span>
    </p>
   </div>
   <div class='ocr_carea' id='block_1_111' title="bbox 2159 3958 3750 4034">
    <p class='ocr_par' dir='ltr' id='par_1_111' title="bbox 2159 3958 3750 4034">
     <span class='ocr_line' id='line_1_111' title="bbox 2159 3958 3750 4034; baseline -0.001 -17"><span class='ocrx_word' id='word_1_845' title='bbox 2159 3964 2264 4017; x_wconf 88' lang='grc' dir='ltr'><strong>τῶν</strong></span> <span class='ocrx_word' id='word_1_846' title='bbox 2291 3960 2648 4031; x_wconf 88' lang='grc' dir='ltr'><strong>πεπληγότων</strong></span> <span class='ocrx_word' id='word_1_847' title='bbox 2695 3959 2832 4030; x_wconf 75' lang='grc' dir='ltr'><strong>εἰμὶ,</strong></span> <span class='ocrx_word' id='word_1_848' title='bbox 2861 3959 2955 4014; x_wconf 84' lang='grc' dir='ltr'><strong>καί</strong></span> <span class='ocrx_word' id='word_1_849' title='bbox 3015 3958 3287 4030; x_wconf 87' lang='grc' dir='ltr'><strong>δεομένων</strong></span> <span class='ocrx_word' id='word_1_850' title='bbox 3331 3959 3426 4013; x_wconf 88' lang='lat'><strong>105</strong></span> <span class='ocrx_word' id='word_1_851' title='bbox 3473 3963 3750 4034; x_wconf 82' lang='grc' dir='ltr'><strong>φάρμακα</strong></span> 
     </span>
    </p>
   </div>
   <div class='ocr_carea' id='block_1_112' title="bbox 2158 4043 3748 4123">
    <p class='ocr_par' dir='ltr' id='par_1_112' title="bbox 2158 4043 3748 4123">
     <span class='ocr_line' id='line_1_112' title="bbox 2158 4043 3748 4123; baseline 0.001 -21"><span class='ocrx_word' id='word_1_852' title='bbox 2158 4048 2529 4118; x_wconf 78' lang='grc' dir='ltr'><strong>ἐπιθήσοντος.</strong></span> <span class='ocrx_word' id='word_1_853' title='bbox 2565 4043 2725 4098; x_wconf 80' lang='grc' dir='ltr'><strong>Ἀλλὰ.</strong></span> <span class='ocrx_word' id='word_1_854' title='bbox 2772 4045 2848 4115; x_wconf 80' lang='grc' dir='ltr'><strong>μὴ</strong></span> <span class='ocrx_word' id='word_1_855' title='bbox 2902 4045 3189 4114; x_wconf 82' lang='grc' dir='ltr'><strong>ἀπογνῶτε</strong></span> <span class='ocrx_word' id='word_1_856' title='bbox 3224 4045 3314 4100; x_wconf 77' lang='grc' dir='ltr'><strong>διὰ</strong></span> <span class='ocrx_word' id='word_1_857' title='bbox 3347 4047 3527 4100; x_wconf 74' lang='grc' dir='ltr'><strong>τοῦτο’</strong></span> <span class='ocrx_word' id='word_1_858' title='bbox 3556 4052 3606 4102; x_wconf 86' lang='grc' dir='ltr'><strong>εί</strong></span> <span class='ocrx_word' id='word_1_859' title='bbox 3634 4051 3748 4123; x_wconf 84' lang='grc' dir='ltr'><strong>γὰρ</strong></span> 
     </span>
    </p>
   </div>
   <div class='ocr_carea' id='block_1_113' title="bbox 2159 4130 3747 4206">
    <p class='ocr_par' dir='ltr' id='par_1_113' title="bbox 2159 4130 3747 4206">
     <span class='ocr_line' id='line_1_113' title="bbox 2159 4130 3747 4206; baseline -0.001 -17"><span class='ocrx_word' id='word_1_860' title='bbox 2159 4137 2252 4189; x_wconf 77' lang='grc' dir='ltr'><strong>καὶ</strong></span> <span class='ocrx_word' id='word_1_861' title='bbox 2273 4133 2508 4206; x_wconf 74' lang='grc' dir='ltr'><strong>χαλεπαὶ</strong></span> <span class='ocrx_word' id='word_1_862' title='bbox 2564 4133 2620 4186; x_wconf 89' lang='grc' dir='ltr'><strong>αἰ</strong></span> <span class='ocrx_word' id='word_1_863' title='bbox 2671 4130 2901 4203; x_wconf 74' lang='grc' dir='ltr'><strong>πληγαὶ,</strong></span> <span class='ocrx_word' id='word_1_864' title='bbox 2939 4131 3056 4185; x_wconf 77' lang='grc' dir='ltr'><strong>ἀλλ’</strong></span> <span class='ocrx_word' id='word_1_865' title='bbox 3085 4134 3186 4186; x_wconf 86' lang='grc' dir='ltr'><strong>ούκ</strong></span> <span class='ocrx_word' id='word_1_866' title='bbox 3213 4132 3446 4187; x_wconf 85' lang='grc' dir='ltr'><strong>ἀνίατοι.</strong></span> <span class='ocrx_word' id='word_1_867' title='bbox 3486 4135 3747 4202; x_wconf 83' lang='grc' dir='ltr'><strong>Τοιοῦτος</strong></span> 
     </span>
    </p>
   </div>
   <div class='ocr_carea' id='block_1_114' title="bbox 2158 4218 3744 4295">
    <p class='ocr_par' dir='ltr' id='par_1_114' title="bbox 2158 4218 3744 4295">
     <span class='ocr_line' id='line_1_114' title="bbox 2158 4218 3744 4295; baseline 0 -19"><span class='ocrx_word' id='word_1_868' title='bbox 2158 4223 2362 4295; x_wconf 76' lang='grc' dir='ltr'><strong>ἡμῶνό</strong></span> <span class='ocrx_word' id='word_1_869' title='bbox 2402 4221 2604 4293; x_wconf 59' lang='grc' dir='ltr'><strong>ἰατρός</strong></span> <span class='ocrx_word' id='word_1_870' title='bbox 2659 4220 2818 4292; x_wconf 88' lang='grc' dir='ltr'><strong>μόνον</strong></span> <span class='ocrx_word' id='word_1_871' title='bbox 2865 4218 3184 4290; x_wconf 84' lang='grc' dir='ltr'><strong>αἰσθώμεθα</strong></span> <span class='ocrx_word' id='word_1_872' title='bbox 3227 4221 3336 4273; x_wconf 86' lang='grc' dir='ltr'><strong>τῶν</strong></span> <span class='ocrx_word' id='word_1_873' title='bbox 3383 4223 3744 4292; x_wconf 83' lang='grc' dir='ltr'><strong>τραυμάτων,</strong></span> 
     </span>
    </p>
   </div>
   <div class='ocr_carea' id='block_1_115' title="bbox 2157 4307 3745 4379">
    <p class='ocr_par' dir='ltr' id='par_1_115' title="bbox 2157 4307 3745 4379">
     <span class='ocr_line' id='line_1_115' title="bbox 2157 4307 3745 4379; baseline -0.001 -14"><span class='ocrx_word' id='word_1_874' title='bbox 2157 4311 2261 4365; x_wconf 74' lang='grc' dir='ltr'>κᾶν</span> <span class='ocrx_word' id='word_1_875' title='bbox 2290 4313 2370 4374; x_wconf 87' lang='grc' dir='ltr'><strong>εἰς</strong></span> <span class='ocrx_word' id='word_1_876' title='bbox 2398 4309 2530 4363; x_wconf 80' lang='grc' dir='ltr'><strong>αὐτὸ</strong></span> <span class='ocrx_word' id='word_1_877' title='bbox 2559 4309 2620 4362; x_wconf 84' lang='grc' dir='ltr'><strong>τὸ</strong></span> <span class='ocrx_word' id='word_1_878' title='bbox 2651 4308 2878 4379; x_wconf 74' lang='grc' dir='ltr'><strong>ἔσχατον</strong></span> <span class='ocrx_word' id='word_1_879' title='bbox 2900 4307 3145 4378; x_wconf 78' lang='grc' dir='ltr'><strong>ἔλθωμεν</strong></span> <span class='ocrx_word' id='word_1_880' title='bbox 3170 4307 3272 4376; x_wconf 82' lang='grc' dir='ltr'><strong>τῆς</strong></span> <span class='ocrx_word' id='word_1_881' title='bbox 3301 4309 3514 4372; x_wconf 84' lang='grc' dir='ltr'><strong>κακίας,</strong></span> <span class='ocrx_word' id='word_1_882' title='bbox 3537 4309 3745 4374; x_wconf 83' lang='grc' dir='ltr'><strong>πολλὰς</strong></span> 
     </span>
    </p>
   </div>
   <div class='ocr_carea' id='block_1_116' title="bbox 2156 4394 3746 4468">
    <p class='ocr_par' dir='ltr' id='par_1_116' title="bbox 2156 4394 3746 4468">
     <span class='ocr_line' id='line_1_116' title="bbox 2156 4394 3746 4468; baseline -0.001 -15"><span class='ocrx_word' id='word_1_883' title='bbox 2156 4399 2306 4462; x_wconf 79' lang='grc' dir='ltr'><strong>ὁδοὺς</strong></span> <span class='ocrx_word' id='word_1_884' title='bbox 2353 4399 2539 4468; x_wconf 87' lang='grc' dir='ltr'><strong>τέμνει</strong></span> <span class='ocrx_word' id='word_1_885' title='bbox 2589 4395 2860 4466; x_wconf 88' lang='grc' dir='ltr'><strong>σωτηρίας</strong></span> <span class='ocrx_word' id='word_1_886' title='bbox 2912 4395 3064 4466; x_wconf 75' lang='grc' dir='ltr'><strong>ἡμῖν.</strong></span> <span class='ocrx_word' id='word_1_887' title='bbox 3095 4395 3214 4448; x_wconf 77' lang='grc' dir='ltr'><strong>Κᾶν</strong></span> <span class='ocrx_word' id='word_1_888' title='bbox 3262 4394 3373 4466; x_wconf 89' lang='grc' dir='ltr'><strong>γάρ</strong></span> <span class='ocrx_word' id='word_1_889' title='bbox 3403 4394 3478 4465; x_wconf 79' lang='grc' dir='ltr'><strong>τῷ</strong></span> <span class='ocrx_word' id='word_1_890' title='bbox 3509 4396 3746 4468; x_wconf 86' lang='grc' dir='ltr'><strong>πλησίον</strong></span> 
     </span>
    </p>
   </div>
   <div class='ocr_carea' id='block_1_117' title="bbox 2155 4481 3747 4558">
    <p class='ocr_par' dir='ltr' id='par_1_117' title="bbox 2155 4481 3747 4558">
     <span class='ocr_line' id='line_1_117' title="bbox 2155 4481 3747 4558; baseline 0.007 -29"><span class='ocrx_word' id='word_1_891' title='bbox 2155 4487 2298 4558; x_wconf 71' lang='grc' dir='ltr'><strong>ἀφῇς</strong></span> <span class='ocrx_word' id='word_1_892' title='bbox 2346 4485 2538 4557; x_wconf 76' lang='grc' dir='ltr'><strong>ὀργὴν,</strong></span> <span class='ocrx_word' id='word_1_893' title='bbox 2584 4483 2916 4554; x_wconf 79' lang='grc' dir='ltr'><strong>ἀφεθήσεταί</strong></span> <span class='ocrx_word' id='word_1_894' title='bbox 2967 4498 3048 4535; x_wconf 92' lang='grc' dir='ltr'><strong>σοι</strong></span> <span class='ocrx_word' id='word_1_895' title='bbox 3087 4481 3556 4553; x_wconf 85' lang='grc' dir='ltr'><strong>πλημμελήματα·</strong></span> <span class='ocrx_word' id='word_1_896' title='bbox 3597 4485 3747 4539; x_wconf 80' lang='grc' dir='ltr'><strong>Ἐὰν</strong></span> 
     </span>
    </p>
   </div>
   <div class='ocr_carea' id='block_1_118' title="bbox 2156 4567 3744 4646">
    <p class='ocr_par' dir='ltr' id='par_1_118' title="bbox 2156 4567 3744 4646">
     <span class='ocr_line' id='line_1_118' title="bbox 2156 4567 3744 4646; baseline 0 -18"><span class='ocrx_word' id='word_1_897' title='bbox 2156 4577 2267 4646; x_wconf 75' lang='grc' dir='ltr'><strong>γὰρ</strong></span> <span class='ocrx_word' id='word_1_898' title='bbox 2318 4571 2532 4642; x_wconf 69' lang='grc' dir='ltr'><strong>ἀφῆτε,</strong></span> <span class='ocrx_word' id='word_1_899' title='bbox 2582 4571 2738 4641; x_wconf 82' lang='grc' dir='ltr'><strong>φησί,</strong></span> <span class='ocrx_word' id='word_1_900' title='bbox 2801 4567 2922 4635; x_wconf 84' lang='grc' dir='ltr'><strong>τοῖς</strong></span> <span class='ocrx_word' id='word_1_901' title='bbox 2980 4567 3332 4638; x_wconf 79' lang='grc' dir='ltr'><strong>ἀνθρώποις,</strong></span> <span class='ocrx_word' id='word_1_902' title='bbox 3373 4571 3601 4639; x_wconf 67' lang='grc' dir='ltr'><strong>ἀφήσει</strong></span> <span class='ocrx_word' id='word_1_903' title='bbox 3638 4573 3744 4628; x_wconf 77' lang='grc' dir='ltr'><strong>καί</strong></span> 
     </span>
    </p>
   </div>
   <div class='ocr_carea' id='block_1_119' title="bbox 2154 4655 3745 4732">
    <p class='ocr_par' dir='ltr' id='par_1_119' title="bbox 2154 4655 3745 4732">
     <span class='ocr_line' id='line_1_119' title="bbox 2154 4655 3745 4732; baseline -0.002 -16"><span class='ocrx_word' id='word_1_904' title='bbox 2154 4661 2298 4732; x_wconf 85' lang='grc' dir='ltr'><strong>ὑμῖν</strong></span> <span class='ocrx_word' id='word_1_905' title='bbox 2324 4663 2356 4715; x_wconf 88' lang='grc' dir='ltr'><strong>ό</strong></span> <span class='ocrx_word' id='word_1_906' title='bbox 2381 4659 2583 4727; x_wconf 79' lang='grc' dir='ltr'><strong>Πατὴρ</strong></span> <span class='ocrx_word' id='word_1_907' title='bbox 2607 4655 2776 4729; x_wconf 84' lang='grc' dir='ltr'><strong>ὑμῶν</strong></span> <span class='ocrx_word' id='word_1_908' title='bbox 2801 4659 2833 4712; x_wconf 85' lang='grc' dir='ltr'><strong>ό</strong></span> <span class='ocrx_word' id='word_1_909' title='bbox 2853 4656 3153 4726; x_wconf 83' lang='grc' dir='ltr'><strong>οὐράνιος.</strong></span> <span class='ocrx_word' id='word_1_910' title='bbox 3187 4657 3302 4711; x_wconf 77' lang='grc' dir='ltr'><strong>Κᾶν</strong></span> <span class='ocrx_word' id='word_1_911' title='bbox 3362 4658 3745 4732; x_wconf 78' lang='grc' dir='ltr'><strong>ἐλεημοσύνην</strong></span> 
     </span>
    </p>
   </div>
   <div class='ocr_carea' id='block_1_120' title="bbox 2153 4744 3743 4821">
    <p class='ocr_par' dir='ltr' id='par_1_120' title="bbox 2153 4744 3743 4821">
     <span class='ocr_line' id='line_1_120' title="bbox 2153 4744 3743 4821; baseline -0.009 -17"><span class='ocrx_word' id='word_1_912' title='bbox 2153 4750 2280 4821; x_wconf 83' lang='grc' dir='ltr'><strong>δῷς,</strong></span> <span class='ocrx_word' id='word_1_913' title='bbox 2313 4753 2658 4818; x_wconf 84' lang='grc' dir='ltr'><strong>συγχωρήσει</strong></span> <span class='ocrx_word' id='word_1_914' title='bbox 2677 4763 2758 4799; x_wconf 91' lang='grc' dir='ltr'><strong>σοι</strong></span> <span class='ocrx_word' id='word_1_915' title='bbox 2783 4745 2850 4799; x_wconf 83' lang='grc' dir='ltr'><strong>τὰ</strong></span> <span class='ocrx_word' id='word_1_916' title='bbox 2881 4745 3258 4816; x_wconf 83' lang='grc' dir='ltr'><strong>ἁμαρτήματα</strong></span> <span class='ocrx_word' id='word_1_917' title='bbox 3277 4762 3290 4775; x_wconf 85' lang='grc'><em>’</em></span> <span class='ocrx_word' id='word_1_918' title='bbox 3327 4744 3570 4817; x_wconf 72' lang='grc' dir='ltr'><strong>Τὰς-γὰρ</strong></span> <span class='ocrx_word' id='word_1_919' title='bbox 3594 4747 3743 4801; x_wconf 77' lang='grc' dir='ltr'><strong>ἀνο.</strong></span> 
     </span>
    </p>
   </div>
   <div class='ocr_carea' id='block_1_121' title="bbox 2149 4828 3745 4902">
    <p class='ocr_par' dir='ltr' id='par_1_121' title="bbox 2149 4828 3745 4902">
     <span class='ocr_line' id='line_1_121' title="bbox 2149 4828 3745 4902; baseline -0.001 -17"><span class='ocrx_word' id='word_1_920' title='bbox 2149 4835 2288 4902; x_wconf 82' lang='grc' dir='ltr'><strong>μίας</strong></span> <span class='ocrx_word' id='word_1_921' title='bbox 2311 4849 2451 4899; x_wconf 90' lang='grc' dir='ltr'><strong>σου,</strong></span> <span class='ocrx_word' id='word_1_922' title='bbox 2484 4830 2751 4901; x_wconf 78' lang='grc' dir='ltr'><strong>φησὶν,ὲν</strong></span> <span class='ocrx_word' id='word_1_923' title='bbox 2769 4828 3238 4898; x_wconf 77' lang='grc' dir='ltr'><strong>ἐλεημοσύναις·</strong></span> <span class='ocrx_word' id='word_1_924' title='bbox 3263 4829 3584 4897; x_wconf 78' lang='grc' dir='ltr'><strong>λύτρωσαι.</strong></span> <span class='ocrx_word' id='word_1_925' title='bbox 3618 4830 3745 4884; x_wconf 76' lang='grc' dir='ltr'><strong>Κᾶν</strong></span> 
     </span>
    </p>
   </div>
   <div class='ocr_carea' id='block_1_122' title="bbox 2153 4911 3746 4988">
    <p class='ocr_par' dir='ltr' id='par_1_122' title="bbox 2153 4911 3746 4988">
     <span class='ocr_line' id='line_1_122' title="bbox 2153 4911 3746 4988; baseline -0.001 -20"><span class='ocrx_word' id='word_1_926' title='bbox 2153 4915 2283 4988; x_wconf 78' lang='grc' dir='ltr'><strong>εὔξῃ</strong></span> <span class='ocrx_word' id='word_1_927' title='bbox 2329 4914 2661 4978; x_wconf 85' lang='grc' dir='ltr'><strong>σπουδαίως,</strong></span> <span class='ocrx_word' id='word_1_928' title='bbox 2717 4911 3046 4975; x_wconf 84' lang='grc' dir='ltr'><strong>ἀπολαύσεις</strong></span> <span class='ocrx_word' id='word_1_929' title='bbox 3087 4911 3355 4978; x_wconf 82' lang='grc' dir='ltr'><strong>ἀφέσεως.</strong></span> <span class='ocrx_word' id='word_1_930' title='bbox 3406 4913 3517 4965; x_wconf 84' lang='lat' dir='ltr'><strong>Kal</strong></span> <span class='ocrx_word' id='word_1_931' title='bbox 3579 4913 3746 4967; x_wconf 78' lang='grc' dir='ltr'><strong>τοῦτο</strong></span> 
     </span>
    </p>
   </div>
   <div class='ocr_carea' id='block_1_123' title="bbox 2151 4994 3746 5069">
    <p class='ocr_par' dir='ltr' id='par_1_123' title="bbox 2151 4994 3746 5069">
     <span class='ocr_line' id='line_1_123' title="bbox 2151 4994 3746 5069; baseline -0.004 -16"><span class='ocrx_word' id='word_1_932' title='bbox 2151 5000 2418 5053; x_wconf 86' lang='grc' dir='ltr'><strong>δείκνυσιν</strong></span> <span class='ocrx_word' id='word_1_933' title='bbox 2445 4999 2480 5069; x_wconf 80' lang='grc' dir='ltr'>ἡ</span> <span class='ocrx_word' id='word_1_934' title='bbox 2509 4999 2651 5068; x_wconf 84' lang='grc' dir='ltr'><strong>χήρα</strong></span> <span class='ocrx_word' id='word_1_935' title='bbox 2679 4996 2713 5067; x_wconf 83' lang='grc' dir='ltr'><strong>ἡ</strong></span> <span class='ocrx_word' id='word_1_936' title='bbox 2740 4995 2834 5049; x_wconf 82' lang='grc' dir='ltr'><strong>τὸν</strong></span> <span class='ocrx_word' id='word_1_937' title='bbox 2879 4994 3029 5065; x_wconf 82' lang='grc' dir='ltr'><strong>ὠμὸν</strong></span> <span class='ocrx_word' id='word_1_938' title='bbox 3081 4995 3287 5048; x_wconf 86' lang='grc' dir='ltr'><strong>ἐκεῖνον</strong></span> <span class='ocrx_word' id='word_1_939' title='bbox 3327 4995 3590 5065; x_wconf 77' lang='grc' dir='ltr'><strong>δικαστὴν</strong></span> <span class='ocrx_word' id='word_1_940' title='bbox 3617 4997 3746 5048; x_wconf 78' lang='grc' dir='ltr'><strong>ἐπι-</strong></span> 
     </span>
    </p>
   </div>
   <div class='ocr_carea' id='block_1_124' title="bbox 2151 5079 3743 5155">
    <p class='ocr_par' dir='ltr' id='par_1_124' title="bbox 2151 5079 3743 5155">
     <span class='ocr_line' id='line_1_124' title="bbox 2151 5079 3743 5155; baseline -0.004 -17"><span class='ocrx_word' id='word_1_941' title='bbox 2151 5085 2419 5155; x_wconf 77' lang='grc' dir='ltr'><strong>κάμψασα</strong></span> <span class='ocrx_word' id='word_1_942' title='bbox 2449 5085 2517 5152; x_wconf 73' lang='grc' dir='ltr'><strong>τῇ</strong></span> <span class='ocrx_word' id='word_1_943' title='bbox 2549 5081 2800 5152; x_wconf 73' lang='grc' dir='ltr'><strong>συνεχείᾳ</strong></span> <span class='ocrx_word' id='word_1_944' title='bbox 2842 5079 2942 5149; x_wconf 81' lang='grc' dir='ltr'><strong>τῆς</strong></span> <span class='ocrx_word' id='word_1_945' title='bbox 2978 5079 3294 5144; x_wconf 80' lang='grc' dir='ltr'><strong>ἐντεύξεως.</strong></span> <span class='ocrx_word' id='word_1_946' title='bbox 3342 5079 3463 5132; x_wconf 79' lang='grc' dir='ltr'>Κᾶν</span> <span class='ocrx_word' id='word_1_947' title='bbox 3490 5097 3743 5149; x_wconf 84' lang='grc' dir='ltr'><strong>κατηγο-</strong></span> 
     </span>
    </p>
   </div>
   <div class='ocr_carea' id='block_1_125' title="bbox 2151 5161 3739 5241">
    <p class='ocr_par' dir='ltr' id='par_1_125' title="bbox 2151 5161 3739 5241">
     <span class='ocr_line' id='line_1_125' title="bbox 2151 5161 3739 5241; baseline -0.002 -20"><span class='ocrx_word' id='word_1_948' title='bbox 2151 5171 2324 5241; x_wconf 79' lang='grc' dir='ltr'><strong>ρήσῃς</strong></span> <span class='ocrx_word' id='word_1_949' title='bbox 2358 5167 2467 5221; x_wconf 92' lang='grc' dir='ltr'><strong>τῶν</strong></span> <span class='ocrx_word' id='word_1_950' title='bbox 2487 5164 2923 5236; x_wconf 79' lang='grc' dir='ltr'><strong>ἁμαρτημάτων,</strong></span> <span class='ocrx_word' id='word_1_951' title='bbox 2962 5162 3106 5233; x_wconf 77' lang='grc' dir='ltr'><strong>ἔχεις</strong></span> <span class='ocrx_word' id='word_1_952' title='bbox 3139 5161 3491 5236; x_wconf 87' lang='grc' dir='ltr'><strong>παραμυθίαν</strong></span> <span class='ocrx_word' id='word_1_953' title='bbox 3511 5179 3526 5194; x_wconf 76' lang='grc' dir='ltr'><strong>ο</strong></span> <span class='ocrx_word' id='word_1_954' title='bbox 3579 5164 3739 5234; x_wconf 68' lang='grc' dir='ltr'><strong>Λέγε</strong></span> 
     </span>
    </p>
   </div>
   <div class='ocr_carea' id='block_1_126' title="bbox 2148 5245 3741 5322">
    <p class='ocr_par' dir='ltr' id='par_1_126' title="bbox 2148 5245 3741 5322">
     <span class='ocr_line' id='line_1_126' title="bbox 2148 5245 3741 5322; baseline -0.002 -17"><span class='ocrx_word' id='word_1_955' title='bbox 2148 5254 2258 5322; x_wconf 89' lang='grc' dir='ltr'><strong>γάρ</strong></span> <span class='ocrx_word' id='word_1_956' title='bbox 2289 5249 2370 5305; x_wconf 89' lang='grc' dir='ltr'><strong>σὺ</strong></span> <span class='ocrx_word' id='word_1_957' title='bbox 2399 5249 2506 5316; x_wconf 81' lang='grc' dir='ltr'><strong>τὰς</strong></span> <span class='ocrx_word' id='word_1_958' title='bbox 2519 5247 2808 5316; x_wconf 77' lang='grc' dir='ltr'><strong>ἁμαρτίας</strong></span> <span class='ocrx_word' id='word_1_959' title='bbox 2836 5261 2954 5300; x_wconf 86' lang='grc' dir='ltr'><strong>σου</strong></span> <span class='ocrx_word' id='word_1_960' title='bbox 2974 5245 3226 5315; x_wconf 82' lang='grc' dir='ltr'><strong>πρῶτος,</strong></span> <span class='ocrx_word' id='word_1_961' title='bbox 3257 5247 3358 5301; x_wconf 76' lang='grc' dir='ltr'><strong>ἵνα</strong></span> <span class='ocrx_word' id='word_1_962' title='bbox 3383 5245 3741 5314; x_wconf 75' lang='grc' dir='ltr'><strong>δικαιωθῇς.</strong></span> 
     </span>
    </p>
   </div>
   <div class='ocr_carea' id='block_1_127' title="bbox 2149 5335 3741 5409">
    <p class='ocr_par' dir='ltr' id='par_1_127' title="bbox 2149 5335 3741 5409">
     <span class='ocr_line' id='line_1_127' title="bbox 2149 5335 3741 5409; baseline -0.005 -12"><span class='ocrx_word' id='word_1_963' title='bbox 2149 5341 2266 5397; x_wconf 76' lang='grc' dir='ltr'><strong>Κᾶν</strong></span> <span class='ocrx_word' id='word_1_964' title='bbox 2299 5337 2698 5409; x_wconf 78' lang='grc' dir='ltr'><strong>σκυθρωπάσῃς</strong></span> <span class='ocrx_word' id='word_1_965' title='bbox 2725 5336 2865 5406; x_wconf 74' lang='grc' dir='ltr'><strong>ὑπὲρ</strong></span> <span class='ocrx_word' id='word_1_966' title='bbox 2898 5335 3121 5400; x_wconf 89' lang='grc' dir='ltr'><strong>τούτων,</strong></span> <span class='ocrx_word' id='word_1_967' title='bbox 3157 5337 3252 5390; x_wconf 78' lang='grc' dir='ltr'><strong>καὶ</strong></span> <span class='ocrx_word' id='word_1_968' title='bbox 3281 5335 3441 5390; x_wconf 81' lang='grc' dir='ltr'><strong>τοῦτό</strong></span> <span class='ocrx_word' id='word_1_969' title='bbox 3473 5352 3553 5389; x_wconf 90' lang='grc' dir='ltr'><strong>σοι</strong></span> <span class='ocrx_word' id='word_1_970' title='bbox 3587 5338 3741 5408; x_wconf 75' lang='grc' dir='ltr'><strong>φαρ-</strong></span> 
     </span>
    </p>
   </div>
   <div class='ocr_carea' id='block_1_128' title="bbox 2149 5416 3740 5496">
    <p class='ocr_par' dir='ltr' id='par_1_128' title="bbox 2149 5416 3740 5496">
     <span class='ocr_line' id='line_1_128' title="bbox 2149 5416 3740 5496; baseline -0.004 -17"><span class='ocrx_word' id='word_1_971' title='bbox 2149 5442 2324 5496; x_wconf 88' lang='grc' dir='ltr'><strong>μακον</strong></span> <span class='ocrx_word' id='word_1_972' title='bbox 2361 5423 2514 5476; x_wconf 73' lang='grc' dir='ltr'><strong>ἔσται</strong></span> <span class='ocrx_word' id='word_1_973' title='bbox 2547 5423 2801 5491; x_wconf 89' lang='grc' dir='ltr'><strong>μέγιστον</strong></span> <span class='ocrx_word' id='word_1_974' title='bbox 2827 5434 2840 5450; x_wconf 82' lang='lat'><strong><em>°</em></strong></span> <span class='ocrx_word' id='word_1_975' title='bbox 2865 5416 3049 5474; x_wconf 78' lang='grc' dir='ltr'><strong>Εἶδον</strong></span> <span class='ocrx_word' id='word_1_976' title='bbox 3079 5420 3208 5489; x_wconf 70' lang='grc' dir='ltr'><strong>γὰρ,</strong></span> <span class='ocrx_word' id='word_1_977' title='bbox 3234 5419 3418 5490; x_wconf 78' lang='grc' dir='ltr'><strong>φησὶν,</strong></span> <span class='ocrx_word' id='word_1_978' title='bbox 3447 5419 3536 5472; x_wconf 83' lang='grc' dir='ltr'><strong>ὅτι</strong></span> <span class='ocrx_word' id='word_1_979' title='bbox 3586 5420 3740 5474; x_wconf 67' lang='grc' dir='ltr'><strong>ἐλυ-</strong></span> 
     </span>
    </p>
   </div>
   <div class='ocr_carea' id='block_1_129' title="bbox 2146 5503 3752 5576">
    <p class='ocr_par' dir='ltr' id='par_1_129' title="bbox 2146 5503 3752 5576">
     <span class='ocr_line' id='line_1_129' title="bbox 2146 5503 3752 5576; baseline -0.001 -14"><span class='ocrx_word' id='word_1_980' title='bbox 2146 5508 2307 5576; x_wconf 77' lang='grc' dir='ltr'><strong>πήθη</strong></span> <span class='ocrx_word' id='word_1_981' title='bbox 2343 5507 2440 5560; x_wconf 81' lang='grc' dir='ltr'><strong>καί</strong></span> <span class='ocrx_word' id='word_1_982' title='bbox 2483 5507 2772 5574; x_wconf 81' lang='grc' dir='ltr'><strong>ἐπορεύθη</strong></span> <span class='ocrx_word' id='word_1_983' title='bbox 2830 5503 3114 5574; x_wconf 78' lang='grc' dir='ltr'><strong>στυγνὸς,</strong></span> <span class='ocrx_word' id='word_1_984' title='bbox 3165 5504 3262 5559; x_wconf 84' lang='grc' dir='ltr'><strong>καί</strong></span> <span class='ocrx_word' id='word_1_985' title='bbox 3316 5503 3584 5575; x_wconf 81' lang='grc' dir='ltr'><strong>ίασὰμην</strong></span> <span class='ocrx_word' id='word_1_986' title='bbox 3627 5506 3752 5574; x_wconf 72' lang='grc' dir='ltr'><strong>τὰς</strong></span> 
     </span>
    </p>
   </div>
   <div class='ocr_carea' id='block_1_130' title="bbox 2212 5784 3028 5853">
    <p class='ocr_par' dir='ltr' id='par_1_130' title="bbox 2212 5784 3028 5853">
     <span class='ocr_line' id='line_1_130' title="bbox 2212 5784 3028 5853; baseline -0.006 -15"><span class='ocrx_word' id='word_1_987' title='bbox 2212 5785 2524 5853; x_wconf 43' lang='lat' dir='ltr'><strong>lugebatur</strong></span> <span class='ocrx_word' id='word_1_988' title='bbox 2551 5787 2683 5849; x_wconf 69' lang='grc' dir='ltr'><strong>φησὶ,</strong></span> <span class='ocrx_word' id='word_1_989' title='bbox 2717 5784 3028 5847; x_wconf 67' lang='grc' dir='ltr'><strong>ἐλεημοσύνη.</strong></span> 
     </span>
    </p>
   </div>
  </div>
