3986 6202
266 364 368 418 193

255 476 432 531 damni
460 477 610 549 ipsos
634 478 895 532 obnoxios
920 477 1250 547 pronuntiat.
1285 476 1466 546 Neque
1496 476 1802 548 fornicemur
1821 515 1836 536 ,

257 569 382 621 sicut
403 567 617 634 quidam
645 583 707 622 ea:
730 567 852 637 ipsis
876 567 1114 637 fornicati
1139 575 1274 621 sunt.
1300 567 1480 632 Quare
1500 565 1586 619 hic
1608 564 1838 620 fornica-

259 663 460 715 tionem
489 670 771 721 memorat,
799 673 916 714 cum
939 659 1008 714 de
1037 658 1127 713 illa
1164 667 1321 714 antea
1344 667 1547 713 tantum
1576 656 1842 712 disserue-

261 751 364 806 rit?
391 751 510 806 Mos
534 761 615 806 est
641 765 852 819 semper
892 749 1080 814 Paulo,
1113 764 1236 804 cum
1282 749 1352 804 de
1395 749 1580 804 multis
1622 755 1842 802 accusat

263 842 515 910 peccatis,
551 841 730 895 ordine
759 840 848 894 illa
873 854 1076 910 ponere
1117 850 1173 895 et
1219 839 1492 910 pr0posita
1538 838 1841 908 singulatim

265 933 540 1003 persequi;
567 947 626 986 ac
651 946 838 986 rursus
862 931 950 986 ubi
973 931 1040 986 de
1060 932 1180 987 aliis
1202 931 1456 1001 loquitur,
1481 930 1660 1001 priora
1683 931 1842 984 etiam

263 1033 511 1093 repetere.
547 1023 695 1092 Quod
727 1024 870 1079 Dens
900 1039 1116 1094 quoque
1145 1024 1376 1078 iaciebat
1406 1024 1458 1077 in
1511 1022 1693 1078 Veteri
1744 1022 1845 1076 Te-

259 1123 550 1178 stamento;
582 1115 634 1168 in
665 1115 890 1186 singulis
919 1115 1131 1170 delictis
1159 1115 1381 1169 vitulum
1406 1114 1605 1169 Judteis
1636 1128 1845 1168 memo-

258 1203 416 1264 rabat.
447 1212 501 1258 et
532 1203 661 1258 illud
695 1213 972 1273 peccatum
1022 1205 1074 1259 in
1101 1205 1334 1260 medium
1361 1203 1676 1259 adducebat.
1727 1203 1841 1258 Hoc

258 1297 424 1366 itaque
451 1306 508 1352 et
536 1295 734 1352 Paulus
763 1296 851 1352 bic
875 1295 1030 1363 facit,
1062 1297 1189 1350 illud
1213 1298 1370 1353 simul
1413 1311 1841 1352 commemorans

254 1399 551 1456 peccatum,
581 1397 638 1444 et
657 1389 860 1444 docens
889 1389 992 1444 hoc
1022 1390 1284 1459 prodiisse
1309 1405 1376 1445 ex
1397 1389 1600 1444 deliciis
1620 1398 1674 1444 et
1692 1388 1836 1458 gula.

252 1479 589 1549 Quapropter
638 1482 872 1551 adjecit:
908 1481 1082 1553 Neque
1123 1483 1588 1550 fornicemur,sicut
1631 1481 1841 1552 quidam

251 1587 422 1625 eorum
454 1574 694 1643 fornicati
716 1582 852 1640 sunt,
897 1584 943 1628 et
971 1574 1252 1628 ceciderunt
1293 1591 1394 1628 una
1421 1575 1502 1628 die
1525 1573 1701 1644 uiginti
1742 1572 1840 1625 tria

254 1663 439 1716 millia.
475 1663 543 1717 Et
566 1678 661 1717 cur
681 1680 785 1718 non
807 1666 955 1732 ponit
967 1667 1126 1719 etiam
1147 1664 1462 1718 idololatrite
1479 1663 1840 1732 punitionem?

253 1755 362 1808 Aut
385 1755 511 1823 quia
540 1754 745 1808 clarum
781 1764 973 1809 eratet
1013 1755 1350 1808 manifestum
1385 1775 1398 1808 :
1426 1764 1518 1809 aut
1546 1754 1668 1823 quia
1719 1762 1842 1808 tunc

257 1846 414 1916 plaga
449 1860 556 1900 non
588 1856 732 1900 tanta
768 1845 884 1910 fuit,
924 1855 1118 1917 quanta
1169 1846 1401 1900 Balaami
1434 1855 1690 1914 tempore.
1720 1859 1840 1898 cum

259 1937 452 1991 initiati
480 1946 604 1990 sunt
647 1937 997 2007 Beclpbegor,
1041 1936 1395 1990 Madianiticis
1439 1935 1750 1990 mulieribus
1785 1935 1838 1988 itt

249 2031 424 2083 aciem
452 2027 836 2083 accedentibus
880 2029 1132 2098 ipsosque
1154 2029 1222 2082 ad
1255 2028 1526 2082 libidinem
1553 2026 1836 2081 allicienti-

249 2119 370 2184 bus,
417 2121 718 2175 secundum
761 2119 991 2175 Balaami
1044 2120 1345 2175 consilium.
1392 2119 1524 2174 Nam
1564 2119 1704 2189 quod
1735 2119 1838 2173 boc

247 2209 450 2265 malum
505 2212 793 2266 consilium
843 2211 1074 2267 Balaami
1123 2223 1288 2276 esset.
1342 2211 1581 2267 declarat
1625 2209 1836 2281 Moyses

248 2312 434 2373 postea
464 2304 649 2358 dicens
673 2305 724 2358 in
757 2304 861 2359 line
889 2305 1006 2360 libri
1034 2304 1389 2360 Numerorum
1422 2324 1436 2361 :
1468 2304 1682 2360 Balaam
1705 2322 1833 2373 quo-

241 2414 339 2466 que
363 2398 532 2466 [ilium
558 2396 691 2451 Beor
729 2399 1023 2452 occiderunt
1069 2400 1122 2452 in
1167 2399 1297 2453 bello
1344 2398 1558 2453 Madian
1581 2415 1696 2453 cum
1717 2400 1834 2450 uul-

251 2485 474 2548 neratis,
505 2497 552 2540 et
575 2487 898 2542 adduxerunt
922 2488 1105 2558 spolia.
1139 2486 1204 2541 Et
1231 2489 1392 2542 iratus
1421 2498 1493 2542 est
1525 2487 1724 2558 Moyses
1746 2529 1761 2550 ,
1786 2496 1835 2541 et

243 2577 373 2633 dixit
399 2593 422 2633 :
459 2577 562 2632 Cur
583 2578 722 2632 uiuas
768 2579 971 2650 cepistis
1021 2597 1194 2634 omnes
1241 2580 1513 2635 mulieres?
1541 2579 1679 2648 Ipstr
1703 2582 1835 2635 enim

241 2677 386 2722 erant
439 2668 562 2736 [iliis
590 2667 757 2724 Israel
800 2670 855 2723 in
876 2670 1174 2723 scandalum
1204 2672 1480 2724 secundum
1509 2669 1706 2724 uerbum
1731 2669 1835 2723 Ba-

239 2759 400 2824 laam,
434 2768 489 2812 ut
511 2759 782 2828 deﬁcerent
805 2770 854 2814 et
883 2761 1193 2830 despicerent
1235 2762 1439 2814 uerbum
1480 2759 1686 2814 Domini
1711 2779 1829 2832 pro-

241 2865 349 2920 pter
369 2851 586 2923 Pltegor
615 2854 632 2922 (
649 2850 814 2908 Nam.
847 2853 937 2908 3L
966 2853 1021 2908 8.
1050 2853 1137 2908 14.
1169 2853 1291 2921 16).
1317 2852 1368 2908 9.
1397 2851 1574 2922 Neque
1591 2861 1831 2908 tentemus

238 2942 522 3008 Christum,
552 2945 681 2998 sicut
705 2944 914 3013 quidam
940 2959 1112 2998 eorum
1154 2953 1464 2998 tentaverunt
1491 2954 1536 2997 et
1572 2959 1604 2996 a
1627 2960 1832 3013 serpen-

239 3035 368 3089 tibus
411 3035 692 3105 perierunt.

307 3129 362 3182 4,
393 3127 505 3180 Per
530 3125 631 3181 hoc
660 3141 849 3182 rursus
874 3125 1020 3181 aliud
1063 3124 1370 3181 subindicat
1412 3125 1636 3188 crimen,
1691 3125 1828 3195 quod

237 3220 400 3272 etiam
438 3219 488 3273 in
521 3218 624 3274 line
649 3219 817 3288 ponit,
850 3232 1109 3274 accusans
1139 3217 1259 3271 illos
1286 3215 1426 3287 quod
1447 3216 1514 3271 de
1539 3215 1703 3286 signis
1726 3231 1828 3285 puo

237 3320 489 3380 gnarent,
529 3321 584 3366 et
616 3312 835 3382 propter
875 3311 1197 3365 tentationes
1221 3318 1618 3364 murmurarent
1639 3307 1826 3362 dicen-

234 3414 318 3460 tes
353 3423 368 3458 :
400 3404 626 3472 Quando
647 3405 860 3458 venient
887 3403 1062 3458 bona?
1082 3402 1295 3471 quando
1327 3402 1576 3470 praemia?
1601 3401 1828 3471 ideoque

233 3495 527 3565 sttbjungit
554 3494 670 3548 illos
689 3495 961 3565 corrigens
988 3508 1050 3548 ac
1081 3503 1290 3548 terrens
1323 3509 1336 3546 :
1368 3493 1455 3546 to.
1481 3491 1658 3562 Neque
1686 3508 1825 3545 atur-

230 3585 593 3650 muraveritis,
637 3586 764 3639 sicut
811 3585 1013 3654 quidam
1047 3599 1220 3638 eorum
1263 3592 1700 3636 murmuraverttnt
1721 3621 1736 3646 ,
1781 3591 1828 3635 et

230 3679 504 3748 perierunt
542 3676 607 3730 ab
644 3676 1041 3729 exterminatus.
1063 3674 1179 3728 Non
1204 3674 1377 3728 solum
1402 3673 1546 3728 enim
1573 3671 1828 3741 qua-ritur

231 3769 340 3837 pati
367 3783 472 3839 pro
488 3766 727 3831 Christo,
750 3765 844 3820 sed
870 3763 1025 3819 etiam
1047 3780 1166 3835 qua:
1186 3763 1434 3818 accidunt
1453 3762 1662 3816 fortiter
1690 3761 1828 3817 ferre

228 3870 284 3914 et
301 3875 432 3914 cum
465 3859 614 3914 omni
641 3857 933 3926 voluptate.
960 3855 1072 3911 Hoc
1096 3863 1178 3910 est
1197 3855 1338 3910 enim
1357 3853 1576 3908 omnino
1595 3866 1822 3916 corona;

225 3961 286 4006 ut
344 3951 393 4006 si
437 3949 546 4005 hoc
591 3965 697 4004 non
729 3948 909 4012 fuerit,
942 3963 1100 4017 poena
1152 3947 1312 4002 etiam
1341 3954 1596 4015 sequatur
1622 3959 1716 4000 eos
1736 3947 1824 4017 qui

225 4057 371 4112 mare
402 4042 604 4098 ierunt.
635 4040 760 4096 Ideo
783 4041 1011 4110 apostoli
1035 4039 1214 4109 ﬂagris
1239 4038 1361 4093 caesi
1401 4038 1737 4109 gaudebant,
1770 4049 1826 4094 et

224 4132 430 4188 Paulus
457 4133 512 4187 in
541 4130 921 4186 afﬂictionibus
948 4129 1294 4200 gloriabatur.
1348 4129 1436 4184 11.
1483 4127 1612 4183 Herc
1653 4140 1822 4184 autem

220 4225 400 4278 omnia
429 4225 488 4278 in
519 4223 688 4293 figura
718 4219 1076 4290 contingebant
1106 4219 1252 4286 illis;
1279 4219 1471 4290 scripta
1497 4229 1612 4273 sunt
1655 4231 1822 4274 autem

221 4315 292 4369 ad
315 4315 702 4384 correptionem
728 4321 972 4377 nostram,
993 4311 1063 4365 ad
1080 4327 1208 4382 quos
1247 4311 1375 4378 ﬁnes
1397 4310 1695 4365 saculorum
1733 4312 1824 4366 de-

219 4416 496 4462 venerunt.

292 4497 482 4554 Penee
511 4503 699 4570 future
724 4507 875 4552 erunt
901 4507 1123 4554 eterna.
1145 4525 1216 4536 —
1237 4494 1442 4552 Rursus
1467 4505 1633 4552 terret
1662 4497 1820 4551 linem

221 4604 570 4654 memorans,
595 4599 648 4644 et
679 4589 744 4643 ad
767 4587 972 4658 majora
1001 4586 1268 4658 prioribus
1295 4586 1652 4656 exspectanda
1681 4602 1823 4657 pra:-

220 4688 392 4748 parat.
423 4679 569 4734 Nam
600 4678 742 4749 quod
769 4692 958 4749 ptenas
996 4677 1170 4732 daturi
1209 4676 1397 4743 simus,
1423 4693 1494 4733 ex
1524 4677 1704 4744 dictis,
1734 4678 1820 4732 itt-

217 4771 350 4838 quit,
373 4771 611 4840 planum
637 4779 720 4823 est
739 4771 901 4824 etiam
933 4769 1000 4822 iis
1020 4770 1110 4838 qui
1132 4767 1201 4823 de
1220 4768 1463 4838 gebenna
1485 4768 1640 4822 dictis
1661 4768 1818 4823 tidem

220 4875 322 4916 non
348 4860 604 4925 habent;
635 4859 782 4931 quod
807 4871 988 4914 autem
1012 4859 1308 4929 graviores,
1332 4873 1398 4912 ex
1418 4872 1486 4913 eo
1505 4859 1644 4928 quod
1668 4860 1818 4928 plura

217 4952 548 5024 consequuti
600 4950 769 5006 simus
815 4950 1096 5018 beneﬁcia,
1145 4958 1201 5004 et
1227 4965 1294 5005 ex
1323 4965 1390 5004 eo
1418 4949 1561 5018 quod
1591 4950 1678 5004 illa
1707 4951 1819 5022 typi

218 5055 416 5101 essent.
450 5044 605 5100 Nam
647 5044 693 5099 si
737 5045 792 5098 in
818 5043 975 5098 donis
995 5041 1372 5112 exsuperantia
1403 5040 1494 5106 iit;
1533 5041 1708 5111 palam
1735 5052 1821 5096 est

217 5140 265 5192 in
289 5139 576 5210 supplicio
602 5151 818 5206 quoque
845 5135 980 5191 fore.
1024 5134 1259 5204 Ideoque
1283 5132 1480 5204 ﬁguras
1503 5133 1816 5201 appellavit,

220 5237 266 5279 et
293 5238 528 5298 propter
561 5241 663 5282 nos
688 5227 886 5296 scripta
916 5224 1079 5281 fuisse
1094 5224 1246 5290 dixit,
1265 5233 1320 5279 et
1346 5223 1507 5278 linem
1537 5223 1588 5276 in
1612 5238 1819 5278 memo-

222 5320 338 5374 riam
362 5320 683 5387 revocavit,
711 5327 770 5373 ιιι
805 5317 1285 5373 consummationis
1311 5316 1638 5372 mentionem
1670 5315 1816 5370 lace-

220 5412 454 5469 reLNon
483 5411 646 5468 enim
676 5411 802 5466 talia
832 5419 961 5465 tunc
1003 5419 1159 5464 erant
1195 5408 1475 5480 supplicia,
1507 5423 1628 5478 quae
1655 5408 1814 5462 linem

228 5506 560 5574 ‘ccipiebant
603 5513 660 5559 et
703 5503 1065 5568 tollebantur;
1112 5502 1205 5558 sed
1251 5516 1410 5572 plena
1438 5501 1542 5556 erit
1584 5510 1808 5555 aeterna.

230 5593 352 5652 ‘icut
372 5599 532 5654 enim
570 5595 735 5666 hujus
758 5596 884 5651 vitae
911 5609 1084 5666 ptume
1121 5594 1278 5648 simul
1305 5607 1430 5648 cum
1458 5593 1564 5648 vita
1591 5591 1812 5647 solvun-

224 5695 317 5755 tur,
352 5691 433 5746 sic
459 5689 587 5746 illic
615 5703 788 5755 potate
821 5695 1043 5745 atterun-
1071 5693 1253 5742 erunt.
1283 5684 1415 5740 Cum
1450 5691 1626 5739 autem
1655 5683 1806 5748 dicit,

225 5775 372 5836 Fines
395 5779 741 5844 seculorum,
765 5778 906 5836 nihil
925 5766 1078 5835 aliud
1091 5776 1244 5846 dicit,
1275 5789 1434 5847 quam
1449 5774 1590 5846 quod
1617 5776 1684 5832 de
1703 5790 1809 5831 cte-

1272 363 1334 418 IN
1378 362 1586 418 EI’IST.
1631 361 1646 414 Ι
1714 361 1802 416 All
1837 357 1993 417 COR.
2037 361 2266 419 llOMll..
2310 361 2501 420 XXIII.

3426 372 3526 428 Ml

1954 485 2070 530 tero
2098 477 2256 532 instet
2283 477 2540 542 judicium
2571 471 2698 532 illud
2734 478 3078 536 horrendum.
3115 483 3200 537 i2.
3234 484 3414 546 Itaque
3443 491 3528 556 qui

1945 583 2000 619 se
2023 568 2285 620 existimat
2310 578 2466 630 stare,
2489 568 2655 622 videat
2682 586 2744 623 ne
2760 573 2934 626 cadat.
2964 571 3168 630 Rursus
3194 575 3404 632 illorum
3447 578 3527 632 fa-

1944 667 2086 711 stum
2117 658 2331 728 dcjecit,
2360 663 2448 729 qui
2472 659 2540 715 de
2571 661 2790 716 scientia
2812 680 2904 718 sua
2936 665 3101 720 altum
3135 667 3434 739 sapiebant.
3469 671 3525 724 Si

1944 748 2088 801 enim
2117 748 2214 814 illi,
2246 749 2335 819 qui
2369 758 2512 803 tanta
2545 762 2668 805 sunt
2691 751 2826 807 bona
2857 759 3195 827 consequuti,
3227 759 3350 814 talia
3386 761 3526 830 passi

1943 847 2090 903 sunt,
2121 849 2174 895 et
2219 840 2311 894 alii
2351 841 2566 910 quidem
2599 858 2695 912 pro
2727 849 3150 905 murmuratione
3187 851 3362 907 solum
3393 855 3530 909 tales

1948 928 2163 983 luerunt
2187 944 2402 998 poenas;
2432 932 2520 985 alii
2551 933 2694 1002 quod
2726 945 3042 1005 tentassent,
3069 953 3122 994 et
3155 958 3328 1012 neque
3358 959 3529 1015 popu-

1948 1017 2030 1072 lus
2063 1019 2228 1074 Deum
2253 1031 2336 1075 est
2363 1023 2646 1090 reveritus,
2691 1041 2865 1097 neqtte
2889 1031 3030 1097 quod
3064 1040 3170 1085 tam
3202 1034 3365 1088 multa
3393 1051 3528 1090 con-

1946 1117 2202 1177 sequutus
2229 1119 2406 1175 esset;
2435 1112 2606 1168 multo
2635 1117 2804 1185 magis
2835 1118 2885 1171 in
2917 1120 3071 1173 nobis
3104 1123 3204 1174 nisi
3248 1124 3528 1192 vigilemus

1947 1199 2048 1254 ltoc
2069 1202 2191 1256 erit.
2217 1201 2284 1256 Ει
2309 1204 2553 1272 apposite
2574 1205 2742 1261 dixit:
2775 1208 2872 1276 Qut
2899 1227 2954 1264 se
2972 1213 3224 1266 existimat
3241 1226 3393 1269 stare.
3417 1217 3529 1274 lloc

1944 1291 2088 1344 enim
2118 1305 2223 1345 non
2252 1302 2334 1346 est
2359 1303 2503 1349 stare
2555 1305 2614 1350 ut
2641 1306 2787 1353 stare
2812 1308 3042 1369 oportet,
3091 1304 3192 1357 sibi
3225 1305 3323 1374 ipsi
3358 1308 3529 1362 conli—

1943 1380 2108 1437 dere:
2141 1383 2230 1452 qui
2265 1384 2386 1438 talis
2412 1394 2495 1440 est
2517 1388 2681 1454 enim,
2727 1391 2886 1446 citius
2912 1395 3103 1450 cadet:
3131 1412 3252 1451 nam
3287 1399 3361 1453 illi
3385 1417 3522 1469 quo-

1941 1488 2066 1541 que,
2095 1474 2196 1528 nisi
2224 1477 2388 1529 altum
2418 1483 2724 1547 sapuissent
2746 1489 2803 1537 et
2823 1485 3192 1552 conlidissent,
3213 1490 3306 1544 sed
3332 1491 3378 1545 si
3404 1507 3526 1548 sese

1943 1564 2335 1633 cohibuissem,
2377 1584 2483 1624 non
2513 1569 2626 1627 lure
2653 1573 2793 1642 passi
2821 1587 3024 1631 essent.
3060 1579 3212 1636 Unde
3240 1583 3403 1653 liquet
3432 1601 3524 1639 ar-

1943 1656 2238 1746 rogantiam
2273 1660 2528 1726 maxime,
2569 1662 2870 1736 deindeque
2897 1671 3198 1726 socordiam
3227 1683 3282 1728 et
3319 1675 3521 1746 gulam,

1943 1743 2132 1798 borum
2159 1761 2280 1802 esse
2320 1748 2492 1804 fontes
2534 1753 2818 1811 malorum.
2847 1756 3030 1826 Itaque
3056 1761 3100 1815 si
3131 1771 3264 1827 stas,
3296 1743 3425 1820 cave
3456 1783 3523 1822 ne

1940 1835 2122 1890 cadas.
2172 1837 2304 1892 Nam
2349 1841 2434 1895 hic
2462 1851 2626 1910 stare,
2659 1861 2765 1900 non
2791 1858 2875 1903 est
2903 1849 3130 1906 ﬁrmiter
3160 1864 3324 1920 stare,
3352 1859 3524 1912 donec

1942 1925 2234 2021 liberemur
2261 1945 2290 1981 a
2325 1935 2608 2001 pra-sentis
2637 1937 2756 1992 vitae
2784 1939 3056 2006 ﬂuctibus,
3083 1953 3138 1998 et
3168 1945 3234 2000 ad
3259 1952 3522 2021 tranquil-

1939 2014 2048 2068 lum
2071 2027 2285 2086 portum
2313 2023 2663 2091 appellamus.
2692 2026 2770 2083 Ne
2798 2029 2978 2101 itaque
3003 2033 3168 2088 altum
3186 2037 3363 2106 sapias
3380 2014 3523 2108 quod

1937 2115 2080 2199 stes,
2117 2109 2212 2163 sed
2238 2125 2392 2199 cave
2436 2113 2665 2183 lapsum.
2716 2117 2773 2174 Si
2827 2137 3059 2193 namque
3087 2125 3283 2182 Paulus
3324 2130 3520 2199 timuit,

1938 2197 2177 2253 omnium
2226 2198 2572 2270 fortissimus,
2605 2209 2772 2263 multo
2801 2214 2972 2282 magis
3002 2230 3101 2270 nos
3145 2217 3334 2274 timere
3362 2197 3523 2292 opor;

1941 2298 2033 2382 tet.
2063 2292 2352 2360 Apostolus
2383 2296 2563 2368 itaque
2586 2300 2800 2358 dicebat
2823 2321 2837 2357 :
2869 2305 3190 2377 Quapropter
3215 2315 3302 2382 qui
3328 2315 3424 2368 sibi
3445 2317 3520 2370 vi-

1938 2380 2086 2434 detur
2112 2394 2263 2450 stare,
2293 2387 2460 2441 uideat
2482 2407 2544 2444 ne
2558 2392 2707 2446 cadat
2732 2410 2866 2450 :nos
2892 2407 3070 2454 autem
3095 2417 3160 2456 ne
3179 2380 3280 2458 hoc
3303 2406 3518 2475 quidem

1940 2486 2221 2566 possumus
2251 2479 2447 2543 dicere,
2483 2497 2605 2536 cum
2637 2501 2826 2542 omnes
2852 2486 2968 2546 fere
3011 2491 3146 2562 lapsi
3179 2503 3233 2549 et
3265 2503 3516 2566 prostrati

1936 2563 2045 2618 sint
2069 2563 2326 2661 b‘t‘nniqne
2347 2572 2584 2638 jaceant.
2609 2574 2706 2630 Cui
2733 2579 2876 2633 enim
2903 2580 3003 2636 hoc
3024 2582 3238 2639 dicam?
3263 2563 3411 2644 illine
3426 2591 3518 2661 qui

1936 2657 2172 2726 quotidie
2202 2661 2376 2728 rapit?
2408 2664 2502 2717 sed
2541 2664 2685 2733 jacet
2713 2668 2805 2722 ille
2843 2686 3037 2741 magno
3077 2674 3228 2744 lapsu
3254 2657 3516 2747 dejectus.
3579 2728 3582 2730 .

1935 2747 2006 2798 At
2030 2751 2350 2803 scortatori?
2370 2753 2464 2806 scd
2492 2752 2636 2808 humi
2669 2759 2940 2825 projectus
2966 2770 3066 2816 est.
3091 2766 3173 2820 An
3204 2766 3520 2828 ebriosoiat

1935 2836 2050 2906 ipse
2070 2853 2280 2908 quoque
2299 2842 2465 2910 jacet,
2499 2855 2555 2900 et
2581 2849 2752 2902 nescit
2771 2863 2832 2904 se
2851 2850 3054 2920 jacere.
3089 2854 3270 2926 Itaque
3281 2858 3392 2928 jam
3411 2878 3517 2917 non

1933 2935 2018 3020 est
2048 2938 2256 2999 tempus
2283 2930 2441 3001 hujus
2469 2935 2773 3004 proferendi
2806 2941 2976 3006 verbi,
3003 2945 3096 2998 sed
3126 2945 3268 3002 illius
3292 2951 3519 3020 proplteo

1937 3019 2045 3082 tici,
2067 3020 2210 3089 quod
2238 3022 2450 3079 dicebat
2474 3025 2712 3084 Jttdtcis:
2747 3030 3000 3102 Numqui
3028 3037 3183 3102 cadit,
3209 3055 3309 3094 non
3343 3019 3516 3097 resur-

1932 3112 2002 3181 git
2029 3110 2202 3182 (Psal.
2233 3115 2322 3170 40.
2356 3116 2451 3189 9)?
2481 3120 2690 3176 Etenim
2718 3137 2906 3179 omnes
2942 3125 3144 3196 jaceat,
3196 3148 3293 3187 nec
3332 3137 3517 3192 volunt

1933 3215 2233 3273 resurgere.
2265 3206 2624 3274 Quamobrem
2661 3212 2970 3270 adhortatio
3000 3220 3154 3274 nobis
3183 3233 3288 3288 est,
3324 3240 3427 3280 non
3459 3237 3516 3282 ttt

1933 3308 2000 3387 ne
2022 3296 2298 3365 cadamus,
2327 3299 2421 3354 sed
2463 3311 2522 3356 ut
2566 3304 2599 3357 ii
2644 3307 2732 3374 qui
2758 3307 2941 3375 jaceat
2970 3313 3179 3378 possint
3210 3330 3512 3387 resurgere.

1931 3385 2294 3458 Resurgamus
2324 3392 2485 3462 igitur
2527 3395 2607 3448 vel
2649 3411 2772 3451 sero
2814 3400 3059 3466 tandem,
3088 3403 3296 3472 dilecti,
3327 3385 3513 3464 resur-

1930 3493 2117 3546 gamus
2135 3490 2188 3534 et
2211 3481 2422 3538 fortiter
2445 3495 2669 3540 stemus.
2693 3488 2982 3560 Quousque
3007 3494 3284 3560 jacetnus?
3305 3515 3507 3566 quous-

1929 3583 2035 3638 que
2055 3569 2187 3624 ebrii
2217 3587 2424 3638 sumus,
2461 3576 2623 3628 multa
2654 3593 2833 3632 rerum
2876 3583 3214 3638 smeularium
3255 3592 3513 3660 concupi.

1929 3659 2134 3713 scentia
2175 3663 2420 3729 gravati?
2462 3663 2832 3732 Opportunum
2885 3679 2968 3723 est
3010 3687 3153 3728 nunc
3181 3675 3400 3732 dicere:
3429 3659 3512 3736 Ᾰιι

1929 3761 2088 3817 quem
2119 3749 2307 3820 loquar
2344 3761 2400 3807 et
2429 3753 2790 3810 testiﬁcabor?
2834 3773 3002 3830 usque
3041 3763 3176 3818 adeo
3215 3781 3404 3824 omnes
3444 3772 3510 3826 ad

1929 3839 2098 3909 ipsam
2124 3843 2334 3897 virtutis
2349 3843 2647 3900 doctrinam
2669 3846 3085 3919 obsurduerunt,
3109 3864 3165 3910 et
3186 3858 3366 3913 multis
3385 3860 3510 3918 ltine

1927 3933 2115 4003 repleti
2143 3943 2270 3989 sunt
2299 3937 2472 3990 malis.
2501 3937 2569 3992 Et
2588 3939 2631 3992 si
2658 3953 2935 4008 possemus
2955 3944 3162 4000 animas
3190 3948 3372 4004 videre
3413 3968 3512 4006 nu-

1926 4022 2045 4090 das,
2079 4025 2213 4080 utin
2239 4028 2566 4084 exercitibus
2607 4040 2730 4098 post
2772 4031 3097 4102 conﬂictum,
3147 4040 3236 4093 alii
3284 4045 3505 4112 mortui,

1925 4117 2015 4172 alii
2072 4120 2333 4176 vulnerati
2380 4122 2658 4189 videntur;
2689 4125 2844 4180 sicin
2899 4126 3135 4183 Ecclesia
3177 4130 3503 4192 videremus.

1925 4209 2283 4276 Quamobrem
2338 4215 2566 4270 obsecro
2613 4226 2668 4270 et
2710 4233 2808 4271 oro
2837 4259 2853 4284 ,
2905 4235 3121 4274 manum
3174 4222 3310 4278 alter
3353 4227 3508 4284 alterl

1931 4305 2261 4375 porrigamus
2276 4315 2332 4360 et
2357 4322 2728 4377 exsurgamus.
2754 4309 2887 4364 Nam
2914 4321 2968 4366 et
2992 4328 3092 4382 ego
3113 4329 3176 4367 ex
3200 4317 3507 4371 sauciorum

1929 4409 2154 4449 numero
2179 4410 2318 4458 sum,
2351 4405 2406 4450 et
2431 4411 2618 4451 eorum
2660 4399 2750 4467 qui
2793 4399 3096 4467 pltarmacis
3125 4417 3261 4471 opus
3287 4403 3503 4460 habent.

1925 4483 2029 4540 Sed
2061 4500 2130 4540 ne
2159 4485 2280 4538 ideo
2303 4487 2539 4540 animum
2563 4471 2974 4556 despondeatis:
3000 4506 3122 4544 nam
3167 4492 3268 4547 etsi
3314 4496 3503 4564 gravia

1924 4585 2050 4631 sunt
2093 4576 2339 4641 vulnera,
2391 4586 2446 4630 at
2493 4592 2599 4632 non
2654 4577 2994 4634 incurabilia.
3037 4579 3182 4634 Talis
3209 4591 3292 4636 est
3320 4593 3505 4639 noster

1925 4669 2194 4732 medicus;
2227 4667 2390 4723 modo
2419 4670 2638 4726 vulnera
2669 4669 2984 4738 sentiamus,
3010 4673 3220 4726 etiamsi
3249 4675 3298 4728 in
3325 4684 3504 4730 extre-

1924 4775 2070 4813 mum
2117 4759 2364 4829 nequitia:
2409 4761 2734 4825 venerimus,
2777 4761 2972 4817 multas
2998 4762 3154 4818 nobis
3179 4764 3351 4834 aperit
3385 4768 3497 4822 vias

1925 4853 2129 4907 salutis.
2160 4849 2292 4907 Nam
2313 4853 2358 4908 si
2389 4854 2635 4923 proximo
2663 4853 2797 4908 iram
2838 4855 3135 4920 remiseris,
3158 4857 3500 4912 remittemur

1924 4946 2019 5000 tibi
2050 4946 2277 5000 delicta:
2313 4945 2374 5000 Si
2415 4947 2571 5010 enim,
2617 4946 2808 5015 inquit,
2856 4948 3150 5002 rentiseritis
3191 4949 3497 5018 horninibus,

1922 5037 2134 5090 remittet
2161 5045 2208 5088 et
2236 5035 2374 5090 vobis
2403 5034 2560 5089 Pater
2583 5045 2742 5090 vester
2767 5036 2978 5092 caelestis
3026 5036 3237 5108 (Matth.
3281 5037 3338 5091 ϐ.
3386 5037 3495 5106 ll).

1922 5127 1988 5182 Et
2015 5129 2057 5182 si
2081 5127 2482 5197 eleemosynam
2508 5125 2743 5192 dederis,
2770 5126 3098 5180 condonabit
3119 5125 3212 5178 tibi
3239 5135 3452 5193 peccata
3480 5145 3494 5181 :

1920 5217 1948 5270 Ι
1957 5220 2221 5288 niquitates
2247 5217 2389 5270 enim
2412 5225 2546 5280 tuas,
2571 5215 2764 5283 inquit,
2781 5213 3110 5284 elemosynis
3127 5213 3316 5268 redime
3332 5213 3491 5282 (Dan.

1919 5309 1972 5362 4.
2001 5307 2117 5375 Ἡ).
2149 5305 2204 5361 Si
2229 5306 2513 5375 diligenter
2537 5303 2799 5368 oraveris,
2830 5303 3150 5358 remissione
3181 5303 3397 5362 frueris.
3429 5306 3496 5363 Et

1921 5400 2021 5454 ltoc
2049 5399 2284 5454 ostendit
2311 5398 2491 5463 vidua,
2519 5413 2638 5466 quae
2660 5397 2944 5452 immanem
2972 5397 3120 5452 illum
3136 5398 3369 5469 judicem
3389 5399 3493 5455 ire-

1918 5493 2101 5563 quenti
2132 5491 2391 5561 petitione
2421 5489 2646 5545 inﬂexit.
2678 5489 2732 5546 Si
2759 5499 2978 5560 peccata
3010 5499 3098 5546 tua
3125 5494 3489 5555 accusaveris,

1917 5585 2082 5640 habes
2099 5582 2520 5638 consolationem
2542 5598 2555 5633 :
2580 5579 2677 5635 Dic
2697 5592 2752 5635 tu
2771 5583 2914 5636 enim
2939 5583 3131 5651 primus
3161 5592 3364 5652 peccata
3382 5589 3492 5642 tua,

1916 5687 1972 5731 ut
1991 5675 2288 5746 justi/iceris
2311 5672 2468 5743 (lsai.
2501 5675 2586 5729 45.
2625 5673 2741 5742 26).
2768 5674 2822 5729 Si
2855 5690 2951 5743 pro
2995 5675 3059 5728 iis
3101 5675 3269 5728 tristis
3307 5667 3490 5730 lueris,

1918 5781 1973 5826 ct
2012 5769 2113 5824 hoc
2157 5765 2253 5822 tibi
2297 5766 2645 5836 pltarmacum
2683 5765 2786 5822 erit
2816 5767 3140 5822 maximum:
3178 5762 3296 5818 Vidi
3331 5756 3488 5823 enim.
