3986 6202
485 247 592 306 105

488 366 679 436 inquit,
711 361 846 429 quod
870 361 1044 415 dolore
1071 357 1284 424 a/fectus
1305 355 1389 417 sit,
1421 362 1467 407 et
1492 353 1670 407 abierit
1697 353 1876 416 tristis,
1907 361 1953 404 et
1973 367 2064 404 cu-

487 459 595 510 ravi
614 458 718 508 vias
747 454 856 524 ejus
888 451 1040 520 (Isai.
1068 450 1157 504 57.
1192 449 1278 502 l7.
1325 446 1436 517 18).
1467 446 1535 500 Et
1561 446 1604 499 si
1634 444 1760 513 quid
1793 443 1917 496 mali
1946 458 2068 512 pas-

489 561 602 606 sus.
637 544 844 598 fortiter
875 539 1002 594 illud
1035 538 1244 602 tuleris,
1275 545 1442 591 totum
1471 534 1686 590 exuisti.
1715 533 1826 588 lloc
1856 548 2070 602 quoque

491 637 629 690 enim
658 633 806 686 diviti
848 631 922 684 illi
965 629 1230 683 Abraham
1271 627 1484 683 dicebat
1517 644 1530 681 :
1579 625 1799 693 Recepit
1839 624 2072 678 Lazarus

490 727 628 781 mala
656 740 772 788 sua,
807 733 859 777 et
889 721 972 777 hic
1000 721 1424 776 consolationem
1460 717 1622 772 habet
1659 715 1808 786 (Luc.
1833 715 1924 770 16.
1951 714 2069 784 25).

489 817 543 874 Si
570 817 741 870 vidua:
764 817 1014 869 misertus
1041 814 1222 875 fueris,
1255 811 1542 866 abluuntur
1562 817 1777 879 peccata
1809 817 1895 862 tua
1916 825 1929 860 :
1949 822 2070 861 nam

487 909 562 961 a'rt
588 926 601 960 :
624 905 866 960 Judicate
897 903 1117 974 pupillo,
1150 903 1409 975 defendite
1452 901 1680 966 viduam,
1713 911 1760 954 et
1787 899 1947 954 venite
1991 898 2074 951 di-

486 1010 790 1061 sceptemus,
822 999 900 1051 ait
931 996 1218 1060 Dominus;
1270 1004 1315 1048 et
1340 980 1402 1047 'u
1451 993 1643 1064 fuerint
1674 1000 1882 1060 peccata
1910 999 2075 1044 uestra

487 1093 616 1147 sicut
637 1094 927 1161 puniceum,
959 1100 1012 1141 ut
1041 1090 1199 1141 nivem
1224 1085 1506 1150 dealbabo;
1533 1094 1582 1137 et
1606 1084 1648 1137 si
1675 1084 1863 1154 fuerint
1890 1091 1940 1134 ut
1961 1097 2078 1134 coc-

489 1185 680 1251 cinum,
712 1195 763 1236 ut
795 1185 968 1236 lauant
1006 1179 1249 1234 dealbabo
1294 1176 1446 1248 (1εαὶ.
1495 1178 1546 1230 1.
1598 1175 1686 1232 l7.
1733 1175 1842 1244 18).
1890 1172 2075 1242 Neque

471 1267 635 1330 enim
665 1275 747 1328 vel
775 1272 1082 1328 cicatricem
1107 1271 1392 1324 vulnerum
1421 1267 1549 1321 sinit
1579 1279 1860 1335 apparere.

565 1369 616 1424 5.
665 1367 978 1421 Paenitentia:
1000 1367 1073 1419 vis
1097 1364 1149 1418 in
1177 1364 1271 1416 hac
1301 1363 1422 1426 vita,
1445 1359 1692 1414 inutilitas
1733 1359 1785 1412 in
1829 1359 2079 1413 altera.—

491 1463 596 1518 Sed
622 1462 831 1516 etiamsi
862 1460 1167 1514 venerimus
1199 1457 1249 1510 in
1283 1454 1407 1508 illud
1439 1451 1755 1523 profundum
1792 1451 2074 1512 malorutn,

493 1555 546 1609 in
573 1554 714 1625 quod
746 1551 934 1606 incidit
970 1552 1014 1604 is
1043 1551 1132 1619 qui
1166 1558 1382 1617 paterna
1417 1546 1552 1598 bona
1585 1543 1766 1597 exedit
1792 1552 1848 1595 et
1872 1541 2078 1610 siliquis

493 1647 830 1710 vescebatur,
861 1653 915 1698 et
949 1641 1318 1712 paenitentiam
1367 1639 1658 1707 egerimus,
1692 1636 1912 1688 omnino
1941 1634 2076 1688 salvi

494 1735 962 1794 erimuszetiamsi
993 1733 1176 1787 decem
1213 1731 1373 1784 millia
1418 1729 1615 1782 talenta
1665 1725 1979 1789 debeamus,
2025 1735 2081 1778 et

496 1825 856 1899 procidamus,
908 1824 1332 1892 injuriarmnque
1375 1818 1687 1873 memoriam
1727 1817 2080 1884 deponamus,

495 1921 675 1974 omnia
719 1918 874 1972 nobis
917 1915 1311 1970 remittuntur:
1351 1911 1560 1966 etiamsi
1606 1909 1714 1963 illic
1740 1907 2082 1962 aberraveri-

497 2029 638 2076 mus,
671 2013 757 2066 ubi
788 2011 904 2064 ovis
930 2009 997 2064 ab
1026 2007 1153 2062 ovili
1184 2004 1474 2066 aberravit,
1511 2001 1635 2056 inde
1666 2001 1755 2054 ille
1795 2014 1893 2053 nos
1920 1998 2081 2052 redu-

498 2108 594 2172 cit,
620 2106 664 2159 si
687 2103 846 2158 modo
874 2102 1120 2164 velimus,
1144 2097 1323 2152 dilecti
1346 2114 1359 2150 :
1380 2096 1640 2164 benignus
1661 2094 1800 2147 enim
1823 2099 1906 2146 est
1922 2091 2080 2146 Deus.

503 2198 630 2252 Ideo
679 2196 846 2249 etiam
901 2192 1031 2246 satis
1070 2191 1146 2245 illi
1183 2190 1298 2254 luit,
1346 2187 1486 2258 quod
1517 2187 1561 2240 is
1589 2186 1680 2256 qui
1711 2185 1896 2240 decem
1921 2184 2083 2236 millia

504 2288 702 2342 talenta
730 2284 981 2350 debebat,
1036 2291 1160 2336 ante
1190 2296 1250 2336 se
1299 2277 1692 2350 procumberet,
1725 2285 1780 2331 et
1807 2273 1948 2345 quod
1996 2274 2082 2342 qui

506 2388 725 2450 paterna
743 2377 882 2431 bona
900 2375 1287 2443 absumpserat,
1307 2371 1477 2426 solum
1497 2377 1932 2431 reverteretur,et
1945 2365 2086 2436 quod

505 2485 694 2524 errans
719 2469 835 2522 ovis
863 2467 1063 2537 portari
1093 2465 1272 2520 vellet.
1304 2463 1616 2532 Cogitantes
1643 2462 1802 2530 igitur
1840 2459 2088 2529 benigni-

509 2560 636 2615 tatis
661 2559 778 2628 ejus
806 2556 1250 2628 magnitudinem,
1283 2555 1369 2609 hic
1418 2553 1566 2607 illum
1600 2553 1753 2606 nobis
1799 2552 2085 2620 propitium

510 2650 818 2717 reddamus,
853 2657 906 2703 et
936 2659 1368 2717 praeoccupemus
1400 2643 1586 2698 faciem
1627 2643 1745 2712 ejus
1789 2642 1844 2695 in
1877 2641 2091 2696 confes-

510 2745 684 2812 sione,
705 2753 763 2798 ut
788 2757 852 2797 ne
877 2740 1001 2795 hinc
1021 2740 1280 2794 abeuntes
1301 2737 1418 2792 sine
1435 2733 1768 2800 defensione,
1791 2742 2088 2788 extremum

511 2837 805 2893 subeamus
826 2832 1177 2902 supplicium.
1207 2829 1263 2884 Si
1294 2828 1436 2882 cnim
1465 2827 1517 2881 in
1547 2826 1800 2897 praesenti
1830 2827 1934 2878 vita
1963 2840 2094 2894 qua-

513 2932 852 2998 lemcumque
875 2925 1227 2980 adhibeamus
1265 2922 1622 2989 diligentiam,
1654 2919 1885 2974 maxima
1912 2921 2090 2974 lucra-

514 3023 722 3077 bimur:
749 3021 791 3074 si
821 3029 1000 3073 autem
1028 3031 1134 3070 non
1164 3016 1417 3070 meliores
1444 3013 1621 3069 ell'ecti
1648 3014 2090 3077 absceSSerimns,

515 3115 727 3170 etiarnsi
782 3112 888 3167 illic
930 3109 1232 3165 vehementi
1279 3105 1590 3177 pmnitentia
1632 3106 1910 3171 ducamur,
1963 3105 2096 3160 nihil

518 3207 673 3262 nobis
701 3205 955 3275 proderit.
985 3201 1280 3273 Oportebat
1319 3201 1464 3257 enim
1498 3201 1632 3254 intra
1678 3209 1828 3268 septa
1876 3214 2099 3253 manen—

519 3310 629 3355 tem
673 3299 968 3361 decertare,
1015 3312 1120 3350 non
1165 3305 1342 3350 autem
1393 3286 1679 3365 postquam.
1723 3293 1954 3348 solutum
2002 3293 2098 3347 fuit

521 3393 788 3446 theatrum
839 3385 1119 3442 lamentari
1159 3395 1212 3441 et
1239 3384 1367 3440 flere
1412 3383 1708 3450 inutiliter,
1736 3391 1792 3436 ut
1815 3382 1965 3439 dives
2011 3383 2099 3438 ille

518 3483 766 3547 faciebat,
799 3481 1101 3534 lamentans
1127 3486 1183 3531 et
1211 3475 1440 3544 ejulans,
1469 3474 1561 3529 sed
1579 3474 1690 3544 jam
1716 3473 1910 3529 frustra
1936 3485 1990 3528 et
2015 3475 2098 3528 in-

517 3589 754 3636 cassum,
783 3570 906 3640 quia
940 3578 1150 3636 tvmpus
1191 3563 1320 3619 illud
1351 3563 1694 3634 despexerat,
1732 3579 1839 3632 quo
1881 3562 1994 3617 huic
2021 3562 2099 3616 fa-

518 3678 644 3718 cere
675 3661 930 3730 oportuit.
964 3658 1080 3712 Non
1123 3657 1213 3710 ille
1259 3664 1435 3709 autem
1485 3654 1651 3717 solus,
1699 3654 1791 3709 sed
1824 3654 1974 3708 inulti
2009 3655 2100 3708 alii

516 3755 627 3824 jam
651 3761 777 3806 sunt
796 3751 986 3805 divites
1017 3749 1116 3818 ipsi
1147 3746 1374 3808 similes,
1395 3747 1483 3815 qui
1507 3747 1759 3814 pecunias
1773 3745 1988 3815 quidem
2006 3746 2102 3802 de-

521 3845 730 3913 Spicere
753 3840 962 3903 nolunt,
985 3838 1079 3892 sed
1112 3837 1232 3892 loco
1259 3838 1605 3905 pecuniarum
1647 3837 1878 3891 animam
1915 3837 2100 3907 despi-

522 3936 706 3987 ciunt:
737 3929 880 4000 quod
911 3929 1096 3982 mirari
1137 3927 1280 3980 subit
1319 3927 1472 3991 mihi,
1503 3940 1625 3980 cum
1664 3927 1820 3983 video
1856 3927 1976 3982 illos
2009 3929 2100 3983 Dei

525 4022 944 4078 misericordiam
974 4029 1274 4089 precantes,
1305 4027 1360 4072 et
1392 4017 1462 4071 ita
1487 4016 1706 4072 affectos
1735 4033 1863 4088 erga
1896 4021 2101 4089 seipsos

524 4125 583 4170 ut
604 4112 928 4169 incurabiles
956 4111 1084 4173 sint,
1112 4111 1414 4178 animmque
1441 4123 1552 4163 sure
1577 4117 1847 4180 tamquam
1873 4111 2101 4167 inimicm

523 4223 633 4263 non
658 4213 959 4276 parcentes.
993 4201 1070 4257 Ne
1097 4201 1366 4267 ludamus,
1417 4217 1450 4256 ο
1491 4201 1696 4269 dilecti,
1738 4218 1808 4259 ne
1833 4202 2098 4271 ludamus,

523 4315 697 4369 neque
723 4305 820 4352 nos
849 4297 995 4368 ipsos
1025 4294 1406 4364 despiciarnus,
1429 4294 1557 4350 dum
1588 4311 1838 4366 rogamus
1859 4296 2029 4352 Deum
2047 4306 2104 4353 ut

522 4394 694 4450 nOstri
722 4391 1054 4454 misereatur,
1079 4398 1133 4444 et
1159 4387 1545 4444 misericordia:
1569 4389 1685 4458 ejus
1711 4391 1982 4459 pecunias,
2004 4391 2102 4449 de.

521 4488 673 4541 licias
689 4484 939 4538 etomnia
956 4481 1353 4549 anteponimus.
1383 4479 1565 4549 Neque
1591 4482 1756 4541 enim.
1785 4486 1829 4537 si
1858 4485 1978 4555 quis
2006 4487 2101 4542 tibi

523 4579 700 4632 dicam
728 4575 963 4637 olferret.
995 4583 1048 4628 et
1073 4573 1378 4642 quempiam
1407 4587 1664 4626 accusans
1691 4573 1918 4640 diceret,
1949 4579 2098 4635 illum

521 4668 670 4723 mille
698 4675 899 4719 mortes
925 4663 1250 4726 subiturum,
1280 4677 1402 4715 cum
1446 4671 1628 4730 posset
1667 4665 1878 4720 modica
1934 4683 2100 4737 pecu-

533 4761 619 4814 nia
667 4772 790 4812 sese
837 4756 1126 4819 redimere,
1176 4754 1338 4809 malle
1391 4756 1528 4808 mori
1582 4769 1742 4824 quam
1782 4757 1984 4826 aliquid
2035 4776 2100 4814 ex

521 4849 634 4904 suis
690 4861 1010 4909 numerare;
1062 4844 1433 4900 misericordia
1477 4856 1570 4900 aut
1607 4848 1763 4902 venia
1808 4849 1955 4904 illum
1981 4867 2102 4907 esse

520 4940 738 5010 dignum
767 4936 994 4992 diceres.
1026 4935 1139 4990 lloc
1173 4950 1305 5004 ergo
1337 4945 1391 4990 et
1418 4936 1485 4991 de
1513 4935 1686 5007 teipso
1713 4949 1899 5008 reputa
1930 4957 1945 4994 :
1976 4957 2099 4997 nam

522 5049 622 5088 nos
648 5045 860 5102 quoque
885 5029 985 5084 hoc
1013 5027 1256 5093 facimus,
1285 5038 1340 5085 et
1379 5028 1609 5085 salutem
1654 5040 1890 5086 nostram
1919 5033 2100 5104 despi-

521 5127 747 5186 cientes,
779 5123 1017 5193 pecuniis
1043 5123 1330 5192 parcimus.
1349 5120 1631 5188 Quomodo
1645 5137 1775 5193 ergo
1794 5125 1958 5179 Deum
1980 5141 2099 5195 pre-

521 5217 662 5270 caris
689 5225 746 5269 ut
769 5216 861 5270 tibi
889 5225 1091 5284 parcat,
1119 5229 1241 5270 cum
1271 5224 1326 5268 tu
1354 5214 1468 5283 ipse
1512 5215 1605 5268 tibi
1649 5231 1754 5269 non
1795 5231 2003 5285 parcas,
2045 5227 2101 5272 et

521 5307 719 5362 animas
746 5308 994 5376 pecunias
1035 5307 1326 5375 prta-feras?
1366 5307 1626 5372 Quocirca
1667 5307 1956 5361 admodum
1999 5308 2102 5362 ob-

520 5406 776 5469 stupesco
798 5397 1060 5467 cogitans,
1088 5406 1303 5468 quantae
1333 5398 1385 5452 in
1425 5399 1666 5467 pecuniis
1708 5399 1909 5453 lateant
1954 5413 2099 5468 prte-

523 5492 726 5559 stigian;
755 5491 863 5543 imo
890 5504 994 5543 non
1033 5489 1086 5542 in
1117 5488 1381 5557 pecuniis,
1412 5489 1503 5542 sed
1535 5490 1586 5542 in
1615 5505 1799 5544 eorum
1828 5490 1916 5559 qui
1943 5489 2095 5544 deci-

525 5583 743 5652 piuntur
767 5580 980 5635 animis.
1011 5580 1149 5634 Sunt
1176 5579 1340 5642 enim,
1369 5588 1493 5633 sunt
1520 5581 1721 5648 utique,
1753 5581 1844 5650 qui
1873 5581 2096 5634 multum

455 5719 463 5748 τ
522 5671 687 5730 hasce
740 5673 1034 5744 pwstigias
1075 5670 1320 5728 irrident.
1366 5669 1505 5737 Quid
1547 5672 1690 5727 enim
1735 5669 1789 5727 in
1828 5670 1937 5726 illis
1978 5681 2086 5739 est,

1191 241 1248 296 S.
1288 238 1565 320 JOANNIS
1603 237 2068 296 CllRYSOSTOMI
2109 235 2426 292 ARCIIIEP.
2467 237 2996 296 CONSTANTINOP.

3657 247 3757 301 196

2177 351 2319 419 quod
2378 364 2476 404 nos
2524 351 2790 407 fascinare
2841 353 3058 421 possit?
3111 367 3288 409 nonne
3333 354 3623 410 inaniinata
3656 351 3760 412 'est

2177 444 2421 509 materia,
2475 459 2650 498 nonne
2690 443 2864 499 ﬂuxa?
2918 459 3097 499 nonne
3149 445 3312 500 infida
3364 456 3448 501 est
3487 448 3602 516 ejus
3631 463 3758 517 pos-

2175 536 2381 592 sessio?
2407 551 2584 592 annon
2613 537 2892 591 timoribus
2921 538 3076 605 plena
3094 547 3245 591 estet
3270 537 3561 606 periculis?
3579 556 3760 594 annon

2176 627 2416 682 caulibus
2442 637 2496 683 et
2522 627 2763 682 insidiis?
2788 643 2967 682 annon
2997 627 3275 682 inimicitia
3304 636 3358 682 et
3384 628 3554 682 odio?
3577 644 3759 683 annon

2177 717 2420 772 socordia
2447 727 2501 773 et
2527 718 2760 788 nequitia
2789 718 2989 771 multa?
3016 733 3195 772 annon
3225 728 3366 773 terra
3394 729 3480 773 est
3504 728 3563 774 et
3588 721 3764 774 cinis?

2177 824 2298 878 quin
2327 807 2568 862 insania?
2594 810 2713 879 quis
2750 808 3010 862 morbus?
3051 809 3120 863 At
3161 824 3267 864 non
3309 811 3599 865 accusandi
3640 821 3765 865 sunt

2181 909 2406 963 tantum,
2437 900 2669 969 inquies,
2715 901 2816 954 hnc
2855 900 3043 954 inorbo
3085 900 3417 966 laborantes,
3462 901 3558 956 sed
3601 903 3762 957 etiam

2179 990 2468 1046 solvendus
2493 1000 2576 1046 est
2601 1005 2773 1046 amor.
2827 992 2894 1046 Et
2941 1005 3048 1061 quo
3099 992 3206 1046 alio
3256 992 3417 1047 modo
3468 993 3762 1057 solvemus,

2179 1098 2337 1150 quam
2361 1082 2704 1138 ostendentes
2723 1099 2835 1138 rem
2864 1098 2983 1139 esse
3011 1083 3205 1138 malam
3231 1085 3635 1155 inuumerisque
3653 1086 3766 1156 ple-

2180 1188 2304 1226 nam
2332 1175 2521 1229 malis?
2563 1175 2633 1228 At
2673 1189 2777 1229 non
2809 1175 2962 1229 facile
2989 1185 3073 1230 est
3100 1176 3151 1229 id
3180 1178 3381 1230 amanti
3408 1177 3763 1245 persuadere.

2181 1263 2362 1334 Itaque
2386 1265 2487 1318 alia
2518 1264 2617 1334 ipsi
2647 1263 2989 1333 pulchritudo
3026 1266 3346 1334 opponenda
3375 1276 3476 1321 est.
3505 1267 3612 1322 Sed
3639 1283 3765 1322 cum

2181 1365 2425 1420 tegrotet,
2446 1355 2814 1425 incorporeain
2840 1371 2946 1409 non
2963 1355 3110 1410 videt
3134 1356 3584 1425 pulchritudinem
3608 1376 3621 1412 :
3641 1373 3766 1413 cor-

2183 1460 2398 1514 poream
2427 1460 2556 1516 ergo
2583 1447 2658 1500 illi
2686 1447 3054 1512 ostendamus,
3084 1457 3137 1502 et
3163 1447 3405 1502 dicamus
3438 1450 3546 1504 illi:
3579 1451 3769 1520 Cogita

2183 1546 2356 1607 prata,
2386 1545 2441 1592 et
2466 1538 2626 1594 ﬂores
2652 1539 2743 1608 qui
2771 1540 2820 1592 iti
2853 1539 2955 1592 illis
2981 1548 3124 1604 sunt,
3153 1541 3341 1609 quovis
3369 1557 3502 1595 auro
3543 1544 3766 1612 elegan-

2183 1628 2370 1694 tiores,
2400 1637 2454 1683 et
2480 1629 2755 1699 quibusvis
2784 1629 2976 1698 lapillis
3027 1639 3082 1684 et
3129 1632 3355 1700 gemmis
3405 1633 3670 1701 gratiores
3715 1644 3773 1688 et

2185 1720 2593 1790 pellucidiores:
2625 1723 2806 1792 cogita
2837 1723 3054 1792 limpida
3085 1722 3310 1778 fontium
3337 1725 3556 1791 (locum,
3578 1726 3770 1782 fluvios

2184 1813 2274 1882 qui
2304 1814 2472 1866 instar
2497 1813 2602 1868 olei
2629 1815 2745 1868 sine
2771 1817 2997 1884 strepitu
3026 1831 3056 1870 e
3085 1826 3226 1871 terra
3256 1817 3524 1886 profluunt
3545 1836 3558 1873 :
3578 1835 3771 1874 ascen-

2185 1901 2253 1957 de
2278 1903 2331 1956 in
2361 1903 2553 1958 caelum
2579 1912 2634 1958 et
2661 1904 2784 1959 vide
2812 1905 2945 1959 solis
2985 1905 3466 1974 pulchritudinem,
3500 1909 3643 1963 luna:
3673 1911 3768 1964 de-

2186 2008 2392 2061 corem,
2436 1994 2711 2049 stellarum
2757 1995 2937 2051 flores.
2981 1997 3050 2051 Et
3078 1997 3204 2068 quid
3231 1998 3355 2064 hoc,
3386 2001 3634 2069 inquies?
3666 2016 3768 2055 non

2187 2086 2332 2140 enim
2365 2086 2474 2140 illis
2496 2087 2696 2141 utimur
2717 2097 2774 2142 ut
2801 2089 3062 2157 pecuniis.
3092 2091 3250 2159 Atqui
3281 2091 3452 2160 magis
3479 2107 3642 2160 quam
3677 2108 3769 2160 pe-

2188 2177 2383 2243 cuniis,
2422 2187 2690 2248 quatenus
2717 2193 2907 2233 eorum
2943 2195 3071 2234 usus
3101 2191 3185 2234 est
3215 2182 3392 2249 magis‘
3412 2184 3768 2244 necessarius,

2193 2277 2248 2324 et
2277 2269 2343 2324 iis
2369 2268 2598 2322 fruimur
2625 2269 2889 2324 securius.
2919 2269 3108 2340 Neque
3153 2273 3296 2326 enim
3345 2273 3524 2337 times,
3559 2289 3628 2328 ne
3655 2276 3772 2342 quis

2190 2361 2279 2416 illa
2303 2370 2360 2414 ut
2389 2361 2645 2430 pecunias
2673 2361 2922 2416 auferens
2947 2361 3216 2429 discedat;
3264 2363 3358 2417 sed
3407 2364 3532 2418 licet
3577 2365 3670 2419 tibi
3704 2365 3774 2420 de

2191 2453 2256 2507 iis
2280 2460 2538 2522 perpetuo
2565 2451 2862 2519 confidere,
2893 2461 3057 2522 atque
3085 2454 3203 2509 sine
3227 2454 3335 2508 ulla
3356 2467 3488 2510 cura
3512 2457 3596 2510 vel
3622 2458 3774 2512 solli-

2192 2542 2447 2597 citudine.
2471 2541 2526 2598 Si
2549 2551 2730 2598 autem
2755 2542 2877 2598 ideo
2904 2543 3074 2609 doles,
3100 2545 3241 2614 quod
3273 2561 3397 2600 cum
3428 2547 3548 2601 aliis
3575 2546 3770 2602 fruaris

2194 2633 2322 2698 illis,
2351 2641 2406 2688 et
2435 2631 2580 2701 quod
2606 2647 2712 2686 non
2743 2633 2892 2688 solus
2929 2634 3018 2687 illa
3058 2635 3352 2703 possideas,
3399 2645 3457 2690 ut
3483 2640 3771 2706 pecunias;

2194 2738 2300 2777 non
2331 2723 2603 2793 pecunias,
2633 2722 2727 2777 sed
2758 2724 3032 2777 avaritiam
3059 2724 3228 2779 solam
3259 2725 3388 2781 mihi
3412 2742 3598 2783 amare
3623 2729 3776 2784 vide-

2196 2815 2317 2868 ris:
2364 2828 2463 2867 nec
2511 2813 2768 2883 pecunias
2808 2827 3040 2878 amares,
3081 2814 3124 2868 si
3167 2829 3483 2871 communes
3526 2819 3778 2873 omnibus

2197 2911 2521 2976 prostarent.
2551 2903 2682 2959 Cum
2707 2903 2866 2973 igitur
2891 2903 3136 2958 dilectam
3168 2905 3553 2972 invenerimus,
3585 2923 3778 2978 nempe

2197 2998 2510 3064 avaritiam;
2537 3011 2656 3067 age,
2693 2996 2970 3053 ostendam
3001 2998 3118 3064 tibi,
3146 2999 3420 3068 quomodo
3447 3000 3536 3054 illa
3566 3010 3618 3056 te
3657 3002 3777 3055 odio

2199 3090 2394 3144 haheat
2435 3099 2489 3144 et
2534 3099 2849 3144 aversetur:
2883 3100 3014 3159 quot
3041 3101 3228 3146 contra
3260 3099 3313 3146 te
3351 3091 3560 3162 gladios
3599 3104 3774 3158 acuat,

2199 3197 2357 3251 quam
2385 3182 2552 3236 multa
2583 3181 2753 3236 fodiat
2783 3181 3057 3249 barathra,
3086 3199 3246 3252 quam
3275 3185 3472 3241 multos
3500 3186 3685 3242 tendat
3706 3189 3779 3241 la-

2200 3290 2390 3346 queos,
2419 3284 2614 3344 quanta
2643 3284 2866 3346 apparet
2892 3277 3220 3346 prmeipitia;
3246 3287 3303 3332 ut
3327 3279 3404 3333 sic
3431 3293 3673 3335 amorem
3691 3297 3778 3335 ex-

2201 3368 2460 3438 stinguas.
2503 3367 2784 3424 Uudenam
2826 3369 2942 3425 haec
2973 3370 3101 3424 sciri
3141 3374 3400 3441 possunt?
3441 3375 3517 3429 Ex
3565 3376 3688 3441 viis,
3716 3392 3777 3431 ex

2199 3460 2380 3526 bellis,
2424 3476 2490 3516 ex
2531 3462 2689 3527 mari,
2719 3475 2785 3516 ex
2815 3461 3192 3518 tribunalibus.
3237 3464 3369 3520 Nam
3402 3483 3552 3523 mare
3596 3470 3783 3540 implet

2201 3553 2483 3624 sanguine,
2506 3563 2560 3607 et
2585 3551 2818 3621 iudicum
2844 3568 2987 3624 saepe
3010 3565 3254 3610 cruentat
3276 3557 3502 3627 gladios,
3536 3577 3684 3630 sepe
3707 3564 3785 3617 in-

2197 3643 2364 3714 juste,
2397 3657 2598 3713 eosque
2621 3644 2711 3713 qui
2740 3651 2900 3698 noctu
2925 3655 2977 3700 et
3005 3645 3234 3700 interdiu
3257 3648 3311 3702 in
3341 3647 3440 3704 viis
3466 3650 3784 3708 insidiantur

2204 3737 2319 3806 ipsa
2356 3745 2550 3802 armat,
2579 3745 2636 3790 et
2659 3735 2854 3791 suadet
2897 3737 3146 3808 ignorare
3172 3748 3458 3798 naturam:
3489 3747 3784 3812 parricidas

2205 3827 2333 3883 facit
2359 3839 2413 3882 et
2441 3827 2772 3892 matricidas,
2824 3835 2882 3883 et
2908 3829 3086 3883 omnia
3134 3830 3273 3885 mala
3305 3831 3361 3885 in
3407 3835 3570 3888 vitam
3603 3835 3781 3892 infert.

2274 3919 2329 3973 6.
2384 3916 2612 3987 Ideoque
2657 3918 2854 3974 Paulus
2878 3929 3034 3975 vocat
3063 3921 3206 3976 illam
3232 3923 3496 3979 malorum
3528 3927 3783 3985 radicem.

2205 4007 2324 4080 lpsa
2350 4018 2619 4064 amatores
2646 4023 2772 4064 suos
2797 4025 2904 4066 non
2937 4011 3160 4067 meliore
3177 4013 3486 4071 conditione
3510 4016 3694 4086 jacere
3715 4019 3788 4073 si-

2208 4103 2305 4168 nit,
2345 4117 2505 4172 quam
2524 4118 2620 4160 eos
2643 4107 2732 4174 qui
2755 4107 2967 4161 metalla
2993 4117 3300 4178 operantur.
3321 4111 3787 4178 Quemadmodum

2204 4198 2346 4254 enim
2369 4197 2443 4251 illi
2466 4206 2724 4268 perpetuo
2751 4198 2802 4253 in
2831 4201 3064 4256 tenebris
3087 4203 3323 4258 conclusi
3349 4213 3404 4260 et
3429 4206 3588 4261 vineti
3630 4208 3794 4263 inuti-

2205 4288 2329 4344 liter
2344 4289 2586 4344 laborant
2611 4310 2624 4344 :
2647 4289 2724 4344 sic
2743 4299 2797 4346 et
2817 4291 2901 4346 isti
2923 4292 2975 4346 in
2998 4293 3268 4362 speluncis
3293 4296 3534 4352 avaritia:
3561 4297 3788 4366 defossi,

2207 4382 2421 4437 nemine
2449 4382 2820 4436 necessitatem
2870 4382 3152 4452 inferente,
3187 4400 3282 4440 sua
3308 4396 3500 4456 sponte
3531 4389 3632 4444 sibi
3664 4405 3791 4460 sup-

2208 4473 2424 4542 plicittm
2445 4471 2738 4536 attrahunt,
2755 4487 2813 4527 se
2835 4473 3206 4529 insolubilibus
3223 4477 3654 4548 circumligantes
3676 4482 3791 4534 vin-

2206 4564 2362 4618 culis.
2392 4563 2459 4617 Et
2481 4562 2548 4616 ad
2576 4563 2787 4618 metalla
2812 4563 3045 4618 damnati
3072 4566 3308 4635 quidem,
3342 4583 3566 4634 vespere
3595 4571 3790 4626 Saltem

2206 4655 2523 4710 adveniente
2568 4671 2597 4708 a
2644 4654 2912 4709 laboribus
2959 4657 3272 4723 solvuntur;
3326 4658 3380 4712 hi
3427 4675 3556 4714 vero
3602 4672 3656 4716 et
3703 4664 3792 4718 die

2207 4758 2260 4802 et
2301 4755 2457 4801 nocte
2494 4746 2734 4813 improba
2779 4747 2893 4800 haec
2941 4749 3152 4803 metalla
3201 4749 3480 4805 defodiunt
3522 4771 3535 4804 :
3582 4764 3639 4807 et
3683 4755 3791 4808 illis

2206 4839 2420 4909 quidem
2443 4839 2634 4893 modus
2664 4849 2746 4894 est
2773 4840 3094 4895 constitutus
3115 4841 3398 4897 laboriosa:
3427 4845 3567 4898 illius
3599 4861 3795 4914 Opera-

2209 4932 2405 4996 tionis;
2435 4931 2489 4985 hi
2521 4946 2648 4986 vero
2673 4932 2876 4986 nullum
2921 4933 3138 4987 modum
3171 4945 3386 5003 norunt,
3415 4937 3509 4990 sed
3539 4951 3646 5006 quo
3677 4953 3794 4990 ma-

2205 5028 2286 5095 gis
2311 5023 2557 5089 foderint,
2578 5039 2644 5080 eo
2665 5025 2921 5095 majorem
2941 5036 3193 5096 appetunt
3212 5029 3499 5083 iniseriam.
3525 5029 3580 5084 Si
3606 5040 3791 5086 autem

2207 5118 2284 5172 illi
2320 5118 2534 5189 quidem
2581 5118 2749 5183 inviti,
2785 5118 2839 5174 hi
2878 5134 3007 5175 vero
3055 5131 3244 5190 sponte
3289 5136 3406 5185 sua,
3437 5122 3608 5177 morbi
3655 5125 3793 5178 mihi

2205 5212 2340 5267 dicis
2363 5216 2700 5285 gravitatem,
2724 5213 2865 5284 quod
2888 5230 3080 5285 nempe
3107 5215 3318 5270 liberari
3348 5231 3452 5270 non
3484 5217 3712 5285 possint,
3748 5221 3798 5272 si

2205 5305 2418 5374 quidem
2451 5307 2643 5360 malam
2675 5322 2823 5360 suam
2854 5317 3054 5362 sortem
3084 5323 3190 5361 non
3215 5308 3459 5362 oderunt.
3495 5308 3603 5363 Sed
3633 5312 3797 5378 quasi

2207 5412 2298 5452 sus
2324 5399 2376 5452 in
2406 5399 2534 5463 luto,
2569 5399 2647 5453 sic
2668 5397 2740 5454 illi
2770 5400 2820 5453 in
2853 5400 3090 5454 avaritiae
3117 5399 3399 5455 fmtoribus
3423 5401 3644 5454 VHIUIali
3686 5403 3797 5457 sibi

2207 5489 2419 5558 [uacent
2441 5531 2454 5552 .
2483 5489 2722 5560 graviora
2754 5491 3018 5561 patientes
3056 5505 3214 5561 quam
3259 5491 3495 5545 damnati
3529 5492 3623 5545 illi.
3653 5492 3797 5547 Nam

2207 5578 2347 5648 quod
2381 5580 2560 5652 pejore
2585 5581 2890 5637 conditione
2934 5582 3042 5636 sint
3061 5623 3076 5648 ,
3106 5582 3225 5636 audi
3255 5597 3374 5652 qua:
3400 5583 3465 5636 ad
3497 5584 3619 5636 illos
3660 5601 3799 5653 spe-

2209 5680 2372 5740 ctant,
2410 5682 2466 5728 et
2493 5681 2619 5731 tunc
2651 5674 2838 5730 audies
2874 5687 2993 5744 quae
3023 5673 3093 5730 ad
3130 5672 3229 5730 hos
3266 5675 3550 5744 perducat.
3585 5673 3800 5731 Dicitur
