  <div class='ocr_page' id='page_1' title='image "/cluster/home/n/w/nwhite01/storage/ocr_20150623/61/mdp.39015008622618/202.png"; bbox 0 0 3986 6202; ppageno 0'>
   <div class='ocr_carea' id='block_1_1' title="bbox 370 353 475 412">
    <p class='ocr_par' dir='ltr' id='par_1_1' title="bbox 370 353 475 412">
     <span class='ocr_line' id='line_1_1' title="bbox 370 353 475 412; baseline -0.019 0"><span class='ocrx_word' id='word_1_1' title='bbox 370 353 475 412; x_wconf 73' lang='grc'>195</span> 
     </span>
    </p>
   </div>
   <div class='ocr_carea' id='block_1_2' title="bbox 366 469 1957 541">
    <p class='ocr_par' dir='ltr' id='par_1_2' title="bbox 366 469 1957 541">
     <span class='ocr_line' id='line_1_2' title="bbox 366 469 1957 541; baseline -0.004 -13"><span class='ocrx_word' id='word_1_2' title='bbox 366 472 554 538; x_wconf 79' lang='grc' dir='ltr'>ὀδοὺς</span> <span class='ocrx_word' id='word_1_3' title='bbox 575 474 784 528; x_wconf 81' lang='grc' dir='ltr'>αὐτοῦ.</span> <span class='ocrx_word' id='word_1_4' title='bbox 817 472 929 528; x_wconf 76' lang='grc' dir='ltr'>Κᾶν</span> <span class='ocrx_word' id='word_1_5' title='bbox 967 472 1138 527; x_wconf 84' lang='grc' dir='ltr'>κακόν</span> <span class='ocrx_word' id='word_1_6' title='bbox 1184 489 1236 525; x_wconf 91' lang='grc' dir='ltr'>τι</span> <span class='ocrx_word' id='word_1_7' title='bbox 1258 471 1466 537; x_wconf 86' lang='grc' dir='ltr'>παθὼν,</span> <span class='ocrx_word' id='word_1_8' title='bbox 1509 470 1774 541; x_wconf 74' lang='grc' dir='ltr'>γενναίως</span> <span class='ocrx_word' id='word_1_9' title='bbox 1800 469 1957 538; x_wconf 87' lang='grc' dir='ltr'>ἐνέγ-</span> 
     </span>
    </p>
   </div>
   <div class='ocr_carea' id='block_1_3' title="bbox 369 552 1954 627">
    <p class='ocr_par' dir='ltr' id='par_1_3' title="bbox 369 552 1954 627">
     <span class='ocr_line' id='line_1_3' title="bbox 369 552 1954 627; baseline -0.004 -17"><span class='ocrx_word' id='word_1_10' title='bbox 369 572 501 626; x_wconf 79' lang='grc' dir='ltr'>κῃς,</span> <span class='ocrx_word' id='word_1_11' title='bbox 529 556 593 610; x_wconf 83' lang='grc' dir='ltr'>τὺ</span> <span class='ocrx_word' id='word_1_12' title='bbox 627 560 733 611; x_wconf 79' lang='grc' dir='ltr'>πᾶν</span> <span class='ocrx_word' id='word_1_13' title='bbox 753 557 1021 611; x_wconf 87' lang='grc' dir='ltr'>άπεδύσω.</span> <span class='ocrx_word' id='word_1_14' title='bbox 1059 555 1233 610; x_wconf 85' lang='grc' dir='ltr'>Τοῦτο</span> <span class='ocrx_word' id='word_1_15' title='bbox 1260 555 1369 627; x_wconf 85' lang='lat'>7&amp;9</span> <span class='ocrx_word' id='word_1_16' title='bbox 1395 555 1490 609; x_wconf 69' lang='grc' dir='ltr'>καὶ</span> <span class='ocrx_word' id='word_1_17' title='bbox 1508 554 1644 626; x_wconf 64' lang='grc' dir='ltr'>πρὸς</span> <span class='ocrx_word' id='word_1_18' title='bbox 1673 553 1765 607; x_wconf 70' lang='grc' dir='ltr'>τὸν</span> <span class='ocrx_word' id='word_1_19' title='bbox 1791 552 1923 606; x_wconf 88' lang='grc' dir='ltr'>πλού</span> <span class='ocrx_word' id='word_1_20' title='bbox 1943 582 1954 591; x_wconf 94' lang='grc'><strong>-</strong></span> 
     </span>
    </p>
   </div>
   <div class='ocr_carea' id='block_1_4' title="bbox 373 635 1960 711">
    <p class='ocr_par' dir='ltr' id='par_1_4' title="bbox 373 635 1960 711">
     <span class='ocr_line' id='line_1_4' title="bbox 373 635 1960 711; baseline -0.001 -21"><span class='ocrx_word' id='word_1_21' title='bbox 373 654 491 691; x_wconf 88' lang='grc' dir='ltr'>σιον</span> <span class='ocrx_word' id='word_1_22' title='bbox 531 640 561 692; x_wconf 86' lang='grc' dir='ltr'>ὀ</span> <span class='ocrx_word' id='word_1_23' title='bbox 612 639 855 711; x_wconf 75' lang='grc' dir='ltr'>Ἀϐραάμ</span> <span class='ocrx_word' id='word_1_24' title='bbox 891 640 1098 707; x_wconf 73' lang='grc' dir='ltr'>ἔλεγεν,</span> <span class='ocrx_word' id='word_1_25' title='bbox 1143 639 1224 693; x_wconf 85' lang='grc' dir='ltr'>ὅτι</span> <span class='ocrx_word' id='word_1_26' title='bbox 1286 637 1552 692; x_wconf 80' lang='grc' dir='ltr'>Ἀπέλαϐε</span> <span class='ocrx_word' id='word_1_27' title='bbox 1593 636 1842 707; x_wconf 78' lang='grc' dir='ltr'>Λάζαρος</span> <span class='ocrx_word' id='word_1_28' title='bbox 1892 635 1960 688; x_wconf 83' lang='grc' dir='ltr'>τὰ</span> 
     </span>
    </p>
   </div>
   <div class='ocr_carea' id='block_1_5' title="bbox 373 720 1958 793">
    <p class='ocr_par' dir='ltr' id='par_1_5' title="bbox 373 720 1958 793">
     <span class='ocr_line' id='line_1_5' title="bbox 373 720 1958 793; baseline 0 -21"><span class='ocrx_word' id='word_1_29' title='bbox 373 720 527 773; x_wconf 84' lang='grc' dir='ltr'>κακά</span> <span class='ocrx_word' id='word_1_30' title='bbox 557 720 737 785; x_wconf 84' lang='grc' dir='ltr'>αὐτοῦ,</span> <span class='ocrx_word' id='word_1_31' title='bbox 757 723 846 775; x_wconf 78' lang='grc' dir='ltr'>καὶ</span> <span class='ocrx_word' id='word_1_32' title='bbox 872 721 1104 775; x_wconf 89' lang='grc' dir='ltr'>ἐνταῦθα</span> <span class='ocrx_word' id='word_1_33' title='bbox 1143 722 1571 793; x_wconf 78' lang='grc' dir='ltr'>παρακαλεῖται.</span> <span class='ocrx_word' id='word_1_34' title='bbox 1611 720 1730 773; x_wconf 78' lang='grc' dir='ltr'>Κᾶν</span> <span class='ocrx_word' id='word_1_35' title='bbox 1782 720 1958 790; x_wconf 86' lang='grc' dir='ltr'>χήραν</span> 
     </span>
    </p>
   </div>
   <div class='ocr_carea' id='block_1_6' title="bbox 376 802 1954 877">
    <p class='ocr_par' dir='ltr' id='par_1_6' title="bbox 376 802 1954 877">
     <span class='ocr_line' id='line_1_6' title="bbox 376 802 1954 877; baseline -0.001 -20"><span class='ocrx_word' id='word_1_36' title='bbox 376 805 621 875; x_wconf 81' lang='grc' dir='ltr'>ἐλεήσῃς,</span> <span class='ocrx_word' id='word_1_37' title='bbox 652 804 905 859; x_wconf 77' lang='grc' dir='ltr'>πλύνεται</span> <span class='ocrx_word' id='word_1_38' title='bbox 925 823 1019 860; x_wconf 89' lang='grc' dir='ltr'>σου</span> <span class='ocrx_word' id='word_1_39' title='bbox 1050 805 1119 861; x_wconf 89' lang='grc' dir='ltr'>τά</span> <span class='ocrx_word' id='word_1_40' title='bbox 1143 807 1541 877; x_wconf 75' lang='grc' dir='ltr'>ἁμαρτήματαο</span> <span class='ocrx_word' id='word_1_41' title='bbox 1559 805 1809 873; x_wconf 78' lang='grc' dir='ltr'>Κρίνατε</span> <span class='ocrx_word' id='word_1_42' title='bbox 1824 802 1954 874; x_wconf 86' lang='lat'><strong>7&amp;9,</strong></span> 
     </span>
    </p>
   </div>
   <div class='ocr_carea' id='block_1_7' title="bbox 377 885 1961 958">
    <p class='ocr_par' dir='ltr' id='par_1_7' title="bbox 377 885 1961 958">
     <span class='ocr_line' id='line_1_7' title="bbox 377 885 1961 958; baseline -0.002 -18"><span class='ocrx_word' id='word_1_43' title='bbox 377 890 555 956; x_wconf 78' lang='grc' dir='ltr'>φησὶν.</span> <span class='ocrx_word' id='word_1_44' title='bbox 584 889 845 958; x_wconf 73' lang='grc' dir='ltr'>ὀρφανῷ,</span> <span class='ocrx_word' id='word_1_45' title='bbox 882 889 981 943; x_wconf 78' lang='grc' dir='ltr'>καὶ</span> <span class='ocrx_word' id='word_1_46' title='bbox 1013 890 1370 943; x_wconf 78' lang='grc' dir='ltr'>δικαιώσατε</span> <span class='ocrx_word' id='word_1_47' title='bbox 1387 888 1604 958; x_wconf 81' lang='grc' dir='ltr'>χήραν,</span> <span class='ocrx_word' id='word_1_48' title='bbox 1644 887 1744 940; x_wconf 81' lang='grc' dir='ltr'>καὶ</span> <span class='ocrx_word' id='word_1_49' title='bbox 1789 885 1961 939; x_wconf 80' lang='grc' dir='ltr'>δεῦτε</span> 
     </span>
    </p>
   </div>
   <div class='ocr_carea' id='block_1_8' title="bbox 371 963 1960 1042">
    <p class='ocr_par' dir='ltr' id='par_1_8' title="bbox 371 963 1960 1042">
     <span class='ocr_line' id='line_1_8' title="bbox 371 963 1960 1042; baseline -0.001 -19"><span class='ocrx_word' id='word_1_50' title='bbox 371 973 466 1024; x_wconf 80' lang='grc' dir='ltr'>καὶ</span> <span class='ocrx_word' id='word_1_51' title='bbox 492 969 922 1042; x_wconf 69' lang='grc' dir='ltr'>διαλεχθῶμεν,</span> <span class='ocrx_word' id='word_1_52' title='bbox 952 973 1114 1042; x_wconf 73' lang='grc' dir='ltr'>,λέγει</span> <span class='ocrx_word' id='word_1_53' title='bbox 1160 973 1397 1039; x_wconf 85' lang='grc' dir='ltr'>Κύριος·</span> <span class='ocrx_word' id='word_1_54' title='bbox 1437 970 1535 1025; x_wconf 79' lang='grc' dir='ltr'>καί</span> <span class='ocrx_word' id='word_1_55' title='bbox 1566 969 1676 1022; x_wconf 79' lang='grc' dir='ltr'>ἐὰν</span> <span class='ocrx_word' id='word_1_56' title='bbox 1723 963 1876 1022; x_wconf 80' lang='grc' dir='ltr'>ὦσιν</span> <span class='ocrx_word' id='word_1_57' title='bbox 1900 969 1960 1021; x_wconf 80' lang='lat' dir='ltr'>al</span> 
     </span>
    </p>
   </div>
   <div class='ocr_carea' id='block_1_9' title="bbox 367 1046 1953 1124">
    <p class='ocr_par' dir='ltr' id='par_1_9' title="bbox 367 1046 1953 1124">
     <span class='ocr_line' id='line_1_9' title="bbox 367 1046 1953 1124; baseline -0.003 -17"><span class='ocrx_word' id='word_1_58' title='bbox 367 1054 635 1121; x_wconf 77' lang='grc' dir='ltr'>ἁμαρτίαι</span> <span class='ocrx_word' id='word_1_59' title='bbox 665 1054 837 1124; x_wconf 78' lang='grc' dir='ltr'>ὑμῶν</span> <span class='ocrx_word' id='word_1_60' title='bbox 868 1056 950 1123; x_wconf 84' lang='grc' dir='ltr'>ὡς</span> <span class='ocrx_word' id='word_1_61' title='bbox 986 1052 1326 1124; x_wconf 72' lang='grc' dir='ltr'>φοινικοῦν,</span> <span class='ocrx_word' id='word_1_62' title='bbox 1351 1054 1431 1121; x_wconf 86' lang='grc' dir='ltr'>ὡς</span> <span class='ocrx_word' id='word_1_63' title='bbox 1462 1053 1635 1122; x_wconf 78' lang='grc' dir='ltr'>χιόνα</span> <span class='ocrx_word' id='word_1_64' title='bbox 1654 1046 1953 1105; x_wconf 71' lang='grc' dir='ltr'>λευκανῶ·</span> 
     </span>
    </p>
   </div>
   <div class='ocr_carea' id='block_1_10' title="bbox 362 1131 1955 1205">
    <p class='ocr_par' dir='ltr' id='par_1_10' title="bbox 362 1131 1955 1205">
     <span class='ocr_line' id='line_1_10' title="bbox 362 1131 1955 1205; baseline -0.001 -18"><span class='ocrx_word' id='word_1_65' title='bbox 362 1135 469 1188; x_wconf 73' lang='grc' dir='ltr'>ἐὰν</span> <span class='ocrx_word' id='word_1_66' title='bbox 496 1136 566 1189; x_wconf 79' lang='grc' dir='ltr'>δὲ</span> <span class='ocrx_word' id='word_1_67' title='bbox 591 1133 747 1192; x_wconf 81' lang='grc' dir='ltr'>ὦσιν</span> <span class='ocrx_word' id='word_1_68' title='bbox 775 1138 856 1203; x_wconf 86' lang='grc' dir='ltr'>ὡς</span> <span class='ocrx_word' id='word_1_69' title='bbox 872 1139 1178 1203; x_wconf 77' lang='grc' dir='ltr'><em>κόκκινον,</em></span> <span class='ocrx_word' id='word_1_70' title='bbox 1228 1136 1371 1190; x_wconf 79' lang='grc' dir='ltr'>ὡσεί</span> <span class='ocrx_word' id='word_1_71' title='bbox 1432 1136 1592 1205; x_wconf 73' lang='grc' dir='ltr'>ἔριον</span> <span class='ocrx_word' id='word_1_72' title='bbox 1653 1131 1955 1188; x_wconf 78' lang='grc' dir='ltr'>λευκανῶ.</span> 
     </span>
    </p>
   </div>
   <div class='ocr_carea' id='block_1_11' title="bbox 361 1216 1957 1293">
    <p class='ocr_par' dir='ltr' id='par_1_11' title="bbox 361 1216 1957 1293">
     <span class='ocr_line' id='line_1_11' title="bbox 361 1216 1957 1293; baseline -0.001 -23"><span class='ocrx_word' id='word_1_73' title='bbox 361 1219 493 1272; x_wconf 82' lang='grc' dir='ltr'>Οὐδὲ</span> <span class='ocrx_word' id='word_1_74' title='bbox 536 1221 647 1293; x_wconf 84' lang='lat'>7&amp;9</span> <span class='ocrx_word' id='word_1_75' title='bbox 696 1221 861 1293; x_wconf 76' lang='grc' dir='ltr'>οὐλὴν</span> <span class='ocrx_word' id='word_1_76' title='bbox 907 1221 1017 1275; x_wconf 90' lang='grc' dir='ltr'>τῶν</span> <span class='ocrx_word' id='word_1_77' title='bbox 1070 1222 1398 1293; x_wconf 78' lang='grc' dir='ltr'>τραυμάτων</span> <span class='ocrx_word' id='word_1_78' title='bbox 1456 1218 1649 1290; x_wconf 80' lang='grc' dir='ltr'>ἀφίησι</span> <span class='ocrx_word' id='word_1_79' title='bbox 1719 1216 1957 1290; x_wconf 85' lang='grc' dir='ltr'>φανῆναί</span> 
     </span>
    </p>
   </div>
   <div class='ocr_carea' id='block_1_12' title="bbox 357 1318 500 1355">
    <p class='ocr_par' dir='ltr' id='par_1_12' title="bbox 357 1318 500 1355">
     <span class='ocr_line' id='line_1_12' title="bbox 357 1318 500 1355; baseline 0.021 -3"><span class='ocrx_word' id='word_1_80' title='bbox 357 1318 500 1355; x_wconf 87' lang='grc' dir='ltr'>τινα.</span> 
     </span>
    </p>
   </div>
   <div class='ocr_carea' id='block_1_13' title="bbox 430 1383 1953 1458">
    <p class='ocr_par' dir='ltr' id='par_1_13' title="bbox 430 1383 1953 1458">
     <span class='ocr_line' id='line_1_13' title="bbox 430 1383 1953 1458; baseline 0.002 -21"><span class='ocrx_word' id='word_1_81' title='bbox 430 1391 493 1438; x_wconf 90' lang='grc' dir='ltr'>ε’.</span> <span class='ocrx_word' id='word_1_82' title='bbox 530 1385 696 1438; x_wconf 78' lang='grc' dir='ltr'>Ἀλλά</span> <span class='ocrx_word' id='word_1_83' title='bbox 718 1386 824 1442; x_wconf 82' lang='grc' dir='ltr'>κᾶν</span> <span class='ocrx_word' id='word_1_84' title='bbox 863 1387 940 1451; x_wconf 88' lang='grc' dir='ltr'>είς</span> <span class='ocrx_word' id='word_1_85' title='bbox 959 1388 1131 1441; x_wconf 88' lang='grc' dir='ltr'>ἐκεῖνο</span> <span class='ocrx_word' id='word_1_86' title='bbox 1146 1386 1386 1458; x_wconf 76' lang='grc' dir='ltr'>ἔλθωμεν</span> <span class='ocrx_word' id='word_1_87' title='bbox 1403 1385 1468 1440; x_wconf 80' lang='grc' dir='ltr'>τὸ</span> <span class='ocrx_word' id='word_1_88' title='bbox 1502 1383 1665 1456; x_wconf 83' lang='grc' dir='ltr'><strong>βάθος</strong></span> <span class='ocrx_word' id='word_1_89' title='bbox 1700 1383 1811 1438; x_wconf 89' lang='grc' dir='ltr'>τῶν</span> <span class='ocrx_word' id='word_1_90' title='bbox 1845 1402 1953 1440; x_wconf 88' lang='grc' dir='ltr'>κα-</span> 
     </span>
    </p>
   </div>
   <div class='ocr_carea' id='block_1_14' title="bbox 359 1468 1955 1544">
    <p class='ocr_par' dir='ltr' id='par_1_14' title="bbox 359 1468 1955 1544">
     <span class='ocr_line' id='line_1_14' title="bbox 359 1468 1955 1544; baseline -0.001 -21"><span class='ocrx_word' id='word_1_91' title='bbox 359 1468 499 1534; x_wconf 97' lang='grc' dir='ltr'>κῶν,</span> <span class='ocrx_word' id='word_1_92' title='bbox 526 1471 604 1534; x_wconf 85' lang='grc' dir='ltr'>είς</span> <span class='ocrx_word' id='word_1_93' title='bbox 629 1470 657 1523; x_wconf 83' lang='grc' dir='ltr'><strong>ὃ</strong></span> <span class='ocrx_word' id='word_1_94' title='bbox 687 1471 990 1524; x_wconf 78' lang='grc' dir='ltr'>κατέπεσεν</span> <span class='ocrx_word' id='word_1_95' title='bbox 1016 1470 1061 1525; x_wconf 80' lang='grc' dir='ltr'>δ’</span> <span class='ocrx_word' id='word_1_96' title='bbox 1079 1470 1146 1525; x_wconf 84' lang='grc' dir='ltr'>τά</span> <span class='ocrx_word' id='word_1_97' title='bbox 1170 1469 1402 1544; x_wconf 82' lang='grc' dir='ltr'>πατρῷα</span> <span class='ocrx_word' id='word_1_98' title='bbox 1446 1468 1825 1539; x_wconf 86' lang='grc' dir='ltr'>κατεδηδοκὼς</span> <span class='ocrx_word' id='word_1_99' title='bbox 1857 1470 1955 1523; x_wconf 77' lang='grc' dir='ltr'>καὶ</span> 
     </span>
    </p>
   </div>
   <div class='ocr_carea' id='block_1_15' title="bbox 361 1550 1957 1624">
    <p class='ocr_par' dir='ltr' id='par_1_15' title="bbox 361 1550 1957 1624">
     <span class='ocr_line' id='line_1_15' title="bbox 361 1550 1957 1624; baseline 0 -19"><span class='ocrx_word' id='word_1_100' title='bbox 361 1551 603 1622; x_wconf 81' lang='grc' dir='ltr'>κεράτια</span> <span class='ocrx_word' id='word_1_101' title='bbox 634 1552 852 1621; x_wconf 86' lang='grc' dir='ltr'>ἐσθίων,</span> <span class='ocrx_word' id='word_1_102' title='bbox 888 1554 983 1607; x_wconf 71' lang='grc' dir='ltr'>καὶ</span> <span class='ocrx_word' id='word_1_103' title='bbox 1029 1555 1475 1624; x_wconf 79' lang='grc' dir='ltr'>μετανοήσωμεν,</span> <span class='ocrx_word' id='word_1_104' title='bbox 1505 1550 1789 1622; x_wconf 76' lang='grc' dir='ltr'>σωζόμεθα</span> <span class='ocrx_word' id='word_1_105' title='bbox 1822 1552 1957 1605; x_wconf 85' lang='grc' dir='ltr'>πάν-</span> 
     </span>
    </p>
   </div>
   <div class='ocr_carea' id='block_1_16' title="bbox 361 1635 1954 1708">
    <p class='ocr_par' dir='ltr' id='par_1_16' title="bbox 361 1635 1954 1708">
     <span class='ocr_line' id='line_1_16' title="bbox 361 1635 1954 1708; baseline 0.001 -20"><span class='ocrx_word' id='word_1_106' title='bbox 361 1652 497 1699; x_wconf 77' lang='grc' dir='ltr'>τωςο</span> <span class='ocrx_word' id='word_1_107' title='bbox 525 1636 632 1689; x_wconf 79' lang='grc' dir='ltr'>κᾶν</span> <span class='ocrx_word' id='word_1_108' title='bbox 674 1636 842 1708; x_wconf 84' lang='grc' dir='ltr'>μύρια</span> <span class='ocrx_word' id='word_1_109' title='bbox 871 1637 1105 1690; x_wconf 85' lang='grc' dir='ltr'>τάλαντα</span> <span class='ocrx_word' id='word_1_110' title='bbox 1142 1637 1467 1708; x_wconf 82' lang='grc' dir='ltr'>ὀφείλωμεν,</span> <span class='ocrx_word' id='word_1_111' title='bbox 1501 1637 1595 1689; x_wconf 70' lang='grc' dir='ltr'>καλ.</span> <span class='ocrx_word' id='word_1_112' title='bbox 1633 1635 1954 1706; x_wconf 87' lang='grc' dir='ltr'>προσπέσω-</span> 
     </span>
    </p>
   </div>
   <div class='ocr_carea' id='block_1_17' title="bbox 367 1717 1947 1791">
    <p class='ocr_par' dir='ltr' id='par_1_17' title="bbox 367 1717 1947 1791">
     <span class='ocr_line' id='line_1_17' title="bbox 367 1717 1947 1791; baseline 0.001 -21"><span class='ocrx_word' id='word_1_113' title='bbox 367 1734 473 1787; x_wconf 86' lang='grc' dir='ltr'>μεν</span> <span class='ocrx_word' id='word_1_114' title='bbox 508 1719 605 1770; x_wconf 72' lang='grc' dir='ltr'>καὶ</span> <span class='ocrx_word' id='word_1_115' title='bbox 643 1717 719 1789; x_wconf 79' lang='grc' dir='ltr'>μὴ</span> <span class='ocrx_word' id='word_1_116' title='bbox 769 1721 1293 1791; x_wconf 81' lang='grc' dir='ltr'>μνησικακήσωμεν,</span> <span class='ocrx_word' id='word_1_117' title='bbox 1332 1720 1511 1773; x_wconf 84' lang='grc' dir='ltr'>πάντα</span> <span class='ocrx_word' id='word_1_118' title='bbox 1536 1723 1667 1789; x_wconf 87' lang='grc' dir='ltr'>ἡμῖν</span> <span class='ocrx_word' id='word_1_119' title='bbox 1692 1719 1908 1787; x_wconf 83' lang='grc' dir='ltr'>ἀφίεται</span> <span class='ocrx_word' id='word_1_120' title='bbox 1934 1735 1947 1748; x_wconf 89' lang='grc'><strong>·</strong></span> 
     </span>
    </p>
   </div>
   <div class='ocr_carea' id='block_1_18' title="bbox 366 1795 1951 1874">
    <p class='ocr_par' dir='ltr' id='par_1_18' title="bbox 366 1795 1951 1874">
     <span class='ocr_line' id='line_1_18' title="bbox 366 1795 1951 1874; baseline -0.001 -19"><span class='ocrx_word' id='word_1_121' title='bbox 366 1800 474 1855; x_wconf 78' lang='grc' dir='ltr'>κᾶν</span> <span class='ocrx_word' id='word_1_122' title='bbox 506 1803 687 1854; x_wconf 87' lang='grc' dir='ltr'>ἐκεῖσε</span> <span class='ocrx_word' id='word_1_123' title='bbox 722 1800 1218 1873; x_wconf 83' lang='grc' dir='ltr'>ἀποπλανηθῶμεν,</span> <span class='ocrx_word' id='word_1_124' title='bbox 1245 1795 1306 1856; x_wconf 75' lang='grc' dir='ltr'>οῦ</span> <span class='ocrx_word' id='word_1_125' title='bbox 1328 1803 1390 1856; x_wconf 79' lang='grc' dir='ltr'>τὸ</span> <span class='ocrx_word' id='word_1_126' title='bbox 1418 1802 1687 1874; x_wconf 82' lang='grc' dir='ltr'>πρόϐατον</span> <span class='ocrx_word' id='word_1_127' title='bbox 1719 1800 1951 1854; x_wconf 78' lang='grc' dir='ltr'>ἀπεὸου-</span> 
     </span>
    </p>
   </div>
   <div class='ocr_carea' id='block_1_19' title="bbox 368 1881 1946 1955">
    <p class='ocr_par' dir='ltr' id='par_1_19' title="bbox 368 1881 1946 1955">
     <span class='ocr_line' id='line_1_19' title="bbox 368 1881 1946 1955; baseline -0.001 -18"><span class='ocrx_word' id='word_1_128' title='bbox 368 1882 600 1955; x_wconf 83' lang='grc' dir='ltr'>κολήθη,</span> <span class='ocrx_word' id='word_1_129' title='bbox 633 1884 888 1937; x_wconf 86' lang='grc' dir='ltr'>κάκεῖθεν</span> <span class='ocrx_word' id='word_1_130' title='bbox 922 1886 1068 1955; x_wconf 77' lang='grc' dir='ltr'>ἡμᾶς</span> <span class='ocrx_word' id='word_1_131' title='bbox 1119 1886 1420 1939; x_wconf 84' lang='grc' dir='ltr'>ἀνακτᾶται</span> <span class='ocrx_word' id='word_1_132' title='bbox 1444 1899 1457 1912; x_wconf 88' lang='grc'><strong>·</strong></span> <span class='ocrx_word' id='word_1_133' title='bbox 1485 1884 1644 1952; x_wconf 85' lang='grc' dir='ltr'>μόνον</span> <span class='ocrx_word' id='word_1_134' title='bbox 1677 1881 1946 1953; x_wconf 84' lang='grc' dir='ltr'>βουληθῶ-</span> 
     </span>
    </p>
   </div>
   <div class='ocr_carea' id='block_1_20' title="bbox 367 1966 1949 2039">
    <p class='ocr_par' dir='ltr' id='par_1_20' title="bbox 367 1966 1949 2039">
     <span class='ocr_line' id='line_1_20' title="bbox 367 1966 1949 2039; baseline 0.001 -21"><span class='ocrx_word' id='word_1_135' title='bbox 367 1982 489 2036; x_wconf 87' lang='grc' dir='ltr'>μεν,</span> <span class='ocrx_word' id='word_1_136' title='bbox 520 1967 805 2037; x_wconf 85' lang='grc' dir='ltr'>ἀγαπητοί</span> <span class='ocrx_word' id='word_1_137' title='bbox 824 1982 837 1997; x_wconf 81' lang='grc'><strong><em>⁸</em></strong></span> <span class='ocrx_word' id='word_1_138' title='bbox 867 1966 1247 2038; x_wconf 86' lang='grc' dir='ltr'>φιλάνθρωπος</span> <span class='ocrx_word' id='word_1_139' title='bbox 1269 1968 1375 2039; x_wconf 84' lang='grc' dir='ltr'>γὰρ</span> <span class='ocrx_word' id='word_1_140' title='bbox 1406 1967 1603 2033; x_wconf 86' lang='grc' dir='ltr'>ὀΘεός.</span> <span class='ocrx_word' id='word_1_141' title='bbox 1651 1966 1750 2020; x_wconf 83' lang='grc' dir='ltr'>Διά</span> <span class='ocrx_word' id='word_1_142' title='bbox 1791 1967 1949 2022; x_wconf 87' lang='grc' dir='ltr'>τοῦτο</span> 
     </span>
    </p>
   </div>
   <div class='ocr_carea' id='block_1_21' title="bbox 359 2049 1945 2123">
    <p class='ocr_par' dir='ltr' id='par_1_21' title="bbox 359 2049 1945 2123">
     <span class='ocr_line' id='line_1_21' title="bbox 359 2049 1945 2123; baseline 0.002 -22"><span class='ocrx_word' id='word_1_143' title='bbox 359 2049 453 2101; x_wconf 74' lang='grc' dir='ltr'>καὶ</span> <span class='ocrx_word' id='word_1_144' title='bbox 482 2051 575 2103; x_wconf 75' lang='grc' dir='ltr'>ἐπὶ</span> <span class='ocrx_word' id='word_1_145' title='bbox 599 2049 695 2102; x_wconf 87' lang='grc' dir='ltr'>τοῦ</span> <span class='ocrx_word' id='word_1_146' title='bbox 750 2049 822 2103; x_wconf 81' lang='grc' dir='ltr'>τὰ</span> <span class='ocrx_word' id='word_1_147' title='bbox 869 2050 1038 2121; x_wconf 87' lang='grc' dir='ltr'>μύρια</span> <span class='ocrx_word' id='word_1_148' title='bbox 1067 2051 1306 2105; x_wconf 83' lang='grc' dir='ltr'>τάλαντα</span> <span class='ocrx_word' id='word_1_149' title='bbox 1344 2050 1643 2121; x_wconf 74' lang='grc' dir='ltr'>ὀφείλοντος</span> <span class='ocrx_word' id='word_1_150' title='bbox 1681 2054 1745 2123; x_wconf 73' lang='grc' dir='ltr'>τῇ</span> <span class='ocrx_word' id='word_1_151' title='bbox 1774 2068 1945 2122; x_wconf 90' lang='grc' dir='ltr'>προσ-</span> 
     </span>
    </p>
   </div>
   <div class='ocr_carea' id='block_1_22' title="bbox 354 2132 1946 2208">
    <p class='ocr_par' dir='ltr' id='par_1_22' title="bbox 354 2132 1946 2208">
     <span class='ocr_line' id='line_1_22' title="bbox 354 2132 1946 2208; baseline 0.003 -22"><span class='ocrx_word' id='word_1_152' title='bbox 354 2132 564 2187; x_wconf 84' lang='grc' dir='ltr'>πτώσει</span> <span class='ocrx_word' id='word_1_153' title='bbox 592 2137 836 2205; x_wconf 85' lang='grc' dir='ltr'>ἡρκεῖτο,</span> <span class='ocrx_word' id='word_1_154' title='bbox 874 2141 969 2189; x_wconf 85' lang='grc' dir='ltr'>καὶ</span> <span class='ocrx_word' id='word_1_155' title='bbox 992 2136 1083 2188; x_wconf 77' lang='grc' dir='ltr'>ἐπὶ</span> <span class='ocrx_word' id='word_1_156' title='bbox 1112 2136 1209 2189; x_wconf 88' lang='grc' dir='ltr'>τοῦ</span> <span class='ocrx_word' id='word_1_157' title='bbox 1237 2135 1305 2190; x_wconf 82' lang='grc' dir='ltr'>τὰ</span> <span class='ocrx_word' id='word_1_158' title='bbox 1326 2136 1555 2208; x_wconf 83' lang='grc' dir='ltr'>πατρῷα</span> <span class='ocrx_word' id='word_1_159' title='bbox 1589 2136 1946 2206; x_wconf 79' lang='grc' dir='ltr'>κατεδηδοκό-</span> 
     </span>
    </p>
   </div>
   <div class='ocr_carea' id='block_1_23' title="bbox 351 2217 1945 2291">
    <p class='ocr_par' dir='ltr' id='par_1_23' title="bbox 351 2217 1945 2291">
     <span class='ocr_line' id='line_1_23' title="bbox 351 2217 1945 2291; baseline 0.002 -22"><span class='ocrx_word' id='word_1_160' title='bbox 351 2232 444 2280; x_wconf 92' lang='grc' dir='ltr'>τος</span> <span class='ocrx_word' id='word_1_161' title='bbox 476 2219 543 2288; x_wconf 76' lang='grc' dir='ltr'>τῇ</span> <span class='ocrx_word' id='word_1_162' title='bbox 578 2217 824 2288; x_wconf 81' lang='grc' dir='ltr'>ἐπανὸδῳ</span> <span class='ocrx_word' id='word_1_163' title='bbox 848 2218 1004 2291; x_wconf 78' lang='grc' dir='ltr'>μόνῃ,</span> <span class='ocrx_word' id='word_1_164' title='bbox 1035 2219 1131 2271; x_wconf 77' lang='grc' dir='ltr'>καὶ</span> <span class='ocrx_word' id='word_1_165' title='bbox 1169 2220 1261 2273; x_wconf 77' lang='grc' dir='ltr'>ἐπὶ</span> <span class='ocrx_word' id='word_1_166' title='bbox 1291 2220 1382 2273; x_wconf 87' lang='grc' dir='ltr'>τοῦ</span> <span class='ocrx_word' id='word_1_167' title='bbox 1412 2218 1687 2289; x_wconf 75' lang='grc' dir='ltr'>προϐάτου</span> <span class='ocrx_word' id='word_1_168' title='bbox 1708 2218 1789 2290; x_wconf 81' lang='grc' dir='ltr'>τῷ</span> <span class='ocrx_word' id='word_1_169' title='bbox 1816 2219 1945 2289; x_wconf 87' lang='grc' dir='ltr'>βου-</span> 
     </span>
    </p>
   </div>
   <div class='ocr_carea' id='block_1_24' title="bbox 348 2299 1946 2372">
    <p class='ocr_par' dir='ltr' id='par_1_24' title="bbox 348 2299 1946 2372">
     <span class='ocr_line' id='line_1_24' title="bbox 348 2299 1946 2372; baseline 0.002 -20"><span class='ocrx_word' id='word_1_170' title='bbox 348 2299 583 2371; x_wconf 87' lang='grc' dir='ltr'>ληθῆναι</span> <span class='ocrx_word' id='word_1_171' title='bbox 616 2299 1008 2371; x_wconf 78' lang='grc' dir='ltr'>βασταχθῆναι.</span> <span class='ocrx_word' id='word_1_172' title='bbox 1035 2301 1416 2372; x_wconf 87' lang='grc' dir='ltr'>Ἐννοήσαντες</span> <span class='ocrx_word' id='word_1_173' title='bbox 1443 2301 1621 2356; x_wconf 91' lang='grc' dir='ltr'>τοίνυν</span> <span class='ocrx_word' id='word_1_174' title='bbox 1635 2301 1699 2356; x_wconf 83' lang='grc' dir='ltr'>τὸ</span> <span class='ocrx_word' id='word_1_175' title='bbox 1717 2303 1946 2372; x_wconf 80' lang='grc' dir='ltr'>μέγεθος</span> 
     </span>
    </p>
   </div>
   <div class='ocr_carea' id='block_1_25' title="bbox 347 2383 1945 2457">
    <p class='ocr_par' dir='ltr' id='par_1_25' title="bbox 347 2383 1945 2457">
     <span class='ocr_line' id='line_1_25' title="bbox 347 2383 1945 2457; baseline 0.003 -22"><span class='ocrx_word' id='word_1_176' title='bbox 347 2383 517 2436; x_wconf 84' lang='grc' dir='ltr'>αὐτοῦ</span> <span class='ocrx_word' id='word_1_177' title='bbox 540 2384 640 2454; x_wconf 82' lang='grc' dir='ltr'>τῆς</span> <span class='ocrx_word' id='word_1_178' title='bbox 675 2383 1111 2456; x_wconf 78' lang='grc' dir='ltr'>φιλανθρωπίας,</span> <span class='ocrx_word' id='word_1_179' title='bbox 1136 2384 1371 2440; x_wconf 86' lang='grc' dir='ltr'>ἐνταῦθα</span> <span class='ocrx_word' id='word_1_180' title='bbox 1426 2386 1588 2439; x_wconf 77' lang='grc' dir='ltr'>αὑτὸν</span> <span class='ocrx_word' id='word_1_181' title='bbox 1628 2386 1945 2457; x_wconf 84' lang='grc' dir='ltr'>ποιήσωμεν</span> 
     </span>
    </p>
   </div>
   <div class='ocr_carea' id='block_1_26' title="bbox 348 2465 1944 2539">
    <p class='ocr_par' dir='ltr' id='par_1_26' title="bbox 348 2465 1944 2539">
     <span class='ocr_line' id='line_1_26' title="bbox 348 2465 1944 2539; baseline 0.003 -20"><span class='ocrx_word' id='word_1_182' title='bbox 348 2465 507 2519; x_wconf 85' lang='grc' dir='ltr'>τλεων</span> <span class='ocrx_word' id='word_1_183' title='bbox 541 2467 695 2536; x_wconf 90' lang='grc' dir='ltr'>ἡμῖν,</span> <span class='ocrx_word' id='word_1_184' title='bbox 723 2467 819 2519; x_wconf 75' lang='grc' dir='ltr'>καὶ</span> <span class='ocrx_word' id='word_1_185' title='bbox 847 2469 1253 2538; x_wconf 81' lang='grc' dir='ltr'>προφθάσωμεν</span> <span class='ocrx_word' id='word_1_186' title='bbox 1275 2468 1338 2522; x_wconf 76' lang='grc' dir='ltr'>τὸ</span> <span class='ocrx_word' id='word_1_187' title='bbox 1367 2469 1662 2539; x_wconf 84' lang='grc' dir='ltr'>πρόσωπον</span> <span class='ocrx_word' id='word_1_188' title='bbox 1697 2469 1861 2523; x_wconf 82' lang='grc' dir='ltr'>αὐτοῦ</span> <span class='ocrx_word' id='word_1_189' title='bbox 1884 2472 1944 2523; x_wconf 90' lang='grc' dir='ltr'>ἐν</span> 
     </span>
    </p>
   </div>
   <div class='ocr_carea' id='block_1_27' title="bbox 345 2549 1943 2622">
    <p class='ocr_par' dir='ltr' id='par_1_27' title="bbox 345 2549 1943 2622">
     <span class='ocr_line' id='line_1_27' title="bbox 345 2549 1943 2622; baseline 0.003 -19"><span class='ocrx_word' id='word_1_190' title='bbox 345 2549 760 2621; x_wconf 79' lang='grc' dir='ltr'>ἐξομολογήσει,</span> <span class='ocrx_word' id='word_1_191' title='bbox 789 2549 877 2604; x_wconf 83' lang='grc' dir='ltr'>ἵνα</span> <span class='ocrx_word' id='word_1_192' title='bbox 907 2549 984 2622; x_wconf 74' lang='grc' dir='ltr'>μὴ</span> <span class='ocrx_word' id='word_1_193' title='bbox 1004 2550 1333 2616; x_wconf 77' lang='grc' dir='ltr'>ἀπελθόντες</span> <span class='ocrx_word' id='word_1_194' title='bbox 1386 2551 1639 2606; x_wconf 87' lang='grc' dir='ltr'>ἐντεῦθεν</span> <span class='ocrx_word' id='word_1_195' title='bbox 1680 2553 1943 2607; x_wconf 87' lang='grc' dir='ltr'>ἀναπολό-</span> 
     </span>
    </p>
   </div>
   <div class='ocr_carea' id='block_1_28' title="bbox 344 2633 1941 2706">
    <p class='ocr_par' dir='ltr' id='par_1_28' title="bbox 344 2633 1941 2706">
     <span class='ocr_line' id='line_1_28' title="bbox 344 2633 1941 2706; baseline 0.003 -22"><span class='ocrx_word' id='word_1_196' title='bbox 344 2649 530 2705; x_wconf 87' lang='grc' dir='ltr'>γητοι,</span> <span class='ocrx_word' id='word_1_197' title='bbox 558 2634 662 2702; x_wconf 87' lang='grc' dir='ltr'>τὴν</span> <span class='ocrx_word' id='word_1_198' title='bbox 679 2633 919 2704; x_wconf 80' lang='grc' dir='ltr'>ἐσχάτην</span> <span class='ocrx_word' id='word_1_199' title='bbox 952 2633 1336 2704; x_wconf 80' lang='grc' dir='ltr'>ὑπομείνωμεν</span> <span class='ocrx_word' id='word_1_200' title='bbox 1392 2634 1683 2705; x_wconf 82' lang='grc' dir='ltr'>τιμωρίαν.</span> <span class='ocrx_word' id='word_1_201' title='bbox 1711 2636 1807 2687; x_wconf 76' lang='grc' dir='ltr'>Ἂν</span> <span class='ocrx_word' id='word_1_202' title='bbox 1843 2636 1941 2706; x_wconf 86' lang='grc' dir='ltr'>μὲν</span> 
     </span>
    </p>
   </div>
   <div class='ocr_carea' id='block_1_29' title="bbox 341 2714 1939 2788">
    <p class='ocr_par' dir='ltr' id='par_1_29' title="bbox 341 2714 1939 2788">
     <span class='ocr_line' id='line_1_29' title="bbox 341 2714 1939 2788; baseline 0.001 -19"><span class='ocrx_word' id='word_1_203' title='bbox 341 2717 458 2788; x_wconf 78' lang='grc' dir='ltr'>γάρ</span> <span class='ocrx_word' id='word_1_204' title='bbox 489 2714 632 2768; x_wconf 80' lang='grc' dir='ltr'>κατὰ</span> <span class='ocrx_word' id='word_1_205' title='bbox 655 2714 747 2769; x_wconf 71' lang='grc' dir='ltr'>τὸν</span> <span class='ocrx_word' id='word_1_206' title='bbox 778 2715 1019 2785; x_wconf 86' lang='grc' dir='ltr'>παρόντα</span> <span class='ocrx_word' id='word_1_207' title='bbox 1071 2714 1186 2785; x_wconf 85' lang='grc' dir='ltr'>βίον</span> <span class='ocrx_word' id='word_1_208' title='bbox 1246 2715 1645 2785; x_wconf 84' lang='grc' dir='ltr'>ἐπιδειξώμεθα</span> <span class='ocrx_word' id='word_1_209' title='bbox 1699 2718 1939 2787; x_wconf 80' lang='grc' dir='ltr'>σπουδὴν</span> 
     </span>
    </p>
   </div>
   <div class='ocr_carea' id='block_1_30' title="bbox 340 2797 1939 2871">
    <p class='ocr_par' dir='ltr' id='par_1_30' title="bbox 340 2797 1939 2871">
     <span class='ocr_line' id='line_1_30' title="bbox 340 2797 1939 2871; baseline 0.003 -19"><span class='ocrx_word' id='word_1_210' title='bbox 340 2799 453 2854; x_wconf 72' lang='grc' dir='ltr'>κᾶν</span> <span class='ocrx_word' id='word_1_211' title='bbox 486 2799 588 2871; x_wconf 77' lang='grc' dir='ltr'>τὴν</span> <span class='ocrx_word' id='word_1_212' title='bbox 615 2799 907 2869; x_wconf 80' lang='grc' dir='ltr'>τυχοῦσαν,</span> <span class='ocrx_word' id='word_1_213' title='bbox 958 2798 1026 2852; x_wconf 88' lang='grc' dir='ltr'>τά</span> <span class='ocrx_word' id='word_1_214' title='bbox 1054 2799 1290 2869; x_wconf 87' lang='grc' dir='ltr'>μέγιστα</span> <span class='ocrx_word' id='word_1_215' title='bbox 1337 2797 1703 2871; x_wconf 82' lang='grc' dir='ltr'>κερδανοῦμεν</span> <span class='ocrx_word' id='word_1_216' title='bbox 1724 2817 1738 2831; x_wconf 86' lang='grc'><strong>·</strong></span> <span class='ocrx_word' id='word_1_217' title='bbox 1788 2799 1854 2855; x_wconf 79' lang='grc' dir='ltr'>ἂν</span> <span class='ocrx_word' id='word_1_218' title='bbox 1882 2801 1939 2856; x_wconf 76' lang='grc' dir='ltr'>δέ</span> 
     </span>
    </p>
   </div>
   <div class='ocr_carea' id='block_1_31' title="bbox 343 2881 1936 2955">
    <p class='ocr_par' dir='ltr' id='par_1_31' title="bbox 343 2881 1936 2955">
     <span class='ocr_line' id='line_1_31' title="bbox 343 2881 1936 2955; baseline 0.002 -19"><span class='ocrx_word' id='word_1_219' title='bbox 343 2884 516 2955; x_wconf 80' lang='grc' dir='ltr'>μηδὲν</span> <span class='ocrx_word' id='word_1_220' title='bbox 547 2882 782 2937; x_wconf 89' lang='grc' dir='ltr'>ἐνταῦθα</span> <span class='ocrx_word' id='word_1_221' title='bbox 836 2882 1117 2953; x_wconf 87' lang='grc' dir='ltr'>γενόμενοι</span> <span class='ocrx_word' id='word_1_222' title='bbox 1172 2881 1411 2954; x_wconf 85' lang='grc' dir='ltr'>βελτίους</span> <span class='ocrx_word' id='word_1_223' title='bbox 1460 2882 1804 2953; x_wconf 87' lang='grc' dir='ltr'>ἀπέλθωμεν,</span> <span class='ocrx_word' id='word_1_224' title='bbox 1835 2883 1936 2939; x_wconf 84' lang='grc' dir='ltr'>κᾶν</span> 
     </span>
    </p>
   </div>
   <div class='ocr_carea' id='block_1_32' title="bbox 342 2964 1935 3037">
    <p class='ocr_par' dir='ltr' id='par_1_32' title="bbox 342 2964 1935 3037">
     <span class='ocr_line' id='line_1_32' title="bbox 342 2964 1935 3037; baseline -0.001 -18"><span class='ocrx_word' id='word_1_225' title='bbox 342 2965 709 3037; x_wconf 82' lang='grc' dir='ltr'>σφοδρότερον</span> <span class='ocrx_word' id='word_1_226' title='bbox 752 2967 872 3018; x_wconf 86' lang='grc' dir='ltr'>ἐκεῖ</span> <span class='ocrx_word' id='word_1_227' title='bbox 921 2966 1367 3037; x_wconf 81' lang='grc' dir='ltr'>μετανοήσωμεν,</span> <span class='ocrx_word' id='word_1_228' title='bbox 1421 2964 1573 3018; x_wconf 78' lang='grc' dir='ltr'>οὐδὲν</span> <span class='ocrx_word' id='word_1_229' title='bbox 1603 2966 1735 3035; x_wconf 90' lang='grc' dir='ltr'>ἡμῖν</span> <span class='ocrx_word' id='word_1_230' title='bbox 1783 2967 1935 3019; x_wconf 78' lang='grc' dir='ltr'>ἔσται</span> 
     </span>
    </p>
   </div>
   <div class='ocr_carea' id='block_1_33' title="bbox 340 3046 1934 3118">
    <p class='ocr_par' dir='ltr' id='par_1_33' title="bbox 340 3046 1934 3118">
     <span class='ocr_line' id='line_1_33' title="bbox 340 3046 1934 3118; baseline 0.001 -18"><span class='ocrx_word' id='word_1_231' title='bbox 340 3049 530 3102; x_wconf 80' lang='grc' dir='ltr'>πλέον.</span> <span class='ocrx_word' id='word_1_232' title='bbox 561 3049 672 3102; x_wconf 80' lang='grc' dir='ltr'>Καὶ</span> <span class='ocrx_word' id='word_1_233' title='bbox 693 3047 804 3118; x_wconf 86' lang='grc' dir='ltr'>γάρ</span> <span class='ocrx_word' id='word_1_234' title='bbox 834 3047 940 3101; x_wconf 78' lang='grc' dir='ltr'>ἔδει</span> <span class='ocrx_word' id='word_1_235' title='bbox 982 3046 1093 3100; x_wconf 88' lang='grc' dir='ltr'>τῶν</span> <span class='ocrx_word' id='word_1_236' title='bbox 1145 3048 1485 3117; x_wconf 87' lang='grc' dir='ltr'>σκαμμάτων</span> <span class='ocrx_word' id='word_1_237' title='bbox 1539 3048 1669 3100; x_wconf 82' lang='grc' dir='ltr'>εῐσω</span> <span class='ocrx_word' id='word_1_238' title='bbox 1707 3047 1934 3117; x_wconf 87' lang='grc' dir='ltr'>μένοντα</span> 
     </span>
    </p>
   </div>
   <div class='ocr_carea' id='block_1_34' title="bbox 339 3134 1933 3206">
    <p class='ocr_par' dir='ltr' id='par_1_34' title="bbox 339 3134 1933 3206">
     <span class='ocr_line' id='line_1_34' title="bbox 339 3134 1933 3206; baseline -0.001 -17"><span class='ocrx_word' id='word_1_239' title='bbox 339 3134 744 3205; x_wconf 84' lang='grc' dir='ltr'>ἀγωνίσασθαι,</span> <span class='ocrx_word' id='word_1_240' title='bbox 781 3135 842 3188; x_wconf 77' lang='grc' dir='ltr'>οὐ</span> <span class='ocrx_word' id='word_1_241' title='bbox 879 3134 1019 3206; x_wconf 88' lang='grc' dir='ltr'>μετά</span> <span class='ocrx_word' id='word_1_242' title='bbox 1054 3135 1116 3188; x_wconf 71' lang='grc' dir='ltr'>τὸ</span> <span class='ocrx_word' id='word_1_243' title='bbox 1135 3134 1362 3205; x_wconf 84' lang='grc' dir='ltr'>λυθῆναι</span> <span class='ocrx_word' id='word_1_244' title='bbox 1385 3134 1445 3188; x_wconf 83' lang='grc' dir='ltr'>τὸ</span> <span class='ocrx_word' id='word_1_245' title='bbox 1470 3135 1697 3206; x_wconf 86' lang='grc' dir='ltr'>θέατρον</span> <span class='ocrx_word' id='word_1_246' title='bbox 1730 3134 1933 3188; x_wconf 86' lang='grc' dir='ltr'>ἀποδύ-</span> 
     </span>
    </p>
   </div>
   <div class='ocr_carea' id='block_1_35' title="bbox 343 3215 1933 3289">
    <p class='ocr_par' dir='ltr' id='par_1_35' title="bbox 343 3215 1933 3289">
     <span class='ocr_line' id='line_1_35' title="bbox 343 3215 1933 3289; baseline 0.001 -18"><span class='ocrx_word' id='word_1_247' title='bbox 343 3218 540 3289; x_wconf 87' lang='grc' dir='ltr'>ρεσθαι</span> <span class='ocrx_word' id='word_1_248' title='bbox 570 3219 665 3272; x_wconf 77' lang='grc' dir='ltr'>καὶ</span> <span class='ocrx_word' id='word_1_249' title='bbox 693 3215 952 3289; x_wconf 78' lang='grc' dir='ltr'>δακρύειν</span> <span class='ocrx_word' id='word_1_250' title='bbox 969 3217 1203 3287; x_wconf 84' lang='grc' dir='ltr'>ἀνόνητα</span> <span class='ocrx_word' id='word_1_251' title='bbox 1221 3233 1233 3246; x_wconf 92' lang='grc'><strong>·</strong></span> <span class='ocrx_word' id='word_1_252' title='bbox 1258 3217 1394 3288; x_wconf 84' lang='grc' dir='ltr'>ὅπερ</span> <span class='ocrx_word' id='word_1_253' title='bbox 1410 3218 1439 3270; x_wconf 88' lang='grc' dir='ltr'>ὀ</span> <span class='ocrx_word' id='word_1_254' title='bbox 1461 3217 1715 3281; x_wconf 90' lang='grc' dir='ltr'>πλούσιος</span> <span class='ocrx_word' id='word_1_255' title='bbox 1728 3220 1933 3283; x_wconf 82' lang='grc' dir='ltr'>ἐκεῖνος</span> 
     </span>
    </p>
   </div>
   <div class='ocr_carea' id='block_1_36' title="bbox 340 3300 1932 3372">
    <p class='ocr_par' dir='ltr' id='par_1_36' title="bbox 340 3300 1932 3372">
     <span class='ocr_line' id='line_1_36' title="bbox 340 3300 1932 3372; baseline 0.001 -17"><span class='ocrx_word' id='word_1_256' title='bbox 340 3302 541 3369; x_wconf 81' lang='grc' dir='ltr'>ἐποίει,</span> <span class='ocrx_word' id='word_1_257' title='bbox 576 3301 791 3372; x_wconf 85' lang='grc' dir='ltr'>θρηνῶν</span> <span class='ocrx_word' id='word_1_258' title='bbox 820 3300 921 3372; x_wconf 87' lang='grc' dir='ltr'>μὲν</span> <span class='ocrx_word' id='word_1_259' title='bbox 952 3300 1045 3354; x_wconf 83' lang='grc' dir='ltr'>καὶ</span> <span class='ocrx_word' id='word_1_260' title='bbox 1066 3300 1482 3372; x_wconf 81' lang='grc' dir='ltr'>ὀλοφυρόμενος,</span> <span class='ocrx_word' id='word_1_261' title='bbox 1518 3303 1641 3371; x_wconf 85' lang='grc' dir='ltr'>είκῆ</span> <span class='ocrx_word' id='word_1_262' title='bbox 1669 3301 1725 3355; x_wconf 89' lang='grc' dir='ltr'>δέ</span> <span class='ocrx_word' id='word_1_263' title='bbox 1748 3302 1932 3357; x_wconf 73' lang='grc' dir='ltr'>λοιπὸν</span> 
     </span>
    </p>
   </div>
   <div class='ocr_carea' id='block_1_37' title="bbox 343 3383 1931 3457">
    <p class='ocr_par' dir='ltr' id='par_1_37' title="bbox 343 3383 1931 3457">
     <span class='ocr_line' id='line_1_37' title="bbox 343 3383 1931 3457; baseline 0.001 -19"><span class='ocrx_word' id='word_1_264' title='bbox 343 3386 443 3438; x_wconf 64' lang='grc' dir='ltr'>καὶ</span> <span class='ocrx_word' id='word_1_265' title='bbox 483 3385 681 3455; x_wconf 82' lang='grc' dir='ltr'>μάτην,</span> <span class='ocrx_word' id='word_1_266' title='bbox 715 3384 901 3455; x_wconf 83' lang='grc' dir='ltr'>ἐπειδὴ</span> <span class='ocrx_word' id='word_1_267' title='bbox 920 3384 1012 3438; x_wconf 85' lang='grc' dir='ltr'>τὸν</span> <span class='ocrx_word' id='word_1_268' title='bbox 1063 3385 1254 3456; x_wconf 82' lang='grc' dir='ltr'>καιρὸν</span> <span class='ocrx_word' id='word_1_269' title='bbox 1298 3383 1471 3457; x_wconf 75' lang='grc' dir='ltr'>[ἳο8],</span> <span class='ocrx_word' id='word_1_270' title='bbox 1499 3386 1619 3439; x_wconf 89' lang='grc' dir='ltr'>καθ’</span> <span class='ocrx_word' id='word_1_271' title='bbox 1647 3385 1705 3439; x_wconf 90' lang='grc' dir='ltr'>ὃν</span> <span class='ocrx_word' id='word_1_272' title='bbox 1755 3386 1931 3440; x_wconf 88' lang='grc' dir='ltr'>ταῦτα</span> 
     </span>
    </p>
   </div>
   <div class='ocr_carea' id='block_1_38' title="bbox 344 3467 1933 3540">
    <p class='ocr_par' dir='ltr' id='par_1_38' title="bbox 344 3467 1933 3540">
     <span class='ocr_line' id='line_1_38' title="bbox 344 3467 1933 3540; baseline 0.003 -19"><span class='ocrx_word' id='word_1_273' title='bbox 344 3467 522 3539; x_wconf 81' lang='grc' dir='ltr'>ἐχρῆν</span> <span class='ocrx_word' id='word_1_274' title='bbox 543 3470 736 3532; x_wconf 82' lang='grc' dir='ltr'>ποιεῖν,</span> <span class='ocrx_word' id='word_1_275' title='bbox 770 3468 1069 3539; x_wconf 75' lang='grc' dir='ltr'>ὑπερεῖδεν.</span> <span class='ocrx_word' id='word_1_276' title='bbox 1094 3470 1208 3523; x_wconf 75' lang='grc' dir='ltr'>οὐκ</span> <span class='ocrx_word' id='word_1_277' title='bbox 1238 3471 1443 3533; x_wconf 83' lang='grc' dir='ltr'>ἐκεῖνος</span> <span class='ocrx_word' id='word_1_278' title='bbox 1493 3470 1551 3524; x_wconf 84' lang='grc' dir='ltr'>δέ</span> <span class='ocrx_word' id='word_1_279' title='bbox 1581 3471 1763 3540; x_wconf 83' lang='grc' dir='ltr'>μόνος,</span> <span class='ocrx_word' id='word_1_280' title='bbox 1794 3471 1933 3525; x_wconf 87' lang='grc' dir='ltr'>ἀλλά</span> 
     </span>
    </p>
   </div>
   <div class='ocr_carea' id='block_1_39' title="bbox 340 3550 1925 3623">
    <p class='ocr_par' dir='ltr' id='par_1_39' title="bbox 340 3550 1925 3623">
     <span class='ocr_line' id='line_1_39' title="bbox 340 3550 1925 3623; baseline 0.003 -18"><span class='ocrx_word' id='word_1_281' title='bbox 340 3553 445 3605; x_wconf 80' lang='grc' dir='ltr'>καὶ</span> <span class='ocrx_word' id='word_1_282' title='bbox 494 3551 682 3604; x_wconf 72' lang='grc' dir='ltr'>πολλοὶ</span> <span class='ocrx_word' id='word_1_283' title='bbox 731 3550 910 3622; x_wconf 83' lang='grc' dir='ltr'>ἐτεροι</span> <span class='ocrx_word' id='word_1_284' title='bbox 967 3554 1088 3607; x_wconf 86' lang='grc' dir='ltr'>κατ’</span> <span class='ocrx_word' id='word_1_285' title='bbox 1135 3555 1341 3607; x_wconf 88' lang='grc' dir='ltr'>ἐκεῖνον</span> <span class='ocrx_word' id='word_1_286' title='bbox 1378 3552 1473 3608; x_wconf 89' lang='grc' dir='ltr'>νῦν</span> <span class='ocrx_word' id='word_1_287' title='bbox 1526 3557 1630 3608; x_wconf 85' lang='grc' dir='ltr'>είσι</span> <span class='ocrx_word' id='word_1_288' title='bbox 1662 3555 1925 3623; x_wconf 88' lang='grc' dir='ltr'>πλούσιοι,</span> 
     </span>
    </p>
   </div>
   <div class='ocr_carea' id='block_1_40' title="bbox 337 3634 1928 3711">
    <p class='ocr_par' dir='ltr' id='par_1_40' title="bbox 337 3634 1928 3711">
     <span class='ocr_line' id='line_1_40' title="bbox 337 3634 1928 3711; baseline 0.003 -23"><span class='ocrx_word' id='word_1_289' title='bbox 337 3634 656 3706; x_wconf 86' lang='grc' dir='ltr'>χρημάτων</span> <span class='ocrx_word' id='word_1_290' title='bbox 687 3635 789 3706; x_wconf 86' lang='grc' dir='ltr'>μὲν</span> <span class='ocrx_word' id='word_1_291' title='bbox 815 3636 876 3689; x_wconf 84' lang='grc' dir='ltr'>οὐ</span> <span class='ocrx_word' id='word_1_292' title='bbox 906 3636 1216 3708; x_wconf 86' lang='grc' dir='ltr'>βουλόμενοι</span> <span class='ocrx_word' id='word_1_293' title='bbox 1235 3639 1622 3709; x_wconf 85' lang='grc' dir='ltr'>καταφρονεῖν,</span> <span class='ocrx_word' id='word_1_294' title='bbox 1646 3638 1822 3711; x_wconf 77' lang='grc' dir='ltr'>ψυχῆς</span> <span class='ocrx_word' id='word_1_295' title='bbox 1869 3640 1928 3694; x_wconf 80' lang='grc' dir='ltr'>δὲ</span> 
     </span>
    </p>
   </div>
   <div class='ocr_carea' id='block_1_41' title="bbox 336 3719 1929 3794">
    <p class='ocr_par' dir='ltr' id='par_1_41' title="bbox 336 3719 1929 3794">
     <span class='ocr_line' id='line_1_41' title="bbox 336 3719 1929 3794; baseline 0.003 -22"><span class='ocrx_word' id='word_1_296' title='bbox 336 3720 467 3773; x_wconf 79' lang='grc' dir='ltr'>ἀντὶ</span> <span class='ocrx_word' id='word_1_297' title='bbox 498 3719 805 3790; x_wconf 82' lang='grc' dir='ltr'>χρημάτων</span> <span class='ocrx_word' id='word_1_298' title='bbox 852 3721 1313 3793; x_wconf 83' lang='grc' dir='ltr'>καταφρονοῦντες</span> <span class='ocrx_word' id='word_1_299' title='bbox 1337 3737 1349 3750; x_wconf 71' lang='grc'><strong><em>⁸</em></strong></span> <span class='ocrx_word' id='word_1_300' title='bbox 1375 3721 1469 3785; x_wconf 84' lang='grc' dir='ltr'>οῦς</span> <span class='ocrx_word' id='word_1_301' title='bbox 1497 3721 1685 3791; x_wconf 75' lang='grc' dir='ltr'>ἔμοιγε</span> <span class='ocrx_word' id='word_1_302' title='bbox 1715 3723 1929 3794; x_wconf 86' lang='grc' dir='ltr'>θαυμά-</span> 
     </span>
    </p>
   </div>
   <div class='ocr_carea' id='block_1_42' title="bbox 335 3803 1928 3876">
    <p class='ocr_par' dir='ltr' id='par_1_42' title="bbox 335 3803 1928 3876">
     <span class='ocr_line' id='line_1_42' title="bbox 335 3803 1928 3876; baseline 0.003 -21"><span class='ocrx_word' id='word_1_303' title='bbox 335 3803 455 3867; x_wconf 76' lang='grc' dir='ltr'>ζειν</span> <span class='ocrx_word' id='word_1_304' title='bbox 480 3804 718 3869; x_wconf 81' lang='grc' dir='ltr'>ἔπεισιν,</span> <span class='ocrx_word' id='word_1_305' title='bbox 741 3805 872 3859; x_wconf 83' lang='grc' dir='ltr'>ὅταν</span> <span class='ocrx_word' id='word_1_306' title='bbox 902 3804 994 3858; x_wconf 86' lang='grc' dir='ltr'>ίδω</span> <span class='ocrx_word' id='word_1_307' title='bbox 1020 3804 1099 3875; x_wconf 85' lang='grc' dir='ltr'>τῷ</span> <span class='ocrx_word' id='word_1_308' title='bbox 1147 3805 1246 3876; x_wconf 81' lang='grc' dir='ltr'>μὲν</span> <span class='ocrx_word' id='word_1_309' title='bbox 1278 3804 1399 3875; x_wconf 85' lang='grc' dir='ltr'>Θεῷ</span> <span class='ocrx_word' id='word_1_310' title='bbox 1431 3806 1563 3876; x_wconf 80' lang='grc' dir='ltr'>περὶ</span> <span class='ocrx_word' id='word_1_311' title='bbox 1604 3805 1755 3858; x_wconf 88' lang='grc' dir='ltr'>ἐλέου</span> <span class='ocrx_word' id='word_1_312' title='bbox 1800 3823 1928 3860; x_wconf 88' lang='grc' dir='ltr'>συν-</span> 
     </span>
    </p>
   </div>
   <div class='ocr_carea' id='block_1_43' title="bbox 332 3886 1927 3961">
    <p class='ocr_par' dir='ltr' id='par_1_43' title="bbox 332 3886 1927 3961">
     <span class='ocr_line' id='line_1_43' title="bbox 332 3886 1927 3961; baseline 0.003 -22"><span class='ocrx_word' id='word_1_313' title='bbox 332 3886 479 3957; x_wconf 80' lang='grc' dir='ltr'>εχῶς</span> <span class='ocrx_word' id='word_1_314' title='bbox 506 3887 967 3958; x_wconf 84' lang='grc' dir='ltr'>ἐντυγχάνοντας,</span> <span class='ocrx_word' id='word_1_315' title='bbox 992 3888 1191 3950; x_wconf 81' lang='grc' dir='ltr'>αὐτοὺς</span> <span class='ocrx_word' id='word_1_316' title='bbox 1214 3888 1270 3942; x_wconf 83' lang='grc' dir='ltr'>δὲ</span> <span class='ocrx_word' id='word_1_317' title='bbox 1298 3888 1367 3942; x_wconf 85' lang='grc' dir='ltr'>τά</span> <span class='ocrx_word' id='word_1_318' title='bbox 1397 3890 1672 3961; x_wconf 83' lang='grc' dir='ltr'>ἀνήκεστα</span> <span class='ocrx_word' id='word_1_319' title='bbox 1701 3892 1927 3957; x_wconf 72' lang='grc' dir='ltr'>ἑαυτοὺς</span> 
     </span>
    </p>
   </div>
   <div class='ocr_carea' id='block_1_44' title="bbox 329 3969 1936 4044">
    <p class='ocr_par' dir='ltr' id='par_1_44' title="bbox 329 3969 1936 4044">
     <span class='ocr_line' id='line_1_44' title="bbox 329 3969 1936 4044; baseline 0.006 -24"><span class='ocrx_word' id='word_1_320' title='bbox 329 3969 700 4037; x_wconf 77' lang='grc' dir='ltr'>διατιθέντας,</span> <span class='ocrx_word' id='word_1_321' title='bbox 735 3972 831 4025; x_wconf 77' lang='grc' dir='ltr'>καὶ</span> <span class='ocrx_word' id='word_1_322' title='bbox 857 3970 1048 4041; x_wconf 81' lang='grc' dir='ltr'>ῶσπερ</span> <span class='ocrx_word' id='word_1_323' title='bbox 1095 3970 1380 4042; x_wconf 81' lang='grc' dir='ltr'>πολεμίας,</span> <span class='ocrx_word' id='word_1_324' title='bbox 1410 3971 1553 4027; x_wconf 79' lang='grc' dir='ltr'>οὕτω</span> <span class='ocrx_word' id='word_1_325' title='bbox 1585 3974 1683 4044; x_wconf 84' lang='grc' dir='ltr'>τῆς</span> <span class='ocrx_word' id='word_1_326' title='bbox 1718 3975 1936 4029; x_wconf 77' lang='grc' dir='ltr'>ἑαυτῶν.</span> 
     </span>
    </p>
   </div>
   <div class='ocr_carea' id='block_1_45' title="bbox 329 4048 1924 4130">
    <p class='ocr_par' dir='ltr' id='par_1_45' title="bbox 329 4048 1924 4130">
     <span class='ocr_line' id='line_1_45' title="bbox 329 4048 1924 4130; baseline 0.003 -24"><span class='ocrx_word' id='word_1_327' title='bbox 329 4048 693 4121; x_wconf 82' lang='grc' dir='ltr'>ἆφειδοῦντας</span> <span class='ocrx_word' id='word_1_328' title='bbox 716 4053 916 4125; x_wconf 77' lang='grc' dir='ltr'>ψυχῆς.</span> <span class='ocrx_word' id='word_1_329' title='bbox 947 4054 1039 4126; x_wconf 81' lang='grc' dir='ltr'><strong>Μὴ</strong></span> <span class='ocrx_word' id='word_1_330' title='bbox 1067 4053 1132 4125; x_wconf 83' lang='grc' dir='ltr'>δὴ</span> <span class='ocrx_word' id='word_1_331' title='bbox 1176 4055 1480 4125; x_wconf 77' lang='grc' dir='ltr'>παίζωμεν,</span> <span class='ocrx_word' id='word_1_332' title='bbox 1517 4057 1810 4128; x_wconf 77' lang='grc' dir='ltr'>ἀγαπητοὶ,</span> <span class='ocrx_word' id='word_1_333' title='bbox 1847 4058 1924 4130; x_wconf 81' lang='grc' dir='ltr'>μὴ</span> 
     </span>
    </p>
   </div>
   <div class='ocr_carea' id='block_1_46' title="bbox 330 4134 1923 4211">
    <p class='ocr_par' dir='ltr' id='par_1_46' title="bbox 330 4134 1923 4211">
     <span class='ocr_line' id='line_1_46' title="bbox 330 4134 1923 4211; baseline 0.004 -23"><span class='ocrx_word' id='word_1_334' title='bbox 330 4135 649 4207; x_wconf 78' lang='grc' dir='ltr'>παίζωμεν,</span> <span class='ocrx_word' id='word_1_335' title='bbox 693 4137 827 4207; x_wconf 76' lang='grc' dir='ltr'>μηδὲ</span> <span class='ocrx_word' id='word_1_336' title='bbox 865 4134 1361 4207; x_wconf 77' lang='grc' dir='ltr'>παραλογιζώμεθα</span> <span class='ocrx_word' id='word_1_337' title='bbox 1411 4139 1655 4204; x_wconf 77' lang='grc' dir='ltr'>ἑαυτοὺς,</span> <span class='ocrx_word' id='word_1_338' title='bbox 1687 4140 1778 4193; x_wconf 84' lang='grc' dir='ltr'>τὸν</span> <span class='ocrx_word' id='word_1_339' title='bbox 1823 4141 1923 4211; x_wconf 86' lang='grc' dir='ltr'>μὲν</span> 
     </span>
    </p>
   </div>
   <div class='ocr_carea' id='block_1_47' title="bbox 326 4218 1920 4291">
    <p class='ocr_par' dir='ltr' id='par_1_47' title="bbox 326 4218 1920 4291">
     <span class='ocr_line' id='line_1_47' title="bbox 326 4218 1920 4291; baseline 0.004 -19"><span class='ocrx_word' id='word_1_340' title='bbox 326 4219 469 4273; x_wconf 79' lang='grc' dir='ltr'>Θεὺν</span> <span class='ocrx_word' id='word_1_341' title='bbox 529 4218 810 4285; x_wconf 80' lang='grc' dir='ltr'>ἀξιοῦντες</span> <span class='ocrx_word' id='word_1_342' title='bbox 864 4222 1010 4291; x_wconf 79' lang='grc' dir='ltr'>ἡμᾶς</span> <span class='ocrx_word' id='word_1_343' title='bbox 1059 4220 1306 4289; x_wconf 83' lang='grc' dir='ltr'>ἐλεῆσαι,</span> <span class='ocrx_word' id='word_1_344' title='bbox 1362 4221 1516 4274; x_wconf 80' lang='grc' dir='ltr'>αὐτοὶ</span> <span class='ocrx_word' id='word_1_345' title='bbox 1550 4220 1607 4273; x_wconf 88' lang='grc' dir='ltr'>δέ</span> <span class='ocrx_word' id='word_1_346' title='bbox 1646 4221 1739 4275; x_wconf 89' lang='grc' dir='ltr'>τοῦ</span> <span class='ocrx_word' id='word_1_347' title='bbox 1769 4225 1920 4279; x_wconf 89' lang='grc' dir='ltr'>ἐλέου</span> 
     </span>
    </p>
   </div>
   <div class='ocr_carea' id='block_1_48' title="bbox 324 4296 1923 4375">
    <p class='ocr_par' dir='ltr' id='par_1_48' title="bbox 324 4296 1923 4375">
     <span class='ocr_line' id='line_1_48' title="bbox 324 4296 1923 4375; baseline 0.003 -18"><span class='ocrx_word' id='word_1_348' title='bbox 324 4302 528 4358; x_wconf 76' lang='grc' dir='ltr'>τούτου</span> <span class='ocrx_word' id='word_1_349' title='bbox 569 4302 668 4356; x_wconf 78' lang='grc' dir='ltr'>καὶ</span> <span class='ocrx_word' id='word_1_350' title='bbox 698 4305 957 4375; x_wconf 86' lang='grc' dir='ltr'>χρήματα</span> <span class='ocrx_word' id='word_1_351' title='bbox 988 4303 1085 4357; x_wconf 78' lang='grc' dir='ltr'>καὶ</span> <span class='ocrx_word' id='word_1_352' title='bbox 1119 4304 1333 4375; x_wconf 82' lang='grc' dir='ltr'>τρυφὴν</span> <span class='ocrx_word' id='word_1_353' title='bbox 1378 4303 1470 4357; x_wconf 73' lang='grc' dir='ltr'>καὶ</span> <span class='ocrx_word' id='word_1_354' title='bbox 1526 4303 1708 4358; x_wconf 84' lang='grc' dir='ltr'>πάντα</span> <span class='ocrx_word' id='word_1_355' title='bbox 1739 4296 1923 4373; x_wconf 65' lang='grc' dir='ltr'>ἁπλῶς</span> 
     </span>
    </p>
   </div>
   <div class='ocr_carea' id='block_1_49' title="bbox 327 4384 1918 4462">
    <p class='ocr_par' dir='ltr' id='par_1_49' title="bbox 327 4384 1918 4462">
     <span class='ocr_line' id='line_1_49' title="bbox 327 4384 1918 4462; baseline 0.003 -23"><span class='ocrx_word' id='word_1_356' title='bbox 327 4384 710 4457; x_wconf 80' lang='grc' dir='ltr'>προτιθέντες.</span> <span class='ocrx_word' id='word_1_357' title='bbox 751 4385 887 4439; x_wconf 79' lang='grc' dir='ltr'>Οὑδέ</span> <span class='ocrx_word' id='word_1_358' title='bbox 918 4387 1048 4457; x_wconf 87' lang='grc' dir='ltr'>γὰρ,</span> <span class='ocrx_word' id='word_1_359' title='bbox 1083 4385 1140 4439; x_wconf 86' lang='grc' dir='ltr'>εῐ</span> <span class='ocrx_word' id='word_1_360' title='bbox 1189 4386 1277 4451; x_wconf 86' lang='grc' dir='ltr'>τίς</span> <span class='ocrx_word' id='word_1_361' title='bbox 1321 4403 1403 4440; x_wconf 92' lang='grc' dir='ltr'>σοι</span> <span class='ocrx_word' id='word_1_362' title='bbox 1446 4385 1604 4457; x_wconf 87' lang='grc' dir='ltr'>δίκην</span> <span class='ocrx_word' id='word_1_363' title='bbox 1653 4393 1918 4462; x_wconf 80' lang='grc' dir='ltr'>προσῆγε,</span> 
     </span>
    </p>
   </div>
   <div class='ocr_carea' id='block_1_50' title="bbox 327 4461 1922 4542">
    <p class='ocr_par' dir='ltr' id='par_1_50' title="bbox 327 4461 1922 4542">
     <span class='ocr_line' id='line_1_50' title="bbox 327 4461 1922 4542; baseline 0.004 -21"><span class='ocrx_word' id='word_1_364' title='bbox 327 4469 422 4521; x_wconf 87' lang='grc' dir='ltr'>καί</span> <span class='ocrx_word' id='word_1_365' title='bbox 450 4467 783 4540; x_wconf 85' lang='grc' dir='ltr'>κατηγορῶν</span> <span class='ocrx_word' id='word_1_366' title='bbox 809 4461 1098 4533; x_wconf 68' lang='grc' dir='ltr'>τοῦρδεῖνος</span> <span class='ocrx_word' id='word_1_367' title='bbox 1120 4468 1327 4538; x_wconf 71' lang='grc' dir='ltr'>ἔλεγεν,</span> <span class='ocrx_word' id='word_1_368' title='bbox 1357 4470 1437 4524; x_wconf 85' lang='grc' dir='ltr'>ὅτι</span> <span class='ocrx_word' id='word_1_369' title='bbox 1459 4470 1684 4541; x_wconf 85' lang='grc' dir='ltr'>μυρίους</span> <span class='ocrx_word' id='word_1_370' title='bbox 1712 4461 1922 4542; x_wconf 77' lang='grc' dir='ltr'>μέλλων</span> 
     </span>
    </p>
   </div>
   <div class='ocr_carea' id='block_1_51' title="bbox 326 4551 1921 4628">
    <p class='ocr_par' dir='ltr' id='par_1_51' title="bbox 326 4551 1921 4628">
     <span class='ocr_line' id='line_1_51' title="bbox 326 4551 1921 4628; baseline 0.005 -24"><span class='ocrx_word' id='word_1_371' title='bbox 326 4552 629 4622; x_wconf 84' lang='grc' dir='ltr'>ὑπομένειν</span> <span class='ocrx_word' id='word_1_372' title='bbox 657 4552 941 4616; x_wconf 83' lang='grc' dir='ltr'>θανάτους,</span> <span class='ocrx_word' id='word_1_373' title='bbox 995 4552 1091 4607; x_wconf 76' lang='grc' dir='ltr'>καὶ</span> <span class='ocrx_word' id='word_1_374' title='bbox 1135 4552 1322 4626; x_wconf 87' lang='grc' dir='ltr'>κύριος</span> <span class='ocrx_word' id='word_1_375' title='bbox 1363 4551 1440 4607; x_wconf 86' lang='grc' dir='ltr'>ῶν</span> <span class='ocrx_word' id='word_1_376' title='bbox 1482 4553 1639 4608; x_wconf 88' lang='grc' dir='ltr'>λῦσαι</span> <span class='ocrx_word' id='word_1_377' title='bbox 1690 4557 1789 4621; x_wconf 80' lang='grc' dir='ltr'>τὰς</span> <span class='ocrx_word' id='word_1_378' title='bbox 1814 4556 1921 4628; x_wconf 77' lang='grc' dir='ltr'>ψή-</span> 
     </span>
    </p>
   </div>
   <div class='ocr_carea' id='block_1_52' title="bbox 324 4635 1918 4707">
    <p class='ocr_par' dir='ltr' id='par_1_52' title="bbox 324 4635 1918 4707">
     <span class='ocr_line' id='line_1_52' title="bbox 324 4635 1918 4707; baseline 0.005 -21"><span class='ocrx_word' id='word_1_379' title='bbox 324 4650 462 4701; x_wconf 86' lang='grc' dir='ltr'>φους</span> <span class='ocrx_word' id='word_1_380' title='bbox 530 4635 814 4707; x_wconf 85' lang='grc' dir='ltr'>χρήμασιν</span> <span class='ocrx_word' id='word_1_381' title='bbox 862 4635 1083 4704; x_wconf 87' lang='grc' dir='ltr'>ὀλίγοις,</span> <span class='ocrx_word' id='word_1_382' title='bbox 1136 4636 1308 4690; x_wconf 80' lang='grc' dir='ltr'>είλετο</span> <span class='ocrx_word' id='word_1_383' title='bbox 1348 4637 1548 4706; x_wconf 82' lang='grc' dir='ltr'>μᾶλλον</span> <span class='ocrx_word' id='word_1_384' title='bbox 1595 4639 1918 4707; x_wconf 82' lang='grc' dir='ltr'>ἀποθανεῖν,</span> 
     </span>
    </p>
   </div>
   <div class='ocr_carea' id='block_1_53' title="bbox 322 4716 1920 4795">
    <p class='ocr_par' dir='ltr' id='par_1_53' title="bbox 322 4716 1920 4795">
     <span class='ocr_line' id='line_1_53' title="bbox 322 4716 1920 4795; baseline 0.005 -26"><span class='ocrx_word' id='word_1_385' title='bbox 322 4716 359 4795; x_wconf 63' lang='grc' dir='ltr'>ἡ</span> <span class='ocrx_word' id='word_1_386' title='bbox 392 4733 448 4769; x_wconf 92' lang='grc' dir='ltr'>τι</span> <span class='ocrx_word' id='word_1_387' title='bbox 475 4717 591 4773; x_wconf 88' lang='grc' dir='ltr'>τῶν</span> <span class='ocrx_word' id='word_1_388' title='bbox 624 4717 793 4772; x_wconf 81' lang='grc' dir='ltr'>αὑτοῦ</span> <span class='ocrx_word' id='word_1_389' title='bbox 821 4717 1101 4795; x_wconf 72' lang='grc' dir='ltr'>πρρέσθαι,</span> <span class='ocrx_word' id='word_1_390' title='bbox 1142 4719 1291 4773; x_wconf 87' lang='grc' dir='ltr'>ἐλέου</span> <span class='ocrx_word' id='word_1_391' title='bbox 1323 4720 1469 4786; x_wconf 83' lang='grc' dir='ltr'>τινὸς</span> <span class='ocrx_word' id='word_1_392' title='bbox 1508 4721 1542 4793; x_wconf 80' lang='grc' dir='ltr'>ἢ</span> <span class='ocrx_word' id='word_1_393' title='bbox 1587 4724 1920 4795; x_wconf 84' lang='grc' dir='ltr'>συγγνώμης</span> 
     </span>
    </p>
   </div>
   <div class='ocr_carea' id='block_1_54' title="bbox 320 4793 1923 4865">
    <p class='ocr_par' dir='ltr' id='par_1_54' title="bbox 320 4793 1923 4865">
     <span class='ocr_line' id='line_1_54' title="bbox 320 4793 1923 4865; baseline 0.006 -17"><span class='ocrx_word' id='word_1_394' title='bbox 320 4793 461 4865; x_wconf 75' lang='grc' dir='ltr'>ἔφης</span> <span class='ocrx_word' id='word_1_395' title='bbox 485 4796 657 4850; x_wconf 81' lang='grc' dir='ltr'>αὐτὸν</span> <span class='ocrx_word' id='word_1_396' title='bbox 683 4796 833 4862; x_wconf 75' lang='grc' dir='ltr'>ἄξιον</span> <span class='ocrx_word' id='word_1_397' title='bbox 866 4793 1029 4853; x_wconf 78' lang='grc' dir='ltr'>εἶναι.</span> <span class='ocrx_word' id='word_1_398' title='bbox 1060 4796 1231 4852; x_wconf 88' lang='grc' dir='ltr'>Τοῦτο</span> <span class='ocrx_word' id='word_1_399' title='bbox 1252 4800 1431 4853; x_wconf 86' lang='grc' dir='ltr'>τοίνυν</span> <span class='ocrx_word' id='word_1_400' title='bbox 1473 4802 1568 4855; x_wconf 79' lang='grc' dir='ltr'>καὶ</span> <span class='ocrx_word' id='word_1_401' title='bbox 1599 4803 1693 4855; x_wconf 77' lang='grc' dir='ltr'>ἐπὶ</span> <span class='ocrx_word' id='word_1_402' title='bbox 1722 4793 1923 4857; x_wconf 85' lang='grc' dir='ltr'>σαυτοῦ</span> 
     </span>
    </p>
   </div>
   <div class='ocr_carea' id='block_1_55' title="bbox 320 4876 1917 4956">
    <p class='ocr_par' dir='ltr' id='par_1_55' title="bbox 320 4876 1917 4956">
     <span class='ocr_line' id='line_1_55' title="bbox 320 4876 1917 4956; baseline 0.006 -26"><span class='ocrx_word' id='word_1_403' title='bbox 320 4876 568 4946; x_wconf 76' lang='grc' dir='ltr'>λογίζου·</span> <span class='ocrx_word' id='word_1_404' title='bbox 606 4881 705 4932; x_wconf 67' lang='grc' dir='ltr'>καλ⁵</span> <span class='ocrx_word' id='word_1_405' title='bbox 735 4879 846 4951; x_wconf 82' lang='grc' dir='ltr'>γὰρ</span> <span class='ocrx_word' id='word_1_406' title='bbox 868 4881 964 4934; x_wconf 74' lang='grc' dir='ltr'>καὶ</span> <span class='ocrx_word' id='word_1_407' title='bbox 992 4882 1154 4951; x_wconf 85' lang='grc' dir='ltr'>ἡμεῖς</span> <span class='ocrx_word' id='word_1_408' title='bbox 1181 4880 1340 4936; x_wconf 91' lang='grc' dir='ltr'>τοῦτο</span> <span class='ocrx_word' id='word_1_409' title='bbox 1364 4882 1648 4955; x_wconf 87' lang='grc' dir='ltr'>ποιοῦμεν,</span> <span class='ocrx_word' id='word_1_410' title='bbox 1682 4885 1779 4939; x_wconf 76' lang='grc' dir='ltr'>καὶ</span> <span class='ocrx_word' id='word_1_411' title='bbox 1815 4886 1917 4956; x_wconf 88' lang='grc' dir='ltr'>τῆς</span> 
     </span>
    </p>
   </div>
   <div class='ocr_carea' id='block_1_56' title="bbox 320 4961 1917 5038">
    <p class='ocr_par' dir='ltr' id='par_1_56' title="bbox 320 4961 1917 5038">
     <span class='ocr_line' id='line_1_56' title="bbox 320 4961 1917 5038; baseline 0.006 -26"><span class='ocrx_word' id='word_1_412' title='bbox 320 4961 605 5032; x_wconf 84' lang='grc' dir='ltr'>σωτηρίας</span> <span class='ocrx_word' id='word_1_413' title='bbox 634 4961 796 5032; x_wconf 83' lang='grc' dir='ltr'>ἡμῶν</span> <span class='ocrx_word' id='word_1_414' title='bbox 820 4963 1312 5033; x_wconf 72' lang='grc' dir='ltr'>καταφρονοῦντες,</span> <span class='ocrx_word' id='word_1_415' title='bbox 1351 4966 1460 5019; x_wconf 88' lang='grc' dir='ltr'>τῶν</span> <span class='ocrx_word' id='word_1_416' title='bbox 1479 4968 1774 5037; x_wconf 87' lang='grc' dir='ltr'>χρημάτων</span> <span class='ocrx_word' id='word_1_417' title='bbox 1799 4986 1917 5038; x_wconf 83' lang='grc' dir='ltr'>φει-</span> 
     </span>
    </p>
   </div>
   <div class='ocr_carea' id='block_1_57' title="bbox 317 5038 1917 5114">
    <p class='ocr_par' dir='ltr' id='par_1_57' title="bbox 317 5038 1917 5114">
     <span class='ocr_line' id='line_1_57' title="bbox 317 5038 1917 5114; baseline 0.007 -23"><span class='ocrx_word' id='word_1_418' title='bbox 317 5038 543 5110; x_wconf 73' lang='grc' dir='ltr'>δόμεθαο</span> <span class='ocrx_word' id='word_1_419' title='bbox 575 5040 706 5105; x_wconf 86' lang='grc' dir='ltr'>Πῶς</span> <span class='ocrx_word' id='word_1_420' title='bbox 724 5038 820 5096; x_wconf 78' lang='grc' dir='ltr'>οὖν</span> <span class='ocrx_word' id='word_1_421' title='bbox 840 5042 932 5096; x_wconf 72' lang='grc' dir='ltr'>τὸν</span> <span class='ocrx_word' id='word_1_422' title='bbox 954 5043 1086 5098; x_wconf 69' lang='grc' dir='ltr'>Θεὸν</span> <span class='ocrx_word' id='word_1_423' title='bbox 1108 5042 1277 5110; x_wconf 82' lang='grc' dir='ltr'>ἀξιοῖς</span> <span class='ocrx_word' id='word_1_424' title='bbox 1295 5062 1387 5099; x_wconf 90' lang='grc' dir='ltr'>σου</span> <span class='ocrx_word' id='word_1_425' title='bbox 1419 5046 1726 5114; x_wconf 88' lang='grc' dir='ltr'>φείσασθαι,</span> <span class='ocrx_word' id='word_1_426' title='bbox 1752 5049 1917 5113; x_wconf 76' lang='grc' dir='ltr'>αὐτὸς</span> 
     </span>
    </p>
   </div>
   <div class='ocr_carea' id='block_1_58' title="bbox 320 5118 1912 5197">
    <p class='ocr_par' dir='ltr' id='par_1_58' title="bbox 320 5118 1912 5197">
     <span class='ocr_line' id='line_1_58' title="bbox 320 5118 1912 5197; baseline 0.008 -29"><span class='ocrx_word' id='word_1_427' title='bbox 320 5118 523 5172; x_wconf 86' lang='grc' dir='ltr'>σαυτοῦ</span> <span class='ocrx_word' id='word_1_428' title='bbox 577 5119 759 5184; x_wconf 73' lang='grc' dir='ltr'>οὕτως</span> <span class='ocrx_word' id='word_1_429' title='bbox 815 5121 1091 5188; x_wconf 76' lang='grc' dir='ltr'>ἀφειδῶν,</span> <span class='ocrx_word' id='word_1_430' title='bbox 1142 5125 1236 5178; x_wconf 77' lang='grc' dir='ltr'>καὶ</span> <span class='ocrx_word' id='word_1_431' title='bbox 1302 5124 1564 5195; x_wconf 86' lang='grc' dir='ltr'>χρήματα</span> <span class='ocrx_word' id='word_1_432' title='bbox 1629 5128 1912 5197; x_wconf 84' lang='grc' dir='ltr'>προτιμῶν</span> 
     </span>
    </p>
   </div>
   <div class='ocr_carea' id='block_1_59' title="bbox 316 5198 1911 5281">
    <p class='ocr_par' dir='ltr' id='par_1_59' title="bbox 316 5198 1911 5281">
     <span class='ocr_line' id='line_1_59' title="bbox 316 5198 1911 5281; baseline 0.006 -27"><span class='ocrx_word' id='word_1_433' title='bbox 316 5198 533 5273; x_wconf 50' lang='grc' dir='ltr'>ψυχῆς</span> <span class='ocrx_word' id='word_1_434' title='bbox 587 5204 686 5257; x_wconf 85' lang='grc' dir='ltr'>Διὸ</span> <span class='ocrx_word' id='word_1_435' title='bbox 736 5205 831 5258; x_wconf 82' lang='grc' dir='ltr'>καὶ</span> <span class='ocrx_word' id='word_1_436' title='bbox 895 5206 1100 5277; x_wconf 86' lang='grc' dir='ltr'>σφόδρα</span> <span class='ocrx_word' id='word_1_437' title='bbox 1155 5208 1573 5278; x_wconf 82' lang='grc' dir='ltr'>ἐκπέπληγμαι,</span> <span class='ocrx_word' id='word_1_438' title='bbox 1629 5210 1767 5281; x_wconf 88' lang='grc' dir='ltr'>πόση</span> <span class='ocrx_word' id='word_1_439' title='bbox 1800 5215 1911 5274; x_wconf 91' lang='grc' dir='ltr'>τοῖς</span> 
     </span>
    </p>
   </div>
   <div class='ocr_carea' id='block_1_60' title="bbox 316 5287 1909 5362">
    <p class='ocr_par' dir='ltr' id='par_1_60' title="bbox 316 5287 1909 5362">
     <span class='ocr_line' id='line_1_60' title="bbox 316 5287 1909 5362; baseline 0.008 -26"><span class='ocrx_word' id='word_1_440' title='bbox 316 5287 605 5354; x_wconf 89' lang='grc' dir='ltr'>χρήμασιν</span> <span class='ocrx_word' id='word_1_441' title='bbox 655 5288 1031 5359; x_wconf 85' lang='grc' dir='ltr'>ἐγκέκρυπται</span> <span class='ocrx_word' id='word_1_442' title='bbox 1074 5292 1319 5362; x_wconf 82' lang='grc' dir='ltr'>γοητεία,</span> <span class='ocrx_word' id='word_1_443' title='bbox 1377 5293 1579 5362; x_wconf 79' lang='grc' dir='ltr'>μᾶλλον</span> <span class='ocrx_word' id='word_1_444' title='bbox 1607 5293 1663 5347; x_wconf 83' lang='grc' dir='ltr'>δὲ</span> <span class='ocrx_word' id='word_1_445' title='bbox 1696 5295 1756 5347; x_wconf 89' lang='grc' dir='ltr'>ού</span> <span class='ocrx_word' id='word_1_446' title='bbox 1795 5300 1909 5360; x_wconf 86' lang='grc' dir='ltr'>τοῖς</span> 
     </span>
    </p>
   </div>
   <div class='ocr_carea' id='block_1_61' title="bbox 316 5367 1912 5446">
    <p class='ocr_par' dir='ltr' id='par_1_61' title="bbox 316 5367 1912 5446">
     <span class='ocr_line' id='line_1_61' title="bbox 316 5367 1912 5446; baseline 0.008 -27"><span class='ocrx_word' id='word_1_447' title='bbox 316 5368 628 5437; x_wconf 83' lang='grc' dir='ltr'>χρήμασιν,</span> <span class='ocrx_word' id='word_1_448' title='bbox 646 5367 787 5424; x_wconf 86' lang='grc' dir='ltr'>ἀλλά</span> <span class='ocrx_word' id='word_1_449' title='bbox 807 5372 928 5434; x_wconf 90' lang='grc' dir='ltr'>ταῖς</span> <span class='ocrx_word' id='word_1_450' title='bbox 977 5371 1087 5424; x_wconf 88' lang='grc' dir='ltr'>τῶν</span> <span class='ocrx_word' id='word_1_451' title='bbox 1137 5374 1512 5445; x_wconf 86' lang='grc' dir='ltr'>ἁπατωμένων</span> <span class='ocrx_word' id='word_1_452' title='bbox 1539 5377 1756 5446; x_wconf 81' lang='grc' dir='ltr'>ψυχαῖς.</span> <span class='ocrx_word' id='word_1_453' title='bbox 1789 5378 1912 5432; x_wconf 78' lang='grc' dir='ltr'>Εἰσὶ</span> 
     </span>
    </p>
   </div>
   <div class='ocr_carea' id='block_1_62' title="bbox 284 5447 1908 5532">
    <p class='ocr_par' dir='ltr' id='par_1_62' title="bbox 284 5447 1908 5532">
     <span class='ocr_line' id='line_1_62' title="bbox 284 5447 1908 5532; baseline 0.009 -32"><span class='ocrx_word' id='word_1_454' title='bbox 284 5447 444 5521; x_wconf 71' lang='grc' dir='ltr'>1γάρ,</span> <span class='ocrx_word' id='word_1_455' title='bbox 476 5451 625 5524; x_wconf 76' lang='grc' dir='ltr'>είσὶν</span> <span class='ocrx_word' id='word_1_456' title='bbox 651 5453 700 5505; x_wconf 82' lang='grc' dir='ltr'>οἱ</span> <span class='ocrx_word' id='word_1_457' title='bbox 734 5453 828 5505; x_wconf 69' lang='grc' dir='ltr'>καὶ</span> <span class='ocrx_word' id='word_1_458' title='bbox 857 5452 1062 5525; x_wconf 83' lang='grc' dir='ltr'>σφόδρα</span> <span class='ocrx_word' id='word_1_459' title='bbox 1091 5458 1190 5524; x_wconf 80' lang='grc' dir='ltr'>τῆς</span> <span class='ocrx_word' id='word_1_460' title='bbox 1217 5459 1553 5526; x_wconf 82' lang='grc' dir='ltr'>μαγγανείας</span> <span class='ocrx_word' id='word_1_461' title='bbox 1575 5460 1779 5532; x_wconf 85' lang='grc' dir='ltr'>ταύτης</span> <span class='ocrx_word' id='word_1_462' title='bbox 1808 5479 1908 5515; x_wconf 87' lang='grc' dir='ltr'>κα-</span> 
     </span>
    </p>
   </div>
   <div class='ocr_carea' id='block_1_63' title="bbox 316 5534 1907 5612">
    <p class='ocr_par' dir='ltr' id='par_1_63' title="bbox 316 5534 1907 5612">
     <span class='ocr_line' id='line_1_63' title="bbox 316 5534 1907 5612; baseline 0.011 -29"><span class='ocrx_word' id='word_1_463' title='bbox 316 5534 685 5600; x_wconf 80' lang='grc' dir='ltr'>ταγελῶντες.</span> <span class='ocrx_word' id='word_1_464' title='bbox 707 5536 773 5589; x_wconf 87' lang='grc' dir='ltr'>Τί</span> <span class='ocrx_word' id='word_1_465' title='bbox 801 5538 911 5607; x_wconf 83' lang='grc' dir='ltr'>γὰρ</span> <span class='ocrx_word' id='word_1_466' title='bbox 937 5539 1034 5591; x_wconf 79' lang='grc' dir='ltr'>καὶ</span> <span class='ocrx_word' id='word_1_467' title='bbox 1061 5541 1242 5595; x_wconf 85' lang='grc' dir='ltr'>ἱκανὸν</span> <span class='ocrx_word' id='word_1_468' title='bbox 1258 5543 1408 5612; x_wconf 84' lang='grc' dir='ltr'>ἡμᾶς</span> <span class='ocrx_word' id='word_1_469' title='bbox 1454 5544 1561 5597; x_wconf 88' lang='grc' dir='ltr'>τῶν</span> <span class='ocrx_word' id='word_1_470' title='bbox 1615 5547 1673 5598; x_wconf 91' lang='grc' dir='ltr'>ἐν</span> <span class='ocrx_word' id='word_1_471' title='bbox 1720 5547 1907 5611; x_wconf 77' lang='grc' dir='ltr'>αὐτοῖς</span> 
     </span>
    </p>
   </div>
   <div class='ocr_carea' id='block_1_64' title="bbox 315 5616 1902 5700">
    <p class='ocr_par' dir='ltr' id='par_1_64' title="bbox 315 5616 1902 5700">
     <span class='ocr_line' id='line_1_64' title="bbox 315 5616 1902 5700; baseline 0.006 -29"><span class='ocrx_word' id='word_1_472' title='bbox 315 5616 618 5685; x_wconf 77' lang='grc' dir='ltr'>γοητεῦσαι</span> <span class='ocrx_word' id='word_1_473' title='bbox 644 5635 660 5683; x_wconf 88' lang='lat'>;</span> <span class='ocrx_word' id='word_1_474' title='bbox 693 5619 816 5689; x_wconf 80' lang='grc' dir='ltr'>οὐχὶ</span> <span class='ocrx_word' id='word_1_475' title='bbox 839 5619 1047 5691; x_wconf 75' lang='grc' dir='ltr'>ἄψυχός</span> <span class='ocrx_word' id='word_1_476' title='bbox 1069 5623 1215 5675; x_wconf 87' lang='grc' dir='ltr'>ἐστιν</span> <span class='ocrx_word' id='word_1_477' title='bbox 1244 5625 1277 5694; x_wconf 88' lang='grc' dir='ltr'>ἡ</span> <span class='ocrx_word' id='word_1_478' title='bbox 1313 5622 1436 5694; x_wconf 74' lang='grc' dir='ltr'>ὕλη,</span> <span class='ocrx_word' id='word_1_479' title='bbox 1465 5627 1584 5696; x_wconf 77' lang='grc' dir='ltr'>οὐχὶ</span> <span class='ocrx_word' id='word_1_480' title='bbox 1608 5628 1902 5700; x_wconf 87' lang='grc' dir='ltr'>ἐπίκηρος;</span> 
     </span>
    </p>
   </div>
   <div class='ocr_carea' id='block_1_65' title="bbox 316 5704 1903 5784">
    <p class='ocr_par' dir='ltr' id='par_1_65' title="bbox 316 5704 1903 5784">
     <span class='ocr_line' id='line_1_65' title="bbox 316 5704 1903 5784; baseline 0.008 -30"><span class='ocrx_word' id='word_1_481' title='bbox 316 5704 430 5773; x_wconf 73' lang='grc' dir='ltr'>οὐχὶ</span> <span class='ocrx_word' id='word_1_482' title='bbox 462 5705 701 5769; x_wconf 73' lang='grc' dir='ltr'>ἄπιστος</span> <span class='ocrx_word' id='word_1_483' title='bbox 743 5706 927 5759; x_wconf 78' lang='grc' dir='ltr'>αὐτῶν</span> <span class='ocrx_word' id='word_1_484' title='bbox 955 5708 989 5777; x_wconf 90' lang='grc' dir='ltr'>ἡ</span> <span class='ocrx_word' id='word_1_485' title='bbox 1036 5709 1261 5777; x_wconf 86' lang='grc' dir='ltr'>κτῆσις;</span> <span class='ocrx_word' id='word_1_486' title='bbox 1314 5711 1393 5762; x_wconf 33' lang='grc' dir='ltr'>οὐκ</span> <span class='ocrx_word' id='word_1_487' title='bbox 1415 5712 1592 5779; x_wconf 74' lang='grc' dir='ltr'>φόϐων</span> <span class='ocrx_word' id='word_1_488' title='bbox 1623 5715 1781 5784; x_wconf 84' lang='grc' dir='ltr'>γέμει</span> <span class='ocrx_word' id='word_1_489' title='bbox 1806 5717 1903 5768; x_wconf 75' lang='grc' dir='ltr'>καὶ</span> 
     </span>
    </p>
   </div>
   <div class='ocr_carea' id='block_1_66' title="bbox 317 5791 1899 5868">
    <p class='ocr_par' dir='ltr' id='par_1_66' title="bbox 317 5791 1899 5868">
     <span class='ocr_line' id='line_1_66' title="bbox 317 5791 1899 5868; baseline 0.009 -27"><span class='ocrx_word' id='word_1_490' title='bbox 317 5791 579 5845; x_wconf 84' lang='grc' dir='ltr'>κινδύνων</span> <span class='ocrx_word' id='word_1_491' title='bbox 605 5807 622 5856; x_wconf 93' lang='lat'>;</span> <span class='ocrx_word' id='word_1_492' title='bbox 653 5793 714 5844; x_wconf 81' lang='grc' dir='ltr'>οὐ</span> <span class='ocrx_word' id='word_1_493' title='bbox 745 5791 923 5860; x_wconf 78' lang='grc' dir='ltr'>φόνων</span> <span class='ocrx_word' id='word_1_494' title='bbox 948 5794 1041 5847; x_wconf 73' lang='grc' dir='ltr'>καὶ</span> <span class='ocrx_word' id='word_1_495' title='bbox 1060 5794 1386 5865; x_wconf 77' lang='grc' dir='ltr'>ἐπιϐουλῆς;</span> <span class='ocrx_word' id='word_1_496' title='bbox 1419 5798 1517 5851; x_wconf 74' lang='grc' dir='ltr'>οὐκ</span> <span class='ocrx_word' id='word_1_497' title='bbox 1553 5799 1750 5868; x_wconf 81' lang='grc' dir='ltr'>ἔχθρας</span> <span class='ocrx_word' id='word_1_498' title='bbox 1803 5805 1899 5857; x_wconf 79' lang='grc' dir='ltr'>καὶ</span> 
     </span>
    </p>
   </div>
   <div class='ocr_carea' id='block_1_67' title="bbox 320 5877 1889 5956">
    <p class='ocr_par' dir='ltr' id='par_1_67' title="bbox 320 5877 1889 5956">
     <span class='ocr_line' id='line_1_67' title="bbox 320 5877 1889 5956; baseline 0.011 -29"><span class='ocrx_word' id='word_1_499' title='bbox 320 5877 509 5945; x_wconf 86' lang='grc' dir='ltr'>μίσους</span> <span class='ocrx_word' id='word_1_500' title='bbox 533 5895 549 5946; x_wconf 87' lang='lat'>;</span> <span class='ocrx_word' id='word_1_501' title='bbox 574 5877 642 5930; x_wconf 77' lang='grc' dir='ltr'>οὐ</span> <span class='ocrx_word' id='word_1_502' title='bbox 680 5879 955 5951; x_wconf 66' lang='grc' dir='ltr'>ῥᾳθυμίας</span> <span class='ocrx_word' id='word_1_503' title='bbox 979 5881 1074 5934; x_wconf 71' lang='grc' dir='ltr'>καὶ</span> <span class='ocrx_word' id='word_1_504' title='bbox 1105 5882 1298 5947; x_wconf 82' lang='grc' dir='ltr'>κακίας</span> <span class='ocrx_word' id='word_1_505' title='bbox 1318 5884 1516 5955; x_wconf 78' lang='grc' dir='ltr'>πολλῆς</span> <span class='ocrx_word' id='word_1_506' title='bbox 1538 5903 1550 5949; x_wconf 89' lang='lat'>;</span> <span class='ocrx_word' id='word_1_507' title='bbox 1574 5888 1632 5938; x_wconf 77' lang='grc' dir='ltr'>οὐ</span> <span class='ocrx_word' id='word_1_508' title='bbox 1655 5887 1726 5956; x_wconf 86' lang='grc' dir='ltr'>γῆ</span> <span class='ocrx_word' id='word_1_509' title='bbox 1742 5891 1889 5943; x_wconf 83' lang='grc' dir='ltr'>ἐστιν</span> 
     </span>
    </p>
   </div>
   <div class='ocr_carea' id='block_1_68' title="bbox 1326 350 2565 411">
    <p class='ocr_par' dir='ltr' id='par_1_68' title="bbox 1326 350 2565 411">
     <span class='ocr_line' id='line_1_68' title="bbox 1326 350 2565 411; baseline -0.002 0"><span class='ocrx_word' id='word_1_510' title='bbox 1326 356 1393 411; x_wconf 82' lang='lat' dir='ltr'>IN</span> <span class='ocrx_word' id='word_1_511' title='bbox 1439 353 1659 410; x_wconf 85' lang='lat' dir='ltr'>EPIST.</span> <span class='ocrx_word' id='word_1_512' title='bbox 1697 353 1718 409; x_wconf 88' lang='lat' dir='ltr'><strong>l</strong></span> <span class='ocrx_word' id='word_1_513' title='bbox 1766 351 1859 408; x_wconf 83' lang='lat' dir='ltr'><strong>AD</strong></span> <span class='ocrx_word' id='word_1_514' title='bbox 1901 351 2061 408; x_wconf 76' lang='lat' dir='ltr'>COR.</span> <span class='ocrx_word' id='word_1_515' title='bbox 2097 350 2335 407; x_wconf 74' lang='lat' dir='ltr'>HOMIL.</span> <span class='ocrx_word' id='word_1_516' title='bbox 2372 350 2565 409; x_wconf 77' lang='lat' dir='ltr'>XXIII.</span> 
     </span>
    </p>
   </div>
   <div class='ocr_carea' id='block_1_69' title="bbox 3551 356 3652 413">
    <p class='ocr_par' dir='ltr' id='par_1_69' title="bbox 3551 356 3652 413">
     <span class='ocr_line' id='line_1_69' title="bbox 3551 356 3652 413; baseline 0 -1"><span class='ocrx_word' id='word_1_517' title='bbox 3551 356 3652 413; x_wconf 66' lang='lat'>196</span> 
     </span>
    </p>
   </div>
   <div class='ocr_carea' id='block_1_70' title="bbox 2066 468 3643 545">
    <p class='ocr_par' dir='ltr' id='par_1_70' title="bbox 2066 468 3643 545">
     <span class='ocr_line' id='line_1_70' title="bbox 2066 468 3643 545; baseline 0.001 -24"><span class='ocrx_word' id='word_1_518' title='bbox 2066 468 2160 521; x_wconf 77' lang='grc' dir='ltr'>καὶ</span> <span class='ocrx_word' id='word_1_519' title='bbox 2188 470 2415 536; x_wconf 86' lang='grc' dir='ltr'>σποδός;</span> <span class='ocrx_word' id='word_1_520' title='bbox 2448 470 2529 534; x_wconf 86' lang='grc' dir='ltr'>τίς</span> <span class='ocrx_word' id='word_1_521' title='bbox 2556 472 2591 543; x_wconf 86' lang='grc' dir='ltr'>ἡ</span> <span class='ocrx_word' id='word_1_522' title='bbox 2639 471 2825 542; x_wconf 90' lang='grc' dir='ltr'>μανία,</span> <span class='ocrx_word' id='word_1_523' title='bbox 2858 471 2939 536; x_wconf 90' lang='grc' dir='ltr'>τίς</span> <span class='ocrx_word' id='word_1_524' title='bbox 2968 474 3002 545; x_wconf 86' lang='grc' dir='ltr'>ἡ</span> <span class='ocrx_word' id='word_1_525' title='bbox 3055 472 3238 537; x_wconf 78' lang='grc' dir='ltr'>νόσοςῑ</span> <span class='ocrx_word' id='word_1_526' title='bbox 3275 469 3412 527; x_wconf 84' lang='grc' dir='ltr'>άλλά</span> <span class='ocrx_word' id='word_1_527' title='bbox 3439 471 3550 539; x_wconf 86' lang='lat'>7&amp;9</span> <span class='ocrx_word' id='word_1_528' title='bbox 3582 472 3643 525; x_wconf 77' lang='grc' dir='ltr'>οὐ</span> 
     </span>
    </p>
   </div>
   <div class='ocr_carea' id='block_1_71' title="bbox 2064 558 3687 630">
    <p class='ocr_par' dir='ltr' id='par_1_71' title="bbox 2064 558 3687 630">
     <span class='ocr_line' id='line_1_71' title="bbox 2064 558 3687 630; baseline 0.002 -20"><span class='ocrx_word' id='word_1_529' title='bbox 2064 560 2395 629; x_wconf 87' lang='grc' dir='ltr'>κατηγορεῖν</span> <span class='ocrx_word' id='word_1_530' title='bbox 2440 559 2521 611; x_wconf 88' lang='grc' dir='ltr'>δεῖ</span> <span class='ocrx_word' id='word_1_531' title='bbox 2564 561 2726 630; x_wconf 89' lang='grc' dir='ltr'>μόνον</span> <span class='ocrx_word' id='word_1_532' title='bbox 2779 561 2889 615; x_wconf 87' lang='grc' dir='ltr'>τῶν</span> <span class='ocrx_word' id='word_1_533' title='bbox 2940 561 3238 617; x_wconf 89' lang='grc' dir='ltr'>νοσούντων</span> <span class='ocrx_word' id='word_1_534' title='bbox 3286 561 3353 614; x_wconf 86' lang='grc' dir='ltr'>τά</span> <span class='ocrx_word' id='word_1_535' title='bbox 3399 558 3687 626; x_wconf 83' lang='grc' dir='ltr'>τοιαῦτα,,</span> 
     </span>
    </p>
   </div>
   <div class='ocr_carea' id='block_1_72' title="bbox 2063 644 3646 722">
    <p class='ocr_par' dir='ltr' id='par_1_72' title="bbox 2063 644 3646 722">
     <span class='ocr_line' id='line_1_72' title="bbox 2063 644 3646 722; baseline 0.001 -24"><span class='ocrx_word' id='word_1_536' title='bbox 2063 645 2251 715; x_wconf 69' lang='grc' dir='ltr'>φησιν,</span> <span class='ocrx_word' id='word_1_537' title='bbox 2277 644 2415 698; x_wconf 88' lang='grc' dir='ltr'>ἀλλά</span> <span class='ocrx_word' id='word_1_538' title='bbox 2450 646 2545 700; x_wconf 78' lang='grc' dir='ltr'>καὶ</span> <span class='ocrx_word' id='word_1_539' title='bbox 2574 647 2866 703; x_wconf 88' lang='grc' dir='ltr'>καταλύειν</span> <span class='ocrx_word' id='word_1_540' title='bbox 2891 649 2982 704; x_wconf 77' lang='grc' dir='ltr'>τὸν</span> <span class='ocrx_word' id='word_1_541' title='bbox 3000 648 3201 722; x_wconf 68' lang='grc' dir='ltr'>ἔρωτα.</span> <span class='ocrx_word' id='word_1_542' title='bbox 3238 650 3348 703; x_wconf 79' lang='grc' dir='ltr'>Καὶ</span> <span class='ocrx_word' id='word_1_543' title='bbox 3388 647 3506 709; x_wconf 89' lang='grc' dir='ltr'>πῶς</span> <span class='ocrx_word' id='word_1_544' title='bbox 3530 646 3646 701; x_wconf 81' lang='grc' dir='ltr'>ἐτέ-</span> 
     </span>
    </p>
   </div>
   <div class='ocr_carea' id='block_1_73' title="bbox 2063 732 3643 808">
    <p class='ocr_par' dir='ltr' id='par_1_73' title="bbox 2063 732 3643 808">
     <span class='ocr_line' id='line_1_73' title="bbox 2063 732 3643 808; baseline 0.002 -23"><span class='ocrx_word' id='word_1_545' title='bbox 2063 746 2173 800; x_wconf 87' lang='grc' dir='ltr'>ρως</span> <span class='ocrx_word' id='word_1_546' title='bbox 2197 732 2596 803; x_wconf 83' lang='grc' dir='ltr'>καταλύσομεν,</span> <span class='ocrx_word' id='word_1_547' title='bbox 2629 735 2744 788; x_wconf 83' lang='grc' dir='ltr'>ἀλλ’</span> <span class='ocrx_word' id='word_1_548' title='bbox 2775 735 2807 808; x_wconf 78' lang='grc' dir='ltr'>ἡ</span> <span class='ocrx_word' id='word_1_549' title='bbox 2832 736 3140 801; x_wconf 86' lang='grc' dir='ltr'>δεικνύντες</span> <span class='ocrx_word' id='word_1_550' title='bbox 3161 736 3364 806; x_wconf 85' lang='grc' dir='ltr'>φαῦλον</span> <span class='ocrx_word' id='word_1_551' title='bbox 3394 735 3525 788; x_wconf 74' lang='grc' dir='ltr'>ὄντα</span> <span class='ocrx_word' id='word_1_552' title='bbox 3551 735 3643 788; x_wconf 68' lang='grc' dir='ltr'>καὶ</span> 
     </span>
    </p>
   </div>
   <div class='ocr_carea' id='block_1_74' title="bbox 2063 818 3646 892">
    <p class='ocr_par' dir='ltr' id='par_1_74' title="bbox 2063 818 3646 892">
     <span class='ocr_line' id='line_1_74' title="bbox 2063 818 3646 892; baseline 0.003 -22"><span class='ocrx_word' id='word_1_553' title='bbox 2063 818 2275 889; x_wconf 86' lang='grc' dir='ltr'>μυρίων</span> <span class='ocrx_word' id='word_1_554' title='bbox 2296 819 2485 874; x_wconf 86' lang='grc' dir='ltr'>κακῶν</span> <span class='ocrx_word' id='word_1_555' title='bbox 2517 823 2856 892; x_wconf 86' lang='grc' dir='ltr'>ἀνάμεστον;</span> <span class='ocrx_word' id='word_1_556' title='bbox 2897 825 3061 879; x_wconf 81' lang='grc' dir='ltr'>Ἀλλά</span> <span class='ocrx_word' id='word_1_557' title='bbox 3091 824 3252 879; x_wconf 89' lang='grc' dir='ltr'>τοῦτο</span> <span class='ocrx_word' id='word_1_558' title='bbox 3291 825 3393 878; x_wconf 80' lang='grc' dir='ltr'>οὐκ</span> <span class='ocrx_word' id='word_1_559' title='bbox 3423 822 3646 876; x_wconf 72' lang='grc' dir='ltr'>εὔκολον</span> 
     </span>
    </p>
   </div>
   <div class='ocr_carea' id='block_1_75' title="bbox 2059 900 3645 977">
    <p class='ocr_par' dir='ltr' id='par_1_75' title="bbox 2059 900 3645 977">
     <span class='ocr_line' id='line_1_75' title="bbox 2059 900 3645 977; baseline 0.003 -24"><span class='ocrx_word' id='word_1_560' title='bbox 2059 900 2149 954; x_wconf 82' lang='grc' dir='ltr'>τὸν</span> <span class='ocrx_word' id='word_1_561' title='bbox 2175 900 2388 973; x_wconf 89' lang='grc' dir='ltr'>ἐρῶντα</span> <span class='ocrx_word' id='word_1_562' title='bbox 2416 907 2603 959; x_wconf 85' lang='grc' dir='ltr'>πεῖσαι</span> <span class='ocrx_word' id='word_1_563' title='bbox 2632 908 2762 977; x_wconf 84' lang='grc' dir='ltr'>περὶ</span> <span class='ocrx_word' id='word_1_564' title='bbox 2803 908 2912 961; x_wconf 89' lang='grc' dir='ltr'>τῶν</span> <span class='ocrx_word' id='word_1_565' title='bbox 2943 908 3232 963; x_wconf 81' lang='grc' dir='ltr'>παιδικῶν.</span> <span class='ocrx_word' id='word_1_566' title='bbox 3278 904 3491 960; x_wconf 81' lang='grc' dir='ltr'>υύκοῦν</span> <span class='ocrx_word' id='word_1_567' title='bbox 3524 906 3645 958; x_wconf 74' lang='grc' dir='ltr'>ἐτε-</span> 
     </span>
    </p>
   </div>
   <div class='ocr_carea' id='block_1_76' title="bbox 2061 985 3646 1062">
    <p class='ocr_par' dir='ltr' id='par_1_76' title="bbox 2061 985 3646 1062">
     <span class='ocr_line' id='line_1_76' title="bbox 2061 985 3646 1062; baseline 0.003 -25"><span class='ocrx_word' id='word_1_568' title='bbox 2061 1000 2153 1055; x_wconf 88' lang='grc' dir='ltr'>ρον</span> <span class='ocrx_word' id='word_1_569' title='bbox 2184 985 2333 1056; x_wconf 75' lang='grc' dir='ltr'>αὐτῷ</span> <span class='ocrx_word' id='word_1_570' title='bbox 2380 987 2576 1052; x_wconf 89' lang='grc' dir='ltr'>κάλλος</span> <span class='ocrx_word' id='word_1_571' title='bbox 2627 991 2950 1062; x_wconf 80' lang='grc' dir='ltr'>ἀντιστῆσαι</span> <span class='ocrx_word' id='word_1_572' title='bbox 2998 992 3099 1047; x_wconf 76' lang='grc' dir='ltr'>δεῖ.</span> <span class='ocrx_word' id='word_1_573' title='bbox 3146 992 3306 1045; x_wconf 81' lang='grc' dir='ltr'>Ἀλλά</span> <span class='ocrx_word' id='word_1_574' title='bbox 3353 988 3646 1060; x_wconf 77' lang='grc' dir='ltr'>ἀσώματον</span> 
     </span>
    </p>
   </div>
   <div class='ocr_carea' id='block_1_77' title="bbox 2056 1068 3643 1145">
    <p class='ocr_par' dir='ltr' id='par_1_77' title="bbox 2056 1068 3643 1145">
     <span class='ocr_line' id='line_1_77' title="bbox 2056 1068 3643 1145; baseline 0.003 -24"><span class='ocrx_word' id='word_1_575' title='bbox 2056 1068 2153 1139; x_wconf 84' lang='grc' dir='ltr'>ούχ</span> <span class='ocrx_word' id='word_1_576' title='bbox 2186 1070 2289 1141; x_wconf 76' lang='grc' dir='ltr'>ὁρᾷ</span> <span class='ocrx_word' id='word_1_577' title='bbox 2316 1071 2531 1136; x_wconf 84' lang='grc' dir='ltr'>κάλλος,</span> <span class='ocrx_word' id='word_1_578' title='bbox 2574 1073 2655 1127; x_wconf 71' lang='grc' dir='ltr'>ἔτι</span> <span class='ocrx_word' id='word_1_579' title='bbox 2700 1075 2889 1128; x_wconf 86' lang='grc' dir='ltr'>νοσῶν·</span> <span class='ocrx_word' id='word_1_580' title='bbox 2927 1075 3125 1129; x_wconf 81' lang='grc' dir='ltr'>οὐκοῦν</span> <span class='ocrx_word' id='word_1_581' title='bbox 3169 1074 3485 1145; x_wconf 80' lang='grc' dir='ltr'>σωματικὸν</span> <span class='ocrx_word' id='word_1_582' title='bbox 3517 1077 3643 1127; x_wconf 83' lang='grc' dir='ltr'>ἐπι-</span> 
     </span>
    </p>
   </div>
   <div class='ocr_carea' id='block_1_78' title="bbox 2056 1150 3643 1228">
    <p class='ocr_par' dir='ltr' id='par_1_78' title="bbox 2056 1150 3643 1228">
     <span class='ocr_line' id='line_1_78' title="bbox 2056 1150 3643 1228; baseline 0.003 -25"><span class='ocrx_word' id='word_1_583' title='bbox 2056 1150 2339 1223; x_wconf 78' lang='grc' dir='ltr'>δείξωμεν,</span> <span class='ocrx_word' id='word_1_584' title='bbox 2380 1156 2475 1209; x_wconf 78' lang='grc' dir='ltr'>καὶ</span> <span class='ocrx_word' id='word_1_585' title='bbox 2507 1159 2751 1228; x_wconf 75' lang='grc' dir='ltr'>εἴπωμεν</span> <span class='ocrx_word' id='word_1_586' title='bbox 2781 1159 2919 1228; x_wconf 82' lang='grc' dir='ltr'>πρὸς</span> <span class='ocrx_word' id='word_1_587' title='bbox 2968 1158 3152 1212; x_wconf 82' lang='grc' dir='ltr'>αὐτόν’</span> <span class='ocrx_word' id='word_1_588' title='bbox 3192 1157 3480 1226; x_wconf 84' lang='grc' dir='ltr'>Ἐννόησον</span> <span class='ocrx_word' id='word_1_589' title='bbox 3516 1156 3643 1216; x_wconf 79' lang='grc' dir='ltr'>τοὺς</span> 
     </span>
    </p>
   </div>
   <div class='ocr_carea' id='block_1_79' title="bbox 2056 1232 3641 1312">
    <p class='ocr_par' dir='ltr' id='par_1_79' title="bbox 2056 1232 3641 1312">
     <span class='ocr_line' id='line_1_79' title="bbox 2056 1232 3641 1312; baseline 0.001 -24"><span class='ocrx_word' id='word_1_590' title='bbox 2056 1233 2325 1305; x_wconf 85' lang='grc' dir='ltr'>λειμῶνας</span> <span class='ocrx_word' id='word_1_591' title='bbox 2353 1240 2447 1292; x_wconf 77' lang='grc' dir='ltr'>καὶ</span> <span class='ocrx_word' id='word_1_592' title='bbox 2467 1240 2536 1294; x_wconf 84' lang='grc' dir='ltr'>τά</span> <span class='ocrx_word' id='word_1_593' title='bbox 2556 1232 2828 1310; x_wconf 62' lang='grc' dir='ltr'>ένξαύτοῖς</span> <span class='ocrx_word' id='word_1_594' title='bbox 2860 1242 3020 1312; x_wconf 80' lang='grc' dir='ltr'>ἄνθη,</span> <span class='ocrx_word' id='word_1_595' title='bbox 3071 1241 3139 1294; x_wconf 84' lang='grc' dir='ltr'>τὰ</span> <span class='ocrx_word' id='word_1_596' title='bbox 3184 1239 3409 1311; x_wconf 83' lang='grc' dir='ltr'>χρυσίου</span> <span class='ocrx_word' id='word_1_597' title='bbox 3440 1238 3641 1300; x_wconf 84' lang='grc' dir='ltr'>παντὸς</span> 
     </span>
    </p>
   </div>
   <div class='ocr_carea' id='block_1_80' title="bbox 2057 1320 3641 1393">
    <p class='ocr_par' dir='ltr' id='par_1_80' title="bbox 2057 1320 3641 1393">
     <span class='ocr_line' id='line_1_80' title="bbox 2057 1320 3641 1393; baseline 0 -21"><span class='ocrx_word' id='word_1_598' title='bbox 2057 1320 2385 1393; x_wconf 85' lang='grc' dir='ltr'>φαιδρότερα</span> <span class='ocrx_word' id='word_1_599' title='bbox 2432 1324 2527 1378; x_wconf 79' lang='grc' dir='ltr'>καὶ</span> <span class='ocrx_word' id='word_1_600' title='bbox 2602 1324 2711 1379; x_wconf 87' lang='grc' dir='ltr'>τῶν</span> <span class='ocrx_word' id='word_1_601' title='bbox 2756 1324 3113 1379; x_wconf 88' lang='grc' dir='ltr'>παντοδαπῶν</span> <span class='ocrx_word' id='word_1_602' title='bbox 3161 1322 3491 1393; x_wconf 82' lang='grc' dir='ltr'>χαριέστερα</span> <span class='ocrx_word' id='word_1_603' title='bbox 3546 1321 3641 1375; x_wconf 72' lang='grc' dir='ltr'>καὶ</span> 
     </span>
    </p>
   </div>
   <div class='ocr_carea' id='block_1_81' title="bbox 2053 1403 3641 1479">
    <p class='ocr_par' dir='ltr' id='par_1_81' title="bbox 2053 1403 3641 1479">
     <span class='ocr_line' id='line_1_81' title="bbox 2053 1403 3641 1479; baseline -0.001 -23"><span class='ocrx_word' id='word_1_604' title='bbox 2053 1403 2412 1477; x_wconf 83' lang='grc' dir='ltr'>διαυγέστερα</span> <span class='ocrx_word' id='word_1_605' title='bbox 2455 1406 2617 1461; x_wconf 87' lang='grc' dir='ltr'>λίθων</span> <span class='ocrx_word' id='word_1_606' title='bbox 2638 1424 2651 1437; x_wconf 73' lang='grc' dir='ltr'>ο</span> <span class='ocrx_word' id='word_1_607' title='bbox 2684 1409 2938 1479; x_wconf 78' lang='grc' dir='ltr'>ἐννόησον</span> <span class='ocrx_word' id='word_1_608' title='bbox 2963 1407 3033 1462; x_wconf 84' lang='grc' dir='ltr'>τὰ</span> <span class='ocrx_word' id='word_1_609' title='bbox 3072 1407 3242 1477; x_wconf 84' lang='grc' dir='ltr'>διειδῆ</span> <span class='ocrx_word' id='word_1_610' title='bbox 3297 1404 3408 1459; x_wconf 88' lang='grc' dir='ltr'>τῶν</span> <span class='ocrx_word' id='word_1_611' title='bbox 3444 1405 3641 1473; x_wconf 87' lang='grc' dir='ltr'>πηγῶν</span> 
     </span>
    </p>
   </div>
   <div class='ocr_carea' id='block_1_82' title="bbox 2056 1487 3642 1562">
    <p class='ocr_par' dir='ltr' id='par_1_82' title="bbox 2056 1487 3642 1562">
     <span class='ocr_line' id='line_1_82' title="bbox 2056 1487 3642 1562; baseline -0.002 -22"><span class='ocrx_word' id='word_1_612' title='bbox 2056 1487 2269 1559; x_wconf 76' lang='grc' dir='ltr'>ῥεῖθρα,</span> <span class='ocrx_word' id='word_1_613' title='bbox 2295 1491 2422 1554; x_wconf 72' lang='grc' dir='ltr'>τοὺς</span> <span class='ocrx_word' id='word_1_614' title='bbox 2469 1493 2750 1562; x_wconf 82' lang='grc' dir='ltr'>ποταμοὺς</span> <span class='ocrx_word' id='word_1_615' title='bbox 2788 1493 2916 1556; x_wconf 79' lang='grc' dir='ltr'>τοὺς</span> <span class='ocrx_word' id='word_1_616' title='bbox 2957 1491 3141 1547; x_wconf 83' lang='grc' dir='ltr'>ἐλαίου</span> <span class='ocrx_word' id='word_1_617' title='bbox 3188 1490 3347 1559; x_wconf 87' lang='grc' dir='ltr'>δίκην</span> <span class='ocrx_word' id='word_1_618' title='bbox 3393 1487 3642 1557; x_wconf 72' lang='grc' dir='ltr'>ἀψοφητὶ</span> 
     </span>
    </p>
   </div>
   <div class='ocr_carea' id='block_1_83' title="bbox 2053 1562 3636 1646">
    <p class='ocr_par' dir='ltr' id='par_1_83' title="bbox 2053 1562 3636 1646">
     <span class='ocr_line' id='line_1_83' title="bbox 2053 1562 3636 1646; baseline 0.007 -24"><span class='ocrx_word' id='word_1_619' title='bbox 2053 1570 2276 1640; x_wconf 77' lang='grc' dir='ltr'>ῥέοντας</span> <span class='ocrx_word' id='word_1_620' title='bbox 2309 1574 2417 1627; x_wconf 76' lang='grc' dir='ltr'>ἀπὸ</span> <span class='ocrx_word' id='word_1_621' title='bbox 2460 1574 2560 1645; x_wconf 86' lang='grc' dir='ltr'>τῆς</span> <span class='ocrx_word' id='word_1_622' title='bbox 2590 1576 2695 1645; x_wconf 81' lang='grc' dir='ltr'>γῆς</span> <span class='ocrx_word' id='word_1_623' title='bbox 2725 1593 2739 1607; x_wconf 79' lang='grc' dir='ltr'>ο</span> <span class='ocrx_word' id='word_1_624' title='bbox 2790 1562 3024 1646; x_wconf 68' lang='grc' dir='ltr'>ἀνάϐηθι</span> <span class='ocrx_word' id='word_1_625' title='bbox 3077 1574 3215 1645; x_wconf 76' lang='grc' dir='ltr'>πρὸς</span> <span class='ocrx_word' id='word_1_626' title='bbox 3255 1573 3348 1627; x_wconf 79' lang='grc' dir='ltr'>τὸν</span> <span class='ocrx_word' id='word_1_627' title='bbox 3384 1570 3636 1644; x_wconf 72' lang='grc' dir='ltr'>οὐρανὸνι</span> 
     </span>
    </p>
   </div>
   <div class='ocr_carea' id='block_1_84' title="bbox 2054 1649 3637 1725">
    <p class='ocr_par' dir='ltr' id='par_1_84' title="bbox 2054 1649 3637 1725">
     <span class='ocr_line' id='line_1_84' title="bbox 2054 1649 3637 1725; baseline 0.011 -24"><span class='ocrx_word' id='word_1_628' title='bbox 2054 1650 2147 1703; x_wconf 70' lang='grc' dir='ltr'>καὶ</span> <span class='ocrx_word' id='word_1_629' title='bbox 2171 1649 2246 1703; x_wconf 85' lang='grc' dir='ltr'>ῖδε</span> <span class='ocrx_word' id='word_1_630' title='bbox 2276 1650 2369 1704; x_wconf 88' lang='grc' dir='ltr'>τοῦ</span> <span class='ocrx_word' id='word_1_631' title='bbox 2398 1653 2551 1722; x_wconf 89' lang='grc' dir='ltr'>ἡλίου</span> <span class='ocrx_word' id='word_1_632' title='bbox 2576 1653 2637 1705; x_wconf 81' lang='grc' dir='ltr'>τὸ</span> <span class='ocrx_word' id='word_1_633' title='bbox 2671 1654 2888 1718; x_wconf 76' lang='grc' dir='ltr'>κάλλος,</span> <span class='ocrx_word' id='word_1_634' title='bbox 2916 1656 3010 1725; x_wconf 84' lang='grc' dir='ltr'>τῆς</span> <span class='ocrx_word' id='word_1_635' title='bbox 3046 1653 3275 1725; x_wconf 81' lang='grc' dir='ltr'>σελήνης</span> <span class='ocrx_word' id='word_1_636' title='bbox 3294 1652 3395 1723; x_wconf 70' lang='grc' dir='ltr'>τὴν</span> <span class='ocrx_word' id='word_1_637' title='bbox 3427 1649 3637 1718; x_wconf 64' lang='grc' dir='ltr'>εὐπρέ”</span> 
     </span>
    </p>
   </div>
   <div class='ocr_carea' id='block_1_85' title="bbox 2051 1733 3631 1806">
    <p class='ocr_par' dir='ltr' id='par_1_85' title="bbox 2051 1733 3631 1806">
     <span class='ocr_line' id='line_1_85' title="bbox 2051 1733 3631 1806; baseline 0 -22"><span class='ocrx_word' id='word_1_638' title='bbox 2051 1748 2234 1800; x_wconf 88' lang='grc' dir='ltr'>πειαν,</span> <span class='ocrx_word' id='word_1_639' title='bbox 2268 1733 2377 1788; x_wconf 88' lang='grc' dir='ltr'>τῶν</span> <span class='ocrx_word' id='word_1_640' title='bbox 2399 1736 2613 1804; x_wconf 80' lang='grc' dir='ltr'>ἄστρων</span> <span class='ocrx_word' id='word_1_641' title='bbox 2644 1736 2712 1790; x_wconf 81' lang='grc' dir='ltr'>τά</span> <span class='ocrx_word' id='word_1_642' title='bbox 2727 1737 2885 1806; x_wconf 78' lang='grc' dir='ltr'>ἄνθη.</span> <span class='ocrx_word' id='word_1_643' title='bbox 2920 1738 3030 1791; x_wconf 78' lang='grc' dir='ltr'>Καὶ</span> <span class='ocrx_word' id='word_1_644' title='bbox 3089 1738 3143 1790; x_wconf 90' lang='grc' dir='ltr'>τί</span> <span class='ocrx_word' id='word_1_645' title='bbox 3190 1734 3350 1790; x_wconf 86' lang='grc' dir='ltr'>τοῦτο</span> <span class='ocrx_word' id='word_1_646' title='bbox 3380 1750 3397 1798; x_wconf 79' lang='grc' dir='ltr'>ς</span> <span class='ocrx_word' id='word_1_647' title='bbox 3426 1734 3590 1802; x_wconf 82' lang='grc' dir='ltr'>φησίν</span> <span class='ocrx_word' id='word_1_648' title='bbox 3614 1746 3631 1761; x_wconf 74' lang='grc'><strong><em>⁸</em></strong></span> 
     </span>
    </p>
   </div>
   <div class='ocr_carea' id='block_1_86' title="bbox 2050 1814 3633 1889">
    <p class='ocr_par' dir='ltr' id='par_1_86' title="bbox 2050 1814 3633 1889">
     <span class='ocr_line' id='line_1_86' title="bbox 2050 1814 3633 1889; baseline -0.003 -18"><span class='ocrx_word' id='word_1_649' title='bbox 2050 1815 2109 1871; x_wconf 78' lang='grc' dir='ltr'>οὐ</span> <span class='ocrx_word' id='word_1_650' title='bbox 2140 1816 2249 1887; x_wconf 81' lang='grc' dir='ltr'>γάρ</span> <span class='ocrx_word' id='word_1_651' title='bbox 2286 1817 2351 1889; x_wconf 86' lang='grc' dir='ltr'>δὴ</span> <span class='ocrx_word' id='word_1_652' title='bbox 2390 1820 2709 1889; x_wconf 82' lang='grc' dir='ltr'>κεχρήμεθα</span> <span class='ocrx_word' id='word_1_653' title='bbox 2750 1822 2933 1884; x_wconf 84' lang='grc' dir='ltr'>αὐτοῖς</span> <span class='ocrx_word' id='word_1_654' title='bbox 2955 1819 3030 1884; x_wconf 83' lang='grc' dir='ltr'>ὡς</span> <span class='ocrx_word' id='word_1_655' title='bbox 3071 1823 3183 1883; x_wconf 88' lang='grc' dir='ltr'>τοῖς</span> <span class='ocrx_word' id='word_1_656' title='bbox 3216 1819 3486 1889; x_wconf 82' lang='grc' dir='ltr'>χρήμασι.</span> <span class='ocrx_word' id='word_1_657' title='bbox 3521 1814 3633 1868; x_wconf 77' lang='grc' dir='ltr'>Καὶ</span> 
     </span>
    </p>
   </div>
   <div class='ocr_carea' id='block_1_87' title="bbox 2054 1899 3634 1973">
    <p class='ocr_par' dir='ltr' id='par_1_87' title="bbox 2054 1899 3634 1973">
     <span class='ocr_line' id='line_1_87' title="bbox 2054 1899 3634 1973; baseline -0.002 -20"><span class='ocrx_word' id='word_1_658' title='bbox 2054 1899 2160 1971; x_wconf 80' lang='grc' dir='ltr'>μὴν</span> <span class='ocrx_word' id='word_1_659' title='bbox 2193 1900 2374 1967; x_wconf 88' lang='grc' dir='ltr'>πλέον,</span> <span class='ocrx_word' id='word_1_660' title='bbox 2411 1901 2577 1973; x_wconf 79' lang='grc' dir='ltr'>ἢτοῖς</span> <span class='ocrx_word' id='word_1_661' title='bbox 2607 1904 2902 1973; x_wconf 83' lang='grc' dir='ltr'>χρήμασιν,</span> <span class='ocrx_word' id='word_1_662' title='bbox 2947 1904 3057 1973; x_wconf 78' lang='grc' dir='ltr'>ὅσῳ</span> <span class='ocrx_word' id='word_1_663' title='bbox 3087 1904 3183 1957; x_wconf 65' lang='grc' dir='ltr'>καὶ⁵</span> <span class='ocrx_word' id='word_1_664' title='bbox 3233 1899 3634 1970; x_wconf 88' lang='grc' dir='ltr'>ἀναγκαιοτέρα</span> 
     </span>
    </p>
   </div>
   <div class='ocr_carea' id='block_1_88' title="bbox 2049 1982 3635 2056">
    <p class='ocr_par' dir='ltr' id='par_1_88' title="bbox 2049 1982 3635 2056">
     <span class='ocr_line' id='line_1_88' title="bbox 2049 1982 3635 2056; baseline -0.003 -20"><span class='ocrx_word' id='word_1_665' title='bbox 2049 1982 2234 2036; x_wconf 82' lang='grc' dir='ltr'>αὐτῶν</span> <span class='ocrx_word' id='word_1_666' title='bbox 2263 1985 2296 2054; x_wconf 81' lang='grc' dir='ltr'>ἡ</span> <span class='ocrx_word' id='word_1_667' title='bbox 2330 1987 2514 2055; x_wconf 89' lang='grc' dir='ltr'>χρεία,</span> <span class='ocrx_word' id='word_1_668' title='bbox 2540 1987 2633 2039; x_wconf 80' lang='grc' dir='ltr'>καὶ</span> <span class='ocrx_word' id='word_1_669' title='bbox 2657 1987 3039 2056; x_wconf 84' lang='grc' dir='ltr'>ἀσφαλεστέρα</span> <span class='ocrx_word' id='word_1_670' title='bbox 3065 1988 3099 2056; x_wconf 78' lang='grc' dir='ltr'>ἡ</span> <span class='ocrx_word' id='word_1_671' title='bbox 3140 1986 3461 2046; x_wconf 86' lang='grc' dir='ltr'>ἀπόλαυσις.</span> <span class='ocrx_word' id='word_1_672' title='bbox 3496 1982 3635 2034; x_wconf 75' lang='grc' dir='ltr'>Οὑεεέ</span> 
     </span>
    </p>
   </div>
   <div class='ocr_carea' id='block_1_89' title="bbox 2047 2069 3635 2145">
    <p class='ocr_par' dir='ltr' id='par_1_89' title="bbox 2047 2069 3635 2145">
     <span class='ocr_line' id='line_1_89' title="bbox 2047 2069 3635 2145; baseline -0.002 -21"><span class='ocrx_word' id='word_1_673' title='bbox 2047 2071 2161 2140; x_wconf 84' lang='grc' dir='ltr'>γάρ</span> <span class='ocrx_word' id='word_1_674' title='bbox 2192 2070 2456 2138; x_wconf 77' lang='grc' dir='ltr'>δέδοικας,</span> <span class='ocrx_word' id='word_1_675' title='bbox 2513 2074 2588 2145; x_wconf 90' lang='grc' dir='ltr'>μή</span> <span class='ocrx_word' id='word_1_676' title='bbox 2642 2092 2763 2136; x_wconf 88' lang='grc' dir='ltr'>τις,</span> <span class='ocrx_word' id='word_1_677' title='bbox 2812 2073 3004 2145; x_wconf 86' lang='grc' dir='ltr'>ῶσπερ</span> <span class='ocrx_word' id='word_1_678' title='bbox 3033 2075 3103 2129; x_wconf 81' lang='grc' dir='ltr'>τὰ</span> <span class='ocrx_word' id='word_1_679' title='bbox 3144 2074 3444 2145; x_wconf 84' lang='grc' dir='ltr'>χρήματα,</span> <span class='ocrx_word' id='word_1_680' title='bbox 3494 2069 3635 2121; x_wconf 75' lang='grc' dir='ltr'>αὑτά</span> 
     </span>
    </p>
   </div>
   <div class='ocr_carea' id='block_1_90' title="bbox 2047 2157 3631 2235">
    <p class='ocr_par' dir='ltr' id='par_1_90' title="bbox 2047 2157 3631 2235">
     <span class='ocr_line' id='line_1_90' title="bbox 2047 2157 3631 2235; baseline -0.002 -24"><span class='ocrx_word' id='word_1_681' title='bbox 2047 2157 2231 2212; x_wconf 78' lang='grc' dir='ltr'>λαϐὼν</span> <span class='ocrx_word' id='word_1_682' title='bbox 2268 2161 2507 2233; x_wconf 76' lang='grc' dir='ltr'>ἀπέλθῃο</span> <span class='ocrx_word' id='word_1_683' title='bbox 2538 2162 2655 2217; x_wconf 77' lang='grc' dir='ltr'>ἀλλ’</span> <span class='ocrx_word' id='word_1_684' title='bbox 2680 2162 2857 2229; x_wconf 78' lang='grc' dir='ltr'>ἔξεστί</span> <span class='ocrx_word' id='word_1_685' title='bbox 2889 2180 2972 2216; x_wconf 89' lang='grc' dir='ltr'>σοι</span> <span class='ocrx_word' id='word_1_686' title='bbox 3011 2164 3234 2235; x_wconf 76' lang='grc' dir='ltr'>θαρρεῖν</span> <span class='ocrx_word' id='word_1_687' title='bbox 3276 2160 3413 2233; x_wconf 69' lang='grc' dir='ltr'>ὑπὲρ</span> <span class='ocrx_word' id='word_1_688' title='bbox 3448 2157 3631 2213; x_wconf 81' lang='grc' dir='ltr'>αὐτῶν</span> 
     </span>
    </p>
   </div>
   <div class='ocr_carea' id='block_1_91' title="bbox 2044 2248 3629 2323">
    <p class='ocr_par' dir='ltr' id='par_1_91' title="bbox 2044 2248 3629 2323">
     <span class='ocr_line' id='line_1_91' title="bbox 2044 2248 3629 2323; baseline -0.001 -22"><span class='ocrx_word' id='word_1_689' title='bbox 2044 2248 2331 2319; x_wconf 77' lang='grc' dir='ltr'>διηνεκῶς,</span> <span class='ocrx_word' id='word_1_690' title='bbox 2354 2253 2449 2305; x_wconf 80' lang='grc' dir='ltr'>καὶ</span> <span class='ocrx_word' id='word_1_691' title='bbox 2463 2252 2634 2306; x_wconf 87' lang='grc' dir='ltr'>ταῦτα</span> <span class='ocrx_word' id='word_1_692' title='bbox 2656 2252 2731 2323; x_wconf 78' lang='grc' dir='ltr'>μὴ</span> <span class='ocrx_word' id='word_1_693' title='bbox 2761 2252 3096 2323; x_wconf 88' lang='grc' dir='ltr'>μεριμνῶντι</span> <span class='ocrx_word' id='word_1_694' title='bbox 3120 2248 3629 2322; x_wconf 77' lang='grc' dir='ltr'>μηδέφροντίζοντι.</span> 
     </span>
    </p>
   </div>
   <div class='ocr_carea' id='block_1_92' title="bbox 2044 2336 3625 2409">
    <p class='ocr_par' dir='ltr' id='par_1_92' title="bbox 2044 2336 3625 2409">
     <span class='ocr_line' id='line_1_92' title="bbox 2044 2336 3625 2409; baseline -0.001 -20"><span class='ocrx_word' id='word_1_695' title='bbox 2044 2336 2108 2389; x_wconf 68' lang='lat' dir='ltr'>Et</span> <span class='ocrx_word' id='word_1_696' title='bbox 2128 2336 2202 2401; x_wconf 87' lang='grc' dir='ltr'>δ’,</span> <span class='ocrx_word' id='word_1_697' title='bbox 2235 2337 2318 2391; x_wconf 80' lang='grc' dir='ltr'>ὅτι</span> <span class='ocrx_word' id='word_1_698' title='bbox 2350 2339 2491 2409; x_wconf 84' lang='grc' dir='ltr'>μετά</span> <span class='ocrx_word' id='word_1_699' title='bbox 2519 2340 2629 2393; x_wconf 86' lang='grc' dir='ltr'>τῶν</span> <span class='ocrx_word' id='word_1_700' title='bbox 2654 2339 2831 2393; x_wconf 74' lang='grc' dir='ltr'>ἄλλων</span> <span class='ocrx_word' id='word_1_701' title='bbox 2856 2339 3148 2403; x_wconf 79' lang='grc' dir='ltr'>ἀπολαύεις</span> <span class='ocrx_word' id='word_1_702' title='bbox 3178 2337 3380 2400; x_wconf 79' lang='grc' dir='ltr'>αὐτῶν,</span> <span class='ocrx_word' id='word_1_703' title='bbox 3420 2336 3625 2403; x_wconf 87' lang='grc' dir='ltr'>ἀλγεῖς,</span> 
     </span>
    </p>
   </div>
   <div class='ocr_carea' id='block_1_93' title="bbox 2045 2423 3624 2499">
    <p class='ocr_par' dir='ltr' id='par_1_93' title="bbox 2045 2423 3624 2499">
     <span class='ocr_line' id='line_1_93' title="bbox 2045 2423 3624 2499; baseline 0.003 -21"><span class='ocrx_word' id='word_1_704' title='bbox 2045 2426 2139 2479; x_wconf 81' lang='grc' dir='ltr'>καὶ</span> <span class='ocrx_word' id='word_1_705' title='bbox 2170 2425 2246 2495; x_wconf 82' lang='grc' dir='ltr'>μὴ</span> <span class='ocrx_word' id='word_1_706' title='bbox 2269 2425 2431 2495; x_wconf 85' lang='grc' dir='ltr'>μόνος</span> <span class='ocrx_word' id='word_1_707' title='bbox 2462 2426 2602 2481; x_wconf 82' lang='grc' dir='ltr'>αὐτὰ</span> <span class='ocrx_word' id='word_1_708' title='bbox 2632 2427 2883 2497; x_wconf 82' lang='grc' dir='ltr'>κατέχεις</span> <span class='ocrx_word' id='word_1_709' title='bbox 2907 2427 3097 2499; x_wconf 84' lang='grc' dir='ltr'>ὥσπερ</span> <span class='ocrx_word' id='word_1_710' title='bbox 3143 2427 3212 2480; x_wconf 84' lang='grc' dir='ltr'>τὰ</span> <span class='ocrx_word' id='word_1_711' title='bbox 3257 2426 3537 2495; x_wconf 81' lang='grc' dir='ltr'>χρήματα.</span> <span class='ocrx_word' id='word_1_712' title='bbox 3561 2423 3624 2475; x_wconf 78' lang='grc' dir='ltr'>οὐ</span> 
     </span>
    </p>
   </div>
   <div class='ocr_carea' id='block_1_94' title="bbox 2043 2513 3620 2587">
    <p class='ocr_par' dir='ltr' id='par_1_94' title="bbox 2043 2513 3620 2587">
     <span class='ocr_line' id='line_1_94' title="bbox 2043 2513 3620 2587; baseline 0.006 -21"><span class='ocrx_word' id='word_1_713' title='bbox 2043 2514 2365 2583; x_wconf 81' lang='grc' dir='ltr'>χρημάτων,</span> <span class='ocrx_word' id='word_1_714' title='bbox 2393 2515 2530 2571; x_wconf 82' lang='grc' dir='ltr'>ἀλλὰ</span> <span class='ocrx_word' id='word_1_715' title='bbox 2561 2516 2875 2582; x_wconf 73' lang='grc' dir='ltr'>πλεονεξίας</span> <span class='ocrx_word' id='word_1_716' title='bbox 2909 2534 2998 2587; x_wconf 86' lang='grc' dir='ltr'>μοι</span> <span class='ocrx_word' id='word_1_717' title='bbox 3027 2517 3204 2580; x_wconf 79' lang='grc' dir='ltr'>δοκεῖς</span> <span class='ocrx_word' id='word_1_718' title='bbox 3246 2515 3381 2585; x_wconf 71' lang='grc' dir='ltr'>ἐρᾷν</span> <span class='ocrx_word' id='word_1_719' title='bbox 3433 2513 3620 2584; x_wconf 82' lang='grc' dir='ltr'>μόνης.</span> 
     </span>
    </p>
   </div>
   <div class='ocr_carea' id='block_1_95' title="bbox 2042 2600 3622 2675">
    <p class='ocr_par' dir='ltr' id='par_1_95' title="bbox 2042 2600 3622 2675">
     <span class='ocr_line' id='line_1_95' title="bbox 2042 2600 3622 2675; baseline 0 -23"><span class='ocrx_word' id='word_1_720' title='bbox 2042 2600 2154 2653; x_wconf 74' lang='grc' dir='ltr'>Καὶ</span> <span class='ocrx_word' id='word_1_721' title='bbox 2174 2601 2297 2655; x_wconf 82' lang='grc' dir='ltr'>οὑδέ</span> <span class='ocrx_word' id='word_1_722' title='bbox 2335 2602 2404 2656; x_wconf 83' lang='grc' dir='ltr'>τὰ</span> <span class='ocrx_word' id='word_1_723' title='bbox 2452 2604 2716 2674; x_wconf 87' lang='grc' dir='ltr'>χρήματα</span> <span class='ocrx_word' id='word_1_724' title='bbox 2771 2605 3036 2675; x_wconf 81' lang='grc' dir='ltr'>ἐφίλησας</span> <span class='ocrx_word' id='word_1_725' title='bbox 3065 2601 3150 2669; x_wconf 71' lang='grc' dir='ltr'>ἂν,</span> <span class='ocrx_word' id='word_1_726' title='bbox 3184 2605 3233 2657; x_wconf 85' lang='grc' dir='ltr'>εί</span> <span class='ocrx_word' id='word_1_727' title='bbox 3264 2601 3417 2656; x_wconf 80' lang='grc' dir='ltr'>κοινά</span> <span class='ocrx_word' id='word_1_728' title='bbox 3448 2600 3622 2672; x_wconf 83' lang='grc' dir='ltr'>πρού-</span> 
     </span>
    </p>
   </div>
   <div class='ocr_carea' id='block_1_96' title="bbox 2041 2688 3621 2762">
    <p class='ocr_par' dir='ltr' id='par_1_96' title="bbox 2041 2688 3621 2762">
     <span class='ocr_line' id='line_1_96' title="bbox 2041 2688 3621 2762; baseline 0 -22"><span class='ocrx_word' id='word_1_729' title='bbox 2041 2704 2195 2741; x_wconf 89' lang='grc' dir='ltr'>κειτο</span> <span class='ocrx_word' id='word_1_730' title='bbox 2251 2691 2420 2743; x_wconf 82' lang='grc' dir='ltr'>πᾶσιν</span> <span class='ocrx_word' id='word_1_731' title='bbox 2703 2690 2913 2745; x_wconf 79' lang='grc' dir='ltr'>Οὐκοῦν</span> <span class='ocrx_word' id='word_1_732' title='bbox 2955 2690 3144 2762; x_wconf 79' lang='grc' dir='ltr'>ἐπειδὴ</span> <span class='ocrx_word' id='word_1_733' title='bbox 3184 2691 3282 2761; x_wconf 77' lang='grc' dir='ltr'>τὴν</span> <span class='ocrx_word' id='word_1_734' title='bbox 3336 2689 3621 2761; x_wconf 86' lang='grc' dir='ltr'>ἐρωμένην</span> 
     </span>
    </p>
   </div>
   <div class='ocr_carea' id='block_1_97' title="bbox 2039 2774 3616 2849">
    <p class='ocr_par' dir='ltr' id='par_1_97' title="bbox 2039 2774 3616 2849">
     <span class='ocr_line' id='line_1_97' title="bbox 2039 2774 3616 2849; baseline 0.001 -23"><span class='ocrx_word' id='word_1_735' title='bbox 2039 2774 2381 2846; x_wconf 78' lang='grc' dir='ltr'>εὑρήκαμεν,</span> <span class='ocrx_word' id='word_1_736' title='bbox 2439 2777 2538 2847; x_wconf 83' lang='grc' dir='ltr'>τὴν</span> <span class='ocrx_word' id='word_1_737' title='bbox 2585 2778 2900 2845; x_wconf 81' lang='grc' dir='ltr'>πλεονεξίαν</span> <span class='ocrx_word' id='word_1_738' title='bbox 2942 2778 3106 2846; x_wconf 88' lang='grc' dir='ltr'>λέγω,</span> <span class='ocrx_word' id='word_1_739' title='bbox 3162 2778 3293 2849; x_wconf 84' lang='grc' dir='ltr'>φέρε</span> <span class='ocrx_word' id='word_1_740' title='bbox 3328 2793 3410 2829; x_wconf 90' lang='grc' dir='ltr'>σοι</span> <span class='ocrx_word' id='word_1_741' title='bbox 3438 2774 3616 2840; x_wconf 77' lang='grc' dir='ltr'>δείξω,</span> 
     </span>
    </p>
   </div>
   <div class='ocr_carea' id='block_1_98' title="bbox 2040 2860 3620 2936">
    <p class='ocr_par' dir='ltr' id='par_1_98' title="bbox 2040 2860 3620 2936">
     <span class='ocr_line' id='line_1_98' title="bbox 2040 2860 3620 2936; baseline 0 -24"><span class='ocrx_word' id='word_1_742' title='bbox 2040 2861 2158 2924; x_wconf 87' lang='grc' dir='ltr'>πῶς</span> <span class='ocrx_word' id='word_1_743' title='bbox 2189 2878 2247 2914; x_wconf 90' lang='grc' dir='ltr'>σε</span> <span class='ocrx_word' id='word_1_744' title='bbox 2287 2866 2442 2932; x_wconf 91' lang='grc' dir='ltr'>μισεῖ</span> <span class='ocrx_word' id='word_1_745' title='bbox 2473 2863 2613 2936; x_wconf 85' lang='grc' dir='ltr'>αῦτη</span> <span class='ocrx_word' id='word_1_746' title='bbox 2664 2864 2758 2917; x_wconf 80' lang='grc' dir='ltr'>καὶ</span> <span class='ocrx_word' id='word_1_747' title='bbox 2805 2864 3232 2934; x_wconf 81' lang='grc' dir='ltr'>ἀποστρέφεται,</span> <span class='ocrx_word' id='word_1_748' title='bbox 3294 2862 3437 2915; x_wconf 84' lang='grc' dir='ltr'>πόσα</span> <span class='ocrx_word' id='word_1_749' title='bbox 3466 2860 3620 2931; x_wconf 80' lang='grc' dir='ltr'>θήγει</span> 
     </span>
    </p>
   </div>
   <div class='ocr_carea' id='block_1_99' title="bbox 2039 2950 3621 3026">
    <p class='ocr_par' dir='ltr' id='par_1_99' title="bbox 2039 2950 3621 3026">
     <span class='ocr_line' id='line_1_99' title="bbox 2039 2950 3621 3026; baseline 0.001 -24"><span class='ocrx_word' id='word_1_750' title='bbox 2039 2950 2180 3003; x_wconf 84' lang='grc' dir='ltr'>κατά</span> <span class='ocrx_word' id='word_1_751' title='bbox 2209 2950 2301 3004; x_wconf 86' lang='grc' dir='ltr'>σοῦ</span> <span class='ocrx_word' id='word_1_752' title='bbox 2334 2952 2482 3025; x_wconf 83' lang='grc' dir='ltr'>ξίφη,</span> <span class='ocrx_word' id='word_1_753' title='bbox 2509 2954 2651 3008; x_wconf 88' lang='grc' dir='ltr'>πόσα</span> <span class='ocrx_word' id='word_1_754' title='bbox 2688 2952 2903 3026; x_wconf 88' lang='grc' dir='ltr'>ὀρύττει</span> <span class='ocrx_word' id='word_1_755' title='bbox 2941 2952 3211 3025; x_wconf 87' lang='grc' dir='ltr'>βάραθρα,</span> <span class='ocrx_word' id='word_1_756' title='bbox 3238 2952 3435 3013; x_wconf 85' lang='grc' dir='ltr'>πόσους</span> <span class='ocrx_word' id='word_1_757' title='bbox 3488 2951 3621 3004; x_wconf 84' lang='grc' dir='ltr'>ἀνά-</span> 
     </span>
    </p>
   </div>
   <div class='ocr_carea' id='block_1_100' title="bbox 2036 3037 3620 3112">
    <p class='ocr_par' dir='ltr' id='par_1_100' title="bbox 2036 3037 3620 3112">
     <span class='ocr_line' id='line_1_100' title="bbox 2036 3037 3620 3112; baseline 0.001 -21"><span class='ocrx_word' id='word_1_758' title='bbox 2036 3054 2156 3091; x_wconf 88' lang='grc' dir='ltr'>πτει</span> <span class='ocrx_word' id='word_1_759' title='bbox 2185 3037 2433 3110; x_wconf 85' lang='grc' dir='ltr'>βρόχους,</span> <span class='ocrx_word' id='word_1_760' title='bbox 2481 3040 2681 3105; x_wconf 83' lang='grc' dir='ltr'>πόσους</span> <span class='ocrx_word' id='word_1_761' title='bbox 2733 3040 3145 3112; x_wconf 79' lang='grc' dir='ltr'>παρασκευάζει</span> <span class='ocrx_word' id='word_1_762' title='bbox 3189 3038 3486 3112; x_wconf 78' lang='grc' dir='ltr'>κρημνούς·</span> <span class='ocrx_word' id='word_1_763' title='bbox 3531 3039 3620 3092; x_wconf 86' lang='grc' dir='ltr'>ἵνα</span> 
     </span>
    </p>
   </div>
   <div class='ocr_carea' id='block_1_101' title="bbox 2015 3125 3661 3210">
    <p class='ocr_par' dir='ltr' id='par_1_101' title="bbox 2015 3125 3661 3210">
     <span class='ocr_line' id='line_1_101' title="bbox 2015 3125 3661 3210; baseline 0.001 -30"><span class='ocrx_word' id='word_1_764' title='bbox 2015 3125 2137 3181; x_wconf 73' lang='grc' dir='ltr'>’κᾶν</span> <span class='ocrx_word' id='word_1_765' title='bbox 2166 3127 2306 3180; x_wconf 76' lang='grc' dir='ltr'>οὕτω</span> <span class='ocrx_word' id='word_1_766' title='bbox 2339 3128 2537 3200; x_wconf 74' lang='grc' dir='ltr'>σϐέσῃς</span> <span class='ocrx_word' id='word_1_767' title='bbox 2566 3128 2626 3186; x_wconf 84' lang='grc' dir='ltr'>τὸ</span> <span class='ocrx_word' id='word_1_768' title='bbox 2653 3129 2894 3201; x_wconf 89' lang='grc' dir='ltr'>φίλτρον.</span> <span class='ocrx_word' id='word_1_769' title='bbox 2930 3130 3099 3183; x_wconf 87' lang='grc' dir='ltr'>Πόθεν</span> <span class='ocrx_word' id='word_1_770' title='bbox 3146 3125 3237 3183; x_wconf 75' lang='grc' dir='ltr'>οὖν</span> <span class='ocrx_word' id='word_1_771' title='bbox 3286 3129 3402 3183; x_wconf 81' lang='grc' dir='ltr'>ἐστι</span> <span class='ocrx_word' id='word_1_772' title='bbox 3436 3128 3613 3182; x_wconf 82' lang='grc' dir='ltr'>ταῦτα</span> <span class='ocrx_word' id='word_1_773' title='bbox 3648 3202 3661 3210; x_wconf 23' lang='grc'>⁸</span> 
     </span>
    </p>
   </div>
   <div class='ocr_carea' id='block_1_102' title="bbox 2033 3215 3618 3287">
    <p class='ocr_par' dir='ltr' id='par_1_102' title="bbox 2033 3215 3618 3287">
     <span class='ocr_line' id='line_1_102' title="bbox 2033 3215 3618 3287; baseline 0.004 -21"><span class='ocrx_word' id='word_1_774' title='bbox 2033 3215 2264 3281; x_wconf 86' lang='grc' dir='ltr'>είδέναι;</span> <span class='ocrx_word' id='word_1_775' title='bbox 2308 3215 2440 3269; x_wconf 80' lang='grc' dir='ltr'>Ἀπὸ</span> <span class='ocrx_word' id='word_1_776' title='bbox 2478 3217 2587 3271; x_wconf 89' lang='grc' dir='ltr'>τῶν</span> <span class='ocrx_word' id='word_1_777' title='bbox 2620 3216 2775 3284; x_wconf 86' lang='grc' dir='ltr'>ὁδῶν,</span> <span class='ocrx_word' id='word_1_778' title='bbox 2802 3217 2914 3271; x_wconf 82' lang='grc' dir='ltr'>ἀπὸ</span> <span class='ocrx_word' id='word_1_779' title='bbox 2941 3216 3050 3270; x_wconf 90' lang='grc' dir='ltr'>τῶν</span> <span class='ocrx_word' id='word_1_780' title='bbox 3074 3216 3348 3287; x_wconf 84' lang='grc' dir='ltr'>πολέμων,</span> <span class='ocrx_word' id='word_1_781' title='bbox 3383 3216 3493 3270; x_wconf 80' lang='grc' dir='ltr'>ἀπὸ</span> <span class='ocrx_word' id='word_1_782' title='bbox 3515 3216 3618 3286; x_wconf 73' lang='grc' dir='ltr'>τῆς</span> 
     </span>
    </p>
   </div>
   <div class='ocr_carea' id='block_1_103' title="bbox 2034 3298 3617 3373">
    <p class='ocr_par' dir='ltr' id='par_1_103' title="bbox 2034 3298 3617 3373">
     <span class='ocr_line' id='line_1_103' title="bbox 2034 3298 3617 3373; baseline 0 -20"><span class='ocrx_word' id='word_1_783' title='bbox 2034 3298 2325 3371; x_wconf 80' lang='grc' dir='ltr'>θαλάττης,</span> <span class='ocrx_word' id='word_1_784' title='bbox 2355 3301 2464 3354; x_wconf 84' lang='grc' dir='ltr'>ἀπὸ</span> <span class='ocrx_word' id='word_1_785' title='bbox 2513 3301 2622 3355; x_wconf 92' lang='grc' dir='ltr'>τῶν</span> <span class='ocrx_word' id='word_1_786' title='bbox 2672 3303 3059 3373; x_wconf 85' lang='grc' dir='ltr'>δικαστηρίων.</span> <span class='ocrx_word' id='word_1_787' title='bbox 3111 3304 3220 3355; x_wconf 81' lang='grc' dir='ltr'>Καὶ</span> <span class='ocrx_word' id='word_1_788' title='bbox 3267 3302 3375 3372; x_wconf 79' lang='grc' dir='ltr'>γάρ</span> <span class='ocrx_word' id='word_1_789' title='bbox 3427 3303 3617 3354; x_wconf 76' lang='grc' dir='ltr'>καὶτὸ</span> 
     </span>
    </p>
   </div>
   <div class='ocr_carea' id='block_1_104' title="bbox 2033 3385 3614 3455">
    <p class='ocr_par' dir='ltr' id='par_1_104' title="bbox 2033 3385 3614 3455">
     <span class='ocr_line' id='line_1_104' title="bbox 2033 3385 3614 3455; baseline 0 -18"><span class='ocrx_word' id='word_1_790' title='bbox 2033 3385 2267 3451; x_wconf 88' lang='grc' dir='ltr'>πέλαγος</span> <span class='ocrx_word' id='word_1_791' title='bbox 2327 3386 2579 3455; x_wconf 77' lang='grc' dir='ltr'>αἱμάτων</span> <span class='ocrx_word' id='word_1_792' title='bbox 2622 3385 2906 3455; x_wconf 85' lang='grc' dir='ltr'>ἐνέπλησε,</span> <span class='ocrx_word' id='word_1_793' title='bbox 2955 3387 3049 3439; x_wconf 78' lang='grc' dir='ltr'>καὶ</span> <span class='ocrx_word' id='word_1_794' title='bbox 3085 3386 3153 3438; x_wconf 87' lang='grc' dir='ltr'>τά</span> <span class='ocrx_word' id='word_1_795' title='bbox 3193 3387 3303 3437; x_wconf 86' lang='grc' dir='ltr'>τῶν</span> <span class='ocrx_word' id='word_1_796' title='bbox 3345 3386 3614 3438; x_wconf 88' lang='grc' dir='ltr'>δικαστῶν</span> 
     </span>
    </p>
   </div>
   <div class='ocr_carea' id='block_1_105' title="bbox 2034 3467 3614 3538">
    <p class='ocr_par' dir='ltr' id='par_1_105' title="bbox 2034 3467 3614 3538">
     <span class='ocr_line' id='line_1_105' title="bbox 2034 3467 3614 3538; baseline -0.002 -18"><span class='ocrx_word' id='word_1_797' title='bbox 2034 3468 2300 3537; x_wconf 87' lang='grc' dir='ltr'>φοινίσσει</span> <span class='ocrx_word' id='word_1_798' title='bbox 2353 3467 2481 3537; x_wconf 88' lang='grc' dir='ltr'>ξίφη</span> <span class='ocrx_word' id='word_1_799' title='bbox 2531 3468 2864 3538; x_wconf 86' lang='grc' dir='ltr'>παρανόμως</span> <span class='ocrx_word' id='word_1_800' title='bbox 2898 3468 3177 3533; x_wconf 84' lang='grc' dir='ltr'>πολλάκις,</span> <span class='ocrx_word' id='word_1_801' title='bbox 3209 3470 3304 3520; x_wconf 76' lang='grc' dir='ltr'>καὶ</span> <span class='ocrx_word' id='word_1_802' title='bbox 3337 3467 3461 3529; x_wconf 79' lang='grc' dir='ltr'>τοὺς</span> <span class='ocrx_word' id='word_1_803' title='bbox 3495 3469 3614 3528; x_wconf 88' lang='grc' dir='ltr'>ταῖς</span> 
     </span>
    </p>
   </div>
   <div class='ocr_carea' id='block_1_106' title="bbox 2032 3548 3614 3621">
    <p class='ocr_par' dir='ltr' id='par_1_106' title="bbox 2032 3548 3614 3621">
     <span class='ocr_line' id='line_1_106' title="bbox 2032 3548 3614 3621; baseline -0.003 -17"><span class='ocrx_word' id='word_1_804' title='bbox 2032 3550 2164 3613; x_wconf 85' lang='grc' dir='ltr'>ὀδοῖς</span> <span class='ocrx_word' id='word_1_805' title='bbox 2199 3548 2587 3619; x_wconf 84' lang='grc' dir='ltr'>ἐφεδρεύοντας</span> <span class='ocrx_word' id='word_1_806' title='bbox 2625 3548 2842 3620; x_wconf 90' lang='grc' dir='ltr'>νύκτωρ</span> <span class='ocrx_word' id='word_1_807' title='bbox 2879 3552 2971 3602; x_wconf 70' lang='grc' dir='ltr'>καὶ</span> <span class='ocrx_word' id='word_1_808' title='bbox 2999 3550 3116 3619; x_wconf 89' lang='grc' dir='ltr'>μεθ’</span> <span class='ocrx_word' id='word_1_809' title='bbox 3166 3550 3377 3621; x_wconf 79' lang='grc' dir='ltr'>ἡμέραν</span> <span class='ocrx_word' id='word_1_810' title='bbox 3403 3548 3614 3612; x_wconf 77' lang='grc' dir='ltr'>ὁπλίζει</span> 
     </span>
    </p>
   </div>
   <div class='ocr_carea' id='block_1_107' title="bbox 2031 3630 3612 3704">
    <p class='ocr_par' dir='ltr' id='par_1_107' title="bbox 2031 3630 3612 3704">
     <span class='ocr_line' id='line_1_107' title="bbox 2031 3630 3612 3704; baseline -0.003 -17"><span class='ocrx_word' id='word_1_811' title='bbox 2031 3631 2313 3704; x_wconf 80' lang='grc' dir='ltr'>αῦτη,καὶ</span> <span class='ocrx_word' id='word_1_812' title='bbox 2364 3632 2527 3700; x_wconf 77' lang='grc' dir='ltr'>φύσιν</span> <span class='ocrx_word' id='word_1_813' title='bbox 2568 3632 2837 3702; x_wconf 83' lang='grc' dir='ltr'>ἀγνοῆσαι</span> <span class='ocrx_word' id='word_1_814' title='bbox 2874 3633 3083 3696; x_wconf 79' lang='grc' dir='ltr'>ἔπεισε,</span> <span class='ocrx_word' id='word_1_815' title='bbox 3136 3633 3231 3685; x_wconf 74' lang='grc' dir='ltr'>καὶ</span> <span class='ocrx_word' id='word_1_816' title='bbox 3284 3630 3612 3701; x_wconf 83' lang='grc' dir='ltr'>πατραλοίας</span> 
     </span>
    </p>
   </div>
   <div class='ocr_carea' id='block_1_108' title="bbox 2030 3712 3617 3786">
    <p class='ocr_par' dir='ltr' id='par_1_108' title="bbox 2030 3712 3617 3786">
     <span class='ocr_line' id='line_1_108' title="bbox 2030 3712 3617 3786; baseline -0.001 -18"><span class='ocrx_word' id='word_1_817' title='bbox 2030 3716 2255 3786; x_wconf 86' lang='grc' dir='ltr'>ἐποίησε</span> <span class='ocrx_word' id='word_1_818' title='bbox 2273 3715 2366 3769; x_wconf 84' lang='grc' dir='ltr'>καὶ</span> <span class='ocrx_word' id='word_1_819' title='bbox 2405 3715 2763 3786; x_wconf 82' lang='grc' dir='ltr'>μητραλοίας,</span> <span class='ocrx_word' id='word_1_820' title='bbox 2810 3716 2907 3769; x_wconf 83' lang='grc' dir='ltr'>καὶ</span> <span class='ocrx_word' id='word_1_821' title='bbox 2946 3716 3125 3769; x_wconf 89' lang='grc' dir='ltr'>πάντα</span> <span class='ocrx_word' id='word_1_822' title='bbox 3164 3715 3503 3785; x_wconf 82' lang='grc' dir='ltr'>ἐπεισήγαγε</span> <span class='ocrx_word' id='word_1_823' title='bbox 3532 3712 3617 3783; x_wconf 81' lang='grc' dir='ltr'>τῷ</span> 
     </span>
    </p>
   </div>
   <div class='ocr_carea' id='block_1_109' title="bbox 2030 3797 2420 3870">
    <p class='ocr_par' dir='ltr' id='par_1_109' title="bbox 2030 3797 2420 3870">
     <span class='ocr_line' id='line_1_109' title="bbox 2030 3797 2420 3870; baseline 0.005 -18"><span class='ocrx_word' id='word_1_824' title='bbox 2030 3797 2133 3870; x_wconf 89' lang='grc' dir='ltr'>βίῳ</span> <span class='ocrx_word' id='word_1_825' title='bbox 2163 3799 2232 3853; x_wconf 83' lang='grc' dir='ltr'>τὰ</span> <span class='ocrx_word' id='word_1_826' title='bbox 2255 3800 2420 3855; x_wconf 87' lang='grc' dir='ltr'>κακά.</span> 
     </span>
    </p>
   </div>
   <div class='ocr_carea' id='block_1_110' title="bbox 2096 3881 3609 3953">
    <p class='ocr_par' dir='ltr' id='par_1_110' title="bbox 2096 3881 3609 3953">
     <span class='ocr_line' id='line_1_110' title="bbox 2096 3881 3609 3953; baseline 0 -18"><span class='ocrx_word' id='word_1_827' title='bbox 2096 3882 2187 3935; x_wconf 79' lang='grc' dir='ltr'>Διὸ</span> <span class='ocrx_word' id='word_1_828' title='bbox 2249 3883 2344 3937; x_wconf 69' lang='grc' dir='ltr'>καὶ</span> <span class='ocrx_word' id='word_1_829' title='bbox 2382 3882 2540 3953; x_wconf 75' lang='grc' dir='ltr'>ῥίζαν</span> <span class='ocrx_word' id='word_1_830' title='bbox 2584 3882 2765 3938; x_wconf 81' lang='grc' dir='ltr'>αὐτῶν</span> <span class='ocrx_word' id='word_1_831' title='bbox 2815 3885 2844 3938; x_wconf 85' lang='grc' dir='ltr'>ὀ</span> <span class='ocrx_word' id='word_1_832' title='bbox 2906 3882 3120 3947; x_wconf 85' lang='grc' dir='ltr'>Παῦλος</span> <span class='ocrx_word' id='word_1_833' title='bbox 3178 3882 3380 3948; x_wconf 86' lang='grc' dir='ltr'>ταύτην</span> <span class='ocrx_word' id='word_1_834' title='bbox 3428 3881 3609 3936; x_wconf 82' lang='grc' dir='ltr'>καλεῖ.</span> 
     </span>
    </p>
   </div>
   <div class='ocr_carea' id='block_1_111' title="bbox 2025 3965 3600 4039">
    <p class='ocr_par' dir='ltr' id='par_1_111' title="bbox 2025 3965 3600 4039">
     <span class='ocr_line' id='line_1_111' title="bbox 2025 3965 3600 4039; baseline 0 -21"><span class='ocrx_word' id='word_1_835' title='bbox 2025 3965 2177 4038; x_wconf 78' lang='grc' dir='ltr'>Αὕτη</span> <span class='ocrx_word' id='word_1_836' title='bbox 2204 3968 2330 4031; x_wconf 82' lang='grc' dir='ltr'>τοὺς</span> <span class='ocrx_word' id='word_1_837' title='bbox 2376 3967 2547 4039; x_wconf 78' lang='grc' dir='ltr'>αὐτῆς</span> <span class='ocrx_word' id='word_1_838' title='bbox 2576 3968 2816 4039; x_wconf 77' lang='grc' dir='ltr'>ἐραστάς</span> <span class='ocrx_word' id='word_1_839' title='bbox 2848 3967 2953 4022; x_wconf 90' lang='grc' dir='ltr'>τῶν</span> <span class='ocrx_word' id='word_1_840' title='bbox 2985 3968 3055 4022; x_wconf 81' lang='grc' dir='ltr'>τά</span> <span class='ocrx_word' id='word_1_841' title='bbox 3089 3966 3333 4038; x_wconf 87' lang='grc' dir='ltr'>μέταλλα</span> <span class='ocrx_word' id='word_1_842' title='bbox 3371 3966 3600 4036; x_wconf 77' lang='grc' dir='ltr'>ἐργαζο-</span> 
     </span>
    </p>
   </div>
   <div class='ocr_carea' id='block_1_112' title="bbox 2029 4049 3610 4121">
    <p class='ocr_par' dir='ltr' id='par_1_112' title="bbox 2029 4049 3610 4121">
     <span class='ocr_line' id='line_1_112' title="bbox 2029 4049 3610 4121; baseline -0.001 -19"><span class='ocrx_word' id='word_1_843' title='bbox 2029 4049 2207 4119; x_wconf 89' lang='grc' dir='ltr'>μένων</span> <span class='ocrx_word' id='word_1_844' title='bbox 2237 4050 2388 4104; x_wconf 81' lang='grc' dir='ltr'>ούδέν</span> <span class='ocrx_word' id='word_1_845' title='bbox 2438 4051 2660 4120; x_wconf 77' lang='grc' dir='ltr'>ἄμεινον</span> <span class='ocrx_word' id='word_1_846' title='bbox 2715 4052 2909 4121; x_wconf 89' lang='grc' dir='ltr'>ἀφίησι</span> <span class='ocrx_word' id='word_1_847' title='bbox 2968 4050 3291 4106; x_wconf 83' lang='grc' dir='ltr'>διακεῖσθαι.</span> <span class='ocrx_word' id='word_1_848' title='bbox 3338 4049 3610 4119; x_wconf 76' lang='grc' dir='ltr'>Καθάπερ</span> 
     </span>
    </p>
   </div>
   <div class='ocr_carea' id='block_1_113' title="bbox 2024 4132 3606 4206">
    <p class='ocr_par' dir='ltr' id='par_1_113' title="bbox 2024 4132 3606 4206">
     <span class='ocr_line' id='line_1_113' title="bbox 2024 4132 3606 4206; baseline -0.001 -21"><span class='ocrx_word' id='word_1_849' title='bbox 2024 4132 2131 4203; x_wconf 84' lang='grc' dir='ltr'>γάρ</span> <span class='ocrx_word' id='word_1_850' title='bbox 2156 4132 2351 4186; x_wconf 83' lang='grc' dir='ltr'>ἐκεῖνοι</span> <span class='ocrx_word' id='word_1_851' title='bbox 2388 4132 2651 4205; x_wconf 86' lang='grc' dir='ltr'>διηνεκῶς</span> <span class='ocrx_word' id='word_1_852' title='bbox 2682 4136 2740 4188; x_wconf 90' lang='grc' dir='ltr'>ἐν</span> <span class='ocrx_word' id='word_1_853' title='bbox 2764 4136 2943 4206; x_wconf 86' lang='grc' dir='ltr'>σκότῳ</span> <span class='ocrx_word' id='word_1_854' title='bbox 2973 4134 3489 4204; x_wconf 83' lang='grc' dir='ltr'>κατακεκλεισμένοι</span> <span class='ocrx_word' id='word_1_855' title='bbox 3511 4134 3606 4186; x_wconf 79' lang='grc' dir='ltr'>καὶ</span> 
     </span>
    </p>
   </div>
   <div class='ocr_carea' id='block_1_114' title="bbox 2022 4212 3607 4289">
    <p class='ocr_par' dir='ltr' id='par_1_114' title="bbox 2022 4212 3607 4289">
     <span class='ocr_line' id='line_1_114' title="bbox 2022 4212 3607 4289; baseline 0.001 -23"><span class='ocrx_word' id='word_1_856' title='bbox 2022 4212 2294 4286; x_wconf 80' lang='grc' dir='ltr'>δεδεμένοι</span> <span class='ocrx_word' id='word_1_857' title='bbox 2323 4218 2578 4271; x_wconf 88' lang='grc' dir='ltr'>πονοῦσιν</span> <span class='ocrx_word' id='word_1_858' title='bbox 2614 4218 2851 4289; x_wconf 88' lang='grc' dir='ltr'>ἀνόνητα</span> <span class='ocrx_word' id='word_1_859' title='bbox 2873 4235 2885 4247; x_wconf 82' lang='lat'><strong><em>°</em></strong></span> <span class='ocrx_word' id='word_1_860' title='bbox 2922 4218 3065 4271; x_wconf 72' lang='grc' dir='ltr'>οὕτω</span> <span class='ocrx_word' id='word_1_861' title='bbox 3093 4220 3186 4271; x_wconf 72' lang='grc' dir='ltr'>καὶ</span> <span class='ocrx_word' id='word_1_862' title='bbox 3217 4213 3361 4272; x_wconf 77' lang='grc' dir='ltr'>οὗτοι</span> <span class='ocrx_word' id='word_1_863' title='bbox 3397 4217 3454 4267; x_wconf 84' lang='grc' dir='ltr'>ἐν</span> <span class='ocrx_word' id='word_1_864' title='bbox 3490 4218 3607 4277; x_wconf 82' lang='grc' dir='ltr'>τοῖς</span> 
     </span>
    </p>
   </div>
   <div class='ocr_carea' id='block_1_115' title="bbox 2025 4298 3607 4371">
    <p class='ocr_par' dir='ltr' id='par_1_115' title="bbox 2025 4298 3607 4371">
     <span class='ocr_line' id='line_1_115' title="bbox 2025 4298 3607 4371; baseline 0.001 -21"><span class='ocrx_word' id='word_1_865' title='bbox 2025 4298 2313 4367; x_wconf 88' lang='grc' dir='ltr'>σπηλαίοις</span> <span class='ocrx_word' id='word_1_866' title='bbox 2337 4300 2436 4369; x_wconf 86' lang='grc' dir='ltr'>τῆς</span> <span class='ocrx_word' id='word_1_867' title='bbox 2482 4301 2849 4371; x_wconf 83' lang='grc' dir='ltr'>φιλαργυρίας</span> <span class='ocrx_word' id='word_1_868' title='bbox 2909 4300 3416 4370; x_wconf 81' lang='grc' dir='ltr'>κατορωρυγμένοι,</span> <span class='ocrx_word' id='word_1_869' title='bbox 3453 4300 3607 4351; x_wconf 73' lang='grc' dir='ltr'>οὐδε·</span> 
     </span>
    </p>
   </div>
   <div class='ocr_carea' id='block_1_116' title="bbox 2022 4380 3607 4453">
    <p class='ocr_par' dir='ltr' id='par_1_116' title="bbox 2022 4380 3607 4453">
     <span class='ocr_line' id='line_1_116' title="bbox 2022 4380 3607 4453; baseline 0.001 -20"><span class='ocrx_word' id='word_1_870' title='bbox 2022 4380 2111 4444; x_wconf 81' lang='grc' dir='ltr'>νὸς</span> <span class='ocrx_word' id='word_1_871' title='bbox 2137 4383 2321 4444; x_wconf 82' lang='grc' dir='ltr'>αὐτοῖς</span> <span class='ocrx_word' id='word_1_872' title='bbox 2379 4384 2624 4453; x_wconf 84' lang='grc' dir='ltr'>ἀνάγκην</span> <span class='ocrx_word' id='word_1_873' title='bbox 2669 4383 3023 4447; x_wconf 83' lang='grc' dir='ltr'>ἐπιτιθέντος,</span> <span class='ocrx_word' id='word_1_874' title='bbox 3057 4384 3353 4453; x_wconf 81' lang='grc' dir='ltr'>αὐτόματοι</span> <span class='ocrx_word' id='word_1_875' title='bbox 3387 4382 3485 4453; x_wconf 79' lang='grc' dir='ltr'>τὴν</span> <span class='ocrx_word' id='word_1_876' title='bbox 3512 4382 3607 4435; x_wconf 84' lang='grc' dir='ltr'>κό-</span> 
     </span>
    </p>
   </div>
   <div class='ocr_carea' id='block_1_117' title="bbox 2023 4461 3600 4535">
    <p class='ocr_par' dir='ltr' id='par_1_117' title="bbox 2023 4461 3600 4535">
     <span class='ocr_line' id='line_1_117' title="bbox 2023 4461 3600 4535; baseline -0.001 -18"><span class='ocrx_word' id='word_1_877' title='bbox 2023 4461 2179 4517; x_wconf 87' lang='grc' dir='ltr'>λασιν</span> <span class='ocrx_word' id='word_1_878' title='bbox 2211 4464 2574 4527; x_wconf 87' lang='grc' dir='ltr'>ἐπισπῶνται,</span> <span class='ocrx_word' id='word_1_879' title='bbox 2613 4466 2827 4528; x_wconf 74' lang='grc' dir='ltr'>ἑαυτοῖς</span> <span class='ocrx_word' id='word_1_880' title='bbox 2858 4466 3092 4535; x_wconf 83' lang='grc' dir='ltr'>δεσμοὺς</span> <span class='ocrx_word' id='word_1_881' title='bbox 3117 4465 3432 4535; x_wconf 88' lang='grc' dir='ltr'>περιθέντες</span> <span class='ocrx_word' id='word_1_882' title='bbox 3465 4463 3600 4518; x_wconf 68' lang='grc' dir='ltr'>άλύρ</span> 
     </span>
    </p>
   </div>
   <div class='ocr_carea' id='block_1_118' title="bbox 2021 4547 3601 4620">
    <p class='ocr_par' dir='ltr' id='par_1_118' title="bbox 2021 4547 3601 4620">
     <span class='ocr_line' id='line_1_118' title="bbox 2021 4547 3601 4620; baseline 0.002 -22"><span class='ocrx_word' id='word_1_883' title='bbox 2021 4561 2169 4609; x_wconf 88' lang='grc' dir='ltr'>τους.</span> <span class='ocrx_word' id='word_1_884' title='bbox 2195 4547 2306 4599; x_wconf 77' lang='grc' dir='ltr'>Καὶ</span> <span class='ocrx_word' id='word_1_885' title='bbox 2327 4548 2375 4600; x_wconf 88' lang='grc' dir='ltr'>οί</span> <span class='ocrx_word' id='word_1_886' title='bbox 2406 4548 2503 4618; x_wconf 86' lang='grc' dir='ltr'>μὲν</span> <span class='ocrx_word' id='word_1_887' title='bbox 2546 4547 2853 4610; x_wconf 87' lang='grc' dir='ltr'>κατάδικοι,</span> <span class='ocrx_word' id='word_1_888' title='bbox 2906 4547 3008 4602; x_wconf 88' lang='grc' dir='ltr'>κᾶν</span> <span class='ocrx_word' id='word_1_889' title='bbox 3071 4548 3307 4620; x_wconf 79' lang='grc' dir='ltr'>ἑσπέρας</span> <span class='ocrx_word' id='word_1_890' title='bbox 3355 4548 3601 4601; x_wconf 82' lang='grc' dir='ltr'>καταλα-</span> 
     </span>
    </p>
   </div>
   <div class='ocr_carea' id='block_1_119' title="bbox 2022 4627 3603 4705">
    <p class='ocr_par' dir='ltr' id='par_1_119' title="bbox 2022 4627 3603 4705">
     <span class='ocr_line' id='line_1_119' title="bbox 2022 4627 3603 4705; baseline 0.001 -22"><span class='ocrx_word' id='word_1_891' title='bbox 2022 4630 2225 4702; x_wconf 75' lang='grc' dir='ltr'>ϐούσης</span> <span class='ocrx_word' id='word_1_892' title='bbox 2255 4631 2497 4686; x_wconf 80' lang='grc' dir='ltr'>ἀνίενται</span> <span class='ocrx_word' id='word_1_893' title='bbox 2517 4631 2630 4685; x_wconf 87' lang='grc' dir='ltr'>τῶν</span> <span class='ocrx_word' id='word_1_894' title='bbox 2664 4632 2878 4703; x_wconf 85' lang='grc' dir='ltr'>μόχθων</span> <span class='ocrx_word' id='word_1_895' title='bbox 2898 4648 2913 4661; x_wconf 85' lang='lat'><strong><em>°</em></strong></span> <span class='ocrx_word' id='word_1_896' title='bbox 2947 4627 3092 4686; x_wconf 73' lang='grc' dir='ltr'>οὗτοι</span> <span class='ocrx_word' id='word_1_897' title='bbox 3117 4632 3173 4686; x_wconf 89' lang='grc' dir='ltr'>δέ</span> <span class='ocrx_word' id='word_1_898' title='bbox 3201 4633 3296 4685; x_wconf 78' lang='grc' dir='ltr'>καὶ</span> <span class='ocrx_word' id='word_1_899' title='bbox 3321 4634 3380 4685; x_wconf 87' lang='grc' dir='ltr'>ἐν</span> <span class='ocrx_word' id='word_1_900' title='bbox 3416 4633 3603 4705; x_wconf 63' lang='grc' dir='ltr'>ἡμέρᾳ,</span> 
     </span>
    </p>
   </div>
   <div class='ocr_carea' id='block_1_120' title="bbox 2020 4717 3597 4790">
    <p class='ocr_par' dir='ltr' id='par_1_120' title="bbox 2020 4717 3597 4790">
     <span class='ocr_line' id='line_1_120' title="bbox 2020 4717 3597 4790; baseline -0.001 -19"><span class='ocrx_word' id='word_1_901' title='bbox 2020 4718 2115 4771; x_wconf 78' lang='grc' dir='ltr'>καὶ</span> <span class='ocrx_word' id='word_1_902' title='bbox 2140 4719 2198 4771; x_wconf 89' lang='grc' dir='ltr'>ἐν</span> <span class='ocrx_word' id='word_1_903' title='bbox 2222 4718 2376 4772; x_wconf 75' lang='grc' dir='ltr'>νυκτὶ</span> <span class='ocrx_word' id='word_1_904' title='bbox 2415 4717 2749 4790; x_wconf 87' lang='grc' dir='ltr'>διορύττουσι</span> <span class='ocrx_word' id='word_1_905' title='bbox 2779 4718 2847 4770; x_wconf 85' lang='grc' dir='ltr'>τὰ</span> <span class='ocrx_word' id='word_1_906' title='bbox 2884 4717 3095 4787; x_wconf 83' lang='grc' dir='ltr'>πονηρά</span> <span class='ocrx_word' id='word_1_907' title='bbox 3117 4717 3289 4771; x_wconf 90' lang='grc' dir='ltr'>ταῦτα</span> <span class='ocrx_word' id='word_1_908' title='bbox 3334 4717 3597 4788; x_wconf 85' lang='grc' dir='ltr'>μέταλλα’</span> 
     </span>
    </p>
   </div>
   <div class='ocr_carea' id='block_1_121' title="bbox 2020 4801 3599 4873">
    <p class='ocr_par' dir='ltr' id='par_1_121' title="bbox 2020 4801 3599 4873">
     <span class='ocr_line' id='line_1_121' title="bbox 2020 4801 3599 4873; baseline 0 -19"><span class='ocrx_word' id='word_1_909' title='bbox 2020 4803 2113 4856; x_wconf 79' lang='grc' dir='ltr'>καὶ</span> <span class='ocrx_word' id='word_1_910' title='bbox 2144 4803 2255 4865; x_wconf 86' lang='grc' dir='ltr'>τοῖς</span> <span class='ocrx_word' id='word_1_911' title='bbox 2291 4801 2390 4872; x_wconf 82' lang='grc' dir='ltr'>μὲν</span> <span class='ocrx_word' id='word_1_912' title='bbox 2417 4801 2614 4873; x_wconf 86' lang='grc' dir='ltr'>μέτρον</span> <span class='ocrx_word' id='word_1_913' title='bbox 2644 4802 2791 4855; x_wconf 79' lang='grc' dir='ltr'>ἐστὶν</span> <span class='ocrx_word' id='word_1_914' title='bbox 2833 4802 3138 4873; x_wconf 79' lang='grc' dir='ltr'>ὡρισμένον</span> <span class='ocrx_word' id='word_1_915' title='bbox 3186 4803 3283 4872; x_wconf 85' lang='grc' dir='ltr'>τῆς</span> <span class='ocrx_word' id='word_1_916' title='bbox 3318 4802 3599 4873; x_wconf 78' lang='grc' dir='ltr'>μοχθηρᾶς</span> 
     </span>
    </p>
   </div>
   <div class='ocr_carea' id='block_1_122' title="bbox 2019 4880 3595 4956">
    <p class='ocr_par' dir='ltr' id='par_1_122' title="bbox 2019 4880 3595 4956">
     <span class='ocr_line' id='line_1_122' title="bbox 2019 4880 3595 4956; baseline -0.002 -19"><span class='ocrx_word' id='word_1_917' title='bbox 2019 4885 2279 4955; x_wconf 81' lang='grc' dir='ltr'>ἐργασίας</span> <span class='ocrx_word' id='word_1_918' title='bbox 2301 4885 2538 4954; x_wconf 89' lang='grc' dir='ltr'>ἐκείνης,</span> <span class='ocrx_word' id='word_1_919' title='bbox 2566 4880 2790 4942; x_wconf 73' lang='grc' dir='ltr'>οὗτοιδέ</span> <span class='ocrx_word' id='word_1_920' title='bbox 2823 4885 3022 4956; x_wconf 85' lang='grc' dir='ltr'>μέτρον</span> <span class='ocrx_word' id='word_1_921' title='bbox 3039 4885 3192 4939; x_wconf 77' lang='grc' dir='ltr'>οὐδὲν</span> <span class='ocrx_word' id='word_1_922' title='bbox 3229 4886 3431 4946; x_wconf 77' lang='grc' dir='ltr'>ἴσασιν,</span> <span class='ocrx_word' id='word_1_923' title='bbox 3479 4883 3595 4937; x_wconf 84' lang='grc' dir='ltr'>ἀλλ’</span> 
     </span>
    </p>
   </div>
   <div class='ocr_carea' id='block_1_123' title="bbox 2016 4967 3596 5039">
    <p class='ocr_par' dir='ltr' id='par_1_123' title="bbox 2016 4967 3596 5039">
     <span class='ocr_line' id='line_1_123' title="bbox 2016 4967 3596 5039; baseline 0 -17"><span class='ocrx_word' id='word_1_924' title='bbox 2016 4968 2138 5022; x_wconf 85' lang='grc' dir='ltr'>ὅσον</span> <span class='ocrx_word' id='word_1_925' title='bbox 2166 4968 2232 5022; x_wconf 81' lang='grc' dir='ltr'>ἂν</span> <span class='ocrx_word' id='word_1_926' title='bbox 2260 4967 2517 5039; x_wconf 82' lang='grc' dir='ltr'>ὀρύξωσι,</span> <span class='ocrx_word' id='word_1_927' title='bbox 2548 4967 2786 5038; x_wconf 87' lang='grc' dir='ltr'>τοσούτῳ</span> <span class='ocrx_word' id='word_1_928' title='bbox 2820 4970 3065 5039; x_wconf 77' lang='grc' dir='ltr'>μείζονος</span> <span class='ocrx_word' id='word_1_929' title='bbox 3119 4970 3369 5037; x_wconf 85' lang='grc' dir='ltr'>ἐφίενται</span> <span class='ocrx_word' id='word_1_930' title='bbox 3404 4970 3596 5023; x_wconf 89' lang='grc' dir='ltr'>ταλαι-</span> 
     </span>
    </p>
   </div>
   <div class='ocr_carea' id='block_1_124' title="bbox 2017 5048 3588 5123">
    <p class='ocr_par' dir='ltr' id='par_1_124' title="bbox 2017 5048 3588 5123">
     <span class='ocr_line' id='line_1_124' title="bbox 2017 5048 3588 5123; baseline 0.001 -19"><span class='ocrx_word' id='word_1_931' title='bbox 2017 5050 2254 5123; x_wconf 87' lang='grc' dir='ltr'>πωρίας.</span> <span class='ocrx_word' id='word_1_932' title='bbox 2285 5051 2348 5103; x_wconf 86' lang='grc' dir='ltr'><strong>Εἰ</strong></span> <span class='ocrx_word' id='word_1_933' title='bbox 2371 5050 2429 5103; x_wconf 80' lang='grc' dir='ltr'>δὲ</span> <span class='ocrx_word' id='word_1_934' title='bbox 2450 5052 2647 5104; x_wconf 87' lang='grc' dir='ltr'>ἐκεῖνοι</span> <span class='ocrx_word' id='word_1_935' title='bbox 2680 5051 2778 5121; x_wconf 82' lang='grc' dir='ltr'>μὲν</span> <span class='ocrx_word' id='word_1_936' title='bbox 2801 5053 3048 5116; x_wconf 75' lang='grc' dir='ltr'>ἄκοντες,</span> <span class='ocrx_word' id='word_1_937' title='bbox 3081 5048 3226 5106; x_wconf 71' lang='grc' dir='ltr'>οὗτοι</span> <span class='ocrx_word' id='word_1_938' title='bbox 3246 5052 3303 5105; x_wconf 84' lang='grc' dir='ltr'>δέ</span> <span class='ocrx_word' id='word_1_939' title='bbox 3351 5051 3588 5113; x_wconf 80' lang='grc' dir='ltr'>ἑκόντες,</span> 
     </span>
    </p>
   </div>
   <div class='ocr_carea' id='block_1_125' title="bbox 2013 5122 3593 5204">
    <p class='ocr_par' dir='ltr' id='par_1_125' title="bbox 2013 5122 3593 5204">
     <span class='ocr_line' id='line_1_125' title="bbox 2013 5122 3593 5204; baseline 0.001 -18"><span class='ocrx_word' id='word_1_940' title='bbox 2013 5134 2076 5187; x_wconf 82' lang='grc' dir='ltr'>τὸ</span> <span class='ocrx_word' id='word_1_941' title='bbox 2100 5122 2335 5204; x_wconf 84' lang='grc' dir='ltr'>χαλεπόν</span> <span class='ocrx_word' id='word_1_942' title='bbox 2366 5149 2457 5202; x_wconf 88' lang='grc' dir='ltr'>μοι</span> <span class='ocrx_word' id='word_1_943' title='bbox 2476 5122 2658 5201; x_wconf 72' lang='grc' dir='ltr'>λέγεις</span> <span class='ocrx_word' id='word_1_944' title='bbox 2680 5134 2774 5187; x_wconf 90' lang='grc' dir='ltr'>τοῦ</span> <span class='ocrx_word' id='word_1_945' title='bbox 2796 5137 3124 5204; x_wconf 88' lang='grc' dir='ltr'>νοσήματος,</span> <span class='ocrx_word' id='word_1_946' title='bbox 3150 5136 3233 5187; x_wconf 87' lang='grc' dir='ltr'>ὅτι</span> <span class='ocrx_word' id='word_1_947' title='bbox 3265 5134 3386 5188; x_wconf 87' lang='grc' dir='ltr'>οὐδέ</span> <span class='ocrx_word' id='word_1_948' title='bbox 3416 5136 3593 5190; x_wconf 79' lang='grc' dir='ltr'>ἁπαλ-</span> 
     </span>
    </p>
   </div>
   <div class='ocr_carea' id='block_1_126' title="bbox 2019 5215 3589 5288">
    <p class='ocr_par' dir='ltr' id='par_1_126' title="bbox 2019 5215 3589 5288">
     <span class='ocr_line' id='line_1_126' title="bbox 2019 5215 3589 5288; baseline 0.003 -19"><span class='ocrx_word' id='word_1_949' title='bbox 2019 5217 2251 5285; x_wconf 86' lang='grc' dir='ltr'>λαγῆναι</span> <span class='ocrx_word' id='word_1_950' title='bbox 2289 5215 2564 5280; x_wconf 86' lang='grc' dir='ltr'>δύνανται,</span> <span class='ocrx_word' id='word_1_951' title='bbox 2601 5216 2732 5283; x_wconf 78' lang='grc' dir='ltr'>εἴγε</span> <span class='ocrx_word' id='word_1_952' title='bbox 2766 5217 2898 5285; x_wconf 82' lang='grc' dir='ltr'>μηδὲ</span> <span class='ocrx_word' id='word_1_953' title='bbox 2929 5217 3147 5286; x_wconf 84' lang='grc' dir='ltr'>μισοῦσι</span> <span class='ocrx_word' id='word_1_954' title='bbox 3195 5217 3295 5288; x_wconf 81' lang='grc' dir='ltr'>τὴν</span> <span class='ocrx_word' id='word_1_955' title='bbox 3344 5223 3589 5274; x_wconf 71' lang='grc' dir='ltr'>κακοπάυ</span> 
     </span>
    </p>
   </div>
   <div class='ocr_carea' id='block_1_127' title="bbox 2011 5296 3590 5373">
    <p class='ocr_par' dir='ltr' id='par_1_127' title="bbox 2011 5296 3590 5373">
     <span class='ocr_line' id='line_1_127' title="bbox 2011 5296 3590 5373; baseline 0.002 -17"><span class='ocrx_word' id='word_1_956' title='bbox 2011 5304 2184 5356; x_wconf 86' lang='grc' dir='ltr'>θειαν.</span> <span class='ocrx_word' id='word_1_957' title='bbox 2230 5300 2371 5353; x_wconf 79' lang='grc' dir='ltr'>Ἀλλ’</span> <span class='ocrx_word' id='word_1_958' title='bbox 2406 5296 2682 5370; x_wconf 74' lang='grc' dir='ltr'>ὦσπερῦς</span> <span class='ocrx_word' id='word_1_959' title='bbox 2719 5302 2776 5353; x_wconf 87' lang='grc' dir='ltr'>ἐν</span> <span class='ocrx_word' id='word_1_960' title='bbox 2820 5301 3086 5373; x_wconf 78' lang='grc' dir='ltr'>βορδόρῳ,</span> <span class='ocrx_word' id='word_1_961' title='bbox 3129 5302 3270 5358; x_wconf 76' lang='grc' dir='ltr'>οὕτω</span> <span class='ocrx_word' id='word_1_962' title='bbox 3309 5306 3403 5359; x_wconf 72' lang='grc' dir='ltr'>καὶ</span> <span class='ocrx_word' id='word_1_963' title='bbox 3443 5300 3590 5359; x_wconf 80' lang='grc' dir='ltr'>οὗτοι</span> 
     </span>
    </p>
   </div>
   <div class='ocr_carea' id='block_1_128' title="bbox 2013 5384 3592 5460">
    <p class='ocr_par' dir='ltr' id='par_1_128' title="bbox 2013 5384 3592 5460">
     <span class='ocr_line' id='line_1_128' title="bbox 2013 5384 3592 5460; baseline 0.001 -21"><span class='ocrx_word' id='word_1_964' title='bbox 2013 5390 2133 5450; x_wconf 83' lang='grc' dir='ltr'>ταῖς</span> <span class='ocrx_word' id='word_1_965' title='bbox 2179 5386 2278 5457; x_wconf 84' lang='grc' dir='ltr'>τῆς</span> <span class='ocrx_word' id='word_1_966' title='bbox 2336 5384 2701 5453; x_wconf 85' lang='grc' dir='ltr'>φιλαργυρίας</span> <span class='ocrx_word' id='word_1_967' title='bbox 2760 5386 3044 5451; x_wconf 84' lang='grc' dir='ltr'>δυσωδίαις</span> <span class='ocrx_word' id='word_1_968' title='bbox 3112 5391 3592 5460; x_wconf 87' lang='grc' dir='ltr'>ἐγκαλινδούμενοι</span> 
     </span>
    </p>
   </div>
   <div class='ocr_carea' id='block_1_129' title="bbox 2008 5468 3589 5541">
    <p class='ocr_par' dir='ltr' id='par_1_129' title="bbox 2008 5468 3589 5541">
     <span class='ocr_line' id='line_1_129' title="bbox 2008 5468 3589 5541; baseline 0.001 -18"><span class='ocrx_word' id='word_1_969' title='bbox 2008 5470 2247 5541; x_wconf 78' lang='grc' dir='ltr'>ἥδονται,</span> <span class='ocrx_word' id='word_1_970' title='bbox 2277 5468 2640 5540; x_wconf 77' lang='grc' dir='ltr'>χαλεπώτερα</span> <span class='ocrx_word' id='word_1_971' title='bbox 2667 5471 2968 5540; x_wconf 84' lang='grc' dir='ltr'>πάσχοντες</span> <span class='ocrx_word' id='word_1_972' title='bbox 2986 5473 3094 5525; x_wconf 87' lang='grc' dir='ltr'>τῶν</span> <span class='ocrx_word' id='word_1_973' title='bbox 3120 5474 3425 5528; x_wconf 82' lang='grc' dir='ltr'>καταδίκων</span> <span class='ocrx_word' id='word_1_974' title='bbox 3446 5472 3589 5526; x_wconf 76' lang='grc' dir='ltr'>ὲκεί-</span> 
     </span>
    </p>
   </div>
   <div class='ocr_carea' id='block_1_130' title="bbox 2008 5553 3586 5625">
    <p class='ocr_par' dir='ltr' id='par_1_130' title="bbox 2008 5553 3586 5625">
     <span class='ocr_line' id='line_1_130' title="bbox 2008 5553 3586 5625; baseline -0.001 -18"><span class='ocrx_word' id='word_1_975' title='bbox 2008 5572 2135 5609; x_wconf 86' lang='grc' dir='ltr'>νων.</span> <span class='ocrx_word' id='word_1_976' title='bbox 2171 5554 2296 5606; x_wconf 82' lang='grc' dir='ltr'>’Ότι</span> <span class='ocrx_word' id='word_1_977' title='bbox 2334 5553 2444 5624; x_wconf 88' lang='lat'>7&amp;9</span> <span class='ocrx_word' id='word_1_978' title='bbox 2467 5554 2523 5605; x_wconf 75' lang='grc' dir='ltr'>ἐν</span> <span class='ocrx_word' id='word_1_979' title='bbox 2541 5555 2954 5625; x_wconf 84' lang='grc' dir='ltr'>χείροσίνείσιν,</span> <span class='ocrx_word' id='word_1_980' title='bbox 2985 5559 3216 5612; x_wconf 76' lang='grc' dir='ltr'>ἄκουσον</span> <span class='ocrx_word' id='word_1_981' title='bbox 3249 5559 3316 5610; x_wconf 85' lang='grc' dir='ltr'>τὰ</span> <span class='ocrx_word' id='word_1_982' title='bbox 3340 5557 3586 5621; x_wconf 84' lang='grc' dir='ltr'>ἐκείνων,</span> 
     </span>
    </p>
   </div>
   <div class='ocr_carea' id='block_1_131' title="bbox 2006 5637 3587 5708">
    <p class='ocr_par' dir='ltr' id='par_1_131' title="bbox 2006 5637 3587 5708">
     <span class='ocr_line' id='line_1_131' title="bbox 2006 5637 3587 5708; baseline -0.001 -16"><span class='ocrx_word' id='word_1_983' title='bbox 2006 5641 2101 5692; x_wconf 83' lang='grc' dir='ltr'>καὶ</span> <span class='ocrx_word' id='word_1_984' title='bbox 2133 5637 2255 5691; x_wconf 82' lang='grc' dir='ltr'>τότε</span> <span class='ocrx_word' id='word_1_985' title='bbox 2280 5637 2405 5707; x_wconf 78' lang='grc' dir='ltr'>είσῃ</span> <span class='ocrx_word' id='word_1_986' title='bbox 2435 5638 2503 5690; x_wconf 84' lang='grc' dir='ltr'>τὰ</span> <span class='ocrx_word' id='word_1_987' title='bbox 2530 5637 2756 5691; x_wconf 90' lang='grc' dir='ltr'>τούτων.</span> <span class='ocrx_word' id='word_1_988' title='bbox 2780 5640 3013 5705; x_wconf 88' lang='grc' dir='ltr'>Λέγεται</span> <span class='ocrx_word' id='word_1_989' title='bbox 3054 5641 3235 5693; x_wconf 89' lang='grc' dir='ltr'>τοίνυν</span> <span class='ocrx_word' id='word_1_990' title='bbox 3254 5642 3286 5708; x_wconf 86' lang='grc' dir='ltr'>ἡ</span> <span class='ocrx_word' id='word_1_991' title='bbox 3339 5640 3587 5707; x_wconf 85' lang='grc' dir='ltr'>χρυσῖτις</span> 
     </span>
    </p>
   </div>
   <div class='ocr_carea' id='block_1_132' title="bbox 2005 5721 3588 5791">
    <p class='ocr_par' dir='ltr' id='par_1_132' title="bbox 2005 5721 3588 5791">
     <span class='ocr_line' id='line_1_132' title="bbox 2005 5721 3588 5791; baseline -0.002 -15"><span class='ocrx_word' id='word_1_992' title='bbox 2005 5723 2187 5791; x_wconf 85' lang='grc' dir='ltr'>ἐκείνη</span> <span class='ocrx_word' id='word_1_993' title='bbox 2247 5721 2319 5789; x_wconf 83' lang='grc' dir='ltr'>γῆ</span> <span class='ocrx_word' id='word_1_994' title='bbox 2372 5724 2660 5791; x_wconf 80' lang='grc' dir='ltr'>χηραμοὺς</span> <span class='ocrx_word' id='word_1_995' title='bbox 2697 5722 2792 5774; x_wconf 74' lang='grc' dir='ltr'>καὶ</span> <span class='ocrx_word' id='word_1_996' title='bbox 2834 5722 3161 5785; x_wconf 79' lang='grc' dir='ltr'>καταδύσεις</span> <span class='ocrx_word' id='word_1_997' title='bbox 3202 5723 3346 5789; x_wconf 83' lang='grc' dir='ltr'>ἔχειν</span> <span class='ocrx_word' id='word_1_998' title='bbox 3377 5723 3436 5772; x_wconf 82' lang='grc' dir='ltr'>ἐν</span> <span class='ocrx_word' id='word_1_999' title='bbox 3473 5724 3588 5784; x_wconf 88' lang='grc' dir='ltr'>τοῖς</span> 
     </span>
    </p>
   </div>
   <div class='ocr_carea' id='block_1_133' title="bbox 2005 5802 3587 5876">
    <p class='ocr_par' dir='ltr' id='par_1_133' title="bbox 2005 5802 3587 5876">
     <span class='ocr_line' id='line_1_133' title="bbox 2005 5802 3587 5876; baseline 0.001 -19"><span class='ocrx_word' id='word_1_1000' title='bbox 2005 5806 2256 5876; x_wconf 69' lang='grc' dir='ltr'>ζοφεροίς</span> <span class='ocrx_word' id='word_1_1001' title='bbox 2281 5805 2560 5873; x_wconf 78' lang='grc' dir='ltr'>σπηλαίοις</span> <span class='ocrx_word' id='word_1_1002' title='bbox 2585 5805 2821 5866; x_wconf 75' lang='grc' dir='ltr'>ἐκείνοις</span> <span class='ocrx_word' id='word_1_1003' title='bbox 2841 5821 2855 5834; x_wconf 80' lang='lat'><strong>&#39;</strong></span> <span class='ocrx_word' id='word_1_1004' title='bbox 2889 5806 2976 5856; x_wconf 76' lang='grc' dir='ltr'>τὸν</span> <span class='ocrx_word' id='word_1_1005' title='bbox 2998 5802 3089 5857; x_wconf 74' lang='grc' dir='ltr'>οὖν</span> <span class='ocrx_word' id='word_1_1006' title='bbox 3131 5802 3432 5870; x_wconf 77' lang='grc' dir='ltr'>κακοῦργον</span> <span class='ocrx_word' id='word_1_1007' title='bbox 3492 5806 3587 5858; x_wconf 70' lang='grc' dir='ltr'>τὸν</span> 
     </span>
    </p>
   </div>
   <div class='ocr_carea' id='block_1_134' title="bbox 2001 5887 3579 5960">
    <p class='ocr_par' dir='ltr' id='par_1_134' title="bbox 2001 5887 3579 5960">
     <span class='ocr_line' id='line_1_134' title="bbox 2001 5887 3579 5960; baseline 0.001 -17"><span class='ocrx_word' id='word_1_1008' title='bbox 2001 5893 2111 5953; x_wconf 75' lang='grc' dir='ltr'>τοῖς</span> <span class='ocrx_word' id='word_1_1009' title='bbox 2141 5890 2257 5942; x_wconf 77' lang='grc' dir='ltr'>ἐκεῖ</span> <span class='ocrx_word' id='word_1_1010' title='bbox 2283 5888 2755 5943; x_wconf 80' lang='grc' dir='ltr'>καταδικασθέντα</span> <span class='ocrx_word' id='word_1_1011' title='bbox 2799 5888 3038 5956; x_wconf 77' lang='grc' dir='ltr'>μόχθοις,</span> <span class='ocrx_word' id='word_1_1012' title='bbox 3079 5888 3165 5940; x_wconf 71' lang='grc' dir='ltr'>διὰ</span> <span class='ocrx_word' id='word_1_1013' title='bbox 3198 5887 3354 5941; x_wconf 79' lang='grc' dir='ltr'>τοῦτο</span> <span class='ocrx_word' id='word_1_1014' title='bbox 3387 5892 3579 5960; x_wconf 79' lang='grc' dir='ltr'>λύχνον</span> 
     </span>
    </p>
   </div>
  </div>
