3986 6202
348 243 451 304 19⁸1
996 242 1056 298 S.
1091 241 1380 298 JOANNIS
1414 239 1900 298 CHRYSOSTOMI
1942 239 2264 298 AI{CHIEP.
2306 243 2860 298 CONSTAN'I‘INUP.
3483 247 3585 299 ms

335 360 685 433 λαμϐάνοντα
724 361 817 414 καὶ
848 361 1116 424 δίκελλαν,
1145 359 1318 424 οὕτως
1352 362 1578 416 εἰσιέναι
1604 362 1772 424 ἔνδον,
1813 368 1906 414 καὶ

336 445 596 519 ληκύθιον
619 444 994 516 ἐπιφέρεσθαι,
1023 445 1163 498 ὥστε
1193 447 1502 510 έπιστάζειν
1529 445 1777 501 ἐντεῦθεν
1828 446 1907 516 τῷ

337 532 516 600 λύχνῳ
547 528 608 582 τὸ
627 527 825 592 ἔλαιον,
851 527 942 580 διὰ
995 528 1056 582 τὸ
1105 528 1296 593 σκότος
1327 525 1467 582 εἶναι
1491 531 1586 584 καὶ
1623 531 1680 583 ἐν
1721 531 1907 600 ήμέρᾳ

337 611 596 680 ἀφεγγὲς,
628 608 817 680 ῶσπερ
849 609 1019 680 ἔφθην
1057 611 1245 667 εἰπών.
1269 606 1400 665 Εἶτα
1416 613 1636 666 ἐπειδάν
1662 615 1690 666 6
1718 613 1908 683 καιρὸς

336 697 429 748 ἐπὶ
462 694 560 763 τὴν
589 691 934 763 ταλαίπωρον
956 693 1120 746 αὑτὸν
1151 694 1289 766 καλῇ
1324 695 1550 766 τροφὴν,
1601 695 1761 750 αὑτὸν
1808 696 1908 766 μὲν

334 777 548 843 ἀγνοεῖν
570 774 660 826 τὸν
689 775 898 844 καιρὸν,
919 774 1010 827 τὸν
1033 774 1090 828 δὲ
1121 775 1507 845 δεσμοφύλακα
1562 779 1656 832 τὸν
1697 777 1906 831 ἐκείνου

336 856 542 910 ἀνωθεν
564 854 878 920 κατάξαντα
907 857 1152 927 σφοδρῶς
1181 858 1241 912 τὸ
1270 859 1552 929 σπήλαιον,
1587 860 1677 914 διὰ
1692 860 1786 914 τοῦ
1805 877 1910 914 πα-

332 942 500 1008 τάγου
523 941 616 993 καὶ
641 943 740 1011 τῆς
759 941 942 1012 φωνῆς
970 943 1184 1011 ἐκείνης
1209 943 1402 1012 δηλοῦν
1433 949 1544 1009 τοῖς
1565 947 1714 1000 κάτω
1747 947 1910 1018 ἐργα-

333 1024 583 1094 ζομένοις
604 1023 706 1094 τῆς
741 1024 956 1096 ἡμέρας
985 1026 1048 1079 τὸ
1085 1027 1256 1090 τέλος.
1319 1024 1444 1099 Ἆρ’
1501 1031 1602 1082 οὐκ
1651 1031 1907 1100 ἐφρίξατε

333 1107 510 1161 ταῦτα
537 1107 909 1175 ἀκούσαντεςς
943 1110 1175 1179 Ἰδωμεν
1203 1111 1406 1175 τοίνυν,
1433 1113 1481 1164 εἰ
1534 1112 1610 1183 μὴ
1663 1114 1909 1183 χαλεπώ-

334 1207 468 1261 τερα
499 1189 707 1242 τούτων
733 1191 1034 1260 πάσχουσιν
1056 1195 1104 1245 οί
1145 1195 1492 1266 φιλάργυροι.
1531 1195 1640 1248 Kal
1673 1196 1782 1267 γὰρ
1814 1198 1910 1250 καὶ

333 1267 481 1326 οὗτοι
539 1271 837 1344 βαρύτερον
875 1275 1057 1344 έχουσι
1102 1275 1488 1347 δεσμοφύλακα
1518 1277 1616 1349 τὴν
1641 1277 1910 1349 φιλαργυ-

337 1356 483 1425 ρίαν,
508 1356 602 1408 καὶ
625 1355 866 1426 τοσούτῳ
898 1357 1215 1430 βαρύτερον,
1243 1361 1352 1430 ὅσῳ
1384 1359 1524 1430 μετὰ
1545 1360 1639 1414 τοῦ
1659 1359 1910 1430 σώματος

337 1438 432 1491 καὶ
459 1439 558 1506 τὴν
587 1436 765 1508 ψυχὴν
789 1438 972 1504 αὑτοῖς
1008 1441 1206 1495 συνδεῖ.
1224 1444 1334 1496 Kal
1348 1444 1409 1496 τὸ
1429 1443 1616 1507 σκότος
1640 1443 1699 1496 δὲ
1725 1442 1906 1506 τοῦτο,

334 1522 542 1575 ἐκείνου
575 1523 1005 1595 φρικωδέστερον
1030 1542 1044 1556 ·
1078 1525 1140 1579 ού
1164 1528 1274 1598 γάρ
1314 1529 1462 1581 ἐστιν
1496 1525 1770 1599 αἰσθητὸν,
1795 1525 1908 1579 ἀλλ’

335 1607 546 1660 ἔνδοθεν
573 1607 705 1660 αὐτὸ
734 1606 1028 1673 τίκτοντες,
1049 1610 1294 1681 ὅπουπερ
1317 1611 1382 1664 ἂν
1438 1611 1663 1675 ἀπίωσι,
1704 1627 1909 1665 πανταο

333 1691 431 1760 χοῦ
465 1691 587 1761 μεθ’
618 1689 827 1744 ἑαυτῶν
882 1693 1290 1763 περιφέρουσιν.
1330 1693 1624 1748 Ἐσϐεσται
1663 1697 1772 1764 γάρ
1810 1694 1908 1748 αὑ-

333 1778 442 1839 τοῖς
474 1777 503 1828 6
526 1774 627 1844 τῆς
643 1773 824 1844 ψυχῆς
851 1774 1150 1846 ὀφθαλμός.
1183 1777 1274 1830 Διὸ
1308 1777 1403 1830 καί¹
1427 1779 1661 1848 μάλιστα
1693 1779 1908 1831 πάντων

331 1858 528 1922 αὐτοὺς
553 1858 583 1910 6
627 1858 860 1928 Χριστὸς
906 1859 1180 1924 ταλανίζει
1231 1859 1406 1928 λέγων
1426 1877 1442 1891 ·
1491 1861 1556 1913 El
1585 1859 1654 1913 δὲ
1685 1859 1753 1912 τὸ
1782 1859 1910 1928 φῶς

331 1943 400 1995 τὸ
429 1943 498 1996 ἂν
531 1939 654 2004 σοί,
683 1942 924 2006 σκότος,
951 1942 1016 1995 τὸ
1080 1943 1306 2007 σκότος
1368 1943 1604 1996 πόσον]
1653 1943 1909 1996 Κάκεῖνοι

336 2026 436 2095 μὲν
473 2023 574 2079 κᾶν
605 2023 797 2093 λύχνον
832 2024 1016 2094 έχουσι
1061 2025 1342 2094 φαίνοντα,
1374 2021 1519 2079 οῦτοι
1553 2027 1611 2079 δὲ
1649 2029 1743 2078 καὶ
1779 2024 1911 2078 ταύ-

330 2126 432 2178 της
467 2105 872 2174 ἀπεστέρηνται
916 2107 1020 2176 τῆς
1057 2108 1234 2176 αὐγῆς
1287 2107 1471 2179 [210]·
1505 2108 1585 2162 διὸ
1643 2109 1740 2161 καὶ
1785 2107 1909 2161 καθ’

329 2191 574 2260 ἑκάστην
604 2185 818 2257 ἡμέραν
879 2191 960 2252 είς
1015 2190 1186 2261 μυρία
1237 2191 1573 2260 ἐμπίπτουσι
1637 2189 1907 2261 βάραθρα.

337 2273 446 2324 Καὶ
479 2273 527 2327 οί
588 2269 686 2339 μὲν
750 2270 1054 2334 κατάδικοι,
1111 2269 1306 2332 νυκτὸς
1361 2270 1908 2342 καταλαμϐανούσης,

332 2353 716 2420 ἁναπνέουσιν,
769 2355 849 2416 εὶς
914 2353 1014 2422 τὴν
1068 2352 1252 2422 κοινὴν
1286 2352 1393 2406 τῶν
1458 2353 1911 2424 δυσημερούντων

341 2436 813 2501 καταπλεύσαντες
839 2435 1104 2506 γαλήνην,
1134 2436 1235 2505 τὴν
1277 2435 1448 2489 νύκτα
1487 2437 1630 2505 λέγω
1651 2454 1664 2468 ·
1706 2439 1818 2501 τοῖς
1854 2436 1913 2493 δὲ

337 2519 694 2590 φιλαργύροις
724 2522 818 2574 καὶ
841 2518 1034 2574 τοῦτον
1064 2519 1096 2590 ή
1133 2517 1418 2582 πλεονεξία
1461 2519 1778 2589 προσέχωσε
1819 2518 1913 2572 τὸν

335 2601 564 2670 λιμένα·
597 2601 835 2658 τοσαῦτα
876 2601 972 2658 καὶ
997 2606 1052 2654 έν
1081 2601 1234 2656 νυκτὶ
1267 2601 1613 2672 φροντίζουσι
1636 2601 1908 2672 χαλεπῶς,

338 2688 433 2739 ἆτε
470 2686 694 2758 μηδενὸς
710 2685 1057 2756 ἐνοχλοῦντος
1089 2684 1229 2756 μετά
1265 2685 1461 2756 σχολῆς
1489 2688 1710 2757 ἁπάσης
1740 2703 1912 2740 κατα-

334 2768 629 2833 κόπτοντες
665 2768 912 2832 ἐαυτούς.
951 2769 1058 2822 Καὶ
1108 2768 1176 2821 τὰ
1211 2769 1309 2837 μὲν
1350 2768 1585 2822 ἐνταῦθα
1637 2767 1864 2822 τοιαῦτα
1893 2783 1907 2798 ·

339 2854 402 2905 τὰ
432 2850 488 2904 δὲ
526 2855 660 2917 ἐκεῖ,
695 2856 846 2915 ποῖος
873 2854 1212 2922 παραστήσει
1251 2851 1445 2920 λόγος;
1491 2851 1589 2914 τὰς
1642 2852 1910 2922 καμίνους

342 2933 435 2996 τὰς
473 2935 808 3006 ἀφορήτους,
871 2935 997 2997 τοὺς
1052 2934 1556 3005 πυριφλεγέθοντας
1601 2937 1906 3004 ποταμοὺς,

336 3017 460 3081 τοὺς
478 3015 844 3090 βρυχομένους
877 3017 1120 3081 ὀδόντας,
1174 3017 1243 3070 τὰ
1271 3017 1448 3085 δεσμὰ
1493 3019 1563 3071 τά
1609 3019 1916 3082 ἀλυτα,τδν

339 3098 598 3167 σκώληκα
665 3101 757 3153 τὸν
813 3100 1036 3163 ἰοϐόλον,
1085 3100 1145 3154 τδ
1188 3099 1379 3164 σκότος
1433 3100 1496 3154 τὸ
1545 3101 1808 3170 ἀφεγγὲς,
1848 3101 1919 3156 τά

338 3180 610 3250 μηδέποτε
639 3181 813 3253 πέρας
854 3182 1200 3252 λαμϐάνοντα
1241 3182 1408 3240 κακά.
1441 3183 1778 3254 Φοϐηθῶμεν
1805 3183 1917 3240 τοί-

336 3283 452 3331 νυν,
486 3267 784 3337 ἀγαπητοὶ,
827 3265 1155 3337 φοϐηθῶμεν
1173 3265 1268 3338 τὴν
1299 3266 1480 3342 πηγήν
1509 3265 1619 3320 τῶν
1648 3266 1918 3321 τοσούτων

337 3347 640 3420 τιμωριῶν,
691 3348 790 3418 τὴν
835 3348 1134 3420 ἀκόρεστον
1193 3350 1412 3420 μανίαν,
1449 3351 1550 3416 τὴν
1609 3348 1788 3422 λύμην
1818 3349 1920 3420 τῆς

337 3430 616 3506 ἡμετέρας
639 3432 933 3504 σωτηρίας.
969 3431 1044 3484 Οὐ
1077 3432 1183 3504 γάρ
1210 3431 1358 3485 εστιν
1375 3430 1512 3503 ὁμοῦ
1539 3433 1634 3485 καὶ
1654 3431 1918 3504 ἀργύριον

340 3513 512 3583 φιλεῖν
544 3515 637 3570 καὶ⁵
692 3513 892 3583 ψυχήν.
943 3515 1223 3586 Μάθωμεν
1277 3516 1358 3568 ὅτι
1386 3517 1457 3586 γῆ
1497 3515 1590 3568 καὶ
1624 3515 1818 3579 σποδὸς
1850 3515 1920 3572 τά

337 3599 620 3670 χρήματα,
657 3599 742 3650 ὅτι
775 3599 1141 3670 ἀπολιμπάνει
1199 3601 1346 3670 ήμᾶς
1381 3599 1800 3670 ἀποδημοῦντας
1834 3601 1920 3653 έν-

337 3680 550 3744 τεῦθεν,
615 3681 820 3751 μᾶλλον
885 3681 945 3734 δέ
1003 3683 1088 3736 ὃτι
1131 3684 1227 3736 καὶ
1281 3683 1388 3754 πρὸ
1447 3683 1547 3754 τῆς
1607 3682 1920 3755 ἀποδημίας

340 3765 604 3828 πολλάκις
655 3765 812 3835 ήμῶν
871 3767 1151 3836 ἀποπηδᾷ,
1210 3767 1306 3822 καὶ
1357 3767 1493 3838 πρὸς
1546 3766 1614 3820 τά
1657 3767 1920 3840 μέλλοντα

343 3847 748 3917 παραϐλάπτει,
775 3848 874 3900 καὶ
916 3848 1056 3918 πρὸς
1106 3849 1206 3918 τήν
1257 3849 1542 3919 παροῦσαν
1582 3847 1748 3921 ζωήν.
1809 3851 1921 3906 Καὶ

341 3928 452 4000 γάρ
487 3928 594 4000 πρὸ
623 3928 724 3998 τῆς
750 3929 980 4000 γεέννης
1012 3931 1106 3982 καὶ
1132 3930 1240 4000 πρὸ
1262 3931 1361 4000 τῆς
1396 3930 1672 3998 κολάσεως
1705 3933 1920 4007 ἐκείνης

347 4011 564 4082 μυρίοις
595 4011 875 4067 κάνταῦθα
912 4014 1059 4086 ἡμᾶς
1113 4013 1430 4085 περιϐάλλει
1488 4015 1772 4086 πολέμοις,
1825 4017 1921 4069 καὶ

346 4097 565 4160 στάσεις
595 4095 800 4171 ἐγείρει
831 4097 926 4149 καὶ
953 4096 1155 4168 μάχας.
1191 4097 1355 4150 Οὐδὲν
1380 4097 1489 4168 γὰρ
1506 4095 1650 4151 οὕτω
1683 4099 1920 4170 πολεμο-

344 4177 516 4246 ποιὸν,
545 4179 622 4245 ώς
649 4179 986 4256 φιλαργυρία
1005 4195 1020 4212 ·
1051 4179 1204 4236 οὐδὲν
1259 4179 1402 4234 οὕτω
1427 4181 1790 4252 πτωχοποιὸν,
1813 4181 1920 4238 κᾶν

2009 363 2066 414 ἐν
2093 363 2332 435 πλούτῳ,
2367 364 2472 417 κᾶν
2497 365 2554 416 ἐν
2585 364 2747 434 πενίᾳ
2786 365 2950 434 φανῇ.
2985 359 3183 415 Φύεται
3225 362 3331 431 γὰρ
3383 366 3478 418 καὶ
3532 370 3588 419 ὲν

2009 447 2257 517 πενήτων
2321 446 2524 516 ψυχαῖς
2585 445 2650 498 τὸ
2699 445 2935 516 χαλεπὸν
2993 443 3154 497 τοῦτο
3206 443 3442 514 νόσημα.
3493 449 3584 502 καὶ

2009 527 2171 582 πλέον
2197 528 2376 583 αὐτῶν
2413 527 2795 598 ἐπιτρίϐειτὴν
2822 527 3034 583 πενίαν.
3055 527 3176 580 Κάν
3191 527 3391 600 εὑρεθῇ
3422 529 3587 597 πένης

2009 611 2365 684 φιλάργυρος,
2427 611 2528 665 οὐκ
2579 614 2638 664 ἐν
2688 613 2970 682 χρήμασιν
3011 611 3041 662 6
3096 611 3362 676 τοιοῦτος,
3387 613 3502 666 ἀλλ’
3531 615 3588 667 ἐν

2008 692 2155 766 λιμῷ
2185 694 2366 748 δίδωσι
2389 693 2569 763 δίκην.
2611 695 2687 746 Οὐ
2730 695 2841 764 γάρ
2881 693 3135 762 ἀνέχεται
3189 693 3297 747 τῶν
3348 695 3588 767 μετρίων

2009 775 2189 830 αὐτῶν
2217 775 2525 829 ἀπολαῦσαι
2556 776 2696 846 μετά
2727 775 2932 839 ἀδείας,
2956 775 3090 830 ἀλλὰ
3115 778 3210 830 καὶ
3229 775 3330 848 τὴν
3347 781 3588 848 γαστέρα

2007 857 2150 929 λιμῷ
2181 859 2512 927 κατατείνει,
2549 859 2645 913 καὶ
2678 858 2740 912 τὸ
2773 859 2932 930 σῶμα
2964 858 3112 913 ἂπαν
3157 861 3462 931 γυμνότητι
3493 864 3589 917 καὶ

2009 938 2207 1012 κρυμῷ
2234 943 2577 1012 τιμωρεῖται,
2608 941 2832 996 καὶτῶν
2884 941 3181 1012 δεσμωτῶν
3217 943 3417 1013 μᾶλλον
3458 945 3590 1015 αύχο

2012 1025 2129 1096 μῶν
2155 1026 2250 1078 καὶ
2288 1025 2477 1094 ῥυπῶν
2515 1024 2790 1096 πανταχοῦ
2827 1024 3098 1095 φαίνεται·
3133 1026 3228 1078 καὶ
3272 1026 3359 1079 ἀεὶ
3402 1026 3590 1098 θρηνεῖ

2009 1107 2106 1160 xal
2143 1107 2414 1179 ὀδύρεται,
2467 1107 2656 1177 ῶσπερ
2712 1107 2924 1160 πάντων
2954 1105 3030 1160 ὢν
3096 1107 3447 1179 ἀθλιώτερος,
3485 1108 3588 1163 κᾶν

2013 1186 2243 1260 μυρίους
2278 1189 2640 1261 πενεστέρους
2698 1190 2817 1259 ἔχῃ.
2861 1181 3052 1254 Οῦτος,
3107 1190 3210 1242 κᾶν
3257 1190 3337 1253 είς
3380 1191 3587 1262 ἀγορὰν

2011 1271 2276 1345 ἐμϐάλλῃ,
2309 1273 2536 1336 πολλοὺς
2565 1272 2779 1326 λαϐὼν⁸
2809 1271 2993 1326 ἄπεισι
3031 1271 3308 1344 μώλωπας
3327 1286 3342 1300 ·
3375 1272 3476 1326 κᾶν
3505 1275 3586 1337 είς

2013 1355 2320 1426 βαλανεῖον,
2345 1355 2447 1409 κᾶν
2475 1357 2555 1419 είς
2591 1355 2842 1426 θέατρον,
2893 1355 3118 1409 πλείονα
3165 1355 3393 1426 λήψεται
3423 1357 3588 1428 τραύο

2013 1455 2182 1509 ματα,
2211 1438 2312 1491 οὐκ
2330 1439 2437 1491 ἀπὸ
2466 1438 2577 1492 τῶν
2603 1438 2954 1510 θεωρούντων
2975 1438 3158 1508 μόνον,
3189 1437 3324 1491 ἀλλὰ
3355 1440 3450 1492 καὶ
3484 1440 3590 1495 ἀπὸ

2011 1520 2119 1574 τῶν
2148 1521 2242 1573 ἐπὶ
2279 1519 2380 1589 τῆς
2416 1520 2644 1591 σκηνῆς.
2675 1522 2803 1575 ὅταν
2839 1520 2922 1593 ῐδῃ
2947 1520 3149 1583 πολλάς
3180 1521 3289 1575 τῶν
3331 1539 3590 1594 πορνευοο

2014 1605 2191 1675 μένων
2229 1603 2506 1671 γυναικῶν
2585 1605 2795 1675 χρυσίῳ
2842 1604 3366 1675 καταλαμπομένας.
3421 1601 3590 1668 υῦτος

2009 1686 2115 1740 κᾶν
2153 1687 2252 1758 τήν
2283 1686 2557 1740 θάλατταν
2587 1687 2748 1760 πλέῃ,
2798 1687 2922 1750 τοὺς
2967 1687 3243 1758 ἐμπόρους
3295 1687 3459 1743 πάλιν
3496 1689 3590 1744 καὶ

2009 1769 2108 1832 τὰς
2140 1769 2524 1840 μυριαγώγους
2550 1769 2680 1833 ναῦς
2711 1770 2910 1822 ἐννοῶν
2949 1771 3046 1823 καὶ
3069 1771 3137 1823 τά
3168 1771 3373 1843 ἄπειρα
3401 1771 3588 1842 κέρδη,

2009 1853 2131 1906 οὐδὲ
2170 1852 2268 1928 ζῇν
2292 1852 2482 1906 ἑαυτὸν
2506 1853 2797 1922 ἡγήσεται·
2840 1850 2945 1906 κᾶν
2991 1852 3079 1906 διά
3105 1853 3208 1923 γῆς
3254 1853 3434 1924 ὸδεύῃ,
3465 1856 3592 1920 τοὺς

2010 1934 2236 2007 ἀγροὺς,
2260 1935 2326 1990 τά
2355 1935 2677 2005 προάστεια,
2713 1934 2781 1988 τά
2805 1934 3186 2006 καταλύματα,
3213 1935 3281 1988 τά
3312 1935 3590 2006 βαλανεῖα,
3613 1929 3619 1942 ’

2009 2019 2107 2082 τὰς
2126 2020 2190 2073 ἐκ
2219 2017 2428 2071 τούτων
2487 2017 2786 2088 προσόδους
2845 2017 3320 2089 ἀναλογιζόμενος,
3361 2019 3595 2075 ἀϐίωτον

2012 2099 2196 2170 ἐαυτῷ
2216 2103 2308 2152 τὸν
2364 2099 2479 2170 βίον
2507 2096 2943 2171 ήγήσεταιεῖναι
2976 2101 3181 2154 λοιπόν·
3222 2102 3326 2156 κᾶν
3373 2104 3594 2161 οίκοιδέ

2011 2181 2384 2253 κατακλείσῃς
2433 2183 2618 2246 αὑτὸν,
2664 2183 2734 2235 τά
2753 2183 2862 2236 ἀπὸ
2904 2183 3006 2252 τῆς
3045 2185 3253 2254 ἀγορᾶς
3295 2187 3595 2258 τραύματα

2012 2265 2337 2331 ἀναξαίνων,
2383 2263 2507 2320 καθ’
2547 2265 2740 2319 ἑαυτὸν
2798 2265 3064 2339 μειζόνως
3119 2267 3444 2338 λυμανεῖται
3494 2270 3594 2341 τήν

2009 2349 2208 2420 ψυχήν·
2257 2347 2350 2400 καὶ
2397 2347 2527 2421 μίαν
2567 2344 2676 2402 οἶδε
2713 2349 3074 2422 παραμυθίαν
3109 2351 3278 2423 μόνην
3305 2353 3414 2407 τῶν
3464 2371 3597 2407 κατ-

2011 2432 2243 2502 εχόντων
2281 2431 2446 2484 αὑτὸν
2487 2431 2698 2498 κακῶν,
2732 2432 2823 2487 τὸν
2854 2433 3087 2488 θάνατον
3126 2435 3223 2487 καὶ
3273 2436 3371 2507 τὴν
3413 2435 3598 2489 ἐντεῦο

2013 2515 2105 2567 θεν
2145 2514 2490 2586 ἀπαλλαγήν.
2532 2513 2719 2568 Ταῦτα
2754 2515 2814 2569 δέ
2843 2516 2991 2588 ούχό
3035 2517 3206 2589 πένης
3245 2518 3426 2588 μόνον,
3458 2518 3596 2573 ἀλλά

2013 2597 2106 2652 καὶ
2156 2598 2186 2649 6
2237 2597 2494 2661 πλούσιος
2547 2599 2577 2651 6
2616 2597 2792 2671 τούτῳ
2831 2599 3147 2670 περιπεσὼν
3200 2600 3278 2674 τῷ
3325 2603 3596 2672 νοσήματι

2013 2679 2284 2744 πείσεται,
2321 2683 2415 2734 καὶ
2444 2680 2686 2756 τοσούτῳ
2713 2681 2915 2754 μᾶλλον
2936 2684 3030 2738 τοῦ
3060 2684 3314 2755 πένητος,
3349 2684 3460 2755 ὅσῳ
3501 2686 3597 2740 καὶ

2017 2762 2352 2834 σφοδροτέρα
2382 2763 2660 2819 ἐπίκειται
2685 2765 2914 2837 τούτῳή
2945 2767 3222 2837 τυραννὶς,
3265 2767 3360 2822 καὶ
3395 2766 3599 2822 πλείων

2014 2847 2049 2915 ή
2082 2845 2241 2917 μέθη.
2275 2845 2366 2898 Διὸ
2427 2848 2524 2901 καὶ
2575 2847 2792 2903 πάντων
2823 2849 3149 2920 πενέστερον
3203 2849 3399 2903 ἑαυτὸν
3440 2843 3599 2914 οὗτος

2017 2931 2282 3004 ἡγήσεται
2307 2930 2480 3003 [ειη.
2519 2932 2719 3002 μᾶλλον
2751 2932 2807 2986 δὲ
2836 2934 2934 2988 καὶ
2982 2932 3097 2987 ἐστι
3128 2934 3478 3006 πενέστερος.
3519 2936 3596 2990 Οὐ

2018 3011 2127 3084 γάρ
2165 3011 2242 3085 τῷ
2267 3013 2449 3084 μέτρῳ
2481 3015 2579 3087 τῆς
2619 3014 2828 3079 οὐσίας,
2878 3015 3014 3069 ἀλλά
3068 3019 3136 3088 τῇ
3194 3015 3433 3069 διαθέσει
3497 3016 3600 3086 τῆς

2017 3095 2243 3166 γνώμης
2271 3096 2301 3148 6
2328 3096 2557 3161 πλοῦτος
2591 3098 2688 3150 καὶ
2717 3099 2750 3171 ή
2789 3099 2948 3152 πενία
2984 3097 3281 3171 κρίνονται·
3323 3100 3419 3152 καὶ
3455 3100 3602 3150 έκεῖο

2019 3193 2107 3242 νος
2139 3177 2341 3248 μᾶλλόν
2386 3180 2536 3232 ἐστιν
2571 3181 2600 3233 6
2644 3181 2864 3234 πάντων
2920 3181 3287 3252 πτωχότατος,
3320 3181 3349 3233 ὁ
3390 3181 3480 3234 ἀεὶ
3505 3179 3601 3234 τοῦ

2019 3261 2266 3326 πλείονος
2292 3261 2598 3332 ἐπιθυμῶν,
2639 3264 2732 3317 καὶ
2759 3264 3031 3335 μηδέποτε
3061 3263 3257 3335 στῆσαι
3291 3264 3596 3334 δυνάμενος

2019 3346 2118 3417 τήν
2159 3344 2403 3420 πονηράν
2424 3345 2630 3416 ταύτην
2659 3346 2977 3417 ἐπιθυμίαν.
3002 3347 3101 3402 Διά
3127 3347 3192 3420 δὴ
3209 3347 3384 3401 ταῦτα
3419 3351 3603 3403 πάντα

2021 3427 2313 3497 φεύγωμεν
2361 3426 2461 3498 τὴν
2520 3428 2907 3502 φιλαργυρίαν,
2951 3428 3051 3499 τὴν
3103 3429 3471 3501 πτωχοποιὸν,
3503 3432 3604 3500 τήν

2018 3510 2381 3582 ψυχοφθόρον,
2446 3509 2544 3581 τὴν
2595 3510 2823 3584 γεέννης
2879 3511 3063 3584 φίλην,
3123 3513 3222 3586 τὴν
3265 3512 3470 3588 ἐχθράν
3502 3513 3604 3580 τῆς

2023 3593 2303 3664 βασιλείας
2324 3591 2432 3645 τῶν
2456 3591 2724 3666 οὐρανῶν,
2785 3593 2884 3664 τήν
2944 3594 3160 3669 μητέρα
3207 3595 3427 3650 πάντων
3465 3595 3603 3664 ὁμοῦ

2021 3676 2130 3730 τῶν
2159 3677 2368 3730 κακῶν·
2409 3677 2504 3731 καὶ
2533 3676 2966 3747 καταφρονῶμεν
2995 3678 3320 3751 χρημάτων,
3353 3678 3442 3731 ῖνα
3462 3680 3604 3732 ἀποο

2020 3758 2307 3830 λαύσωμεν
2368 3759 2690 3833 χρημάτων,
2761 3757 2856 3812 καὶ
2918 3759 3059 3828 μετά
3131 3759 3242 3813 τῶν
3301 3761 3604 3833 χρημάτων

2021 3842 2448 3912 ἀπολαυσόμεθα
2468 3841 2564 3893 καὶ⁵
2588 3841 2698 3894 τῶν
2719 3841 3148 3912 ἐπηγγελμένων
3196 3843 3332 3912 ήμῖν
3356 3843 3602 3911 ἀγαθῶν·

2018 3916 2094 3978 ὢν
2123 3923 2336 3992 γένοιτο
2391 3922 2603 3988 πάντας
2655 3925 2807 3995 ήμᾶς
2847 3927 3144 3996 ἐπιτυχεῖν,
3197 3925 3292 3978 καὶ
3333 3925 3403 3978 τά
3453 3924 3605 3997 ἑξῆς.

2095 4193 2121 4220 ⁸
2147 4191 2230 4242 Sic
2255 4191 2380 4254 Reg.
2403 4197 2458 4242 ει
2475 4190 2626 4242 Savil.
2649 4191 2705 4243 In
2729 4191 2900 4243 Morel.
2927 4195 3086 4246 λαϐών
3113 4193 3445 4247 desideratur.

1546 4325 3578 4356 Μ

1801 4457 2047 4514 OMIAlA
2084 4458 2211 4514 ΚΝ.

347 4568 697 4645 ΠειρασμὸςΔ
714 4567 869 4645 ῥμᾶς
895 4569 1312 4645 οὐκ-ειληςρεν,
1341 4570 1395 4621 εί
1413 4567 1501 4645 μὴ
1515 4568 1921 4645 ρνθρώκινος.

419 4642 636 4702 "(Grec
666 4637 733 4688 δὲ
763 4641 793 4689 ό
818 4637 982 4704 Θεὸς.
1007 4639 1076 4704 ὃς
1104 4643 1215 4692 οὐκ
1228 4637 1396 4691 ἐάσει
1419 4637 1574 4706 ὑμᾶς
1599 4637 1924 4706 πειρασθῆτ

419 4723 517 4762 ναι
556 4707 707 4774 ὑπὲρ
737 4706 768 4758 ὃ
809 4703 1096 4775 δύνασθε,
1131 4708 1295 4762 ἀλλὰ
1335 4703 1467 4760 σὺν
1501 4703 1581 4770 τῷ
1621 4705 1928 4775 πειρασμῷ

421 4776 659 4842 ποιήσει
701 4775 801 4847 καί
850 4774 964 4843 τὴν
1005 4777 1260 4847 ἑκϐασιν
1303 4775 1410 4830 τοῦ
1437 4775 1733 4830 δύνασθαι
1773 4774 1929 4847 ὑμᾶς

420 4843 797 4914 ὑπενεγκεῖν,
821 4847 916 4898 καί
953 4848 1026 4900 τὰ
1057 4845 1222 4913 ἑξῆς.

428 4985 500 5034 α’.
519 4978 850 5050 Ἐπειδήπερ
879 4977 1148 5049 ἐφόϐησεν
1164 4979 1360 5042 αὐτοὺς
1389 4978 1608 5043 ἱκανῶς,
1631 4977 1700 5033 τὰ
1722 4978 1930 5034 παλαιά

352 5063 752 5133 διηγησάμενος
781 5063 1224 5132 παραδείγματα,
1254 5062 1348 5116 καὶ⁵
1367 5063 1448 5125 είς
1471 5063 1709 5131 ἀγωνίαν
1739 5064 1928 5118 ἐνέϐα-

355 5148 467 5211 λεν,
499 5146 684 5211 είπὼν,
730 5148 792 5200 '0
819 5147 1015 5202 δοκῶν
1045 5145 1607 5211 ἐστάναι,,βλεπέτω
1627 5145 1715 5215 μὴ
1744 5145 1929 5215 πέσῃ,

355 5225 496 5300 ἦσαν
533 5229 586 5281 δὲ
631 5231 725 5282 καὶ
767 5232 1107 5302 πειρασμοὺς
1159 5229 1474 5300 ἐνηνοχότες
1528 5229 1788 5293 πολλοὺς,
1838 5231 1934 5283 καὶ

355 5311 767 5382 γυμνασάμενοι
791 5313 1049 5376 πολλάκις
1071 5314 1130 5367 ἐν
1153 5312 1384 5376 τούτοις·
1412 5311 1521 5366 Καὶ
1549 5311 1658 5382 γὰρ
1676 5311 1746 5364 ἐν
1763 5311 1935 5366 d008-

355 5394 510 5463 νείᾳ,
565 5393 737 5464 φησὶ,
787 5395 887 5448 καί
933 5395 1003 5448 ἐν
1043 5395 1209 5463 φόϐῳ
1251 5394 1351 5449 καί
1382 5395 1453 5447 ἐν
1485 5395 1681 5464 τρόμῳ
1725 5393 1935 5459 πολλῷ

352 5478 648 5552 ἐγενόμην
687 5475 838 5545 πρὸς
879 5475 1054 5545 ὑμᾶς·
1116 5477 1203 5529 ἵνα
1244 5476 1321 5547 μή
1360 5475 1594 5543 λέγωσι,
1628 5475 1694 5528 Τί
1745 5475 1931 5544 φοϐεῖς

354 5562 504 5632 ήμᾶς
537 5561 630 5613 xal
678 5558 920 5632 δεδίττῃς
978 5559 1079 5612 οὐκ
1131 5559 1300 5627 ἐσμὲν
1342 5557 1549 5611 τούτων
1607 5557 1931 5628 ἀμελέτητοι

357 5645 466 5696 τῶν
516 5643 726 5697 κακῶν·
780 5642 876 5695 καὶ
929 5639 1039 5710 γὰρ
1095 5640 1378 5710 ήλάθημεν
1439 5641 1531 5692 καὶ
1597 5639 1932 5711 ἐδιιὲιχθημεν

362 5728 457 5783 καὶ
501 5727 727 5792 πολλοὺς
771 5725 864 5781 καὶ
906 5727 1148 5797 συνεχεῖς
1193 5722 1564 5794 ὑπεμείναμεν
1612 5722 1926 5788 κινδύνους·

2028 4566 2407 4622 καταστέλλων
2455 4567 2638 4623 αὐτῶν
2685 4568 2846 4623 πάλιν
2887 4569 2950 4621 τὸ
2998 4567 3260 4640 φύσημα,
3289 4569 3445 4640 φησὶ,
3480 4573 3614 4626 Πειο

2018 4649 2257 4717 ρασμὸς
2301 4649 2456 4719 ὑμᾶς
2497 4655 2610 4707 οὐκ
2651 4652 2937 4720 ετληφεν,
2979 4655 3032 4706 εί
3075 4653 3161 4722 μὴ
3213 4653 3610 4721 ἀνθρώπινος·

2028 4732 2313 4796 τουτέστι,
2380 4736 2609 4806 μικρὸς,
2660 4733 2906 4806 βραχὺς,
2971 4735 3305 4806 σύμμετρος.
3368 4736 3444 4790 Τὸ
3505 4739 3618 4809 γὰρ

2029 4813 2370 4886 ἀνθρώπινον
2413 4817 2508 4868 ἐπὶ
2553 4817 2649 4871 τοῦ
2695 4818 2895 4888 μικροῦ
2946 4817 3130 4886 λέγει,
3161 4818 3238 4880 ὡς
3265 4819 3395 4872 ὅταν
3439 4819 3616 4893 λέγῃ·

2044 4897 2434 4964 Ἀνθρώπινον
2455 4899 2608 4970 ,λέγω
2632 4899 2730 4956 διὰ
2756 4901 2872 4968 τὴν
2895 4901 3219 4956 ἀσθένειαν
3241 4902 3352 4971 τῆς
3383 4904 3622 4970 σαρκὸς

2030 4978 2216 5050 ὑμῶν.
2253 4981 2346 5050 Μὴ
2383 4981 2564 5036 τοίνυν
2614 4983 2758 5053 μέγα
2800 4987 3082 5055 φρονεῖτε,
3120 4985 3305 5056 φησὶν,
3339 4985 3415 5049 ὼς
3460 5002 3623 5056 περε-

2031 5062 2310 5132 γενόμενοι
2337 5063 2430 5116 τοῦ
2459 5064 2770 5119 κλυδωνίου·
2801 5067 3058 5122 οὐδέποτε
3088 5067 3199 5139 γάρ
3230 5067 3398 5121 εἴδετε
3431 5068 3625 5121 κίνδυ-

2034 5162 2123 5199 νον
2181 5146 2412 5200 θάνατον
2462 5148 2810 5213 ἀπειλοῦντα,
2865 5151 2986 5204 ούδέ
3035 5151 3342 5221 πειρασμὸν
3398 5151 3628 5222 σφαγὴν

2033 5229 2548 5299 ἐπανατεινόμενον·
2581 5231 2610 5283 ὃ
2643 5232 2739 5286 καὶ
2779 5233 3059 5304 Ἑϐραίοις
3083 5233 3291 5300 ἔλεγεν·
3318 5233 3498 5286 οὔπω
3519 5231 3629 5298 μέ-

2034 5329 2168 5379 χρις
2202 5314 2451 5382 αἵματος
2483 5315 2948 5384 ἀντικατέστητε
2996 5316 3147 5385 πρὸς
3174 5315 3290 5382 τὴν
3319 5315 3630 5384 ἁμαρτίαν

2031 5394 2576 5464 ἀνταγωνιζόμενοι.
2609 5393 2744 5452 Εἶτα
2790 5399 2980 5471 ἐπειδὴ
3019 5398 3308 5467 ἐφόϐησεν,
3351 5399 3456 5468 δρα
3499 5397 3633 5462 πῶς

2037 5478 2201 5531 πάλιν
2232 5479 2430 5542 αὐτοὺς
2460 5479 2713 5552 ἀνίστησι
2743 5481 2882 5552 μετά
2917 5481 3010 5535 τοῦ
3038 5483 3222 5534 πεῖσαι
3266 5479 3592 5551 μετριάζειν
3612 5521 3631 5543 ,

2037 5559 2242 5627 λέγων·
2272 5561 2495 5625 Πιστὸς
2519 5562 2587 5616 δὲ
2617 5567 2650 5619 d
2679 5567 2847 5631 Θεὸς,
2879 5564 2947 5630 ὃς
2973 5566 3086 5619 οὐκ
3117 5562 3287 5617 ἐάσει
3313 5559 3471 5630 ὑμᾶς
3491 5575 3632 5614 πει-

2030 5641 2337 5710 ρασθῆναι
2381 5644 2536 5715 ὑπὲρ
2575 5646 2607 5700 ὃ
2647 5647 2932 5702 δύνασθε.
2976 5647 3118 5717 Ἄρα
3151 5645 3256 5699 είσὶ
3295 5645 3633 5714 πειρασμαὶ.

2039 5725 2133 5790 οὓς
2163 5725 2222 5780 ού
2251 5725 2478 5784 δυνατὸν
2500 5731 2841 5797 ὑπενεγκεῖν.
2874 5731 2985 5786 Καὶ
3009 5731 3154 5793 τινες
3177 5721 3355 5791 οὖτοις
3385 5727 3634 5792 Πάντες,

3955 709 3986 1038 Ῠ

3953 1046 3973 1490 ὶ
