3986 6202
357 345 448 402 197

347 471 473 527 ergo
519 463 663 510 terra
704 453 792 508 illa
829 449 1056 507 aurifera
1099 445 1316 503 latibula
1357 453 1410 499 et
1445 454 1687 497 recessus
1721 435 1921 491 habere

344 551 400 603 iu
423 545 726 601 tenebrosis
752 544 850 598 illis
873 541 1138 611 speluncis
1165 558 1179 592 :
1212 537 1590 597 facinorosum,
1606 531 1692 600 qui
1713 529 1782 583 ad
1804 529 1923 587 illos

353 637 565 690 labores
583 636 860 688 damnatus
885 642 998 698 est,
1029 630 1150 685 ideo
1196 630 1467 683 lucernam
1498 623 1840 691 accipientem
1869 625 1926 672 et

355 727 605 796 ligonem,
635 727 704 780 ita
750 724 974 796 ingredi,
1000 732 1056 778 et
1099 721 1429 790 gutturnium
1475 715 1685 776 alierre,
1715 723 1773 768 ut
1801 710 1925 768 inde

359 821 535 873 oleum
562 819 612 872 in
644 818 911 871 lucernam
961 812 1222 877 infundat,
1256 811 1378 880 quia
1407 807 1640 864 tenebrae
1671 805 1779 859 illic
1803 810 1928 858 sunt

363 912 516 968 etiam
559 908 806 974 interdiu,
833 918 892 962 ut
913 908 1026 978 jam
1070 906 1200 962 dixi.
1231 903 1433 960 Deinde
1475 899 1688 971 quando
1721 907 1929 966 tempus

362 1000 614 1055 infelicem
647 1000 794 1055 illum
841 1007 994 1053 vocat
1019 995 1084 1051 ad
1110 996 1318 1059 cibum,
1345 995 1515 1063 ipsum
1543 989 1757 1061 quidem
1799 998 1931 1042 tem-

356 1107 450 1162 pus
489 1093 734 1162 ignorare
763 1099 1012 1155 narrant;
1044 1088 1208 1143 vincti
1238 1100 1366 1141 vero
1397 1083 1671 1139 custodem
1699 1094 1932 1150 superne

357 1183 695 1238 vehementer
735 1181 1038 1251 pulsantem
1075 1179 1406 1250 speluncam,
1437 1190 1532 1246 per
1565 1173 1844 1243 strepitum
1879 1178 1934 1225 et

352 1286 535 1328 vocem
571 1271 811 1326 indicare
845 1271 1007 1324 ﬁnem
1047 1283 1166 1324 esse
1203 1268 1326 1322 diei.
1360 1267 1551 1321 Annon
1589 1261 1934 1316 inhorruistis

352 1360 466 1417 btec
489 1362 802 1417 audientes?
827 1361 1109 1417 Videamus
1127 1374 1251 1430 ergo
1270 1372 1445 1413 annon
1471 1355 1553 1412 bis
1575 1355 1820 1424 graviora
1844 1366 1937 1420 pa-

354 1455 553 1509 tiantur
579 1454 744 1507 avari.
772 1453 906 1508 Nam
939 1455 993 1507 hi
1021 1466 1229 1523 quoque
1264 1451 1561 1520 graviorem
1591 1447 1792 1503 habent
1819 1459 1938 1500 car-

354 1545 502 1600 ceris
547 1544 842 1608 custodem,
883 1543 1180 1609 avaritiam,
1225 1551 1278 1596 et
1323 1556 1389 1596 eo
1426 1538 1744 1609 graviorem,
1790 1534 1933 1606 quod

356 1649 482 1690 cum
513 1648 738 1704 corpore
761 1634 992 1688 animam
1023 1633 1180 1687 simul
1203 1631 1435 1702 colliget.
1478 1631 1571 1684 lla:
1612 1642 1822 1700 quoque
1853 1637 1933 1682 te-

363 1725 547 1780 nebrat
579 1733 705 1778 sunt
738 1724 841 1778 illis
869 1724 1272 1787 horribiliores;
1300 1737 1406 1775 non
1439 1731 1561 1776 sunt
1590 1722 1734 1775 enim
1763 1719 1935 1774 sensi-

366 1813 525 1880 biles,
575 1817 672 1872 sed
731 1817 850 1870 illas
899 1817 1041 1869 intus
1094 1814 1361 1884 parientes
1402 1815 1565 1880 avari,
1613 1825 1940 1883 quocumque

369 1907 592 1961 abierint
615 1947 633 1973 ,
664 1906 859 1976 ubique
884 1920 1067 1961 secum
1099 1904 1477 1958 circumferunt
1502 1921 1514 1956 :
1543 1902 1830 1956 exstinctus
1860 1909 1941 1955 est

367 1996 507 2051 enim
568 1995 696 2064 ipsis
744 1998 940 2049 animm
991 1993 1196 2049 oculus.
1250 1992 1477 2062 Ideoque
1528 1991 1770 2047 Christus
1822 1991 1941 2045 illus

363 2085 594 2138 maxime
623 2085 860 2138 omnium
892 2085 1116 2138 miseros
1155 2083 1405 2152 prtedicat
1433 2083 1612 2137 dicens
1643 2099 1656 2136 :
1688 2081 1750 2136 Si
1774 2091 1940 2134 autem

360 2178 529 2230 lumen
571 2176 708 2246 quod
755 2175 810 2229 in
848 2184 894 2230 te
934 2185 1041 2236 est,
1071 2174 1283 2229 tenebris
1325 2174 1454 2239 sint,
1484 2173 1698 2227 tenebrte
1741 2183 1944 2242 quaan

357 2278 505 2320 erunt
532 2267 756 2338 (Matth.
783 2267 836 2320 6.
862 2264 968 2336 25)
990 2267 1012 2318 ἵ
1033 2265 1099 2319 Ει
1120 2265 1195 2320 illi
1219 2263 1432 2336 quidem
1454 2265 1645 2318 saltem
1668 2265 1941 2318 lucernam

357 2358 561 2412 habent
601 2361 867 2413 lucentem
897 2375 912 2411 :
957 2358 1010 2412 hi
1038 2369 1215 2413 autem
1245 2358 1332 2412 illa
1365 2358 1640 2426 privantur
1674 2375 1687 2411 :
1719 2355 1946 2424 ideoque

354 2450 596 2520 quotidie
614 2450 665 2503 in
683 2449 932 2504 barathra
951 2449 1189 2505 incidunt
1209 2451 1512 2505 innumera.
1534 2449 1602 2504 Et
1615 2448 1852 2503 damnati
1871 2449 1944 2503 illi

354 2541 577 2612 quidem
601 2541 918 2598 adveniente
943 2551 1100 2596 nocte
1120 2543 1407 2613 respirant,
1432 2543 1484 2598 in
1505 2557 1839 2597 communem
1859 2556 1947 2596 eo-

353 2649 480 2688 rum
512 2634 603 2702 qui
624 2634 764 2688 dicm
790 2633 1073 2689 infeliciter
1101 2641 1475 2704 transegerunt
1513 2633 1946 2703 tranquillitatem

355 2723 699 2794 navigantes,
720 2724 771 2778 in
791 2733 998 2779 noctem
1017 2725 1168 2792 dico;
1191 2726 1368 2779 avaris
1385 2735 1558 2780 autem
1577 2723 1719 2779 hunc
1737 2733 1947 2795 portum

351 2817 640 2872 obstruxit
681 2817 899 2872 avaritia
927 2835 941 2871 :
973 2826 1053 2873 tot
1077 2826 1132 2872 et
1157 2819 1316 2873 tantis
1339 2819 1484 2873 curis
1507 2829 1664 2873 noctu
1692 2817 1951 2872 distinen-

352 2920 447 2966 tur
476 2912 530 2965 in
561 2911 694 2976 otio,
724 2911 938 2965 nemine
967 2911 1236 2980 negotium
1269 2911 1514 2982 faciente,
1543 2913 1748 2982 seipsos
1777 2925 1950 2965 mace-

350 3013 566 3058 rantes.
617 3002 688 3057 Et
715 3019 830 3073 qua:
863 3003 948 3056 hic
976 3002 1190 3072 quidem
1237 3015 1464 3072 aguntur
1491 3003 1613 3057 talia
1643 3012 1799 3067 sunt;
1832 3018 1950 3072 qua:

350 3110 492 3149 vero
517 3094 648 3160 illic,
679 3094 797 3164 quis
819 3109 997 3149 sermo
1020 3108 1302 3148 recensere
1333 3095 1518 3163 possit,
1543 3093 1787 3149 fornaces
1814 3094 1952 3147 into-

348 3185 620 3240 lerabiles
640 3227 656 3251 ,
689 3184 880 3240 ﬂuvios
925 3185 1046 3255 igne
1093 3184 1345 3239 ardentes
1366 3225 1380 3249 ,
1413 3185 1598 3241 dentes
1627 3185 1913 3241 stridentes
1933 3225 1947 3247 ,

349 3278 667 3332 insolubilia
696 3278 925 3344 vincula,
953 3292 1191 3332 vermetn
1222 3287 1561 3341 venenatum,
1593 3278 1839 3332 tenebras
1866 3277 1949 3330 lu-

347 3370 439 3423 cis
471 3380 741 3438 expertes,
775 3369 914 3424 mala
944 3384 1228 3438 numquam
1256 3369 1414 3423 ﬁnem
1443 3367 1711 3422 habentia.
1744 3369 1954 3424 Timea-

353 3478 492 3514 mus
520 3476 668 3530 ergo,
696 3461 895 3526 dilecti,
927 3460 1187 3531 fugiamus
1215 3460 1414 3515 fontem
1450 3469 1714 3516 tantorum
1744 3461 1950 3515 crucia-

353 3563 550 3615 tuum,
567 3552 794 3606 furorem
816 3553 1188 3616 insatiabilem,
1217 3563 1410 3607 nostra:
1431 3553 1618 3608 salutis
1643 3552 1950 3620 perniciem.

345 3643 490 3698 Non
536 3651 762 3712 possunt
806 3644 944 3696 cnim
988 3643 1143 3697 simul
1183 3643 1352 3697 amari
1393 3643 1614 3712 pecunia
1662 3651 1716 3697 et
1753 3642 1950 3694 anima.

343 3737 655 3790 Discamus
675 3737 928 3804 pecunias
948 3751 1063 3791 esse
1087 3744 1286 3792 terram
1308 3745 1361 3790 et
1383 3736 1679 3806 pulverem,
1699 3734 1838 3805 quod
1858 3750 1956 3790 nos

337 3827 627 3883 deserant
654 3826 776 3881 hinc
805 3825 1185 3896 demigrantes,
1221 3829 1330 3880 imo
1358 3841 1487 3880 vero
1512 3841 1655 3896 saepe
1694 3833 1818 3881 ante
1859 3825 1953 3881 de-

337 3934 582 3976 cessum
607 3927 846 3974 nostrum
869 3920 1130 3982 resiliaul,
1159 3917 1301 3989 quod
1323 3917 1388 3972 ad
1409 3917 1638 3972 futuram
1661 3925 1888 3973 noceant
1907 3928 1958 3973 et

330 4013 412 4068 ad
441 4021 777 4084 praesentem
805 4013 986 4066 vitam.
1022 4012 1156 4066 Nam
1184 4021 1236 4065 et
1261 4020 1383 4065 ante
1425 4011 1722 4082 gehennam
1752 4019 1807 4066 ct
1831 4021 1959 4067 ante

332 4104 692 4174 supplicium
721 4101 849 4157 illud
879 4103 932 4156 in
958 4101 1096 4157 bella
1119 4101 1204 4156 hie
1229 4117 1324 4156 nos
1345 4102 1620 4158 innumera
1647 4103 1956 4174 conjiciunt,

344 4242 2002 4256 mm

1366 326 1433 382 1N
1474 314 1684 380 EPIST.
1725 318 1745 372 l
1808 317 1899 372 AD
1937 313 2092 371 COR.
2135 311 2360 368 HOMIL.
2399 310 2584 368 XXIV.

3516 312 3611 369 [98

2033 431 2322 487 seditiones
2349 430 2582 486 excitant
2608 438 2662 485 et
2690 444 2910 501 pugnas.
2941 429 3079 484 Nihil
3118 431 3260 486 enim
3305 433 3374 488 ita
3417 435 3612 494 bellum

2031 525 2261 579 concitat
2297 533 2354 579 ut
2387 522 2635 588 avaritia;
2671 524 2802 579 nihil
2842 526 2913 578 ita
2952 524 3164 594 inopem
3193 526 3398 594 reddit,
3423 528 3534 585 sive
3563 532 3613 585 in

2031 615 2230 670 divitiis
2251 657 2268 681 ,
2300 615 2412 670 sive
2450 615 2502 669 in
2550 617 2804 686 pauperie
2841 618 3166 688 apparuerit.
3195 619 3440 677 Nascitur
3472 625 3614 680 enim

2032 709 2193 764 etiam
2219 710 2269 763 in
2295 721 2586 779 pauperum
2607 710 2798 765 animis
2817 712 2994 780 gravis
3015 711 3102 768 hic
3122 715 3354 779 morbus,
3380 715 3616 772 illorum-

2034 813 2138 868 qne
2158 807 2524 869 paupertatem
2551 801 2719 870 magis
2737 802 2936 856 atterit.
2957 801 3014 858 Si
3032 812 3208 860 autem
3236 805 3482 862 inventus
3510 808 3619 864 fue-

2036 889 2105 944 rit
2125 905 2325 960 pauper
2350 906 2561 957 avarus,
2587 907 2691 945 non
2717 893 2772 946 in
2800 893 2996 949 divitiis
3024 895 3134 959 ille,
3151 897 3245 951 sed
3278 897 3328 951 in
3358 897 3499 955 fame
3529 899 3618 956 dat

2037 995 2242 1051 pmnas.
2288 980 2406 1036 Non
2434 980 2575 1037 enim
2606 991 2784 1052 potest
2812 983 2894 1039 vel
2925 984 3148 1040 modicis
3179 987 3282 1042 illis
3310 1004 3427 1057 qua:
3459 989 3620 1046 habet

2036 1073 2202 1128 libere
2222 1070 2346 1139 frui,
2365 1071 2458 1127 sed
2479 1084 2534 1128 et
2553 1080 2795 1128 ventrem
2817 1071 2958 1129 fame
2979 1083 3152 1141 vexat,
3173 1086 3224 1130 et
3243 1092 3440 1148 corpus
3455 1089 3619 1136 totum

2039 1163 2276 1220 nuditate
2311 1173 2366 1217 et
2406 1163 2601 1234 frigore
2636 1165 2910 1220 ulciscitur
2929 1206 2946 1230 ,
2975 1175 3029 1220 et
3061 1166 3125 1220 iis
3155 1169 3242 1236 qui
3272 1178 3399 1223 Slnll
3424 1171 3474 1224 in
3503 1173 3623 1225 viu-

2040 1255 2176 1311 culis
2201 1254 2394 1324 ubique
2439 1254 2732 1324 squalidior
2759 1265 2814 1310 ct
2840 1256 3109 1312 sordidior
3133 1268 3217 1312 est
3245 1276 3259 1313 :
3287 1275 3502 1330 semper
3530 1263 3623 1318 ﬂet

2041 1355 2096 1399 et
2121 1345 2456 1410 lamentatur,
2487 1360 2549 1399 ac
2575 1346 2620 1400 si
2650 1347 2889 1401 omnium
2922 1348 3256 1405 miserrimus
3287 1353 3379 1418 sit,
3411 1355 3618 1408 etiamsi

2044 1437 2305 1492 innumeri
2327 1439 2434 1492 sint
2456 1439 2545 1494 illo
2565 1439 2928 1508 pauperiores.
2952 1439 3051 1497 Hic
3072 1440 3116 1494 si
3141 1441 3190 1494 iu
3215 1441 3386 1497 forum
3410 1445 3616 1514 iugres«

2038 1547 2129 1587 sus
2166 1531 2343 1596 fuerit,
2378 1531 2488 1586 abit
2525 1531 2706 1586 multis
2749 1534 2980 1602 acceptis
3023 1533 3310 1600 vibicibus;
3336 1537 3379 1589 si
3405 1536 3458 1590 in
3503 1537 3622 1592 bal.

2039 1639 2218 1688 neum,
2253 1626 2299 1676 si
2333 1624 2384 1676 in
2414 1622 2696 1685 theatrum.
2731 1624 2876 1692 plura
2905 1625 3130 1694 accipiet
3165 1626 3383 1681 vulnera
3408 1669 3422 1692 ,
3457 1643 3562 1682 non
3591 1643 3620 1682 a

2038 1713 2426 1784 spectatoribus
2462 1715 2670 1778 solum,
2694 1713 2786 1768 sed
2829 1716 2987 1770 etiam
3028 1714 3098 1770 ab
3131 1715 3197 1770 iis
3234 1719 3321 1786 qui
3370 1719 3422 1772 in
3460 1733 3620 1773 scena

2039 1818 2308 1874 suut,cum
2329 1808 2516 1864 viderit
2536 1809 2844 1862 meretrices
2859 1809 3052 1864 multas
3072 1824 3204 1864 auro
3224 1810 3506 1880 fulgentes.
3527 1812 3626 1868 Hic

2042 1903 2202 1956 etiam
2234 1902 2277 1956 si
2309 1901 2360 1954 in
2394 1901 2526 1955 mari
2556 1900 2801 1971 naviget,
2837 1910 3162 1957 mercatores
3187 1911 3242 1958 ct
3267 1918 3429 1958 naves
3456 1905 3625 1974 pluri-

2044 1992 2147 2046 mis
2174 2001 2395 2046 0nustas
2427 1992 2693 2047 mercibus
2722 1993 2963 2063 cogitans
2993 2004 3048 2048 et
3076 1993 3218 2048 lucra
3251 1995 3504 2065 ingentia,
3535 2013 3628 2052 nc-

2043 2079 2148 2154 qub
2176 2099 2236 2139 se
2262 2085 2444 2138 vivere
2470 2085 2674 2154 putabit
2702 2103 2715 2138 :
2739 2086 2948 2142 etiamsi
2976 2101 3070 2157 per
3099 2096 3294 2142 terram
3339 2088 3441 2144 iter
3483 2101 3622 2160 agat,

2044 2191 2222 2246 agros,
2270 2177 2464 2245 praedia
2513 2178 2839 2243 suburbana,
2882 2178 3197 2246 diversoria,
3249 2181 3458 2247 balnea,
3502 2199 3628 2254 pro-

2047 2276 2236 2323 ventus
2265 2267 2388 2323 inde
2416 2277 2597 2338 partos
2640 2271 2901 2339 cogitans,
2944 2285 3048 2325 non
3097 2271 3310 2326 vitalem
3340 2274 3440 2328 sibi
3468 2276 3628 2329 vitam

2046 2373 2165 2414 esse
2191 2368 2374 2429 postea
2405 2361 2626 2430 putabit.
2649 2361 2799 2429 Quod
2823 2363 2869 2416 si
2895 2361 3045 2417 illum
3071 2364 3229 2418 etiam
3254 2364 3390 2419 intra
3413 2365 3628 2421 domum

2049 2451 2362 2518 iucluseris;
2409 2468 2528 2522 qua:
2577 2453 2630 2507 in
2674 2452 2789 2507 foro
2833 2455 3038 2523 accepit
3081 2456 3299 2511 vulnera
3349 2455 3628 2524 refricans,

2048 2543 2186 2613 apud
2217 2550 2276 2599 se
2307 2545 2476 2613 magis
2503 2545 2737 2598 animum
2758 2546 3017 2600 cruciabit
3042 2563 3053 2598 :
3087 2562 3351 2618 unamque
3377 2550 3523 2604 novit
3545 2565 3632 2605 so-

2051 2635 2160 2698 lum
2177 2636 2592 2692 consolationem
2617 2637 2874 2690 malorum
2893 2638 3084 2707 quibus
3104 2639 3382 2708 premitur,
3405 2649 3631 2695 mortem

2052 2735 2106 2780 et
2134 2742 2194 2781 ex
2228 2725 2326 2782 bac
2359 2729 2464 2780 vita
2491 2726 2879 2795 migrationem.
2925 2727 3049 2782 llmc
3078 2745 3182 2783 non
3211 2745 3412 2799 pauper
3436 2731 3631 2797 modo,

2051 2816 2143 2871 sed
2173 2817 2334 2871 etiam
2364 2817 2534 2885 dives,
2562 2818 2650 2888 qui
2682 2819 2734 2873 in
2763 2819 2902 2873 hunc
2934 2820 3182 2876 inciderit
3223 2822 3466 2876 morbum
3493 2863 3507 2887 ,
3538 2839 3635 2892 pa—

2052 2909 2233 2972 tietur,
2256 2918 2312 2964 et
2335 2918 2480 2964 tanto
2507 2912 2674 2980 magis
2701 2927 2858 2981 quam
2882 2926 3102 2981 pauper,
3127 2921 3325 2981 quanto
3347 2914 3636 2970 vehemen-

2054 3001 2156 3056 tior
2185 3002 2428 3058 imminet
2457 3003 2532 3058 illi
2564 3005 2804 3074 tyrannis
2822 3045 2838 3071 ,
2866 3013 2918 3059 et
2946 3003 3113 3074 major
3143 3005 3395 3060 ebrietas.
3431 3005 3555 3062 Ideo
3579 3022 3638 3061 so

2051 3093 2290 3147 omnium
2333 3095 2728 3164 pauperrimum
2763 3095 2985 3164 putabit,
3010 3095 3118 3150 imo
3151 3096 3310 3149 etiam
3350 3111 3475 3152 vere
3510 3111 3641 3166 pau-

2053 3187 2316 3256 perrimus
2359 3196 2460 3242 est.
2503 3187 2618 3242 Non
2667 3189 2807 3243 enim
2851 3203 2916 3242 ex
2960 3187 3270 3244 facultatum
3319 3191 3510 3260 modo,
3542 3193 3636 3246 scd

2051 3296 2115 3334 ex
2144 3281 2338 3336 mentis
2360 3279 2553 3336 aﬂ‘ectu
2583 3281 2915 3336 aestimantur
2941 3281 3140 3336 divitia:
3167 3291 3223 3337 et
3248 3293 3548 3354 paupertas.
3570 3282 3639 3339 Et

2055 3372 2141 3425 ille
2170 3372 2338 3441 magis
2363 3382 2444 3427 est
2466 3373 2702 3427 omnium
2727 3372 3115 3442 pauperrimus,
3135 3374 3225 3442 qui
3249 3389 3463 3443 semper
3490 3374 3640 3443 plura

2054 3463 2405 3532 concupiscit,
2435 3471 2490 3517 et
2519 3478 2810 3532 numquam
2859 3463 3049 3517 sistere
3077 3473 3251 3532 potest
3281 3465 3416 3518 hanc
3446 3465 3640 3519 malam

2055 3555 2564 3622 concupiscentiam.
2595 3555 2822 3622 Propter
2849 3555 2963 3607 hare
2990 3555 3167 3607 omnia
3194 3554 3452 3623 fugiamus
3471 3555 3642 3610 avari-

2059 3646 2206 3708 tiam,
2252 3660 2370 3714 qua:
2413 3654 2779 3714 paupertatem
2819 3644 3053 3711 inducit,
3083 3645 3291 3700 animas
3315 3648 3641 3716 corrumpit,

2055 3736 2315 3805 gehenna:
2345 3734 2593 3801 amicam,
2627 3735 2893 3790 inimicam
2924 3736 3071 3806 regni
3103 3735 3356 3790 caelorum
3375 3777 3390 3801 ,
3420 3748 3642 3793 matrem

2061 3829 2298 3882 omnium
2328 3828 2488 3882 simul
2519 3829 2819 3894 malorum;
2852 3837 2910 3885 et
2936 3830 3188 3899 pecunias
3213 3839 3642 3899 contemnamus,

2061 3928 2119 3974 ut
2158 3919 2398 3976 fruamur
2423 3920 2681 3990 pe0uniis,
2714 3929 2768 3975 et
2795 3936 2914 3976 cum
2946 3921 3186 3990 pecuniis
3218 3920 3458 3979 fruemur
3483 3925 3642 3981 etiam

2059 4013 2216 4068 bonis
2241 4014 2395 4070 nobis
2421 4014 2702 4084 promissis
2737 4032 2750 4067 :
2783 4029 2900 4085 qua:
2933 4016 3132 4070 utinam
3161 4030 3261 4071 nos
3286 4031 3473 4074 omnes
3499 4033 3631 4075 asse-

2061 4104 2154 4175 qui
2175 4105 2468 4176 COutingat,
2491 4115 2594 4161 etc.

2019 4244 3599 4263 “mm.

1757 4316 2094 4381 HOMILIA
2140 4320 2376 4385 XXIV.

326 4474 481 4529 Car.
529 4471 624 4527 ιο.
654 4485 706 4525 v.
739 4468 825 4525 i5.
867 4469 1097 4524 Tentatio
1123 4485 1207 4524 vos
1247 4485 1347 4523 non
1373 4465 1707 4538 apprehendit
1735 4465 1833 4520 nisi
1854 4465 1947 4518 hu-

408 4579 619 4620 mana.
647 4560 847 4616 Fidelis
875 4569 1043 4615 autem
1083 4569 1153 4614 est
1189 4559 1348 4626 Deus,
1381 4558 1466 4631 qui
1502 4574 1602 4612 non
1631 4556 1847 4626 patietur
1869 4571 1955 4608 vos

407 4655 624 4710 tentari
647 4670 806 4724 supra
833 4653 887 4706 id
913 4652 1047 4721 quod
1071 4653 1294 4724 potestis,
1346 4651 1432 4704 sed
1479 4651 1625 4721 faciet
1653 4665 1768 4704 cum
1797 4655 1959 4700 tenta-

405 4748 576 4802 tione
606 4754 928 4816 proventum,
956 4755 1008 4797 ut
1039 4744 1241 4813 possitis
1267 4744 1529 4808 sustinere,
1556 4751 1654 4795 etc.

403 4844 466 4899 1.
555 4840 856 4907 Postquam
909 4838 1039 4894 satis
1093 4838 1280 4892 terruit
1330 4852 1424 4892 eos
1500 4844 1676 4891 vetera
1733 4848 1959 4890 narrans

313 4935 636 5006 exempla,
669 4940 836 5003 atque
883 4932 935 4986 in
978 4931 1142 4985 animi
1172 4943 1423 4998 angorem
1465 4928 1714 4998 conjecit,
1749 4928 1956 4991 dicens,

319 5031 437 5098 Qui
495 5026 718 5082 videtur
765 5035 936 5091 stare,
993 5025 1156 5079 videat
1208 5041 1272 5077 ne
1315 5023 1497 5087 cadat;
1535 5023 1727 5076 multas
1777 5031 1955 5076 autem

314 5125 604 5179 tulerant
629 5120 981 5182 tentationes,
1013 5126 1066 5173 et
1097 5117 1148 5170 iu
1177 5117 1241 5171 iis
1268 5132 1410 5186 satpe
1431 5131 1550 5171 sese
1567 5123 1917 5170 exercuerant
1943 5133 1954 5165 :

312 5233 454 5272 tiam
515 5211 601 5268 In
660 5211 976 5280 inﬁrmitate,
1025 5211 1216 5281 inquit,
1261 5219 1309 5264 et
1356 5210 1408 5262 iu
1457 5209 1632 5260 timore
1661 5217 1708 5259 et
1750 5215 1961 5260 tremore

311 5310 499 5363 multa
540 5303 639 5376 fui
665 5301 810 5371 apud
835 5302 1018 5371 vos(l.
1053 5301 1170 5355 Cor.
1197 5301 1249 5354 2.
1291 5301 1385 5371 5);
1432 5315 1502 5354 nc
1550 5298 1807 5364 dicerent,
1853 5297 1961 5352 Cur

310 5418 425 5458 nos
455 5409 668 5453 terres
696 5405 750 5449 et
779 5395 973 5448 timore
999 5391 1210 5446 afficis?
1241 5407 1344 5446 non
1391 5405 1577 5446 sumus
1622 5390 1675 5442 in
1717 5389 1780 5442 iis
1807 5389 1959 5442 malis

313 5487 760 5553 inexercitati;
807 5502 934 5542 nam
976 5487 1113 5555 pulsi
1162 5500 1344 5540 sumus
1391 5495 1444 5539 et
1487 5481 1956 5553 persequutionem

314 5587 504 5659 p-zssi,
548 5572 743 5637 multa
764 5588 816 5632 et
837 5576 1136 5647 frequentia
1165 5576 1420 5631 subiimus
1445 5573 1680 5645 pericula
1707 5591 1719 5626 :
1747 5571 1956 5626 illorum

315 5691 536 5738 rursus
575 5682 865 5727 tumorem
893 5668 1190 5738 reprimens
1219 5669 1292 5720 ait
1329 5683 1342 5718 :
1376 5665 1604 5719 Tentatio
1633 5681 1716 5718 vos
1743 5680 1842 5717 non
1869 5679 1962 5728 ap-

319 5767 636 5844 ".Igendit
691 5762 789 5815 nisi
819 5762 1081 5825 humana;
1110 5759 1162 5813 id
1191 5767 1292 5824 est,
1332 5772 1512 5826 parva,
1547 5756 1745 5822 brevis,
1777 5753 1961 5809 mode-

699 5859 969 5917 PATnOL.
1021 5857 1134 5916 Gn.
1190 5851 1343 5914 LXI,

2063 4472 2196 4518 rata.
2233 4464 2533 4518 Humanum
2577 4464 2720 4519 enim
2752 4465 2884 4520 dicit
2930 4465 2998 4520 de
3046 4480 3232 4535 parvo,
3276 4477 3331 4520 ut
3371 4481 3489 4522 cum
3521 4471 3594 4524 ait
3627 4489 3640 4524 :

2069 4553 2362 4608 Humanum
2377 4555 2488 4609 dico
2509 4565 2712 4626 prapter
2729 4556 3074 4624 inﬁrmitatem
3095 4558 3261 4611 carnis
3279 4569 3454 4615 vestra
3467 4559 3640 4632 (Rom.

2065 4649 2118 4702 6.
2150 4647 2261 4716 l9}.
2292 4647 2368 4703 Ne
2415 4648 2592 4719 itaque
2635 4648 2800 4703 altum
2841 4649 3078 4717 sapiatis,
3111 4649 3302 4719 inquit,
3334 4665 3399 4707 ac
3427 4651 3472 4708 si
3506 4661 3642 4708 tem-

2064 4747 2324 4810 pestatem
2363 4740 2742 4810 superaveritis
2773 4758 2788 4795 :
2816 4739 3054 4795 nondum
3089 4741 3230 4797 enim
3268 4743 3472 4797 vidistis
3503 4745 3632 4814 peri-

2065 4832 2240 4887 culum
2271 4832 2413 4901 quod
2460 4840 2689 4888 mortem
2731 4833 3046 4899 minaretur,
3093 4849 3264 4901 neque
3295 4837 3640 4892 tentationem

2065 4933 2290 4976 mortem
2319 4923 2692 4978 intentantem.
2735 4922 2887 4990 Quod
2917 4925 3076 4979 etiam
3125 4925 3361 4980 Hebraeis
3391 4926 3639 4982 dicebat:

2067 5015 2309 5070 Nondum
2337 5032 2490 5080 usque
2513 5016 2580 5067 ad
2608 5017 2902 5088 sanguinem
2928 5017 3176 5070 restitistis
3198 5017 3438 5071 adversus
3466 5036 3642 5087 pecca-

2065 5117 2168 5162 tum
2196 5121 2531 5178 repugnantes
2561 5105 2742 5178 (Hebr.
2791 5107 2874 5161 12.
2914 5109 2992 5174 4).
3043 5107 3244 5162 Deinde
3291 5108 3414 5176 quia
3459 5119 3642 5166 exter-

2065 5207 2266 5262 ruerat,
2297 5196 2415 5252 vide
2445 5196 2714 5266 quomodo
2743 5213 2928 5251 rursus
2972 5196 3092 5250 illos
3129 5197 3320 5266 erigat,
3363 5210 3642 5271 postquam

2065 5299 2403 5358 persuaserat
2439 5288 2546 5342 illis
2572 5298 2630 5342 ut
2655 5287 2894 5342 modeste
2917 5298 3156 5357 agerent,
3189 5291 3409 5346 dicens:
3447 5292 3642 5349 Fidelis

2066 5391 2135 5432 est
2157 5377 2294 5432 Deus
2314 5381 2401 5450 qui
2431 5395 2530 5432 non
2562 5379 2776 5448 patietur
2801 5393 2884 5433 vos
2911 5379 3094 5432 tentari
3122 5397 3278 5452 supra
3315 5382 3369 5435 id
3392 5382 3527 5452 quod
3554 5401 3640 5451 po-

2069 5471 2221 5526 testis.
2261 5471 2401 5540 Ergo
2446 5479 2570 5525 sunt
2601 5470 2922 5526 tentationes
2951 5486 3072 5541 quae
3103 5474 3226 5527 ferri
3258 5489 3363 5526 nou
3397 5479 3640 5541 possunt.

2069 5564 2136 5619 Et
2162 5579 2404 5633 quamam
2424 5564 2571 5619 illae?
2597 5563 2816 5633 Omnes,
2840 5577 2897 5620 ut
2927 5566 2998 5621 ita
3019 5565 3212 5622 dicam.
3238 5567 3478 5621 Potestas
3499 5564 3637 5617 enim

2069 5659 2120 5713 in
2145 5658 2237 5712 Dei
2267 5666 2397 5712 nutu
2425 5659 2524 5714 sita
2552 5667 2653 5725 est,
2681 5675 2836 5730 quam
2859 5675 2953 5730 per
2982 5659 3270 5714 voluntatis
3298 5665 3494 5710 nostr-.c
3516 5667 3635 5708 sen-

2070 5750 2288 5804 tentiam
2333 5749 2669 5808 attraltimus.
2703 5751 3057 5821 Quamobrem
3093 5760 3146 5803 ut
3177 5749 3349 5801 discas
3375 5755 3642 5805 accurate,

3231 5846 3305 5906 13
