3990 6168
338 249 453 309 ἘΜ

353 366 472 424 τῶν
497 366 972 427 πιστευσάντων,
997 362 1182 433 φησιν,
1206 356 1286 431 ἦν
1317 359 1357 428 ἡ
1386 356 1601 427 καρδία
1622 356 1721 411 καί
1744 357 1782 425 ἡ
1806 360 1920 427 ψυ·

347 452 434 525 κὴ
454 454 582 523 μία.
621 449 759 504 Ἀλλ’
797 448 915 518 οὐχὶ
941 445 1055 509 νῦν,
1086 443 1222 498 ἀλλὰ
1252 441 1561 525 τούναντίον
1584 440 1728 494 ἅπαν
1749 456 1761 468 ·
1780 439 1921 525 ,πολ-

352 522 433 591 λοί
460 522 559 589 zeal
590 530 817 586 ποικίλοι
854 527 1054 600 μεταξὺ
1086 527 1303 580 πάντων
1340 526 1390 578 οἰ
1428 523 1674 594 πόλεμοι,
1710 523 1804 577 zeal
1829 522 1925 594 θη-

345 620 484 690 ρίων
514 614 886 687 χαλεπώτερον
904 610 1043 680 πρὸς
1068 609 1136 663 τὰ
1148 607 1396 679 ἀλλήλων
1419 607 1740 690 διακείμεθα
1760 604 1920 690 μέληέ

353 687 462 756 Καὶ
494 701 523 752 ό
569 697 667 768 μέν
713 693 947 765 Χριστὸς
990 691 1244 746 τοσοῦτόν
1284 708 1344 743 σε
1390 689 1710 759 διεστηκότα
1749 687 1926 758 ἐαυτῷ

348 784 525 854 ἥνωσε
545 797 558 810 ο
596 779 660 832 σὺ
694 777 752 830 δὲ
782 776 909 831 οὐδὲ
938 774 1016 846 τῷ
1044 773 1256 844 ἀδελφῷ
1295 773 1463 840 ἀξιοῖς
1502 772 1742 843 ἡνῶσθαι
1785 773 1925 843 μετά

351 863 635 936 ἀκριϐείας
675 861 777 931 τῆς
814 857 1220 931 προσηκούσης,
1258 857 1396 911 ἀλλά
1420 856 1737 928 ἀποσχίζεις
1769 874 1927 911 σεαυ-

349 948 461 1013 τὸν,
488 945 756 1014 τοσαύτης
775 944 871 997 zeal
897 943 1119 1012 ἀγάπης
1147 942 1241 994 zeal
1267 938 1413 1010 ζωῆς
1433 937 1744 1002 ἀπολαύσας
1777 939 1927 1012 παρά

347 1029 441 1085 τοῦ
470 1028 765 1083 Δεσπότου.
791 1024 927 1079 Οὐδὲ
954 1023 1061 1094 γὰρ
1099 1022 1286 1086 ἀπλῶς
1316 1022 1378 1075 τὸ
1408 1020 1569 1093 σῶμα
1605 1020 1771 1075 αὑτοῦ
1799 1020 1927 1074 ἐδω-

346 1127 474 1168 κεν·
504 1109 618 1165 ἀλλ’
639 1107 827 1178 ἐπειδὴ
856 1107 891 1178 ἡ
929 1105 1169 1176 προτέρα
1205 1103 1306 1174 τῆς
1335 1104 1534 1175 σαρκὸς
1566 1103 1725 1181 φύσις
1746 1104 1780 1174 ἡ
1818 1102 1925 1156 ἀπὸ

348 1195 450 1265 γῆς
482 1188 892 1253 διαπλασθεῖσα,
923 1187 1032 1240 ἀπὸ
1064 1188 1164 1258 τῆς
1199 1187 1473 1257 ἁμαρτίας
1498 1185 1700 1255 ἔφθασε
1723 1201 1926 1256 νεκρω-

348 1276 505 1348 θῆναι
528 1273 624 1327 zeal
650 1272 794 1342 ζωῆς
819 1269 1068 1338 γενέσθαι
1096 1269 1320 1341 ἕρημος,
1345 1269 1558 1340 ἑτέραν,
1587 1269 1662 1333 ὡς
1684 1268 1749 1322 ἃν
1777 1268 1924 1320 είποι

346 1377 454 1427 τις,
488 1356 667 1428 μᾶζαν
690 1355 787 1408 καὶ
831 1352 1010 1423 ζύμην
1037 1354 1395 1423 ἐπεισήγαγε,
1433 1356 1530 1424 τὴν
1571 1352 1766 1406 ἑαυτοῦ
1798 1353 1927 1425 σάρ-

349 1461 441 1511 κα,
469 1441 631 1510 φύσει
668 1437 766 1510 μὲν
795 1432 961 1490 οὖσαν
980 1435 1076 1507 τὴν
1103 1434 1272 1507 αὐτὴν
1297 1476 1312 1500 ,
1347 1436 1621 1508 ἁμαρτίας
1654 1437 1711 1490 δὲ
1748 1435 1925 1508 ἀπηλ-

337 1523 625 1595 λαγμένην
649 1522 744 1575 zeal
781 1518 927 1589 ζωῆς
952 1518 1248 1588 γέμουσαν,
1277 1519 1371 1571 zeal
1405 1520 1572 1572 πᾶσιν
1595 1518 1798 1572 ἔδωκεν
1828 1518 1926 1570 αύ-

344 1608 452 1678 τῆς
483 1602 942 1677 μεταλαμϐάνειν,
983 1600 1069 1652 ἵνα
1101 1599 1273 1671 ταύτῃ
1317 1601 1667 1678 τρεφόμενοι,
1695 1600 1791 1653 zeal
1826 1599 1926 1678 τὴν

353 1671 624 1759 προτέραν
656 1671 983 1751 ἀποθέμενοι
1010 1678 1108 1749 τὴν
1147 1679 1366 1750 νεκρὰν,
1410 1681 1488 1743 εἰς
1516 1681 1614 1749 τὴν
1642 1677 1789 1750 ζωὴν
1828 1671 1924 1751 τὴν

350 1768 647 1825 ἀθάνατον·
672 1763 758 1817 διὰ
782 1764 881 1833 τῆς
901 1761 1178 1833 τραπέζης
1210 1762 1676 1835 ἀνακερασθῶμεν
1701 1761 1923 1833 ταύτης,

347 1850 608 1908 Βλέπετε
641 1850 748 1901 τὸν
780 1843 1016 1913 Ἰσραὴλ
1046 1844 1196 1897 κατὰ
1218 1844 1414 1914 σάρκα
1432 1863 1445 1875 ·
1481 1848 1595 1914 οὐχ
1621 1848 1674 1899 οἰ
1697 1844 1927 1899 ἐσθίον-

346 1950 443 2001 τες
470 1934 577 1999 τὰς
607 1930 823 1995 θυσίας
852 1927 1124 1981 κοινωνοί
1173 1925 1283 1980 τοῦ
1312 1928 1742 1997 θυσιαστηρίου
1767 1927 1890 1982 είσί
1904 1945 1924 1993 ;

348 2016 517 2072 Πάλιν
541 2014 648 2069 ἀπὸ
676 2011 775 2082 τῆς
797 2009 1041 2073 Παλαιᾶς
1074 2009 1167 2063 zeal
1193 2011 1272 2071 είς
1307 2008 1466 2063 τοῦτο
1496 2010 1701 2079 ἐνάγει.
1743 2010 1924 2064 Ἐπει-

346 2100 411 2172 δὴ
437 2099 545 2171 γὰρ
573 2094 709 2150 πολὺ
745 2092 840 2146 τοῦ
883 2089 1150 2164 μεγέθους
1179 2091 1286 2145 τῶν
1322 2090 1620 2162 λεχθέντων
1660 2087 1800 2164 ἦσαν
1827 2110 1924 2147 τα-

352 2185 669 2254 πεινότεροι,
700 2177 795 2233 zeal
821 2175 929 2230 ἀπὸ
951 2174 1062 2237 τῶν
1097 2176 1379 2247 προτέρων
1411 2175 1608 2240 αὐτοὺς
1648 2177 1742 2230 καὶ
1800 2193 1927 2230 συν-

347 2264 494 2338 ᾒθων
528 2262 724 2315 πείθει.
757 2258 870 2312 Kal
911 2256 1111 2321 καλῶς,
1158 2259 1320 2311 Κατὰ
1351 2255 1568 2326 σάρκα,
1622 2259 1806 2328 φησὶν,
1849 2258 1925 2323 ὡς

344 2346 524 2402 αὐτῶν
565 2344 706 2398 κατά
750 2340 969 2412 πνεῦμα
1022 2339 1211 2393 όντων.
1266 2338 1331 2392 Ὀ
1364 2339 1422 2393 δέ
1464 2339 1634 2409 λέγει,
1685 2340 1925 2395 τοιοῦτόν

346 2433 464 2484 ἐστι
481 2443 496 2457 ⁸
516 2425 639 2481 Κᾶν
668 2424 775 2478 ἀπὸ
796 2422 904 2477 τῶν
930 2421 1252 2493 παχυτέρων
1287 2421 1633 2494 παιδευθῆτε,
1651 2422 1733 2476 ὅτι
1762 2424 1812 2476 οἱ
1836 2424 1924 2476 ἐσ-

348 2512 556 2574 θίοντες
576 2509 675 2571 τὰς
718 2505 907 2570 θυσίας
941 2503 1191 2560 κοινωνοί
1217 2503 1311 2558 τοῦ
1345 2504 1728 2577 θυσιαστηρίου
1763 2506 1920 2563 εἰσίν.

357 2593 521 2665 Ὁρᾷς
543 2589 659 2655 πῶς
683 2588 950 2643 δείκνυσιν
978 2587 1079 2641 οὐκ
1100 2586 1320 2658 ἔχοντας
1344 2588 1546 2657 γνῶσιν
1566 2588 1779 2642 τελείαν
1799 2589 1924 2653 τοὺς

340 2675 636 2737 δοκοῦντας
672 2666 812 2729 εἶναι
848 2669 1112 2737 τελείους,
1160 2669 1215 2722 εί
1244 2686 1308 2739 γε
1351 2670 1488 2742 μηδὲ
1527 2671 1685 2726 τοῦτο
1723 2672 1920 2739 ίσασιν,

345 2761 429 2815 ὅτι
456 2755 705 2813 κοινωνία
750 2772 833 2818 τις
860 2754 971 2808 ἀπὸ
999 2752 1202 2806 τούτων
1241 2752 1336 2807 zeal
1368 2753 1521 2823 φιλία
1548 2753 1759 2818 πολλοῖς
1789 2753 1922 2807 πολ-

344 2845 499 2906 λάκις
527 2840 665 2912 πρὸς
695 2838 955 2910 δαίμονας
982 2836 1215 2905 γίνεται,
1244 2835 1384 2889 κατὰ
1411 2837 1609 2908 μικρὸν
1653 2836 1756 2907 τῆς
1797 2853 1922 2890 συν-

348 2925 533 2998 ηθείας
558 2922 755 2984 αὐτοὺς
784 2919 1180 2991 ἐφελκομένης;
1206 2919 1268 2971 Εί
1297 2918 1403 2988 γὰρ
1436 2919 1520 2971 ἐπ’
1538 2918 1837 2990 ἀνθρώπων
1860 2917 1923 2971 τὸ

348 3007 620 3064 κοινωνεῖν
644 3003 787 3058 ἀλῶν
809 3003 905 3056 zeal
925 3001 1204 3071 τραπέζης
1227 3000 1409 3071 φιλίας
1431 2999 1653 3073 ἀφορμὴ
1674 3002 1768 3055 καὶ
1793 3000 1924 3070 σύμ.

348 3091 505 3146 σολον
535 3088 767 3158 γίνεται,
791 3086 1024 3156 ἐγχωρεῖ
1048 3086 1141 3138 zeal
1175 3086 1269 3136 ἐπὶ
1291 3083 1558 3154 δαιμόνων
1589 3083 1752 3138 τοῦτο
1782 3102 1921 3155 συμ-

350 3176 509 3246 ϐῆναι
538 3189 552 3204 ·
588 3172 652 3225 σὺ
680 3171 735 3223 δέ
760 3187 849 3240 μοι
879 3168 1091 3235 σκόπει,
1124 3167 1240 3230 πῶς
1262 3167 1352 3219 ἐπὶ
1378 3166 1476 3238 μὲν
1505 3165 1614 3226 τῶν
1650 3167 1921 3224 Ἰουδαίων

347 3258 448 3312 οὐκ
475 3251 646 3320 εἶπεν,
685 3254 766 3307 δτι
798 3251 875 3320 τῷ
902 3250 1021 3321 Θεῷ
1049 3248 1416 3314 κοινωνοῦσιν,
1456 3249 1610 3315 ἀλλὰ,
1637 3251 1920 3306 Κοινωνοί

348 3340 455 3396 τοῦ
482 3336 918 3403 θυσιαστηρίου
950 3334 1073 3387 είσί
1088 3349 1104 3364 ο
1142 3335 1235 3386 zeal
1261 3332 1369 3404 γὰρ
1397 3332 1721 3387 κατεκαίετο
1752 3334 1813 3388 τὸ
1841 3352 1923 3389 τε·

348 3423 594 3494 θειμένον
614 3420 641 3460 ιι
666 3436 679 3448 ·
707 3419 800 3472 ἐπὶ
825 3417 883 3470 δὲ
915 3415 1010 3470 τοῦ
1040 3414 1291 3486 σώματος
1321 3412 1420 3468 τοῦ
1452 3415 1690 3486 Χριστοῦ
1713 3417 1811 3487 οὐχ
1831 3415 1922 3471 οῦ-

346 3522 480 3570 τως·
517 3502 653 3559 ἀλλὰ
693 3501 848 3567 πῶς;
886 3499 1177 3555 Κοινωνία
1212 3497 1321 3552 τοῦ
1349 3495 1623 3568 σώματος
1654 3498 1760 3553 τοῦ
1804 3502 1922 3554 Κυ.

329 3592 476 3661 ρίου
515 3588 707 3643 ἐστίν.
751 3585 826 3638 Οὐ
860 3583 967 3654 γὰρ
1009 3582 1102 3636 τοῦ
1139 3581 1542 3653 θυσιαστηρίου,
1592 3582 1705 3636 ἀλλ’
1754 3582 1919 3638 αὐτοῦ

346 3672 440 3726 τοῦ
477 3667 713 3742 Χριστοῦ
746 3667 989 3721 κοινωνοὶ
1012 3664 1292 3737 γινόμεθα.
1331 3663 1516 3719 Εἰπὼν
1550 3663 1628 3732 δὲ,
1657 3665 1737 3718 δτι
1783 3669 1917 3720 Κοι-

342 3755 524 3810 -νωνοί
576 3751 683 3806 τοῦ
730 3750 1164 3817 θυσιαστηρίου
1211 3744 1390 3814 είσίν,
1441 3743 1562 3803 εἶτα
1615 3747 1797 3813 δείσας
1842 3749 1918 3821 μὴ

346 3838 476 3910 δόξῃ
502 3832 744 3905 ὡσπερεὶ
786 3834 939 3901 ίσχῦν
983 3830 1215 3900 ἐχόντων
1257 3829 1366 3883 τῶν
1403 3829 1633 3884 εἰδώλων
1674 3831 1917 3900 διαλέγε-

346 3919 474 3972 σθαι
499 3919 591 3970 καὶ
621 3915 935 3985 δυναμένων
957 3930 1011 3965 τι
1032 3911 1236 3982 βλάψαι
1258 3927 1271 3940 ·
1305 3913 1409 3983 δρα
1435 3912 1549 3976 πῶς
1573 3912 1713 3968 αὐτά
1735 3913 1919 3967 καθαι-

348 4004 435 4074 ρεῖ
457 3999 618 4055 πάλιν
641 3998 813 4066 λέγων
833 4012 847 4027 ·
894 3995 955 4050 Τί
989 3990 1105 4050 οὖν
1138 4010 1320 4063 φημι;
1347 3993 1436 4049 ὅτι
1457 3994 1709 4050 είδωλόν
1735 3997 1792 4051 τί
1811 3998 1917 4051 ἐσ-

346 4098 470 4147 τιν;
502 4081 540 4152 ἢ
572 4081 663 4135 ὅτι
696 4077 1093 4134 εἰδωλόθυτόν
1115 4078 1172 4130 τί
1200 4076 1376 4141 ἐστι;

420 4165 489 4238 γ’.
511 4163 698 4220 Ταῦτα
722 4162 777 4217 δέ
804 4162 970 4230 λέγω,
996 4159 1149 4231 φησὶ,
1173 4160 1267 4213 zeal
1284 4158 1506 4227 ἀπάγω,
1532 4158 1635 4230 οὐχ
1662 4159 1735 4223 ὡς
1752 4159 1917 4215 am-

344 4252 523 4323 μένων
553 4247 753 4320 βλάψαι
772 4262 827 4301 τι
852 4242 963 4298 τῶν
986 4241 1220 4297 εἰδώλων
1243 4242 1276 4312 ἦ
1300 4243 1451 4312 ἰσχὺν
1470 4241 1704 4311 ἐχόντων
1721 4257 1735 4271 ·
1764 4243 1917 4298 οὐδὲν

342 4335 454 4407 γάρ
482 4336 656 4388 ἐστιν·
691 4328 830 4385 ἀλλά
858 4325 1120 4399 βούλομαι
1153 4326 1514 4397 καταφρονεῖν
1543 4324 1726 4380 αὐτῶν
1750 4326 1911 4398 ὑμᾶς.

346 4406 456 4473 Kal
481 4419 530 4471 εἰ
568 4414 748 4486 βούλει
787 4411 1174 4483 καταφρονεῖν,
1201 4409 1354 4480 φησὶ,
1386 4407 1534 4471 τίνος
1561 4406 1747 4463 ἕνεκεν
1778 4411 1916 4481 μετά

346 4498 579 4568 σπουδῆς
609 4494 787 4551 αὐτῶν
810 4494 959 4565 ἡμᾶς
981 4492 1219 4563 ἀπάγεις
1242 4492 1363 4545 Ὅτι
1386 4490 1450 4544 οὐ
1482 4491 1817 4561 προσάγεται
1836 4492 1917 4565 τῷ

347 4578 503 4655 [215]
528 4578 777 4650 Δεσπότῃ
802 4575 882 4645 τῷ
911 4574 1009 4647 σῷ.
1042 4576 1112 4629 Ὃ
1300 4573 1447 4655 θύει,
1468 4574 1623 4643 φησι,
1641 4574 1714 4628 τὰ
1744 4575 1911 4644 ἔθνη,

345 4654 676 4731 δαιμονίοις
701 4661 847 4725 θύει,
872 4658 971 4712 καί
998 4660 1069 4713 οὐ
1094 4654 1235 4722 Θεῷ.
1251 4655 1345 4727 Μὴ
1364 4654 1541 4707 τοίνυν
1564 4655 1788 4726 τρέχετε
1819 4659 1915 4712 ἐπὶ

344 4750 413 4802 τὰ
452 4744 689 4801 ἐναντία.
729 4741 863 4796 Οὐδὲ
900 4743 1027 4813 γὰρ,
1051 4744 1099 4795 εί
1128 4738 1393 4812 βασιλέως
1415 4738 1529 4802 υίὸς
1564 4733 1653 4809 ἧς,
1677 4734 1797 4793 εἶτα
1817 4741 1915 4812 τῆς

346 4827 621 4900 πατρικῆς
669 4822 963 4881 ἀπολαύων
998 4820 1298 4896 τραπέζης,
1335 4820 1497 4890 ἀφεὶς
1533 4822 1770 4893 ἐκείνην,
1816 4823 1915 4893 τῆς

342 4914 455 4968 τῶν
493 4910 802 4967 καταδίκων
828 4907 923 4962 καὶ
969 4906 1262 4977 δεσμωτῶν
1291 4905 1561 4976 ἠθέλησας
1587 4905 1915 4977 κοινωνῆσαι

344 5000 404 5052 ἐν
424 4994 504 5068 τῷ
531 4991 913 5065 δεσμωτηρίῳ,
951 4988 1255 5061 έπέτρεψεν
1290 4988 1357 5042 ἂν
1375 4990 1404 5043 ό
1424 4990 1640 5060 πατήρο
1666 4988 1803 5042 ἀλλά
1821 4990 1915 5044 καὶ

344 5082 487 5152 μετὰ
512 5078 715 5150 πολλῆς
746 5075 813 5132 ἀν
857 5077 1114 5148 ἀπήγαγε
1155 5076 1255 5145 τῆς
1297 5071 1674 5144 σφοδρότητος,
1702 5074 1801 5145 οὐχ
1838 5074 1912 5137 ὡς

332 5163 651 5235 δυναμένης
682 5164 782 5233 τῆς
809 5160 1091 5234 τραπέζης
1131 5157 1354 5230 βλάψαι,
1376 5156 1490 5211 ἀλλ’
1509 5156 1584 5220 ὡς
1619 5173 1913 5227 καταισχυ-

346 5248 542 5319 νούσης
564 5263 660 5300 σου
686 5249 787 5315 τὴν
821 5246 1100 5314 εὐγένειαν
1128 5243 1223 5298 καὶ
1255 5244 1353 5313 τὴν
1378 5241 1655 5313 τράπεζαν
1678 5243 1778 5312 τὴν
1812 5241 1912 5312 βα-

345 5333 580 5403 σιλικήν.
613 5330 722 5385 Καὶ
746 5330 854 5401 γὰρ
877 5333 970 5384 zeal
991 5325 1136 5383 οὗτοι
1161 5328 1370 5381 οίκέται
1403 5327 1509 5379 εἰσὶ
1535 5341 1910 5396 προσκεκρου-

343 5419 519 5484 κότες,
583 5413 934 5487 ¹Ιιτιμιιιιμένοι,
989 5411 1289 5474 κατάδικοι,
1328 5410 1602 5481 δεσμῶται
1654 5410 1911 5482 ἀφορήτῳ

342 5504 560 5559 κολάσει
594 5497 940 5571 τηρούμενοι,
980 5494 1191 5566 μυρίοις
1226 5492 1514 5546 ὑπεύθυνοι
1551 5495 1760 5556 κακοῖς.
1786 5494 1909 5558 Πῶς

341 5584 563 5642 οὖν-οὑκ
589 5582 817 5656 αίσχύνῃ
848 5581 988 5634 κατά
1018 5577 1145 5642 τοὺς
1181 5576 1518 5648 λαιμάργους
1546 5578 1643 5631 zeal
1682 5576 1907 5649 ἀνελευ-

403 5728 429 5756 ⁸
458 5725 563 5788 Reg
580 5762 602 5788 ξ,
628 5724 693 5780 είς
711 5721 798 5788 τῂν
822 5721 981 5788 ζῶσαν
992 5718 1099 5788 ,κοαΑ
1117 5713 1363 5788 ἀθάνατον.
1429 5712 1456 5754 ιι
1476 5712 1622 5779 393.,
1648 5715 1905 5776 τιθέμενον.

342 5778 560 5839 smmi
579 5778 844 5863 legendum
867 5786 1006 5846 ριιιιι
1027 5778 1290 5841 τεθυμένον.

1027 247 1085 304 S.
1120 240 1405 302 JOANN‘S
1437 237 1923 298 CHRYSOSTOMI
1965 241 2284 301 ARCHIEP.
2325 241 2875 301 CONSTANTINOP.

3482 241 3592 298 illi

2030 358 2243 433 θέρους,
2274 364 2405 418 ὅταν
2426 360 2561 415 ϐῶσι
2586 357 2867 431 τράπεζαν
2896 358 2945 411 οί
2972 357 3256 412 κατάδικοι
3279 351 3445 422 οῦτοι,
3481 357 3602 429 τρέ-

2030 460 2140 513 χων
2187 444 2301 497 ἐκεῖ
2347 443 2441 498 zeal
2496 442 2738 513 μετέχων
2776 439 2883 493 τῶν
2924 439 3337 510 προκειμένων;
3384 441 3485 493 Διά
3536 440 3601 510 δὴ

2027 523 2186 578 τοῦτο
2209 526 2406 595 ἀπάγω
2422 542 2435 554 ·
2459 527 2486 578 ό
2501 524 2608 594 γὰρ
2631 524 2829 587 σκοπὸς
2855 522 2961 577 τῶν
2982 524 3215 578 θυόντων
3244 521 3412 577 καὶτὸ
3436 522 3603 594 πρόσ-

2029 625 2177 661 ωπον
2203 606 2311 662 τῶν
2343 607 2645 678 δεχομένων
2673 608 2956 678 ἀκάθαρτα
2978 609 3122 661 ποιεῖ
3147 606 3218 661 τὰ
3241 607 3599 679 προκείμενα.

2033 692 2115 743 οὐ
2147 688 2297 744 θέλω
2326 688 2394 743 δὲ
2439 688 2594 760 ὑμᾶς
2637 689 2964 756 κοινωνοὺς
2991 688 3109 743 τῶν
3145 688 3469 761 δαιμονίων
3518 691 3604 761 τι-

2028 777 2256 829 νεσθαι.
2282 773 2433 839 Εἶδες
2459 775 2640 843 φιλίαν
2668 774 2874 845 πατρὸς
2917 774 3276 846 κηδεμονικοῦ
3299 791 3314 840 ;
3344 769 3486 839 εἶδες
3509 773 3604 829 καὶ

2029 856 2161 911 αὐτὸ
2203 856 2265 910 τὸ
2304 858 2457 928 ῥῆμα
2488 857 2688 928 πολλὴν
2734 856 2855 927 έχον
2880 856 2978 928 τὴν
3018 856 3253 926 ἔμφασιν
3289 855 3392 927 τῆς
3420 856 3603 911 διαθέ-

2031 957 2203 1006 σεως;
2234 941 2403 994 Οὐδὲν
2438 941 2546 1013 γὰρ
2578 941 2834 1012 βούλομαι
2879 941 3058 995 κοινὸν
3099 941 3244 1013 ἔχειν
3280 941 3425 1012 ὑμᾶς
3468 940 3604 1012 πρὸς

2029 1022 2292 1087 ἐκείνους,
2347 1024 2531 1094 φησίν.
2567 1020 2702 1077 Εἶτα
2729 1022 2913 1095 ἐπειδὴ
2945 1025 3003 1077 ἐν
3036 1024 3186 1091 τάξει
3231 1023 3603 1094 παραινέσεως

2028 1105 2120 1160 τὸν
2148 1105 2304 1175 λόγον
2326 1109 2638 1176 εἰσήγαγεν,
2675 1106 2761 1161 ἵνα
2787 1108 2862 1178 μή
2896 1124 2978 1171 τις
3010 1106 3121 1160 τῶν
3151 1105 3475 1177 παχυτέρων
3502 1122 3601 1160 zea-

2028 1190 2267 1261 ταφρονή
2276 1206 2363 1260 σῃ,
2381 1189 2457 1252 ώς
2472 1189 2719 1256 ἐξουσίαν
2734 1189 2893 1260 ἔχων,
2915 1190 3101 1263 ἐπειδὴ
3128 1185 3303 1255 εἶπεν,
3327 1193 3410 1245 οὐ
3425 1190 3595 1257 θέλω,

2031 1272 2124 1326 zeal
2158 1273 2354 1342 Ὑμεῖς
2396 1275 2662 1341 κρίνατε,
2714 1273 3073 1345 ἀποφαίνεται
3106 1272 3291 1328 λοιπδν
3321 1274 3413 1328 zeal
3440 1290 3597 1346 νομοο

2030 1354 2175 1411 θετεῖ
2203 1356 2373 1425 λέγων
2391 1373 2407 1388 ο
2435 1359 2517 1411 Οὐ
2536 1356 2800 1411 δύνασθε
2823 1357 3107 1426 ποτήριον
3130 1357 3354 1425 Κυρίου
3380 1355 3593 1422 πίνειν,

2029 1439 2130 1493 καί
2172 1439 2462 1508 ποτήριον
2507 1439 2827 1511 δαιμονίων
2854 1455 2868 1470 ’
2901 1442 2972 1495 οὐ
3016 1439 3281 1495 δύνασθε
3313 1436 3599 1507 τραπέζης

2029 1523 2249 1591 Κυρίου
2296 1521 2586 1591 μετέχειν,
2642 1521 2738 1577 καὶ
2782 1520 3069 1593 τραπέζης
3103 1523 3444 1593 δαιμονίων.
3494 1523 3601 1577 Καὶ

2029 1605 2279 1676 ἀρκεῖται
2309 1607 2422 1669 τοῖς
2447 1604 2674 1675 ὀνόμασι
2709 1605 2889 1675 μόνοις
2913 1608 2992 1670 είς
3025 1606 3124 1677 τὴν
3151 1606 3478 1677 ἀπαγωγήν.
3510 1600 3599 1658 Εἷ-

2028 1703 2097 1740 τα
2121 1688 2215 1741 zeoel
2235 1686 2601 1760 ὲντρεπτικῶς
2615 1705 2629 1719 ·
2664 1686 2733 1742 Ἢ
2749 1685 3204 1758 παραζηλοῦμεν
3222 1688 3328 1744 τὸν
3350 1689 3600 1758 Κύριον;

2023 1768 2110 1839 μὴ
2139 1772 2514 1839 ίσχυρότεροι
2550 1768 2736 1825 αὐτοῦ
2779 1771 3000 1840 (lower;
3029 1772 3308 1839 Τουτέστι,
3339 1769 3600 1845 Πειράζο-

2033 1871 2133 1926 μεν
2164 1854 2345 1919 αὑτὸν,
2370 1856 2420 1907 εἰ
2445 1853 2667 1908 δύναται
2690 1853 2915 1909 κολάσαι
2948 1857 3114 1926 ἡμᾶς,
3144 1854 3243 1910 zeal
3266 1853 3600 1926 παρακνίζο-

2033 1954 2131 2008 μεν
2176 1937 2337 1990 αὐτὸν
2373 1936 2510 2006 πρὸς
2547 1938 2673 2002 τοὺς
2723 1936 2998 2003 ἐναντίους
3031 1937 3465 2010 ἀποχωροῦντες,
3506 1937 3600 1992 zeal

2033 2021 2173 2091 μετά
2195 2020 2302 2074 τῶν
2317 2020 2483 2074 αὐτοῦ
2511 2021 2785 2092 πολεμίων
2808 2022 3121 2093 ταττόμενοι
3141 2039 3157 2087 ;
3184 2021 3355 2076 Τοῦτο
3372 2021 3430 2076 δέ
3456 2016 3596 2086 εἷπε,

2030 2103 2463 2175 ἀναμιμνήσκων
2490 2103 2688 2168 αὐτοὺς
2717 2103 2955 2168 παλαιᾶς
2993 2104 3234 2176 ἰστορίας
3262 2105 3361 2158 zeal
3407 2120 3599 2175 πατρι⁴

2031 2187 2134 2257 κῆς
2167 2189 2521 2260 παρανομίας.
2558 2187 2648 2241 Διδ
2688 2189 2783 2242 zeal
2812 2191 2879 2259 τῇ
2923 2187 3065 2253 λέξει
3107 2188 3280 2261 ταύτῃ
3314 2186 3598 2259 κέχρηται,

2029 2265 2180 2345 ᾖκαί
2210 2271 2344 2343 πρὸς
2384 2270 2667 2335 Ἰουδαίους
2699 2272 2728 2323 ὁ
2759 2270 2996 2340 Μωῡσῆς
3028 2270 3298 2341 ἐχρήσατό
3328 2287 3479 2334 ποτε,
3512 2273 3600 2336 ἐγ-

2029 2353 2208 2409 καλῶν
2239 2356 2380 2426 ὑπὲρ
2407 2353 2847 2426 εἰδωλολατρείας
2882 2355 2946 2407 ἐκ
2978 2354 3273 2425 προσώπου
3302 2352 3397 2407 τοῦ
3426 2352 3560 2406 Θεοῦ
3582 2369 3595 2382 θ

2022 2436 2196 2493 Αὐτοὶ
2240 2438 2366 2511 γὰρ.
2422 2441 2578 2509 φησι,
2620 2437 3050 2508 παρεζήλωσάν
3079 2454 3158 2507 με
3195 2436 3289 2490 ἐπ’
3336 2439 3409 2491 οὐ
3455 2435 3598 2501 Θεῷ.

2027 2519 2407 2591 παρώρτισάν
2428 2539 2507 2592 με
2528 2522 2599 2576 ἐν
2619 2523 2743 2586 τοῖς
2761 2521 3029 2587 εἰδώλοις
3056 2519 3273 2576 αὐτῶν.
3300 2521 3399 2590 Μὴ
3429 2522 3598 2589 ἰσχυ-

2022 2603 2253 2673 ρότεροι
2293 2605 2479 2660 αὐτοῦ
2527 2606 2759 2675 ἐσμεν;
2810 2601 2963 2667 Εἶδες
2995 2602 3113 2667 πῶς
3161 2602 3425 2673 φοϐερῶς,
3482 2599 3598 2665 πῶς

2029 2687 2272 2759 φρικτῶς
2297 2687 2620 2761 ἐπέπληξεν,
2649 2687 2789 2742 αὐτὰ
2820 2688 3095 2751 διασείσας
3118 2687 3296 2742 αὐτῶν
3315 2687 3388 2740 τά
3405 2685 3597 2758 νεῦρα.

2028 2771 2121 2824 zeal
2148 2773 2214 2842 τῇ
2244 2772 2325 2835 εἰς
2354 2771 2556 2826 ἄτοπον
2597 2774 2867 2842 ἀπαγωγῇ
2898 2770 3101 2842 σφόδρα
3136 2771 3315 2825 αὐτῶν
3351 2768 3599 2840 mouea-

2029 2869 2190 2925 μενος
2218 2856 2316 2907 zeal
2338 2853 2685 2924 κατενεγκὼν
2706 2853 2884 2908 αὐτῶν
2911 2854 2974 2907 τὸ
3009 2854 3270 2925 φύσημα;
3302 2853 3413 2907 Καὶ
3441 2852 3528 2906 διά
3548 2851 3600 2905 τί

2030 2936 2104 3007 μὴ
2143 2935 2202 3002 ἐξ
2225 2937 2401 3009 ἀρχῆς
2437 2936 2613 2992 ταῦτα
2651 2937 2926 3001 τέθεικεν,
2962 2937 3147 3008 φησὶν,
3183 2936 3219 2991 ἃ
3251 2937 3489 3008 μάλιστα
3534 2937 3600 2989 ἂν

2026 3018 2224 3083 αὐτοὺς
2259 3022 2574 3091 ἀπήγαγεν;
2621 3021 2743 3074 Ὀτι
2789 3019 2909 3083 έθος
2941 3021 3091 3091 αὐτῷ
3121 3020 3209 3075 διὰ
3270 3020 3531 3074 πλειόνων
3564 3020 3600 3074 ἀ

2027 3100 2275 3173 βούλεται
2302 3103 2747 3169 κατασκευάζειν,
2786 3104 2879 3157 zeal
2909 3103 2978 3157 τά
3019 3103 3344 3175 ἰσχυρότερα
3376 3101 3600 3175 ὕστερον

2024 3186 2249 3254 τιθέναι,
2281 3188 2377 3241 zeal
2416 3189 2483 3243 ἐκ
2520 3189 2837 3260 περιουσίας
2875 3190 3051 3261 νικᾷν.
3085 3190 3182 3244 Διὰ
3206 3189 3269 3250 δὴ
3302 3187 3464 3243 τοῦτο
3494 3188 3600 3244 ἀπὺ

2024 3272 2134 3326 τῶν
2187 3274 2625 3346 καταδεεστέρων
2677 3274 3004 3346 ἀρξάμενος,
3055 3275 3149 3328 ἐπὶ
3194 3274 3256 3328 τὸ
3305 3275 3599 3344 κεφάλαιον

2024 3348 2156 3427 ἦλθε
2185 3354 2293 3408 τῶν
2317 3356 2524 3411 κακῶν.
2561 3356 2716 3410 Οὕτω
2744 3357 2852 3428 γὰρ
2879 3356 2975 3409 καὶ
3002 3356 3159 3410 τοῦτο
3190 3356 3599 3427 εὐηαράδεκτον

2029 3437 2227 3508 μᾶλλον
2266 3440 2493 3507 ἐγίνετο,
2532 3441 2644 3503 τοῖς
2686 3440 2973 3511 προτέροις
3018 3440 3117 3508 τῆς
3150 3440 3388 3506 διανοίας
3417 3440 3597 3494 αὐτῶν

2025 3522 2499 3592 καταλεανθείσης.
2526 3522 2729 3577 Πάντα
2737 3540 2839 3593 μοι
2855 3523 3116 3588 ἔξεστιν,
3136 3524 3273 3578 ἀλλ’
3298 3526 3373 3578 οὐ
3402 3523 3596 3578 πάντα

2023 3606 2347 3677 συμφέρειο
2397 3604 2597 3659 πάντα
2635 3623 2739 3675 μοι
2793 3605 3055 3672 ἔξεστιν,
3110 3606 3245 3661 ἀλλ’
3293 3608 3367 3661 οὐ
3405 3604 3595 3661 πάντα

2023 3689 2340 3759 οἰκοδομεῖ.
2377 3688 2597 3757 Μηδεὶς
2619 3688 2686 3743 τὸ
2705 3684 2922 3744 ἑαυτοῦ
2944 3688 3202 3757 ζητείτω,
3220 3689 3383 3744 ἀλλὰ
3408 3689 3476 3742 τὸ
3493 3688 3595 3743 τοῦ

2021 3773 2227 3842 ἐτέρου
2248 3773 2525 3838 ἕκαστος.
2552 3772 2715 3843 Ὁρᾷς
2735 3770 2947 3827 σύνεσιν
2969 3772 3386 3842 ἡκριόωμένηνς
3421 3771 3594 3826 Ἐπει-

2022 3857 2090 3925 δὴ
2122 3857 2230 3928 γὰρ
2256 3857 2403 3921 είκὺς
2435 3850 2504 3927 ἦν
2536 3855 2732 3920 αὐτοὺς
2755 3855 2954 3925 λέγειν,
2982 3857 3063 3909 ὅτι
3090 3855 3304 3920 Τέλειός
3341 3858 3459 3927 είμι
3500 3856 3593 3911 zeal

2022 3941 2213 4014 κύριος
2241 3938 2501 4011 ἐμαυτοῦ,
2543 3939 2637 3993 zeal
2671 3939 2824 3993 οὐδὲν
2854 3939 3224 4011 βλαπτόμενος
3252 3941 3593 4013 ἀπογεύομαι

2022 4022 2132 4077 τῶν
2153 4021 2528 4093 προκειμένων
2551 4034 2568 4054 ⁸
2602 4022 2730 4087 Nal,
2749 4024 2902 4093 φησὶ,
2930 4023 3133 4087 τέλειος
3155 4023 3255 4094 μὲν
3271 4018 3323 4076 εί
3345 4025 3438 4077 καὶ
3461 4041 3588 4078 σαυ-

2020 4105 2115 4159 τοῦ
2147 4104 2302 4177 [ἳίϐ]
2325 4106 2514 4179 κύριος
2534 4121 2547 4134 ·
2574 4104 2709 4159 ἀλλὰ
2732 4105 2808 4175 μὴ
2841 4104 3001 4158 τοῦτο
3039 4107 3252 4170 σκόπει,
3289 4105 3406 4160 ἀλλ’
3434 4107 3485 4160 εί
3519 4108 3590 4178 μὴ

2023 4188 2227 4260 βλάϐην
2273 4189 2388 4259 εχει
2418 4188 2478 4242 τδ
2503 4188 2804 4258 γινόμενον,
2837 4187 2951 4240 ἀλλ’
2985 4188 3032 4240 εἰ
3065 4188 3142 4259 μὴ
3189 4192 3586 4263 καταστροφήν.

2020 4272 2131 4326 Kal
2151 4273 2258 4343 γὰρ
2283 4271 2569 4343 ἀμφότερα
2595 4272 2834 4342 εἴρηκεν,
2865 4271 2947 4323 οὐ
2974 4270 3170 4323 πάντα
3191 4270 3506 4341 συμφέρει,
3521 4274 3591 4326 οὐ

2020 4358 2221 4409 πάντα
2256 4352 2570 4423 οἰκοδομεῖ,
2619 4352 2812 4421 λέγων,
2844 4352 2940 4406 zeal
2972 4351 3034 4405 τὸ
3061 4352 3159 4423 μὲν
3190 4352 3329 4425 ὑπὲρ
3372 4352 3591 4417 ἑαυτοῦ,

2019 4436 2155 4491 τὸδὲ
2181 4436 2322 4508 ὑπὲρ
2367 4435 2458 4489 τοῦ
2499 4434 2729 4505 ἀδελφοῦ
2776 4434 2966 4498 τιθείς.
3012 4435 3086 4488 Τδ
3118 4435 3219 4506 μὲν
3252 4435 3363 4506 γάρ
3392 4437 3589 4500 είπεῖν,

2024 4520 2106 4574 Οὐ
2147 4517 2461 4589 συμφέρει,
2514 4517 2613 4589 τὴν
2657 4517 2868 4571 ἐκείνου
2909 4516 3186 4573 ἀπώλειαν
3221 4518 3590 4588 αίνιττομένου

2020 4601 2169 4663 ἐστίτ
2195 4601 2258 4654 τὸ
2289 4599 2347 4653 δέ
2382 4601 2582 4668 είπεῖν,
2628 4603 2753 4655 Οὐκ
2783 4599 3101 4670 οίκοδομεῖ,
3126 4601 3191 4654 τὸ
3233 4598 3329 4653 τοῦ
3356 4597 3588 4668 ἀδελφοῦ

2022 4683 2335 4740 σκάνδαλον.
2366 4684 2456 4738 Διδ
2481 4685 2577 4738 zeal
2604 4686 2872 4756 ἐπήγαγε,
2902 4683 3124 4754 Μηδεὶς
3154 4684 3225 4739 τὸ
3252 4683 3472 4739 ἑαυτοῦ
3492 4682 3585 4750 ζη-

2018 4769 2219 4825 τείτωο
2263 4768 2294 4822 δ
2350 4769 2626 4841 πανταχοῦ
2683 4769 2776 4822 zeal
2824 4767 2914 4822 διά
2961 4768 3143 4841 πάσης
3190 4767 3587 4832 κατασκευάζει

2018 4850 2329 4921 ἐπιπολῆς,
2358 4852 2451 4907 zeal
2487 4853 2546 4906 ἐν
2577 4854 2643 4923 τῇ
2679 4852 2813 4924 πρὸς
2849 4853 3154 4924 Ῥωμαίους
3193 4869 3208 4887 ο
3244 4852 3321 4917 ὡς
3345 4855 3474 4908 ὅταν
3500 4853 3583 4907 λέ-

2017 4955 2090 5011 γη
2114 4953 2128 4968 '
2176 4937 2283 4993 Καὶ
2322 4937 2432 5006 γὰρ
2462 4939 2496 4991 ό
2529 4936 2785 5004 Χριστός
2836 4939 2949 5006 οὐχ
2997 4935 3191 5003 ἐαυτῷ
3221 4937 3406 5008 ape-aa
3429 4956 3444 4970 ο
3494 4937 3587 4992 zeal

2019 5022 2201 5087 πάλιν,
2236 5020 2441 5085 Καθὼς
2468 5018 2631 5090 κάγὼ
2654 5020 2850 5075 πάντα
2880 5020 3072 5077 πᾶσιν
3093 5021 3351 5090 ἀρέσκω,
3369 5020 3459 5091 μὴ
3496 5019 3587 5088 ζη-

2017 5106 2137 5162 τῶν
2165 5104 2232 5160 τὸ
2262 5104 2523 5175 ἐμαυτοῦ
2544 5103 2854 5173 συμφέρον
2873 5121 2886 5134 ⁸
2920 5107 3015 5160 zeal
3037 5105 3270 5160 ἐνταῦθα
3295 5105 3460 5161 πάλιν
3478 5122 3492 5134 ·
3523 5106 3584 5158 οὐ

2021 5190 2128 5262 μὴν
2160 5187 2582 5260 ἐπεξεργάζεται
2635 5188 2767 5241 αὐτὸ
2807 5188 3061 5243 ἐνταῦθα.
3119 5189 3336 5262 Ἐπειδὴ
3378 5189 3489 5263 γὰρ
3526 5190 3584 5242 ἐν

2016 5276 2125 5336 τοῖς
2178 5271 2484 5343 ἔμπροσθεν
2535 5270 2625 5324 διά
2654 5269 2865 5324 πολλῶν
2905 5270 3038 5325 αὐτὸ
3082 5272 3454 5326 κατεσκεύασε
3492 5271 3585 5325 καὶ

2016 5354 2319 5419 ἀπέδειξεν,
2367 5353 2448 5407 δτι
2497 5352 2735 5423 οὐδαμοῦ
2786 5353 2847 5406 τὸ
2887 5353 3053 5408 αὑτοῦ
3096 5354 3268 5424 ζητεῖ,
3318 5354 3455 5410 ἀλλά
3494 5355 3585 5409 zeal

2027 5437 2299 5500 Ἰουδαίοις
2329 5436 2405 5499 ὼς
2447 5435 2695 5502 Ἰουδαῖος
2723 5438 3088 5507 ἐγένετο,χκαὶ
3111 5439 3335 5509 ἀνόμοις
3365 5438 3442 5501 ώς
3465 5439 3585 5494 ἀνο-

2019 5538 2139 5592 μος,
2166 5521 2260 5572 zeal
2279 5522 2348 5589 τῇ
2374 5518 2653 5592 ἐλευθερία
2690 5524 2755 5592 τῇ
2793 5522 2987 5575 ἑαυτοῦ
3021 5523 3115 5575 zeal
3135 5524 3202 5593 τῇ
3237 5520 3457 5593 ἐξουσίᾳ
3487 5519 3586 5589 οὐχ

2014 5602 2200 5665 ἁπλῶς
2250 5601 2537 5672 ἐχρήσατο,
2581 5604 2694 5656 ἀλλ’
2733 5605 2812 5666 εἰς
2853 5605 2914 5658 τὸ
2945 5605 3077 5659 πᾶσι
3118 5604 3419 5676 συμφέρον,
3463 5602 3584 5657 δου-

2015 5684 2185 5739 λεύων
2222 5681 2457 5736 ἅπασιν·
2494 5684 2692 5753 ὀλίγοις
2735 5686 3021 5756 ἀρκεσθεὶς
3059 5687 3298 5758 ῥήμασιν
3347 5683 3583 5741 ἐνταῦθα

2017 5768 2322 5842 ἀπηλὶάγη,
2347 5768 2425 5832 εἰς
2458 5770 2673 5841 μνήμην
2704 5770 2791 5825 διὰ
2816 5769 2923 5825 τῶν
2950 5771 3145 5842 ὀλίγων
3174 5772 3380 5824 τούτων
3409 5785 3582 5842 παρα-
