3990 6168
328 277 434 336 205

329 395 523 452 cedere
548 401 747 448 etcum
775 385 996 444 caritate
1033 379 1256 437 ferventi
1275 419 1292 446 ,
1322 386 1374 434 et
1401 374 1524 430 inde
1549 371 1750 443 aquilas
1787 367 1918 424 effe-

333 501 467 553 ctos,
497 485 564 540 ita
594 483 660 540 ad
693 482 865 552 ipsum
893 474 1146 530 advolare
1169 471 1379 526 cadum.
1409 466 1507 522 Ubi
1527 465 1667 520 enim
1698 461 1800 553 erit
1829 475 1916 512 ca-

331 552 502 644 iam,
534 573 740 644 inquit,
785 569 854 622 ibi
879 576 927 621 et
951 564 1139 636 aquila:
1165 560 1378 635 (Matth.
1407 558 1498 613 ει.
1529 556 1656 627 es);
1689 552 1916 608 cadaver

331 681 525 738 corpus
552 671 821 720 mortuum
854 670 1071 712 vocans.
1114 653 1225 710 Nisi
1266 653 1408 708 enim
1456 649 1545 705 ille
1591 645 1914 710 cecidisset,

331 749 432 814 nos
495 770 600 811 non
663 748 1172 807 resurrexissemus.
1231 742 1453 812 Aquilas
1509 746 1687 793 autem
1741 743 1896 789 vocat

331 846 621 904 ostendens
650 841 935 897 sublimem
963 851 1085 892 esse
1114 845 1364 906 oportere
1403 832 1549 886 illum
1599 829 1688 900 qui
1717 827 1783 882 ad
1813 828 1914 880 hoc

332 954 523 1009 corpus
549 934 784 998 accedit,
814 941 869 987 et
899 930 1028 986 nihil
1061 943 1180 982 eum
1211 934 1349 982 terra
1380 935 1664 980 commune
1691 919 1908 984 habere,

330 1044 505 1102 neque
533 1029 786 1084 deorsum
812 1023 954 1080 trahi
986 1037 1051 1076 ac
1073 1033 1310 1089 serpere,
1339 1016 1432 1071 sed
1460 1014 1672 1102 assidue
1701 1026 1914 1080 semper

329 1137 543 1178 sursum
576 1118 796 1181 volare,
837 1125 892 1170 et
933 1114 1001 1170 ad
1028 1113 1197 1169 solem
1240 1109 1464 1180 justitia:
1503 1106 1772 1175 respicere
1797 1145 1810 1168 ,
1859 1113 1913 1157 et

330 1215 525 1287 mentis
550 1211 763 1268 oculum
791 1219 1006 1264 acutum
1034 1205 1230 1261 habere
1253 1221 1266 1258 :
1286 1201 1580 1272 aquilarum
1609 1199 1773 1264 enim,
1807 1211 1912 1250 non

327 1306 664 1376 graculorum
695 1303 810 1357 haec
844 1309 925 1357 est
955 1313 1162 1354 mensa.
1211 1296 1315 1366 Ipsi
1351 1305 1475 1349 tunc
1503 1300 1790 1348 occurrent
1818 1289 1913 1344 dc-

333 1397 604 1456 sceudcnti
634 1394 702 1450 de
731 1393 900 1459 caelis,
929 1391 1018 1461 qui
1047 1403 1187 1444 nunc
1215 1383 1720 1458 dignepercipiu-nt,
1741 1389 1797 1436 ut
1821 1379 1912 1450 qui

333 1489 545 1560 indigne
569 1496 806 1542 extrema
836 1483 1116 1552 patientur.

415 1581 468 1635 4.
511 1577 754 1648 Corporis
786 1573 973 1628 Christi
1005 1571 1248 1627 sanctitas
1286 1577 1333 1622 et
1373 1568 1550 1622 virtus.
1579 1596 1648 1605 —
1674 1563 1729 1620 Si
1771 1563 1910 1617 enim

334 1688 504 1744 regem
554 1671 674 1740 quis
722 1682 826 1722 non
859 1674 1148 1733 utcumque
1206 1675 1307 1716 nec
1355 1657 1713 1731 perfunctorie
1756 1670 1911 1710 acce-

333 1766 465 1835 perit
495 1781 507 1816 :
549 1761 675 1833 quid
706 1775 885 1830 regem
917 1756 1081 1812 dico?
1119 1769 1186 1810 ne
1217 1763 1419 1808 vestem
1459 1750 1673 1820 quidem
1710 1747 1910 1817 regiam

331 1855 451 1926 quis
490 1852 714 1922 impuris
752 1849 999 1904 manibus
1048 1845 1315 1915 tetigerit,
1360 1842 1574 1897 etiamsi
1628 1840 1679 1894 in
1721 1838 1908 1893 solitu-

327 1947 451 2000 dine
495 1945 593 2008 sit,
640 1940 851 1998 etiamsi
898 1939 1045 1992 solus
1098 1946 1152 1990 et
1205 1949 1366 1990 nemo
1417 1933 1602 1988 adsit:
1656 1929 1798 1998 atqui
1827 1929 1910 1982 ni-

330 2037 398 2090 ttil
447 2033 591 2089 aliud
635 2043 718 2088 est
747 2031 913 2086 vestis
937 2043 1095 2099 quam
1123 2037 1328 2081 stamen
1375 2023 1660 2078 vermium.
1694 2017 1750 2074 Si
1783 2033 1912 2074 vero

331 2130 611 2180 tiueturam
639 2121 873 2186 miraris,
907 2129 959 2174 et
989 2119 1102 2188 ipsa
1129 2129 1342 2188 quoque
1369 2113 1564 2169 mortui
1590 2112 1750 2182 piscis
1788 2126 1913 2166 sau-

330 2220 442 2286 καῖε
483 2224 611 2281 εει;
657 2227 818 2268 nemo
863 2219 1039 2265 tamen
1101 2221 1264 2262 ausus
1319 2205 1480 2260 fuerit
1519 2205 1661 2259 illam
1733 2201 1908 2256 sordi-

331 2312 410 2368 dis
443 2317 778 2366 contrectare
813 2303 1082 2359 manibus.
1115 2300 1171 2356 Si
1198 2308 1391 2359 .autem
1432 2299 1720 2351 humanum
1750 2293 1914 2348 vesti-

331 2411 564 2458 mentum
587 2410 746 2452 nemo
770 2410 931 2450 ausus
951 2391 1110 2447 fuerit
1135 2399 1334 2446 temere
1361 2397 1612 2459 tangere;
1642 2385 1912 2457 quomodo

329 2506 522 2564 corpus
573 2490 944 2545 universorum
990 2485 1082 2540 Dei
1137 2481 1532 2538 immaculatum
1577 2488 1633 2536 ct
1680 2493 1908 2550 purum,

329 2587 465 2660 quod
518 2599 638 2640 cum
680 2581 859 2638 divina
905 2579 992 2634 illa
1061 2586 1247 2634 natura
1301 2583 1572 2631 versatum
1631 2583 1750 2638 est,
1813 2587 1910 2641 per

329 2678 465 2750 quod
485 2689 672 2732 sumus
693 2681 747 2728 et
773 2671 1024 2738 vivimus,
1045 2683 1140 2739 per
1163 2665 1302 2737 quod
1331 2674 1500 2738 ρει-ιω
1522 2665 1709 2720 mortis
1731 2663 1910 2718 fracta

326 2777 452 2826 sunt
479 2778 531 2822 et
554 2765 788 2820 fornices
811 2763 925 2818 caeli
967 2759 1136 2831 aperti
1167 2765 1294 2814 sunt
1315 2798 1329 2824 ,
1358 2771 1480 2812 cum
1532 2763 1676 2810 tanta
1719 2762 1909 2809 contu-

325 2861 485 2917 melia
503 2854 862 2926 accipiemus?
883 2851 980 2919 Ne,
1003 2864 1204 2920 quaeso,
1234 2863 1301 2903 ne
1323 2861 1420 2902 nos
1442 2847 1588 2916 ipsos
1606 2844 1910 2916 jugulemus

331 2969 426 3024 per
456 2949 841 3020 impudentiam
869 2962 885 3011 ;
918 2943 1013 3000 sed
1043 2956 1165 2997 cum
1188 2941 1409 2994 horrore
1433 2947 1488 2993 et
1515 2937 1744 3007 puritate
1765 2935 1910 2990 omni

326 3044 391 3100 ad
419 3045 590 3115 ipsum
617 3039 934 3096 accedamus
961 3051 977 3100 ;
1018 3041 1074 3090 et
1098 3047 1218 3088 cum
1246 3031 1417 3101 ipsum
1444 3028 1642 3084 videris
1667 3026 1911 3099 proposi-

328 3148 465 3203 tum,
493 3134 585 3190 tibi
613 3133 710 3204 ipsi
742 3131 828 3185 dic
856 3147 871 3184 :
902 3128 1126 3197 Propter
1155 3125 1256 3180 hoc
1279 3137 1472 3193 corpus
1503 3137 1607 3176 non
1656 3136 1772 3175 sum
1813 3133 1912 3190 ego

328 3227 558 3298 amplius
584 3234 722 3280 terra
752 3231 806 3277 et
830 3220 990 3285 cinis,
1011 3233 1117 3272 non
1147 3217 1286 3272 ultra
1315 3214 1574 3285 captivus,
1615 3213 1709 3268 sed
1733 3211 1867 3266 liber
1895 3229 1909 3266 :

330 3320 453 3375 ideo
475 3316 638 3372 caelos
663 3327 824 3386 spero
853 3320 909 3367 et
956 3310 1094 3365 bona
1126 3308 1235 3362 illic
1273 3305 1504 3377 reposita
1548 3319 1635 3360 me
1663 3310 1910 3373 acceptu-

326 3427 443 3466 rum
463 3423 604 3476 esse,
631 3403 987 3462 immortalem
1011 3401 1194 3467 vitam,
1217 3399 1527 3470 angelorum
1549 3405 1769 3460 sortem,
1791 3410 1910 3450 cum

326 3502 544 3558 Christo
568 3495 1013 3556 consuetudinem
1043 3511 1056 3548 :
1081 3491 1182 3547 hoc
1206 3505 1401 3560 corpus
1427 3489 1593 3545 clavis
1613 3487 1909 3554 confixum,

329 3594 508 3666 flagris
528 3605 748 3655 caesum,
780 3600 925 3643 mors
947 3600 1056 3641 non
1095 3583 1242 3649 tulit,
1299 3582 1402 3637 hoc
1442 3595 1635 3651 corpus
1676 3581 1760 3636 sol
1791 3593 1910 3635 cum

331 3686 642 3741 crucifixum
674 3681 901 3746 videret,
936 3677 1116 3733 radios
1149 3674 1344 3730 avertit
1371 3690 1386 3725 :
1415 3673 1534 3728 ideo
1563 3681 1692 3727 tunc
1735 3671 1910 3727 velum

327 3777 553 3830 scissum
584 3781 687 3838 est,
710 3780 876 3840 petra:
895 3776 1064 3838 ruptae
1087 3775 1231 3832 sunt,
1265 3773 1321 3820 et
1341 3766 1587 3819 universa
1619 3773 1757 3818 terra
1779 3778 1911 3818 con-

325 3867 620 3924 cutiebatur
651 3880 666 3916 :
716 3863 818 3916 hoc
865 3868 949 3916 est
974 3858 1104 3913 illud
1135 3871 1331 3927 corpus
1354 3897 1370 3922 ,
1403 3855 1546 3925 quod
1575 3863 1909 3910 cruentatum

327 3963 441 4026 t‘nit,
469 3960 648 4014 lancea
677 3953 978 4025 perfossum
1004 3991 1019 4016 ,
1055 3949 1197 4021 quod
1226 3949 1487 4003 salutares
1518 3946 1691 4002 fontes
1731 3956 1911 4003 scatu-

329 4055 454 4110 rivit
473 4050 589 4107 orbi
611 4089 628 4116 ,
659 4047 820 4103 alium
848 4041 1141 4113 sanguinis,
1171 4040 1332 4094 alium
1359 4054 1530 4110 aqum.
1554 4038 1648 4092 Vis
1701 4038 1914 4094 aliunde

328 4148 446 4218 ejus
471 4145 581 4200 vim
605 4137 851 4196 discere?
873 4135 1140 4204 Interroga
1168 4131 1443 4187 mulierem
1467 4129 1739 4199 sanguinis
1767 4128 1913 4183 ﬂuxu

329 4241 686 4300 laborantem,
709 4245 828 4303 qua:
855 4243 961 4283 non
997 4228 1194 4297 ipsum.
1240 4222 1335 4278 sed
1361 4224 1476 4293 ejus
1509 4223 1908 4287 vestimentum,

327 4335 442 4390 imo
466 4348 570 4387 non
604 4336 794 4391 totum,
826 4321 920 4379 sed
949 4319 1211 4376 fimbriam
1240 4317 1443 4388 tetigit:
1471 4317 1734 4386 interroga
1766 4330 1913 4370 mare

327 4423 470 4496 quod
495 4422 657 4478 dorso
681 4433 780 4474 suo
812 4417 986 4487 ipsum
1015 4411 1245 4484 gestavit
1277 4429 1289 4465 :
1324 4410 1590 4478 interroga
1636 4417 1692 4464 et
1738 4407 1912 4479 ipsum

327 4516 620 4579 diabolum,
648 4520 702 4566 et
740 4510 827 4564 dic
858 4527 875 4560 :
907 4506 1056 4563 Unde
1095 4503 1263 4558 habes
1295 4502 1500 4572 plagam
1533 4502 1676 4555 illam
1704 4501 1913 4555 insana-

329 4607 490 4662 bilem
514 4603 540 4655 ?
563 4599 701 4656 unde
733 4599 791 4652 fit
815 4603 874 4652 ut
903 4595 1031 4650 nihil
1059 4595 1170 4665 jam
1201 4591 1413 4664 possis?
1434 4590 1696 4646 undenam
1727 4599 1913 4659 captus

328 4699 424 4754 es?
451 4711 481 4750 a
509 4709 616 4765 quo
635 4692 884 4748 detentus
904 4688 1046 4744 fuisti
1072 4689 1196 4743 dum
1227 4685 1476 4756 fugeres?
1518 4692 1573 4738 et
1601 4683 1730 4737 nihil
1770 4684 1911 4739 aliud

333 4791 496 4853 dicet,
531 4799 690 4856 quam
717 4788 912 4851 corpus
934 4779 1266 4835 crucifixum.
1297 4776 1400 4832 Per
1431 4775 1534 4830 hoc
1560 4775 1760 4829 stimuli
1799 4775 1915 4844 ejus

329 4878 588 4938 confracti
617 4885 764 4943 sunt,
812 4889 910 4945 per
936 4872 1040 4926 hoc
1075 4885 1270 4940 corpus
1295 4869 1414 4939 ejus
1448 4868 1737 4924 contritum
1762 4909 1777 4932 ,
1820 4884 1915 4938 per

332 4973 438 5028 hoc
481 4969 808 5041 principatus
838 4975 893 5022 et
941 4971 1235 5036 potestates
1279 4961 1534 5016 traductae
1565 4970 1732 5014 sunt:
1779 4960 1916 5031 Spo-

333 5065 471 5118 lians
490 5062 653 5126 enim,
678 5059 871 5130 inquit,
915 5055 1231 5127 principatus
1273 5061 1319 5106 et
1357 5060 1646 5123 potestates,
1689 5053 1915 5106 tradux-it

330 5157 670 5224 conﬁdenter,
693 5154 1011 5223 triumphans
1039 5151 1102 5206 de
1139 5150 1247 5205 illis
1277 5151 1329 5204 in
1371 5150 1638 5218 semetipso
1678 5147 1812 5220 (Col.
1853 5148 1909 5201 2.

333 5249 402 5306 15
423 5247 465 5318 )..
503 5245 774 5313 Interroga
799 5253 1026 5298 mortem
1051 5284 1065 5306 ,
1109 5252 1163 5296 et
1192 5243 1277 5296 dic
1307 5260 1319 5296 :
1353 5241 1631 5298 Undenam
1671 5241 1913 5295 sublatus

339 5347 422 5394 est
445 5333 692 5392 stimulus
738 5333 900 5386 tuus?
932 5333 1197 5387 undenatn
1231 5333 1404 5386 soluta
1428 5343 1510 5388 est
1533 5343 1616 5387 tua
1650 5333 1914 5387 victoria?

337 5429 604 5485 undenam
633 5425 840 5496 prurcisi
872 5434 996 5479 sunt
1037 5425 1182 5479 nervi
1228 5426 1300 5479 tui
1325 5466 1341 5492 ,
1381 5436 1432 5480 et
1461 5426 1653 5496 puellis
1693 5425 1911 5480 infanti-

340 5521 545 5590 busque
576 5519 711 5572 facta
737 5531 796 5570 es
821 5515 1069 5580 ridicula,
1093 5530 1211 5584 quae
1243 5517 1480 5586 tyrannis
1504 5525 1558 5571 et
1596 5517 1750 5586 justis
1792 5530 1909 5571 om-

343 5611 501 5666 nibus
518 5608 745 5666 antehac
772 5605 1120 5662 formidabilis
1137 5620 1257 5660 eras
1278 5606 1302 5658 ?
1329 5613 1383 5661 et
1411 5605 1533 5660 huic
1552 5607 1762 5676 corpori
1789 5621 1915 5660 cau-

341 5717 453 5757 sam
478 5701 764 5758 adscribet.
785 5699 916 5754 Cum
938 5699 1078 5754 enim
1106 5698 1528 5770 crucifigvbatur,
1560 5708 1682 5754 tunc
1710 5701 1911 5754 mortui

1071 261 1127 317 8.
1169 257 1446 314 JOANNIS
1483 247 1953 310 CIIRYSOSTOMI
1985 247 2300 304 ARCIIIEP.
2333 249 2861 312 CONSTANTINOP.

3507 268 3609 326 201

2028 376 2460 434 resurrexerunt,
2493 378 2616 424 tunc
2645 385 2830 427 carcer
2859 373 2948 427 ille
2993 384 3180 444 ruptus
3225 387 3306 431 est
3359 387 3413 432 et
3444 394 3609 449 portze

2025 473 2181 545 mea;
2205 458 2490 516 confracta:
2517 472 2658 528 sunt,
2685 473 2739 517 et
2765 466 2956 519 mortui
2989 467 3167 522 emissi
3201 476 3345 533 sunt,
3390 478 3445 524 et
3466 472 3607 541 jani-

2024 559 2168 606 tores
2188 549 2379 606 inferni
2407 566 2595 608 omnes
2625 553 2976 624 obstupefacti
3009 565 3153 612 sunt.
3201 559 3359 630 Atqui
3391 561 3436 614 si
3474 560 3613 615 fuis-

2021 651 2103 696 set
2132 656 2268 696 unus
2296 657 2383 697 ει·
2403 643 2607 712 multis,
2636 648 2964 701 contrarium
3009 648 3255 705 accidere
3305 651 3607 720 Oportebat,

1994 808 1996 810 ν
2023 743 2249 790 mortem
2279 735 2444 792 fuisse
2473 738 2848 807 potentiorem,
2879 739 2973 795 sed
3006 755 3110 796 non
3139 740 3239 796 fuit
3269 759 3282 796 :
3313 759 3421 797 non
3465 745 3606 798 enim

2020 837 2138 883 erat
2166 845 2300 884 unus
2329 845 2394 884 ex
2427 830 2647 896 multis;
2681 831 2802 887 ideo
2846 833 2933 887 illa
2973 835 3145 889 soluta
3193 834 3311 890 fuit.
3353 836 3424 890 Et
3470 836 3609 894 sicut

2021 919 2056 974 ii
2081 920 2171 990 qui
2199 921 2510 977 alimentum
2541 924 2834 994 accipiunt,
2875 926 3017 996 quod
3060 927 3290 983 retinere
3327 944 3434 984 non
3479 945 3606 1000 pos-

2019 1012 2142 1078 sint,
2172 1014 2332 1069 etiam
2364 1030 2483 1085 qua:
2509 1017 2658 1086 prius
2687 1029 2935 1089 percepta
2981 1018 3192 1074 fuerant
3222 1030 3440 1092 propter
3477 1022 3605 1076 illutl

2019 1117 2272 1162 evomunt
2298 1125 2313 1162 ι
2347 1109 2417 1162 ita
2449 1111 2607 1166 etiam
2635 1110 2827 1165 accidit
2852 1110 2904 1165 in
2944 1119 3140 1166 morte.
3169 1109 3375 1180 Corpus
3399 1152 3414 1180 ,
3461 1113 3604 1182 quod

2021 1198 2133 1266 ipsa
2179 1213 2284 1252 non
2318 1209 2525 1268 poterat
2555 1201 2824 1256 conficere
2847 1242 2863 1268 ,
2913 1201 3217 1271 accipiens,
3266 1202 3352 1256 illa
3392 1219 3603 1274 quoque

2022 1291 2204 1361 rejecit
2229 1307 2349 1363 qua:
2381 1293 2522 1348 intus
2544 1293 2809 1350 retinebat
2837 1311 2850 1347 :
2885 1309 3005 1350 cum
3039 1294 3164 1350 illud
3193 1295 3334 1350 intus
3364 1295 3600 1362 haberet,

2018 1385 2347 1454 parturiebat
2394 1392 2450 1439 et
2498 1386 2860 1454 premebatur,
2912 1385 3086 1440 donec
3136 1386 3308 1456 ipsum
3346 1388 3602 1441 evomuit.

2018 1474 2148 1532 Ideo
2169 1474 2247 1528 ait
2266 1474 2551 1546 Apostolus
2577 1495 2590 1532 :
2639 1476 2836 1532 Salutis
2878 1476 3139 1531 doloribus
3165 1478 3338 1531 mortis
3364 1477 3497 1546 (Act.
3547 1476 3600 1531 2.

2015 1566 2152 1639 24).
2203 1567 2360 1623 Nulla
2412 1569 2556 1624 enim
2611 1569 2805 1624 mulier
2861 1585 3145 1640 prargnans
3198 1571 3605 1640 partui-ictusque

2018 1669 2165 1716 tanto
2209 1661 2392 1717 labore
2433 1663 2716 1731 premitur,
2771 1671 2970 1732 quanto
3017 1661 3106 1717 illa
3156 1661 3603 1730 corpus.habcns

2018 1753 2348 1808 Dominicum
2365 1752 2778 1808 dilacerahatur.
2809 1753 2874 1808 Et
2891 1752 3031 1823 quod
3062 1755 3111 1807 in
3139 1753 3465 1820 Babylonico
3483 1753 3603 1806 dra-

2015 1859 2153 1901 cone
2179 1845 2391 1911 accidit,
2422 1861 2543 1901 cum
2572 1855 2794 1916 accepto
2839 1846 2962 1901 cibo
2999 1845 3204 1900 medius
3231 1847 3475 1916 diruptus
3501 1854 3600 1910 est,

2017 1933 2119 1988 hoc
2147 1944 2202 1990 et
2227 1935 2316 1990 isti
2361 1937 2563 1991 evenit.
2592 1935 2710 1990 Non
2735 1935 2880 1991 cnim
2905 1935 3148 1990 Christus
3180 1952 3275 2006 per
3305 1951 3369 1992 os
3417 1937 3604 1992 mortis

2014 2040 2265 2096 egressus
2285 2036 2386 2091 est,
2414 2027 2510 2081 sed
2542 2026 2657 2096 ipso
2687 2027 2866 2082 medio
2896 2026 3145 2081 draconis
3172 2035 3358 2082 ventre
3387 2026 3601 2097 ἀίω-βω

2015 2128 2068 2174 ει
2096 2118 2349 2186 dissecto,
2379 2121 2456 2174 sic
2500 2135 2565 2174 ex
2598 2121 2959 2189 penetralibus
3004 2119 3237 2190 prodiit,
3268 2134 3388 2173 cum
3423 2120 3602 2189 splen-

2015 2210 2146 2266 dore
2173 2211 2366 2278 multo,
2395 2211 2681 2282 radiosque
2710 2212 2982 2278 emittens,
3029 2226 3133 2268 non
3184 2225 3350 2283 usque
3394 2211 3460 2266 ad
3501 2211 3602 2265 hoc

2015 2301 2228 2370 caelum,
2260 2302 2353 2358 sed
2394 2318 2563 2374 usque
2591 2303 2657 2358 ad
2689 2304 2862 2373 ipsum
2890 2319 3176 2373 supernum
3209 2303 3403 2358 solium
3430 2321 3445 2359 :
3477 2317 3597 2357 nam

2016 2394 2144 2450 illuc
2167 2410 2379 2465 quoque
2406 2395 2576 2465 ipsum
2604 2395 2844 2450 adduxit.
2879 2395 2992 2451 lloc
3018 2411 3213 2467 corpus
3255 2396 3403 2451 dedit
3445 2396 3601 2452 nobis

2012 2495 2067 2541 et
2093 2485 2377 2542 tenendum
2401 2496 2452 2540 ct
2477 2485 2888 2552 comedendum,
2921 2487 3062 2558 quod
3093 2489 3316 2543 intonsa:
3360 2488 3602 2547 dilectio-

2015 2576 2097 2631 nis
2127 2575 2245 2631 f‘uit.
2295 2576 2404 2631 Eos
2443 2577 2584 2631 enim
2632 2592 2767 2647 quos
2820 2578 3071 2633 ardenter
3111 2593 3390 2643 amamus,
3440 2580 3598 2633 etiam

2014 2681 2157 2736 Stepe
2187 2666 2512 2722 mordemus.
2545 2666 2669 2722 Ideo
2712 2667 2812 2722 Joh
2842 2683 3078 2723 amorem
3137 2668 3478 2736 famulorum,
3511 2670 3599 2739 qui

2013 2756 2156 2812 circa
2201 2757 2346 2812 illum
2379 2769 2532 2813 erant
2560 2759 2849 2814 ostendens
2877 2759 3110 2826 dicebat,
3143 2760 3263 2815 illos
3301 2761 3473 2830 ipsum
3503 2775 3595 2816 ve-

2019 2847 2301 2904 hementer
2324 2859 2564 2905 amantes
2587 2849 2788 2906 dixisse
2818 2869 2830 2902 :
2861 2852 2985 2918 Quis
3009 2851 3149 2906 nobis
3175 2851 3257 2905 det
3273 2852 3335 2905 de
3364 2853 3601 2906 caruit-us

2014 2941 2119 2995 suis
2146 2949 2200 2994 ut
2227 2942 2528 3011 impleantur
2554 2941 2698 3013 (Job.
2731 2944 2818 2998 51.
2850 2945 2966 3013 5-1)?
2993 2944 3080 2998 Sic
3099 2955 3151 2998 et
3181 2943 3428 2998 Christus
3455 2944 3602 3000 dedit

2015 3033 2170 3088 nobis
2207 3047 2396 3087 carnes
2421 3048 2546 3088 suas
2591 3043 2649 3089 ut
2698 3034 3037 3106 impleamur,
3087 3034 3153 3090 ad
3188 3035 3449 3105 majorem
3502 3050 3601 3091 uos

2017 3126 2303 3181 amicitiam
2332 3127 2628 3182 attrahcns.

2085 3216 2140 3272 5.
2168 3215 2497 3272 Accedamus
2525 3217 2682 3287 igitur
2707 3231 2828 3272 cum
2861 3216 3070 3272 fervore
3091 3217 3156 3271 ad
3189 3217 3361 3285 illum,
3394 3227 3597 3273 etcum

2015 3306 2221 3363 ardenti
2243 3308 2464 3362 caritate
2486 3347 2500 3371 ,
2532 3317 2587 3362 et
2614 3322 2682 3362 ne
2706 3307 2993 3363 subeamus
3017 3308 3356 3378 supplicium.
3387 3308 3603 3376 Quanto

2014 3403 2154 3458 enim
2184 3401 2385 3472 majora
2415 3400 2673 3456 beneficia
2704 3401 3099 3471 acceperimus,
3127 3410 3273 3456 tanto
3302 3403 3472 3472 magis
3502 3417 3603 3471 pu-

2017 3497 2412 3560 nientur,cum
2471 3493 2748 3550 beneficiis
2798 3493 2998 3564 indigni
3044 3494 3442 3564 apparebimus.
3492 3496 3607 3550 Hoc

2015 3591 2175 3644 etiam
2211 3603 2406 3658 corpus
2445 3587 2496 3641 in
2548 3587 2775 3657 prmsepi
2816 3586 3001 3657 jacens
3031 3588 3246 3642 reveriti
3274 3595 3401 3642 sunt
3438 3589 3602 3666 magi,

2016 3681 2083 3736 Et
2108 3681 2203 3734 viri
2232 3679 2377 3749 impii
2400 3694 2463 3734 ac
2488 3677 2702 3733 barbari
2734 3679 2902 3748 patria
2925 3678 3196 3748 domoque
3225 3679 3433 3741 relicta,
3460 3680 3602 3732 viam

2015 3771 2217 3826 emensi
2246 3779 2369 3825 sunt
2398 3770 2641 3838 longam,
2672 3777 2726 3823 et
2750 3769 3024 3824 venientes
3051 3784 3170 3824 cum
3203 3769 3393 3824 timore
3419 3779 3476 3824 et
3505 3779 3605 3824 tre-

2018 3878 2166 3916 more
2192 3862 2360 3915 multo
2390 3861 2562 3930 ipsum
2602 3859 2980 3915 adoraverunt.
3025 3859 3301 3914 Imitemur
3325 3875 3456 3930 ergo
3497 3862 3605 3916 sal-

2019 3964 2124 4010 tem
2167 3953 2460 4016 barbaros,
2494 3967 2592 4007 nos
2637 3952 2890 4008 caelorum
2938 3953 3104 4009 cives.
3145 3953 3223 4008 llli
3265 3969 3498 4024 namque
3551 3955 3604 4009 in

2018 4061 2260 4118 praesepe
2300 4045 2648 4116 rcSpicientes
2679 4054 2733 4100 et
2761 4047 2812 4100 in
2844 4047 3054 4118 tugurio
3079 4087 3094 4110 ,
3143 4057 3198 4101 et
3243 4046 3372 4100 nihil
3414 4061 3604 4102 eorum

2017 4139 2386 4208 respicientes,
2417 4155 2536 4210 qua:
2568 4149 2622 4194 ιιι
2647 4155 2788 4194 nunc
2817 4140 2990 4203 vides,
3021 4155 3141 4194 cum
3167 4148 3400 4194 tremore
3431 4141 3603 4195 multo

2017 4239 2362 4286 accesserunt
2389 4249 2402 4284 :
2437 4239 2492 4286 tu
2519 4247 2647 4285 vero
2674 4245 2777 4285 non
2803 4231 2854 4285 in
2879 4245 3122 4302 praesepe
3147 4230 3372 4301 respicis
3391 4272 3406 4297 ,
3431 4231 3527 4285 sed
3551 4233 3604 4285 in

2016 4326 2222 4390 altare;
2275 4338 2380 4378 non
2437 4323 2716 4378 mulierem
2767 4331 3070 4388 tenentem,
3123 4322 3219 4379 sed
3267 4323 3604 4377 sacerdotem

2019 4419 2316 4473 adstantem
2339 4456 2354 4480 ,
2384 4423 2438 4469 et
2465 4414 2721 4484 Spiritum
2747 4429 2867 4469 cum
2892 4414 3140 4469 ubertate
3170 4428 3360 4484 magna
3396 4413 3448 4468 in
3478 4428 3609 4482 pro-

2018 4510 2187 4580 posita
2243 4506 2698 4577 supervolantcm.
2752 4505 2866 4560 Non
2926 4505 3244 4576 simpliciter
3281 4505 3383 4560 hoc
3428 4506 3607 4577 ipsum

2017 4616 2213 4671 corpus
2237 4599 2409 4666 vides,
2440 4607 2496 4652 ut
2523 4598 2635 4665 illi,
2669 4598 2764 4653 sed
2794 4599 2928 4653 nosti
2961 4599 3127 4668 ipsius
3157 4607 3210 4654 et
3237 4599 3493 4654 virtutem
3544 4608 3603 4655 et

2018 4691 2472 4764 dispensationem
2503 4705 2738 4756 omnem,
2770 4700 2824 4746 et
2849 4690 2984 4745 nihil
3016 4691 3231 4761 ignoras
3265 4706 3453 4746 eorum
3485 4707 3609 4761 qua:

2019 4798 2115 4854 per
2144 4783 2316 4852 ipsum
2349 4779 2581 4850 perfecta
2612 4791 2738 4835 sunt
2761 4820 2776 4846 ,
2807 4794 2929 4835 cum
2963 4783 3140 4834 omnia
3170 4780 3407 4835 initiatus
3444 4795 3607 4835 accu-

2019 4885 2133 4930 rate
2162 4872 2429 4928 didiceris.
2466 4870 2774 4927 Excitemus
2796 4871 2973 4941 itaque
3001 4886 3098 4926 nos
3122 4871 3265 4941 ipsos
3293 4881 3347 4926 et
3387 4871 3612 4926 horrea-

2020 4983 2172 5033 mus,
2205 4975 2256 5021 et
2285 4964 2452 5020 multo
2481 4963 2740 5035 majorem
2769 4979 2929 5034 quam
2968 4963 3184 5018 barbari
3228 4963 3301 5017 illi
3349 4964 3609 5033 pietatem

2019 5059 2374 5115 exhibeamus
2399 5099 2415 5124 ,
2461 5066 2518 5112 ut
2557 5071 2661 5111 non
2705 5065 2906 5111 temere
2934 5064 2989 5110 et
3017 5055 3413 5110 inconsiderate
3447 5071 3610 5110 acce-

2019 5152 2245 5218 dentes,
2288 5150 2461 5220 ignem
2489 5149 2541 5202 in
2578 5156 2737 5216 caput
2781 5156 3024 5202 nostrum
3051 5160 3427 5216 congeramus.
3483 5145 3615 5200 lla-c

2019 5251 2196 5297 autem
2226 5241 2384 5308 dico,
2430 5255 2538 5295 non
2576 5247 2635 5295 ut
2678 5254 2744 5294 ne
2773 5238 3132 5304 accedamus;
3161 5238 3254 5292 sed
3296 5253 3363 5292 ne
3405 5245 3615 5292 temere

2018 5335 2358 5390 accedamus.
2387 5333 2537 5388 Sicut
2568 5331 2710 5386 enim
2741 5339 2947 5387 temere
2970 5332 3232 5386 accedere
3253 5371 3268 5396 ,
3308 5330 3610 5400 perieulum

2017 5436 2102 5482 est
2128 5443 2142 5479 :
2174 5427 2251 5481 sic
2279 5425 2363 5480 his
2387 5423 2625 5494 mysticis
2652 5422 2822 5479 caenis
2853 5439 2958 5478 non
2987 5423 3408 5489 communicare,
3439 5421 3616 5476 fames

2019 5524 2179 5571 estet
2218 5529 2382 5570 mors.
2412 5514 2536 5568 [hec
2563 5515 2704 5568 enim
2731 5529 2919 5568 mensa
2949 5512 3098 5568 nervi
3138 5514 3331 5567 anima:
3363 5519 3566 5565 nostrae
3591 5550 3610 5575 ,

2019 5608 2213 5662 mentis
2255 5606 2525 5662 vinculum
2549 5645 2563 5671 ,
2619 5606 2829 5661 fiduciae
2871 5621 3030 5662 causa
3052 5648 3071 5673 ,
3099 5619 3224 5676 spes
3245 5647 3259 5671 ,
3284 5604 3462 5670 salus,
3493 5601 3620 5663 lux,

2023 5699 2130 5754 vita
2171 5709 2270 5755 est.
2307 5698 2364 5753 Si
2403 5714 2521 5754 cum
2552 5698 2652 5753 hoc
2680 5697 2944 5754 sacriﬁcio
2985 5697 3075 5753 illo
3099 5697 3393 5754 abierimus
3420 5736 3440 5762 ,
3480 5707 3619 5747 cum
