3990 6168
324 249 432 308 205

324 365 569 432 ἐκείνων,
592 365 751 438 λιμὸς
779 367 872 420 καὶ
894 366 1141 430 θάνατος.
1166 364 1316 437 Αὖτη
1336 364 1448 436 γὰρ
1475 366 1508 436 η
1536 363 1787 437 τράπεζα
1809 364 1909 433 τῆς

322 448 499 520 ψυχῆς
524 444 689 521 ἡμῶν
708 450 775 503 τά
797 449 986 519 νεῦρα,
1016 450 1116 521 τῆς
1141 449 1381 512 διανοίας
1408 451 1440 502 ὁ
1469 447 1789 520 σύνδεσμος,
1809 447 1909 518 τῆς

324 533 635 604 παρρησίας
661 535 689 602 η
733 531 1009 597 ὑπόθεσις,
1050 533 1084 604 ἡ
1117 531 1296 599 ἐλπὶς,
1329 533 1363 602 ὴ
1391 530 1652 602 σωτηρία,
1680 530 1740 584 τὸ
1769 530 1907 600 φῶς,

322 616 358 683 η
390 614 527 683 ζωή.
555 613 709 666 Μετά
730 613 933 685 ταύτης
959 614 1287 677 ἀπελθόντες
1317 615 1435 667 ἐκεῖ
1463 614 1564 685 τῆς
1591 611 1805 679 θυσίας,
1849 614 1907 665 ἐν

322 696 605 769 παρρησίᾳ
634 697 803 769 πολλῇ
845 698 955 752 τῶν
983 699 1146 769 ιερῶν
1168 696 1548 769 ἐπιϐησόμεθα
1586 696 1903 768 προθύρων,

320 779 509 851 ὥσπερ
539 780 683 833 τισὶν
719 780 906 846 ὃπλοις
950 784 1172 853 χρυσοῖς
1216 782 1730 853 περιπεφραγμένοι
1771 780 1906 834 πάν-

318 861 493 919 τοθεν.
517 864 630 917 Καὶ
661 864 716 917 τί
751 864 900 934 λέγω
920 866 990 919 τά
1020 867 1322 936 μέλλοντας
1363 865 1629 919 Ἐνταῦθα
1672 866 1779 936 γάρ
1821 882 1903 919 σοι

318 945 416 1018 τὴν
443 946 547 1015 γῆν
574 947 805 1019 οὐρανὸν
856 952 1001 1002 ποιεῖ
1032 950 1182 1002 τουτὶ
1210 948 1272 1002 :6
1311 950 1629 1021 μυστήριον.
1674 949 1903 1002 ’Δναπέ-

316 1045 483 1082 τασον
517 1028 650 1097 γοῦν
678 1029 774 1084 τοῦ
803 1031 1036 1101 οὐρανοῦ
1070 1033 1170 1096 τὰς
1212 1032 1406 1097 πύλας,
1454 1033 1548 1084 καὶ
1597 1030 1858 1102 διάκυψον
1885 1048 1899 1061 ·

320 1111 524 1181 μᾶλλον
560 1112 618 1165 δέ
647 1113 768 1185 οὐχὶ
813 1115 909 1168 τοῦ
957 1115 1213 1187 οὐρανοῦ,
1245 1114 1384 1169 ἀλλά
1406 1113 1502 1168 τοῦ
1534 1114 1767 1186 οὐρανοῦ
1794 1114 1902 1167 τῶν

318 1194 588 1266 οὐρανῶν,
636 1198 732 1251 καὶ
775 1198 899 1253 τότε
937 1199 1056 1269 ὁψει
1083 1199 1145 1252 :6
1171 1200 1485 1271 εἰρημένον.
1517 1197 1592 1251 Τὸ
1615 1197 1721 1271 γὰρ
1767 1197 1903 1253 ἰτάν⁸

315 1297 425 1333 των
472 1281 590 1334 ἐκεῖ
629 1281 985 1353 τιμιώτερον,
1034 1282 1191 1337 τοῦτό
1221 1300 1303 1337 σοι
1340 1284 1432 1337 ἐπὶ
1470 1282 1570 1354 τῆς
1610 1283 1713 1353 γῆς
1743 1281 1901 1347 δείξω

316 1361 590 1434 κείμενον.
630 1363 842 1435 Ὥσπερ
876 1366 986 1438 γάρ
1024 1367 1081 1419 ἐν
1107 1368 1221 1430 τοῖς
1266 1364 1559 1437 βασιλείοις
1587 1365 1649 1418 τὸ
1681 1366 1900 1420 πάντων

317 1447 660 1519 σεμνότερον,
695 1448 756 1501 οὐ
785 1452 987 1521 τοῖχοι,
1031 1450 1132 1504 οὐκ
1167 1449 1364 1522 ὁροφος
1391 1448 1645 1522 χρυσοῦς,
1673 1450 1813 1504 ἀλλά
1838 1450 1900 1505 :6

315 1528 591 1599 βασιλικὸν
624 1531 783 1603 σῶμα
816 1532 880 1585 :6
909 1531 1216 1604 καθήμενον
1244 1534 1339 1588 ἐπὶ
1384 1533 1478 1587 τοῦ
1511 1533 1723 1599 θρόνοψ
1756 1533 1898 1589 οὕτω

313 1614 409 1666 καὶ
441 1615 500 1667 ἐν
530 1617 643 1679 τοῖς
670 1616 920 1687 οὐρανοῖς
942 1615 1009 1669 ’τὸ
1038 1617 1132 1670 τοῦ
1180 1617 1447 1689 βασιλέως
1495 1618 1677 1690 σῶμα.
1730 1618 1892 1675 Ἀλλά

310 1695 469 1749 τοῦτό
502 1713 584 1750 σοι
613 1696 709 1751 νῦν
734 1698 943 1762 ἔξεστιν
964 1701 1055 1753 ἐπὶ
1074 1699 1178 1771 γῆς
1204 1700 1353 1755 ἰδεῖν.
1385 1700 1459 1755 Οὐ
1487 1701 1597 1774 γὰρ
1627 1702 1894 1772 ἀγγέλους

309 1778 430 1832 οὐδὲ
463 1780 840 1852 ἀρχαγγέλους
867 1781 990 1836 οὐδὲ
1027 1783 1291 1855 οὐρανοὺς
1320 1786 1416 1839 καὶ
1447 1786 1714 1857 οὐρανοὺς
1741 1787 1898 1858 οὐρα-

309 1864 435 1927 νῶν,
462 1864 578 1918 ἀλλ’
604 1863 751 1938 [219]
776 1867 938 1920 αὐτὸν
955 1867 1048 1921 τὸν
1070 1868 1278 1923 τούτων
1305 1885 1386 1922 σοι
1416 1868 1666 1941 δείκνυμι
1696 1870 1895 1924 Δεσπό·

305 1964 428 2019 την.
463 1945 618 2013 Εἶδες
650 1949 768 2014 πῶς
790 1951 854 2004 :6
883 1950 1102 2005 πάντων
1134 1951 1460 2025 τιμιώτερον
1487 1954 1619 2025 ὁρᾷς
1644 1955 1735 2009 ἐπὶ
1755 1954 1887 2026 γῆςξς

307 2031 400 2083 καὶ
434 2030 532 2102 οὐχ
567 2033 696 2104 ὁρᾷς
733 2032 914 2103 μόνον,
950 2033 1089 2088 ἀλλά
1136 2037 1230 2089 καὶ
1268 2038 1447 2107 άπτῃ;
1483 2038 1580 2090 καὶ
1616 2038 1715 2109 οὐχ
1743 2039 1891 2112 ἅπτῃ

308 2114 488 2183 μόνον,
511 2114 647 2169 ἀλλά
670 2115 765 2168 καὶ
791 2116 1014 2182 ἐσθίεις,
1040 2119 1133 2171 καὶ
1155 2116 1335 2173 λαϐὼν
1353 2121 1535 2174 οίκαδε
1552 2119 1888 2193 ἀναχωρεῖς;

319 2197 633 2269 Ἀπόσμηχε
668 2198 846 2252 τοίνυν
873 2198 971 2270 τὴν
999 2200 1199 2272 ψυχὴν,
1234 2202 1619 2273 παρασκεύαζε
1648 2203 1747 2273 τὴν
1773 2203 1887 2257 διά-

305 2296 455 2334 νοιαν
474 2281 612 2352 πρὸς
641 2281 740 2352 τὴν
766 2281 972 2336 τούτων
995 2284 1102 2338 τῶν
1127 2285 1443 2357 μυστηρίων
1467 2286 1754 2357 ὑποδοχήν.
1777 2285 1890 2341 Καὶ

302 2361 413 2432 γὰρ
445 2363 494 2416 εἰ
523 2362 734 2417 παιδίον
774 2362 1052 2434 βασιλικὸν
1096 2366 1235 2437 μετά
1275 2367 1371 2420 τοῦ
1414 2367 1620 2439 κόσμου
1659 2368 1886 2440 καὶτῆς

304 2445 619 2517 ἀλουργίδος
646 2447 741 2500 καὶ
778 2447 874 2501 τοῦ
906 2447 1236 2520 διαδήματος
1276 2450 1648 2524 ἐνεχειρίσθης
1677 2454 1883 2524 φέρειν,

303 2529 479 2583 πάντα
524 2529 590 2585 ἂν
621 2528 853 2603 ἔρριψας
891 2531 961 2586 τά
992 2533 1049 2585 ἐν
1090 2535 1155 2604 τῇ
1186 2534 1278 2604 γῇ·
1314 2535 1430 2587 νυνὶ
1474 2533 1531 2588 δὲ
1570 2536 1632 2588 οὐ
1675 2534 1884 2589 παιδίον

1000 248 1056 304 S.
1096 244 1383 304 IOANNIS
1419 242 1911 303 CHRYSOSTOMI
1947 239 2272 302 ARCHIEP.
2318 240 2869 306 CONSTANTINOP.

3478 245 3588 306 286

2011 364 2299 438 ἀνθρώπου
2326 365 2626 436 βασιλικὸν,
2648 364 2780 421 ἀλλ’
2815 364 2978 421 αὐτὸν
3014 365 3108 420 τὸν
3142 364 3405 436 μονογενῆ
3445 363 3589 437 λαμ-

2011 446 2190 502 δάνων
2216 448 2314 501 τοῦ
2338 447 2480 502 Θεοῦ
2508 448 2701 513 Παῖδα,
2742 448 2806 502 οὐ
2848 448 3131 519 φρίττεις,
3165 447 3287 501 εἰπέ
3337 464 3449 518 μοι,
3495 450 3591 502 καὶ

2010 531 2190 586 πάντα
2222 532 2315 585 τὸν
2350 531 2459 585 τῶν
2491 531 2760 602 βιωτικῶν
2803 531 3088 595 ἐκϐάλλεις
3121 533 3322 603 ἔρωτα,
3378 533 3472 586 καὶ
3513 531 3591 603 τῷ

2009 614 2201 687 κόσμῳ
2228 615 2551 690 καλλωπίςῃ
2588 616 2748 685 μόνον
2789 616 3004 686 ἐκείνῳ,
3048 615 3166 669 ἀλλ’
3198 614 3280 668 ἔτι
3311 615 3450 687 πρὸς
3489 615 3588 686 τὴν

2009 698 2112 768 γῆν
2152 700 2305 770 ὁρᾷς,
2355 700 2452 752 καὶ
2506 698 2806 771 χρημάτων
2861 700 2993 770 ἐρᾷς
3049 698 3145 751 καί¹
3201 698 3339 769 πρὸς
3388 697 3589 768 χρυσὸν

2008 782 2309 853 ἐπτόησαι;
2356 782 2450 835 καὶ
2481 783 2604 835 τίνα
2654 783 2721 836 ἀν
2771 781 2959 852 σχοίης
3011 780 3375 851 συγγνώμην,
3430 779 3589 835 ποίαν

2005 862 2335 933 ἀπολογίαν;
2387 865 2501 919 Οὐκ
2537 861 2696 919 οἶσθα
2728 865 2845 928 πῶς
2895 867 3116 919 ἃπασαν
3172 864 3270 936 τὴν
3326 863 3587 935 βιωτικὴν

2006 946 2355 1001 πολυτέλειαν
2400 948 2803 1020 ἀποστρέφεταί
2849 964 2941 1001 σου
2975 950 3003 1000 6
3036 948 3351 1016 Δεσπότης;
3400 947 3461 999 οὐ
3499 947 3587 1001 διά

2003 1028 2161 1082 τοῦτο
2208 1030 2266 1083 ἐν
2304 1030 2481 1104 φάτνῃ
2524 1031 2682 1102 ἐτέθη
2726 1029 2962 1101 τεχθεὶς,
3010 1031 3106 1084 καὶ
3150 1031 3365 1101 μητέρα
3394 1029 3586 1082 ἔλασεν

2002 1111 2223 1182 εὐτελῆ;
2250 1113 2310 1165 οὐ
2339 1113 2429 1166 διὰ
2457 1113 2618 1166 τοῦτο
2645 1113 2838 1183 ἐκείνῳ
2860 1112 2938 1184 τῷ
2969 1113 3105 1185 πρὸς
3131 1112 3437 1184 καπηλείαν
3467 1112 3586 1182 βλέ-

2003 1212 2157 1249 ποντι
2188 1196 2393 1265 ἔλεγεν·
2436 1197 2500 1251 '0
2538 1197 2608 1249 δὲ
2646 1198 2779 1264 Υἱός
2817 1198 2924 1252 τοῦ
2965 1196 3283 1266 ἀνθρώπου
3318 1200 3431 1251 οὐκ
3456 1198 3583 1266 ἔχει

2001 1278 2117 1333 ποῦ
2149 1279 2265 1348 τὴν
2295 1280 2574 1350 κεφαλὴν
2597 1282 2811 1350 alim;
2836 1280 2979 1334 Τίδέ
3012 1282 3062 1334 οί
3094 1281 3377 1353 μαθηταί;
3406 1282 3463 1335 οὐ
3486 1281 3580 1336 τὸν

2000 1360 2168 1416 αὐτὸν
2199 1363 2483 1435 διετήρουν
2511 1364 2699 1434 νόμον,
2734 1366 2816 1428 εἰς
2849 1364 2950 1428 τὰς
2983 1363 3091 1418 τῶν
3120 1366 3373 1436 πενήτων
3406 1364 3580 1428 οἰκίας

2001 1444 2385 1518 καταγόμενοι,
2441 1447 2537 1500 καὶ
2590 1449 2620 1501 ὁ
2673 1447 2772 1519 μὲν
2822 1448 2960 1519 πρὸς
2991 1447 3232 1521 βυρσέα,
3279 1451 3309 1503 ὁ
3353 1448 3410 1503 δὲ
3446 1450 3581 1522 πρὸς

2002 1528 2380 1600 σκηνορῤάφον
2397 1528 2658 1584 κατέλυον
2687 1531 2935 1602 καὶπρὸς
2958 1534 3059 1601 τὴν
3089 1531 3578 1603 πορφυροπὼλιδας

1997 1611 2060 1669 οὐ
2095 1612 2201 1683 γὰρ
2236 1614 2414 1677 οἰκίας
2443 1614 2826 1686 περιφάνειαν,
2858 1615 2996 1670 ἀλλά
3041 1615 3229 1688 ψυχῶν
3255 1617 3455 1689 ἀρετὰς
3479 1620 3579 1671 ἐπε

1995 1693 2244 1768 εζήτουν.
2278 1699 2517 1764 Τούτους
2564 1700 2747 1755 τοίνυν
2786 1704 2881 1756 καὶ
2904 1703 3063 1773 ἡμεῖς
3105 1701 3462 1776 ζηλιίκτωμεν⁸
3511 1704 3580 1760 τά

1998 1779 2099 1851 μὲν
2125 1781 2295 1852 κάλλη
2321 1782 2429 1836 τῶν
2456 1782 2652 1838 κιόνων
2682 1784 2775 1838 καὶ
2805 1784 2916 1839 τῶν
2951 1786 3264 1857 μαρμάρων
3295 1787 3577 1859 παρατρέ-

1994 1880 2199 1934 χοντες,
2237 1866 2528 1938 ζητοῦντες
2557 1866 2614 1920 δέ
2642 1867 2742 1931 τὰς
2771 1867 2882 1922 ἄνω
2911 1869 3099 1940 μονάς,
3138 1871 3235 1924 καί⁵
3273 1869 3452 1924 πάντα
3479 1869 3575 1924 τῦ-

1995 1967 2095 2022 φον
2121 1951 2212 2004 τὸν
2238 1950 2472 2007 ἐνταῦθα
2509 1946 2842 2024 πατήσωμεν
2878 1954 3017 2025 μετά
3058 1954 3157 2025 τῆς
3199 1954 3308 2007 τῶν
3359 1956 3576 2027 χρημάο

1992 2050 2102 2087 των
2141 2033 2456 2104 ἐπιθυμίας,
2489 2036 2582 2090 καὶ
2611 2035 2815 2107 ὑψηλὸν
2861 2035 3118 2108 λάϐωμεν
3166 2036 3443 2110 φρόνημα.
3480 2039 3577 2092 Ἂν

1993 2117 2102 2186 γὰρ
2139 2117 2420 2186 νήφωμεν,
2456 2109 2579 2171 οὐδὲ
2605 2121 2633 2172 6
2656 2120 2858 2189 κόσμος
2887 2121 2920 2189 ἡ
2931 2119 3046 2190 μῶν
3074 2109 3229 2183 οὗτος
3252 2119 3422 2185 ἄξιος,
3444 2121 3577 2192 μήτι

2000 2216 2064 2270 γε
2094 2202 2246 2253 στοαὶ
2271 2201 2365 2254 καὶ
2399 2203 2710 2272 περίπατοι.
2743 2202 2854 2269 Διὸ,
2892 2202 3215 2275 παρακαλῶ,
3253 2204 3353 2275 τὴν
3395 2203 3575 2274 ψυχὴν

1993 2285 2093 2354 τὴν
2121 2284 2331 2338 ἑαυτῶν
2353 2285 2806 2357 καλλωπίζωμεν,
2836 2287 2938 2358 τὴν
2974 2287 3151 2340 οἰκίαν
3171 2286 3377 2355 ταύτην
3406 2304 3576 2342 κατα-

1993 2366 2369 2439 σκευάζωμεν,
2405 2371 2471 2440 ἢν
2502 2373 2598 2424 καὶ
2625 2369 2879 2434 λαϐόντες
2906 2369 3339 2442 ἀπελευσόμεθα,
3370 2371 3456 2425 ἴνα
3479 2371 3576 2425 καί⁸

1990 2449 2097 2502 τῶν
2126 2450 2359 2504 αἰωνίων
2390 2450 2736 2525 ἐπιτύχωμεν
2766 2452 3007 2523 ἀγαθῶν,
3053 2453 3236 2525 χάριτι
3263 2453 3357 2508 καὶ
3389 2454 3578 2523 φιλαν-

1993 2530 2231 2606 θρωπίᾳ,
2274 2535 2369 2589 καὶ
2401 2535 2470 2589 τὰ
2501 2537 2650 2606 ἑξῆς.

305 2680 3544 2710 -κ-ᾛ--ΜΜ

1800 2833 2043 2888 OMIAIA
2086 2831 2216 2889 ΚΗ.

302 2950 431 3008 Πᾶν
462 2949 528 3004 τὸ
554 2948 625 3002 ἐν
656 2945 943 3017 μακέλλῳ
971 2947 1364 3017 πωλούμενον
1402 2948 1655 3015 ἐσθίετε,
1690 2950 1887 3020 μηδὲν

540 3037 968 3105 ἀνακρίνοντες
994 3036 1092 3093 διὰ
1111 3037 1227 3106 τὴν
1253 3038 1634 3108 συνείδησιν.

372 3137 442 3191 α’.
465 3134 650 3190 Εἰπὼν
680 3135 764 3187 ὅτι
790 3133 1050 3188 ἀδύνατον
1079 3137 1335 3205 ποτήριον
1369 3136 1576 3207 Κυρίου
1600 3136 1773 3191 πίνειν
1794 3138 1886 3191 καὶ

296 3222 559 3293 ποτήριον
595 3216 911 3288 δαιμονίων,
966 3218 1062 3271 καὶ
1119 3217 1375 3286 καθάπαξ
1421 3220 1726 3289 ἀπαγαγὼν
1775 3221 1885 3275 τῶν

294 3302 588 3372 τραπεζῶν
625 3301 876 3367 ἐκείνων,
917 3301 1026 3355 ἀπὸ
1061 3303 1523 3374 παραδειγμάτων
1555 3304 1881 3368 Ἰουδαϊκῶν,

294 3387 404 3441 ἀπὸ
432 3386 708 3459 λογισμῶν
742 3383 1119 3457 ἀνθρωπίνων,
1151 3385 1259 3439 61:6
1288 3386 1398 3440 τῶν
1439 3389 1751 3458 μυστηρίων
1775 3389 1883 3442 τῶν

295 3471 560 3543 φρικτῶν,
592 3470 699 3523 61:6
721 3468 830 3522 τῶν
861 3470 919 3522 ἐν
943 3470 1055 3532 τοῖς
1082 3469 1321 3533 εἰδώλοις
1348 3481 1373 3509 ει
1400 3470 1759 3542 τελουμένων,
1789 3473 1884 3525 καὶ

292 3557 460 3611 πολὺν
489 3556 653 3625 φόϐον
693 3552 871 3619 ἐνθεὶς
910 3553 1094 3618 αὐτοῖς
1128 3568 1142 3583 ’
1177 3554 1265 3607 ἵνα
1302 3555 1375 3625 μὴ
1411 3554 1489 3626 τῷ
1529 3555 1679 3627 φόὸῳ
1710 3556 1883 3627 τούτῳ

291 3643 552 3706 «ﬂaui;
577 3642 664 3695 ἐτέ
673 3658 772 3713 ραν
791 3640 1058 3712 ἀμετρίαν
1075 3641 1272 3706 αὐτοὺς
1301 3642 1570 3715 ἐξωθήσῃ,
1588 3646 1679 3696 καὶ
1711 3646 1880 3713 ἀναγ-

295 3727 543 3781 κασθῶσι
574 3726 779 3778 πλείονι
810 3724 1104 3804 περιεργίᾳ
1142 3727 1472 3796 κεχρημένοι
1523 3728 1617 3781 τοῦ
1669 3728 1881 3794 δέοντος

287 3808 607 3869 δεδοικέναι,
644 3807 856 3876 μήποτε
889 3807 983 3858 καὶ
1016 3807 1356 3872 ἀγνοούντων
1383 3809 1562 3862 αὐτῶν
1588 3811 1879 3884 ἐπεισέλθῃ

285 3909 340 3944 τι
372 3889 634 3952 τοιοῦτον,
666 3889 699 3960 ἧ
724 3887 784 3952 ἐξ
811 3888 1020 3958 ἀγορᾶς
1045 3888 1079 3958 ἢ
1117 3890 1338 3945 ἄλλοθέν
1364 3891 1547 3956 ποθεν,
1575 3895 1756 3960 ἀφιεὶς
1785 3897 1879 3948 αὐ-

285 3976 413 4038 τοὺς
428 3972 632 4044 ταύτης
660 3973 759 4042 τῆς
788 3972 1055 4041 ἀνάγκης,
1086 3974 1237 4044 φησί·
1262 3972 1393 4029 Πᾶν
1414 3976 1477 4028 τὸ
1503 3977 1574 4029 ὲν
1596 3977 1743 4049 [220]
1763 3996 1875 4046 μα-

285 4056 485 4125 κέλλῳ
505 4055 900 4125 πωλούμενον
924 4056 1179 4121 ἐσθίετε,
1207 4056 1407 4126 μηδὲν
1426 4058 1871 4127 ἀνακρίνοντες.

298 4140 426 4196 Ἐὰν
456 4139 565 4212 γὰρ
597 4137 829 4207 ἀγνοῶν,
871 4137 1027 4210 φησι,
1073 4138 1254 4209 φάγῃς
1305 4139 1400 4193 καὶ
1446 4140 1521 4212 μὴ
1558 4140 1734 4205 εἰδὼς,
1777 4143 1874 4213 οὐχ

286 4225 575 4280 ὑπόκεισαι
614 4226 681 4296 τῇ
717 4222 958 4294 τιμωρίᾳ
987 4240 1002 4255 ·
1037 4223 1137 4293 τῆς
1177 4223 1286 4295 γὰρ
1323 4224 1546 4294 ἀγνοίας
1589 4225 1772 4279 λοιπὸν
1814 4227 1874 4280 :6

284 4313 539 4381 πρᾶγμα,
577 4308 697 4379 οὐχὶ
735 4307 833 4378 τῆς
867 4306 1222 4378 λαιμαργίας.
1257 4309 1366 4362 Καὶ
1393 4308 1455 4362 οὐ
1483 4309 1686 4381 ταύτης
1714 4311 1874 4380 μόνον

284 4395 480 4455 αὐτοὺς
502 4392 834 4448 ἀπαλλάττει
876 4390 977 4461 τῆς
1026 4392 1282 4459 ἀγωνίας,
1330 4391 1466 4445 ἀλλά
1513 4393 1607 4445 καὶ
1656 4394 1870 4465 ἐτέρας,

285 4475 486 4545 πολλὴν
516 4474 702 4528 ἄδειαν
730 4473 822 4526 καὶ
858 4473 1173 4545 ἐλευθερίαν
1202 4476 1386 4538 αὐτοῖς
1423 4477 1868 4543 κατασκευάζων.

283 4557 417 4628 Οὐδέ
457 4556 567 4628 γὰρ
609 4555 923 4627 ἀνακρίνειν
975 4556 1193 4628 ἀφίησι,
1241 4558 1541 4625 τουτέστιν,
1597 4558 1871 4625 ἐξετάζειν

282 4624 798 4702 κάλ’πυνθάνεσθαι,
820 4638 931 4690 εἴτε
956 4624 1326 4702 είδωλόθυτον,
1353 4640 1464 4693 εἴτε
1492 4640 1567 4712 μὴ
1594 4624 1832 4697 τοιοῦτον
1852 4660 1865 4672 ·

279 4724 397 4778 ἀλλ’
441 4719 629 4784 ἁπλῶς
669 4718 871 4772 ἐσθίειν
905 4720 1048 4774 ἀπαν
1088 4722 1150 4775 τὸ
1195 4721 1256 4787 ἐξ
1289 4723 1514 4794 ἀγορᾶς,
1552 4724 1688 4794 μηδὲ
1712 4724 1870 4779 τοῦτο

282 4804 597 4877 μανθάνειν,
626 4804 656 4857 6
675 4819 727 4857 τι
752 4803 883 4856 ποτέ
912 4804 1029 4856 ἐστι
1068 4805 1128 4857 τὸ
1149 4805 1530 4876 προκείμενον.
1568 4807 1728 4881 Ὥστε
1753 4807 1869 4863 ἔστι

278 4890 373 4944 καὶ
404 4886 650 4957 φαγόντα
671 4887 700 4928 b
738 4885 1038 4955 ἀγνοοῦντα
1070 4888 1436 4960 ἀπηλλάχθαι.
1472 4891 1710 4945 Τοιαῦτα
1756 4894 1866 4965 γάρ

275 4974 346 5027 τά
405 4972 483 5045 μὴ
530 4973 599 5045 τῇ
652 4970 810 5041 φύσει
865 4969 1101 5041 πονηρά,
1142 4972 1257 5025 ἀλλ’
1303 4973 1411 5027 61:6
1468 4974 1569 5046 τῆς
1626 4976 1867 5042 διανοίας

276 5056 536 5111 ποιοῦντα
563 5056 623 5110 :6
651 5054 985 5127 ἀκάθαρτον.
1018 5054 1117 5109 Διά
1144 5054 1305 5112 τοῦτό
1324 5057 1702 5129 φησι,Μηδέν
1715 5061 1864 5115 ἀνα-

278 5141 608 5208 κρίνοντες.
657 5138 766 5193 Τοῦ
807 5138 918 5209 τὰρ
949 5138 1176 5208 Κυρίου
1218 5140 1257 5209 ἠ
1287 5139 1363 5209 γῆ
1398 5140 1496 5195 καὶ
1523 5140 1590 5194 τὸ
1622 5142 1861 5211 πλήρω-

273 5238 356 5293 μα
380 5220 594 5289 αὐτῆς,
655 5222 775 5291 οὐχι
816 5222 926 5274 τῶν
962 5222 1253 5294 δαιμόνων.
1297 5223 1360 5278 Εἰ
1403 5225 1461 5279 δὲ
1495 5225 1628 5297 ήγῆ
1670 5227 1766 5280 καὶ
1813 5229 1862 5281 οί

278 5304 481 5377 καρποὶ
508 5305 603 5358 καὶ
630 5303 698 5357 τά
727 5303 895 5372 ἄλογα
918 5305 1081 5358 αὐτοῦ
1113 5308 1312 5371 πάντα,
1341 5308 1494 5362 οὐδὲν
1517 5308 1827 5381 ἀκάθαρτον
1844 5328 1856 5341 ·

275 5390 388 5444 ἀλλ’
428 5388 630 5459 ἑτέρως
654 5386 963 5456 ἀκάθαρτον
988 5387 1214 5454 γίνεται,
1243 5389 1350 5442 ἀπὸ
1381 5391 1479 5461 τῆς
1498 5391 1739 5457 διανοίας
1766 5393 1860 5447 καὶ

275 5472 384 5527 απὸ
433 5473 529 5543 τῆς
565 5469 868 5541 παρακοῆς.
912 5468 1012 5521 Διά
1039 5469 1197 5523 τοῦτο
1245 5472 1305 5523 ού
1349 5473 1509 5542 μόνον
1537 5474 1856 5546 ἐπέτρεψεν,

276 5556 411 5609 ἀλλά
442 5556 555 5620 καὶ,
621 5553 764 5609 Ἐάν
795 5570 885 5620 τις
928 5550 1104 5623 ὑμᾶς,
1155 5555 1309 5625 φησὶ,
1362 5556 1524 5625 καλῇ
1562 5558 1678 5613 τῶν
1724 5560 1859 5613 ἀπί-

337 5667 366 5699 ⁸
386 5668 599 5735 Savjlius
621 5666 894 5735 conjicilﬁ
916 5666 1016 5735 τοῖς
1036 5667 1327 5735 εἰδωλείοις.Δ
1375 5667 1405 5709 b
1421 5670 1566 5735 Reg”
1588 5673 1644 5721 τὸ
1667 5673 1860 5735 προκεξ-

316 5744 432 5778 ινον·
453 5732 580 5795 ὥστε
606 5743 676 5795 ,μη
699 5732 852 5795 ἑαυτῷ
897 5732 1118 5793 παρέχειν
1162 5731 1452 5794 ἀνακρίσεως
1477 5731 1714 5795 ﬂowing"
1734 5737 1856 5782 ὥστε

301 5806 377 5840 στι
396 5792 475 5840 καὶ
498 5792 725 5858 φαγόντα.

1989 2968 2172 3016 στων,
2209 2950 2305 3006 καί
2340 2949 2554 3020 θέλητε
2596 2951 2972 3020 πορεύεσθαι,
3019 2951 3145 3008 πᾶν
3168 2952 3236 3006 τὸ
3257 2955 3576 3022 παρατιθέ-

1982 3051 2173 3103 μενον
2201 3034 2342 3103 ίνμῖν
2372 3034 2624 3099 ἐσθίετε,
2653 3034 2849 3103 μηδὲν
2874 3035 3306 3103 ἀνακρίνοντες
3332 3036 3431 3091 διὰ
3458 3038 3575 3107 τὴν

1987 3117 2363 3185 συνείδησιν.
2404 3117 2547 3189 Ὅρα
2581 3117 2742 3171 πάλιν
2780 3117 2879 3188 τὴν
2927 3120 3268 3189 συμμετρίαν
3293 3135 3307 3148 ⁶
3352 3121 3415 3175 οὐ
3460 3122 3570 3193 γὰρ

1987 3200 2215 3266 ἐπέταξε
2245 3202 2337 3254 καὶ
2366 3199 2759 3272 ἐνομοθέτησεν
2785 3202 3027 3266 ἀπιέναι,
3059 3202 3177 3256 ἀλλ’
3202 3203 3327 3257 οὐδὲ
3359 3205 3570 3259 ἐκώλυ-

1987 3300 2078 3336 σεν
2097 3301 2109 3312 ·
2127 3283 2462 3347 ἀπελθόντας
2480 3283 2536 3336 δὲ
2567 3284 2727 3337 πάλιν
2744 3283 3078 3338 ἀπαλλάττει
3110 3285 3292 3357 πάσης
3310 3287 3567 3359 ὑποψίας.

1985 3366 2049 3418 Τί
2078 3367 2304 3435 δήποτε;
2342 3367 2466 3421 Ἵνα·
2487 3365 2561 3438 μὴ
2581 3367 2707 3439 δόξῃ
2736 3367 2901 3437 φόϐου
2930 3368 3073 3432 τινὸς
3100 3366 3239 3423 εἷναι
3269 3372 3304 3442 ἡ
3333 3372 3569 3445 τοσαύτη

1984 3449 2486 3522 πολυπραγμοσύνη
2520 3450 2614 3503 καὶ
2635 3449 2854 3513 δειλίας.
2900 3450 2958 3504 '0
2996 3452 3094 3522 μὲν
3123 3451 3233 3523 γὰρ
3265 3469 3570 3526 περιεργα-

1984 3537 2228 3607 ζόμενος,
2256 3536 2331 3601 ὡς
2359 3534 2616 3601 δεδοικὼς
2640 3536 2798 3590 τοῦτο
2822 3539 2997 3589 ποιεῖ’
3020 3538 3048 3590 ὁ
3071 3536 3126 3590 δὲ
3154 3539 3293 3608 μετά
3312 3539 3376 3592 :6
3402 3540 3571 3595 ἀκοῦ-

1984 3636 2074 3674 σαι
2129 3620 2468 3692 ἀπεχόμενος
2494 3661 2510 3686 ,
2566 3620 2640 3683 ὠς
2691 3619 3053 3691 καταφρονῶν
3104 3623 3197 3673 καὶ
3238 3622 3415 3690 μισῶν
3473 3626 3569 3679 καὶ

1981 3704 2481 3775 ἀποστρεφόμενος,
2509 3704 2795 3774 ἀπέχεται.
2832 3704 3032 3774 Διόπερ
3070 3704 3097 3755 ὁ
3135 3704 3349 3769 Παῦλος
3383 3707 3564 3778 ἀμφό-

1978 3803 2113 3858 τερα
2134 3787 2456 3858 βουλόμενος
2487 3786 2899 3841 κατασκευάσαι
2934 3787 3066 3858 φησί
3095 3804 3107 3816 ·
3133 3786 3265 3843 Πᾶν
3284 3791 3353 3844 τὸ
3378 3807 3567 3859 παρα-

1978 3870 2286 3939 τιθέμενον
2335 3870 2479 3940 ύμῖν
2526 3871 2776 3925 ἐσθίετε.
2825 3870 2935 3924 ’Ἂν
2971 3870 3039 3924 δέ
3081 3888 3172 3935 τις
3212 3872 3358 3940 ύμῖν
3398 3875 3564 3943 εἴπῃ,

1984 3953 2165 4008 Τοῦτο
2204 3953 2603 4008 εἰδωλόθυτόν
2631 3953 2784 4020 ἐστι,
2810 3954 2897 4024 μὴ
2937 3953 3169 4012 ἐσθίετε
3190 3954 3288 4011 διὰ
3324 3957 3432 4011 τὸν
3450 3977 3565 4028 μηο

1976 4038 2271 4091 νύσαντα.
2302 4036 2441 4092 Οὐδὲ
2473 4035 2583 4110 γάρ
2611 4036 2685 4102 ὡς
2717 4039 2949 4109 ἐχόντων
2994 4038 3168 4111 ἰσχὺν,
3196 4040 3312 4093 ἀλλ’
3340 4040 3417 4106 ὡς
3444 4042 3563 4112 βδεο

1976 4119 2154 4191 λυρῶν
2187 4120 2484 4192 ἀπέχεσθαι
2525 4121 2756 4175 κελεύει.
2793 4122 2948 4193 Μήτε
2975 4122 3154 4176 τοίνυν
3183 4122 3260 4186 ὡς
3286 4122 3563 4197 δυνάμενα

1977 4203 2341 4275 καταὸλάψαι,
2388 4205 2619 4275 φεύγετε
2652 4222 2666 4236 ο
2721 4204 2976 4275 οὐδεμίαν
3018 4206 3125 4277 γὰρ
3185 4206 3299 4279 ἔχει
3358 4210 3515 4280 ίσχύν
3543 4227 3558 4243 ·

1977 4291 2134 4360 μήτε,
2161 4289 2349 4360 ἐπειδὴ
2384 4289 2655 4361 μηδεμίαν
2710 4288 2821 4358 ἔχει
2870 4291 3043 4360 ἰσχὺν,
3078 4290 3385 4364 ἀδιαφόρως
3427 4312 3560 4364 μετ-

1974 4373 2126 4443 έχετε
2153 4392 2165 4403 ·
2200 4372 2409 4445 ἐχθρῶν
2430 4374 2539 4444 γάρ
2562 4376 2677 4426 ἐστι
2705 4372 2800 4425 καὶ
2826 4373 3189 4444 ὴτιμωμένων
3220 4376 3251 4445 ἡ
3283 4377 3557 4448 τράπεζα.

1972 4455 2063 4509 Διὸ
2089 4456 2263 4526 ἔλεγε,
2285 4454 2383 4524 Μὴ
2407 4455 2637 4510 ἐσθίετε
2660 4455 2758 4509 διὰ
2785 4455 2890 4510 τὸν
2910 4456 3294 4525 μηνύσαντα,
3319 4460 3419 4514 καί
3445 4461 3562 4531 τὴν

1971 4539 2352 4607 συνείδησιν.
2387 4539 2497 4593 Τοῦ
2530 4538 2640 4609 γὰρ
2662 4539 2885 4607 Kvpc’ov
2915 4539 2952 4608 ἡ
2984 4538 3058 4609 γῆ
3090 4540 3189 4594 καὶ
3218 4541 3286 4595 τὸ
3318 4543 3562 4613 πλήρω-

1967 4636 2052 4690 μα
2079 4621 2291 4691 αὐτῆς.
2329 4621 2490 4693 Ὁρᾷς
2531 4621 2649 4686 πῶς
2682 4622 2777 4675 καὶ
2813 4622 2904 4675 ὅτε
2951 4623 3149 4677 ἐσθίειν
3191 4625 3425 4693 κελεύει,
3469 4626 3559 4681 καὶ

1969 4704 2059 4757 ὅτε
2099 4705 2402 4776 ἀπέχεσθαι
2441 4706 2541 4772 δεῖ,
2581 4705 2680 4776 τὴν
2717 4705 2886 4777 αὐτὴν
2929 4708 3237 4780 μαρτυρίαν
3270 4709 3354 4774 είς
3394 4711 3559 4782 μέσον

1969 4785 2128 4855 ἀγει;
2166 4788 2301 4841 Οὐδὲ
2333 4788 2440 4858 γάρ
2471 4787 2559 4842 διὰ
2600 4788 2759 4842 τοῦτο
2805 4788 3020 4854 κωλύω,
3054 4790 3240 4862 φησὶν,
3282 4792 3359 4854 ὡς
3403 4794 3559 4847 ἀλλο·

1965 4870 2134 4941 τρίων
2173 4870 2343 4926 ὄντων
2363 4886 2377 4900 ⁸
2427 4870 2523 4925 τοῦ
2551 4872 2661 4944 γὰρ
2699 4872 2907 4945 Κυρίου
2931 4875 2966 4945 ἡ
3003 4873 3073 4945 γῆ
3100 4889 3115 4905 ·
3139 4874 3278 4929 ἀλλά
3322 4875 3391 4929 δι’
3422 4878 3560 4949 ὅπερ
3592 4874 3598 4880 ’

1967 4950 2144 5018 εἶπον,
2182 4955 2272 5009 διά
2301 4955 2400 5028 τὴν
2430 4957 2756 5028 συνείδησιν,
2791 4959 3093 5023 τουτέστιν,
3121 4958 3209 5012 ἴνα
3241 4958 3316 5031 μὴ
3359 4960 3556 5033 βλαόῇ.

1967 5038 2175 5092 Οὐκοῦν
2201 5038 2283 5092 δεῖ
2304 5038 2798 5111 περιεργάζεσθαι;
2828 5038 2927 5106 Οὐ,
2959 5041 3123 5112 φησίν
3140 5058 3157 5075 ο
3185 5042 3306 5095 οὐδὲ
3333 5044 3443 5114 γάρ
3462 5047 3560 5115 τὴν

1967 5121 2066 5193 σὴν
2109 5116 2263 5177 εἷπον
2307 5124 2632 5193 συνείδησιν,
2677 5123 2815 5177 ἀλλά
2860 5126 2958 5196 τὴν
2987 5125 3218 5180 ἐκείνου.
3263 5127 3561 5199 Προλαεὼν

1964 5203 2073 5276 γὰρ
2107 5201 2280 5270 εἷπον,
2313 5204 2417 5260 Διὰ
2448 5206 2555 5259 τὸν
2573 5207 2941 5276 μηνύσαντα
2962 5222 2975 5235 ⁸
3011 5208 3108 5262 καὶ
3134 5209 3316 5270 πάλιν,
3346 5213 3557 5264 Σεινεί-

1964 5289 2149 5356 δησιν
2177 5287 2246 5341 δὲ
2277 5286 2456 5357 λέγω,
2502 5288 2640 5358 οὐχὶ
2683 5288 2799 5356 τὴν
2837 5290 3077 5355 ἑαυτοῦ,
3104 5292 3266 5346 ἀλλά
3295 5293 3413 5364 τὴν
3448 5292 3558 5349 τοῦ

1962 5370 2191 5439 ἐτέρου.
2242 5370 2379 5423 Ἀλλ’
2420 5372 2551 5434 ίσως
2582 5373 2725 5425 εἴποι
2757 5389 2841 5437 τις
2867 5373 2954 5441 ἂν,
2992 5374 3075 5428 ὅτι
3102 5374 3222 5427 Τῶν
3264 5377 3366 5447 μὲν
3402 5376 3556 5431 ἀδελ·

1968 5455 2083 5523 φῶν
2107 5454 2331 5517 εἰκότως
2368 5454 2544 5526 φείδῃ,
2585 5456 2679 5509 καὶ
2715 5457 2815 5510 οὐκ
2854 5458 2950 5530 ἐᾷς
2994 5459 3142 5529 ἡμᾶς
3182 5458 3557 5528 ἀπογεύεσθαι

1967 5535 2035 5590 δι’
2065 5536 2328 5600 ἐκείνους,
2363 5538 2449 5590 ἵνα
2477 5538 2552 5609 μὴ
2577 5541 2608 5610 ή
2636 5540 2940 5610 συνείδησις
2965 5542 3145 5596 αὐτῶν
3165 5543 3397 5613 ἀσθενὴς
3417 5541 3555 5600 οὖσα.

1968 5620 2296 5689 οίκονομηθῇ
2328 5620 2408 5683 είς
2439 5622 2499 5675 :6
2527 5623 2593 5675 :6
2619 5624 2944 5678 εἰδωλόθυτα
2975 5625 3177 5681 ἐσθίειν
3202 5628 3299 5689 ’,εἰ
3325 5627 3382 5679 δὲ
3421 5628 3553 5681 Ἔλ-

1969 5705 2068 5774 λην
2094 5720 2173 5766 τις
2198 5705 2304 5772 εἴη,
2327 5704 2377 5756 τί
2403 5721 2485 5758 σοι
2503 5706 2690 5759 τούτου
2712 5707 2861 5783 [ΞΞΙ]
2885 5709 3037 5780 μέλει
3059 5711 3151 5775 ,οὐ
3178 5713 3242 5764 σὺ
3262 5710 3471 5779 ἔλεγες,
3491 5711 3553 5765 ἠ

1972 5788 2078 5857 γάρ
2095 5804 2194 5857 μοι
2227 5788 2318 5840 καί
2348 5788 2485 5855 τοὺς
2525 5789 2639 5855 ἔξω
2666 5791 2924 5858 νριίἐιν;
2953 5792 3095 5857 τίνος
3128 5789 3219 5847 οὖν
3245 5793 3431 5846 ἕνεκεν
3451 5795 3552 5847 αὐ-
