3990 6168
360 328 465 391 ΞΟΒ

358 446 554 502 ﬁducia
582 458 738 500 sacra
768 443 853 500 illa
883 442 1142 500 vestibula
1173 440 1470 506 adibimus,
1514 441 1664 511 quasi
1712 439 1933 509 quibus-

359 541 483 593 dam
528 535 712 591 aureis
748 534 910 589 annis
948 531 1193 588 instructi
1235 530 1487 601 undique.
1520 528 1723 600 Ecquid
1762 530 1941 584 futura

362 627 526 682 dico?
573 626 669 683 ilic
696 625 832 681 enim
859 623 953 679 tibi
982 632 1183 678 terram
1215 622 1406 677 ca-lum
1452 621 1577 676 facit
1608 621 1709 675 hoc
1739 630 1939 693 myste-

366 721 528 774 rium.
571 717 727 787 Aperi
752 731 879 786 ergo
903 715 1025 769 caeli
1053 721 1235 784 portas
1253 723 1309 768 et
1329 713 1605 782 perspice;
1635 712 1742 765 imo
1768 710 1944 781 potius

369 825 479 864 non
506 807 619 864 cteli
645 848 658 872 ,
684 806 779 862 sed
818 806 934 860 cali
961 805 1217 860 caelorum
1240 844 1257 870 ,
1303 812 1356 858 et
1400 811 1525 857 tunc
1566 800 1775 856 videbis
1814 800 1943 855 illud

370 902 509 975 quod
533 901 726 956 dictum
754 908 859 955 est.
892 897 1050 967 Quod
1080 897 1224 953 enim
1254 896 1363 950 illic
1391 894 1629 950 omnium
1675 887 1946 960 pretiosis-

369 1000 552 1053 simum
577 1005 695 1061 est;
721 994 823 1049 hoc
850 994 944 1049 tibi
966 993 1020 1047 in
1051 1003 1189 1047 terra
1211 991 1399 1060 jacens
1426 987 1756 1043 monstrabo.
1800 985 1949 1042 Sicut

364 1090 500 1145 enim
529 1089 582 1143 in
609 1088 758 1158 regia
782 1086 926 1158 quod
951 1085 1190 1140 omnium
1219 1079 1814 1152 magniﬁcentissimum
1836 1085 1944 1144 est,

364 1195 467 1235 non
510 1179 650 1235 muri
680 1187 845 1245 sunt,
893 1192 1002 1232 non
1052 1185 1249 1232 tectum
1287 1187 1551 1240 aureum,
1597 1169 1694 1227 sed
1739 1170 1948 1241 regium

359 1286 553 1344 corpus
593 1272 649 1326 in
676 1271 814 1326 solio
862 1269 1058 1325 sedens
1091 1287 1104 1324 :
1132 1267 1210 1324 sic
1233 1275 1288 1322 et
1312 1267 1370 1322 in
1408 1265 1558 1321 caelis
1584 1264 1790 1334 regium
1820 1277 1946 1318 cor-

361 1380 482 1436 pus.
532 1363 643 1421 Sed
670 1363 775 1419 hoc
813 1377 956 1419 nunc
1000 1361 1093 1417 tibi
1148 1361 1271 1416 licet
1317 1358 1370 1413 in
1418 1366 1558 1413 terra
1586 1355 1790 1411 videre.
1830 1354 1948 1410 Non

361 1458 511 1515 enim
546 1455 766 1528 angelos
784 1497 799 1520 ,
829 1470 937 1511 non
977 1451 1350 1523 arehangelos,
1376 1464 1484 1505 non
1508 1449 1670 1504 caelos
1697 1456 1754 1504 et
1782 1444 1949 1503 celos

366 1551 621 1606 czelorum
643 1591 660 1615 ,
687 1548 782 1604 sed
811 1549 982 1618 ipsum
1013 1546 1107 1602 tibi
1151 1545 1342 1600 horum
1372 1541 1653 1598 Dominmn
1699 1539 1946 1595 ostendo.

374 1643 619 1699 Vidistin‘
646 1640 915 1713 quomodo
942 1639 998 1695 id
1022 1681 1039 1706 ,
1064 1637 1207 1708 quod
1241 1636 1481 1693 omnium
1504 1633 1948 1705 pretiosissimum

374 1747 456 1792 est
475 1777 493 1802 ,
524 1735 578 1790 in
607 1742 755 1788 terra
798 1729 1091 1801 teSpicias?
1117 1743 1292 1799 neque
1316 1727 1466 1783 vides
1495 1733 1694 1780 tantum
1719 1765 1734 1789 ,
1763 1723 1857 1779 sed
1897 1731 1952 1779 et

378 1827 583 1897 tangis;
611 1838 714 1880 nec
745 1822 915 1893 tangis
944 1829 1168 1886 tantum,
1199 1817 1295 1875 sed
1322 1818 1484 1873 etiam
1514 1814 1780 1880 comedis,
1808 1822 1859 1868 et
1887 1828 1951 1870 eo

377 1927 598 1987 accepto
625 1915 848 1970 domum
886 1910 1194 1967 reverteris.
1228 1908 1492 1978 Absterge
1517 1906 1675 1978 igitur
1696 1906 1946 1972 animam,

372 2021 612 2078 praepara
640 2013 876 2060 mentem
903 2002 972 2057 ad
1002 2002 1192 2056 horum
1243 1998 1619 2071 mysteriorum
1646 1996 1949 2066 perceptio—

369 2112 514 2153 nem.
547 2095 761 2150 Etenim
791 2094 837 2149 si
875 2092 1020 2163 regis
1046 2091 1186 2145 ﬁlius
1212 2104 1337 2144 cum
1364 2095 1586 2153 ornatu,
1621 2100 1854 2157 purpura
1895 2094 1949 2139 et

363 2187 668 2244 diademate
712 2183 1054 2241 conereditus
1097 2181 1192 2237 tibi
1216 2189 1360 2236 esset
1401 2177 1723 2250 gestandus,
1767 2176 1949 2232 omnia

362 2296 488 2351 quas
523 2280 722 2335 suntin
753 2287 892 2333 terra
918 2275 1227 2345 abjeeisses.
1258 2271 1413 2328 Nunc
1436 2281 1615 2327 autem
1642 2284 1748 2325 non
1780 2270 1947 2323 ﬁlium

362 2373 540 2444 regis,
564 2371 658 2427 sed
689 2371 862 2440 ipsum
895 2368 989 2423 Dei
1036 2366 1232 2421 Filium
1263 2362 1596 2434 unigenitum
1638 2360 1946 2431 accipiens,

358 2479 471 2519 non
512 2460 878 2527 exhorrescis,
904 2457 993 2515 dic
1019 2456 1150 2513 mihi
1174 2496 1191 2524 ,
1230 2465 1288 2510 et
1332 2468 1440 2508 non
1472 2467 1685 2507 omnem
1732 2450 1951 2505 saecula-

1418 326 1478 385 IN
1519 321 1737 384 EPIST.
1780 326 1798 381 Ι
1864 326 1959 382 ΑΙ)
1995 326 2151 383 COR.
2196 326 2426 384 llOSllL.
2477 325 2640 388 XXV.

3531 346 3634 405 906

2049 442 2186 497 rium
2215 458 2393 499 rerum
2421 461 2661 504 amorem
2685 449 2895 521 abjicis,
2919 469 3091 527 neque
3119 454 3213 512 illo
3242 464 3446 519 tantum
3470 477 3629 517 orna-

2052 541 2107 587 tu
2136 533 2383 605 gloriaris
2407 552 2421 599 ;
2450 536 2543 592 sed
2571 538 2743 596 adhuc
2773 543 2825 597 in
2858 551 3057 601 terram
3086 547 3311 619 respicis
3334 589 3350 614 ,
3376 553 3632 620 pecunias

2052 636 2201 677 amas
2227 634 2281 679 et
2308 638 2441 680 auro
2472 626 2683 684 iubias?
2712 644 2936 703 ecquam
2970 634 3247 694 habiturus
3286 654 3346 695 es
3378 641 3633 697 veniam?

2048 727 2207 784 quam
2238 718 2677 775 excusationem?
2698 721 2814 778 Non
2844 725 2990 781 vides
3020 739 3276 798 quantum
3314 732 3623 789 sacularem

2048 819 2265 862 Omnem
2292 811 2739 881 magniﬁcentiam
2784 828 3063 875 aversetur
3111 821 3407 879 Dominus?
3451 841 3633 883 nonne

2048 894 2171 952 ideo
2198 912 2320 953 eum
2342 908 2500 956 natus
2528 912 2691 969 esset,
2716 905 2769 960 in
2800 910 3024 979 praesepi
3054 913 3261 981 positus
3287 925 3388 982 est,
3420 925 3475 972 et
3518 932 3632 972 ma-

2050 994 2187 1043 trem
2214 993 2423 1061 accepit
2447 993 2565 1049 vilis
2585 996 2904 1053 conditionis
2921 999 2947 1053 1
2971 1018 3147 1057 nonne
3176 1004 3297 1061 ideo
3321 1006 3533 1063 dicebat
3559 1013 3634 1078 ei,

2051 1081 2143 1152 qui
2178 1079 2246 1137 ad
2286 1098 2584 1154 cauponam
2609 1090 2934 1159 respiciebat
2961 1111 2974 1147 :
3005 1092 3176 1150 Filius
3218 1107 3386 1153 autem
3415 1099 3634 1158 hominis

2050 1190 2152 1229 non
2178 1175 2327 1229 habet
2354 1176 2438 1231 ubi
2463 1188 2615 1250 caput
2637 1181 2843 1236 reclinet
2866 1183 3073 1255 (Matth.
3107 1182 3161 1242 8.
3190 1187 3320 1260 20)?
3342 1190 3478 1259 Quid
3506 1208 3635 1248 vero

2056 1264 2337 1337 discipuli?
2363 1284 2539 1325 nonne
2554 1271 2797 1327 eamdem
2825 1276 3110 1332 servabant
3139 1278 3332 1350 legem,
3357 1280 3408 1336 in
3439 1298 3629 1355 panpev

2055 1371 2173 1410 rum
2200 1356 2387 1415 domos
2409 1358 2770 1429 diversantes,
2795 1364 2933 1420 alios
2961 1367 3176 1437 quidem
3200 1369 3338 1438 apud
3361 1382 3626 1438 sutorem,

2053 1446 2190 1501 alius
2215 1446 2354 1521 apud
2387 1449 2853 1509 tabernaculorum
2891 1456 3135 1527 opiﬁcem
3160 1467 3216 1514 ct
3253 1460 3395 1531 apud
3427 1477 3629 1535 purpu-

2053 1537 2246 1591 rariam
2265 1538 2289 1591 γ
2307 1553 2412 1593 non
2441 1540 2587 1595 enim
2609 1540 2801 1599 domus
2829 1545 3189 1616 splendorem,
3212 1550 3306 1605 sed
3335 1552 3635 1610 animarum

2055 1627 2282 1684 virtutes
2330 1630 2661 1700 quaerebant.
2710 1633 2821 1689 ﬂos
2868 1635 3045 1705 itaque
3090 1645 3145 1694 et
3187 1654 3286 1695 nos
3327 1641 3567 1698 imitetur
3619 1663 3633 1699 :

2053 1719 2505 1789 pulchritudinem
2535 1724 2904 1782 columnarum
2949 1736 3004 1783 et
3043 1745 3368 1787 marmonum
3411 1744 3635 1803 przcter-

2053 1818 2371 1877 currentes,
2420 1826 2642 1883 superas
2684 1828 2815 1870 vero
2857 1819 3166 1875 mansiones
3195 1834 3536 1892 quaarentes;
3581 1835 3638 1881 ει

2054 1916 2270 1958 omnem
2292 1901 2485 1958 fastum
2507 1905 2795 1962 humanum
2818 1909 3088 1965 calcemus
3121 1927 3243 1968 cum
3285 1917 3631 1984 pecuniarum

2053 1993 2381 2063 cupiditate,
2425 1995 2699 2066 altumque
2741 2013 2957 2055 sensum
2999 2014 3354 2058 assumamus.
3390 2004 3444 2061 Si
3490 2007 3635 2062 enim

2053 2087 2325 2157 sapienter
2350 2088 2724 2156 attendamus,
2758 2105 2932 2163 neque
2958 2093 3188 2149 mundus
3228 2095 3315 2151 hic
3355 2098 3511 2155 nobis
3549 2097 3635 2154 di-

2053 2193 2190 2247 gnus
2205 2186 2306 2245 est,
2333 2178 2530 2234 nedum
2550 2182 2789 2250 porticus
2815 2194 2869 2238 et
2890 2184 3220 2240 ambulacra.
3251 2186 3635 2259 Quamobrem,

2057 2282 2207 2337 rogo,
2235 2269 2467 2324 animam
2518 2280 2758 2327 nostram
2789 2287 3043 2329 ornemus
3064 2317 3078 2341 ,
3113 2276 3249 2331 hanc
3273 2276 3491 2333 domum
3535 2295 3635 2350 apo

2056 2373 2307 2427 paremus
2328 2401 2341 2425 ,
2390 2376 2492 2430 qua
2540 2362 2702 2417 etiam
2730 2373 2952 2435 accepta
2989 2367 3113 2421 hinc
3142 2368 3489 2438 migrabitnus
3510 2412 3528 2439 ,
3577 2383 3638 2427 ut

2054 2456 2251 2503 artema
2275 2449 2411 2506 bona
2434 2466 2847 2523 consequamur,
2879 2456 3045 2526 gratia
3077 2464 3132 2513 et
3163 2459 3506 2532 benignitate,
3529 2475 3635 2520 etc.

368 2582 3641 2615 ’.Μ

1666 2655 2008 2720 HOMILIA
2062 2656 2266 2719 XXV.

352 2814 497 2871 Car.
534 2811 624 2867 10.
653 2827 706 2867 v.
735 2810 824 2866 25.
860 2810 1023 2864 Omne
1040 2807 1175 2880 quod
1214 2807 1267 2862 in
1295 2804 1507 2860 macello
1536 2803 1702 2868 venit,
1732 2797 1948 2853 utendu-

469 2915 587 2961 cate
608 2947 625 2971 ,
674 2904 803 2959 nihil
824 2904 1192 2973 interrogantes
1214 2907 1421 2969 propter
1448 2894 1826 2952 conscientiam.

430 3000 491 3054 1.
526 2996 659 3052 Cum
705 2995 934 3050 dixisset
961 2991 1295 3062 impossibile
1325 3003 1447 3045 esse
1491 2987 1711 3042 calicem
1738 2982 1949 3038 Domini

353 3089 556 3145 bibere
580 3096 635 3143 et
660 3085 881 3141 calicem
910 3081 1298 3138 daemoniorum
1320 3121 1336 3146 ,
1365 3086 1422 3133 et
1456 3076 1664 3147 penitus
1701 3072 1949 3127 abduxis—

364 3189 461 3236 set
482 3195 516 3233 a
545 3178 747 3234 mensis
775 3176 880 3231 illis
899 3216 916 3243 ,
943 3174 1014 3229 ab
1034 3170 1298 3242 exemplis
1325 3169 1578 3233 Judaicis,
1609 3182 1639 3222 a
1658 3163 1952 3221 ratiociniis

353 3270 624 3326 humanis
648 3309 664 3333 ,
692 3283 723 3323 a
763 3266 1039 3338 mysteriis
1081 3261 1401 3327 horrendis,
1429 3259 1497 3314 ab
1539 3257 1604 3313 iis
1629 3271 1748 3327 qum
1793 3268 1951 3325 pera-

348 3370 568 3433 guntur
597 3363 650 3415 in
677 3360 835 3415 idolis
861 3361 877 3392 ι
900 3400 916 3426 ,
949 3367 1005 3413 et
1032 3372 1154 3412 cum
1176 3357 1442 3426 ingentem
1473 3360 1674 3407 metum
1700 3347 1955 3404 incussis-

352 3464 492 3518 set;
523 3468 590 3506 ne
617 3451 707 3506 tali
734 3460 878 3507 metu
903 3451 1024 3506 illos
1051 3449 1119 3504 ad
1138 3447 1281 3503 aliud
1305 3456 1607 3503 extremum
1633 3443 1951 3513 impelleret,

350 3555 417 3600 et
452 3543 656 3613 majori
688 3558 843 3614 quam
882 3558 978 3614 par
1007 3549 1153 3598 esset
1204 3548 1415 3595 utentes
1440 3537 1753 3594 curiositate
1796 3548 1955 3604 coge-

347 3645 566 3691 rentur
612 3633 838 3698 timere,
885 3648 953 3688 ne
994 3632 1123 3703 ipsis
1168 3630 1536 3701 ignorantibus
1586 3624 1786 3695 aliquid
1850 3623 1956 3679 tale

345 3729 728 3785 inveheretur
775 3734 867 3780 aut
910 3741 972 3781 ex
1017 3724 1134 3780 foro
1182 3732 1278 3777 aut
1318 3720 1571 3785 aliunde,
1617 3720 1761 3788 ipsos
1802 3732 1833 3771 a
1865 3715 1955 3769 tali

341 3819 696 3876 necessitate
715 3817 947 3887 eripiens
974 3815 1047 3870 ait
1078 3833 1092 3869 :
1122 3813 1303 3881 Omne,
1322 3812 1457 3881 quod
1485 3811 1538 3864 in
1565 3808 1774 3863 macello
1801 3808 1954 3873 venit,

340 3911 709 3973 manducate,
738 3908 870 3963 nihil
894 3908 1277 3976 interrogantes.
1308 3902 1363 3958 Si
1389 3902 1531 3957 enim
1564 3900 1836 3969 ignorans,
1869 3899 1953 3953 in-

340 4002 498 4074 quit,
540 3999 844 4056 comederis
867 4004 923 4052 et
969 3996 1216 4052 nesciens
1237 4035 1254 4063 ,
1283 4009 1389 4049 non
1426 4008 1484 4048 es
1514 3990 1778 4047 obnoxius
1823 4004 1952 4059 sup-

339 4093 571 4164 plicio;
601 4106 723 4145 nam
755 4089 1072 4160 ignorantiae
1100 4087 1356 4156 deinceps
1385 4100 1471 4140 res
1495 4092 1611 4149 est,
1645 4097 1751 4137 non
1784 4082 1956 4153 inglu-

338 4186 486 4242 vici.
524 4184 714 4253 Neque
741 4182 808 4238 ab
855 4181 956 4237 hac
995 4189 1201 4236 tantum
1242 4178 1361 4233 illos
1399 4175 1682 4231 formidine
1724 4174 1949 4240 liberat,

338 4275 450 4332 sed
482 4274 564 4329 ab
590 4273 694 4327 alia
726 4288 966 4343 quoque,
994 4272 1217 4328 multam
1241 4269 1346 4324 illis
1368 4268 1669 4323 libertatem
1698 4267 1956 4322 securita-

336 4378 590 4438 temque
620 4379 885 4435 apparans
916 4380 929 4417 :
966 4378 1139 4432 neque
1179 4361 1322 4416 enim
1364 4358 1662 4429 dijudicare
1698 4358 1956 4426 permittit

336 4460 472 4516 sive
516 4459 839 4515 examinare
861 4466 916 4512 et
944 4455 1204 4511 sciscitari
1230 4495 1246 4521 ,
1278 4469 1345 4509 an
1385 4451 1737 4523 idolothytum
1776 4453 1845 4505 sit
1886 4466 1955 4505 an

339 4566 511 4615 non;
544 4548 645 4605 sed
677 4547 1141 4603 indiscrimiuatim
1170 4544 1454 4600 comedere
1483 4541 1736 4613 quidquid
1754 4556 1817 4597 ex
1842 4541 1957 4596 loro

333 4642 617 4706 affertur,
643 4655 821 4711 neque
847 4639 1057 4695 discere
1080 4637 1211 4709 quid
1240 4637 1310 4692 sit
1340 4636 1393 4691 id
1438 4635 1580 4708 quod
1606 4634 1895 4706 apponitur
1941 4652 1954 4688 :

331 4733 501 4789 unde
556 4733 620 4787 lit
649 4741 706 4786 ut
746 4731 838 4803 qui
878 4730 1128 4802 ignorans
1166 4727 1460 4785 comederit
1499 4729 1776 4784 liberetur.
1809 4727 1956 4782 Talia

329 4825 498 4880 enim
534 4829 676 4878 sunt
716 4837 835 4891 quae
865 4830 1053 4876 natura
1082 4835 1190 4875 non
1218 4827 1345 4875 sunt
1372 4820 1510 4874 mala
1532 4860 1548 4885 ,
1575 4818 1670 4875 sed
1709 4835 1775 4875 ex
1805 4818 1947 4887 cogi-

328 4917 567 4971 tatione
615 4913 746 4984 quid
798 4912 1132 4967 immtmdum
1177 4910 1394 4966 faciunt.
1447 4910 1734 4980 Propterea
1785 4909 1953 4976 dicit,

328 5005 506 5060 Nihil
536 5005 940 5071 interrogantes.
970 5003 1058 5059 26.
1088 5001 1222 5056 Nam
1255 5000 1462 5055 Domini
1481 5010 1553 5055 est
1576 5011 1708 5055 terra
1727 5010 1773 5055 et
1795 5000 1956 5071 pleni-

322 5100 462 5156 tudo
484 5100 642 5169 ejus,
663 5110 770 5150 non
792 5095 1199 5150 daemoniorum.
1222 5093 1374 5162 Quod
1394 5092 1441 5149 si
1471 5103 1635 5157 terra,
1654 5092 1877 5155 fructus,
1903 5100 1958 5146 et

320 5194 499 5248 bruta
534 5190 675 5259 ejus
705 5191 910 5255 omnia,
939 5187 1072 5242 nihil
1108 5188 1304 5244 habent
1330 5185 1664 5243 immundum
1690 5184 1820 5240 :sed
1849 5185 1954 5239 alio

319 5285 508 5340 modo
545 5278 900 5336 immundum
928 5278 1155 5334 efﬁcitur
1190 5296 1255 5334 ex
1281 5278 1607 5350 cogitatione
1636 5286 1691 5333 et
1727 5292 1792 5333 ex
1842 5278 1957 5332 ino-

321 5376 542 5431 bedien
554 5372 641 5427 tia
675 5387 690 5425 :
715 5369 841 5427 ideo
861 5386 969 5426 non
994 5371 1155 5426 modo
1173 5371 1430 5441 permisit,
1459 5370 1553 5425 sed
1573 5368 1755 5433 etiam,
1779 5369 1868 5421 27.
1896 5367 1957 5421 Si

319 5468 478 5537 quis,
513 5462 753 5534 inquit,
786 5477 874 5516 vos
903 5472 1045 5516 vocat
1063 5462 1345 5530 infidelium
1366 5503 1379 5525 ,
1412 5470 1460 5515 et
1481 5461 1629 5515 vultis
1655 5460 1730 5514 ire
1751 5500 1767 5525 ,
1808 5474 1956 5513 omne

320 5560 470 5626 quod
512 5554 680 5612 vobis
730 5556 1009 5625 apponitur
1049 5556 1385 5622 manducate,
1420 5555 1550 5609 nihil
1592 5556 1955 5625 interregantes

386 5693 404 5723 ¹
445 5685 687 5739 savilius
708 5684 978 5749 legendum
1002 5692 1165 5749 putat,
1191 5683 1240 5734 in
1263 5683 1450 5749 templis
1480 5684 1739 5747 idolorum,
1769 5691 1819 5735 et
1844 5683 1951 5734 luce

321 5752 536 5803 ridetur
567 5759 701 5800 vera
726 5745 895 5799 Ie'ctio.
921 5745 1014 5797 Sed
1030 5745 1294 5799 reclamant
1317 5745 1442 5797 Editi
1469 5755 1519 5796 et
1543 5755 1646 5796 uss.

2060 2811 2266 2870 propter
2323 2807 2699 2865 conscientiam.
2754 2811 2883 2869 Vide
2934 2829 3123 2872 rursus
3170 2815 3639 2873 moderationem:

2061 2908 2233 2962 neque
2261 2896 2403 2949 enim
2422 2899 2580 2965 jussit
2607 2904 2689 2955 vel
2723 2905 2976 2975 przecepit
3004 2907 3172 2973 abire,
3199 2908 3295 2963 sed
3323 2921 3497 2977 neque
3519 2921 3642 2979 pro-

2063 2983 2233 3039 hibuit
2265 3002 2279 3038 :
2313 2989 2665 3049 abscedentes
2686 3010 2875 3050 rursus
2904 2996 2974 3051 ab
2996 2999 3143 3054 omni
3169 2999 3475 3071 suspicione
3500 2999 3659 3067 libc-.

2060 3088 2160 3131 rat.
2195 3078 2411 3147 Quare?
2434 3081 2513 3138 Ne
2540 3085 2810 3143 videretur
2837 3104 2867 3142 a
2895 3100 3039 3145 metu
3068 3100 3161 3148 aut
3190 3092 3474 3149 formidine
3518 3108 3640 3148 esse

2061 3179 2202 3224 tanta
2220 3176 2510 3231 accuratio.
2534 3177 2661 3231 Nam
2677 3181 2764 3249 qui
2782 3183 2993 3238 curiose
3010 3184 3251 3256 inquirit,
3271 3185 3425 3258 quasi
3447 3184 3641 3241 timens

2061 3259 2163 3315 hoc
2204 3261 2378 3318 facit:
2426 3266 2516 3335 qui
2557 3277 2736 3323 autem
2784 3280 3066 3343 postquam
3110 3275 3315 3331 audivit
3364 3276 3640 3341 abstinet,

2059 3353 2210 3420 quasi
2237 3353 2539 3424 despiciens
2567 3369 2622 3414 et
2648 3360 2774 3415 odio
2813 3364 3017 3419 habens
3058 3374 3116 3420 et
3154 3378 3441 3433 aversaris,
3475 3366 3642 3421 absti-

2062 3451 2174 3498 net.
2205 3444 2328 3500 ldeo
2366 3448 2563 3504 Paulus
2592 3461 2877 3522 utrumque
2902 3455 3224 3512 conﬁrmare
3250 3457 3437 3511 volens
3456 3497 3471 3521 ,
3500 3458 3576 3510 ait
3616 3472 3632 3509 :

2065 3532 2228 3588 Omne
2253 3537 2389 3606 quod
2434 3538 2569 3593 vobis
2608 3542 2884 3610 apponitur
2928 3544 3249 3598 manducate.
3293 3545 3385 3599 28.
3433 3544 3494 3600 Si
3525 3547 3640 3616 quis

2062 3634 2228 3678 autem
2255 3627 2390 3680 vobis
2418 3629 2604 3683 dixerit
2628 3670 2643 3695 ,
2698 3629 2809 3685 Hoc
2832 3633 3147 3687 immolatum
3176 3642 3247 3689 est
3273 3635 3424 3689 idolis
3443 3677 3459 3702 ,
3490 3635 3643 3689 nolite

2062 3718 2372 3772 manducare
2399 3724 2606 3791 propter
2644 3722 2792 3777 illum
2832 3725 2919 3795 qui
2961 3725 3224 3782 indicavit.
3276 3726 3462 3797 Neque
3498 3728 3642 3783 enim

2063 3816 2330 3878 tamquam
2359 3823 2387 3862 a
2432 3811 2540 3863 vim
2578 3813 2809 3883 aliquam
2835 3814 3154 3871 habentibus
3178 3856 3195 3881 ,
3240 3816 3338 3871 sed
3368 3824 3637 3888 tamquam

2061 3898 2130 3953 ab
2176 3902 2524 3957 exsecrandis
2547 3903 2701 3973 jubet
2747 3905 3040 3962 abstinere.
3068 3906 3251 3977 Neque
3274 3907 3433 3978 igitur
3461 3908 3529 3963 ab
3574 3908 3637 3962 iis

2061 4000 2119 4047 ut
2165 4008 2281 4064 qua:
2332 4010 2529 4051 nocere
2578 4000 2782 4067 possint
2821 3998 3017 4071 fugite;
3059 4001 3258 4055 nullam
3302 4002 3500 4071 quippe
3528 4004 3633 4054 vim

2064 4086 2293 4154 habent;
2326 4104 2500 4159 neque
2525 4091 2646 4162 quia
2675 4093 2872 4147 nullam
2900 4094 3007 4148 vim
3045 4092 3243 4149 habent
3268 4135 3283 4159 ,
3313 4094 3636 4149 indiscrimi-

2061 4180 2224 4234 natim
2258 4181 2561 4251 percipiatis
2594 4201 2607 4236 :
2639 4183 2872 4238 hostium
2919 4185 3062 4239 enim
3101 4193 3156 4238 et
3202 4185 3639 4239 inhonoratorum

2058 4286 2243 4327 mensa
2264 4283 2365 4327 est.
2391 4273 2513 4327 Ideo
2538 4274 2769 4338 dicebat,
2787 4274 2959 4329 Nolite
2986 4275 3246 4329 comedere
3270 4284 3475 4344 propter
3493 4275 3639 4328 illum

2058 4367 2145 4434 qui
2174 4364 2436 4429 iudicavit,
2465 4374 2509 4418 et
2538 4375 2741 4435 propter
2764 4367 3141 4419 conscientiam.
3177 4365 3384 4418 Domini
3404 4366 3537 4419 enim
3564 4376 3637 4419 est

2061 4463 2194 4507 terra
2226 4462 2275 4506 et
2320 4453 2580 4522 plenitudo
2611 4454 2739 4524 ejus.
2786 4454 2970 4509 Viden’
3001 4453 3272 4525 quomodo
3300 4464 3351 4509 et
3380 4469 3501 4508 cum
3550 4469 3643 4509 co-

2061 4546 2277 4601 medere
2300 4545 2487 4614 jubet,
2518 4553 2574 4599 et
2602 4560 2721 4600 eum
2751 4546 3025 4602 abstinere
3049 4586 3063 4613 ,
3092 4545 3233 4602 idem
3274 4547 3638 4602 testimonium

2061 4637 2115 4691 in
2156 4636 2388 4693 medium
2442 4636 2716 4693 adducat?
2759 4637 2943 4707 Neque
2986 4638 3128 4693 enim
3178 4637 3298 4694 ideo
3338 4636 3599 4709 prohibeo
3624 4680 3638 4700 ,

2061 4727 2263 4798 inquit,
2292 4728 2444 4798 quasi
2473 4729 2646 4784 aliena
2677 4729 2819 4795 sint;
2845 4744 2965 4783 nam
2997 4729 3203 4783 Domini
3225 4738 3308 4784 est
3334 4739 3513 4793 terra;
3548 4730 3641 4784 sed

2067 4826 2281 4889 propter
2312 4817 2363 4873 id
2390 4819 2533 4888 quod
2562 4818 2805 4874 dicebam
2826 4860 2841 4884 ,
2876 4830 3096 4891 propter
3133 4821 3552 4885 conscientiam;
3589 4821 3638 4874 id

2062 4919 2144 4966 est
2160 4950 2177 4976 ,
2203 4926 2269 4965 ne
2296 4910 2525 4965 laedaris.
2549 4910 2771 4979 Oportet
2786 4926 2914 4982 ergo
2933 4913 3145 4968 curiose
3174 4912 3444 4983 inquirere
3460 4912 3484 4966 ἳ
3500 4910 3638 4973 Non,

2063 5003 2231 5073 inquit
2259 5018 2273 5054 :
2305 5018 2476 5071 neque
2502 5002 2644 5056 enim
2674 5012 2815 5056 tuam
2846 5003 2955 5058 dixi
2981 5004 3366 5059 conscientiam
3392 5043 3408 5067 ,
3437 5002 3531 5058 sed
3575 5004 3639 5057 il-

2062 5093 2184 5148 lius.
2211 5092 2365 5146 Prius
2390 5091 2532 5145 enim
2577 5091 2716 5156 dixi,
2753 5090 2972 5160 Propter
3000 5094 3148 5146 illum
3170 5093 3256 5161 qui
3285 5092 3562 5156 indicarit;
3587 5103 3639 5148 et

2062 5199 2248 5239 rursus
2280 5202 2292 5237 :
2322 5183 2410 5239 29.
2446 5183 2813 5238 Conscientiam
2842 5184 2956 5238 dico
2977 5202 3078 5239 non
3107 5195 3268 5250 tuam,
3293 5185 3384 5241 sed
3408 5186 3636 5242 alterius.

2063 5276 2171 5331 Sed
2200 5274 2337 5329 forte
2361 5275 2557 5330 dixerit
2579 5276 2841 5345 quispiam
2870 5291 2882 5328 :
2915 5276 3191 5331 Fratribus
3216 5279 3407 5334 merito
3433 5282 3634 5350 parcis,

2062 5377 2118 5424 et
2169 5383 2274 5422 non
2320 5367 2453 5422 sinis
2500 5382 2599 5422 nos
2645 5376 2861 5437 gustare
2902 5378 3121 5440 propter
3151 5370 3305 5436 illos;
3337 5388 3406 5428 ne
3450 5387 3636 5427 eorum

2062 5458 2388 5516 conscientia
2413 5474 2531 5511 cum
2562 5459 2630 5513 sit
2654 5458 2863 5514 inﬁrma
2885 5502 2900 5525 ,
2931 5463 3215 5517 inducatur
3243 5464 3309 5517 ad
3350 5462 3637 5517 comeden—

2061 5555 2196 5610 dum’
2217 5568 2279 5608 ea
2304 5594 2319 5616 ,
2351 5568 2470 5622 qua:
2491 5552 2652 5607 idolis
2672 5563 2798 5608 sunt
2826 5554 3095 5609 immolata
3145 5574 3157 5609 :
3193 5557 3234 5609 si
3269 5570 3399 5608 vero
3425 5554 3636 5623 gentilis

2061 5646 2322 5717 quispiam
2349 5644 2501 5700 fuerit
2528 5687 2541 5710 ,
2572 5646 2697 5715 quid
2732 5646 2822 5699 tibi
2854 5662 2995 5701 curae
3026 5648 3145 5700 est?
3176 5660 3351 5699 nonne
3392 5652 3447 5694 tu
3485 5643 3632 5695 dicc-

2064 5737 2193 5803 bas,
2229 5735 2364 5803 Quid
2407 5736 2536 5790 enim
2583 5737 2703 5789 mihi
2732 5736 2792 5790 de
2841 5737 2901 5790 iis
2943 5736 3026 5805 qui
3056 5736 3181 5805 foris
3229 5740 3343 5786 sunt
3389 5723 3636 5790 judicare
