3990 6168
334 262 438 318 207

339 376 414 445 (l.
437 370 555 430 Cor.
587 372 641 429 5.
674 368 805 442 li)?
831 383 926 425 cur
952 380 1081 437 ergo
1102 378 1290 420 rursus
1312 362 1381 418 de
1402 360 1506 416 illis
1531 374 1715 414 curant
1728 355 1914 428 geris?

339 466 453 520 Non
481 463 644 527 illius,
668 459 860 531 inquit,
891 456 985 514 sed
1013 456 1177 512 etiam
1202 454 1291 510 hic
1316 453 1393 513 tui
1414 466 1599 508 cum
1620 464 1775 520 gero.
1792 446 1918 501 ldeo

339 556 612 627 subiunxit
655 573 668 609 :
703 552 771 610 Ut
811 553 933 622 quid
977 551 1111 609 enim
1156 548 1366 604 libertas
1405 561 1517 600 mea
1556 544 1823 614 judicatur
1857 538 1918 594 ab

341 653 507 705 aliena
525 647 830 703 conscientia
850 646 877 699 .’
894 645 1196 702 libertatem
1214 641 1420 704 dicens,
1439 637 1577 709 quod
1605 651 1709 691 non
1736 636 1921 691 obser-

342 749 492 796 vetur
522 755 695 809 neque
720 736 1071 808 prohibeatur
1110 751 1123 789 :
1169 733 1272 788 hoc
1300 732 1443 787 enim
1476 730 1696 785 libertas
1726 735 1810 782 est
1831 767 1848 792 ,
1890 741 1919 780 a

340 831 562 889 Judaica
612 829 871 886 servitute
919 826 1165 881 liberata.
1208 824 1322 878 Hoc
1364 831 1542 878 autem
1571 820 1680 874 vult
1713 816 1920 888 signiﬁ-

340 939 464 980 care
497 940 511 976 :
545 921 777 977 liberum
800 935 901 989 me
938 917 1065 972 fecit
1117 916 1257 971 Deus
1282 957 1298 982 ,
1326 923 1379 969 et
1412 912 1558 995 omni
1599 912 1922 965 documento

342 1014 706 1086 superiorem;
738 1012 830 1068 sed
858 1012 1029 1067 nescit
1055 1010 1266 1080 gentilis
1291 1010 1358 1062 de
1389 1021 1505 1061 mea
1533 1004 1774 1074 judicare
1802 999 1921 1070 phi-

342 1103 607 1177 loSophia,
637 1120 808 1175 neque
832 1102 1039 1158 Domini
1064 1102 1167 1156 mei
1200 1099 1571 1154 liberalitatem
1597 1094 1920 1165 perspicere,

345 1199 439 1254 sed
469 1197 850 1254 condemnabit
879 1203 934 1250 et
959 1193 1097 1262 apud
1129 1207 1188 1247 se
1228 1190 1372 1246 dicet
1399 1207 1412 1243 :
1445 1187 1659 1243 Fabulae
1686 1192 1814 1240 sunt
1839 1195 1925 1237 res

344 1289 769 1345 Christianorum
799 1305 811 1340 :
840 1287 1110 1342 abstinent
1151 1284 1219 1339 ab
1263 1282 1420 1337 idolis
1442 1322 1458 1345 ,
1487 1274 1697 1350 fugiunt
1726 1276 1925 1331 daemo-

347 1396 442 1435 nas
465 1421 479 1444 ,
512 1388 566 1434 et
594 1378 799 1433 hmrcul
830 1377 894 1431 iis
921 1392 1040 1446 qua:
1082 1374 1186 1429 illis
1223 1372 1521 1427 offeruntur
1549 1387 1564 1422 :
1596 1370 1740 1439 viget
1784 1363 1924 1434 apud

346 1472 466 1527 illos
496 1471 635 1540 gula.
668 1470 735 1525 Et
759 1468 883 1539 quid
916 1476 1026 1522 tum
1053 1508 1068 1533 ,
1102 1464 1344 1536 inquies?
1364 1461 1490 1533 quid
1523 1460 1674 1515 nobis
1705 1457 1922 1524 damni,

344 1562 389 1615 si
437 1561 525 1617 ille
551 1562 689 1615 male
732 1559 977 1630 iudicet?
1006 1557 1223 1626 Quanto
1245 1565 1429 1610 autem
1474 1551 1670 1606 melius
1696 1565 1802 1603 non
1849 1548 1927 1602 illi

346 1652 683 1708 occasionem
728 1650 857 1705 dare
886 1660 942 1705 ut
967 1646 1216 1720 iudicet?
1239 1646 1283 1701 si
1313 1645 1454 1701 enim
1501 1642 1808 1704 abstineas,
1860 1652 1928 1692 ne

348 1746 463 1799 haec
481 1744 691 1815 quidem
715 1743 873 1798 dicet.
900 1741 1201 1810 Quomodo,
1225 1738 1450 1809 inquies,
1485 1752 1589 1791 non
1613 1734 1791 1789 dicet?
1807 1746 1927 1786 eum

347 1836 489 1892 enim
520 1836 708 1891 viderit
730 1851 818 1892 me
845 1835 961 1890 lucc
990 1850 1095 1889 non
1116 1832 1443 1896 examinare,
1476 1845 1579 1883 non
1607 1829 1661 1883 in
1681 1825 1926 1888 macello,

349 1945 456 1984 non
480 1927 531 1981 in
558 1926 806 1982 convivio
830 1969 846 1992 ,
874 1924 1146 1996 quomodo
1174 1939 1281 1979 non
1307 1922 1451 1978 dicet
1491 1935 1670 1991 neque
1711 1918 1932 1974 damna-

346 2022 457 2087 bit,
489 2031 546 2075 ut
579 2021 671 2092 qui
725 2019 836 2074 indi
851 2018 1208 2073 scriminatim
1252 2016 1443 2071 horum
1477 2014 1745 2084 particeps
1786 2010 1930 2066 sim?

350 2114 695 2183 Nequaquam
728 2130 742 2165 :
773 2127 948 2183 neque
978 2111 1123 2167 enim
1164 2109 1279 2164 haec
1309 2119 1578 2177 tamquam
1631 2105 1789 2161 idolis
1829 2105 1932 2159 im-

350 2208 547 2261 molata
593 2204 871 2270 comedis,
919 2204 1012 2259 sed
1063 2214 1331 2272 tamquam
1382 2200 1579 2255 munda
1612 2216 1625 2253 :
1657 2200 1703 2253 si
1749 2206 1927 2253 autem

353 2312 458 2351 non
490 2296 700 2351 curiose
739 2294 963 2366 inquiris
988 2337 1000 2355 .
1033 2293 1137 2348 hoc
1166 2280 1299 2347 facis
1325 2301 1378 2346 ut
1409 2290 1661 2346 ostendas
1690 2297 1741 2344 te
1765 2302 1935 2358 appo-

353 2387 452 2441 sita
476 2402 581 2440 non
610 2387 819 2441 timere.
844 2385 1135 2454 Propterea
1164 2383 1277 2438 sive
1303 2385 1354 2437 in
1384 2383 1601 2437 domum
1623 2381 1934 2437 Gra‘corum

357 2475 674 2546 ingrediaris
699 2516 712 2541 ,
746 2476 861 2531 sive
893 2476 944 2528 in
976 2475 1149 2530 furum
1180 2474 1396 2529 veneris
1417 2514 1432 2539 ,
1462 2487 1566 2526 non
1596 2474 1850 2541 permitto
1884 2479 1938 2526 te

359 2566 619 2620 sciscitari
650 2608 665 2633 ,
693 2581 761 2620 ne
791 2564 1074 2634 strepitum
1104 2566 1314 2626 timeas,
1356 2563 1436 2617 vel
1464 2561 1773 2631 impliceris,
1802 2575 1938 2616 neve

361 2657 708 2727 percellaris,
758 2671 895 2712 neve
944 2655 1040 2710 tibi
1090 2652 1360 2724 superﬂua
1409 2653 1650 2725 prtebeas
1702 2652 1935 2722 negotia.

350 2749 447 2805 ’50.
509 2748 571 2804 Si
615 2764 707 2820 ego
755 2764 872 2803 cum
906 2746 1073 2819 gratia
1119 2745 1406 2817 participe,
1445 2743 1569 2816 quid
1619 2743 1939 2813 blasphcmor

358 2858 452 2912 pro
475 2856 532 2895 eo
570 2839 705 2911 quod
742 2839 935 2912 gratias
969 2837 1109 2908 ago?
1132 2836 1317 2906 Cuius,
1349 2849 1532 2904 qureso
1561 2844 1642 2900 te,
1672 2834 1941 2902 particeps

345 2935 459 2989 es?
488 2933 583 2986 Dei
608 2932 872 2987 donorum
902 2930 1057 2999 :eius
1082 2928 1224 2984 enim
1246 2927 1414 2997 gratia
1443 2935 1588 2980 tanta
1615 2933 1714 2991 est,
1746 2934 1805 2979 ut
1826 2923 1942 2977 ani-

353 3042 501 3081 mam
550 3038 726 3080 meam
756 3022 949 3078 reddat
974 3019 1310 3090 impollutam
1356 3026 1409 3072 ct
1437 3017 1584 3072 omni
1618 3015 1825 3071 macula
1851 3028 1941 3069 su-

348 3115 650 3185 periorem.
674 3110 1135 3182 Quemadmodum
1165 3110 1307 3166 enim
1332 3107 1412 3163 sol
1445 3106 1625 3162 radios
1651 3107 1943 3161 immittcns

350 3207 412 3260 in
443 3205 636 3260 multas
661 3204 896 3260 maculas
917 3246 932 3272 ,
984 3216 1171 3258 rursus
1195 3199 1317 3256 illos
1356 3198 1619 3269 recolligit
1645 3197 1874 3253 mundos
1924 3215 1939 3251 :

346 3278 433 3354 ita
458 3307 513 3353 et
543 3313 665 3363 nos,
688 3306 745 3353 et
771 3297 941 3353 multo
969 3295 1139 3365 magis
1171 3295 1223 3349 in
1241 3293 1421 3349 medio
1437 3286 1619 3347 mundi
1640 3299 1937 3354 versantes,

360 3390 480 3459 puri
512 3404 813 3454 manemus,
842 3389 889 3444 si
918 3387 1150 3444 velimus
1171 3424 1188 3453 ,
1220 3399 1329 3455 quo
1354 3383 1516 3439 etiam
1545 3382 1651 3437 vim
1683 3379 1945 3437 habemus

347 3483 643 3554 maiorem.

428 3574 484 3628 2.
526 3567 634 3629 Cur
661 3587 812 3644 ergo,
838 3572 1047 3641 inquit,
1076 3566 1357 3625 abstines?
1404 3565 1519 3623 Non
1545 3564 1697 3637 quasi
1736 3562 1946 3619 futurus

358 3669 462 3723 sint
490 3665 819 3731 immundus,
841 3664 1012 3729 absit;
1041 3662 1137 3717 sed
1165 3669 1386 3731 propter
1411 3659 1657 3726 fratrem,
1685 3667 1742 3714 et
1762 3658 1945 3713 nesim

361 3759 539 3815 δμοίως
591 3758 1002 3822 dremoniorum,
1056 3770 1194 3811 neve
1224 3754 1435 3824 iudicer
1462 3753 1530 3808 ab
1574 3752 1797 3809 inﬁdeli.
1847 3751 1949 3807 Hic

362 3853 505 3905 enim
539 3866 647 3905 non
670 3849 900 3919 amplius
922 3858 1133 3911 natma,
1179 3846 1275 3901 sed
1298 3846 1661 3900 inobedientia
1687 3886 1703 3912 ,
1729 3853 1783 3899 et
1813 3844 1945 3898 ami-

357 3942 489 3997 cit'a
515 3955 643 4010 erga
673 3940 971 4005 dzemonas,
996 3952 1083 3992 me
1101 3938 1224 3991 facit
1250 3936 1607 4003 immundum,
1640 3947 1694 3990 et
1721 3936 1946 3990 liberum

364 4032 646 4087 arbitrium
698 4030 938 4085 maculas
988 4036 1264 4097 cperatur.
1310 4026 1448 4094 Quid
1480 4027 1578 4080 sibi
1627 4026 1743 4080 vult
1768 4035 1947 4080 autem

354 4122 530 4178 illud:
561 4122 697 4191 Quid
723 4121 1045 4189 blaspltemor
1086 4135 1178 4189 pro
1201 4135 1260 4172 eo
1292 4118 1429 4186 quod
1457 4118 1649 4188 gratias
1674 4119 1810 4189 ago?
1841 4118 1951 4188 Ego

340 4214 741 4286 ‘enim,inquit,
769 4213 968 4284 gratias
989 4226 1090 4282 ago
1117 4211 1247 4275 Deo,
1289 4208 1429 4280 quod
1460 4224 1546 4264 me
1572 4209 1641 4263 ita
1668 4208 1949 4263 sublimem

356 4310 575 4375 iecerit,
602 4317 655 4362 et
678 4305 977 4361 humilitate
1002 4303 1222 4361 Judaica
1244 4302 1601 4372 superiorem,
1631 4301 1703 4355 ita
1726 4309 1785 4356 ut
1809 4301 1951 4357 nulla

351 4419 432 4459 ex
483 4412 636 4472 parte
665 4400 877 4456 laedar:
919 4398 1147 4468 gentiles
1194 4405 1375 4451 autem
1421 4410 1597 4451 meam
1643 4395 1953 4465 ignorantes

366 4491 784 4562 philosophiam,
841 4488 1109 4543 contraria
1154 4486 1570 4557 suspicabuntur
1619 4496 1675 4541 et
1723 4485 1950 4542 dicent:

352 4580 658 4637 Christiani
690 4588 873 4634 nostra
907 4586 1197 4648 appetunt,
1226 4585 1284 4632 et
1320 4586 1445 4633 sunt
1475 4577 1800 4646 hypocriten;
1829 4592 1952 4632 nam

365 4689 490 4729 eum
525 4672 802 4728 daemones
829 4671 1131 4739 vituperent
1160 4676 1216 4725 et
1241 4677 1578 4733 averscntur,
1629 4666 1697 4721 ad
1742 4683 1955 4723 mensas

369 4780 561 4820 eorum
597 4771 905 4826 accurrunt;
938 4776 1045 4831 quo
1064 4761 1189 4831 quid
1214 4758 1454 4814 insanius
1473 4772 1595 4815 esse
1616 4758 1821 4828 possit?
1849 4774 1956 4813 non

365 4872 498 4929 ergo
525 4856 767 4912 veritatis
809 4869 969 4909 causa
991 4894 1005 4918 ,
1037 4854 1133 4908 sed
1181 4852 1489 4907 ambitionis
1518 4859 1577 4908 et
1627 4851 1960 4921 principatus

368 4950 573 5005 amoris
600 4948 670 5003 ad
717 4946 819 5003 hoc
849 4945 1040 5016 dogma
1071 4960 1131 4999 se
1174 4944 1535 4999 contulerunt.
1579 4943 1805 5011 Quantae
1830 4957 1961 5013 ergo

366 5043 593 5098 insanae
620 5042 798 5106 fuerit,
823 5039 866 5095 si
898 5054 992 5109 pro
1017 5037 1124 5093 illis
1151 5038 1346 5108 quibus
1370 5037 1593 5093 affectus
1611 5051 1731 5092 sum
1754 5035 1959 5092 beneﬁ-

369 5134 470 5187 ciis
492 5133 673 5196 tsnt‘u.
703 5142 761 5187 ut
788 5131 855 5187 de
872 5130 982 5186 illis
998 5129 1201 5201 gratias
1226 5143 1402 5199 agam,
1433 5129 1780 5198 blasphemia:
1800 5141 1960 5183 causa

369 5223 610 5279 fuerim?
638 5225 705 5276 At
737 5224 850 5277 haec
879 5237 1093 5292 quoque
1124 5235 1268 5275 nunc
1294 5219 1438 5275 dicet
1457 5219 1697 5284 Crtecus,
1731 5219 1958 5289 inquies,

368 5331 495 5369 eum
526 5310 719 5368 viderit
747 5328 835 5366 me
865 5329 970 5366 non
999 5312 1212 5367 curiose
1241 5311 1553 5380 inquirere?
1583 5309 1958 5378 Nequaquam:

372 5418 554 5473 neque
575 5402 719 5458 enim
750 5403 929 5455 omnia
952 5401 1110 5470 plena
1145 5409 1269 5453 sunt
1296 5400 1628 5471 idolothytis,
1657 5410 1714 5453 ut
1741 5399 1842 5454 hoc
1869 5415 1961 5452 su-

378 5497 632 5567 spiceris,
665 5509 840 5564 neque
881 5504 936 5548 tu
991 5493 1079 5547 illa
1107 5504 1160 5547 ut
1193 5492 1484 5563 idolothyta
1527 5493 1801 5563 degustas.
1842 5491 1962 5546 Noli

371 5607 509 5662 ergo
530 5590 743 5646 curiose
769 5587 1021 5658 indagare
1042 5599 1465 5656 supervacanea;
1487 5601 1659 5653 neque
1684 5598 1887 5645 rursus,
1918 5583 1962 5637 si

385 5683 550 5757 aliqui
568 5683 775 5752 dicunt,
790 5681 951 5738 ldolis
978 5678 1310 5735 immolatum
1326 5687 1425 5747 cst,
1442 5678 1556 5749 eius
1573 5680 1645 5734 sis
1668 5679 1953 5749 particeps.

1035 253 1092 310 Ξ.
1133 250 1413 310 JOANN‘lS
1443 244 1916 303 CIIRYSOSTOMI
1952 242 2268 303 ARGHIEP.
2305 241 2837 302 CONSTANTINOP.

3499 249 3603 309 208

2022 354 2154 410 Nam
2179 354 2403 426 gratiam
2425 355 2518 410 tibi
2537 354 2782 412 Christus
2803 354 2968 421 dedit,
2990 356 3381 428 sublimemque
3407 367 3460 416 te
3479 360 3605 418 fecit

2024 456 2185 515 atque
2217 443 2344 500 huic
2388 444 2584 500 damno
2612 447 2968 515 superiorem,
2997 462 3105 503 non
3134 457 3194 503 ut
3219 449 3357 505 male
3394 450 3603 520 audias,

2028 554 2202 609 neque
2227 546 2304 604 ut,
2334 537 2478 594 unde
2504 546 2706 594 tantum
2735 538 2973 595 lucratus
2999 555 3059 596 es
3080 548 3140 596 ut
3166 542 3365 610 gratias
3393 557 3604 614 ageres.

2027 629 2151 685 imle
2179 629 2248 683 ita
2277 629 2412 685 alios
2436 629 2602 685 laedas
2627 638 2685 685 ut
2713 630 3103 701 blasphement.
3160 631 3270 687 Cur
3310 633 3479 699 enim,
3522 633 3605 690 in-

2026 720 2161 789 quit,
2191 734 2297 776 non
2343 721 2466 776 dico
2503 720 2714 789 Graeco,
2748 721 2901 777 Rodo
2939 730 2994 778 et
3043 724 3172 776 nihil
3202 723 3387 791 hedor,
3435 740 3607 796 neque

2026 810 2178 879 quasi
2219 809 2523 866 dtetnonum
2560 811 2764 867 amicus
2795 813 2895 867 hoc
2926 813 3061 869 facio
3083 814 3112 869 ἲ
3131 813 3266 883 Quia
3299 831 3405 871 non
3433 828 3609 886 potest

2029 902 2372 969 persuadere,
2401 903 2613 959 etiamsi
2639 904 2834 960 millies
2863 905 3008 960 dicas
3039 921 3054 959 :
3084 906 3328 962 inﬁrmus
3377 924 3608 980 namque

2027 1003 2112 1047 est
2139 1003 2193 1049 et
2212 993 2480 1050 inimicus.
2515 995 2572 1052 Si
2613 996 2755 1064 enim
2789 997 2937 1051 fratri
2980 997 3216 1054 nondum
3268 1000 3604 1069 persuasisti,

2029 1085 2199 1141 multo
2237 1087 2413 1141 minus
2456 1087 2672 1143 inimico
2717 1096 2771 1143 et
2799 1086 2986 1144 Graeco
3017 1090 3387 1159 persuadebis.
3425 1090 3479 1148 Si
3520 1092 3609 1149 ille

2030 1194 2125 1249 per
2154 1181 2539 1237 conscientiam
2590 1181 2747 1236 idolis
2792 1182 3052 1237 immolati
3110 1183 3394 1251 retinetur,
3440 1186 3607 1241 multo

2030 1274 2199 1344 magis
2228 1273 2474 1329 inﬁdelis.
2498 1273 2639 1343 Quid
2660 1282 2836 1331 autem
2865 1276 3019 1331 nobis
3042 1285 3145 1331 tam
3166 1277 3348 1333 multis
3367 1293 3500 1347 opus
3522 1289 3607 1334 est

2032 1363 2304 1433 negotiis?
2333 1364 2469 1433 Quid
2501 1381 2651 1436 ergo,
2683 1366 2806 1437 quia
2836 1366 3109 1423 Christum
3138 1368 3382 1423 novimus
3405 1379 3463 1424 et.
3483 1385 3608 1441 gra-

2035 1457 2134 1511 tias
2162 1457 2391 1525 agimus,
2423 1458 2495 1514 illi
2517 1469 2692 1515 autem
2720 1458 3114 1531 blasphemant,
3136 1461 3256 1516 ideo
3281 1462 3349 1516 ab
3370 1462 3471 1518 hoc
3488 1464 3610 1518 abs-

2034 1549 2353 1617 tinebimus?
2381 1554 2562 1622 Apage
2589 1571 2603 1607 :
2630 1567 2737 1608 non
2784 1554 2925 1608 enim
2954 1569 3048 1623 par
3078 1569 3164 1611 res
3189 1565 3269 1610 est
3296 1573 3310 1610 :
3340 1556 3446 1611 illic
3469 1558 3608 1613 enim

2032 1643 2239 1698 lucrum
2269 1659 2518 1714 magnum
2545 1654 2649 1712 est,
2676 1646 2815 1716 quod
2839 1646 3224 1718 blasphemiam
3257 1649 3509 1716 feramus,
3528 1649 3613 1705 hic

2033 1747 2209 1790 autem
2237 1736 2370 1790 nihil
2391 1739 2490 1792 erit
2513 1738 2665 1792 lucri.
2686 1738 2809 1795 Ideo
2834 1741 2981 1809 prius
3006 1739 3216 1797 dicebat
3281 1742 3462 1809 Neque
3485 1745 3613 1796 enim

2034 1827 2077 1879 si
2092 1827 2477 1896 manducamus,
2501 1829 2842 1898 abundamus;
2862 1850 3020 1903 neque
3037 1835 3080 1888 si
3100 1851 3199 1889 non
3227 1836 3610 1903 manducamus,

2037 1915 2296 1984 deﬁcimus
2324 1917 2399 1987 (l.
2426 1918 2543 1973 Cor.
2576 1920 2628 1975 8.
2654 1920 2733 1990 8).
2766 1921 2965 1978 Praeter
2994 1923 3108 1979 haec
3138 1934 3317 1980 autem
3348 1942 3463 1980 rem
3496 1942 3615 1983 esse

2038 2002 2342 2075 fugiendam
2367 2011 2751 2078 pronuntiavit,
2774 2013 2844 2068 ita
2861 2023 2918 2069 ut
2932 2015 3031 2069 alia
3051 2019 3210 2072 etiam
3227 2017 3434 2074 ratione
3456 2019 3618 2075 absti-

2039 2114 2167 2153 nere
2196 2109 2459 2168 Oportcat,
2495 2118 2600 2157 non
2631 2103 2752 2159 ideo
2784 2114 3011 2171 tantum,
3044 2109 3137 2163 sed
3190 2109 3261 2164 ob
3301 2111 3436 2165 alias
3487 2127 3618 2182 quas

2037 2187 2172 2243 dixit
2198 2205 2408 2247 causas.
2438 2194 2525 2249 51.
2548 2194 2668 2250 Sive
2684 2213 2805 2266 ergo
2826 2198 3166 2266 manducetis,
3195 2201 3298 2256 sive
3314 2201 3504 2271 bibitis,
3518 2206 3619 2259 siue

2039 2279 2183 2333 aliud
2201 2281 2327 2350 quid
2344 2283 2536 2352 facitis,
2563 2287 2734 2339 omnia
2751 2288 2805 2342 in
2826 2289 3044 2360 gloriam
3068 2289 3163 2345 Dei
3179 2292 3348 2362 facile.
3377 2293 3617 2351 Vidistin‘

2040 2370 2311 2439 quomodo
2352 2388 2381 2426 a
2414 2389 2475 2430 re
2504 2377 2773 2445 proposita
2804 2379 2870 2434 ad
2919 2379 2972 2434 id
3020 2380 3162 2450 quod
3194 2383 3498 2440 universale
3537 2394 3622 2442 est

2041 2461 2466 2520 adhortationem
2495 2466 2795 2540 deduxerit,
2819 2487 2921 2526 una
2943 2474 3299 2542 pulcherrima
3322 2477 3476 2533 nobis
3500 2478 3620 2534 data

2040 2552 2371 2623 definitione,
2415 2568 2471 2611 ut
2503 2558 2643 2614 Deus
2672 2576 2766 2630 per
2792 2563 2968 2617 omnia
2995 2564 3359 2634 gloriﬁcetur?
3382 2569 3474 2624 52.
3498 2570 3623 2625 Sine

2042 2641 2319 2711 oﬂ'ensionc
2337 2657 2490 2702 estote
2507 2648 2704 2705 Iudaeis
2730 2663 2777 2706 et
2803 2655 3035 2723 gentibus
3062 2665 3111 2709 et
3141 2656 3386 2715 Ecclesia
3419 2660 3533 2716 Dei.
3567 2662 3621 2725 Id

2043 2746 2145 2796 est.
2176 2736 2375 2791 nullam
2400 2739 2648 2810 cuiquam
2675 2742 2817 2798 detis
2863 2760 3069 2801 ansam.
3101 2746 3239 2803 Nam
3265 2749 3430 2806 frater
3454 2752 3627 2809 offen-

2044 2825 2205 2889 ditur,
2227 2827 2442 2884 Judaaus
2469 2834 2640 2904 magis
2669 2846 2719 2890 te
2740 2836 2865 2891 odio
2901 2837 3117 2895 habebit
3146 2850 3303 2911 teque
3330 2842 3623 2913 damnabit,

2042 2919 2259 3011 gentilis
2283 2922 2532 2980 similiter
2555 2936 2824 2999 tamquam
2857 2930 3159 2990 helluonem
3181 2935 3425 2993 irridebit
3452 2950 3507 2995 et
3532 2940 3630 3011 hy-

2048 3008 2328 3079 pocritam.
2368 3013 2485 3070 Non
2515 3017 2676 3074 modo
2716 3018 2910 3077 fratres
2936 3023 3210 3083 oﬂ'eudere
3238 3042 3344 3083 non
3375 3008 3586 3100 oportei
3610 3072 3627 3098 ,

2046 3101 2164 3167 sed,
2195 3114 2454 3173 quantum
2509 3107 2626 3163 ﬁeri
2657 3119 2862 3179 potest,
2908 3129 2976 3169 ne
3003 3128 3257 3173 externos
3303 3119 3541 3189 quidem.
3572 3122 3628 3177 Si

2046 3198 2189 3251 enim
2223 3197 2311 3252 lux
2336 3213 2521 3254 sumus
2544 3209 2599 3255 et
2615 3202 2933 3258 fermentum
2961 3216 3015 3262 et
3044 3207 3322 3264 luminaria
3350 3222 3404 3265 et
3441 3213 3542 3276 sal,
3571 3214 3636 3267 il-

2049 3287 2338 3355 luminare,
2369 3305 2477 3345 non
2507 3292 2744 3349 tenebris
2771 3295 3049 3353 oﬁ‘undere
3068 3309 3315 3368 oportet;
3344 3304 3630 3374 stringere,

2048 3397 2155 3437 non
2185 3381 2514 3452 dissolvere;
2542 3384 2609 3439 ad
2638 3400 2737 3440 nos
2758 3387 3002 3445 infideles
3030 3391 3320 3459 attrahere,
3356 3409 3464 3449 non
3486 3394 3635 3466 fuga-

2049 3490 2129 3530 re.
2162 3475 2301 3544 Quid
2327 3492 2456 3547 ergo
2489 3481 2826 3549 persequeris
2856 3496 2968 3547 eos,
3000 3498 3135 3552 quos
3166 3485 3443 3542 attrahere
3469 3504 3630 3558 opor-

2049 3567 2159 3621 tet?
2220 3567 2429 3623 Etenim
2455 3569 2624 3624 Grzeci
2653 3570 2994 3627 offenduntur
3022 3588 3144 3629 cum
3191 3590 3288 3631 nos
3336 3578 3523 3633 vident
3566 3580 3633 3636 ad

2052 3656 2177 3713 talia
2202 3668 2569 3715 revertentes:
2600 3672 2833 3717 mentem
2855 3664 2998 3719 enim
3023 3675 3259 3721 nostram
3281 3682 3387 3723 non
3415 3681 3632 3736 norunt,

2052 3764 2226 3819 neque
2254 3751 2397 3822 quod
2425 3753 2599 3808 anima
2623 3765 2803 3810 nostra
2831 3756 2902 3810 sit
2926 3756 3206 3814 sublimior
3230 3761 3488 3831 omnique
3512 3776 3639 3817 sen-

2053 3840 2196 3896 sibili
2248 3843 2454 3898 macula
2510 3846 2776 3913 superior.
2817 3846 2987 3902 Judzei
3032 3864 3162 3904 vero
3214 3861 3269 3906 et
3312 3851 3638 3910 inﬁrmiores

2054 3931 2248 3988 fratres
2276 3934 2465 3989 eadem
2511 3935 2625 4005 ipsa
2651 3938 2938 4006 patientur.
2977 3939 3164 3996 Viden‘
3188 3955 3419 4013 quantas
3445 3960 3641 4015 posue-

2055 4022 2127 4076 rit
2153 4037 2362 4090 causas,
2398 4024 2469 4079 ob
2494 4040 2629 4095 quas
2654 4037 2901 4098 oporteat
2920 4030 2988 4085 ab
3017 4031 3081 4084 iis
3096 4047 3216 4101 quae
3246 4033 3402 4089 idolis
3443 4035 3641 4091 immo-

2057 4117 2160 4171 lata
2225 4125 2348 4172 sunt
2392 4118 2703 4175 abstinere?
2748 4130 2966 4191 propter
2997 4124 3372 4195 inutilitatem,
3421 4140 3643 4201 propter

2054 4208 2501 4278 superﬁuitatem,
2526 4210 2597 4267 ob
2617 4212 2869 4269 damnum
2888 4214 3091 4285 fratris,
3115 4218 3185 4271 oh
3204 4217 3374 4274 Judaei
3394 4222 3643 4293 blasphe-

2058 4301 2241 4366 miam,
2271 4302 2340 4358 ob
2365 4302 2535 4359 Grarci
2560 4304 2900 4361 maledictum
2919 4323 2934 4373 ;
2953 4310 3093 4378 quod
3116 4327 3221 4365 non
3250 4324 3494 4383 oporteat
3518 4332 3644 4373 cum

2057 4390 2388 4447 dmmonibus
2439 4397 2872 4461 communicare,
2908 4398 3049 4468 quod
3098 4416 3160 4455 ea
3197 4417 3282 4457 res
3335 4403 3651 4462 idololatria

2059 4485 2299 4554 quaedam
2330 4486 2418 4541 sit.
2454 4487 2656 4542 Deinde
2684 4490 2804 4557 quia
2834 4489 2988 4557 dixit,
3017 4492 3144 4547 Sine
3163 4492 3441 4560 oﬂ'ensione
3464 4507 3641 4565 estote.

2060 4584 2117 4630 et
2154 4575 2416 4632 obnoxios
2442 4576 2562 4632 illos
2607 4579 2736 4634 fecit
2755 4589 2809 4634 et
2833 4582 3115 4650 gentilium
3143 4594 3199 4639 et
3219 4585 3527 4643 Jntheorum
3554 4588 3651 4642 da~

2062 4667 2225 4734 mnis,
2248 4675 2406 4737 atque
2435 4668 2560 4723 illud
2578 4684 2738 4741 grave
2767 4671 3156 4744 molestumque
3183 4685 3331 4740 erat;
3357 4679 3478 4733 vide
3506 4694 3649 4749 quo-

2064 4759 2229 4815 modo
2264 4760 2395 4816 illud
2426 4764 2754 4834 acceptabile
2796 4775 2850 4819 et
2874 4766 2993 4822 leve
3039 4766 3230 4834 faciat,
3261 4783 3382 4825 sese
3409 4770 3652 4828 medium

2064 4866 2273 4922 ponens
2293 4866 2355 4908 ac
2375 4852 2560 4909 dicens
2594 4872 2607 4908 :
2633 4855 2721 4910 55.
2746 4856 2891 4911 Sicut
2909 4868 2955 4910 et
2981 4874 3072 4929 ego
3101 4875 3192 4926 per
3216 4861 3389 4914 omnia
3416 4862 3654 4917 oneribus

2066 4943 2276 5014 placeo;
2305 4959 2404 4998 non
2433 4960 2662 5014 quarens
2690 4947 2826 5017 quod
2840 4948 2964 5001 uti/ti
2983 4950 3107 5002 utile
3128 4959 3225 5016 est,
3249 4953 3342 5005 sed
3357 4952 3498 5022 quod
3517 4955 3659 5007 ntul-

2067 5035 2160 5101 tis,
2192 5045 2247 5088 ut
2274 5035 2402 5090 salvi
2445 5036 2591 5104 ﬁant.
2622 5036 2775 5108 (Cap.
2809 5032 2981 5100 ll.)l.
3016 5038 3307 5095 lmitatores
3335 5042 3433 5096 mei
3459 5053 3657 5109 estote,

2066 5127 2196 5180 sicut
2245 5143 2334 5197 ego
2390 5127 2600 5182 Christi.

2139 5217 2193 5272 5.
2234 5218 2348 5273 Hoc
2372 5227 2455 5272 est
2479 5218 2661 5286 regula
2690 5218 3065 5288 perfectissimi
3092 5223 3512 5291 Christianismi,
3549 5226 3665 5283 hoc

2068 5317 2317 5363 accurata
2347 5308 2591 5364 deﬁnitio
2614 5350 2629 5375 ,
2678 5311 2778 5366 hoc
2807 5327 3074 5368 summum
3107 5315 3397 5387 fasﬁgium,
3431 5334 3553 5386 qua:
3602 5322 3668 5377 in

2068 5415 2349 5456 commune
2376 5402 2659 5459 conferunt
2680 5421 2921 5474 quaerere
2944 5423 2959 5460 :
2988 5408 3130 5476 quod
3152 5419 3201 5463 et
3232 5409 3346 5478 ipse
3371 5409 3676 5470 declarans

2071 5494 2364 5562 subiunxit,
2395 5495 2539 5549 Sicut
2569 5506 2613 5549 et
2641 5512 2732 5567 ego
2759 5496 2965 5552 Christi.
2999 5499 3140 5553 Nihil
3181 5500 3324 5555 enim
3357 5503 3429 5555 ita
3477 5514 3676 5571 potest

2073 5583 2392 5639 imitatorem
2420 5586 2615 5643 Christi
2648 5588 2843 5656 facere,
2873 5597 2931 5645 ut
2954 5606 3138 5645 curam
3180 5593 3408 5660 proximi
3437 5609 3670 5664 gerere.

2073 5677 2175 5733 Sed
2202 5679 2770 5751 ctiamsiicjunaveris,
2814 5683 2959 5740 humi
2987 5683 3256 5751 cubueris,
3295 5686 3340 5740 si
3372 5694 3444 5749 te,
3479 5694 3537 5741 ut
3581 5688 3675 5745 ita
