3990 6168
356 339 466 396 2C1

326 521 335 529 _
364 452 468 504 τῶν
489 450 661 506 πάλιν
685 451 1026 523 φροντίζειςς
1056 450 1170 506 Οὐκ
1198 448 1408 505 ἐκείνου
1439 448 1730 522 «ppu/:83,
1748 447 1939 518 φησιν,

357 534 500 591 ἀλ.λά
546 536 647 591 καὶ
682 535 913 590 ἐνταῦθα
950 535 1064 589 σοῦ.
1100 535 1190 589 Διὸ
1241 537 1335 589 καὶ
1360 536 1674 604 ἐπήγαγεν·
1725 530 1942 587 ’Ἰν-ατί

355 619 474 689 γὰρ
503 621 543 687 ἡ
591 619 894 686 ἐλευθεριά
923 637 1047 689 μου
1084 620 1347 687 κρίνεται
1384 619 1505 673 ὑπὸ
1558 619 1754 685 ἄλλης
1790 632 1941 671 συντ

361 702 696 770 ειδήσεως;
725 701 1037 772 ἐλευθερίαν
1069 703 1131 756 τὸ
1160 704 1587 775 άπαρατήρητον
1620 702 1714 757 καὶ
1737 700 1943 754 ἀκώλυ-

360 801 457 838 τον
485 784 657 852 λέγων
689 802 702 816 ·
749 785 908 838 τοῦτο
935 787 1045 854 γὰρ
1079 786 1388 857 ἐλευθερία,
1434 785 1731 855 Ἰουδαϊκῆς
1764 782 1942 853 ἀπηλ-

360 866 605 938 λαγμένη
632 867 895 930 δουλείας.
930 871 996 921 Ὅ
1030 869 1085 923 δὲ
1128 869 1300 937 λέγει,
1344 867 1501 923 τοῦτό
1530 870 1714 922 ἐστιν’
1759 867 1942 921 Ἐλεύ-

364 949 517 1020 θερον
552 968 619 1020 με
645 950 904 1021 ἐποίησεν
947 954 975 1005 ὁ
1003 952 1155 1015 Θεὸς,
1201 953 1296 1006 καὶ
1341 953 1521 1021 πάσης
1556 950 1763 1021 βλάϐης
1796 950 1938 1005 ἀνώ-

358 1049 547 1101 τερον*
602 1033 718 1087 ἀλλ’
775 1036 877 1089 οὐκ
915 1031 1058 1089 οἶδεν
1096 1039 1125 1091 ὁ
1156 1036 1358 1106 Ἕλλην
1409 1035 1654 1101 δικάζειν
1700 1039 1765 1107 τῇ
1830 1036 1938 1107 ἐμῇ

355 1116 667 1190 φιλοσοφίᾳ,
722 1118 846 1172 οὐδὲ
895 1119 994 1191 τὴν
1039 1120 1134 1174 τοῦ
1167 1121 1438 1174 Δεσπότου
1481 1137 1584 1191 μου
1625 1119 1941 1190 φιλοτιμίαν

352 1201 608 1270 συνορᾷν.
645 1200 781 1255 ἀλλά
817 1202 1225 1270 καταγνώσεται
1258 1205 1350 1257 καί
1388 1204 1506 1275 ἐρεῖ
1531 1204 1668 1275 πρὸς
1709 1204 1938 1259 ἑαυτόν·

349 1281 538 1347 Μῦθος
569 1283 641 1337 τά
672 1287 1042 1356 Χριστιανῶν,
1069 1290 1360 1358 ἀπέχονται
1392 1290 1500 1344 τῶν
1524 1289 1779 1355 εἰδώλων,
1807 1290 1940 1358 φεύ-

348 1383 510 1433 γουσι
573 1367 856 1439 δαίμονας,
904 1373 998 1425 καὶ
1065 1372 1171 1426 τῶν
1222 1374 1453 1438 ἐκείνοις
1504 1374 1939 1446 προσαγομένων

350 1448 604 1519 ἔχονται·
638 1453 806 1526 πολλὴ
845 1458 973 1527 παρ’
1007 1458 1190 1521 αὐτοῖς
1214 1459 1248 1529 ἡ
1280 1459 1717 1530 γαστριμαργία.
1750 1457 1863 1511 Καὶ
1885 1456 1939 1511 τί

350 1533 553 1600 τοῦτοξ
589 1537 740 1607 φησί’
770 1542 923 1594 ποῖον
943 1540 1001 1594 δὲ
1029 1543 1157 1613 ἡμῖν
1188 1541 1403 1611 βλάϐος,
1425 1540 1497 1597 ἂν
1521 1542 1707 1607 κακῶς
1731 1543 1939 1604 ἐκεῖνος

354 1618 561 1689 κρίνῃς
589 1620 746 1691 Πόσῳ
774 1622 830 1675 δὲ
868 1623 1073 1692 βέλτιον
1104 1625 1167 1679 τὸ
1206 1625 1343 1696 μηδέ
1366 1626 1502 1690 ὅλως
1539 1626 1746 1695 κρίνειν
1788 1624 1937 1695 αὐτῷ

354 1699 595 1768 διδόναι;
623 1703 689 1755 ἂν
711 1704 817 1775 γάρ
846 1706 1045 1779 ἀπέχῃ,
1068 1708 1191 1761 οὐδὲ
1214 1707 1388 1763 ταῦτα
1419 1711 1553 1778 ἐρεῖ.
1580 1708 1728 1775 Πῶς,
1752 1709 1935 1778 φησὶν,

356 1783 460 1836 οὐκ
486 1786 604 1854 ἐρεῖ
624 1803 640 1851 ;
662 1787 790 1840 ὅταν
825 1788 935 1860 γάρ
958 1790 1043 1862 ἴδῃ
1080 1791 1155 1862 μὴ
1195 1790 1518 1856 ἐξετάζοντα
1542 1790 1734 1853 ταῦτα,
1778 1791 1851 1861 μὴ
1881 1792 1937 1844 ιν

363 1867 640 1940 μακέλλῳ,
681 1869 758 1942 μὴ
785 1872 844 1924 ἐν
886 1872 1194 1945 συμποσίῳ,
1229 1874 1345 1938 πῶς
1376 1875 1476 1928 οὐκ
1504 1876 1618 1945 ἐρεῖ
1644 1875 1737 1927 καὶ
1770 1891 1937 1927 κατα-

361 1949 649 2017 γνώσεται,
681 1953 759 2015 ὠς
781 1955 1088 2026 ἀδιαφόρως
1121 1973 1222 2027 μου
1256 1957 1607 2027 μετέχοντος
1635 1957 1897 2027 οὐδαμῶς
1918 1973 1931 1986 .

351 2034 413 2085 οὐ
451 2034 562 2106 γάρ
582 2036 657 2098 ὡς
687 2035 1053 2091 εἰδωλοθύτων
1085 2039 1355 2109 μετέχεις,
1392 2039 1507 2093 ἀλλ’
1538 2040 1613 2103 ὡς
1637 2038 1896 2111 καθαρῶν
1915 2057 1929 2071 ’

345 2119 397 2169 εἰ
428 2118 488 2172 δὲ
514 2119 576 2171 οὐ
612 2121 971 2194 περιεργάζῃ,
1014 2125 1101 2177 ἵνα
1134 2123 1333 2194 δείξῃς,
1361 2124 1440 2178 ὅτι
1487 2126 1545 2177 οὐ
1588 2124 1833 2187 δέδοικας
1866 2125 1936 2177 τὰ

343 2201 707 2271 προκείμενα.
749 2205 850 2256 Διά
875 2206 983 2275 γάρ
1013 2205 1192 2268 τοῦτο,
1226 2205 1326 2261 κᾶν
1348 2209 1428 2271 εἰς
1462 2207 1732 2278 Ἐλλήνων
1756 2207 1935 2261 οἰκίαν

340 2282 623 2356 εἰσέλθῃς,
671 2286 775 2341 κᾶν
823 2289 904 2350 εἰς
946 2288 1153 2359 ἀγοράν
1182 2289 1450 2362 ἐμϐάλῃς,
1486 2291 1585 2345 οὐκ
1625 2291 1833 2361 ἀφίημί
1874 2307 1935 2343 σε

337 2367 581 2439 ἐρωτᾷν,
617 2370 704 2424 ἵνα
738 2371 813 2441 μὴ
852 2371 1121 2443 ψοφοδεὴς
1147 2373 1282 2445 γένῃ
1315 2374 1451 2444 μηδὲ
1479 2372 1760 2445 λινοπλὴξ,
1798 2374 1936 2446 μηδὲ

335 2450 585 2519 περιττά
628 2453 806 2522 ἐαυτῷ
856 2454 1160 2525 πράγματα
1193 2456 1463 2527 παρέχῃς.
1490 2459 1559 2511 Εἰ
1589 2458 1705 2525 ἐγὼ
1742 2457 1935 2527 χάριτι

333 2536 594 2603 μετέχω,
641 2538 702 2591 τί
739 2538 1227 2610 βλασφημοῦμαι
1257 2541 1411 2608 ὑπὲρ
1447 2536 1520 2596 οὗ
1548 2541 1665 2609 ἐγὼ
1691 2544 1934 2611 εὐχαρι-

331 2616 467 2672 στῶ
489 2633 511 2681 ;
537 2619 695 2684 Τίνος
724 2622 973 2693 μετέχεις
989 2625 1207 2696 χάριτι;
1234 2624 1359 2677 εἰπέ
1387 2642 1499 2695 μοι.
1524 2625 1645 2680 Τῶν
1671 2625 1768 2679 τοῦ
1796 2625 1933 2680 Θεοῦ

329 2700 568 2770 δωρεῶν
593 2719 607 2733 ⁸
659 2705 694 2774 ἡ
743 2705 854 2775 γὰρ
905 2707 1065 2778 χάρις
1120 2708 1289 2762 αὐτοῦ
1332 2709 1593 2779 τοσαύτη,
1637 2708 1713 2773 ὡς
1764 2727 1928 2764 κατα-

329 2785 614 2840 σκευάσαι
661 2803 754 2857 μοι
794 2789 893 2859 τὴν
940 2790 1123 2861 ψυχὴν
1171 2792 1470 2862 ἀμόλυντον
1505 2794 1602 2846 καὶ
1652 2793 1933 2863 ἀνωτέραν

324 2868 529 2938 πάσης
566 2870 801 2941 κηλῖδος.
861 2872 1125 2944 Καθάπερ
1167 2875 1277 2947 γάρ
1326 2875 1475 2947 ἥλιος
1524 2878 1777 2947 ἐπαφιεὶς
1829 2877 1933 2940 τάς

322 2951 571 3015 ἀκτῖνας
634 2953 860 3019 πολλαῖς
910 2957 1115 3026 κηλῖσι,
1188 2959 1350 3013 πάλιν
1410 2959 1581 3023 αὐτάς
1650 2958 1933 3013 συστέλλει

322 3035 622 3107 καθαράς·
650 3036 794 3091 οὕτω
828 3039 923 3092 καὶ
947 3042 1128 3111 ἡμεῖς,
1156 3041 1250 3094 καί
1276 3041 1455 3112 πολλῷ
1488 3041 1664 3107 πλέον,
1693 3043 1752 3095 ἐν
1781 3041 1932 3114 μέσῳ

320 3116 407 3188 τῷ
467 3119 670 3191 κόσμῳ
725 3122 1107 3193 στρεφόμενοι,
1172 3123 1408 3193 καθαροὶ
1464 3124 1814 3196 διαμένομεν,
1862 3124 1930 3180 ἀν

318 3201 639 3272 ἐθέλωμεν,
689 3204 801 3275 ὅσῳ
840 3205 936 3259 καὶ
972 3206 1196 3277 μείζονα
1231 3205 1464 3278 δύναμιν
1499 3207 1716 3280 ἔχομεν.

400 3360 474 3430 β’.
501 3361 574 3414 Τί
596 3358 691 3415 οὖν
710 3362 912 3434 ἀπέχῃ,
931 3364 1095 3436 φησίν
1117 3381 1134 3430 ;
1156 3365 1268 3437 Οὐχ
1284 3365 1360 3430 ὡς
1391 3367 1598 3439 μέλλων
1620 3368 1931 3441 ἀκάθαρτος

317 3445 618 3513 γίνεσθαι,
657 3446 731 3517 μὴ
757 3448 986 3516 γένοιτο,
1023 3450 1161 3505 άλλά
1191 3451 1280 3506 διὰ
1314 3452 1405 3507 τὸν
1438 3454 1685 3523 ἀδελφὸν,
1715 3456 1810 3509 καὶ
1842 3456 1931 3510 ἴνα

315 3529 407 3602 μὴ
442 3528 712 3595 κοινωνὸς
742 3532 986 3603 γένωμαι
1017 3535 1334 3605 δαιμονίων,
1359 3538 1456 3591 καὶ
1484 3538 1574 3591 ἴνα
1616 3539 1691 3608 μὴ
1719 3537 1923 3608 κρίνω-

312 3629 434 3683 μαι
470 3611 635 3681 παρὰ
662 3612 756 3665 τοῦ
791 3613 1040 3672 ἀπίστου.
1078 3618 1345 3673 Ἐνταῦθα
1376 3619 1486 3691 γάρ
1516 3620 1701 3673 οὐκέτι
1742 3620 1930 3674 λοιπὸν

310 3696 346 3767 ἡ
383 3694 593 3765 φύσις.
640 3694 758 3748 ἀλλ’
784 3698 816 3768 ή
846 3701 1092 3771 παρακοὴ
1122 3701 1216 3755 καὶ
1250 3704 1283 3773 ή
1313 3703 1451 3772 πρὸς
1484 3700 1747 3772 δαίμονας
1776 3703 1931 3773 φιλία

306 3782 477 3833 ποιεῖ
506 3795 583 3850 με
617 3779 951 3853 ἀκάθαρτον,
993 3786 1086 3838 καὶ
1111 3787 1144 3856 ή
1172 3786 1497 3858 προαίρεσις
1527 3786 1620 3839 τὸν
1646 3787 1930 3858 μολυσμὸν

304 3861 654 3932 ἐργάζεται.
693 3861 758 3915 Τί
799 3864 857 3917 δέ
895 3865 1034 3929 ἐστι,
1073 3867 1136 3920 Τί
1160 3866 1641 3937 ,βλασφημοῦμαι
1674 3868 1827 3939 ὑπὲρ
1856 3865 1927 3927 οὗ

299 3947 428 4016 ἐγὼ
457 3946 815 4015 εὐχαριστῶ
829 3963 850 4011 ;
899 3946 1041 4017 Ἐγὼ
1080 3950 1179 4020 μὲν
1213 3951 1344 4022 γὰρ,
1388 3952 1573 4022 φησὶν,
1618 3952 1929 4022 εὐχαριστῶ

300 4030 389 4101 τῷ
422 4030 585 4099 Θεῷ,
619 4030 705 4083 ὅτι
730 4030 876 4084 οὓτω
908 4047 975 4100 με
1010 4032 1215 4103 ὑψηλὸν
1242 4034 1465 4105 ἐποίησε
1497 4036 1591 4090 καὶ
1625 4036 1928 4106 Ἰουδαϊκῆς

297 4116 729 4182 ταπεινότητος
772 4115 1068 4187 ἀνώτερον,
1097 4118 1175 4181 ὡς
1207 4118 1520 4190 μηδαμόθεν
1552 4120 1922 4190 βλάπτεσθαι·

296 4201 353 4253 οἱ
383 4198 449 4252 δὲ
475 4197 780 4267 Ἕλληνες,
810 4198 911 4251 οὐκ
940 4198 1143 4262 εἰδότες
1168 4217 1270 4270 μου
1289 4200 1388 4272 τὴν
1414 4202 1752 4271 φιλοσοφίαν,
1794 4206 1926 4259 τάν-

295 4282 475 4337 αντία
516 4280 931 4335 ὐποπτεύσουσι
959 4283 1054 4335 καὶ
1088 4282 1328 4352 ἐροῦσιν,
1364 4284 1445 4337 ὅτι
1475 4286 1792 4356 Χριστιανοὶ
1817 4290 1929 4343 τῶν

292 4364 624 4434 ἡμετέρων
660 4364 923 4433 ἐφίενται,
955 4366 1050 4418 καὶ
1079 4366 1373 4436 ὑποκριταί
1396 4367 1541 4432 τινές
1563 4371 1690 4433 εἰσι,
1715 4370 1925 4426 διαϐάλ-

292 4447 497 4510 λοντες
543 4446 662 4518 μὲν
689 4446 949 4516 δαίμονας
971 4448 1064 4501 καὶ
1106 4448 1596 4520 ἀποστρεφόμενοι,
1627 4452 1718 4504 ἐπὶ
1745 4452 1803 4506 δὲ
1827 4455 1927 4518 τὰς

289 4530 610 4602 τραπέζας
635 4528 819 4583 αὐτῶν
840 4530 1124 4601 τρέχοντες
1148 4546 1161 4558 ·
1197 4526 1261 4585 οὐ
1276 4531 1330 4585 τί
1349 4532 1545 4601 γένοιτ’
1572 4532 1638 4588 ἂν
1661 4535 1925 4607 ἀναισθη-

289 4619 573 4688 τότερον;
607 4615 715 4668 οὐκ
754 4614 866 4687 ἄρα
906 4615 1163 4685 ἀληθείας
1193 4615 1405 4684 ἕνεκεν,
1438 4618 1574 4672 ἀλλά
1608 4617 1926 4690 φιλοτιμίας

288 4702 395 4755 καὶ
428 4697 757 4771 φιλαρχίας
790 4698 884 4751 ἐπὶ
913 4699 973 4752 τὸ
998 4699 1177 4770 δόγμα
1202 4698 1362 4754 τοῦτο
1382 4702 1696 4773 ἐληλύθασι.
1740 4703 1924 4776 Πόσης

290 4783 457 4856 [122]
492 4779 600 4838 οὖν
633 4781 825 4845 ἀνοίας
844 4783 909 4835 ἂν
931 4782 1039 4854 εἴη,
1069 4783 1208 4855 ὑπὲρ
1230 4776 1304 4837 ὧν
1325 4784 1496 4849 οὕτως
1523 4785 1920 4858 εὐηργετήθην,

284 4869 365 4933 ὡς
404 4867 512 4922 καὶ
557 4868 942 4937 εὐχαριστεῖν,
976 4866 1119 4937 ὑπὲρ
1142 4869 1346 4922 τούτων
1379 4868 1728 4941 βλασφημίας
1752 4871 1923 4926 αἴτιον

284 4950 597 5019 γίνεσθαι;
640 4948 811 5003 Ἀλλὰ
834 4948 1004 5003 ταῦτα
1029 4952 1123 5004 καὶ
1151 4949 1246 5005 νῦν
1268 4952 1403 5022 ἐρεῖ,
1426 4955 1608 5021 φησὶν,
1636 4955 1665 5006 ό
1699 4954 1919 5025 Ἕλλην,

283 5035 421 5089 ὅταν
465 5035 563 5106 ἴδῃ
609 5032 699 5104 μὴ
745 5032 1280 5105 περιεργαζόμενονς
1325 5035 1623 5105 Οὐδαμῶς·
1665 5037 1782 5089 οὐδὲ
1813 5040 1922 5109 γάρ

286 5122 482 5172 πάντα
532 5114 928 5170 εἰδωλοθύτων
980 5118 1163 5188 γέμει,
1219 5117 1305 5170 ἴνα
1353 5117 1514 5171 τοῦτο
1571 5119 1918 5193 ὑποπτεύσῃ·

285 5201 415 5255 οὔτε
458 5199 653 5262 αὐτὸς
682 5198 763 5260 ὼς
795 5197 1161 5254 εἰδωλοθύτων
1182 5200 1450 5272 άπογεύῃ.
1482 5202 1573 5273 Μὴ
1608 5203 1787 5255 τοίνυν
1827 5220 1924 5255 πε-

288 5284 616 5360 ριεργάζου
660 5282 933 5353 περιττά,
971 5285 1092 5355 μηδ’
1122 5282 1187 5339 αὖ
1224 5285 1409 5349 πάλιν,
1439 5286 1707 5356 λεγόντων
1735 5289 1920 5355 τινῶν,

284 5371 370 5424 δτι
411 5366 820 5424 Ειδωλόθυτόν
868 5368 1007 5431 ἐστι,
1042 5368 1308 5423 κοινώνει.
1355 5370 1466 5423 Καὶ
1490 5370 1600 5441 γὰρ
1629 5372 1657 5422 ό
1689 5370 1922 5441 Χριστὸς

283 5455 455 5529 χάριν
483 5472 579 5508 σοι
616 5451 827 5515 ἔδωκε,
861 5450 958 5504 καὶ
991 5451 1194 5524 ὑψηλόν
1226 5470 1287 5506 σε
1321 5453 1542 5524 ἐποίησε
1568 5453 1661 5506 καὶ
1696 5454 1921 5524 μείζονα

283 5538 387 5608 τῆς
419 5536 666 5591 ἐκεῖθεν
701 5531 927 5604 βλάϐης,
957 5535 1055 5605 οὐχ
1075 5536 1161 5589 ἵνα
1184 5535 1370 5598 κακῶς
1395 5536 1653 5608 ἀκούσῃς,
1678 5535 1784 5590 οὐδ’
1814 5537 1918 5600 ἵνα,

285 5621 407 5679 ὅθεν
428 5618 711 5680 τοσαῦτα
736 5617 1033 5687 ὲκέρδανας
1062 5618 1137 5683 ώς
1166 5620 1258 5672 καὶ
1280 5620 1644 5690 εὐχαριστεῖν,
1670 5619 1921 5674 ἐντεῦθεν

286 5707 432 5761 οὕτω
470 5703 723 5777 βλάψῃς
751 5701 970 5772 ἐτέρους
998 5702 1073 5765 ὡς
1099 5704 1193 5756 καί
1217 5703 1576 5773 βλασφημεῖν.
1603 5704 1700 5758 Διὰ
1733 5703 1786 5755 τί
1811 5703 1921 5774 γὰρ

288 5790 347 5844 οὐ
374 5790 535 5861 λέγω
570 5784 664 5855 τῷ
715 5782 963 5855 Ἕλληνι,
995 5785 1183 5854 φησὶν,
1219 5787 1300 5839 ὅτι
1343 5786 1451 5839 Καὶ
1482 5785 1679 5856 τρώγω
1710 5787 1804 5839 καὶ
1830 5787 1918 5837 οὐ·

290 5876 377 5929 δξν
406 5875 787 5947 βλάπτομαι,
830 5867 925 5921 καὶ
957 5868 1036 5922 ὅτι
1071 5868 1182 5938 Οὐχ
1211 5870 1285 5932 ὡς
1313 5867 1481 5941 φιλῶν
1508 5870 1630 5932 τοὺς
1656 5868 1918 5939 δαίμονας

1364 331 1440 389 nl
1485 330 1704 389 ενιετ.
1740 332 1760 388 ι
1800 330 1894 386 ιιι)
1929 314 2097 387 con;
2133 329 2372 387 ιιοιιιι..
2410 328 2573 385 xxv.

3512 334 3619 389 208

2049 445 2209 501 τοῦτο
2240 446 2410 513 ποιῶ;
2446 448 2570 500 Ὅτι
2608 445 2671 499 οὐ
2713 445 2940 502 δύνασαι
2974 448 3187 510 πεῖσαι,
3228 443 3330 501 κᾶν
3373 447 3634 519 μυριάκις

2048 529 2249 601 λέγῃς*
2280 530 2510 602 ἀσθενὴς
2539 532 2648 602 γάρ
2684 533 2821 599 ἐστι,
2863 532 2959 587 καὶ
2995 532 3273 601 πολέμιος.
3305 533 3368 587 Et
3398 534 3510 603 γάρ
3540 534 3632 587 τὸν

2050 612 2279 683 Rsqu
2324 614 2542 668 οὐδέπω
2578 615 2820 681 ἔπεισας,
2868 615 3049 689 πολλῷ
3083 615 3283 686 μᾶλλον
3314 616 3404 669 τὸν
3439 616 3633 687 δχθρδν

2051 698 2146 752 καὶ
2180 698 2440 769 Ἕλληνα.
2466 698 2530 752 Εἰ
2550 701 2760 764 Mn;
2790 700 2887 755 ut
2916 703 2982 772 τῇ
3013 699 3317 769 συνειδήσει
3347 701 3439 753 τοῦ
3481 702 3632 756 εἰδω-

2048 780 2272 836 λοθύτου
2317 783 2628 853 κατέχεται,
2678 784 2854 855 πολλῷ
2891 784 3094 856 μᾶλλον
3124 788 3157 840 ό
3186 786 3437 848 ἄπιστος.
3476 785 3540 837 Τί
3574 786 3632 837 δὲ

2045 868 2180 938 ἡμῖν
2211 870 2306 923 καὶ
2345 870 2686 940 πραγμάτων
2720 870 2801 924 δεῖ
2845 870 3149 938 τοσούτων;
3182 870 3247 923 Τί
3291 867 3406 933 οὖν,
3442 870 3630 940 ἔπειᾶι

2045 951 2283 1022 Χριστὸν
2321 951 2568 1022 ἔγνωμεν
2608 955 2703 1017 καὶ
2755 953 3208 1024 εὐχαριστοῦμεν,
3251 953 3629 1025 βλασφημοῦσι

2044 1034 2103 1088 δὲ
2153 1037 2373 1098 έκεῖνοι,
2433 1036 2519 1091 διὰ
2559 1036 2719 1090 τοῦτο
2773 1036 3198 1107 ἀποστησὸμτθα
3245 1038 3342 1091 καὶ⁵
3402 1037 3630 1102 τούτου;

2050 1118 2265 1188 ’Δπαγε
2287 1136 2301 1150 ο
2336 1120 2398 1173 οὐ
2434 1120 2543 1189 γάρ
2573 1122 2721 1173 ἔστιν
2763 1119 2878 1173 ίσον
2903 1137 2918 1152 ·
2958 1122 3077 1174 ἐκεῖ
3120 1121 3218 1191 μὲν
3261 1122 3371 1192 γάρ
3410 1122 3547 1175 πολὺ
3571 1121 3630 1174 τὸ

2047 1201 2236 1270 κέρδος
2264 1205 2329 1257 ἐκ
2363 1202 2459 1256 τοῦ
2510 1204 2700 1274 φέρειν
2742 1206 2842 1274 τὴν
2886 1204 3254 1275 βλασφημίαν.
3307 1204 3539 1259 ἐνταῦθα
3572 1204 3630 1258 δὲ

2044 1284 2196 1338 οὐδὲν
2249 1286 2401 1340 ἔσται
2433 1288 2619 1341 πλέον.
2660 1288 2751 1341 Διὸ
2780 1291 2874 1343 καὶ
2906 1287 3192 1359 προλαϐὼν
3218 1288 3406 1355 ἔλεγεν
3431 1306 3443 1318 ·
3479 1290 3630 1342 Οὔτε

2047 1369 2156 1438 γὰρ
2191 1370 2302 1424 ἐὰν
2345 1370 2642 1441 φάγωμεν,
2696 1374 3152 1441 περισσεύομεν,
3199 1374 3340 1427 οὔτε
3380 1371 3491 1425 ἐὰν
3538 1372 3624 1441 μὴ

2044 1452 2345 1523 φάγωμεν,
2396 1456 2806 1525 ὑστερούμεθα
2825 1467 2871 1509 ι.
2934 1455 3046 1509 Καὶ
3107 1456 3278 1525 χωρὶς
3335 1454 3524 1508 τούτου
3566 1455 3624 1507 δέ

2045 1537 2276 1605 φευκτὸν
2319 1537 2381 1590 τὸ
2426 1539 2661 1608 πρᾶγμα
2694 1539 2992 1607 ἀπέφηνεν,
3037 1536 3180 1591 ὥστε
3227 1538 3320 1592 καὶ
3355 1537 3624 1608 ἑτέρωθεν

2043 1618 2224 1672 αὐτῶν
2249 1620 2547 1690 ἀπέχεσθαι
2580 1620 2679 1684 δεῖ,
2723 1622 2785 1674 οὐ
2829 1620 2918 1674 διὰ
2950 1620 3106 1675 τοῦτο
3140 1620 3318 1690 μόνον,
3351 1619 3486 1673 ἀλλά
3532 1621 3626 1673 καὶ

2042 1699 2132 1754 διὰ
2158 1702 2253 1765 τάς
2284 1702 2450 1766 ἀλλοις
2476 1703 2541 1766 ἃς
2575 1706 2796 1775 εἴρηκεν
2823 1704 3020 1767 αἰτίας.
3056 1704 3193 1758 Ειτε
3218 1697 3332 1758 οὖν
3366 1704 3621 1764 ἐσθίετε,

2040 1785 2161 1837 εἴτε
2186 1786 2407 1845 πίνετε,
2439 1788 2558 1840 εἴτε
2582 1803 2632 1839 τι
2661 1786 2900 1849 ποιεῖτε,
2931 1786 3128 1840 πάντα
3154 1789 3242 1851 εἰς
3265 1786 3452 1851 δόξαν
3477 1787 3624 1840 Θεοῦ

2043 1867 2283 1921 ποιεῖτε.
2321 1863 2477 1933 Εἶδες
2498 1868 2616 1932 πῶς
2647 1868 2755 1922 ἀπὸ
2781 1869 2876 1922 τοῦ
2903 1869 3262 1940 προκειμένου
3288 1870 3383 1922 ἐπὶ
3411 1869 3471 1921 τὸ
3496 1868 3627 1922 καθ-

2040 1951 2223 2005 ολικὸν
2260 1952 2497 2024 ἐξήγαγε
2548 1955 2648 2025 την
2686 1954 3033 2025 παραίνεσιν,
3083 1953 3178 2007 ἱνα
3222 1953 3508 2007 κάλλιστον
3535 1953 3626 2006 τὸν

2042 2037 2166 2106 ὅρον
2195 2038 2330 2107 ἡμῖν
2356 2037 2499 2102 δοὺς,
2533 2037 2595 2091 τὸ
2622 2036 2712 2091 τὸν
2745 2037 2880 2090 Θεὸν
2903 2036 2991 2090 διὰ
3017 2037 3234 2090 πάντων
3266 2036 3582 2102 δοξάζεσθαι
3609 2051 3624 2101 ;

2053 2119 2456 2188 ’Λπρόσκοποι
2503 2121 2743 2189 γίνεσθε
2775 2121 2873 2175 καί
2916 2121 3214 2187 Ἰουδαίοις
3247 2121 3341 2174 καί
3371 2121 3626 2184 Ἕλλησι

2042 2203 2143 2256 καί
2180 2203 2254 2273 τῇ
2302 2205 2628 2273 Ἐκκλησία
2680 2203 2788 2259 τοῦ
2829 2204 2996 2259 Θεοῦ.
3036 2202 3316 2269 Τουτέστι,
3355 2202 3627 2273 μηδεμίαν

2042 2288 2311 2358 παρέχετε
2340 2288 2509 2359 λαϐὴν
2538 2289 2748 2360 μηδενί.
2780 2289 2890 2342 Καὶ
2924 2288 3031 2358 γάρ
3068 2290 3097 2342 ό
3125 2287 3358 2357 ἀδελφὸς
3388 2287 3625 2340 σκανδα-

2040 2368 2266 2435 λίζεται,
2297 2371 2437 2425 καὶὸ
2474 2372 2721 2437 Ἰουδαῖος
2752 2372 2952 2442 μᾶλλόν
2984 2388 3043 2424 σε
3076 2370 3299 2441 μισήσει
3327 2371 3422 2424 καὶ
3453 2386 3623 2423 κατα-

2040 2452 2307 2522 γνώσεται
2346 2471 2463 2516 σου,
2513 2457 2609 2510 καὶ
2645 2456 2675 2508 ὁ
2726 2455 2927 2527 Ἕλλην
2965 2455 3165 2525 ὁμοίως
3210 2454 3287 2517 ὡς
3320 2453 3626 2523 λαίμαργον

2039 2538 2182 2593 οὕτω
2212 2541 2507 2608 γελάσεται
2539 2542 2637 2595 καὶ
2671 2542 2994 2612 ὑποκριτήν.
3046 2541 3122 2593 Οὐ
3165 2539 3327 2610 μόνον
3367 2539 3424 2592 δέ
3467 2538 3623 2592 ἀδελ-

2041 2625 2173 2693 φοὺς
2201 2626 2265 2678 οὐ
2287 2625 2393 2696 χρὴ
2423 2626 2698 2697 πλήττειν,
2731 2626 2847 2679 ἀλλ’
2873 2627 2932 2677 ἐν
2951 2627 3062 2687 τοῖς
3084 2623 3331 2686 δυνατοῖς
3361 2624 3480 2676 οὐδὲ
3501 2625 3624 2687 τοὺς

2040 2706 2260 2772 ἔξωθεν.
2304 2709 2367 2760 Εἰ
2401 2709 2508 2779 γὰρ
2552 2708 2666 2777 φῶς
2699 2709 2869 2777 ἐσμεν
2899 2708 2993 2760 καὶ
3024 2706 3170 2776 ζύμη
3217 2708 3311 2759 καὶ
3336 2706 3623 2776 φωστῆρες

2039 2793 2134 2843 καὶ⁸
2169 2791 2305 2856 ἃλας
2328 2792 2378 2858 b,
2412 2792 2689 2860 φωτίζειν,
2716 2792 2775 2845 οὐ
2816 2790 3086 2853 σκοτίζειν
3113 2790 3226 2842 δεῖ·
3259 2790 3532 2857 σφίγγειν,
3562 2791 3624 2843 οὐ

2040 2874 2340 2946 παραλύειν
2361 2892 2374 2905 ·
2405 2875 2544 2946 πρὸς
2571 2875 2799 2938 ἑαυτοὺς
2829 2871 3165 2926 ἐπισπᾶσθαι
3192 2875 3318 2935 τοὺς
3338 2873 3622 2935 ἀπίστους,

2039 2957 2101 3009 οὐ
2144 2957 2488 3025 φυγαδεύειν.
2535 2958 2600 3011 Τί
2652 2958 2831 3011 τοίνυν
2876 2955 3115 3020 διώκεις,
3169 2955 3261 3020 οὒς
3301 2955 3621 3026 ἐφέλκεσθαι

2037 3039 2146 3106 δεῖς
2177 3043 2283 3095 Καὶ
2312 3043 2420 3115 γάρ
2450 3042 2712 3115 Ἕλληνες
2735 3042 3082 3113 πλήττονται,
3110 3041 3239 3094 ὅταν
3264 3039 3414 3093 ἴδωσι
3436 3040 3626 3094 παλιν·

2037 3120 2373 3195 δρομοῦντας
2402 3127 2547 3197 ἡμᾶς
2574 3128 2653 3190 εἰς
2685 3125 2755 3179 τὰ
2788 3124 3046 3178 τοιαῦταο
3092 3125 3193 3196 τῆν
3224 3123 3333 3195 γάρ
3385 3123 3625 3177 διάνοιαν

2038 3207 2140 3261 οὐκ
2169 3208 2368 3276 ἴσασιν,
2395 3209 2504 3263 οὐδ’
2532 3211 2613 3263 ὅτι
2647 3210 2848 3272 παντὸς
2886 3207 3141 3277 αἰσθητοῦ
3176 3206 3454 3278 μολυσμοῦ
3481 3208 3624 3260 ἀνω-

2036 3291 2170 3362 τέρα
2204 3293 2427 3361 γέγονεν
2461 3296 2495 3363 ή
2533 3293 2701 3364 ψυχή.
2744 3294 2854 3347 Καὶ
2897 3292 2947 3345 οἰ
2998 3292 3240 3345 Ἰουδαῖοι
3280 3290 3336 3343 δὲ
3376 3290 3470 3343 καὶ
3513 3292 3624 3344 τῶν

2038 3373 2281 3443 ἀδελφῶν
2321 3377 2370 3427 οί
2417 3376 2798 3447 ἀσθενέστεροι
2836 3375 2909 3427 τὰ
2953 3374 3093 3427 αὐτά
3135 3375 3434 3427 πείσονται.
3470 3370 3621 3438 Εἶδες

2039 3459 2210 3520 πόσας
2261 3458 2440 3521 αἰτίας
2489 3458 2724 3519 τέθεικε,
2770 3457 2841 3510 δι’
2868 3456 2934 3519 ἃς
2972 3456 3075 3526 χρὴ
3113 3456 3221 3508 τῶν
3259 3457 3622 3509 εἰδωλοθύτων

2038 3540 2341 3610 ἀπέχεσθαι
2363 3556 2376 3601 ;
2404 3538 2491 3591 διὰ
2521 3539 2582 3591 τὸ
2608 3540 2885 3608 ἀνόνητον,
2909 3538 2997 3590 διά
3027 3538 3089 3590 τὸ
3118 3537 3394 3607 περιττὸν,
3416 3538 3502 3590 διά
3525 3539 3623 3609 τὴν

2036 3623 2135 3677 τοῦ
2158 3623 2388 3692 ἀδελφοῦ
2427 3622 2651 3693 βλάϐην,
2688 3622 2778 3675 διά
2816 3624 2916 3692 τὴν
2943 3620 3035 3674 τοῦ
3078 3620 3333 3673 Ἰουδαίου
3378 3620 3620 3691 βλασφη-

2041 3707 2193 3778 μίαν,
2219 3707 2307 3761 διά
2346 3708 2447 3778 τὴν
2492 3706 2583 3759 τοῦ
2616 3704 2874 3775 Ἕλληνος
2916 3705 3280 3775 κακηγορίαν,
3318 3703 3408 3757 διὰ
3444 3705 3505 3758 τὸ
3545 3707 3619 3776 μὴ

2036 3791 2146 3843 δεῖν
2164 3791 2382 3859 δαίμοσι
2405 3790 2701 3852 κοινωνεῖν,
2730 3788 2816 3842 διὰ
2839 3788 2898 3842 τὸ
2928 3786 3370 3857 εἰδωλολατρείαν
3399 3788 3519 3841 τινὰ
3541 3785 3618 3840 εἶ-

2036 3891 2122 3926 ναι
2141 3871 2290 3945 [2‘2’5]
2308 3873 2363 3926 τὸ
2381 3873 2629 3944 πρᾶγμα.
2653 3868 2804 3932 Εἶτα.
2828 3871 3013 3941 ἐπειδὴ
3028 3867 3202 3931 εἶπεν,
3230 3872 3619 3941 Ἀπρόσκοποι

2036 3956 2311 4026 γίνεσθε,
2354 3955 2450 4010 καὶ
2490 3956 2824 4020 ὑπευθύνους
2875 3956 3073 4018 αὐτοὺς
3114 3955 3337 4024 ἐποίησε
3388 3956 3482 4010 καὶ
3520 3956 3618 4024 τῆς

2033 4040 2142 4094 τῶν
2192 4041 2459 4113 Ἑλλήνων
2506 4040 2710 4112 βλάϐης
2752 4042 2847 4094 καὶ
2887 4043 2986 4112 τῆς
3031 4040 3140 4094 τῶν
3187 4039 3475 4103 Ἰουδαίων,
3524 4041 3619 4092 καὶ

2035 4123 2172 4195 βαρύ
2203 4126 2264 4179 τὸ
2295 4126 2587 4196 λεγόμενον
2620 4122 2710 4197 ἦν,
2753 4126 2854 4195 δρα
2891 4125 3007 4188 πῶς
3044 4123 3175 4178 αὐτὸ
3212 4123 3617 4194 εὐπαράδεκτον

2033 4209 2128 4261 καὶ
2156 4209 2360 4279 κοῦφον
2401 4212 2565 4273 ποιεῖ,
2601 4210 2772 4272 τιθεὶς
2809 4209 3000 4262 ἐαυτὸν
3037 4207 3221 4276 μέσον,
3266 4206 3362 4258 καὶ
3403 4205 3613 4272 λέγων⁸

2031 4292 2240 4357 Καθὼς
2270 4293 2433 4361 κάγὼ
2458 4292 2656 4346 πάντα
2696 4290 2887 4345 πᾶσιν
2913 4292 3171 4358 ἀρέσκω,
3212 4288 3298 4355 μὴ
3338 4286 3524 4353 ζητῶν
3547 4288 3617 4340 τὸ

2030 4375 2294 4445 ἐμαυτοῦ
2342 4376 2671 4445 συμφέρον,
2719 4375 2880 4427 ἀλλὰ
2937 4376 3002 4425 τὸ
3052 4368 3171 4423 τῶν
3206 4368 3472 4433 πολλῶν,
3516 4371 3617 4422 ἵνα

2033 4456 2292 4513 σωθῶσι.
2335 4459 2597 4528 Mummi
2623 4474 2743 4526 μου
2771 4457 3035 4525 γίνεσθε,
3069 4452 3264 4518 καθὼς
3287 4453 3447 4523 κάγὼ
3479 4455 3617 4521 Χρι-

2031 4557 2205 4597 στου.

2102 4699 2150 4769 γ’
2180 4697 2349 4753 Τοῦτο
2362 4698 2540 4753 κανὼν
2556 4697 2969 4772 χριστιανισμοῦ
2983 4696 3072 4750 τοῦ
3089 4697 3441 4763 τελειοτάτου,
3455 4697 3617 4753 τοῦτο

2030 4783 2155 4856 ὅρος
2176 4783 2578 4855 ἠκριϐωμένος,
2609 4783 2748 4854 αῦτη
2780 4787 2812 4854 ή
2849 4784 3058 4855 κορυφὴ
3090 4783 3122 4853 ἡ
3154 4784 3432 4842 ἀνωτάτω,
3456 4784 3515 4836 τὸ
3541 4785 3612 4838 τά

2031 4870 2183 4939 κοινῇ
2237 4869 2582 4939 συμφέροντα
2642 4868 2844 4939 ζητεῖν.
2887 4870 3063 4939 Ὅπερ
3102 4869 3192 4921 καὶ
3236 4868 3397 4931 αὐτὸς
3435 4867 3613 4938 δηλῶν

2030 4952 2297 5021 ἐπήγαγε·
2335 4950 2543 5016 Καθὼς
2581 4951 2742 5021 κάγὼ
2783 4953 3058 5019 Χριστοῦ.
3105 4952 3270 5004 Οὐδὲν
3321 4950 3432 5020 γὰρ
3469 4952 3612 5005 οὕτω

2029 5034 2252 5088 δύναται
2293 5037 2516 5105 ποιῆσαι
2549 5034 2791 5105 μιμητὴν
2816 5035 2909 5088 τοῦ
2947 5034 3204 5106 Χριστοῦ,
3233 5035 3308 5095 ὡς
3348 5034 3407 5086 τὸ
3451 5034 3609 5104 κήδε-

2032 5117 2152 5171 σθαι
2181 5116 2288 5170 τῶν
2318 5117 2564 5186 πλησίον.
2603 5116 2761 5169 Ἀλλά
2789 5118 2892 5170 κᾶν
2920 5116 3241 5187 νηστεύσῃς,
3270 5115 3373 5167 κᾶν
3406 5131 3610 5185 χαμευ-

2030 5204 2218 5271 νήσῃς,
2250 5199 2351 5253 κᾶν
2382 5200 2773 5269 ἀπαγχονήσης
2801 5199 3015 5259 σαυτὸν,
3053 5197 3148 5250 τοῦ
3180 5199 3235 5250 δὲ
3275 5198 3501 5267 πλησίον
3532 5202 3606 5271 μὴ

2030 5287 2283 5355 προνοῇς,
2308 5285 2456 5337 οὐδὲν
2496 5285 2634 5353 μέγα
2659 5284 2918 5354 εἰργάσω,
2943 5281 3056 5336 ἀλλ’
3079 5282 3157 5334 ἔτι
3191 5283 3375 5354 πόρρω
3405 5284 3607 5352 ταύτης

2029 5370 2125 5439 τῆς
2155 5369 2362 5431 εἰκόνος
2416 5368 2652 5436 ἕστηκας
2698 5364 2873 5419 ταῦτα
2919 5366 3104 5419 ποιῶν.
3148 5368 3341 5420 Καίτοι
3372 5367 3607 5420 ἐνταῦθα

2032 5455 2128 5524 μὲν
2158 5453 2251 5505 καὶ
2284 5452 2413 5504 αὐτὸ
2439 5452 2595 5520 φύσει
2620 5450 2681 5503 τὸ
2706 5453 2936 5522 πρᾶγμα
2962 5450 3233 5514 λυσιτελές
3258 5455 3392 5513 ἐστι,
3418 5452 3476 5503 τὸ
3501 5453 3606 5502 ἀπ-

2029 5537 2250 5606 έχεσθαι
2278 5536 2384 5588 τῶν
2423 5533 2815 5587 εἰδωλοθύτων’
2883 5534 2992 5601 ἐγὼ
3025 5535 3080 5587 δὲ
3140 5536 3308 5588 πολλὰ
3352 5533 3444 5586 καὶ
3497 5531 3605 5582 τῶν

2028 5620 2360 5691 ἀσυμφόρων
2386 5620 2634 5689 ἐποίησα,
2664 5620 2844 5688 φησὶν,
2877 5615 3005 5680 οἷον,
3033 5623 3119 5674 ὅτε
3145 5619 3484 5687 περιέτεμον,
3516 5613 3605 5663 ὅτε

2030 5703 2212 5756 ἔθυσα.
2252 5702 2435 5756 Ταῦτα
2467 5704 2575 5772 γάρ
2616 5702 2670 5753 εἴ
2701 5721 2784 5766 τις
2825 5702 2944 5755 καθ’
2983 5701 3149 5753 ἑαυτὰ
3184 5701 3475 5763 ἐξετάσειε,
3513 5694 3611 5748 καὶ

2093 5886 2114 5912 θ
2143 5882 2399 5946 ιιιῃρίτιείειι·
2426 5881 2729 5941 ὐςτςίςυίμω.
2803 5880 2828 5917 ιν
2857 5876 3110 5937 ιινῃεῖιιιιιιι
3138 5877 3258 5927 iam;
