3990 6168
366 282 471 339 209

365 393 627 451 ἀπόλλυσι
656 393 783 456 τοὺς
809 393 1096 464 μετιόντας
1122 395 1335 465 καὶτῆς
1357 393 1628 465 σωτηρίας
1655 389 1940 445 ἐκπίπτειν

367 477 527 532 ποιεῖ·
562 476 677 531 ἀλλ’
698 476 846 547 ὅμως
873 476 1141 547 ὑπέμεινα
1166 476 1450 532 καὶταῦτα
1478 476 1567 531 διὰ
1592 475 1653 529 16
1674 475 1733 540 ἐξ
1756 472 1935 528 αὐτῶν

369 560 574 631 κέρδος.
616 557 885 614 Ἐνταῦθα
921 559 976 613 δὲ
1004 560 1154 614 οὐδὲν
1183 559 1441 615 τοιοῦτον.
1485 560 1631 613 Ἐκεῖ
1675 558 1771 630 μέν
1806 556 1937 627 7&9,

368 642 432 696 ἀν
463 641 536 712 μὴ
562 643 737 712 προσῇ
766 642 800 713 ή
833 640 1074 710 ὠφέλεια
1106 643 1203 696 καί
1229 643 1292 697 16
1326 644 1394 697 δι’
1422 641 1640 713 ἐτέρους
1666 639 1938 709 γενέσθαι,

369 725 486 778 τότε
514 722 710 793 βλάϐος
732 722 792 777 16
824 725 1057 796 πρᾶγμα
1079 726 1309 794 γίνεται·
1340 726 1573 780 ἐνταῦθα
1599 725 1676 788 δὲ,
1703 723 1806 778 κᾶν
1841 739 1942 793 μη-

369 807 476 871 δεὶς
504 807 535 860 6
564 805 1045 879 σκανδαλιζόμενος
1075 806 1133 882 ᾖ,
1173 811 1268 864 καὶ
1303 810 1476 872 οὕτως
1508 807 1803 878 ἀπέχεσθαι
1831 803 1941 857 τῶν

368 888 757 960 κεκωλυμένων
790 892 916 962 χρή.
966 892 1041 945 Οὐ
1076 893 1235 962 μόνον
1281 892 1339 946 δὲ
1390 890 1551 963 βλαϐε
1560 890 1647 963 ρά,
1686 887 1822 943 ἀλλά
1849 887 1942 941 καί⁹

368 973 599 1030 ἐπίπονα
651 975 939 1046 ὑπέμεινα.
975 977 1202 1042 Ἀλλης
1251 976 1360 1046 7&9
1402 974 1763 1042 Ἑκκλησίας
1797 972 1943 1026 ἐσύ-

369 1061 553 1125 λησα,
590 1058 746 1129 φησὶ,
775 1059 977 1112 λαϐὼν
1012 1058 1296 1126 ὀψώνιον,
1337 1058 1432 1112 καὶ
1470 1058 1588 1123 ἐξὸν
1626 1056 1825 1111 ἐσθίειν
1850 1054 1945 1108 καὶ

372 1139 447 1211 μὴ
468 1139 813 1209 ἐργάζεσθαι,
841 1141 941 1194 οὐκ
962 1141 1202 1212 ἐζήτησα
1221 1141 1399 1205 τοῦτο,
1417 1140 1529 1195 ἀλλ’
1554 1139 1775 1210 εἱλόμην
1801 1134 1945 1207 λιμῷ

367 1223 732 1295 διαφθαρῆναι
752 1222 971 1294 μᾶλλον,
1004 1223 1038 1294 ἢ
1061 1224 1408 1278 σκανδαλίσαι
1437 1224 1642 1295 ἕτερον.
1673 1221 1771 1276 Διὰ
1787 1219 1946 1275 τοῦτό

367 1316 525 1376 φησι,
568 1304 770 1361 Πάντα
797 1304 989 1360 πᾶσιν
1007 1306 1261 1374 ἀρέσκω.
1298 1307 1399 1361 'Av
1421 1323 1480 1361 τε
1507 1306 1843 1377 παράνομον,
1880 1303 1946 1358 ἀν

369 1406 429 1442 τε
462 1389 717 1444 ἐπίπονον
753 1392 847 1444 καὶ
883 1391 1222 1445 ἐπικίνδυνον
1245 1391 1341 1463 δέῃ
1373 1390 1617 1461 ποιῆσαι,
1661 1391 1840 1444 πάντα
1867 1387 1946 1450 εἰς

369 1471 432 1524 16
460 1470 660 1543 ἐτέρων
692 1473 966 1544 συμφέρον
988 1473 1261 1544 ὑπομένοι.
1287 1474 1509 1527 Πάντων
1526 1471 1657 1542 γοῦν
1676 1471 1947 1541 ἀνώτερος

369 1552 448 1606 ῶν
473 1554 613 1608 κατά
645 1555 745 1626 τὴν
784 1554 1091 1626 ἀκρίϐειαν,
1132 1557 1350 1610 πάντων
1402 1555 1712 1625 κατώτερος
1755 1553 1946 1622 γέγονε

372 1635 515 1690 κατά
543 1636 643 1707 τὴν
669 1637 1093 1705 ωγκατάϐασιν.

442 1719 550 1772 Kal
574 1719 682 1789 7&9
717 1720 869 1773 οὐδὲν
897 1719 1227 1791 κατόρθωμα
1272 1722 1476 1793 σφόδρα
1522 1719 1665 1792 μέγα
1686 1715 1823 1773 εἰναι
1851 1718 1946 1773 δύο

371 1802 507 1855 ναιτ⁹
538 1800 626 1866 ἂν,
655 1803 782 1856 ὅταν
819 1802 893 1874 μή
920 1802 982 1856 τὺ
1011 1803 1199 1874 κέρδος
1224 1806 1319 1859 καὶ
1346 1807 1426 1868 εἰς
1456 1805 1676 1876 ἑτέρους
1708 1803 1943 1874 διαδιδῷ·

371 1885 465 1938 καὶ
486 1882 636 1955 δηλοῖ
660 1887 689 1938 6
716 1883 778 1937 16
803 1884 1061 1940 τάλαντον
1083 1887 1235 1956 ὑγιὲς
1258 1891 1665 1958 προσενεγκὼν,
1692 1887 1788 1941 καὶ
1807 1885 1949 1957 διχο-

368 1966 625 2038 ⁶εομηθείς
653 1966 839 2039 ἐπειδὴ
861 1968 993 2022 αὐτὸ
1030 1968 1130 2023 οὐκ
1169 1969 1483 2025 ἐπλεόνασε.
1507 1971 1620 2025 Kal
1653 1971 1717 2024 σὺ
1746 1969 1944 2036 τοίνυν,

369 2049 587 2120 ἀδελφέ,
625 2049 730 2103 κάν
759 2050 941 2115 ἄσιτος
973 2053 1160 2126 μένῃς,
1200 2052 1305 2106 κᾶν
1327 2053 1499 2124 χαμαὶ
1532 2052 1813 2125 καθεύδῃς,
1846 2050 1948 2105 κᾶν

371 2132 577 2204 τέφραν
608 2132 814 2203 ἐσθίῃς,
861 2132 964 2187 κᾶν
1014 2133 1216 2205 θρηνῇς
1258 2135 1567 2201 διαπαντὸς,
1601 2138 1695 2189 καὶ
1745 2134 1948 2206 μηδένα

369 2214 555 2284 ἕτερον
576 2214 811 2286 ὡφελῇς,
834 2215 990 2270 οὐδὲν
1023 2216 1166 2288 μέγα
1186 2218 1416 2289 ἐργάσῃ.
1447 2218 1558 2271 Kal
1586 2218 1693 2289 7&9
1713 2218 1808 2272 καὶ
1836 2220 1948 2281 τοῖς

371 2298 432 2351 ἐν
474 2299 617 2369 ἀρχῇ
677 2299 932 2368 μεγάλοις
987 2300 1083 2353 καὶ
1133 2299 1402 2369 γενναίοις
1456 2301 1683 2365 ἐκείνοις
1721 2299 1948 2368 ἀνδράσι

371 2378 531 2432 τοῦτο
583 2379 818 2449 μάλιστα
859 2381 1322 2453 περισπούδαστον
1363 2378 1460 2454 ἦν·
1490 2382 1741 2447 ἐξέτασον
1769 2381 1948 2436 αὐτῶν

374 2463 513 2532 μετά
542 2463 828 2534 ἀκριϐείας
862 2464 953 2517 τὸν
986 2464 1122 2535 βίον,
1149 2466 1244 2520 καὶ
1276 2466 1397 2535 ὄψει
1426 2465 1633 2535 σαφῶς,
1664 2467 1746 2520 ὅτι
1773 2465 1948 2528 οὐδεὶς

372 2546 555 2600 αὐτῶν
572 2546 641 2600 τά
661 2547 856 2601 ἐαυτοῦ
873 2565 1004 2602 ποτε
1028 2548 1352 2620 ἐσκόπησεν,
1371 2548 1508 2604 ἀλλὰ
1522 2548 1592 2601 τά
1606 2549 1700 2602 τοῦ
1721 2548 1948 2620 πλησίον

371 2631 620 2693 ἕκαστος·
644 2632 766 2685 ὅθεν
801 2633 895 2684 καὶ
931 2631 1176 2702 ἔλαμψαν
1210 2632 1431 2704 μᾶλλον.
1458 2631 1569 2686 Kal
1604 2631 1712 2703 7&9
1740 2632 1835 2684 καί
1870 2630 1949 2702 τῷ

373 2713 578 2785 Μωῡσῇ
615 2713 783 2768 πολλὰ
805 2714 898 2768 καὶ
928 2714 1138 2784 μεγάλα
1166 2715 1428 2787 εἰργάσθη
1452 2716 1707 2786 θαύματα
1733 2714 1829 2769 καὶ
1854 2730 1951 2786 ση-

377 2797 523 2865 μεῖα·
554 2796 669 2850 ἀλλ’
697 2796 848 2851 οὐδὲν
879 2797 1042 2851 αὐτὸν
1083 2797 1225 2852 οὕτω
1272 2799 1448 2868 μέγαν
1489 2798 1767 2868 ἐποίησεν,
1795 2798 1872 2862 ὡς
1914 2798 1949 2869 ή

377 2879 623 2949 μακαρία
663 2879 845 2950 ἐκείνη
893 2881 1065 2951 φωνὴ,
1092 2880 1160 2950 ήν
1185 2881 1321 2951 πρὸς
1351 2881 1443 2934 τὸν
1467 2880 1598 2935 Θεὸν
1628 2881 1832 2951 ἀφῆκε,
1858 2877 1948 2934 λέ-

376 2976 506 3026 γων·
539 2964 609 3015 EI
637 2961 753 3030 μὲν
777 2960 938 3031 ἀφῇς
968 2963 1175 3031 αὺτοῖς
1204 2962 1319 3030 τὴν
1356 2963 1668 3033 ἁμαρτίαν,
1695 2963 1865 3031 ἄφες·
1897 2965 1952 3017 ει

373 3042 445 3095 δὲ
471 3042 578 3112 μὴ,
612 3043 764 3113 κάμὲ
807 3044 1157 3115 ἐξάλειψον.
1189 3044 1439 3109 Τοιοῦτος
1476 3044 1627 3117 [224]
1661 3042 1730 3116 ἦν
1783 3045 1879 3099 καὶ
1921 3047 1952 3101 6

375 3125 541 3179 Δαυῖδ
559 3143 573 3157 ·
637 3126 720 3180 διδ
766 3127 861 3181 καὶ
897 3126 1100 3196 ἔλεγεν,
1140 3128 1287 3199 Ἐγὼ
1333 3132 1366 3182 ὀ
1407 3127 1633 3198 ποιμὴν
1661 3129 1946 3197 ἥμαρτον,

377 3209 476 3263 καὶ
505 3207 621 3279 ἐγὼ
647 3209 1075 3277 ἑκακοποίησα.
1123 3210 1223 3264 καί
1262 3206 1430 3267 οὗτοι
1469 3211 1537 3265 τὸ
1585 3212 1861 3281 ποίμνιον
1891 3213 1951 3267 τί

375 3295 710 3361 ἑετοίησαν;
732 3293 1012 3348 Γενέσθω
1055 3295 1094 3362 ή
1131 3293 1261 3363 χείρ
1287 3311 1405 3349 σου
1431 3294 1525 3348 ἐπ’
1561 3293 1687 3364 ἐμὲ,
1715 3294 1816 3350 καί
1849 3295 1951 3350 ἐπί

376 3377 485 3432 τὸν
500 3373 668 3432 οἷκον
684 3377 791 3433 τοῦ
814 3378 1038 3448 πατρός
1058 3395 1198 3446 μου.
1222 3376 1378 3431 Οὕτω
1405 3379 1498 3434 καὶ
1519 3381 1549 3434 6
1576 3379 1823 3451 ’Δϐραάμ
1849 3381 1950 3435 οὑκ

375 3458 559 3532 ἐζήτει
588 3460 647 3514 τὸ
672 3458 864 3515 ἑαυτοῦ
895 3460 1191 3531 συμφέρον,
1222 3460 1358 3515 ἀλλά
1378 3460 1439 3515 16
1462 3462 1570 3515 τῶν
1599 3463 1828 3519 πολλῶν.
1858 3464 1950 3517 Διὸ

377 3543 471 3598 καὶ
500 3542 761 3606 κινδύνοις
782 3544 975 3597 ἐαυτὸν
1004 3543 1258 3610 ἐξεδίδου,
1285 3545 1383 3597 καί⁹
1405 3544 1495 3598 τὸν
1522 3544 1656 3599 θεὸν
1683 3547 1822 3619 ὑπὲρ
1842 3546 1949 3601 τῶν

376 3625 526 3679 οὐδὲν
554 3624 702 3695 αὐτῷ
731 3625 1114 3696 προσηκόντων
1152 3626 1473 3697 παρεκάλει.
1514 3629 1625 3682 Kal
1653 3622 1799 3683 οὗτοι
1849 3631 1949 3700 μὲν

376 3707 550 3771 οὕτως
577 3707 845 3777 ἔλαμψαν·
879 3710 927 3760 οί
966 3706 1023 3760 δὲ
1047 3706 1117 3761 τά
1147 3708 1356 3763 ἑαυτῶν
1387 3708 1715 3780 ζητήσαντες
1758 3712 1948 3765 σκόπει

378 3793 498 3854 πῶς
548 3793 645 3844 καὶ
678 3791 1005 3861 ἐϐλάϐησαν.
1047 3792 1104 3846 '0
1150 3793 1282 3861 γοῦν
1327 3793 1639 3861 ἀδελφιδοῦς
1684 3798 1713 3849 6
1736 3795 1945 3861 τούτου,

376 3875 565 3945 ὶπειδὴ
588 3875 838 3945 ήκουσεν,
865 3878 936 3930 El
963 3875 1044 3930 σὺ
1063 3878 1150 3942 είς
1170 3875 1358 3943 δεξιὰ,
1385 3876 1500 3944 ἐγὼ
1520 3876 1588 3930 δὲ
1606 3880 1694 3944 είς
1717 3879 1950 3948 ἀριστε-

371 3958 473 4029 ρὰ,
504 3958 598 4011 καὶ
620 3958 720 4028 τήν
748 3958 958 4029 αἵρεσιν
979 3958 1182 4021 λαϐὼν,
1210 3959 1271 4011 16
1299 3958 1493 4012 ἐαυτοῦ
1524 3963 1798 4031 συμφέρον
1823 3962 1950 4033 ἐζή-

377 4059 563 4112 τησεν,
590 4041 713 4095 οὐδὲ
739 4041 800 4094 16
827 4040 1021 4095 ἑαυτοῦ
1055 4035 1232 4112 εὗρεν·
1255 4041 1368 4094 ἀλλ’
1397 4041 1535 4114 αὕτη
1578 4045 1675 4113 μὲν
1700 4044 1951 4114 ἐνεπυρί-

379 4124 502 4189 ζετο
541 4125 574 4196 ή
608 4123 782 4196 χώρα,
812 4123 993 4194 ἐκείνη
1022 4122 1077 4176 δὲ
1111 4123 1302 4195 ἔμενεν
1339 4124 1634 4191 ἀνέπαφος.
1668 4126 1726 4181 Ὀ
1768 4129 1952 4192 Ἰωνᾶς

376 4207 540 4264 πάλιν
576 4209 638 4262 ού
669 4207 912 4279 ζητήσας
944 4206 1005 4261 16
1028 4206 1137 4261 τῶν
1167 4207 1376 4263 πολλῶν
1404 4210 1706 4281 συμφέρον,
1727 4209 1863 4264 ἀλλὰ
1889 4210 1952 4265 16

378 4290 594 4356 ἐαυτοῦ,
631 4292 724 4346 καί
751 4290 1046 4345 ἀπολέσθαι
1069 4291 1426 4346 ἐκινδύνευσε·
1466 4294 1560 4347 καὶ
1586 4296 1619 4363 ἡ
1665 4295 1764 4364 μὲν
1796 4295 1952 4361 πόλις

379 4379 642 4448 εἰσ-τήκει,
671 4376 832 4441 αὐτὸς
856 4375 913 4430 δέ
944 4375 1231 4431 ἐσαλεύετο
1262 4377 1357 4431 καὶ
1382 4376 1765 4444 ἐκλυδωνίςετο
1795 4392 1822 4421 ι
1854 4384 1952 4435 καὶ

381 4461 815 4523 κατεποντίζετο.
866 4458 993 4512 Ὅτε
1038 4458 1094 4512 δὲ
1145 4457 1206 4512 16
1248 4460 1354 4514 τῶν
1417 4461 1627 4515 πολλῶν
1674 4463 1951 4535 συμφέρον

380 4542 634 4611 ἐζήτησε,
664 4541 785 4594 τότε
818 4541 912 4594 καὶ
945 4541 1006 4593 16
1034 4541 1229 4595 ἐαυτοῦ
1262 4535 1442 4613 εὗρεν.
1474 4542 1630 4598 Οὕτω
1657 4544 1750 4598 καὶ
1778 4547 1807 4599 6
1844 4548 1950 4600 'Ia-

382 4623 497 4679 κὼϐ
539 4624 633 4676 ἐπὶ
663 4622 772 4676 τῶν
806 4623 1070 4691 ποιμνίων
1110 4623 1184 4693 μὴ
1221 4625 1462 4695 ζητήσας
1504 4626 1563 4679 16
1588 4628 1785 4680 οἰκεῖον
1819 4628 1950 4701 κέρ-

380 4707 489 4771 δος,
516 4704 617 4776 τῆς
643 4704 844 4773 πολλῆς
865 4705 1122 4776 εὐπορίας
1152 4706 1454 4776 ἀπήλαυσε.
1478 4708 1589 4761 Kal
1620 4709 1649 4761 6
1680 4709 1873 4781 Ἰωσὴφ
1893 4711 1952 4765 δέ

380 4791 442 4845 16
478 4788 587 4843 τῶν
617 4787 860 4856 ἀδελφῶν
900 4788 1176 4858 συμφέρον
1214 4788 1474 4860 ζητήσας,
1502 4785 1628 4861 εὗρε
1652 4792 1711 4846 16
1738 4792 1949 4849 ἐαυτοῦ.

382 4872 740 4944 Πεμπόμενος
759 4871 890 4940 γοῦν
919 4872 1070 4943 παρά
1096 4871 1191 4925 τοῦ
1220 4873 1423 4944 πατρὸς
1452 4874 1551 4928 ούκ
1571 4870 1714 4940 εἷπε,
1738 4875 1803 4929 Τί
1831 4875 1955 4930 τοῦ-

379 4971 475 5022 το;
511 4954 611 5009 οὐκ
639 4954 877 5026 ήκουσας
906 4955 989 5009 δτι
1020 4954 1161 5025 ὑπὲρ
1193 4954 1368 5024 ὅψεως
1417 4957 1512 5011 καὶ
1554 4957 1820 5013 ἐνυπνίων
1859 4961 1953 5015 καὶ

379 5040 678 5097 διασπᾶσαι
705 5056 774 5111 με
797 5038 1137 5112 ἐπεχείρουν,
1170 5041 1264 5094 καὶ
1289 5041 1584 5114 ὀνειράτων
1611 5043 1838 5109 εὐθύνας
1858 5046 1954 5099 ὑπ-

383 5126 547 5194 εῖχον,
574 5125 670 5180 καὶ
698 5125 792 5180 τοῦ
830 5123 1104 5195 φιλεῖσθαι
1130 5141 1197 5196 με
1228 5124 1379 5197 παρά
1408 5125 1503 5181 σοῦ
1534 5126 1725 5199 δίδωμι
1756 5128 1950 5201 δίκην;

380 5205 437 5259 τί
462 5202 555 5262 οὖν
591 5208 689 5261 ούκ
730 5208 1052 5279 ἐργάσονταί
1082 5225 1150 5279 με
1186 5207 1440 5274 λαϐόντες
1483 5212 1565 5274 εἰς
1615 5213 1810 5282 μέσον;
1848 5214 1953 5266 06-

383 5290 473 5344 δέν
537 5288 742 5343 τούτων
800 5287 981 5358 εἶπεν,
1039 5295 1140 5347 οὐκ
1187 5294 1500 5365 ἐνενόησεν,
1545 5295 1679 5349 ἀλλά
1735 5296 1954 5350 πάντων

384 5373 626 5444 προτιμᾷ
652 5373 752 5443 τήν
787 5375 895 5429 τῶν
924 5375 1168 5444 ἀδελφῶν
1198 5375 1513 5447 θεραπείαν.
1543 5377 1644 5431 Διά
1674 5377 1828 5433 τοῦτο
1861 5380 1954 5433 καὶ

384 5456 601 5511 πάντων
628 5457 738 5511 τῶν
767 5457 907 5528 μετά
942 5458 1114 5512 ταῦτα
1152 5460 1459 5515 ἀπέλαυσεν
1505 5461 1748 5531 ἀγαθῶν,
1790 5462 1827 5517 ἀ
1860 5464 1954 5517 καὶ

383 5539 588 5615 σφόδρα
632 5541 882 5612 λαμπρὸν
933 5543 1194 5612 ἐποίησαν
1252 5544 1344 5597 καὶ
1394 5544 1598 5610 ἔνδοξον
1647 5545 1949 5617 ἀπέφηναν.

447 5793 475 5823 ⁶¹
495 5792 703 5847 Duram
733 5793 853 5857 ha’r,
876 5794 953 5844 καί
980 5791 1328 5849 ἐκλνδωνίζετο.

1083 282 1139 338 S.
1175 280 1459 339 JOANNIS
1493 273 1976 337 CHRYSOSTOMI
2006 275 2322 334 ARCHIEP.
2359 274 2905 335 CONSTANTINOP.

3510 267 3617 329 Ξίθ

2044 389 2201 447 Οὕτω
2268 395 2363 449 καὶ
2418 396 2696 464 Μωῦσῆς·
2735 391 2915 447 ὀὐδὲν
2973 388 3080 462 7&9
3144 388 3341 443 κωλύει
3401 386 3496 440 καὶ
3554 391 3620 440 ἐκ

2045 474 2300 549 δευτέρου
2363 476 2524 531 πάλιν
2576 475 2740 530 αὑτοῦ
2808 472 3130 545 μνησθῆναι,
3188 469 3283 525 καὶ
3327 469 3455 523 ἰδεῖν
3500 468 3621 528 πῶς

2044 559 2113 612 τὰ
2157 560 2280 614 καθ’
2310 561 2499 614 ἑαυτὸν
2545 558 2828 631 παρεώρα,
2873 557 2968 611 καὶ
3007 554 3076 608 τά
3124 553 3234 608 τῶν
3274 551 3453 608 ἀλλων
3494 550 3620 622 ἐζή-

2046 659 2146 697 τει.
2197 638 2361 705 Οὗτος
2402 644 2511 714 γὰρ
2555 644 2613 695 ἐν
2661 639 2950 712 βασιλείοις
3007 635 3393 710 στρεφόμενος,
3432 633 3618 703 ἐπειδὴ

2046 726 2272 797 μείζονα
2304 726 2530 780 πλοῦτον
2576 728 2820 796 ἡγήσατο
2869 723 2977 775 τῶν
3017 721 3291 787 Αἰγύπτου
3332 716 3619 789 θησαυρῶν

2046 809 2138 862 16v
2167 809 2488 880 ὀνειδισμὸν,
2524 810 2617 863 καὶ
2645 808 2823 862 πάντα
2874 804 2985 859 ἀπὸ
3039 802 3148 857 τῶν
3198 800 3400 873 χειρῶν
3434 798 3619 871 ῥίψας.

2048 891 2323 945 ἐκοινώνει
2349 892 2457 946 τῶν
2483 891 2666 946 κακῶν
2694 892 2807 953 τοῖς
2843 885 3135 959 Ἑϐραίοις,
3161 885 3223 938 οὐ
3260 882 3421 954 μόνον
3462 881 3622 945 αὐτὸς

2049 975 2150 1027 οὐκ
2173 974 2463 1047 ἐδουλώθη,
2496 974 2631 1028 ἀλλά
2667 974 2761 1028 καί⁵
2789 971 3029 1035 ἐκείνους
3053 967 3295 1031 δουλείας
3322 964 3620 1038 ἀπήλλαξε.

2051 1059 2281 1128 Μεγάλα
2316 1060 2417 1132 μὲν
2451 1055 2545 1115 οὖν
2572 1058 2768 1124 ταῦτα,
2818 1057 2911 1111 καὶ
2955 1053 3256 1126 ἀγγελικῆς
3299 1051 3426 1117 ἀξια
3469 1050 3621 1104 πολιο

2051 1143 2221 1206 τείας.

2120 1227 2184 1282 δ⁴.
2208 1226 2281 1280 T6
2295 1226 2351 1280 δέ
2372 1225 2466 1279 τοῦ
2483 1225 2696 1280 Παύλου
2727 1223 2928 1294 πολλὴν
2955 1221 3069 1293 ἔχει
3093 1220 3192 1291 τὴν
3209 1216 3532 1291 ὑπερϐολήν.
3556 1216 3621 1270 OE

2056 1310 2153 1381 μὲν
2185 1310 2293 1380 γὰρ
2324 1308 2475 1362 ἄλλοι
2509 1308 2709 1373 πάντες
2729 1307 2800 1361 τὰ
2829 1305 3009 1360 αὐτῶν
3032 1304 3260 1375 ἀφέντες
3281 1300 3481 1370 ἀγαθὰ,
3506 1302 3621 1362 τοῖς

2052 1391 2160 1445 τῶν
2206 1391 2432 1463 πλησίον
2465 1391 2668 1445 εἴλοντο
2700 1390 2977 1444 κοινωνεῖν
3011 1388 3202 1448 κακοῖς
3222 1402 3238 1419 ο
3267 1385 3297 1438 6
3328 1384 3385 1438 δέ
3416 1382 3624 1444 Παῦλος

2056 1473 2232 1544 πολλῷ
2261 1474 2442 1544 μεῖζον
2472 1473 2745 1544 ἐποίησεν.
2779 1472 2853 1526 Οὐ
2876 1470 2986 1540 7&9
3017 1471 3137 1533 ταῖς
3165 1467 3368 1537 ἐτέρων
3394 1465 3628 1537 ἠθέλησε

2054 1558 2379 1628 κοινωνῆσαι
2409 1558 2732 1628 συμφοραῖς,
2763 1554 2878 1609 ἀλλ’
2904 1554 3074 1608 είλετο
3099 1551 3259 1616 αὐτὸς
3280 1546 3421 1605 εἶναι
3438 1550 3498 1603 ἐν
3515 1551 3627 1611 τοῖς

2054 1644 2321 1713 ἐσχάτοις,
2348 1641 2435 1695 ἴνα
2462 1642 2638 1713 ἐτεροι
2675 1640 2929 1711 γίνωνται
2975 1640 3032 1691 ἐν
3080 1635 3322 1704 ἀγαθοῖς.
3354 1634 3472 1687 Οὐκ
3513 1630 3629 1684 ἐστι

2053 1726 2109 1780 δὲ
2164 1726 2275 1780 ἴσον
2304 1726 2433 1780 ὄντα
2468 1726 2526 1779 ἐν
2556 1727 2734 1796 τρυφῇ
2769 1724 2920 1794 ῥῖψαι
2963 1719 3173 1793 τρυφὴν
3205 1719 3299 1772 καὶ
3343 1714 3628 1796 κακουχεῖ-

2057 1808 2200 1871 σθαι,
2214 1808 2376 1863 αὑτὸν
2394 1809 2553 1879 μόνον
2573 1791 3011 1877 κακουχούήμενον
3022 1803 3240 1873 ἐτέρους
3256 1797 3477 1868 ποιῆσαι
3490 1791 3629 1849 εἶναι

2055 1893 2112 1945 ἐν
2137 1892 2290 1965 ἀδείᾳ.
2334 1893 2428 1946 καὶ
2452 1895 2607 1963 τιμῇ.
2642 1889 2905 1944 Ἐνταῦθα
2941 1887 3038 1959 μέν
3062 1884 3170 1955 γὰρ
3197 1885 3246 1937 εἰ
3272 1884 3369 1936 καὶ
3399 1881 3547 1965 μέγα
3570 1879 3632 1933 16

2056 1963 2383 2039 ἀλλάξασθαι
2420 1973 2488 2027 τὰ
2527 1973 2673 2027 κακὰ
2720 1973 2826 2026 τῶν
2869 1970 3090 2040 ἀγαθῶν
3134 1966 3220 2021 διὰ
3258 1965 3348 2018 τὸν
3382 1963 3628 2034 πλησίον,

2054 2059 2169 2112 ἀλλ’
2197 2059 2347 2129 ὅμως
2380 2058 2536 2129 φέρει
2555 2056 2677 2110 τινὰ
2706 2053 3058 2127 παραμυθίαν
3076 2050 3136 2106 16
3164 2050 3451 2129 κοινωνοὺς
3490 2046 3635 2116 ἐχειν

2054 2142 2154 2211 τῆς
2190 2125 2543 2212 δυσημερίας·
2583 2139 2644 2193 16
2681 2140 2740 2193 δέ
2771 2125 2932 2191 αὑτὸν
2966 2137 3125 2208 μόνον
3159 2133 3362 2188 ἐθέλειν
3404 2125 3546 2184 εἶναι
3573 2129 3632 2182 ἐν

2053 2228 2167 2288 τοῖς
2194 2225 2474 2295 λυπηροῖς,
2512 2224 2598 2278 ἵνα
2623 2223 2800 2294 ἐτεροι
2834 2219 2942 2274 τῶν
2977 2217 3231 2290 χρηστῶν
3257 2213 3631 2274 ἀπολαύσωσι,

2055 2306 2214 2362 τοῦτο
2257 2306 2434 2379 πολλῷ
2475 2305 2873 2375 νεανικωτέρας
2917 2302 3096 2374 ψυχῆς
3137 2301 3232 2356 καὶ
3284 2297 3379 2352 τοῦ
3417 2295 3632 2351 Παύλου

2058 2392 2421 2460 φρονήματος.

2127 2475 2200 2528 Ού
2224 2474 2398 2546 ταύτῃ
2424 2471 2481 2526 δὲ
2515 2472 2694 2544 μόνον,
2716 2470 2852 2524 άλλά
2879 2468 2972 2524 καὶ
2999 2468 3161 2540 ἑτέρᾳ
3182 2463 3337 2541 [225]
3360 2462 3635 2537 ὑπερϐολῇ

2060 2558 2264 2628 μείζονι
2317 2558 2446 2627 νικᾷ.
2480 2557 2607 2619 τοὺς
2651 2553 3081 2625 προειρημένους
3128 2552 3389 2613 ἅπαντας.
3436 2547 3495 2601 Ὀ
3536 2547 3638 2618 μὲν

2057 2641 2165 2712 7&9
2209 2639 2463 2714 Ἀϐραὰμ
2491 2639 2585 2693 καὶ
2608 2639 2656 2691 οί
2681 2637 2859 2690 λοιποὶ
2886 2636 3084 2698 πάντες
3112 2632 3379 2694 κινδύνοις
3410 2629 3636 2692 ἑαυτοὺς

2060 2722 2380 2794 περιέϐαλον
2432 2724 2545 2784 τοῖς
2608 2722 2665 2774 ἐν
2710 2720 2789 2790 τῷ
2852 2718 3079 2789 παρόντι
3128 2717 3248 2787 βίῳ,
3299 2715 3396 2770 καὶ
3437 2714 3638 2774 πάντες

2058 2793 2396 2874 ἁπαξαπλῶς
2445 2806 2642 2860 ἐκεῖνοι
2686 2803 2874 2857 τοῦτον
2902 2802 3063 2874 ᾔτουν
3094 2801 3185 2855 τὸν
3216 2798 3467 2854 θάνατον·
3509 2798 3539 2850 6
3583 2793 3639 2848 δὲ

2059 2891 2267 2955 Παῦλος
2315 2889 2415 2961 τῆς
2446 2888 2606 2956 δόξης
2648 2888 2749 2958 τῆς
2794 2884 3097 2956 μελλούσης
3138 2880 3339 2955 ηῦξατο
3385 2879 3642 2934 ἐκπεσεῖν

2059 2974 2199 3047 ὑπὲρ
2242 2975 2341 3045 τῆς
2372 2973 2481 3026 τῶν
2531 2970 2729 3043 ἐτέρων
2777 2968 3066 3039 σωτηρίας.
3106 2966 3261 3047 ’Ἑχων
3306 2961 3643 3047 καὶᾼτρίτην

2059 3043 2231 3111 εἰπεῖν
2287 3043 2610 3127 ὑπερϐολήν.
2643 3051 2809 3106 Ποίαν
2857 3050 2913 3104 δὲ
2966 3049 3211 3118 ταύτην;
3242 3046 3366 3099 Ὅτι
3414 3043 3643 3098 ἐκείνων

2061 3142 2160 3214 μὲν
2199 3141 2349 3206 ἔνιοι,
2392 3141 2441 3192 εἰ
2485 3138 2580 3192 καὶ
2610 3136 2720 3190 τῶν
2752 3133 3252 3214 ἐπιϐουλευσάντων
3288 3129 3639 3214 προῖσταᾼντο,

2057 3209 2172 3281 ἀλλ’
2198 3225 2348 3295 ὅμως
2375 3215 2451 3277 ὧν
2471 3221 2571 3293 τὴν
2594 3216 2953 3289 δημαγωγίαν
2983 3211 3124 3286 ἦσαν
3144 3209 3639 3282 ἐγκεχειρισμένοι·

2058 3309 2152 3363 καί⁸
2204 3294 2400 3361 ταύτὸν
2451 3303 2785 3366 συνέϐαινεν,
2817 3294 2927 3354 οἷον
2971 3298 3038 3353 ἂν
3083 3297 3136 3352 εί
3159 3314 3244 3359 τις
3278 3295 3637 3366 προῖσταιτο⁶

2060 3390 2176 3443 υἱοῦ
2217 3388 2419 3460 φαύλου
2454 3386 2551 3457 μὲν
2579 3385 2675 3440 καὶ
2716 3382 3054 3460 παρανόμου,
3082 3378 3197 3434 υίοῦ
3226 3378 3283 3460 δέ
3310 3377 3483 3460 ὅμως·
3512 3377 3544 3430 6

2058 3452 2271 3536 Παῦλος
2294 3469 2433 3541 ὑπὲρ
2454 3452 2664 3522 τούτων
2688 3452 2935 3520 ἐϐούλετο
2959 3458 3099 3518 εἰναι
3129 3459 3398 3531 ἀνάθεμα,
3428 3452 3506 3541 ὧν
3537 3458 3640 3541 οὐκ

2055 3552 2124 3626 ἦν
2144 3539 2648 3626 ἐμπεπιστευμένος
2666 3551 2764 3622 τὴν
2790 3546 3144 3619 προστασίαν·
3172 3546 3255 3607 εἰς
3278 3542 3389 3614 γὰρ
3413 3540 3484 3594 τά
3508 3539 3635 3626 ἐθνη

2055 3624 2123 3710 ἦν
2148 3624 2570 3706 ἀπεσταλμένος.
2604 3629 2755 3694 Εἶδες
2786 3631 2962 3702 ψυχῆς
2988 3629 3214 3700 μέγεθος
3242 3625 3336 3680 καὶ
3358 3624 3638 3710 φρονήμ-

2058 3708 2143 3785 τος
2184 3721 2317 3791 ὕψος
2349 3717 2511 3773 αὐτὸν
2548 3714 2874 3787 ὑπερϐαῖνον
2903 3713 2995 3766 16v
3022 3711 3284 3782 ούρανόν;
3330 3708 3505 3791 Τοῦτο
3534 3708 3631 3791 ζή-

2057 3789 2246 3859 λωσον·
2279 3805 2327 3856 εἰ
2355 3802 2412 3855 δέ
2442 3801 2503 3855 ού
2531 3798 2778 3859 δύνασαι,
2801 3795 2906 3851 κᾶν
2928 3795 3052 3858 τοὺς
3086 3796 3144 3847 ἐν
3162 3796 3227 3864 τῇ
3257 3791 3473 3860 Παλαιᾷ
3494 3789 3635 3860 λάμ-

2057 3887 2283 3957 ψαντας.
2318 3882 2472 3939 Οὕτω
2505 3880 2613 3951 γὰρ
2648 3881 2901 3951 εὑρήσεις
2939 3878 2998 3931 τό
3032 3894 3112 3930 σοι
3142 3876 3439 3948 συμφέρον,
3476 3874 3543 3927 ἂν
3571 3872 3634 3926 τὺ

2056 3970 2152 4024 τοῦ
2200 3966 2428 4037 πλησίον
2467 3962 2657 4035 ζητῇς.
2695 3963 2859 4015 Ὥστε
2900 3963 3027 4015 ὅταν
3064 3960 3229 4029 ὀκνῇς
3257 3957 3635 4028 ἐπιμελεῖσθαι

2057 4051 2151 4106 τοῦ
2187 4048 2438 4118 ἀδελφοῦ,
2475 4048 2730 4117 ἐννοήσας
2754 4046 2835 4098 ὅτι
2866 4044 2987 4098 ούδέ
3012 4042 3188 4104 άλλως
3216 4041 3422 4114 δυνήσῃ
3453 4039 3633 4108 σωθῆ-

2058 4152 2166 4199 ναι,
2192 4133 2279 4187 διὰ
2307 4129 2439 4200 γοῦν
2474 4129 2667 4183 σαυτὸν
2691 4127 2899 4181 ἐκείνου
2934 4124 3199 4197 πρόστηθι
3224 4124 3317 4178 καὶ
3343 4122 3453 4176 τῶν
3484 4120 3635 4175 ἐκεί-

2058 4235 2149 4271 νου
2189 4215 2547 4288 πραγμάτων.
2593 4211 2773 4265 Ἱκανά
2816 4211 2913 4281 μὲν
2957 4211 3068 4280 7&9
3115 4208 3210 4263 καὶ
3252 4207 3322 4262 τά
3365 4204 3636 4277 εἰρημένα

2060 4303 2265 4359 πεῖσαι,
2292 4300 2373 4352 ὅτι
2405 4297 2579 4359 ἄλλως
2620 4297 2720 4349 οὐκ
2752 4294 2831 4347 ἔνι
2862 4294 2923 4347 16
2948 4295 3081 4365 ήμῖν
3120 4291 3396 4363 συμφέρον
3428 4290 3634 4361 εὑρεῖν.

2061 4385 2122 4437 Et
2159 4382 2216 4435 δὲ
2247 4381 2425 4452 βούλει
2451 4380 2544 4434 καὶ
2575 4380 2640 4432 ἐκ
2663 4378 2771 4431 τῶν
2802 4380 2859 4431 ἐν
2896 4376 3154 4447 συνηθείᾳ
3182 4373 3639 4446 παραδειγμάτων

2058 4465 2216 4519 τοῦτο
2260 4464 2470 4535 μαθεῖν,
2499 4462 2750 4532 ἐννόησον
2778 4463 2826 4513 εἰ
2852 4459 3095 4530 συμϐαίη
3119 4476 3221 4512 που
3253 4456 3364 4528 πῦρ
3394 4453 3638 4524 ἀναφθῆ-

2059 4566 2148 4603 ναι
2194 4550 2251 4602 ἐν
2279 4546 2447 4617 οἰκίᾳ,
2475 4541 2594 4599 εἶτά
2642 4560 2785 4607 τινες
2832 4542 2940 4596 τῶν
2972 4542 3198 4613 πλησίον
3227 4539 3541 4600 οἰκούντων,
3578 4535 3642 4589 16

2061 4630 2269 4685 ἐαυτῶν
2293 4629 2621 4692 σκοποῦντες
2654 4626 2729 4699 μή
2763 4627 3178 4699 παρατάξωνται
3208 4626 3321 4688 τοῖς
3354 4621 3639 4688 κινδύνοις,

2060 4713 2195 4768 ἀλλὰ
2225 4713 2319 4766 καὶ
2349 4711 2802 4772 κατακλείσαντες
2848 4711 3074 4772 ἑαυτοὺς
3107 4708 3245 4760 οἴκοι
3276 4707 3523 4776 μείνωσι,
3552 4704 3634 4759 δε-

2060 4797 2299 4860 δοικότες
2330 4796 2405 4866 μή
2436 4811 2519 4858 τις
2547 4792 2873 4848 ἐπεισελθὼν
2923 4791 3185 4863 ὑφέληταί
3232 4807 3285 4843 τι
3329 4789 3439 4843 τῶν
3470 4788 3642 4854 ἔνδον,

2060 4883 2194 4950 ὅσην
2242 4878 2639 4948 ὑποστήσονται
2666 4875 2972 4947 τιμωρίαν;
3001 4875 3110 4928 Kal
3138 4872 3247 4944 7&9
3296 4870 3360 4925 16
3389 4871 3502 4942 πῦρ
3543 4872 3642 4924 ἐπ-

2061 4963 2213 5016 ελθὸν
2249 4961 2464 5017 ἅπαντα
2495 4959 2819 5030 καταφλέξει
2857 4958 2926 5012 τά
2965 4958 3211 5011 ἐκείνων·
3242 4956 3338 5010 καὶ
3363 4954 3550 5025 ἐπειδὴ
3579 4955 3644 5008 16

2059 5047 2152 5101 τοῦ
2182 5046 2411 5116 πλησίον
2430 5043 2704 5115 συμφέρον
2730 5043 2829 5096 οὐκ
2856 5038 3014 5105 εῐδον,
3043 5041 3138 5095 καὶ
3154 5040 3215 5094 16
3239 5040 3451 5094 ἐαυτῶν
3474 5053 3644 5110 προσ-

2061 5130 2406 5185 απολλύουσι.
2454 5129 2564 5182 Kal
2615 5126 2723 5197 7&9
2766 5127 2795 5179 6
2837 5124 2970 5189 Θεὸς
3019 5123 3337 5195 βουλόμενος
3381 5121 3643 5191 συνδῆσαι

2064 5214 2269 5278 πάντας
2295 5213 2567 5284 ἀλλήλοις,
2595 5209 2851 5280 τοιαύτην
2882 5210 2997 5271 τοῖς
3028 5208 3346 5278 πράγμασιν
3370 5205 3644 5276 ἐπέθηκεν

2061 5297 2331 5365 ἀνάγκην,
2372 5294 2447 5357 ὡς
2489 5296 2547 5347 ἐν
2584 5293 2661 5364 τῷ
2690 5291 2783 5345 τοῦ
2818 5290 3046 5362 πλησίον
3084 5290 3417 5360 συμφέροντι
3451 5286 3515 5341 16
3544 5285 3640 5341 τοῦ

2062 5380 2249 5449 ἐτέρου
2283 5376 2545 5431 δεδέσθαι·
2579 5378 2674 5429 καὶ
2696 5377 2724 5429 6
2746 5374 2948 5445 κόσμος
2977 5372 3122 5435 ἅπας
3144 5371 3287 5425 οὓτω
3314 5370 3638 5443 συνέστηκε.

2063 5463 2161 5514 Διά
2188 5460 2258 5530 δὴ
2289 5460 2449 5514 τοῦτο
2481 5460 2572 5514 καὶ
2602 5460 2659 5512 ἐν
2691 5458 2875 5529 πλοίῳ,
2905 5458 2954 5510 εἰ
2987 5455 3254 5527 χειμῶνος
3286 5455 3584 5525 γενομένου
3611 5454 3644 5507 6

2064 5544 2397 5616 κυϐερνήτης
2422 5544 2576 5613 ἀφεὶς
2598 5542 2658 5595 16
2671 5542 2779 5595 τῶν
2806 5539 3013 5596 πολλῶν
3035 5538 3333 5611 συμφέρον,
3358 5538 3421 5591 16
3441 5538 3641 5594 ἐαυτοῦ

2135 5804 2156 5832 τ’
2190 5802 2332 5862 Περ,
2358 5798 2607 5861 προσταίη.
