3990 6168
331 335 438 389 909

326 448 506 505 dicam
530 490 545 512 ,
597 451 1015 520 strangulaveris
1043 491 1056 512 ,
1087 449 1312 519 proximi
1361 461 1539 504 autem
1577 461 1758 502 curam
1813 461 1919 500 non

329 555 512 608 geras,
529 539 662 594 nihil
699 542 868 610 magni
893 540 1083 604 fecisti,
1104 539 1197 596 sed
1219 539 1394 595 adhuc
1411 539 1567 610 longe
1586 538 1716 593 abes
1734 535 1801 590 ab
1823 535 1922 590 hac

333 633 570 700 imagine
613 636 722 688 tunc
761 632 978 687 faciens.
1021 633 1182 701 Atqui
1211 631 1297 686 hic
1329 631 1546 699 quidem
1572 630 1683 698 ipsa
1709 641 1922 698 quoque

333 736 424 777 res
468 730 660 778 natura
688 737 780 777 sua
806 731 889 777 est
923 723 1068 776 utilis
1091 764 1103 787 ,
1136 723 1408 776 abstinere
1443 721 1510 775 ab
1539 720 1604 774 iis
1650 733 1769 787 qua:
1797 726 1922 772 sunt

336 813 497 868 idolis
530 814 795 869 immolata
829 830 842 866 :
871 828 972 884 ego
1001 822 1178 866 autem
1210 813 1432 882 plurima
1454 811 1578 875 feci,
1620 810 1810 880 inquit,
1855 823 1920 863 ex

338 905 402 958 iis
424 920 543 979 quas
575 924 668 976 per
692 921 750 962 se
787 922 896 961 non
925 915 1048 961 sunt
1078 907 1224 960 utilia
1251 947 1267 971 ,
1325 920 1516 976 nempe
1545 902 1764 975 quando
1814 903 1918 956 cir-

335 1011 399 1053 cu
411 1001 583 1062 mcidi.
607 999 821 1070 quando
843 999 1158 1054 sacriﬁcavi.
1189 999 1313 1054 Haac
1339 999 1478 1054 enim
1506 998 1720 1068 quando
1744 1013 1840 1068 per
1864 1011 1922 1050 se

337 1092 734 1157 examinantur,
775 1101 830 1146 et
861 1092 1093 1160 perdunt
1118 1106 1212 1146 eos
1239 1092 1328 1162 qui
1373 1091 1424 1145 id
1461 1089 1692 1154 faciunt,
1721 1097 1774 1142 et
1803 1087 1921 1140 efﬁ-

333 1183 482 1236 ciunt
509 1191 567 1236 ut
599 1198 633 1237 a
662 1183 836 1238 salute
864 1182 1114 1238 excidant
1146 1200 1158 1235 :
1193 1192 1425 1236 attamen
1465 1181 1693 1236 sustinui
1720 1168 1810 1235 illa
1849 1180 1920 1234 ob

335 1275 541 1329 lucrum
573 1275 698 1330 inde
731 1275 1073 1345 proveniens.
1102 1274 1200 1330 Hic
1225 1285 1400 1329 autem
1422 1274 1555 1328 nihil
1583 1274 1775 1329 simile.
1803 1273 1920 1328 Illic

335 1370 476 1423 enim
508 1368 616 1422 nisi
654 1367 794 1422 adsit
821 1369 1051 1436 utilitas,
1084 1377 1136 1423 et
1164 1368 1266 1422 nisi
1297 1368 1417 1422 aliis
1455 1368 1644 1438 prosit,
1675 1375 1798 1420 tunc
1831 1381 1919 1420 res

340 1460 604 1514 damnosa
653 1470 766 1519 est:
820 1460 908 1515 hic
948 1475 1105 1528 vero,
1137 1459 1349 1516 etiamsi
1392 1474 1550 1514 nemo
1594 1458 1915 1525 oﬂ‘endatur,

344 1559 560 1621 Oportet
587 1559 759 1606 tamen
789 1566 818 1605 a
845 1551 1124 1621 prohibitis
1150 1551 1446 1606 abstinere.
1475 1550 1592 1604 Non
1625 1551 1797 1606 solum
1822 1564 1920 1602 au-

351 1652 457 1696 tem
487 1641 682 1705 noxia,
722 1641 817 1696 sed
841 1643 1001 1696 etiam
1024 1642 1290 1696 laboriosa
1332 1642 1550 1712 pertuli.
1594 1641 1734 1695 Alias
1775 1643 1915 1695 enim

351 1733 606 1788 Ecclesias
633 1732 968 1800 depOpulatus
999 1749 1130 1796 sum,
1163 1733 1354 1802 inquit,
1398 1742 1601 1802 accepto
1650 1731 1914 1802 stipendio,

344 1833 402 1880 et
435 1839 558 1879 cum
607 1822 894 1878 comedere
923 1825 1106 1878 liceret
1151 1832 1206 1878 et
1243 1839 1349 1878 non
1379 1823 1588 1893 Operari
1619 1863 1634 1888 ,
1683 1821 1784 1877 hoc
1812 1837 1915 1876 non

345 1915 563 1984 qumsivi
590 1956 604 1978 ,
634 1913 729 1968 sed
758 1914 918 1967 malui
947 1912 1085 1968 fame
1114 1914 1291 1982 perire
1335 1915 1529 1983 potius,
1579 1929 1737 1984 quam
1764 1914 1912 1968 alteri

337 2005 663 2060 offendicula
688 2019 829 2058 esse.
851 2004 976 2058 Ideo
1003 2005 1076 2058 ait
1103 2021 1116 2055 :
1154 2003 1257 2057 Per
1280 2006 1449 2058 omnia
1472 2006 1700 2058 omnibus
1740 2006 1912 2074 placeo

333 2094 414 2166 (9..
446 2094 565 2149 Cor.
599 2095 656 2148 Il
673 2135 686 2148 .
718 2094 796 2162 8).
817 2093 942 2148 Sive
957 2109 1070 2148 rem
1088 2094 1290 2164 legibus
1306 2095 1604 2160 adversam,
1629 2101 1742 2151 sive
1759 2097 1912 2150 labo-

329 2187 529 2240 riUSam
551 2226 566 2249 ,
600 2185 712 2239 sive
741 2185 1098 2255 periculosam
1123 2194 1367 2255 oporteat
1398 2185 1595 2253 facere,
1628 2188 1809 2242 omnia
1858 2189 1910 2242 in

324 2279 556 2332 aliorum
587 2279 866 2332 utilitatem
911 2278 1172 2333 sustineo.
1201 2277 1335 2333 Cum
1379 2295 1506 2350 ergo
1532 2280 1785 2336 omnibus
1809 2295 1907 2335 su-

321 2372 511 2440 perior
546 2379 692 2425 esset
717 2378 968 2438 quantum
1009 2370 1074 2424 ad
1102 2381 1404 2425 accuratam
1435 2372 1560 2427 vitm
1610 2374 1908 2438 rationem,

318 2463 576 2518 omnibus
611 2462 825 2517 inferior
845 2471 961 2516 erat
985 2479 1080 2534 per
1107 2465 1625 2532 attemperationem.

391 2553 721 2608 Prceclarum
752 2555 881 2608 nihil
902 2564 994 2617 est,
1021 2555 1120 2607 nisi
1158 2554 1275 2608 aliis
1297 2556 1359 2608 sit
1389 2554 1746 2610 utile.—Nam
1785 2558 1909 2610 nul-

313 2647 424 2700 lum
469 2647 732 2716 praeclare
773 2654 981 2714 gestum
1013 2647 1084 2699 ita
1115 2660 1365 2715 magnum
1412 2659 1532 2700 esse
1561 2647 1767 2716 possit,
1810 2647 1908 2702 nisi

313 2738 617 2793 utilitatem
651 2735 715 2790 ad
739 2735 875 2790 alios
906 2737 1260 2790 transmiserit
1294 2755 1306 2787 :
1340 2735 1496 2805 idque
1536 2737 1708 2804 palam
1735 2747 1812 2790 cst
1842 2754 1907 2792 ex

311 2830 427 2896 illo,
484 2828 580 2898 qui
611 2827 866 2882 talentum
899 2828 1161 2896 integrum
1193 2826 1402 2889 retulit,
1434 2836 1488 2882 et
1515 2826 1779 2882 dissectus
1825 2838 1909 2884 est

308 2922 582 2997 quoniam
613 2919 743 2974 illud
771 2934 878 2973 non
931 2918 1319 2988 multiplicavit.
1351 2918 1413 2973 Et
1449 2929 1500 2973 tu
1537 2935 1684 2989 ergo,
1720 2920 1903 2988 frater,

306 3012 534 3068 etiamsi
564 3011 836 3067 abstineas
857 3025 887 3065 a
909 3011 1050 3075 cibo,
1080 3010 1287 3064 etiamsi
1316 3009 1459 3064 humi
1487 3011 1670 3077 cubes,
1696 3013 1904 3068 etiamsi

305 3105 562 3160 cinerem
614 3102 868 3158 comedas
893 3145 907 3169 ,
963 3116 1286 3171 semperque
1338 3103 1664 3171 lamenteris,
1697 3105 1738 3158 si
1773 3106 1904 3161 nihil

305 3197 474 3250 alium
526 3196 699 3263 iuves,
733 3193 866 3248 nihil
921 3208 1174 3260 magnum
1226 3195 1486 3262 operaris.
1533 3195 1747 3250 Etenim
1799 3197 1904 3250 illis

308 3292 362 3346 in
418 3291 693 3362 principio
721 3290 849 3345 viris
880 3290 1089 3361 magnis
1116 3300 1170 3345 et
1211 3289 1484 3359 prmclaris
1535 3289 1634 3343 hoc
1672 3289 1903 3343 maxime

307 3398 460 3436 curae
491 3392 615 3436 erat
645 3399 658 3434 :
689 3397 875 3436 eorum
907 3383 1070 3436 vitam
1099 3390 1349 3436 accurate
1376 3390 1636 3444 scrutare,
1663 3388 1718 3435 et
1761 3381 1904 3434 clare

312 3466 536 3525 videbis
564 3486 748 3526 eorum
789 3473 1056 3527 neminem
1094 3487 1187 3525 sua
1209 3479 1481 3540 spectasse
1501 3512 1517 3538 ,
1543 3470 1638 3526 sed
1667 3470 1904 3540 singulos

302 3578 372 3617 ea
402 3578 535 3632 quae
571 3563 791 3630 proximi
813 3573 1001 3630 erant;
1026 3562 1163 3618 unde
1179 3563 1340 3617 etiam
1365 3563 1534 3631 magis
1555 3561 1901 3631 rcsplendue-

300 3663 458 3708 runt.
481 3654 620 3708 Nam
649 3662 701 3708 et
720 3669 750 3708 a
773 3653 948 3725 Moyse
974 3655 1137 3709 multa
1159 3663 1213 3709 et
1230 3669 1419 3723 magna
1440 3661 1642 3722 patrata
1661 3662 1782 3707 sunt
1799 3655 1902 3707 mi-

297 3745 495 3800 racula
527 3754 584 3800 et
615 3745 798 3814 signa;
841 3744 932 3799 sed
972 3745 1103 3799 nihil
1148 3745 1292 3799 illum
1348 3754 1453 3798 tam
1482 3759 1729 3814 magnum
1760 3744 1899 3809 fecit,

298 3846 357 3890 ut
401 3836 570 3890 beata
603 3835 694 3889 illa
740 3849 840 3890 vox
885 3851 1043 3904 quam
1067 3835 1135 3889 ad
1159 3835 1323 3889 Deum
1356 3833 1553 3901 emisit,
1585 3833 1768 3889 dicens
1795 3853 1807 3889 :
1843 3835 1904 3889 Si

293 3938 474 3983 autem
502 3928 724 3982 dimittis
749 3928 853 3982 illis
882 3937 1162 3998 peccatum,
1187 3929 1416 3993 dimitte;
1445 3927 1523 3982 sin
1555 3929 1791 3988 minus,~t
1827 3945 1904 3981 me

293 4038 508 4091 quoque
530 4021 649 4075 dele
676 4019 872 4092 (Exod.
907 4019 997 4075 δί.
1026 4020 1140 4090 52).
1172 4020 1317 4080 Talis
1337 4034 1546 4089 quoque
1569 4019 1733 4073 David
1764 4028 1898 4085 erat;

292 4111 542 4180 ideoque
563 4109 780 4164 diccbat
805 4126 816 4161 :
851 4109 962 4179 Ego
985 4118 1156 4178 pastor
1188 4112 1408 4180 peccavi,
1442 4121 1488 4165 et
1514 4127 1604 4180 ego
1635 4110 1899 4176 malefeci,

289 4214 338 4256 et
369 4204 462 4258 isti
494 4203 593 4271 qui
624 4210 737 4255 sunt
761 4219 885 4272 grex
904 4203 1025 4272 quid
1047 4207 1270 4274 fecerunt
1293 4203 1316 4255 ?
1338 4202 1418 4256 Sit
1440 4219 1617 4255 manus
1638 4211 1722 4254 tua
1753 4217 1902 4272 super

289 4313 373 4348 me
401 4304 457 4349 et
489 4311 660 4365 super
687 4293 890 4348 domum
920 4296 1080 4366 patris
1107 4295 1203 4348 mei
1235 4293 1309 4364 (2.
1357 4291 1482 4364 Reg.
1534 4293 1624 4346 24.
1659 4293 1771 4362 I7).
1814 4292 1903 4347 Sic

289 4385 588 4440 Abraham
622 4401 727 4438 non
753 4384 826 4449 id,
860 4384 1004 4454 quod
1036 4384 1137 4438 sibi
1181 4392 1514 4453 competeret
1543 4421 1557 4446 ,
1606 4381 1900 4452 quaerebat,

289 4477 388 4532 sed
422 4477 582 4548 quod
644 4477 847 4531 multis.
898 4476 1130 4544 Ideoque
1159 4475 1408 4546 periculis
1434 4489 1553 4528 sese
1579 4471 1898 4542 exponebat,

290 4568 596 4639 Deumque
630 4567 856 4638 rogabat
895 4582 992 4637 pro
1014 4569 1098 4631 iis,
1131 4569 1218 4637 qui
1249 4567 1313 4620 ad
1342 4567 1511 4636 ipsum
1558 4566 1686 4619 nihil
1712 4564 1905 4618 attineo

288 4660 446 4714 bant.
505 4661 578 4717 Ει
609 4659 666 4714 hi
699 4660 914 4730 quidem
945 4660 1014 4714 ita
1046 4659 1371 4714 claruertmt.
1412 4657 1509 4723 Qui
1541 4671 1666 4712 vero
1693 4670 1752 4711 ea
1783 4669 1904 4724 quae

285 4765 386 4804 sua
419 4762 622 4806 essent
649 4751 984 4822 quarrebant,
1017 4750 1137 4804 vide
1174 4758 1426 4819 quantum
1458 4748 1636 4802 damni
1685 4761 1905 4816 accepe-

287 4841 420 4894 rint.
475 4841 622 4910 Ejus
650 4851 801 4896 certe
827 4839 1005 4895 fratris
1032 4841 1190 4905 ﬁlius,
1215 4855 1334 4894 cum
1361 4837 1597 4894 audisset
1627 4855 1642 4894 :
1678 4837 1739 4893 Si
1765 4848 1817 4891 tu
1837 4837 1906 4890 ad

286 4932 593 4997 dexteram,
628 4947 726 5001 ego
753 4931 820 4983 ad
857 4931 1116 4984 sinistram
1155 4928 1305 4999 (Gen.
1338 4929 1423 4983 13.
1457 4928 1550 4997 9);
1586 4937 1639 4983 et
1668 4934 1905 4998 Optasset

287 5023 439 5087 quod
485 5022 601 5077 sibi
665 5021 800 5076 utile
842 5029 962 5076 erat
1008 5021 1279 5092 quaesivit,
1332 5035 1508 5089 neque
1551 5019 1691 5088 quod
1746 5033 1903 5074 suum

286 5124 407 5168 erat
465 5113 732 5178 invenit;
787 5113 882 5167 sed
931 5113 1044 5167 inec
1083 5112 1297 5183 quidem
1353 5113 1500 5182 regio
1550 5118 1660 5163 tota
1709 5108 1905 5164 conﬂa-

287 5206 487 5275 gravit,
525 5205 626 5258 illa
673 5211 852 5258 autem
889 5204 1086 5259 mansit
1113 5205 1296 5259 illaesa.
1343 5203 1506 5258 Jonas
1548 5215 1757 5254 rursum
1785 5214 1904 5254 cum

291 5314 400 5354 non
423 5298 742 5370 quaesisset
771 5297 823 5351 id
850 5297 998 5366 quod,
1037 5297 1220 5351 multis
1241 5340 1256 5364 ,
1288 5297 1382 5351 sed
1408 5295 1552 5366 quod
1578 5295 1678 5348 sibi
1704 5293 1906 5348 condu-

290 5393 474 5458 cebat,
510 5392 571 5446 in
604 5390 912 5459 periculum
939 5390 1089 5445 exitii
1120 5393 1266 5445 venit
1299 5408 1311 5444 :
1340 5400 1392 5445 et
1414 5389 1541 5444 urbs
1569 5387 1783 5458 quidem
1802 5397 1909 5440 sta-

296 5484 407 5552 bat,
452 5487 586 5556 ipse
642 5495 784 5536 vero
828 5481 1060 5552 agitatus
1101 5481 1351 5536 ﬂuctibus
1377 5491 1432 5536 et
1473 5482 1754 5536 demersus
1793 5479 1905 5533 fuit.

294 5573 428 5629 Cum
456 5584 663 5630 autem
699 5573 752 5627 id
779 5573 923 5643 quod
948 5573 1133 5628 inultis
1160 5573 1288 5628 utile
1318 5581 1433 5626 erat
1460 5570 1704 5640 quaesivit
1725 5611 1739 5634 ,
1786 5579 1910 5623 tunc

299 5668 440 5735 quod
469 5680 650 5721 suum
675 5672 794 5718 erat
823 5662 1152 5719 invenit.'Sic
1179 5671 1233 5717 et
1252 5661 1418 5716 Jacob
1443 5663 1493 5715 in
1515 5661 1760 5731 gregibus
1788 5674 1908 5713 cum

300 5773 401 5816 non
435 5761 669 5815 lucrum
711 5757 988 5828 proprium
1017 5755 1350 5827 qnzesivissct
1373 5796 1389 5823 ,
1435 5769 1647 5824 magnas
1673 5766 1803 5823 epes
1833 5760 1914 5809 est

1361 334 1424 390 IN
1468 333 1680 390 EPIST.
1723 332 1741 388 Ι
1807 332 1899 388 AD
1937 329 2092 387 COR.
2137 330 2365 387 HOMIL.
2409 335 2575 390 XXV.

3506 342 3614 400 3U)

2033 458 2371 516 sssequutus.
2392 449 2459 504 Et
2474 449 2670 520 Josepli
2696 465 2816 506 cum
2846 448 3066 508 fratrum
3091 453 3431 510 commodum
3468 470 3614 525 quae-

2032 538 2261 602 sivisset,
2311 555 2466 594 suum
2497 542 2720 598 invenit.
2746 542 2938 598 Missus
2965 546 3108 598 enim
3133 559 3161 597 a
3192 555 3361 614 patre.
3390 561 3495 600 non
3534 545 3585 597 di

2037 631 2134 691 xit,
2167 629 2304 697 Quid
2337 632 2437 686 hoc
2485 633 2604 688 est?
2633 649 2737 689 non
2766 635 2960 691 audisti
2987 635 3126 704 quod
3159 651 3256 706 pro
3297 636 3410 692 visu
3439 647 3492 692 et
3521 652 3610 692 so-

2031 722 2190 775 mniis
2227 739 2311 777 me
2341 724 2648 797 discerpere
2689 729 2866 782 conati
2893 729 3018 793 sint,
3045 737 3100 782 et
3138 743 3236 798 pro
3288 729 3508 784 somniis
3552 730 3604 785 in

2030 813 2234 868 crimen
2265 826 2485 870 vocatus
2511 819 2633 883 sim,
2664 827 2718 873 et
2745 819 2886 888 quod
2909 835 2938 873 a
2965 830 3015 874 te
3037 820 3225 890 diligar
3249 836 3435 890 ptenas
3455 821 3608 877 dede-

2031 906 2171 960 rimil
2198 909 2322 976 quid
2349 923 2476 978 ergo
2509 923 2613 964 non
2643 909 2831 964 facturi
2859 920 3004 976 sunt,
3037 913 3080 965 si
3114 927 3198 966 me
3225 915 3276 966 in
3309 913 3484 967 medio
3533 923 3609 967 te-

2029 999 2441 1054 nucrint?Nlhil
2471 1001 2658 1055 horum
2681 1002 2833 1067 dixit,
2865 1018 2962 1056 nec
2979 1003 3248 1073 cogitavit,
3275 1003 3366 1058 sed
3389 1004 3606 1058 fratrum

2029 1106 2211 1144 curam
2267 1092 2518 1146 omnibus
2569 1094 2820 1162 praetulit.
2852 1093 3078 1162 Ideoque
3109 1094 3286 1148 omnia
3337 1109 3456 1164 qua:
3489 1102 3609 1164 post

2029 1181 2116 1236 illa
2143 1182 2447 1251 obtigerunt
2469 1190 2788 1252 assequutus
2814 1191 2896 1238 est
2920 1184 3079 1244 bona,
3107 1199 3225 1252 qua:
3253 1184 3414 1238 etiam
3457 1183 3605 1239 illum

2029 1272 2181 1327 valde
2206 1273 2405 1328 clarum
2437 1272 2676 1328 fecerunt
2703 1281 2759 1328 et
2780 1274 3091 1343 gloriosum.
3124 1274 3210 1328 Sic
3248 1281 3304 1327 et
3355 1273 3598 1345 Moyses;

2029 1367 2161 1421 nihil
2188 1367 2329 1420 enim
2359 1367 2580 1436 impedit
2605 1369 3052 1437 quominusillum
3077 1368 3314 1423 secundo
3341 1383 3606 1423 memore-

2028 1472 2167 1521 mus,
2209 1467 2263 1512 et
2291 1457 2564 1512 videamus
2595 1459 2863 1528 quomodo
2891 1474 2987 1514 sua
3036 1458 3360 1527 deSpexerit,
3390 1466 3446 1512 et
3485 1457 3604 1511 aliis

2027 1549 2163 1604 bona
2190 1549 2430 1604 conferre
2459 1551 2746 1619 qumsierit.
2773 1550 2864 1604 Ille
2882 1565 3111 1620 namque
3129 1550 3178 1603 in
3198 1549 3341 1619 regia
3362 1561 3602 1611 versans,

2025 1641 2148 1711 quia
2179 1642 2411 1710 majores
2429 1641 2642 1696 divitias
2667 1657 2784 1696 esse
2815 1643 3031 1711 putabat
3056 1642 3421 1712 opprobrium;
3445 1655 3602 1710 quam

2029 1733 2246 1806 Egypli
2277 1732 2579 1800 thesauros,
2606 1734 2858 1804 projectis
2883 1735 3130 1789 omnibus
3156 1750 3274 1804 quae
3299 1749 3408 1804 prae
3435 1734 3604 1786 mani-

2023 1823 2122 1879 bus
2150 1824 2398 1887 habebat,
2427 1825 2688 1878 malorum
2722 1825 2900 1879 socius
2939 1841 3062 1879 cum
3091 1825 3329 1880 Hebraeis
3357 1825 3474 1887 fuit,
3502 1840 3602 1880 nec

2023 1915 2185 1969 modo
2213 1915 2328 1984 ipse
2358 1929 2464 1968 non
2497 1915 2548 1969 in
2572 1917 2884 1969 servitutem
2908 1915 3158 1971 redactus
3187 1929 3288 1981 εει,
3318 1915 3409 1970 sed
3441 1917 3602 1970 etiam

2024 2006 2148 2061 illos
2178 2021 2208 2060 a
2254 2007 2508 2060 servitute
2543 2005 2806 2060 liberavit.
2856 2007 3042 2078 Magna
3071 2007 3283 2078 quidem
3314 2007 3430 2063 haec
3455 2017 3600 2074 sunt,

2021 2107 2072 2152 et
2103 2097 2347 2167 angelico
2373 2097 2532 2166 digna
2562 2097 2821 2152 instituto.

2091 2189 2144 2243 4.
2179 2190 2249 2242 At
2275 2187 2417 2258 quod
2443 2188 2661 2242 Paulum
2693 2196 2918 2258 spectat,
2939 2188 3095 2259 longe
3120 2189 3468 2243 excellentius
3495 2200 3598 2243 est.

2019 2280 2123 2335 Alii
2147 2281 2289 2334 enim
2318 2295 2504 2334 omnes
2533 2279 2645 2334 suis
2669 2281 2866 2335 relictis
2884 2281 3057 2346 bonis,
3083 2282 3307 2350 proximi
3336 2281 3596 2336 malorum

2018 2374 2147 2428 socii
2171 2387 2292 2428 esse
2314 2372 2597 2428 voluerunt
2621 2389 2635 2426 :
2661 2372 2860 2428 Paulus
2879 2387 3008 2428 vero
3028 2389 3138 2427 rem
3169 2374 3325 2444 longe
3342 2375 3597 2443 majorem

2017 2462 2160 2518 fecit.
2193 2463 2307 2518 Non
2326 2464 2466 2520 enim
2493 2465 2786 2520 alienarum
2813 2464 3175 2520 calamitatum
3201 2467 3464 2534 particeps
3478 2481 3599 2520 esse

2018 2554 2204 2619 voluit,
2235 2554 2330 2609 sed
2362 2554 2412 2609 id
2442 2555 2625 2624 elegit,
2659 2554 2845 2624 utipse
2874 2555 2925 2608 in
2951 2556 3207 2610 extremis
3232 2566 3394 2624 esset,
3424 2565 3481 2611 ut
3506 2558 3596 2610 alii

2015 2644 2068 2698 in
2116 2644 2270 2699 bonis
2297 2645 2572 2714 degerent.
2598 2645 2706 2700 Nec
2730 2661 2823 2714 par
2847 2662 2932 2701 res
2959 2655 3042 2702 est
3067 2648 3121 2701 in
3148 2647 3351 2702 deliciis
3379 2664 3597 2703 versan-

2017 2743 2122 2788 tem
2152 2735 2370 2789 delicias
2401 2750 2679 2804 respuere,
2712 2744 2767 2788 ct
2794 2734 2992 2805 affligi;
3025 2746 3079 2790 et
3125 2739 3298 2790 solum
3349 2737 3510 2808 afﬂigi
3540 2747 3597 2792 et

2014 2828 2218 2890 vexari,
2244 2837 2300 2881 ut
2331 2827 2420 2880 alii
2447 2827 2496 2880 in
2527 2827 2820 2882 securitate
2852 2837 2906 2882 et
2931 2827 3135 2883 honore
3166 2839 3464 2883 versentur.
3501 2830 3594 2883 llic

2014 2921 2155 2974 enim
2184 2921 2282 2974 etsi
2306 2935 2557 2991 magnum
2575 2929 2656 2974 est
2686 2921 2822 2974 mala
2853 2920 3007 2975 bonis
3023 2930 3349 2976 commutare
3379 2933 3596 2990 propter

2014 3012 2312 3081 proximum
2334 3054 2348 3077 ,
2394 3013 2624 3083 aliquam
2652 3021 2827 3068 tamen
2855 3014 3274 3068 consolationem
3304 3013 3474 3078 affert,
3507 3031 3590 3068 re-

2014 3119 2130 3157 rum
2184 3103 2528 3159 adversarum
2580 3105 2757 3160 socios
2814 3103 3049 3172 habere,
3100 3118 3159 3160 se
3212 3116 3388 3160 autem
3455 3105 3594 3161 velle

2013 3197 2185 3250 solum
2229 3211 2350 3252 esse
2401 3197 2452 3251 in
2499 3196 2660 3252 rebus
2687 3197 2928 3266 aSpcris,
2987 3205 3042 3252 ut
3086 3197 3177 3253 alii
3231 3197 3390 3254 bonis
3412 3198 3592 3253 fruan-

2012 3296 2126 3352 tur;
2176 3287 2276 3343 hoc
2302 3298 2383 3344 est
2415 3289 2569 3358 longe
2617 3289 2976 3359 generosioris
3028 3289 3188 3344 animi
3233 3299 3287 3344 et
3328 3290 3497 3344 Pauli.

2083 3377 2237 3432 Pauli
2261 3380 2554 3449 magnitudo
2580 3381 2753 3432 animi.
2777 3411 2848 3419 —
2867 3380 2979 3434 Non
3009 3381 3130 3435 hinc
3158 3391 3334 3435 autem
3363 3391 3588 3447 tantum,

2011 3469 2104 3524 sed
2150 3486 2214 3524 ex
2257 3470 2470 3524 sublimi
2498 3472 2702 3525 ratione
2745 3471 2845 3525 alia
2885 3470 2994 3538 jam
3040 3482 3361 3525 memoratos
3403 3487 3590 3525 omnes

2011 3560 2168 3627 longe
2195 3561 2282 3615 ille
2322 3571 2557 3630 superat.
2604 3561 2734 3615 Nam
2780 3561 3046 3614 Abraham
3085 3561 3298 3630 quidem
3327 3571 3379 3615 et
3407 3562 3588 3617 caueri

2011 3665 2199 3706 omnes
2235 3665 2354 3706 sese
2383 3653 2446 3705 iis
2487 3650 2733 3720 objecere
2758 3652 3010 3722 periculis
3041 3660 3243 3705 tantum
3263 3692 3276 3715 ,
3309 3668 3426 3722 qua:
3466 3662 3590 3707 sunt

2011 3745 2064 3798 in
2111 3743 2357 3813 praesenti
2390 3742 2497 3796 vita
2520 3782 2533 3805 ,
2565 3749 2618 3796 et
2647 3757 2834 3796 omnes
2879 3742 2952 3796 illi
2985 3741 3120 3796 hanc
3162 3741 3330 3797 semel
3367 3755 3588 3810 expete-

2009 3833 2138 3889 bant
2176 3843 2403 3888 mortem
2437 3850 2451 3886 :
2480 3832 2673 3886 Paulus
2713 3847 2839 3887 vero
2867 3847 2896 3886 a
2925 3834 3099 3888 futura
3135 3833 3302 3903 gloria
3341 3832 3588 3888 excidere

2011 3926 2265 3996 rogabat,
2329 3940 2424 3994 pro
2455 3925 2682 3979 aliorum
2740 3925 2932 3979 salute.
2988 3924 3210 3980 Possum
3267 3936 3317 3979 et
3375 3928 3584 3982 tertiam

2010 4018 2188 4072 dicere
2233 4017 2566 4086 superiorem
2605 4015 2994 4071 excellentiam.
3025 4017 3192 4083 Quam
3221 4017 3362 4071 illam
3386 4016 3411 4070 7
3437 4018 3586 4085 Quod

2008 4111 2169 4180 aliqui
2209 4124 2393 4165 eorum
2417 4150 2432 4176 ,
2473 4109 2572 4163 etsi
2610 4115 2791 4164 curam
2844 4109 3100 4181 gerebant
3136 4125 3322 4164 eorum
3360 4111 3449 4180 qui
3488 4111 3587 4164 sibi

2009 4210 2310 4257 struxerant
2358 4199 2613 4268 insidias,
2658 4216 2847 4256 eorum
2892 4212 3069 4255 tamen
3111 4217 3291 4255 curam
3333 4201 3590 4270 gerebant

2008 4294 2097 4363 qui
2138 4293 2238 4347 sibi
2285 4292 2462 4347 traditi
2513 4293 2719 4346 fuerant
2756 4291 3085 4361 gubernandi
3117 4310 3130 4343 :
3161 4300 3320 4359 atque
3363 4291 3588 4358 idipsum

2010 4384 2384 4454 contingebat,
2417 4399 2480 4439 ac
2517 4385 2563 4438 si
2607 4385 2726 4453 quis
2753 4399 2934 4438 curam
2977 4391 3190 4452 gereret
3233 4381 3326 4435 ﬁlii
3373 4381 3586 4451 quidem

2011 4477 2158 4545 pravi
2196 4485 2250 4530 et
2288 4475 2536 4539 scelesti,
2581 4475 2675 4529 sed
2717 4483 2890 4528 tamen
2934 4475 3046 4528 ﬁlii.
3089 4473 3284 4528 Paulus
3322 4489 3452 4529 vero
3489 4489 3586 4545 pro

2013 4567 2097 4621 his
2127 4567 2339 4622 volebat
2367 4566 2650 4622 anathema
2680 4581 2799 4622 esse
2819 4609 2833 4632 ,
2862 4569 2951 4638 qui
2983 4567 3099 4636 ejus
3127 4582 3271 4623 curae
3312 4583 3420 4622 non
3466 4582 3587 4622 cre-

2012 4658 2106 4713 diti
2137 4658 2345 4712 fuerant
2373 4676 2387 4712 :
2420 4659 2470 4713 in
2508 4669 2696 4729 gentes
2720 4660 2861 4714 enim
2905 4658 3098 4714 missus
3121 4669 3260 4713 erat.
3333 4651 3596 4710 Vidistin'

2012 4752 2172 4806 animi
2200 4751 2617 4822 magnitudinem
2638 4795 2652 4818 ,
2685 4760 2740 4807 et
2769 4752 3147 4806 sublimitatem
3191 4753 3362 4822 ipsum
3392 4750 3582 4806 caelum

2012 4844 2395 4912 superantem?
2435 4843 2585 4899 llunc
2628 4845 2836 4898 imitare
2865 4862 2878 4896 :
2904 4845 2948 4897 si
2978 4859 3108 4898 vero
3133 4859 3239 4898 non
3273 4854 3457 4913 potes,
3486 4844 3590 4897 sal-

2015 4945 2120 4991 tem
2173 4949 2266 4990 eos
2321 4934 2414 5004 qui
2454 4936 2505 4988 in
2560 4935 2736 4990 Veteri
2794 4935 3136 4991 Testamento
3174 4935 3461 4991 fulserunt.
3501 4935 3591 4992 Sic

2013 5028 2155 5082 enim
2183 5027 2323 5096 quod
2357 5027 2448 5081 tibi
2480 5026 2605 5082 utile
2629 5027 2730 5082 erit
2751 5028 2987 5084 invenies
3011 5071 3026 5094 ,
3055 5029 3098 5082 si
3127 5028 3351 5098 proximi
3377 5027 3590 5081 utilitati

2014 5116 2299 5186 advigiles.
2329 5116 2510 5185 Itaque
2547 5132 2666 5171 cum
2717 5120 2894 5187 segnis
2931 5119 3040 5172 eris
3079 5118 3145 5173 ad
3185 5118 3363 5173 fratris
3411 5132 3594 5172 curam

2014 5208 2303 5278 gerendam
2326 5250 2342 5273 ,
2371 5209 2612 5278 cogitans
2649 5217 2700 5264 te
2727 5225 2831 5263 non
2863 5211 2968 5263 alio
2996 5225 3153 5278 posse
3185 5211 3341 5263 modo
3366 5211 3593 5266 salutem

2016 5299 2272 5368 consequi
2299 5341 2312 5364 ,
2346 5309 2562 5369 propter
2606 5311 2656 5354 te
2701 5300 2889 5354 saltem
2920 5300 3068 5354 illum
3099 5310 3153 5355 et
3180 5316 3267 5355 res
3295 5302 3410 5372 ejus
3440 5319 3591 5358 cura.

2017 5389 2302 5445 Sufﬁciunt
2329 5406 2389 5445 ea
2419 5406 2537 5460 quae
2568 5391 2706 5445 dicta
2738 5401 2896 5458 sunt,
2943 5399 3000 5445 ut
3045 5391 3198 5446 nobis
3238 5392 3597 5463 persuadeant

2017 5496 2124 5536 non
2158 5495 2315 5550 posse
2360 5497 2456 5535 nos
2489 5481 2594 5536 alio
2621 5482 2782 5536 modo
2819 5498 2879 5536 ea
2928 5498 3046 5551 qua:
3093 5483 3246 5536 nobis
3293 5483 3596 5535 conducunt

2021 5573 2282 5627 invenire.
2342 5571 2493 5636 Quod
2525 5573 2570 5628 si
2600 5573 2733 5629 velis
2770 5591 2832 5629 ex
2874 5575 3146 5629 consuetis
3198 5571 3457 5638 exemplis
3494 5569 3596 5622 hoc

2019 5663 2262 5717 ediscere
2291 5682 2303 5718 :
2333 5663 2375 5717 si
2417 5666 2696 5735 contigerit
2737 5664 2932 5720 alicubi
2977 5664 3192 5718 domum
3238 5665 3356 5730 igne
3394 5657 3602 5712 conﬁa-

2021 5762 2218 5818 grare;
2251 5753 2441 5810 deinde
2485 5757 2642 5826 aliqui
2688 5772 2750 5810 ex
2797 5755 2980 5808 vicinis
3027 5755 3133 5808 suis
3178 5747 3606 5821 prospicientes.
