3990 6168
365 251 461 309 ΞΗ

368 384 472 420 non
504 381 561 422 sc
587 376 846 438 apparent
870 367 1128 421 adversus
1155 365 1387 435 pericula
1413 404 1427 428 ,
1456 363 1549 418 scd
1576 363 1772 416 clausis
1795 360 1946 414 ostiis

365 458 512 513 domi
546 467 821 523 maneant,
867 465 1166 511 metuentes
1192 472 1260 510 ne
1289 456 1408 526 quis
1435 455 1706 524 ingressus
1749 452 1945 520 aliquid

367 551 618 616 furetur;
667 557 921 619 quantum
967 548 1042 602 illi
1091 547 1345 601 subibunt
1391 544 1751 614 supplicium?
1803 543 1947 596 l’ro—

367 657 583 713 gressus
618 641 764 697 enim
819 640 956 712 ignis
991 640 1170 694 omnia
1202 639 1414 693 illorum
1445 636 1585 692 bona
1629 635 1945 694 comburct;

370 747 422 789 et
451 733 701 802 quoniam
749 731 976 802 proximi
1024 731 1310 785 utilitaiem
1359 743 1465 782 non
1514 740 1807 790 euravere,
1851 739 1947 780 sua

367 841 576 896 quoque
614 824 855 895 perdent.
903 823 1040 878 Deus
1083 823 1224 876 enim
1264 821 1449 875 volens
1487 834 1672 873 omnes
1714 818 1852 872 inter
1889 830 1948 871 se

366 921 654 990 colligare,
707 926 906 972 tantam
951 916 1110 972 rebus
1150 915 1404 985 imposuit
1449 912 1820 967 necessitatem
1846 951 1860 976 ,
1890 917 1949 964 ut

366 1029 486 1066 cum
530 1013 754 1081 proximi
797 1012 1027 1066 utilitate
1057 1010 1279 1065 alterius
1320 1007 1518 1061 utilitas
1540 1004 1823 1074 coliigetur
1852 1019 1866 1057 :
1896 1010 1951 1056 et

368 1103 440 1156 ita
472 1103 718 1156 consistit
745 1102 974 1156 mundus
1005 1111 1168 1155 totus.
1212 1100 1336 1154 Ideo
1369 1099 1420 1152 itt
1451 1095 1576 1151 navi
1617 1110 1864 1166 quoque,
1901 1095 1946 1149 si

371 1198 649 1266 ingruente
672 1204 997 1264 tempestate
1022 1195 1348 1265 gubernator
1367 1233 1380 1255 ,
1427 1190 1627 1260 rejecta
1659 1188 1947 1243 multorum

373 1289 637 1352 utilitate,
679 1300 828 1340 suam
867 1287 983 1356 ipse
1021 1294 1226 1339 tantum
1267 1291 1501 1353 quaerat,
1542 1289 1595 1334 et
1625 1280 1858 1349 seipsum
1896 1285 1952 1332 et

372 1381 505 1434 alios
548 1379 655 1434 cito
684 1379 1008 1448 submerget.
1036 1378 1101 1431 Et
1127 1377 1180 1430 in
1217 1376 1440 1445 singulis
1467 1373 1668 1428 artibus
1688 1412 1703 1438 ,
1743 1371 1790 1425 si
1823 1385 1949 1424 una-

367 1485 594 1541 quazque
620 1469 762 1540 quod
803 1469 902 1523 sibi
945 1467 1207 1523 conducat
1239 1474 1442 1521 tantum
1477 1463 1789 1535 quaesierit,
1839 1462 1946 1515 vita

371 1579 656 1634 numquam
704 1565 1038 1628 constiterit,
1092 1576 1264 1632 neque
1306 1573 1395 1615 ars
1439 1574 1558 1628 quae
1593 1557 1694 1611 hoc
1737 1553 1944 1625 quaerit.

373 1657 494 1710 ldeo
523 1655 754 1724 agricola
781 1670 886 1709 non
913 1653 1074 1709 modo
1105 1661 1305 1706 tantum
1333 1648 1582 1705 frumenti
1614 1647 1744 1703 serit
1771 1660 1946 1717 quan-

371 1757 481 1800 tum
520 1745 619 1800 sibi
669 1746 798 1800 satis
841 1745 948 1809 sit;
990 1743 1222 1812 alioquin
1273 1741 1416 1796 enim
1438 1739 1549 1809 jam
1593 1738 1684 1792 ditt
1729 1745 1784 1792 et
1811 1751 1869 1791 se
1895 1745 1950 1790 et

369 1839 502 1894 alios
531 1838 883 1908 perdidisset;
906 1836 999 1892 sed
1025 1836 1078 1891 id
1103 1835 1286 1903 qnmrit
1309 1833 1447 1904 quod
1469 1831 1712 1888 conferat
1732 1830 1910 1884 multis
1935 1847 1948 1884 :

369 1940 424 1985 et
451 1931 605 1984 miles
635 1945 738 1984 non
769 1938 825 1984 ut
849 1944 908 1984 se
937 1936 1148 1983 tueatur
1176 1936 1378 1980 tantum
1407 1924 1665 1979 adversus
1720 1921 1950 1991 pericula

370 2031 478 2078 stat
515 2023 567 2077 in
606 2023 756 2087 acie,
797 2021 892 2078 sed
931 2029 989 2076 ut
1025 2020 1266 2075 civitates
1305 2021 1358 2072 iu
1409 2025 1522 2071 tuto
1573 2015 1804 2070 collocet
1843 2030 1857 2066 :
1897 2022 1952 2066 ct

369 2125 638 2169 tncrcator
684 2130 788 2168 non
838 2122 1040 2166 tantum
1073 2111 1394 2176 transvehit,
1427 2116 1678 2178 quantum
1721 2106 1821 2160 sibi
1851 2105 1948 2160 soli

370 2207 500 2259 satis
543 2205 645 2270 sit,
676 2205 769 2258 sed
799 2212 1050 2271 quantum
1077 2211 1131 2256 et
1172 2201 1351 2255 multis
1384 2199 1523 2252 aliis.
1563 2198 1618 2253 Si
1662 2197 1780 2266 quis
1823 2211 1952 2250 vero

371 2297 600 2360 dixerit,
649 2287 766 2350 Non
797 2310 974 2349 meum
998 2335 1012 2359 ,
1056 2293 1149 2349 sed
1197 2309 1350 2348 suum
1380 2292 1601 2363 quisque
1625 2303 1822 2344 curans
1850 2289 1951 2344 hoc

373 2388 532 2453 facit;
564 2403 685 2442 nam
711 2396 764 2442 et
790 2388 1041 2456 pecunias
1069 2386 1168 2440 sibi
1197 2393 1250 2441 et
1276 2385 1499 2456 gloriam
1530 2392 1584 2440 et
1609 2382 1948 2438 securitatem

372 2494 634 2551 apparans
653 2522 667 2546 ,
700 2479 814 2533 haec
844 2478 1022 2533 omnia
1049 2486 1303 2548 operatur
1334 2495 1348 2530 :
1396 2489 1560 2546 quare
1587 2489 1760 2529 meam
1799 2487 1949 2542 qua:-

372 2587 496 2626 rcns
535 2571 849 2635 utilitatem,
888 2584 1040 2624 suam
1090 2569 1319 2640 quaerit:
1353 2567 1455 2622 hoc
1496 2575 1549 2621 et
1590 2581 1689 2638 ego
1714 2565 1868 2630 dico,
1898 2573 1952 2620 et

367 2665 475 2734 jam
506 2665 631 2720 olim
670 2664 857 2719 audire
894 2663 1136 2718 volebam
1161 2705 1178 2730 ,
1219 2671 1272 2718 et
1309 2663 1426 2731 ejus
1465 2663 1542 2717 rei
1581 2677 1741 2716 causa
1782 2669 1946 2716 totam

371 2758 669 2812 orationem
708 2755 949 2823 institui,
991 2763 1049 2809 ut
1085 2753 1426 2809 ostenderem
1467 2761 1593 2807 tunc
1643 2753 1948 2822 proximum

370 2865 520 2904 suam
568 2850 851 2904 utilitatem
897 2863 1172 2918 quzererc,
1223 2862 1343 2902 cum
1377 2854 1519 2901 tuam
1561 2854 1786 2915 spectat.
1816 2846 1950 2913 Quia

371 2943 512 2996 enim
544 2957 648 2995 non
693 2940 848 2994 aliter
894 2939 1137 2993 homines
1167 2938 1365 2992 vellent
1417 2951 1534 3007 quin
1573 2946 1696 2991 sunt
1725 2937 1951 3006 proximi

368 3047 647 3102 quaerere,
693 3032 796 3086 nisi
837 3031 889 3085 in
930 3031 1066 3084 hanc
1107 3029 1486 3086 inducerentur
1531 3029 1947 3095 necessitatem;

369 3123 488 3177 ideo
529 3124 666 3177 Deus
710 3123 827 3178 haec
868 3123 936 3177 ita
987 3121 1287 3192 colligavit,
1323 3129 1509 3175 etnon
1557 3121 1683 3176 sinit
1710 3121 1857 3192 prius
1883 3123 1950 3178 ad

371 3215 649 3268 utilitatem
680 3213 950 3284 propriam
978 3213 1192 3278 venire,
1240 3227 1396 3282 quam
1443 3226 1541 3282 per
1583 3227 1645 3267 ea
1671 3227 1790 3283 qua:
1831 3213 1950 3269 aliis

369 3304 668 3359 conducant
718 3305 817 3358 iter
845 3303 1120 3359 habeatur.
1163 3303 1276 3358 Hoc
1316 3313 1462 3359 certe
1501 3304 1790 3358 httmanum
1824 3314 1904 3359 cst
1929 3345 1944 3371 ,

371 3396 439 3449 ita
468 3397 532 3449 ad
562 3395 788 3465 proximi
820 3397 1102 3452 utilitatem
1129 3409 1188 3450 se
1215 3394 1482 3450 conferre.
1516 3395 1740 3466 Oportet
1767 3404 1946 3450 autem

369 3504 472 3542 non
507 3488 628 3543 inde
647 3530 662 3554 ,
691 3488 785 3544 sed
816 3504 844 3542 a
879 3489 970 3544 Dei
1001 3488 1197 3559 placito
1224 3487 1552 3558 persuaderi.
1591 3488 1773 3559 Neque
1803 3491 1946 3544 enim

365 3582 544 3635 salvus
585 3595 704 3636 esse
752 3581 917 3649 possit
961 3579 1047 3650 qui
1079 3579 1182 3635 hoc
1211 3596 1316 3635 non
1363 3579 1561 3646 habet;
1602 3580 1695 3636 sed
1737 3580 1946 3635 etiamsi

367 3686 627 3725 summam
660 3669 1050 3740 philosophiam
1091 3686 1342 3727 exerceas
1367 3713 1382 3739 ,
1411 3681 1464 3727 et
1487 3679 1679 3726 cetera
1711 3687 1946 3743 pereun-

369 3764 437 3814 tia
472 3777 575 3816 non
606 3777 758 3816 cures
779 3803 794 3828 ,
829 3763 1026 3815 nullam
1055 3763 1276 3818 habebis
1304 3764 1445 3834 apud
1475 3764 1642 3818 Deum
1672 3763 1943 3818 fiduciam.

369 3852 646 3907 Undenam
699 3853 802 3906 hoc
849 3853 1094 3907 constat?
1139 3851 1217 3908 Ex
1263 3855 1327 3907 iis
1369 3869 1486 3924 quae
1535 3855 1723 3909 beatus
1749 3855 1946 3909 Paulus

369 3945 731 4012 pronuntiavit
764 3962 776 3997 :
811 3943 871 3998 Si
919 3945 1050 3997 enim
1097 3961 1267 3998 omnes
1315 3961 1449 3998 meas
1479 3946 1738 4014 facultates
1767 3947 1938 4000 distri

1076 249 1131 305 S.
1171 245 1449 305 JOANNIS
1485 244 1951 302 CHRYSOSTOMI
1992 241 2308 300 ARCHIEP.
2349 245 2877 302 CONSTANTINOP.

3476 251 3478 253 ’
3537 248 3642 306 2ἷῖ

2055 361 2205 414 burro
2240 362 2292 415 in
2314 362 2450 415 cibos
2479 379 2792 434 pauperum,
2823 372 2869 417 et
2895 363 2939 418 si
2967 362 3228 418 tradidero
3257 379 3443 434 corpus
3473 383 3640 426 nicum

2053 463 2107 505 ut
2136 453 2349 516 ardeat,
2398 455 2660 507 caritatem
2701 465 2870 509 autent
2915 471 3016 508 non
3065 454 3310 522 habeant,
3357 458 3488 513 nihil
3519 462 3644 515 mihi

2054 545 2254 615 prodest
2277 545 2354 615 (ί.
2374 544 2492 598 Cor.
2520 546 2604 601 i3.
2636 547 2724 616 5),
2749 546 2939 616 inquit.
2970 546 3150 602 Videu‘
3165 559 3423 615 quantum
3451 549 3643 608 Paulus

2053 639 2230 708 exigat
2259 654 2287 692 a
2321 639 2516 694 nobis?
2564 655 2885 711 quamquam
2915 643 2960 696 is
2989 643 3078 712 qui
3125 641 3276 698 cibos
3323 643 3638 711 distribuit,

2054 743 2160 782 non
2205 744 2298 784 sua
2323 771 2337 796 ,
2390 729 2483 784 sed
2529 746 2648 800 qua:
2691 733 2917 801 proximi
2945 741 3106 798 sunt,
3133 744 3360 803 quaerat.
3402 735 3508 791 Sed
3535 735 3637 792 hoc

2054 817 2226 873 soium
2281 834 2386 874 non
2447 819 2678 888 sufficit,
2738 823 2908 892 inquit
2950 841 2964 878 :
3003 838 3126 878 nam
3183 824 3314 879 illud
3351 825 3640 885 admodum

2053 911 2261 965 sincere
2289 911 2398 965 vult
2423 914 2685 981 praestari,
2705 921 2758 967 et
2783 929 2903 967 cum
2935 930 3123 986 magna
3144 917 3636 976 commiseratione.

2055 1000 2179 1058 Ideo
2219 1004 2360 1057 enim
2390 1003 2490 1058 hoc
2530 1005 2672 1059 Deus
2698 1008 2992 1076 praecepit,
3025 1015 3083 1063 ut
3109 1009 3174 1063 ad
3203 1010 3473 1066 vinculum
3497 1013 3638 1068 cari-

2057 1094 2178 1147 tatis
2204 1092 2512 1150 adduceret.
2548 1094 2678 1150 Cum
2705 1111 2833 1167 ergo
2864 1097 2954 1153 ille
2987 1108 3186 1154 tantam
3219 1101 3399 1171 exigat
3425 1119 3633 1158 mensu-

2054 1200 2166 1239 ram
2190 1227 2204 1250 ,
2255 1202 2351 1241 nos
2392 1203 2517 1242 vero
2556 1203 2732 1259 neque
2759 1191 2900 1260 quod
2942 1192 3116 1248 minus
3152 1205 3236 1249 est
3266 1196 3633 1265 prtebeamus,

2054 1293 2159 1346 qua
2184 1278 2327 1349 digni
2349 1280 2549 1335 erimus
2575 1281 2771 1336 venia?
2802 1281 2868 1336 Et
2893 1283 3184 1353 quomodo,
3217 1287 3424 1354 inquies
3443 1329 3457 1353 ,
3487 1289 3634 1343 dice-

2055 1370 2147 1425 bat
2177 1370 2316 1426 Deus
2360 1372 2494 1426 Loto
2538 1387 2632 1441 per
2661 1373 2912 1444 angelos,
2963 1374 3183 1430 Senatus
3227 1393 3372 1431 serva
3415 1381 3634 1435 animam

2055 1471 2194 1516 tuam
2215 1461 2364 1531 (Gen.
2397 1464 2484 1519 l9.
2513 1464 2584 1518 22
2605 1464 2670 1534 )‘?
2705 1464 2792 1520 dic
2837 1467 3051 1537 quando
3098 1477 3150 1524 et
3193 1485 3379 1538 quare.
3413 1470 3634 1537 Quando

2057 1555 2385 1612 inferebatur
2463 1559 2821 1627 supplicium,
2890 1575 2996 1614 non
3066 1562 3279 1631 quando
3351 1565 3634 1634 oportebat

2054 1649 2249 1719 corrigi
2273 1689 2288 1714 ,
2311 1650 2403 1704 sed
2431 1651 2641 1720 quando
2667 1652 2900 1707 damnati
2927 1662 3080 1709 erant
3105 1664 3158 1710 ct
3183 1655 3464 1713 incurabili
3497 1675 3637 1715 mor-

2056 1740 2126 1795 bo
2155 1741 2463 1798 lahorabant
2487 1783 2504 1810 ,
2553 1757 2617 1800 ac
2655 1759 2813 1801 senes
2849 1746 3182 1817 juvenesque
3212 1749 3263 1803 in
3306 1751 3524 1807 eosdem
3553 1753 3635 1808 in-

2057 1833 2295 1888 silierant
2319 1850 2558 1903 amores,
2584 1851 2647 1892 ac
2675 1837 2888 1893 demum
2913 1839 3154 1895 comburi
3181 1841 3302 1897 illos
3330 1845 3630 1912 Oportebat,

2056 1933 2111 1978 et
2151 1925 2202 1978 in
2232 1925 2318 1979 illa
2344 1925 2431 1982 die
2454 1967 2469 1993 ,
2500 1941 2622 1982 cum
2653 1927 2872 1983 fulmina
2913 1929 3250 1986 immittenda
3280 1944 3453 1988 erant.
3488 1936 3635 1991 Alio-

2057 2013 2183 2084 quin
2230 2025 2406 2070 autem
2459 2031 2566 2072 non
2595 2017 2664 2073 de
2690 2018 2820 2073 vitio
2847 2027 2903 2074 et
2924 2020 3121 2077 virtute
3160 2020 3273 2077 bme
3309 2023 3449 2078 dicta
3480 2036 3632 2090 sunt,

2058 2105 2150 2161 sed
2195 2105 2263 2161 de
2294 2107 2444 2177 plaga
2482 2108 2737 2166 divinitus
2783 2111 3040 2167 immissa.
3082 2113 3219 2182 Quid
3250 2117 3422 2181 enim,
3455 2134 3637 2188 qumso

2057 2207 2138 2264 te,
2172 2198 2470 2254 faciendum
2514 2203 2668 2258 erat?
2708 2219 2774 2258 an
2817 2205 3008 2261 sedere
3045 2209 3325 2277 oportebat
3351 2220 3406 2266 et
3437 2215 3638 2283 suppli-

2055 2289 2195 2343 cium
2224 2291 2468 2360 accipere
2487 2334 2502 2360 ,
2543 2303 2598 2348 et
2631 2295 2747 2350 sine
2785 2295 2959 2367 aliqua
2989 2297 3202 2354 illorum
3231 2300 3459 2358 utilitate
3483 2318 3634 2358 com-

2058 2378 2210 2433 buri?
2263 2382 2333 2434 At
2379 2380 2480 2437 hoc
2531 2392 2785 2439 extrema:
2838 2386 3123 2443 dementia:
3180 2389 3388 2447 fuisset.
3454 2393 3636 2466 Neque

2056 2473 2197 2527 enim
2243 2472 2344 2528 hoc
2369 2489 2468 2544 ego
2493 2474 2640 2541 dico,
2688 2477 2828 2547 quod
2863 2477 3054 2533 frustra
3082 2489 3140 2535 et
3165 2481 3430 2538 incassum
3475 2501 3637 2556 apor-

2059 2571 2166 2619 teat
2214 2565 2532 2636 supplicium
2579 2568 2794 2633 subire,
2845 2580 3040 2638 prteter
3086 2572 3179 2627 Dei
3211 2573 3464 2644 placitum
3496 2595 3510 2632 :
3538 2577 3636 2634 sed

2057 2656 2269 2725 quando
2313 2657 2474 2713 homo
2523 2657 2576 2713 in
2621 2661 2856 2730 neq-uitia
2901 2673 3179 2731 versatur,
3215 2673 3338 2723 tunc
3373 2669 3538 2738 jubeo
3581 2679 3637 2727 te

2059 2748 2110 2801 in
2143 2749 2373 2803 medium
2421 2751 2640 2820 injicere
2666 2763 2719 2808 et
2744 2754 2890 2808 illum
2923 2770 3151 2821 curare;
3186 2768 3404 2829 propter
3447 2764 3635 2831 proxi-

2057 2841 2127 2893 mi
2171 2841 2482 2907 utilitatem,
2528 2843 2570 2898 si
2601 2844 2812 2913 quidem
2856 2847 3029 2911 velis;
3075 2849 3156 2903 sin
3203 2851 3411 2915 minus,
3444 2854 3636 2909 saltem

2059 2942 2274 3001 propter
2301 2941 2464 2987 tuam.
2511 2934 2642 2989 lliud
2673 2950 2833 3005 porro
2879 2937 3066 2992 melius
3110 2948 3193 2994 est
3221 2954 3236 2993 :
3268 2941 3408 3010 quod
3449 2943 3498 2997 si
3527 2959 3635 3002 non

2057 3023 2122 3077 ad
2175 3024 2311 3080 hanc
2362 3025 2741 3082 sublimitatem
2792 3029 3062 3098 attigeris,
3121 3029 3318 3086 saltem
3361 3034 3441 3098 tui
3470 3049 3635 3090 causa

2055 3116 2237 3172 facias.
2291 3117 2361 3172 Et
2403 3133 2565 3174 nemo
2613 3120 2755 3190 quod
2785 3134 2938 3176 suum
2989 3131 3072 3177 est
3121 3133 3358 3194 quaerat,
3389 3138 3448 3182 ut
3491 3131 3636 3198 quod

2055 3225 2209 3264 suum
2241 3219 2324 3265 est
2350 3211 2587 3266 inveniat
2614 3230 2630 3267 :
2659 3222 2714 3268 et
2740 3214 3034 3283 cogitantes
3057 3257 3071 3281 ,
3102 3231 3278 3287 neque
3323 3218 3635 3276 facultatum

2055 3301 2444 3357 abdicationem
2466 3342 2480 3368 ,
2515 3317 2688 3373 neque
2729 3307 3071 3376 martyrium,
3111 3322 3284 3377 neque
3308 3309 3450 3366 aliud
3478 3311 3636 3380 quid-

2056 3392 2196 3460 piam
2237 3391 2390 3446 uobis
2433 3393 2758 3462 patrocinari
2789 3408 2944 3463 posse
2967 3435 2982 3462 ,
3014 3396 3112 3450 nisi
3139 3411 3402 3453 summam
3434 3402 3634 3456 carita-

2055 3495 2162 3539 tem
2218 3484 2538 3553 habeamus,
2594 3486 2731 3542 hane
2781 3502 2894 3558 prae
2943 3489 3062 3543 aliis
3108 3505 3419 3559 servemus,
3451 3505 3507 3548 ut
3540 3511 3635 3563 per

2053 3576 2196 3631 illam
2249 3579 2348 3632 alia
2415 3592 2806 3650 consequamur
2855 3587 2912 3635 et
2957 3583 3237 3650 prmsentia
3282 3594 3335 3638 et
3369 3589 3632 3656 promissa

2052 3670 2235 3724 bona:
2269 3685 2386 3740 qua:
2433 3671 2631 3726 utinam
2682 3686 2778 3727 nos
2823 3687 3011 3728 omnes
3053 3674 3416 3744 adipiscamur
3459 3679 3631 3748 gratia

2053 3772 2106 3815 et
2152 3762 2478 3830 benignitate
2521 3762 2730 3816 Domini
2760 3764 2926 3818 nostri
2973 3763 3100 3819 Jesu
3125 3766 3324 3820 Christi
3351 3807 3365 3831 ,
3411 3769 3628 3838 quicum

2053 3853 2195 3908 Patri
2219 3869 2426 3924 unaque
2445 3853 2662 3923 Spiritui
2685 3862 2870 3908 sancto
2889 3855 3077 3925 gloria,
3100 3855 3408 3925 imperium,
3436 3857 3634 3928 honor,

2051 3962 2191 4000 nunc
2220 3955 2268 4001 et
2298 3960 2538 4016 semper,
2568 3955 2620 4002 et
2644 3947 2698 4001 in
2724 3949 2914 4002 saecula
2942 3948 3283 4004 saeculorum.
3315 3951 3507 4007 Amen.

3247 4083 3627 4099 ἡ*

1693 4151 2035 4214 HOMILIA
2076 4154 2310 4216 XXVI.

359 4303 486 4357 Car.
520 4301 603 4355 Η.
631 4316 684 4354 v.
717 4299 771 4352 2.
804 4297 984 4352 Laudo
1010 4305 1176 4350 autem
1203 4312 1307 4362 vos,
1335 4298 1537 4368 fratres,
1559 4295 1694 4364 quod
1724 4311 1814 4366 per
1834 4311 1943 4349 om-

431 4397 516 4448 nia
535 4395 631 4446 mei
660 4407 902 4445 memores
933 4389 1072 4456 estis,
1103 4397 1148 4442 et
1174 4388 1302 4442 sicut
1323 4387 1514 4441 tradidi
1543 4386 1679 4440 vobis
1704 4386 1942 4441 traditio-

431 4503 540 4550 nes,
577 4487 649 4536 ita
694 4484 890 4537 tenetis.

433 4579 486 4631 i.
519 4576 650 4631 Cum
679 4575 1000 4628 absolvisset
1025 4571 1324 4627 orationem
1347 4569 1419 4624 de
1457 4568 1521 4623 iis
1548 4583 1665 4636 quae
1696 4569 1943 4624 immola-

357 4683 412 4724 ta
441 4677 564 4723 sunt
591 4667 767 4730 idolis,
799 4675 854 4720 ut
875 4680 933 4720 se
960 4661 1136 4721 fa'cere
1162 4662 1406 4726 decebat,
1438 4669 1491 4715 et
1516 4676 1633 4715 eam
1660 4661 1939 4730 perfectis—

359 4763 548 4816 simam
603 4759 838 4823 fecisset,
886 4759 1075 4812 transit
1122 4755 1188 4810 ad
1238 4754 1417 4819 aiiud,
1470 4755 1612 4824 quod
1663 4764 1717 4809 et
1767 4754 1938 4824 ipsum

359 4855 562 4908 crimen
586 4857 722 4915 erat,
752 4848 845 4903 scd
871 4863 975 4902 non
1001 4859 1224 4900 tantum.
1253 4845 1409 4910 Nam,
1437 4854 1497 4899 ut
1513 4845 1622 4914 jam
1646 4845 1774 4910 diai,
1797 4861 1938 4901 nunc

358 4961 569 5016 quoque
598 4943 769 4997 dicam
789 4983 804 5007 ,
838 4943 1012 5011 ipsum
1041 4953 1144 4992 non
1173 4939 1516 4994 continenter
1541 4952 1740 5006 ponere
1769 4938 1936 4993 vehe-

359 5040 648 5093 mentiores
677 5034 1076 5095 accusationes;
1109 5030 1203 5086 sed
1248 5031 1378 5101 ipsis
1405 5030 1719 5100 congruenti
1749 5029 1937 5085 ordine

359 5129 566 5198 positis,
605 5127 915 5182 inmedium
959 5139 1146 5180 eorum
1191 5123 1389 5178 leviora
1438 5122 1643 5188 inserit,
1694 5122 1835 5192 quod
1883 5123 1933 5176 iu

356 5234 602 5276 sermone
631 5221 904 5274 molestius
925 5227 1007 5272 est
1029 5217 1364 5272 audientibus
1381 5231 1444 5270 ex
1465 5214 1730 5285 frequenti
1761 5216 1934 5270 incre-

354 5312 588 5382 patione,
619 5310 788 5364 lenius
819 5309 1068 5364 reddens.
1096 5307 1325 5376 Ideoque
1356 5306 1496 5377 quod
1527 5305 1934 5361 vehementissi-

353 5419 497 5458 mum
536 5402 772 5455 omnium
799 5410 934 5464 erat,
971 5414 1162 5467 nempe
1189 5399 1254 5452 de
1287 5399 1697 5461 resurrectione,
1723 5406 1929 5466 postre-

351 5511 493 5548 mttm
523 5493 688 5563 ponit.
719 5491 932 5546 interim
957 5505 1086 5545 vero
1111 5489 1174 5542 ad
1201 5489 1364 5552 aliud,
1407 5490 1548 5558 quod
1577 5490 1751 5544 lenius
1778 5499 1894 5543 erat
1914 5532 1926 5551 ,

352 5586 613 5654 procedit,
641 5584 829 5640 dicens
861 5601 874 5637 :
905 5580 1082 5635 Laudo
1123 5589 1289 5633 autem
1331 5596 1434 5642 vos,
1484 5582 1617 5650 quod
1647 5597 1736 5650 per
1761 5584 1928 5635 omnia

345 5684 443 5734 mn’
493 5698 732 5736 memores
780 5679 917 5734 estis.
974 5676 1103 5730 Nam
1150 5689 1270 5728 cum
1311 5671 1377 5726 de
1423 5673 1655 5727 admisso
1703 5686 1920 5743 peccato

2043 4308 2277 4364 constat,
2334 4299 2683 4355 vehementer
2728 4302 2930 4354 incusat
2975 4310 3029 4355 et
3074 4302 3470 4356 comminatur:
3504 4317 3631 4357 cum

2043 4401 2224 4446 autem
2268 4391 2337 4446 de
2367 4401 2586 4460 peccato
2625 4393 2917 4455 dubitatur,
2953 4393 3080 4446 illud
3124 4393 3295 4463 primo
3329 4393 3543 4462 probat,
3577 4406 3634 4450 et

2050 4493 2172 4538 tunc
2195 4485 2434 4553 increpat
2453 4503 2466 4538 :
2488 4493 2542 4538 et
2561 4485 2701 4554 quod
2721 4485 2935 4554 quidem
2953 4486 3004 4539 in
3023 4484 3273 4541 confesso
3291 4495 3376 4542 est
3393 4487 3628 4552 extollit;

2047 4577 2176 4630 illud
2206 4591 2355 4642 vero,
2387 4576 2453 4631 de
2482 4593 2586 4646 quo
2611 4578 2906 4640 dubitatur,
2938 4577 2991 4632 in
3027 4579 3281 4632 confesso
3295 4593 3418 4634 esse
3443 4589 3632 4634 osten-

2045 4666 2140 4721 dit.
2166 4667 2412 4736 Exempli
2431 4683 2590 4722 causa
2611 4669 2677 4722 de
2699 4667 3047 4723 fornicatione
3080 4669 3294 4738 quidem
3310 4670 3627 4735 constabat;

2046 4759 2271 4829 ideoque
2303 4774 2406 4814 non
2439 4775 2573 4828 opus
2602 4760 2699 4814 fuit
2743 4759 3029 4815 ostendere
3061 4759 3112 4815 id
3139 4774 3262 4815 esse
3307 4771 3626 4830 peceatum;

2045 4851 2138 4905 sed
2169 4850 2348 4906 delicti
2385 4852 2801 4921 magnitudinem
2846 4853 2954 4906 illic
2985 4852 3249 4920 probavit,
3279 4859 3334 4906 et
3351 4867 3450 4921 per
3476 4866 3631 4906 cona-

2045 4941 2368 5009 parationem
2423 4943 2722 4996 orationem
2770 4942 3010 5011 protulit.
3052 4942 3258 4997 Rursus
3300 4941 3438 5010 apud
3486 4941 3636 4997 alios

2038 5033 2282 5102 judicari,
2334 5043 2605 5103 peccatum
2651 5032 2866 5102 quidem
2916 5043 3052 5097 erat,
3093 5035 3187 5087 sed
3236 5048 3342 5086 non
3377 5041 3632 5096 tantum;

2043 5123 2266 5194 ideoque
2296 5123 2422 5177 illud
2450 5124 2716 5193 iuterjeeit
2737 5133 2793 5178 et
2821 5124 3083 5192 probavit.
3116 5123 3190 5177 De
3219 5124 3281 5176 iis
3309 5123 3469 5177 etiam
3500 5137 3638 5190 qua:

2041 5218 2197 5272 idolis
2219 5218 2488 5271 immolata
2508 5227 2660 5270 erant
2678 5216 3041 5282 dubitabatur,
3064 5215 3156 5270 sed
3182 5230 3433 5285 magnum
3454 5214 3637 5271 etiam

2039 5312 2235 5361 malum
2268 5317 2412 5362 erat:
2445 5314 2768 5376 quapropter
2795 5305 3033 5361 ostendit
3053 5320 3174 5362 esse
3202 5315 3504 5375 peccatum,
3539 5304 3640 5359 id-

2038 5414 2140 5468 que
2174 5398 2355 5454 verbis
2397 5398 2623 5453 extollit.
2677 5397 2902 5465 Quando
2938 5407 3119 5452 autem
3164 5394 3270 5452 hoc
3309 5393 3459 5458 facit,
3507 5409 3640 5452 non

2035 5491 2207 5544 solum
2237 5489 2452 5545 abducit
2479 5505 2507 5543 a
2550 5489 2888 5554 criminibus,
2919 5487 3013 5544 sed
3040 5487 3202 5543 etiam
3232 5485 3299 5541 ad
3344 5485 3640 5541 contrarias

2036 5582 2196 5635 ducit.
2231 5581 2412 5651 Neque
2434 5581 2577 5636 enim
2604 5581 2738 5635 dixit
2767 5579 2926 5635 modo
2964 5595 3075 5633 non
3100 5585 3351 5648 oportere
3382 5574 3640 5630 fornica-

2036 5673 2099 5739 ri,
2135 5672 2228 5726 sed
2255 5673 2414 5727 etiam
2439 5686 2682 5741 magnam
2708 5685 2828 5727 esse
2853 5667 3206 5726 exhibendam
3232 5665 3599 5723 sanctitatem
3621 5708 3639 5723 .
