3990 6168
363 261 470 316 2ίὸ

372 373 771 440 ’Λπρὸσιιοποι
822 367 930 438 γάρ
975 368 1232 436 γίνεσθε,
1278 365 1429 434 φησὶ,
1469 365 1564 418 καί
1621 364 1931 427 Ἰουδαίοις

359 469 457 524 καί
492 468 746 532 Ἕλλησι
775 463 873 518 καί
899 461 972 530 τῇ
1012 461 1338 527 Ἐκκλησία
1368 458 1472 512 τοῦ
1505 458 1671 512 Θεοῦ.
1705 458 1928 528 Πληρῶ⁶

359 581 460 624 σας
497 564 671 616 τοίνυν
697 561 911 614 ἅπαντα
940 558 1029 610 τὸν
1058 557 1186 626 περὶ
1213 555 1416 609 τούτων
1462 556 1717 608 ἁπάντων
1749 553 1926 620 λόγον,

365 660 501 729 μετὰ
528 656 700 710 ταῦτα
734 655 828 708 καὶ
863 654 945 722 ἐφ’
983 653 1170 722 ἕτερον
1201 651 1450 722 ἔγκλημα
1479 651 1692 722 πρόεισι
1720 648 1926 702 λοιπόν.

363 754 402 803 Τ
413 749 429 800 ί
448 752 499 803 δὲ
519 749 678 802 τοῦτο
696 744 793 818 ῆνς
823 747 887 800 Αἰ
919 747 1016 817 μέν
1034 749 1292 815 γυναῖκες
1309 744 1823 814 ἀνακεκαλυμμέναι
1840 742 1931 796 καὶ

362 847 540 916 γυμνῇ
568 847 632 915 τῇ
661 843 873 914 κεφαλῇ
907 842 1001 895 καὶ
1029 840 1258 912 ηὔχοντο
1292 841 1387 892 καὶ
1420 842 1808 910 προεφήτευον·
1840 838 1932 890 καὶ

363 943 472 1011 γὰρ
489 942 858 1011 προεφήτευον
883 936 1032 1010 [2'28]
1057 938 1173 990 τότε
1196 939 1448 1004 γυναῖκες
1465 953 1477 964 ·
1494 937 1539 987 οἱ
1560 935 1614 987 δὲ
1638 935 1825 1006 ἄνδρες
1842 934 1932 985 καὶ

363 1036 592 1106 ἐκόμων,
615 1034 711 1088 ἆτε
731 1036 787 1086 ἐν
804 1033 1092 1103 φιλοσοφίᾳ
1113 1032 1512 1101 διατρίψαντες,
1535 1030 1629 1082 καί¹
1653 1046 1717 1080 τε
1725 1027 1935 1098 915601).-

365 1133 515 1186 λοντο
531 1132 628 1196 τὰς
648 1129 891 1200 κεφαλὰς
906 1131 1188 1199 εὐχόμενοι
1208 1129 1305 1181 καὶ
1327 1126 1778 1200 προφητεύοντες·
1798 1126 1934 1196 ὅπερ

367 1229 623 1298 ἑκάτερον
662 1223 971 1295 Ἑλληνικοῦ
1011 1228 1176 1294 νόμου
1210 1219 1298 1295 ἦν.
1340 1225 1493 1276 Ἐπεὶ
1519 1219 1610 1277 οῦν
1646 1223 1789 1292 ὑπὲρ
1812 1221 1934 1274 τού-

364 1335 469 1372 των
496 1321 596 1393 ήδη
631 1319 903 1391 παρῄνεσε
939 1320 1151 1389 παρὼν,
1186 1320 1276 1372 καὶ
1306 1319 1435 1383 ἴσως
1462 1320 1515 1371 οἰ
1546 1318 1643 1388 μὲν
1672 1318 1930 1389 ήκουσαν,

365 1417 414 1468 οἱ
456 1418 513 1470 δὲ
555 1416 894 1487 ἠπείθησαν,
921 1416 1009 1470 διὰ
1035 1415 1192 1469 τοῦτο
1237 1417 1329 1478 καὶ
1355 1415 1440 1468 διὰ
1479 1416 1576 1485 τῆς
1615 1412 1934 1482 Ἐπιστολῆς

367 1515 548 1578 πάλιν,
573 1513 757 1585 ῶσπερ
781 1513 942 1582 σοφὸς
970 1513 1175 1583 ἰατρὸς,
1205 1511 1481 1566 ἐπαντλῶν
1512 1509 1590 1580 τῷ
1621 1510 1764 1580 λόγῳ
1790 1509 1933 1579 διορ-

367 1611 554 1665 θοῦται
575 1609 634 1662 τὸ
655 1610 978 1680 ἁμάρτημα.
1000 1609 1123 1663 Ὀτι
1144 1608 1252 1676 γὰρ
1273 1607 1576 1678 παρῄνεσεν
1601 1607 1699 1678 ἥδη
1723 1604 1932 1676 παρὼν,

366 1706 522 1777 δῆλον
550 1705 608 1772 ἐξ
631 1701 706 1759 ὧν
728 1704 1159 1775 προοιμιάζεται.
1176 1705 1332 1766 Τίνος
1354 1704 1462 1772 γὰρ
1487 1702 1670 1755 ἕνεκεν
1687 1701 1837 1755 οὐδὲν
1859 1701 1937 1752 εί-

367 1801 484 1854 πὼν
507 1801 632 1872 περὶ
657 1800 840 1853 τούτου
874 1799 1108 1869 οὐδαμοῦ
1137 1800 1234 1869 τῆς
1267 1798 1585 1867 Ἐπιστολῆς
1606 1795 1936 1868 ἔμπροσθεν,

365 1899 480 1954 ἀλλ’
506 1898 613 1952 ἀπὸ
643 1897 1000 1967 ἐγκλημάτων
1031 1895 1232 1965 ἐτέρων
1264 1895 1429 1958 ἐκϐἀς
1452 1935 1467 1959 ,
1497 1893 1699 1954 εὐθέως
1733 1891 1896 1962 φησίν
1917 1906 1932 1921 ·

379 1992 634 2048 Ἐπαινῶ
670 1993 739 2046 δὲ
764 1990 939 2061 ὑμᾶς,
973 1991 1062 2044 ὅτι
1098 1989 1294 2044 πάντα
1321 2007 1441 2058 μου
1474 1988 1802 2057 μέμνησθε,
1840 1986 1936 2039 καί

366 2091 562 2155 καθὼς
583 2088 891 2157 παρέδωκα
915 2087 1056 2155 ὑμῖν
1077 2086 1182 2150 τὰς
1204 2085 1588 2153 παραδόσεις,
1622 2082 1774 2136 οὕτω
1797 2097 1956 2158 κατ-χ

365 2187 569 2258 έχετε;
618 2186 781 2256 Ὁρᾷς
829 2183 908 2236 δτι
957 2182 1005 2235 οἱ
1054 2183 1152 2251 μὲν
1186 2182 1446 2251 ἤκουσαν,
1491 2178 1584 2242 οὒς
1618 2180 1851 2243 ἐπαινεῖ,
1891 2181 1938 2232 οί

365 2284 424 2338 δέ
449 2283 828 2354 παρήκουσαν,
862 2277 954 2340 οὒς
976 2276 1279 2348 διορθοῦται
1307 2275 1398 2329 διὰ
1423 2275 1528 2328 τῶν
1560 2274 1710 2344 ἑξῆς,
1743 2274 1936 2343 λέγων·

365 2380 431 2432 El
459 2377 528 2432 δέ
557 2395 646 2442 τις
675 2375 847 2430 δοκεῖ
880 2375 1222 2443 φιλόνεικος
1247 2370 1422 2436 εἶναι,
1449 2373 1620 2441 ἡμεῖς
1658 2375 1942 2440 τοιαύτην

368 2474 701 2539 συνήθειαν
729 2473 840 2526 οὐκ
865 2471 1116 2539 ἕχομεν;
1142 2470 1203 2522 Εἰ
1234 2469 1342 2541 γὰρ
1381 2469 1488 2522 τῶν
1522 2470 1618 2540 μὲν
1648 2467 1943 2539 κατωρθω-

370 2570 566 2632 κότων,
597 2568 705 2621 τῶν
742 2568 799 2621 δὲ
829 2566 1296 2638 παρακουσάντων
1318 2605 1330 2626 ,
1364 2564 1570 2628 πάντας
1597 2565 1832 2617 ὑπέϐαλε
1873 2567 1940 2634 τῇ

370 2667 710 2738 κατηγορίᾳ,
757 2665 996 2726 ἐκείνους
1034 2680 1092 2716 τε
1138 2661 1504 2734 θρασυτέρους
1543 2661 1799 2731 ἐποίησε,
1850 2661 1942 2713 καὶ

369 2763 589 2825 τούτους
620 2761 1023 2832 ῥᾳθυμοτέρως
1047 2758 1113 2812 ἂν
1139 2758 1450 2829 εἰργάσατο·
1480 2756 1573 2809 νῦν
1604 2756 1660 2809 δὲ
1685 2756 1810 2816 τοὺς
1845 2754 1942 2825 μὲν

369 2860 662 2923 ἐπαινέσας
707 2858 801 2911 καὶ
839 2856 1271 2926 ἀποδεξάμενος,
1301 2855 1427 2917 τοὺς
1459 2853 1514 2906 δὲ
1558 2852 1813 2915 κακίσας,
1848 2851 1942 2904 καί⁵

370 2953 610 3017 ἐκείνους
665 2952 864 3022 μᾶλλον
910 2951 1128 3021 ἤλειφε,
1188 2950 1282 3003 καὶ
1321 2949 1542 3012 τούτους
1580 2947 1942 3002 καταδύεσθαι

371 3045 805 3118 παρεσκεύασεν.
869 3045 1074 3099 Ἱκανὸν
1115 3045 1212 3114 μὲν
1252 3044 1361 3115 γὰρ
1403 3045 1496 3097 καὶ
1537 3044 1658 3097 καθ’
1694 3041 1855 3096 ἑαυτὸ
1909 3044 1942 3114 ἡ

370 3141 678 3213 κατηγορία
717 3142 941 3213 πλῆξαι·
974 3142 1102 3194 ὅταν
1139 3141 1197 3194 δέ
1234 3140 1369 3210 πρὸς
1409 3140 1708 3211 παράθεσιν
1740 3139 1944 3210 ἑτέρων

372 3237 822 3309 κατωρθωκότων
852 3236 945 3290 καὶ
969 3234 1467 3306 ἐγκωμιαζομένων
1495 3235 1725 3304 γίνηται,
1762 3235 1943 3306 μεῖζον

371 3333 569 3403 ἔχειτδ
615 3332 858 3404 κέντρον.
907 3331 1067 3386 Ἀλλά
1113 3330 1249 3393 τέως
1290 3330 1389 3383 ούκ
1437 3329 1543 3383 ἀπὸ
1589 3332 1942 3400 κατηγορίας,

372 3430 485 3483 ἀλλ’
513 3428 620 3482 ἀπὸ
643 3428 933 3498 ἐγκωμίων
964 3427 1210 3498 ἄρχεται,
1243 3426 1335 3478 καὶ
1355 3425 1643 3496 ἐγκωμίων
1669 3427 1940 3495 μεγάλων,

370 3526 562 3594 λέγων·
602 3523 852 3578 Ἐπαινῶ
871 3523 938 3576 δὲ
963 3521 1120 3592 ὑμᾶς
1149 3522 1236 3574 ὅτι
1261 3519 1456 3575 πάντα
1476 3540 1593 3590 μου
1611 3523 1941 3592 μέμνησθε.

370 3623 624 3676 Τοιοῦτον
653 3622 760 3691 γὰρ
801 3619 895 3674 τοῦ
937 3619 1150 3673 Παύλου
1187 3617 1246 3670 τὸ
1274 3617 1414 3683 ἔθος,
1462 3619 1555 3672 καὶ
1601 3620 1692 3673 ἐπὶ
1728 3625 1942 3692 μικροῖς

372 3717 642 3788 μεγάλους
665 3716 918 3776 ἐπαίνους
941 3713 1177 3782 ὑφαίνει,
1201 3713 1260 3764 οὐ
1287 3713 1544 3783 κολακείᾳ
1566 3713 1722 3767 τοῦτο
1752 3715 1940 3780 ποιῶν,

376 3812 450 3882 μὴ
480 3812 708 3879 γένοιτο·
743 3810 861 3872 πῶς
905 3809 1014 3880 γὰρ
1060 3810 1088 3862 0
1129 3809 1262 3880 μηδέ
1299 3809 1597 3879 χρημάτων
1633 3809 1939 3879 ἐφιέμενος,

377 3909 515 3979 μήτε
542 3906 721 3976 δόξης,
751 3905 890 3976 μήτε
916 3905 1076 3959 ἄλλου
1111 3903 1330 3973 μηδενὸς
1367 3903 1476 3956 τῶν
1507 3903 1794 3970 τοιούτων;
1828 3906 1943 3958 ἀλλ’

373 4003 519 4072 ὺπέρ
550 4002 649 4072 τῆς
681 3999 954 4071 σωτηρίας
985 3998 1164 4053 αὐτῶν
1197 3999 1373 4053 πάντα
1401 4000 1939 4070 πραγματευόμενος.

373 4099 466 4152 Διὸ
510 4098 604 4151 καί
633 4095 848 4167 ἐπαίρει
877 4095 937 4148 τὸ
983 4093 1291 4165 ἐγκώμιον,
1335 4092 1530 4160 λέγων·
1575 4091 1830 4146 Ἐπαινῶ
1877 4094 1944 4148 δὲ

374 4192 527 4264 ὑμᾶς
557 4193 643 4247 ὅτι
668 4191 865 4246 πάντα
888 4209 1006 4261 μου
1021 4190 1346 4259 μέμνησθε.
1370 4190 1506 4243 Ποῖα
1529 4188 1738 4252 πάντας
1774 4189 1943 4262 ’Υπὲρ

373 4292 481 4362 γὰρ
506 4283 706 4361 τοῦμὴ
732 4289 908 4360 κομᾷν
942 4286 1076 4358 μηδέ
1103 4284 1613 4340 κατακαλύπτεσθαι
1643 4285 1778 4350 τέως
1803 4286 1830 4337 0
1857 4286 1945 4339 λόο

373 4405 467 4456 γος
501 4383 569 4459 ἦν
597 4385 745 4457 αύτῷ
781 4385 959 4456 μόνον·
992 4381 1130 4446 ἀλλ’,
1156 4382 1291 4449 ὅπερ
1317 4381 1473 4452 ἔφην,
1505 4381 1942 4450 ἐπιδαψιλεύεται

372 4485 484 4544 τοῖς
505 4481 817 4549 ἐγκωμίοις,
837 4477 1274 4550 προθυμοτέρους
1296 4476 1482 4530 ποιῶν.
1509 4477 1599 4529 Διό
1619 4479 1941 4547 φησιν,”’οτι

375 4574 572 4628 πάντα
595 4591 712 4642 μου
737 4572 1045 4642 μέμνησθε
1063 4612 1078 4637 ,
1112 4570 1210 4624 καὶ
1240 4569 1435 4636 καθὼς
1466 4569 1775 4636 παρέδωκα
1803 4569 1944 4639 ὑμῖν

375 4673 482 4736 τὰς
510 4668 891 4736 παραδόσεις,
910 4668 1062 4720 οὕτω
1087 4665 1385 4734 κατέχετε.
1409 4665 1550 4735 Ἄρα
1568 4665 1660 4717 καὶ
1677 4665 1943 4735 ἀγράφως

376 4765 545 4819 πολλὰ
572 4763 854 4836 παρεδίδου
876 4763 1020 4824 τότε,
1047 4762 1076 4815 ὃ
1099 4762 1192 4815 καὶ
1221 4759 1454 4830 ἀλλαχοῦ
1481 4757 1750 4829 πολλαχοῦ
1771 4759 1937 4830 δηλοῖ·

375 4863 511 4917 ἀλλά
535 4862 655 4916 τότε
688 4861 784 4931 μὲν
805 4859 1088 4931 παρέδωκε
1113 4859 1292 4928 μόνον,
1317 4857 1410 4910 νῦν
1426 4857 1482 4910 δέ
1501 4857 1595 4911 καὶ
1614 4858 1942 4926 αἰτιολογίαν

376 4962 607 5031 τίθησιν.
650 4958 807 5012 Οὕτω
841 4955 949 5026 γάρ
980 4957 1074 5009 καὶ
1101 4955 1322 5017 τούτους
1353 4955 1732 5026 ἰσχυροτέρους
1769 4956 1942 5008 ἐποίει

376 5058 500 5121 τοὺς
523 5056 839 5120 ἀκούοντας,
869 5053 962 5106 καὶ
987 5051 1208 5104 ἐκείνων
1229 5050 1475 5104 κατέσπα
1495 5050 1556 5102 τὸ
1580 5050 1806 5120 φύσημα
1835 5051 1942 5104 τῶν

375 5152 817 5221 ἐναντιουμένων.
860 5147 990 5203 Εἶτα
1024 5149 1084 5202 οὐ
1120 5147 1263 5216 λέγει
1305 5148 1409 5212 ὅτι,
1455 5147 1645 5216 Ὑμεῖς
1695 5149 1794 5219 μὲν
1841 5151 1942 5201 ὑπ-

379 5246 666 5317 ηκούσατε,
695 5248 869 5316 ἐτεροι
888 5247 942 5299 δὲ
966 5247 1340 5316 παρήκουσαν,
1372 5243 1508 5298 ἀλλὰ
1528 5243 1850 5308 ἀνυπόπτως
1879 5246 1942 5296 ἑκ

378 5343 473 5411 τῆς
501 5341 848 5402 διδασκαλίας
881 5339 1010 5393 αὐτὸ
1040 5341 1328 5394 αἰνίττεται
1365 5339 1452 5393 διὰ
1481 5339 1587 5392 τῶν
1629 5339 1775 5409 ἑξῆς,
1802 5339 1942 5391 οὕτω

378 5441 575 5507 λέγων·
633 5437 794 5490 Θέλω
823 5433 891 5488 δὲ
919 5433 1072 5503 ὑμᾶς
1103 5434 1320 5488 ειδέναι
1352 5435 1441 5488 ὅτι
1469 5436 1696 5501 παντὸς
1724 5434 1942 5501 ἀνδρὸς

375 5539 412 5604 ἡ
443 5534 675 5606 κεφαλὴ
712 5537 744 5588 ὀ
771 5533 1021 5602 Χριστός
1048 5532 1197 5586 ἐστι·
1230 5531 1464 5600 κεφαλὴ
1495 5531 1562 5584 δὲ
1601 5530 1883 5601 γυναικὸς
1911 5535 1944 5584 o’

374 5633 546 5700 ἀνήρ·
577 5630 808 5700 κεφαλὴ
826 5629 892 5683 δὲ
919 5627 1172 5697 Χριστοῦ
1196 5631 1227 5682 ό
1255 5629 1414 5693 Θεός.
1448 5628 1512 5680 Ἥ
1539 5629 1634 5697 μὲν
1649 5627 1942 5693 αἰτιολογία

377 5726 538 5801 αῦτη·
567 5728 822 5801 τίθησιδέ
851 5727 1039 5799 αὐτὴν,
1063 5727 1187 5790 τοὺς
1213 5722 1629 5793 ἀσθενεστέρους
1653 5739 1939 5794 προσεκτι-

1210 256 1266 310 S.
1306 253 1591 310 JOAN‘NIS
1625 251 2113 310 CIIRYSOSTOMI
2153 255 2471 310 ARCHIEP.
2511 253 3064 312 CONSTANTINOP.

3490 249 3591 307 ειι

2040 382 2120 417 κω
2133 365 2310 436 τέρους
2337 367 2524 420 ποιῶν.
2565 366 2625 422 Ὀ
2649 366 2747 437 μὲν
2775 362 2867 420 οὖν
2897 366 3103 429 πιστὸς,
3129 366 3206 428 ὡς
3233 364 3360 435 χρὴ,
3380 367 3477 420 καὶ
3505 369 3599 436 ἐρ-

2043 461 2282 530 ρωμένος
2315 461 2434 514 οὐδὲ
2472 461 2639 514 δεῖται
2666 461 2823 530 λόγου
2866 461 2985 513 οὐδὲ
3013 460 3211 522 αἰτίας,
3247 460 3388 530 ὑπὲρ
3430 454 3504 515 ὧν
3530 464 3600 516 ἂν

2040 555 2309 626 ἐπιταχθῇ
2334 596 2348 619 ,
2382 556 2494 609 ἀλλ’
2534 558 2782 628 ἀρκεῖται
2821 560 2889 628 τῇ
2931 556 3223 626 παραδόσει
3265 556 3431 629 μόνῃ·
3475 560 3502 611 0
3544 559 3600 612 δέ

2041 649 2444 723 ἀσθενέστερος,
2477 653 2605 706 ὅταν
2653 654 2746 706 καὶ
2789 654 2884 722 τὴν
2925 651 3102 705 αἰτίαν
3142 651 3306 725 μάθῃ,
3334 652 3456 705 τότε
3509 653 3602 706 καὶ

2045 746 2184 814 μετὰ
2218 747 2460 812 πλείονος
2490 750 2586 819 τῆς
2621 747 2853 820 σπουδῆς
2883 746 3100 816 κατέχει
3123 745 3271 818 [229]
3302 747 3362 800 τὸ
3392 747 3601 818 λεχθὲν,

2043 845 2137 896 καὶ
2172 845 2309 913 μετὰ
2341 845 2537 915 πολλῆς
2569 844 2826 899 ὑπακούει
2866 845 2963 912 τῆς
2996 843 3326 914 προθυμίας.

2113 938 2183 1010 β’.
2206 939 2403 1010 Διόπερ
2427 940 2545 992 οὐδὲ
2563 935 2682 993 εἷπε
2709 940 2803 1010 τὴν
2829 939 3027 1004 αἰτίαν,
3055 939 3160 1002 ἕως
3183 939 3306 991 ὅτου
3330 940 3602 1009 σπαρειὸαι·⁵

2041 1036 2272 1107 νομένην
2310 1032 2416 1088 εἶδε
2448 1035 2545 1106 τὴν
2581 1034 2816 1106 ἐντολήν.
2854 1034 2949 1097 Τίς
2976 1030 3068 1088 οὖν
3096 1035 3129 1105 ἡ
3159 1034 3340 1100 αἰτία;
3374 1036 3605 1102 Παντὸς

2043 1132 2262 1200 ἀνδρὸς
2301 1133 2339 1200 ἡ
2377 1132 2610 1201 κεφαλὴ
2643 1134 2675 1185 ὁ
2718 1131 2970 1201 Χριστός
3005 1130 3193 1185 ἐστιν.
3236 1126 3364 1202 Ἃρ*
3391 1126 3481 1184 οὖν
3510 1131 3601 1184 καὶ

2041 1229 2134 1282 τοῦ
2187 1228 2478 1298 ’Έλληνος;
2527 1227 2811 1297 Οὐδαμῶς.
2861 1228 2922 1280 Εἰ
2958 1225 3065 1298 γὰρ
3111 1226 3270 1297 σῶμά
3303 1229 3464 1298 ἑσμεν
3507 1224 3598 1280 τοῦ

2043 1322 2278 1394 Χριστοῦ
2307 1324 2398 1378 καὶ
2419 1322 2558 1394 μέλη
2581 1325 2643 1376 ἐκ
2669 1323 2889 1394 μέρους,
2919 1322 3012 1376 καὶ
3033 1323 3202 1394 ταύτῃ
3228 1324 3427 1386 ἐκεῖνος
3448 1325 3479 1394 ἡ
3489 1322 3601 1392 μῶν

2045 1419 2281 1488 κεφαλὴ,
2308 1417 2416 1471 τῶν
2445 1419 2548 1472 οὐκ
2576 1417 2742 1470 ὄντων
2777 1419 2832 1470 ἐν
2861 1418 2938 1489 τῷ
2975 1417 3185 1490 σώματι
3212 1418 3332 1472 ούδέ
3367 1420 3443 1481 εἰς
3471 1418 3602 1490 μέλη

2042 1513 2341 1566 τελούντων
2367 1513 2468 1566 οὐκ
2493 1510 2558 1564 ἂν
2585 1513 2667 1582 εἰη
2701 1513 2930 1584 κεφαλή·
2960 1513 3100 1568 ὥστε
3125 1515 3250 1568 ὅταν
3277 1514 3429 1584 εἴπῃ,
3454 1517 3607 1568 Παν-

2043 1609 2166 1676 τὸς,
2191 1609 2284 1662 τοῦ
2321 1609 2512 1663 πιστοῦ
2543 1609 2625 1662 δεῖ
2650 1609 3107 1680 προσυπακούειν.
3152 1605 3304 1673 Εἶδες
3335 1610 3457 1673 πῶς
3485 1627 3610 1663 πανο

2043 1706 2210 1777 ταχοῦ
2225 1707 2430 1761 ἀνωθεν
2449 1707 2701 1777 ἐντρέπει
2716 1707 2806 1760 τὸν
2821 1709 3098 1778 ἀκροατήν
3115 1725 3128 1770 ς
3143 1708 3253 1760 Καὶ
3264 1707 3372 1777 γὰρ
3385 1708 3472 1759 ὅτε
3483 1724 3548 1759 πε
3555 1706 3609 1778 91

2047 1803 2266 1873 ἀγάπης
2290 1803 2582 1869 διελέγετο,
2607 1804 2693 1856 καῖ
2719 1804 2807 1856 ὅτε
2830 1805 2957 1874 περὶ
2983 1800 3501 1872 ταπεινοφροσύνης,
3519 1801 3610 1854 καὶ

2046 1899 2134 1951 ὅτε
2160 1900 2286 1969 περὶ
2306 1899 2426 1968 ἑλεη
2437 1897 2690 1968 μοσύνης,
2707 1898 2914 1953 ἐκεῖθεν
2927 1893 3075 1952 εἷλκε
3089 1899 3156 1952 τὰ
3169 1897 3610 1968 παραδείγματα.

2005 2037 2008 2040 .
2047 1992 2293 2062 Κεφαλὴ
2317 1993 2386 2045 δὲ
2405 1992 2689 2060 γυναικὸς
2712 1996 2743 2048 ό
2758 1994 2932 2061 ἀνήρ·
2954 1992 3188 2062 κεφαλὴ
3211 1991 3279 2046 δὲ
3300 1991 3556 2059 Χριστοῦ
3582 1995 3616 2046 δ

2052 2089 2213 2154 Θεός.
2253 2088 2515 2141 Ἐνταῦθα
2535 2089 2874 2157 ἐπιπηδῶσιν
2886 2091 3015 2160 ἡμῖν
3030 2091 3078 2141 οἱ
3094 2087 3360 2159 αἰρετικοὶ
3375 2086 3612 2138 ἐλάττω-

2051 2187 2134 2240 σίν
2162 2203 2282 2240 τινα
2309 2188 2374 2240 ἐκ
2405 2186 2509 2240 τῶν
2532 2187 2835 2257 εἰρημένων
2868 2185 3202 2247 ἐπινοοῦντες
3225 2183 3301 2253 τῷ
3334 2181 3469 2252 Υἱῷ·
3501 2183 3614 2235 ἀλλ’

2051 2284 2258 2346 ἑαυτοῖς
2298 2283 2736 2354 περιπίπτουσιν.
2781 2283 2844 2336 Εἰ
2888 2281 2997 2352 γάρ
3028 2281 3236 2350 κεφαλὴ
3283 2277 3540 2348 γυναικὸς
3590 2281 3618 2332 0

2048 2379 2206 2448 ἀνὴρ,
2238 2377 2519 2448 ὁμοούσιος
2552 2379 2609 2432 δὲ
2641 2379 2674 2448 ἡ
2711 2376 2920 2446 κεφαλὴ
2941 2376 3016 2445 τῷ
3057 2374 3289 2446 σώματι,
3322 2373 3533 2444 κεφαλὴ
3560 2375 3617 2426 δὲ

2049 2474 2142 2527 τοῦ
2164 2473 2398 2545 Χριστοῦ
2417 2475 2445 2525 ὁ
2467 2474 2618 2537 Θεὸς,
2638 2473 2920 2544 ὁμοούσιος
2943 2475 2969 2526 0
2994 2472 3122 2536 Υἱὸς
3144 2475 3222 2541 τῷ
3245 2472 3443 2543 Πατρί.
3478 2470 3616 2524 ’Δλιθ

2049 2573 2110 2625 ού
2132 2570 2192 2624 τὸ
2218 2571 2552 2642 ἑτεροούσιον
2579 2569 2823 2624 ἐντεῦθεν
2849 2567 3125 2634 ἀποδεῖξαι
3156 2567 3477 2640 βουλόμεθα,
3505 2565 3618 2620 ἀλλ’

2051 2669 2131 2721 ὃτι
2173 2667 2417 2738 ἄρχεται,
2461 2665 2614 2736 φησί.
2647 2664 2712 2717 Τί
2747 2661 2840 2718 οὖν
2885 2665 3019 2734 πρὸς
3048 2663 3205 2717 τοῦτο
3237 2663 3486 2733 εἴποιμεν
3518 2662 3618 2726 iv;

2055 2763 2174 2816 Ὅτι
2207 2762 2437 2830 μάλιστα
2465 2759 2583 2831 μὲν,
2606 2761 2732 2813 ὅταν
2759 2776 2810 2812 τι
2836 2759 3087 2812 ταπεινὸν
3116 2759 3340 2828 λέγηται
3365 2758 3503 2828 μετά
3525 2758 3619 2827 τῆς

2055 2857 2254 2927 σαρκὸς
2290 2856 2440 2917 δντος
2468 2853 2652 2919 αὑτοῦ,
2694 2853 2792 2906 οὐκ
2823 2853 3066 2906 εὐτέλεια
3092 2855 3190 2924 τῆς
3219 2853 3471 2924 θεότητός
3506 2854 3619 2905 ἐστι

2053 2954 2114 3008 τὸ
2137 2952 2443 3023 λεγόμενον,
2485 2949 2584 3020 τῆς
2617 2948 2928 3019 οἰκονομίας
2960 2947 3254 3018 δεχομένης
3298 2948 3359 3000 τδ
3405 2947 3619 3016 λεχθέν.

2053 3049 2198 3120 Πλὴν
2229 3046 2345 3102 ἀλλ’
2411 3044 2553 3110 εἰπὲ,
2590 3043 2706 3106 πῶς
2727 3043 2884 3096 τοῦτο
2916 3043 3093 3113 βούλει
3129 3045 3194 3097 ἐκ
3223 3043 3412 3097 τούτου
3453 3060 3626 3096 κατα-

2056 3145 2314 3198 σκευάσαι
2336 3141 2456 3206 νῦν;
2476 3143 2596 3194 ’Ότι
2621 3140 2808 3210 ὥσπερ
2831 3143 2858 3193 0
2879 3140 3015 3211 ἀνὴρ
3038 3139 3194 3210 ἄρχει
3220 3147 3318 3214 τῆς
3338 3139 3622 3210 γυναικὸς,

2055 3241 2238 3312 φησὶν,
2277 3239 2418 3291 οὕτω
2451 3237 2545 3291 καὶ
2580 3239 2608 3291 0
2636 3237 2819 3307 Πατὴρ
2860 3237 2952 3289 τοῦ
2995 3234 3251 3306 Χριστοῦ.
3287 3235 3493 3290 Οὐκοῦν
3527 3235 3627 3289 καὶ

2054 3339 2239 3406 ὥσπερ
2267 3337 2294 3388 ὀ
2324 3333 2556 3403 Χριστὸς
2587 3333 2678 3386 τοῦ
2714 3333 2925 3404 ἀνδρὸς,
2958 3331 3102 3386 οῦτω
3130 3333 3222 3384 καὶ
3251 3334 3278 3382 0
3307 3330 3498 3400 Πατὴρ
3526 3327 3625 3382 τοῦ

2055 3434 2218 3488 Υἰοῦ·
2268 3431 2498 3496 Παντὸς
2539 3431 2646 3502 γὰρ
2694 3428 2932 3496 ἀνδρὸς,
2981 3430 3165 3500 φησὶν,
3217 3429 3255 3496 ἡ
3310 3426 3547 3496 κεφαλὴ
3591 3428 3627 3478 ό

2055 3529 2308 3600 Χριστός
2344 3527 2492 3582 ἐστι.
2530 3528 2639 3580 Καὶ
2663 3527 2745 3590 τίς
2777 3527 2841 3580 ἂν
2869 3526 3040 3580 ταῦτα
3074 3525 3430 3591 καταδέξαιτό
3459 3540 3624 3587 ποτε;

2055 3631 2116 3684 Εἰ
2143 3629 2249 3699 γάρ
2278 3628 2402 3680 ὅσον
2425 3625 2484 3678 τὸ
2508 3624 2770 3695 ὑπερέχον
2804 3623 2894 3677 τοῦ
2922 3624 3052 3678 Υἰοῦ
3078 3624 3211 3695 πρὸς
3239 3623 3406 3693 ἡμᾶς,
3431 3619 3624 3674 τοσοῦ·

2051 3743 2143 3778 τον
2192 3724 2283 3779 τοῦ
2329 3722 2540 3793 Πατρὸς
2589 3720 2722 3788 πρὸς
2754 3719 2846 3772 τὸν
2880 3719 3006 3772 Υἱὸν
3028 3759 3042 3782 ,
3079 3719 3330 3788 ἐννόησον
3360 3719 3438 3781 εἰς
3487 3717 3626 3785 ὅσην

2053 3820 2215 3875 αὐτὸν
2249 3820 2396 3884 ἄξεις
2435 3817 2531 3888 τὴν
2568 3815 2862 3869 εὐτέλειαν.
2895 3815 3058 3867 Ὥστε
3095 3814 3155 3867 οὐ
3208 3814 3384 3868 πάντα
3421 3813 3626 3884 ὁμοίως

2054 3916 2362 3981 ἐξεταστέον
2398 3913 2482 3982 ἐφ’
2523 3911 2677 3981 ἡμῶν
2715 3912 2805 3965 καί
2844 3911 2932 3962 ἐπὶ
2957 3910 3050 3963 τοῦ
3089 3909 3248 3974 Θεοῦ,
3289 3911 3390 3964 κᾶν
3425 3910 3625 3980 ὁμοίως

2053 4011 2299 4080 λέγηται·
2340 4009 2454 4061 ἀλλ’
2487 4006 2858 4076 ἀπονεμητέον
2888 4006 2966 4075 τῷ
3003 4004 3119 4075 Θεῷ
3161 4023 3281 4058 τινα
3315 4005 3626 4069 ἰδιάζουσαν

2054 4105 2347 4176 ὑπεροχὴν,
2382 4105 2476 4156 καὶ
2517 4101 2783 4171 τοσαύτην
2809 4102 2940 4170 ὅσην
2964 4099 3098 4169 Θεῷ.
3129 4100 3191 4152 Εἰ
3221 4100 3326 4170 γὰρ
3358 4099 3432 4171 μὴ
3463 4098 3628 4152 τοῦτο

2056 4200 2491 4272 συγχωρήσαιεν,
2525 4195 2694 4250 πολλὰ
2737 4195 2925 4265 ἕψεται
2953 4195 3022 4248 τα
3049 4195 3246 4249 ἄτοπα.
3284 4195 3484 4247 Σκόπει
3521 4193 3622 4247 δέ·

2055 4297 2280 4368 Κεφαλὴ
2318 4293 2412 4348 τοῦ
2449 4290 2686 4364 Χριστοῦ
2731 4293 2760 4345 0
2797 4291 2947 4356 Θεὸς,
2981 4283 3137 4356 οὗτος
3170 4290 3228 4344 δὲ
3279 4288 3372 4343 τοῦ
3405 4288 3626 4359 ἀνδρὸς,

2053 4397 2304 4457 κάκεῖνος
2323 4393 2423 4462 τῆς
2451 4389 2725 4458 γυναικός.
2750 4388 2956 4442 Οὐκοῦν
2987 4389 3036 4440 εἰ
3065 4387 3156 4441 ἐπί⁵
3182 4387 3396 4442 πάντων
3419 4385 3629 4457 ὁμοίως

2053 4489 2375 4559 ἐκλάῦοιμεν
2430 4486 2529 4556 τὴν
2580 4483 2855 4555 κεφαλὴν,
2906 4482 3157 4537 τοσοῦτον
3215 4483 3367 4536 ἔσται
3423 4482 3452 4534 0
3497 4481 3664 4546 Υἱὸς,

2053 4581 2377 4655 ἀφεστηκὼς
2403 4581 2497 4634 τοῦ
2522 4581 2753 4654 Πατρδς,
2781 4581 2903 4635 ὅσον
2933 4582 3087 4650 ήμεῖς
3111 4578 3296 4633 αὐτοῦ.
3340 4576 3504 4632 Ἀλλά
3529 4578 3625 4632 καὶ

2053 4685 2087 4749 ἡ
2116 4681 2252 4751 γυνὴ
2279 4676 2531 4732 τοσοῦτον
2573 4679 2605 4747 ἡ
2613 4677 2730 4747 μῶν
2754 4678 3122 4747 ἀποστήσεται
3145 4719 3161 4742 ,
3189 4677 3315 4730 ὅσον
3339 4677 3502 4745 ἡμεῖς
3529 4674 3628 4728 τοῦ

2052 4776 2185 4830 Θεοῦ
2219 4775 2392 4843 Λόγου
2418 4791 2432 4806 ο
2463 4774 2560 4827 καὶ
2577 4774 2715 4841 ὅπερ
2741 4773 2888 4825 ἐστὶν
2908 4775 2936 4824 0
2957 4771 3084 4835 Υἰὸς
3111 4772 3247 4844 πρὸς
3265 4772 3356 4826 τὸν
3380 4770 3630 4842 Πατέρα,

2052 4871 2208 4925 τοῦτο
2235 4873 2329 4923 καὶ
2360 4872 2520 4942 ἡμεῖς
2554 4869 2688 4940 πρὸς
2717 4868 2807 4920 τὸν
2833 4867 2979 4930 Υἰδν,
3004 4869 3100 4921 καὶ
3133 4869 3166 4939 ή
3200 4868 3337 4937 γυνὴ
3372 4867 3507 4938 πρὸς
3533 4867 3633 4918 τὸν

2053 4968 2221 5039 ἄνδρα
2251 4967 2430 5021 πάλιν.
2461 4967 2570 5018 Καὶ
2597 4964 2679 5029 τίς
2713 4964 2884 5017 ταῦτα
2916 4963 3196 5030 ἀνέξεται;
3239 4963 3383 5017 ’ᾹλΥ
3423 4965 3634 5033 ἑτέρως

2053 5051 2415 5122 ἐκλαμϐάνεις
2451 5049 2541 5102 ἐπὶ
2580 5049 2836 5116 γυναικὸς
2866 5049 2962 5101 καὶ
2993 5048 3184 5119 ἀνδρὸς
3226 5049 3325 5118 τὴν
3355 5048 3642 5117 κεφαλὴν,

2053 5147 2149 5200 καὶ
2177 5148 2275 5216 οὐχ
2305 5146 2380 5210 ὡς
2423 5144 2517 5196 ἐπὶ
2555 5142 2647 5196 τοῦ
2694 5143 2967 5212 Χριστοῦ;
3001 5142 3209 5196 Οὐκοῦν
3252 5141 3347 5195 καὶ
3390 5143 3485 5195 ἐπὶ
3528 5141 3646 5196 τοῦ

2055 5237 2181 5292 Υἰοῦ
2214 5239 2310 5292 καὶ
2349 5238 2444 5290 τοῦ
2476 5235 2688 5306 Πατρὸς
2734 5234 2933 5306 ἑτέρως
2975 5236 3275 5306 ἐκληπτέον
3314 5237 3467 5306 ήμῖν.
3512 5235 3646 5291 Καὶ

2054 5335 2171 5398 πῶς
2203 5334 2403 5402 ἑτέρως
2437 5331 2770 5402 ἐκληπτέονς
2807 5331 2956 5400 φησί.
2991 5330 3148 5384 Κατά
3175 5331 3236 5383 τὸ
3274 5330 3465 5384 αἴτιον.
3511 5329 3650 5385 Καὶ

2055 5427 2162 5498 γὰρ
2188 5429 2346 5497 εἰπερ
2374 5427 2548 5497 ἀρχὴν
2573 5426 2753 5497 ἐζήτει
2783 5429 2958 5480 εἰπεῖν
2983 5427 3077 5480 καὶ
3107 5426 3386 5494 ὑποταγὴν
3412 5427 3441 5479 0
3473 5423 3656 5478 Παῦ-

2053 5526 2161 5587 λος,
2191 5526 2265 5586 ὼς
2298 5525 2359 5575 σὺ
2388 5523 2511 5592 φὴς,
2537 5525 2636 5586 οὐκ
2656 5522 2721 5577 ἂν
2742 5527 2972 5594 γυναῖκα
2994 5527 3307 5592 παρήγαγεν
3329 5524 3405 5584 εἰς
3433 5521 3658 5591 μέσον,

2053 5619 2186 5675 ἀλλὰ
2211 5618 2394 5671 δοῦλον
2426 5620 2627 5689 μᾶλλον
2657 5622 2748 5675 καί
2772 5622 3056 5692 δεσπότην.
3086 5619 3148 5674 Εἰ
3171 5619 3280 5691 γὰρ
3302 5621 3395 5672 καὶ
3425 5617 3658 5676 ὑποτι-

2053 5736 2247 5775 τακται
2279 5720 2409 5789 ἡμῖν
2444 5720 2473 5789 ή
2499 5719 2654 5789 γυνὴ,
2687 5719 2799 5772 ἀλλ’
2828 5720 2900 5785 ὡς
2929 5720 3082 5792 γυνὴ,
3120 5719 3231 5773 ἀλλ’
3258 5719 3330 5782 ὡς
3358 5709 3654 5785 ἐλευθέρα
