3990 6168
315 390 426 446 213

315 510 557 576 ideoque
583 502 888 574 subjunxit:
921 497 1215 569 Gloﬁﬁcate
1237 497 1399 553 Deum
1420 498 1475 553 in
1497 512 1706 569 corpore
1725 504 1888 551 vestro

317 609 366 654 et
404 598 595 668 spiritu
620 607 781 649 vestro
818 593 893 663 (i.
916 588 1033 648 Cor.
1066 589 1120 647 6.
1146 590 1257 655 20).
1305 589 1375 644 Et
1411 604 1599 644 rursus
1640 602 1759 642 eum
1797 587 1891 642 di-

321 691 496 746 xisset
525 703 631 743 non
654 694 895 757 oportere
920 684 1213 752 sapientem
1234 696 1351 736 esse
1373 691 1592 736 externa
1610 680 1889 750 sapientia,

323 798 435 838 non
475 784 575 837 hoc
607 785 883 835 contentus
920 785 1024 843 est,
1065 775 1159 830 sed
1197 773 1350 845 jubet
1388 774 1608 828 stultum
1648 771 1784 826 ﬁeri.
1827 770 1894 826 Et

324 891 446 930 cum
476 875 563 928 dat
598 869 881 925 consilium
921 882 1028 922 non
1055 866 1255 934 judicio
1284 862 1723 921 contendendum
1772 876 1894 917 esse

321 965 456 1034 apud
506 972 780 1025 externos,
831 973 1007 1029 neque
1052 957 1299 1028 iujuriam
1354 971 1475 1010 esse
1527 952 1892 1019 inferendam;

320 1070 629 1128 progressus
679 1054 843 1108 etiam
887 1050 1091 1122 judicio
1147 1048 1472 1103 contendere
1520 1047 1788 1117 prohibet,
1838 1053 1895 1101 et

314 1149 589 1204 consilium
631 1146 725 1201 dat
746 1153 803 1199 ut
840 1159 948 1198 non
983 1141 1142 1197 modo
1176 1155 1278 1195 non
1303 1140 1545 1209 iniuriam
1578 1138 1887 1205 inferamus,

313 1242 401 1297 sed
423 1249 481 1295 ut
502 1241 754 1308 iniuriam
781 1239 1063 1307 patiamur.
1089 1235 1155 1290 Et
1174 1234 1240 1289 de
1263 1233 1568 1304 idolothytis
1589 1232 1886 1296 disserens,

314 1346 414 1386 non
456 1331 597 1385 dixit
626 1329 786 1383 modo
813 1344 841 1380 a
873 1326 1150 1397 prohibitis
1189 1325 1454 1379 absﬁnere
1489 1332 1759 1392 oportere.
1793 1321 1889 1376 sed

313 1426 475 1480 etiam
522 1438 555 1475 a
604 1421 896 1485 concessis,
944 1418 1153 1489 quando
1198 1432 1285 1473 res
1327 1415 1654 1472 offendicqu
1697 1415 1886 1478 fuerit;

316 1531 491 1587 neque
513 1514 677 1568 modo
705 1528 809 1566 non
830 1512 1173 1566 offendendos
1197 1524 1315 1565 esse
1340 1508 1552 1570 fratres,
1578 1524 1765 1562 verum
1788 1521 1890 1561 nec

316 1609 537 1663 Graecos
563 1621 662 1660 nec
698 1604 946 1669 Judzeos;
977 1603 1100 1658 Sine
1123 1601 1416 1669 offensione,
1448 1600 1639 1671 inquit,
1666 1610 1820 1653 estote
1842 1608 1889 1653 et

317 1697 518 1752 ludatis
549 1706 596 1751 et
644 1695 836 1750 Gracia
864 1705 906 1748 et
941 1694 1183 1749 Ecclesia:
1226 1693 1338 1748 Dei.
1367 1692 1500 1748 Cum
1545 1708 1671 1764 ergo
1710 1693 1778 1747 de
1806 1691 1890 1747 his

321 1790 574 1845 omnibus
617 1788 916 1842 orationem
957 1785 1288 1850 absolvisset,
1333 1785 1588 1853 deinceps
1636 1784 1701 1838 ad
1748 1782 1889 1837 aliud

323 1884 526 1938 crimen
566 1880 833 1951 procedit.
872 1879 1147 1945 Quodnam
1175 1877 1301 1932 illud
1336 1878 1490 1932 erat?
1527 1876 1774 1932 Mulieres
1796 1877 1888 1931 de-

323 1981 475 2028 tecta:
501 1980 557 2027 et
600 1971 748 2025 nudo
790 1971 964 2038 capite
1007 1977 1062 2023 et
1108 1968 1331 2023 orabant
1374 1977 1428 2022 ct
1467 1968 1882 2038 prophetabant;

316 2074 442 2119 tunc
464 2064 606 2118 enim
640 2061 1026 2134 prephetabaut
1050 2061 1330 2115 mulieres:
1355 2061 1452 2115 viri
1477 2070 1651 2115 autem
1675 2075 1883 2116 comam

309 2156 549 2219 alebant,
594 2164 784 2221 utpote
818 2153 907 2222 qui
944 2154 995 2205 in
1040 2150 1370 2222 philosophia
1426 2162 1789 2218 versarentur,
1830 2161 1886 2207 et

308 2247 566 2317 tegebant
587 2254 745 2314 caput
766 2253 979 2298 orantes
999 2254 1049 2297 ct
1071 2242 1481 2314 prophetantes;
1508 2244 1647 2314 quod
1676 2253 1884 2299 utrum-

304 2354 412 2409 que
435 2340 572 2407 legis
611 2336 916 2392 ercorum
939 2344 1073 2392 erat.
1116 2335 1247 2403 Quia
1269 2351 1396 2405 ergo
1423 2336 1490 2389 de
1515 2336 1599 2390 bis
1637 2336 1884 2392 omnibus

302 2447 418 2494 eos,
477 2445 598 2483 cum
637 2430 871 2495 adesset,
916 2428 1218 2492 admonuit;
1254 2437 1307 2483 et
1347 2428 1588 2481 fortassis
1631 2429 1718 2482 alii
1767 2428 1884 2499 qui-

302 2522 421 2577 dem
446 2520 749 2585 audierant,
774 2520 863 2574 alii
886 2536 992 2574 non
1012 2530 1329 2589 paruerant:
1354 2521 1475 2574 ideo
1497 2535 1591 2590 per
1608 2522 1883 2590 epistolam

300 2628 516 2675 rursus,
566 2620 626 2666 ut
663 2613 879 2678 sapiens
916 2612 1171 2675 medicus,
1210 2612 1371 2666 verba
1414 2610 1722 2678 infundens,
1757 2629 1880 2683 pec-

296 2715 487 2759 catum
531 2703 770 2772 corrigit.
814 2703 943 2757 Nam
988 2703 1124 2772 quod
1148 2717 1243 2759 eos
1277 2702 1385 2772 jam
1408 2718 1529 2757 cum
1550 2703 1762 2758 adesset
1784 2703 1878 2757 ad-

296 2796 601 2859 monuerit,
626 2796 799 2864 palam
824 2803 907 2848 est
930 2795 1077 2849 exiis
1103 2808 1222 2863 qua:
1245 2795 1295 2847 in
1320 2794 1580 2863 prooemio
1603 2793 1751 2849 dicit.
1771 2793 1882 2849 Cur

292 2888 440 2942 enim
464 2901 596 2941 cum
625 2886 755 2939 nihil
785 2885 883 2940 hac
905 2885 974 2940 de
997 2900 1056 2940 re
1076 2885 1295 2940 dixisset
1314 2901 1532 2956 usquam
1557 2888 1608 2941 in
1628 2888 1878 2958 epistola,

293 2981 389 3034 sed
430 2980 511 3033 ab
547 2978 673 3033 aliis
698 2966 1013 3033 criminibus
1041 2978 1276 3033 invectus
1298 2990 1459 3047 esset,
1501 2981 1679 3035 statim
1719 2980 1877 3037 dicit:

295 3071 483 3126 Laudo
510 3082 684 3126 autent
709 3088 826 3139 vos,
857 3074 992 3141 quod
1018 3089 1109 3142 per
1141 3074 1310 3127 omnia
1335 3074 1434 3129 mei
1462 3092 1704 3131 memores
1731 3078 1877 3142 estis,

294 3176 343 3218 et
376 3165 514 3218 sicut
560 3163 751 3216 tradidi
790 3164 927 3218 vobis
962 3159 1278 3231 traditiones,
1320 3165 1391 3218 ita
1429 3167 1639 3221 tenetis?
1695 3166 1880 3223 Viden‘

295 3257 576 3326 quomodo
620 3257 708 3310 alii
761 3255 976 3326 quidem
1021 3256 1305 3323 audierint,
1354 3273 1489 3328 quos
1541 3260 1750 3327 laudat;
1790 3244 1919 3316 alii‘

296 3364 411 3401 non
440 3348 731 3413 audierint,
761 3362 896 3417 quos
934 3349 1157 3418 corrigit
1186 3365 1281 3419 per
1318 3352 1618 3420 sequentia,
1659 3353 1875 3409 dicens:

301 3436 365 3490 Si
396 3454 514 3506 quis
537 3448 701 3491 autent
722 3439 913 3491 videtur
935 3456 1041 3493 esse
1064 3443 1420 3507 contentiosus,
1456 3459 1547 3496 nos
1578 3445 1729 3498 talem
1754 3461 1878 3498 con-

291 3526 632 3581 suetudinem
657 3543 756 3582 non
776 3529 1007 3584 habemus
1027 3530 1104 3602 (1.
1135 3530 1253 3585 Cor.
1282 3534 1366 3587 Η.
1395 3534 1521 3603 16)ῗ
1544 3534 1675 3589 Nam
1699 3536 1879 3590 sialiis

289 3629 454 3673 recte
482 3618 785 3690 agentibus,
813 3620 931 3674 aliis
950 3636 1051 3676 non
1075 3623 1435 3690 audientibus,
1467 3640 1656 3680 omnes
1687 3627 1738 3680 in
1768 3628 1876 3680 eri—

284 3724 421 3765 men
455 3719 727 3774 vocasset,
768 3709 889 3766 illos
915 3712 1242 3781 audaciores,
1270 3714 1369 3769 hos
1397 3717 1669 3785 segniores
1699 3718 1877 3772 reddi-

282 3801 495 3856 disset:
532 3816 677 3856 nunc
700 3812 878 3856 autem
904 3803 1034 3858 alios
1055 3805 1278 3860 laudans
1303 3812 1357 3860 et
1382 3817 1630 3876 acceptos
1653 3808 1874 3875 habens,

279 3892 424 3948 alios
449 3893 774 3964 objurgans,
803 3902 859 3949 et
896 3895 1014 3951 illos
1044 3896 1214 3966 magis
1251 3898 1558 3964 enncitavit,
1589 3907 1643 3953 et
1669 3900 1752 3955 his
1782 3916 1878 3971 pu-

278 3988 475 4041 dorem
509 3989 763 4043 incussit.
806 3988 938 4043 Nam
979 3990 1327 4059 reprehensio
1368 4007 1465 4060 per
1501 4008 1560 4047 se
1595 3993 1765 4048 solum
1809 3995 1876 4049 ad

280 4078 708 4145 percellendum
728 4078 954 4145 sufficit;
973 4094 1095 4135 eum
1117 4096 1247 4135 vero
1272 4081 1324 4135 fit
1340 4083 1405 4135 ad
1426 4086 1875 4153 comparationem

272 4173 543 4235 aliorum,
575 4173 665 4240 qui
690 4173 945 4241 praeclare
970 4182 1193 4244 egerunt
1211 4183 1266 4229 et
1293 4174 1591 4239 laudantur,
1616 4177 1873 4246 majorem

271 4263 449 4319 infert
497 4264 808 4318 stimulum.
852 4264 956 4321 Sed
987 4266 1197 4320 interim
1241 4281 1345 4319 non
1374 4280 1403 4319 a
1438 4267 1872 4336 reprehensione,

269 4357 370 4411 sed
416 4357 495 4412 ab
535 4357 808 4411 encomiis
839 4358 1065 4420 orditur,
1096 4366 1151 4412 et
1180 4372 1207 4410 a
1254 4357 1460 4428 magnis
1489 4357 1766 4426 encomiis,
1794 4360 1875 4415 di-

270 4462 435 4503 cens:
466 4447 671 4502 Laudo
699 4458 870 4502 autem
893 4464 1000 4515 vos,
1031 4448 1169 4525 quod
1195 4465 1284 4521 per
1310 4449 1481 4502 omnia
1508 4449 1606 4503 mei
1635 4466 1876 4506 memores

268 4540 413 4594 estis.
445 4540 612 4596 Talis
638 4540 783 4596 enim
805 4556 923 4595 mos
942 4551 1024 4595 est
1051 4541 1219 4605 Pauli,
1244 4556 1339 4610 pro
1366 4542 1543 4610 parvis
1568 4542 1726 4597 etiam
1756 4543 1874 4598 lau-

267 4631 367 4687 des
392 4648 640 4704 magnas
669 4635 822 4697 texit,
854 4648 959 4688 non
986 4649 1053 4688 ex
1081 4633 1408 4699 adulatione,
1441 4634 1613 4699 absit;
1641 4650 1871 4704 quomo-

263 4724 337 4780 do
361 4727 519 4782 enim
549 4728 639 4782 sic
675 4736 882 4797 ageret,
912 4741 1033 4782 cum
1075 4741 1175 4783 nec
1204 4727 1478 4796 pecunias,
1509 4742 1606 4783 nec
1629 4729 1869 4798 gloriam,

266 4832 368 4874 nec
393 4818 554 4874 aliud
583 4818 722 4889 quid
748 4817 922 4874 simile
949 4819 1195 4889 expetat?
1216 4818 1310 4874 sed
1342 4834 1437 4889 pro
1466 4819 1676 4875 illorum
1702 4821 1872 4874 salute

262 4911 453 4965 omnia
494 4910 740 4966 faciens.
785 4910 1017 4981 Ideoque
1057 4911 1264 4977 Iaudem
1294 4925 1507 4980 quoque
1544 4912 1751 4966 extollit
1794 4912 1875 4966 di-

262 5015 417 5070 cens,
449 5002 657 5058 Laudo
678 5014 847 5058 autem
870 5022 981 5072 vos,
1003 5007 1139 5075 quod
1177 5022 1266 5076 per
1300 5007 1470 5060 omnia
1503 5006 1598 5060 mei
1630 5023 1874 5062 memores

261 5095 403 5150 estis.
450 5094 739 5163 Quaenam
768 5103 896 5149 sunt
933 5096 1017 5149 illa
1049 5097 1265 5152 omnia?
1301 5096 1434 5151 Nam
1479 5097 1546 5151 de
1573 5112 1723 5152 coma
1767 5113 1872 5153 non

262 5183 485 5252 alenda,
511 5197 577 5241 et
600 5186 676 5240 de
705 5188 877 5254 Capite
904 5202 1006 5240 non
1036 5187 1266 5259 tegendo
1287 5196 1492 5242 tantum
1526 5187 1870 5257 loquebatur:

264 5280 378 5344 sed,
414 5290 479 5337 ut
530 5280 681 5344 dixi,
732 5281 917 5336 laudes
965 5284 1150 5350 variat,
1182 5292 1239 5338 ut
1284 5284 1638 5354 promptiores
1662 5283 1867 5339 reddat.

263 5366 387 5424 Ideo
412 5375 517 5439 ait,
562 5372 729 5437 Quod
757 5390 849 5443 per
880 5375 1050 5428 omnia
1090 5377 1185 5428 mei
1208 5392 1449 5431 memores
1488 5382 1625 5442 estis,
1654 5385 1702 5429 et
1743 5376 1874 5430 sicut

266 5465 458 5518 tradidi
507 5465 670 5519 vobis
720 5465 1036 5529 traditiones,
1092 5469 1166 5519 ita
1213 5468 1405 5521 tenetis.
1462 5468 1603 5537 Ergo
1646 5475 1702 5521 et
1754 5467 1871 5522 sine

265 5557 467 5623 scripto
534 5554 725 5610 multa
790 5567 919 5611 tunc
975 5557 1077 5611 illis
1139 5558 1399 5618 tradebat,
1450 5558 1589 5629 quod
1643 5566 1697 5613 et
1746 5557 1871 5612 alibi

265 5657 478 5715 quoque
504 5646 718 5701 multis
744 5648 795 5701 in
827 5649 958 5702 locis
995 5648 1156 5703 dicit:
1185 5648 1277 5703 sed
1320 5656 1444 5703 time
1467 5650 1679 5719 quidem
1708 5649 1873 5705 tradi-

266 5731 341 5786 dit
368 5745 618 5802 tantum,
660 5754 804 5793 mute
830 5755 960 5794 vero
985 5742 1143 5795 etiam
1171 5755 1386 5795 causam
1415 5739 1586 5795 affert.
1616 5740 1690 5796 Ita
1721 5741 1866 5796 enim

268 5834 318 5879 σει
350 5825 453 5886 hos
483 5831 791 5887 audientes
826 5830 1075 5888 fortiores
1114 5833 1388 5898 reddebat,
1437 5842 1490 5887 ct
1527 5833 1737 5888 illorum
1765 5830 1862 5886 ad-

616 5924 895 5980 l’ATItOL.
942 5920 1055 5976 (in.
1110 5917 1258 5976 LXI.

1298 380 1366 437 IN
1403 379 1615 438 EPIST.
1657 378 1677 432 1
1742 377 1833 434 ΑΙ)
1871 376 2025 434 (ΙΟΒ.
2067 377 2299 435 HOMIL.
2340 378 2530 434 XXVI.

3472 388 3575 443 ⁸314

2001 499 2328 553 τετςτιηιίυηι
2353 499 2545 555 fastum
2566 499 2898 558 detrahebat.
2922 503 3127 560 Deinde
3144 520 3251 574 non
3270 504 3419 570 dicit,
3442 505 3572 574 Quia

1995 604 2092 645 vos
2122 589 2397 658 obedistis,
2430 592 2519 646 alii
2542 607 2672 647 vero
2694 610 2801 648 non
2831 594 3179 662 obedierunt;
3211 597 3305 651 sed
3332 598 3446 653 sine
3469 599 3570 653 ulla

1997 680 2300 750 suspicione
2328 697 2397 736 ex
2422 681 2663 737 doctrina
2694 699 2789 738 sua
2816 685 2867 739 id
2891 686 3194 741 subiudicat
3219 685 3272 742 in
3300 691 3572 759 sequenti-

1995 770 2117 838 bus,
2148 774 2227 828 sie
2259 774 2510 843 loquens:
2540 776 2593 830 5.
2632 774 2757 831 Volo
2776 787 2943 831 autem
2968 794 3055 833 vos
3075 780 3221 844 scire,
3256 780 3392 845 quod
3413 783 3573 836 omnis

1995 864 2089 917 viri
2117 874 2271 933 caput
2294 863 2523 920 Christus
2543 876 2648 933 est;
2669 878 2823 938 caput
2842 879 3009 923 autem
3035 870 3262 926 mulieris
3290 874 3396 939 vir;
3420 887 3571 939 caput

1995 969 2109 1009 vero
2155 954 2344 1010 Christi
2392 956 2550 1011 Deus.
2600 958 2725 1014 Ilaec
2753 968 2836 1014 est
2863 960 3077 1030 quidem
3104 977 3278 1017 causa:
3304 962 3571 1027 redditio;

1995 1059 2112 1101 eam
2152 1061 2281 1102 vero
2315 1045 2489 1115 affert,
2537 1047 2915 1105 imbecilliores
2959 1051 3194 1107 reddens
3236 1057 3569 1110 attentiores.

1996 1135 2096 1205 Qui
2122 1151 2249 1205 ergo
2289 1136 2460 1193 ﬁdelis
2505 1151 2584 1194 est
2616 1150 2669 1194 et
2713 1139 2886 1205 fortis,
2919 1152 2977 1196 ut
3018 1159 3113 1212 par
3139 1154 3242 1211 est,
3284 1148 3493 1202 ratione
3518 1154 3572 1202 et

1996 1241 2153 1282 causa
2182 1244 2286 1281 non
2313 1240 2432 1298 eget
2460 1245 2556 1299 pro
2582 1231 2646 1284 iis
2670 1248 2789 1300 qnze
2813 1244 3080 1304 pra-cepta
3106 1243 3249 1298 sunt,
3282 1236 3377 1291 sed
3406 1237 3560 1291 suffi—

1995 1318 2068 1373 cit
2095 1319 2169 1373 illi
2207 1322 2319 1375 sola
2360 1321 2611 1377 traditio:
2640 1324 2728 1393 qui
2751 1334 2928 1380 autent
2972 1325 3289 1381 imbecillior
3314 1335 3413 1393 est,
3447 1344 3575 1383 cum

1994 1411 2154 1466 etiam
2184 1428 2400 1467 causam
2447 1414 2717 1483 didicerit,
2752 1424 2877 1473 tunc
2915 1433 3037 1472 cum
3069 1419 3258 1488 majori
3301 1419 3478 1476 studio
3516 1420 3567 1474 id

1994 1503 2133 1572 quod
2171 1504 2369 1560 dictum
2410 1515 2494 1561 est
2536 1509 2743 1573 recitat,
2787 1519 2984 1564 etcum
3027 1526 3215 1580 magna
3259 1512 3569 1581 obsequitur

1991 1595 2288 1650 alacritate.

2059 1685 2116 1739 2.
2148 1686 2374 1758 Ideoque
2398 1704 2611 1745 causam
2639 1708 2743 1746 non
2764 1692 2933 1761 dixit,
2960 1693 3132 1750 donec
3154 1694 3287 1750 vidit
3317 1695 3565 1750 violatum

1991 1791 2112 1832 esse
2140 1780 2468 1834 mandatum.
2502 1782 2757 1849 Qutenatn
2780 1798 2908 1855 ergo
2934 1799 3094 1840 causa
3115 1787 3238 1840 est?
3266 1784 3444 1840 Omnis
3469 1786 3567 1841 viri

1990 1878 2143 1940 caput
2168 1869 2398 1925 Christus
2425 1882 2513 1927 est.
2549 1873 2757 1944 Ergone
2781 1876 2941 1929 etiam
2962 1875 3135 1932 Grteci
3155 1878 3179 1931 ?
3198 1876 3561 1948 Nequaquam.

1988 1958 2121 2014 Nam
2149 1963 2201 2015 si-
2219 1978 2413 2033 corpus
2434 1964 2631 2019 Christi
2666 1981 2851 2021 sumus
2882 1975 2939 2022 et
2966 1968 3203 2022 membra
3226 1982 3290 2023 ex
3313 1979 3482 2037 parte,
3511 1976 3568 2023 et

1990 2052 2091 2108 hac
2126 2054 2332 2109 ratione
2375 2056 2464 2111 ille
2505 2067 2666 2128 caput
2704 2069 2943 2113 nostrum
2985 2068 3103 2124 est;
3145 2075 3332 2115 eorum
3375 2061 3464 2131 qui
3510 2061 3563 2114 in

1989 2161 2216 2217 corpore
2257 2163 2363 2203 non
2415 2161 2540 2203 sunt
2583 2165 2759 2220 neque
2788 2152 3026 2207 membra
3062 2162 3378 2219 censentur,
3407 2161 3567 2222 caput

1989 2239 2080 2294 ille
2101 2254 2204 2294 non
2229 2240 2384 2297 fuerit
2419 2259 2431 2293 :
2456 2252 2780 2313 quapropter
2807 2258 2927 2297 cum
2957 2244 3121 2308 dicit,
3151 2242 3352 2309 Omnis,
3380 2245 3564 2300 subin-

1990 2332 2329 2402 telligendum
2361 2342 2447 2388 est
2471 2333 2673 2389 ﬁdelis.
2693 2334 2941 2390 Vidistin’
2966 2335 3236 2405 quomodo
3259 2350 3419 2405 supra
3446 2336 3562 2392 ubi-

1986 2438 2091 2494 que
2114 2423 2317 2495 pudore
2353 2423 2622 2483 suﬂ‘undat
2648 2426 2987 2482 auditorem?
3014 2426 3149 2482 Nam
3174 2442 3295 2483 cum
3327 2427 3396 2483 de
3421 2428 3560 2482 cari-

1989 2527 2098 2573 tate
2124 2518 2432 2585 dissereret,
2468 2527 2523 2574 et
2548 2533 2669 2574 cum
2694 2519 2764 2575 de
2794 2519 3091 2576 humilitate
3114 2529 3310 2577 etcum
3331 2522 3399 2576 de
3419 2521 3565 2577 elee-

1987 2626 2228 2683 mosyna,
2262 2612 2384 2667 inde
2413 2613 2654 2681 exempla
2677 2612 3115 2685 trahebaLCaput
3140 2624 3307 2669 autem
3330 2615 3558 2669 mulieris

1986 2705 2062 2757 vir
2087 2719 2106 2768 ;
2134 2712 2287 2773 caput
2309 2719 2425 2757 vero
2445 2701 2630 2758 Christi
2657 2702 2814 2757 Deus.
2844 2703 2942 2759 llic
2971 2704 3025 2757 in
3057 2720 3154 2760 nos
3187 2706 3428 2760 insiliunt
3452 2706 3561 2761 Ita:-

1987 2796 2156 2860 retici,
2204 2809 2271 2849 ex
2311 2793 2377 2848 iis
2414 2810 2534 2864 qua:
2560 2793 2700 2848 dicta
2744 2803 2865 2848 sunt
2909 2796 3173 2850 minorem
3220 2808 3339 2850 esse
3364 2797 3558 2851 Filium

1987 2884 2351 2955 excogitantes
2376 2899 2391 2948 ;
2414 2883 2507 2939 sed
2560 2884 2612 2938 in
2642 2885 2848 2954 seipsos
2874 2883 3105 2938 irruunt.
3134 2884 3191 2939 Si
3235 2884 3377 2939 enim
3404 2897 3561 2955 caput

1986 2978 2226 3032 mulieris
2250 2988 2334 3032 est
2358 2977 2440 3032 vir
2459 3016 2475 3041 ,
2506 2976 2853 3047 ejusdemque
2880 2987 2963 3032 est
2989 2978 3298 3032 substantiae
3322 2988 3481 3049 caput
3504 2989 3562 3034 et

1984 3084 2210 3140 corpus;
2239 3080 2397 3139 caput
2422 3084 2550 3124 vero
2578 3068 2774 3124 Christi
2800 3078 2883 3124 est
2929 3069 3092 3137 Deus,
3123 3068 3290 3125 Filius
3319 3070 3558 3140 ejusdem

1983 3177 2142 3236 atque
2184 3164 2341 3219 Pater
2383 3163 2692 3218 substantia:
2734 3172 2835 3218 est.
2865 3163 2954 3229 At,
2998 3163 3262 3233 inquiunt,
3310 3162 3559 3219 nolumus

1985 3259 2108 3314 hinc
2135 3257 2416 3313 ostendere
2444 3256 2586 3327 quod
2609 3257 2830 3312 alterius
2854 3258 2926 3311 sit
2948 3255 3278 3321 substantias,
3301 3257 3395 3313 sed
3416 3261 3556 3329 quod

1983 3368 2013 3405 a
2053 3350 2209 3405 Patre
2244 3350 2556 3419 imperetur.
2589 3347 2726 3415 Quid
2779 3346 2844 3400 ad
2886 3346 2989 3401 hoc
3029 3346 3355 3402 dixerimus?
3404 3348 3556 3416 Quod

1982 3458 2102 3497 eum
2124 3441 2321 3497 humile
2345 3439 2616 3509 quidpiam
2644 3438 2836 3492 dicitur
2854 3436 2923 3492 de
2954 3437 3046 3491 illo
3077 3453 3197 3491 cum
3226 3453 3389 3492 carne
3409 3439 3557 3492 exsi-

1984 3542 2157 3589 stente
2178 3574 2194 3599 ,
2224 3532 2275 3586 id
2302 3530 2444 3601 quod
2492 3530 2828 3593 dicitur,non
2873 3528 2943 3583 sit
2969 3527 3261 3582 divinitatis
3301 3528 3478 3584 vilitas
3505 3539 3562 3584 et

1983 3625 2231 3695 dejectio,
2273 3638 2395 3678 cum
2439 3621 2737 3678 oeconomia
2780 3619 2835 3674 id
2879 3619 3151 3691 suscipiat.
3183 3621 3445 3676 Czeterum
3473 3623 3560 3676 dic

1983 3717 2249 3790 quomodo
2286 3715 2338 3770 id
2366 3728 2507 3769 nunc
2531 3714 2610 3768 vis
2634 3713 2901 3782 probare?
2922 3712 3182 3781 Quoniam
3207 3754 3223 3780 ,
3253 3713 3451 3784 inquit,
3480 3715 3557 3769 si-

1983 3818 2074 3865 cut
2099 3810 2182 3864 vir
2208 3806 2419 3863 mulieri
2451 3807 2712 3875 imperat,
2750 3805 2829 3860 sic
2852 3813 2910 3861 et
2955 3804 3114 3860 Pater
3146 3802 3383 3860 Christo.
3414 3806 3559 3877 Ergo

1983 3903 2119 3957 sicut
2146 3898 2392 3955 Christus
2425 3896 2565 3965 viro,
2597 3896 2675 3950 sic
2700 3896 2858 3951 Pater
2882 3895 3050 3952 Filio:
3083 3897 3245 3950 omnis
3273 3897 3412 3952 enim
3437 3898 3554 3966 viri,

1982 3991 2173 4061 inquit,
2201 3998 2352 4062 caput
2379 3987 2607 4043 Christus
2637 3996 2730 4043 est.
2747 3988 2940 4059 Ecquis
2969 3988 3084 4043 luce
3112 4004 3360 4059 umquam
3387 3989 3558 4045 admi-

1980 4084 2146 4139 serit?
2165 4083 2218 4138 Si
2246 4082 2388 4138 enim
2415 4088 2669 4153 quantum
2691 4097 2789 4136 nos
2814 4081 3060 4136 Christus
3087 4093 3324 4152 superat,
3350 4092 3557 4138 tantum

1982 4177 2137 4232 Pater
2165 4176 2398 4240 Filium;
2421 4175 2595 4245 cogita
2626 4190 2675 4229 tu
2706 4186 2958 4244 quantam
2986 4177 3159 4245 ipsum
3187 4176 3409 4230 deducis
3435 4179 3555 4230 vili-

1982 4279 2165 4325 tatem.
2214 4269 2394 4339 Itaque
2445 4283 2551 4321 non
2602 4268 2782 4321 omnia
2829 4267 2989 4320 simul
3035 4275 3162 4321 sunt
3203 4268 3555 4321 examinanda

1982 4365 2121 4419 inter
2151 4376 2247 4415 nos
2276 4371 2329 4415 et
2351 4361 2528 4414 'Deum
2554 4399 2569 4424 ,
2618 4360 2825 4413 etiamsi
2858 4359 3103 4413 similiter
3140 4358 3420 4426 dicantur;
3460 4362 3558 4415 sed

1983 4452 2259 4508 tribuenda
2307 4459 2389 4503 est
2430 4451 2536 4503 Deo
2578 4448 2791 4518 propria
2834 4448 3074 4517 quadam
3125 4449 3458 4515 excellentia,
3503 4460 3559 4505 et

1982 4553 2127 4599 tanta
2152 4551 2347 4613 quanta
2380 4542 2489 4597 Deo
2512 4550 2800 4610 competat.
2835 4539 2969 4596 Nam
2997 4541 3041 4595 si
3069 4540 3173 4597 hoc
3198 4557 3303 4597 non
3334 4558 3550 4600 conces-

1982 4636 2149 4691 serint
2175 4676 2192 4701 ,
2231 4633 2393 4688 multa
2419 4641 2710 4704 sequentur
2740 4632 2989 4688 absurda.
3026 4633 3305 4704 Perpende
3330 4646 3542 4692 autem:

1981 4736 2139 4797 caput
2176 4726 2370 4782 Christi
2399 4725 2573 4792 Deus,
2608 4725 2695 4780 hic
2723 4734 2900 4780 autem
2932 4725 3031 4779 viri
3077 4735 3132 4781 et
3159 4726 3251 4782 ille
3288 4730 3547 4785 mulieris.

1983 4822 2122 4892 Ergo
2149 4821 2192 4876 si
2222 4821 2274 4874 in
2313 4820 2562 4874 omnibus
2587 4818 2832 4873 similiter
2857 4827 3017 4888 caput
3044 4820 3371 4890 accipiamus
3391 4864 3406 4887 ,
3435 4831 3552 4876 tan—

1979 4924 2088 4969 tum
2116 4912 2333 4968 distabit
2360 4912 2523 4967 Filius
2541 4926 2573 4965 a
2604 4910 2781 4976 Patre,
2813 4919 3067 4981 quantum
3088 4927 3186 4967 nos
3205 4927 3236 4966 a
3264 4912 3419 4967 Filio.
3448 4914 3554 4970 Sed

1980 5007 2139 5061 etiam
2158 5005 2351 5060 mulier
2377 5012 2582 5058 tantum
2611 5018 2640 5056 a
2672 5004 2825 5059 nobis
2849 5004 3088 5071 distabit,
3111 5014 3366 5074 quantum
3396 5022 3495 5060 nos
3525 5025 3554 5061 a

1980 5099 2088 5152 Deo
2115 5097 2332 5161 Verbo;
2365 5104 2419 5150 et
2446 5094 2586 5165 quod
2613 5103 2696 5149 est
2719 5094 2887 5150 Filius
2929 5111 3054 5165 erga
3084 5095 3295 5150 Patrem
3323 5137 3338 5163 ,
3371 5097 3473 5152 hoc
3503 5109 3559 5154 et

1982 5206 2079 5243 nos
2098 5190 2297 5244 erimus
2313 5203 2436 5258 erga
2462 5186 2676 5252 Filium,
2698 5197 2752 5240 et
2779 5187 2970 5241 mulier
2999 5201 3185 5241 rursus
3211 5203 3335 5259 erga
3357 5190 3554 5247 virum.

1984 5279 2174 5348 Ecquis
2204 5278 2306 5332 hoc
2338 5277 2514 5332 ierat?
2542 5275 2645 5331 Sed
2675 5276 2781 5330 alio
2807 5275 2966 5330 modo
2997 5276 3049 5331 in
3093 5277 3318 5334 muliere
3362 5291 3417 5336 et
3441 5283 3558 5337 viro

1981 5381 2140 5442 caput
2167 5371 2361 5440 accipis
2386 5411 2400 5434 ,
2429 5384 2585 5439 quam
2622 5369 2673 5422 in
2705 5368 2953 5423 Christo?
2978 5369 3159 5439 Itaque
3186 5371 3239 5426 in
3261 5371 3398 5428 Filio
3421 5383 3476 5429 et
3502 5376 3554 5427 in

1983 5466 2156 5527 Patre,
2188 5463 2342 5518 aliter
2366 5463 2518 5516 nobis
2543 5461 2906 5531 accipiendum
2929 5471 3029 5517 est.
3068 5463 3135 5518 Et
3154 5465 3444 5534 quomodo,
3474 5467 3556 5518 in-

1981 5559 2152 5626 quies,
2199 5563 2282 5609 est
2314 5553 2471 5607 aliter
2515 5553 2923 5622 accipiendum?
2964 5554 3272 5611 Secundum
3313 5570 3552 5609 causam.

1980 5648 2111 5700 Nam
2155 5647 2198 5699 si
2230 5645 2508 5713 imperium
2552 5655 2606 5699 et
2648 5646 3035 5713 subjectionem
3065 5650 3323 5704 voluisset
3355 5646 3551 5699 Paulus

1979 5738 2156 5793 dicere
2182 5778 2197 5800 ,
2229 5746 2285 5788 ut
2310 5742 2363 5788 tu
2394 5735 2527 5788 dicis
2550 5776 2563 5798 ,
2591 5750 2696 5788 non
2736 5735 3012 5789 mulierem
3052 5737 3103 5789 in
3144 5735 3378 5791 medium
3421 5749 3555 5802 pro-

1984 5827 2238 5894 duxisset,
2254 5825 2539 5900 sedqpotius
2553 5841 2761 5884 servum
2776 5834 2830 5882 et
2855 5827 3148 5882 dominum.
3173 5825 3390 5880 Etiamsi
3416 5828 3560 5882 enim

3120 5928 3189 5985 1's
