3990 6168
411 305 531 359 315

431 421 620 474 mulier
647 415 801 472 nobis
825 413 1061 484 subjecta
1088 410 1177 470 sit.
1199 406 1292 462 sed
1321 413 1378 460 ιιι
1404 403 1614 466 mulier,
1635 396 1727 452 sed
1760 407 1813 448 ιιι
1839 394 2001 446 libera

430 526 485 568 et
533 522 588 567 ut
626 524 724 578 par
765 507 989 562 honore.
1036 501 1104 558 Et
1133 500 1300 555 Filius
1343 509 1554 567 quoque
1594 491 1698 546 etsi
1739 488 1880 542 Patri
1910 485 2006 537 fuit

431 577 690 660 obediens
715 645 729 667 ,
766 599 858 655 sed
883 608 941 654 ttt
967 596 1134 652 Filius
1166 593 1258 648 Dei
1286 634 1300 656 ,
1330 590 1423 644 sed
1454 598 1510 642 ut
1544 587 1701 640 Deus.
1742 577 2008 647 Quemad-

433 699 650 753 modum
681 695 821 751 cnim
863 690 1001 746 Filio
1032 687 1202 756 major
1230 692 1312 739 est
1341 679 1691 750 obsequentia
1741 689 1863 743 erga
1910 671 2007 726 Pa—

431 805 571 846 trem
598 832 612 853 ,
645 803 803 858 quam
851 783 1157 839 hominibus
1185 794 1306 848 erga
1337 775 1608 845 genitores
1639 783 1766 824 suos
1796 784 1808 819 :
1841 767 1918 858 sic
1954 773 2009 817 et

411 857 873 950 ilibertasrmajor.
904 876 1088 946 Neque
1118 873 1260 927 enim
1292 869 1411 925 Filii
1441 880 1566 934 erga
1598 864 1807 918 Patrem
1835 857 2007 912 officia

436 975 639 1045 majora
666 983 722 1029 et
751 970 918 1040 magis
958 967 1186 1037 genuina
1215 970 1340 1016 sunt
1375 975 1533 1030 quam
1565 954 1701 1025 apud
1733 951 2008 1013 homines,

437 1068 614 1122 Patris
650 1079 779 1120 vero
823 1077 947 1132 erga
979 1059 1169 1115 Filium
1217 1057 1440 1111 minora.
1483 1050 1539 1108 Si
1588 1049 1728 1104 enim
1759 1045 2013 1100 miramur

430 1162 629 1217 Filium
659 1157 798 1229 quod
825 1155 1107 1218 obedicrit,
1140 1153 1208 1206 ita
1241 1159 1298 1204 ut
1317 1162 1486 1218 usque
1510 1144 1576 1199 ad
1606 1151 1833 1197 mortem
1855 1153 2016 1193 vene-

435 1257 527 1318 rit,
574 1265 630 1308 et
670 1259 898 1308 mortem
951 1249 1146 1313 crucis,
1187 1254 1240 1299 et
1284 1243 1388 1298 hoc
1433 1253 1680 1309 magnum
1736 1234 2015 1287 statuimus

442 1346 792 1407 miraculum;
825 1343 1036 1396 Patrem
1063 1351 1273 1408 quoque
1304 1334 1484 1389 mirari
1510 1339 1740 1401 oportet,
1767 1326 1906 1396 quod
1936 1337 2014 1378 ta-

440 1442 544 1495 lem
570 1438 834 1509 genuerit,
868 1451 973 1489 non
1001 1444 1060 1487 ut
1085 1446 1297 1488 servum
1320 1429 1405 1483 cui
1437 1427 1812 1496 imperaretur,
1843 1421 1934 1476 sed
1961 1431 2019 1474 ut

443 1532 668 1586 liberum
721 1525 1062 1582 obedientem
1111 1531 1168 1576 et
1219 1517 1579 1574 consiliarium
1625 1533 1636 1568 :
1687 1511 2019 1568 consiliarius

441 1622 582 1674 enim
611 1633 717 1673 non
745 1626 828 1672 est
855 1631 1061 1670 servus.
1097 1609 1468 1666 Consiliarium
1511 1622 1636 1661 vero
1662 1616 1848 1658 rursus
1887 1616 2007 1654 cum

441 1713 692 1774 audieris,
725 1726 792 1764 ne
819 1711 891 1763 ita
920 1706 1105 1760 audias
1135 1703 1283 1773 quasi
1314 1701 1471 1754 Pater
1499 1699 1678 1767 aliquo
1709 1704 1883 1765 egeat,
1918 1691 2013 1746 sed

444 1806 593 1876 quasi
620 1804 784 1858 Filius
813 1803 957 1872 paris
978 1814 1098 1853 cum
1121 1797 1376 1852 Genitore
1403 1791 1621 1845 honoris
1645 1789 1733 1842 sit.
1761 1787 1840 1842 Ne
1864 1786 2022 1856 igitur

445 1875 746 1966 exemplum
777 1894 874 1948 viri
894 1903 947 1947 et
975 1889 1212 1945 mulieris
1237 1887 1304 1941 ad
1329 1885 1506 1938 omnia
1539 1879 1836 1952 pertraltas.
1867 1875 2019 1948 Apud

447 2007 543 2044 nos
571 1989 713 2044 enim
736 1986 860 2056 jure
901 1983 1093 2038 mulier
1131 1979 1369 2048 subjecm
1400 1985 1483 2031 cst
1508 1975 1623 2027 viro
1655 1991 1666 2026 :
1701 1987 1821 2026 nam
1851 1969 2022 2023 hono-

448 2083 522 2136 ris
545 2078 821 2150 aequalitas
853 2073 1251 2130 contentionem
1302 2067 1442 2138 parit
1491 2084 1503 2118 :
1547 2079 1717 2134 neque
1758 2063 1878 2116 ideo
1909 2070 2022 2114 tan-

449 2182 582 2236 tum,
616 2171 707 2223 sed
730 2168 891 2221 etiam
913 2172 1132 2234 propter
1162 2160 1532 2230 deceptionem
1565 2171 1683 2225 qua:
1713 2154 1863 2208 initio
1891 2167 2022 2208 con-

442 2263 586 2334 tigit.
637 2261 925 2329 Propterea
985 2271 1105 2310 cum
1161 2252 1378 2324 quidem
1435 2250 1571 2303 facta
1638 2246 1862 2309 fuisset,
1919 2259 2022 2298 non

441 2355 628 2407 statim
669 2349 904 2419 subjecta
937 2346 1035 2400 fuit
1063 2363 1078 2412 ;
1106 2358 1426 2415 nequecura
1461 2342 1602 2394 illam
1630 2337 1698 2393 ad
1726 2339 1898 2392 virum
1926 2337 2022 2391 ad-

449 2445 617 2508 duxit,
652 2456 824 2512 neque
852 2440 938 2493 illa
969 2442 1071 2493 tale
1101 2437 1372 2508 quidpiam
1409 2450 1437 2488 a
1466 2435 1575 2488 Deo
1604 2433 1824 2495 audivit,
1856 2445 2026 2501 neque

452 2538 530 2590 vir
555 2536 626 2588 illi
654 2533 923 2604 quidpiam
949 2531 1123 2586 simile
1143 2529 1312 2593 dixit;
1343 2528 1436 2584 sed
1466 2535 1669 2580 tantum
1696 2524 1837 2595 quod
1864 2538 1924 2576 os
1956 2539 2022 2576 ex

443 2629 669 2684 ossibus
699 2626 838 2697 ejus,
883 2637 935 2680 et
976 2640 1103 2679 caro
1152 2638 1217 2677 ex
1265 2621 1513 2676 carnibus
1555 2619 1672 2686 ejus
1713 2627 1856 2672 esset
1896 2615 2031 2670 dixit

454 2720 629 2791 (Gen.
660 2718 716 2773 2.
745 2716 885 2788 25);
921 2716 1127 2786 imperii
1158 2723 1334 2769 autem
1379 2721 1470 2767 aut
1499 2710 1848 2781 Subjectionis
1891 2708 2028 2779 apud

453 2812 597 2867 illam
630 2826 733 2866 non
764 2808 1029 2864 meminit.
1057 2804 1283 2874 Quando
1309 2813 1486 2858 autem
1516 2801 1656 2857 male
1705 2816 1796 2855 usa
1828 2809 1912 2855 est
1939 2816 2032 2870 po-

448 2914 669 2965 testate,
698 2913 752 2958 et
774 2918 890 2973 qua:
913 2901 1144 2969 adiutrix
1177 2899 1314 2952 facta
1359 2897 1569 2961 fuerat,
1604 2895 1900 2949 insidiatrix
1937 2895 2031 2948 dc-

458 2999 723 3070 prehensa
751 3007 856 3061 est,
885 3005 940 3050 et
966 2993 1143 3048 omnia
1173 2991 1442 3062 perdidit;
1472 2998 1598 3044 tunc
1614 2988 1758 3057 juste
1783 2987 1985 3041 audivit
2019 3005 2031 3041 :

466 3092 546 3143 Ad
574 3089 734 3142 virum
757 3097 899 3140 tuum
931 3083 1186 3138 conversio
1211 3092 1298 3135 tua
1327 3079 1480 3150 (Gen.
1511 3080 1564 3134 5.
1598 3076 1708 3149 16).
1733 3078 1864 3144 Quia
1895 3077 2034 3132 enim

459 3181 751 3238 verisimile
779 3187 894 3234 erat
929 3186 1202 3247 peccatum
1234 3173 1337 3228 hoc
1363 3173 1558 3228 bellum
1598 3171 1874 3226 illaturum
1915 3185 2036 3226 esse

462 3277 516 3330 in
545 3287 712 3344 genus
741 3279 981 3326 nostrum
1013 3270 1030 3336 (
1057 3283 1230 3337 neque
1274 3267 1417 3321 enim
1456 3264 1520 3318 ad
1571 3278 1751 3333 pacem
1787 3262 2034 3332 juvisset,

461 3364 601 3435 quod
633 3363 722 3418 illa
742 3377 807 3418 ex
832 3363 946 3430 ipso
973 3369 1114 3414 esset
1135 3357 1294 3420 facta,
1322 3371 1442 3412 cum
1474 3355 1573 3409 hoc
1593 3354 1876 3408 accidisset
1900 3371 1914 3420 ;
1943 3353 2035 3408 sed

465 3459 566 3513 hoc
593 3457 764 3528 ipsum
797 3454 956 3509 etiam
980 3452 1149 3505 virum
1177 3449 1504 3520 asperiorem
1537 3446 1871 3506 reddidisset,
1898 3445 2036 3515 quod

460 3567 581 3622 qua:
601 3566 668 3607 ex
689 3550 804 3620 ipso
832 3546 968 3602 facta
997 3545 1187 3608 fuerat,
1214 3557 1281 3596 ne
1303 3541 1547 3596 membro
1577 3537 1793 3608 quidem
1823 3552 1921 3592 suo
1949 3552 2038 3607 pe-

469 3641 761 3712 percisset)
788 3659 802 3706 ;
835 3654 956 3694 cum
985 3635 1186 3692 diaboli
1208 3632 1596 3703 malignitatem
1624 3629 1830 3686 videret
1862 3629 2002 3683 Deus
2023 3669 2036 3691 ,

469 3739 570 3790 huc
597 3734 815 3789 verbum
847 3730 996 3800 quasi
1025 3742 1232 3783 murum
1278 3723 1565 3795 opposuit,
1599 3733 1653 3777 et
1687 3721 2036 3784 inimicitiam,

463 3844 586 3897 qua:
624 3841 690 3879 ex
731 3822 937 3877 insidiis
966 3819 1166 3874 oritura
1213 3825 1348 3881 erat,
1402 3830 1498 3884 per
1545 3816 1680 3868 hanc
1723 3811 2042 3867 sententiam

469 3917 707 3980 sustulit,
741 3915 937 3968 innata:
970 3907 1418 3978 concupiscentiae
1445 3905 1596 3975 quasi
1629 3904 1804 3958 medio
1838 3902 2040 3972 pariete

471 4011 704 4082 deiecto,
735 4021 872 4072 eam,
907 4018 1026 4073 qua:
1057 4017 1124 4056 ex
1165 4008 1385 4071 peccato
1415 4007 1529 4051 orta
1560 4006 1694 4061 erat,
1731 3995 1935 4063 injuria:
1959 4007 2046 4047 ac-

475 4114 645 4174 cepta:
687 4096 1113 4155 recordationem
1157 4090 1392 4146 abstulit.
1428 4088 1530 4143 Sed
1564 4089 1614 4141 in
1657 4087 1763 4141 Deo
1785 4095 1840 4139 et
1869 4085 2046 4138 incor-

474 4204 626 4264 rupta
648 4188 943 4246 substantia
973 4187 1082 4251 illa,
1110 4181 1245 4239 nihil
1275 4182 1399 4236 licet
1426 4177 1730 4248 bujusmodi
1761 4176 2043 4246 suspicari.

475 4287 550 4341 Ne
581 4299 712 4355 ergo
757 4282 824 4337 de
872 4278 1122 4335 omnibus
1167 4274 1409 4345 exempla
1454 4272 1685 4341 accipias
1731 4284 1894 4324 :nam
1923 4268 2047 4323 alibi

477 4394 689 4451 quoque
713 4376 880 4432 multa
911 4373 1036 4428 hinc
1061 4370 1240 4442 gravia
1276 4376 1569 4423 occurrent
1595 4375 1810 4436 peccata
1843 4381 1856 4416 :
1889 4362 2051 4433 siqui-

479 4478 599 4526 dem
638 4481 692 4525 et
730 4470 780 4522 in
809 4465 1033 4522 exordio
1061 4461 1301 4533 epistola:
1342 4461 1553 4515 dicebat
1603 4477 1614 4512 :
1660 4457 1844 4511 Omnia
1889 4465 2052 4510 vestra

481 4573 615 4625 sttui,
647 4576 733 4613 vos
759 4568 926 4612 autem
956 4556 1180 4621 Christi,
1213 4554 1443 4608 Christus
1465 4568 1578 4606 vero
1611 4550 1704 4604 Dei
1732 4553 1809 4623 (i.
1839 4549 1958 4604 Cor.
1993 4551 2046 4604 ’5.

470 4656 568 4714 9.2.
597 4653 668 4706 es
694 4657 732 4721 ).

555 4744 608 4796 5.
639 4741 776 4809 Quid
818 4739 988 4809 ergo?
1016 4738 1330 4792 similiter-ne
1371 4735 1548 4789 omnia
1580 4743 1758 4788 nostra
1789 4743 1930 4799 sunt,
1961 4750 2057 4790 nos

489 4835 682 4889 tLln-isti
711 4843 765 4890 et
788 4833 1034 4888 Christus
1066 4831 1155 4884 Dei
1187 4829 1210 4881 ?
1235 4829 1576 4898 Nequaquam
1599 4843 1612 4889 ;
1633 4825 1725 4881 sed
1750 4826 1850 4881 illis
1874 4828 2056 4894 etiam,

486 4930 573 4998 qui
603 4925 756 4981 valde
779 4925 1094 4993 insipientes
1114 4931 1256 4982 sunt.
1286 4931 1407 4975 nota
1430 4929 1511 4974 est
1534 4918 1853 4983 differentia,
1875 4919 2061 4974 etiam-

487 5025 529 5077 μὶ
567 5023 668 5076 hoc
697 5019 900 5076 dictum
930 5017 999 5073 de
1023 5016 1175 5071 nobis
1196 5055 1212 5081 ,
1241 5014 1309 5069 de
1339 5015 1447 5068 Deo
1474 5022 1527 5068 et
1547 5012 1615 5068 de
1639 5013 1854 5068 Christo
1881 5011 2060 5082 profe-

493 5131 654 5170 ratur.
688 5117 756 5170 Ει
779 5115 905 5170 alibi
929 5128 1051 5168 eum
1088 5112 1256 5165 virum
1287 5118 1447 5179 caput
1473 5109 1712 5165 mulieris
1742 5125 1862 5164 esse
1893 5109 2063 5164 dixis-

496 5219 598 5272 set.
623 5209 893 5276 subiunxit
925 5225 940 5260 :
973 5207 1120 5261 Sicut
1149 5205 1394 5260 Christus
1417 5215 1498 5258 cst
1542 5212 1703 5272 caput
1731 5213 1784 5258 et
1822 5203 2066 5259 Salvator

476 5301 744 5355 -l-Ice2esia:
780 5309 840 5353 et
875 5297 1146 5360 defensor,
1199 5299 1277 5350 sic
1312 5305 1369 5350 et
1401 5296 1480 5349 vir
1525 5294 1684 5349 debet
1735 5294 1916 5348 uxoris
1958 5309 2067 5347 suae

494 5411 613 5449 esse
657 5391 869 5462 (Ephcs.
898 5390 950 5444 5.
982 5390 1071 5444 25.
1104 5387 1232 5458 2i).
1266 5387 1524 5442 Similiter
1555 5387 1714 5455 igitur
1743 5386 2066 5456 accipiemus

485 5493 699 5545 dictum
725 5494 780 5541 et
800 5483 901 5540 hoc
924 5491 978 5537 et
997 5481 1174 5535 omnia
1202 5495 1321 5548 qum
1353 5489 1472 5547 post
1497 5480 1696 5547 scripta
1722 5489 1849 5532 sunt
1877 5476 2059 5546 Ephe~

497 5585 590 5637 siis
637 5579 705 5634 de
747 5577 850 5632 hoc
891 5574 1247 5644 argumento?
1292 5571 1444 5626 Absit
1493 5589 1506 5625 :
1553 5586 1724 5640 neque
1769 5570 1908 5624 enim
1957 5569 2070 5623 ﬁeri

493 5681 690 5739 potest.
717 5669 847 5724 Nam
869 5666 1055 5722 eadem
1077 5663 1288 5734 quidem
1312 5662 1470 5716 verba
1495 5660 1834 5730 proferuntur
1866 5659 1933 5714 de
1963 5659 2072 5713 Deo

489 5779 552 5818 «ιι
581 5764 648 5818 de
678 5761 980 5818 hominibus
1008 5775 1022 5825 ;
1055 5755 1147 5814 sed
1179 5755 1283 5812 alio
1315 5752 1472 5810 modo
1492 5751 1604 5820 illa,
1636 5752 1741 5806 alio
1773 5753 1886 5806 hnc
1916 5751 2070 5806 intel-

1127 296 1182 350 S.
1223 287 1500 349 JOANNIS
1532 271 2358 341 CHRYSOSTOMLARCIIIEP.
2397 270 2927 329 CONSTANTINOP.

3570 268 3676 323 Siti

2114 388 2320 457 ligenda
2346 398 2504 452 sunt;
2531 405 2631 446 nec
2659 400 2831 446 tamen
2855 399 3042 446 rursus
3067 392 3244 446 omnia
3270 391 3484 447 diverse
3519 409 3533 447 :
3563 409 3684 447 nam

2108 493 2294 533 rursus
2323 488 2521 535 temere
2551 491 2604 536 et
2632 481 2824 536 frustra
2859 491 3077 552 accepta
3106 482 3454 548 videbuntur,
3477 483 3522 538 si
3552 483 3684 540 nihil

2111 584 2206 622 nos
2238 568 2439 625 fructus
2468 571 2662 627 abillis
2686 575 2984 629 tulerimus.
3016 575 3167 628 Sicut
3196 576 3336 628 enim
3369 592 3476 630 nou
3506 579 3684 631 omnia

2110 663 2354 717 similiter
2392 675 2518 719 sunt
2545 666 2850 735 accipienda
2877 710 2891 731 ,
2920 668 2996 722 sic
3027 682 3126 722 nec
3151 668 3330 723 omnia
3360 677 3565 726 temere
3601 687 3684 726 re-

2106 755 2359 824 jicienda.
2416 756 2484 812 Ut
2529 768 2705 812 autem
2761 760 2811 814 id
2861 758 3004 830 quod
3054 759 3176 814 dico
3227 761 3424 816 clarius
3474 761 3686 826 evadat,

2111 850 2360 919 exemplo
2405 851 2454 904 id
2495 852 2668 920 palam
2703 852 2876 908 facere
2917 853 3172 908 conabor.
3206 853 3389 909 Dictus
3425 865 3508 910 est
3530 867 3689 926 caput

2114 942 2368 998 Ecclesiae
2399 944 2680 999 Christus:
2711 949 2753 1000 si
2786 947 2914 1000 nihil
2962 947 3249 1002 humanum
3279 963 3560 1019 accepero,
3589 966 3690 1006 cur

2116 1033 2217 1087 hoc
2250 1035 2376 1088 mihi
2403 1035 2600 1090 dictum
2630 1039 2753 1092 est?
2784 1039 2987 1092 Rursus
3005 1040 3050 1093 si
3070 1041 3249 1094 omnia
3273 1026 3508 1095 humana
3528 1056 3688 1098 acce-

2117 1141 2267 1194 pero,
2300 1128 2462 1181 multa
2493 1139 2853 1199 consequetur
2875 1131 3175 1186 absurditas
3207 1151 3218 1185 :
3245 1147 3367 1186 nam
3400 1133 3586 1187 iisdem
3608 1144 3692 1190 est

2117 1218 2456 1286 passionibus
2481 1221 2771 1276 obnoxium
2798 1233 2976 1292 caput,
3005 1225 3196 1294 quibus
3223 1240 3442 1294 corpus,
3476 1227 3688 1282 iisdem-

2117 1325 2223 1379 que
2251 1311 2354 1366 erit
2382 1312 2689 1367 obnoxium.
2718 1314 2851 1380 Quid
2874 1329 3004 1385 ergo
3031 1316 3462 1385 relinquendum,
3491 1325 3544 1370 et
3562 1318 3687 1387 quid

2119 1403 2521 1471 accipiendum?
2547 1405 2911 1476 Relinquenda
2935 1407 3145 1475 quidem
3174 1417 3299 1462 sunt
3318 1424 3380 1462 ea
3413 1423 3533 1479 qua:
3559 1409 3688 1473 dixi,

2120 1495 2428 1564 accipienda
2460 1505 2639 1551 autem
2675 1508 2759 1552 est
2792 1496 3025 1567 perfecta
3074 1499 3198 1552 unio
3228 1509 3281 1553 et
3303 1514 3465 1554 causa
3497 1508 3551 1554 et
3589 1501 3694 1568 pri-

2122 1602 2267 1648 mum
2298 1587 2635 1658 principium.
2689 1589 2874 1658 Neque
2900 1591 3013 1644 haec
3045 1599 3280 1656 temere;
3311 1592 3403 1646 sed
3432 1591 3519 1645 hic
3556 1607 3690 1662 quo-

2120 1694 2223 1750 que
2245 1678 2294 1733 id
2317 1679 2458 1749 quod
2483 1680 2652 1751 majus
2679 1691 2762 1736 est
2777 1690 2831 1736 et
2854 1681 2963 1736 Deo
2980 1683 3302 1736 conveniens
3317 1684 3660 1753 cogitandum
3680 1701 3693 1736 :

2124 1788 2244 1826 nam
2267 1782 2322 1826 et
2371 1773 2496 1827 uuio
2535 1774 2696 1828 tutior
2735 1782 2789 1828 et
2819 1774 3136 1844 principium
3182 1775 3546 1829 bonorabilius
3593 1786 3692 1830 est.

2124 1864 2326 1920 Rursus
2355 1865 2600 1920 audivisti
2633 1866 2825 1920 Filium
2859 1884 2870 1918 :
2902 1882 2968 1922 ne
2995 1867 3082 1921 hic
3118 1883 3332 1938 quoque
3353 1871 3528 1923 omnia
3559 1871 3702 1924 acci-

2126 1956 2259 2025 pias,
2293 1971 2466 2025 neque
2491 1960 2667 2012 omnia
2691 1960 2901 2029 rejicias
2927 1976 2941 2023 ;
2972 1960 3064 2015 sed
3092 1961 3156 2015 iis
3175 1977 3294 2032 qua:
3315 1962 3477 2016 Deum
3509 1961 3706 2018 decent

2124 2048 2376 2119 acceptis.
2408 2051 2549 2120 quod
2577 2051 2647 2106 sit
2673 2054 3168 2121 consubstantialis,
3187 2054 3324 2125 quod
3357 2071 3423 2110 ex
3451 2057 3568 2126 ipso
3595 2058 3700 2122 sit;

2125 2157 2243 2212 qum
2284 2143 2510 2198 absurda
2565 2155 2621 2200 et
2658 2163 2774 2214 qure
2807 2147 3130 2202 infirmitatis
3175 2148 3421 2205 humana:
3465 2162 3610 2214 sunt.
3652 2153 3702 2206 in

2129 2245 2270 2291 terra
2302 2237 2565 2307 relinque.
2597 2239 2803 2295 Rursus
2835 2240 2974 2295 Deus
3002 2241 3092 2295 lux
3119 2242 3292 2298 dictus
3319 2243 3413 2296 fuit
3452 2262 3464 2297 :
3494 2259 3698 2313 ergone

2128 2330 2305 2383 omnia
2350 2345 2684 2386 assumemus
2723 2349 2843 2402 quat:
2891 2333 2957 2387 ad
3000 2333 3138 2389 hanc
3179 2336 3346 2390 Ιιιουιιι
3393 2336 3704 2404 pertinent?

2129 2421 2344 2476 Minime
2375 2423 2496 2477 :illa
2525 2424 2718 2495 quippe
2741 2426 2970 2480 tenebris
2991 2436 3045 2482 et
3073 2427 3191 2483 loco
3215 2429 3671 2485 circumscribitur
3688 2471 3704 2495 ,

2131 2520 2184 2566 et
2213 2513 2384 2567 altera
2429 2515 2480 2568 vi
2527 2527 2773 2570 movetur
2801 2527 2851 2571 et
2882 2518 3234 2573 obumbratur
3260 2537 3274 2574 :
3319 2535 3544 2590 quorum
3576 2524 3705 2577 nihil

2132 2620 2200 2658 ne
2228 2605 2462 2674 cogitare
2504 2607 2716 2676 quidem
2750 2609 2872 2662 lic’et
2911 2609 2978 2664 de
3019 2610 3108 2664 illa
3150 2612 3404 2666 essentia.
3438 2612 3541 2667 Sed
3594 2630 3701 2668 non

2134 2694 2255 2749 ideo
2311 2697 2487 2750 omnia
2541 2698 2854 2766 ejiciemus,
2904 2716 3090 2755 verum
3136 2703 3404 2773 quidpiam
3461 2706 3592 2759 utile
3644 2706 3711 2759 ab

2135 2789 2379 2858 cxctuplo
2406 2788 2790 2858 decerpemus;
2826 2792 3266 2849 illuminationem
3314 2811 3433 2864 quze
3456 2812 3484 2850 a
3522 2798 3630 2851 Deo
3659 2798 3712 2853 in

2134 2895 2233 2934 nos
2259 2890 2466 2947 manat,
2498 2881 2867 2936 liberationem
2890 2899 2918 2936 a
2968 2885 3201 2940 tenebris
3232 2901 3299 2940 ex
3329 2887 3417 2940 illa
3445 2888 3709 2958 colligen-

2137 2979 2237 3024 tes.
2285 2971 2352 3025 Et
2395 2971 2509 3026 11]ξο
2549 2972 2762 3043 quidem
2803 2959 3062 3031 adversus
3093 2976 3410 3044 haereticos;
3438 2979 3550 3050 jam
3588 2997 3713 3036 vero

2139 3073 2305 3118 totum
2338 3064 2508 3118 locum
2533 3074 2857 3134 pertractare
2885 3084 3018 3138 opus
3045 3077 3146 3124 est.
3175 3070 3439 3127 Fortassis
3466 3075 3609 3130 enim
3630 3075 3715 3130 hic

2137 3155 2401 3224 quispiam
2456 3160 2806 3227 qurestionem
2857 3163 3103 3230 moverit,
3149 3164 3287 3233 apud
3326 3181 3384 3221 se
3429 3182 3712 3237 quaerens,

2139 3246 2279 3315 quod
2311 3247 2513 3302 crimen
2543 3261 2658 3303 erat
2694 3251 2945 3306 mulieres
2983 3253 3193 3308 detecto
3215 3297 3229 3321 ,
3261 3257 3403 3310 viros
3446 3266 3585 3311 tecto
3615 3275 3712 3312 ca-

2140 3341 2250 3408 pite
2280 3340 2436 3395 esse?
2475 3341 2626 3406 Quod
2670 3343 2740 3397 sit
2775 3345 2976 3399 crimen
3028 3345 3176 3409 illud,
3223 3346 3346 3402 hinc
3391 3348 3502 3419 jam
3549 3350 3716 3406 disce.

2140 3432 2296 3502 Signa
2324 3435 2444 3490 data
2475 3446 2597 3490 sunt
2625 3437 2738 3492 viro
2768 3447 2822 3492 et
2850 3439 3057 3493 mulieri
3089 3442 3249 3494 multa
3281 3442 3382 3496 alia
3409 3483 3424 3505 ,
3454 3442 3530 3497 illi
3553 3444 3720 3513 impe-

2142 3529 2228 3595 rii,
2259 3530 2384 3584 huic
2411 3529 2758 3597 subjectionis
2787 3547 2800 3582 :
2833 3546 2952 3584 cum
2984 3529 3065 3583 his
3092 3541 3270 3585 autem
3299 3541 3353 3586 et
3380 3532 3511 3587 illud
3539 3575 3553 3597 ,
3577 3533 3718 3604 quod

2144 3623 2227 3675 illa
2259 3621 2470 3692 quidem
2507 3632 2728 3692 tegatur,
2767 3623 2850 3675 hic
2880 3638 3007 3677 vero
3032 3624 3173 3677 nudo
3199 3623 3373 3693 capite
3394 3625 3484 3679 sit.
3516 3626 3570 3680 Si
3592 3641 3722 3694 ergo

2142 3715 2289 3784 signa
2337 3715 2446 3768 sint
2498 3713 2648 3778 haec,
2709 3714 2866 3769 ambo
2908 3725 3166 3785 peccant,
3213 3715 3455 3770 ordinem
3503 3717 3724 3771 turban-

2147 3817 2225 3861 tes
2254 3817 2308 3861 et
2344 3808 2433 3860 Dei
2482 3817 2804 3877 pru'ceplum
2854 3807 3206 3878 propriosque
3253 3808 3576 3863 excedentes
3619 3820 3727 3863 ter-

2147 3901 2355 3960 minos;
2393 3899 2482 3952 ille
2524 3899 2737 3968 quidem
2788 3899 3039 3954 decidens
3069 3900 3120 3954 in
3166 3900 3404 3955 mulieris
3442 3900 3724 3967 vilitatem,

2148 3991 2235 4043 illa
2266 3999 2440 4042 autetn
2474 3991 2523 4042 in
2557 3989 2724 4042 virum
2754 3989 3032 4059 insurgens
3059 4006 3153 4059 per
3197 3991 3458 4045 habitum.
3490 3991 3546 4047 Si
3579 3993 3724 4047 enim

2147 4090 2348 4136 vestem
2378 4090 2582 4135 mutare
2610 4097 2712 4135 non
2746 4083 2886 4148 licet,
2913 4098 3083 4150 neque
3112 4082 3186 4136 illi
3215 4082 3294 4136 fas
3332 4093 3414 4137 est
3442 4084 3731 4154 chlamyde

2151 4174 2318 4239 indui,
2349 4189 2519 4243 neque
2541 4174 2653 4228 viro
2676 4174 2811 4242 palla
2842 4183 2897 4228 et
2926 4183 3232 4243 tegumento
3255 4191 3268 4228 :
3295 4173 3417 4227 Non
3438 4176 3533 4228 erit
3563 4177 3730 4241 enim,

2153 4267 2343 4336 inquit,
2369 4268 2458 4321 viri
2481 4277 2689 4322 ornatus
2713 4284 2862 4338 super
2893 4268 3174 4331 mulierem,
3204 4284 3361 4338 neque
3386 4269 3630 4322 induelur
3656 4271 3734 4324 vir

2153 4371 2281 4415 veste
2309 4362 2538 4414 muliebri
2565 4360 2740 4431 (Deut.
2767 4359 2858 4414 22.
2883 4360 2971 4431 5);
3006 4362 3171 4413 multo
3201 4361 3368 4430 magis
3390 4360 3504 4413 haec
3526 4361 3728 4414 mutari

2157 4469 2260 4506 non
2291 4461 2520 4522 oportet.
2554 4453 2648 4505 lla:
2677 4452 2892 4522 quidem
2921 4452 3060 4521 apud
3103 4453 3344 4506 homines
3376 4451 3565 4521 posita:
3610 4461 3739 4507 sunt

2159 4543 2302 4613 leges
2327 4584 2342 4608 ,
2369 4543 2576 4597 etiamsi
2621 4543 2757 4598 Dcus
2786 4544 2900 4597 illas
2927 4554 3107 4613 postea
3135 4545 3533 4598 confirmaverit
3562 4561 3575 4596 :
3607 4544 3736 4600 illud

2157 4645 2332 4689 autem
2361 4649 2390 4687 a
2416 4644 2626 4701 natura,
2653 4636 2791 4704 quod
2822 4645 3047 4704 tegatur,
3079 4635 3220 4703 dico,
3255 4637 3336 4690 vel
3369 4652 3474 4690 non
3505 4645 3736 4707 tegatur.

2159 4729 2291 4782 Cum
2317 4736 2494 4782 autem
2523 4737 2765 4782 naturam
2796 4730 3027 4797 profero,
3059 4727 3395 4782 Deumdico:
3423 4729 3512 4782 ille
3541 4728 3741 4798 quippe

2162 4832 2404 4876 naturam
2434 4822 2656 4876 creavit.
2688 4821 2819 4876 Cum
2861 4837 2989 4891 ergo
3017 4822 3278 4876 terminos
3319 4821 3483 4876 hosce
3509 4821 3742 4876 subver-

2166 4915 2312 4980 teris,
2346 4913 2467 4969 vide
2495 4922 2691 4984 quanta
2723 4913 2846 4968 hinc
2887 4916 3128 4967 oriantur
3153 4914 3368 4968 damna.
3399 4906 3584 4983 Neqtte
3612 4913 3744 4968 mihi

2166 5007 2266 5062 hoc
2309 5008 2455 5064 dicas
2499 5023 2719 5078 parvum
2762 5023 2882 5062 esse
2912 5017 3184 5077 peccaturo
3217 5026 3230 5062 :
3260 5023 3510 5078 magnum
3550 5008 3747 5077 quippe

2167 5112 2248 5156 est
2277 5119 2369 5171 per
2399 5117 2456 5156 se
2489 5118 2500 5153 :
2532 5115 2652 5155 nam
2681 5111 2761 5156 cst
2800 5101 3174 5155 inobedientia.
3207 5100 3429 5154 Etiamsi
3463 5115 3592 5154 vero
3621 5115 3748 5168 par-

2167 5211 2289 5247 vum
2321 5205 2480 5257 esset,
2505 5209 2754 5264 maguum
2785 5192 2952 5261 fleret,
2978 5194 3100 5263 quia
3122 5208 3430 5264 magnarum
3457 5208 3640 5248 rerum
3668 5199 3753 5248 est

2169 5288 2490 5357 symbolum.
2514 5287 2665 5354 Quod
2691 5297 2868 5342 autem
2888 5303 3135 5357 maguum
3157 5288 3246 5349 sit,
3271 5287 3445 5357 palam
3467 5303 3533 5343 ex
3560 5302 3628 5341 eo
3643 5295 3750 5350 est,

2169 5377 2310 5446 quod
2339 5378 2520 5446 generi
2540 5378 2771 5432 humano
2789 5387 2895 5433 tant
2921 5380 3196 5448 pulchrum
3223 5379 3458 5447 przebeat
3481 5379 3750 5438 ordinem,

2175 5470 2522 5538 imperantem
2554 5477 2607 5523 et
2649 5470 2940 5539 subjectum
2985 5472 3036 5524 iu
3081 5479 3269 5524 ornatu
3301 5469 3514 5525 decenti
3551 5471 3755 5524 consti-

2177 5569 2350 5614 tuens.
2384 5559 2564 5628 Itaque
2593 5561 2681 5629 qui
2711 5561 3095 5633 transgreditur
3120 5603 3136 5630 ,
3162 5561 3340 5616 omnia
3368 5560 3674 5623 confundit,
3703 5571 3760 5614 et

2177 5655 2272 5711 Dei
2307 5656 2443 5710 dona
2484 5655 2679 5724 prodit,
2727 5666 2782 5712 ct
2825 5649 3056 5727 superne
3103 5656 3205 5712 sibi
3252 5655 3433 5710 datum
3495 5655 3758 5708 honorem

2179 5749 2324 5805 humi
2351 5747 2564 5818 abjicit;
2593 5763 2698 5804 non
2731 5749 2812 5804 vir
2843 5749 3001 5806 modo
3021 5791 3036 5818 ,
3065 5747 3161 5805 sed
3188 5747 3346 5804 etiam
3375 5745 3569 5802 mulier
3625 5744 3760 5805 Nam
