3990 6168
377 333 494 390 215

376 450 483 503 καὶ
505 448 584 513 ὡς
616 447 892 519 ὁμότιμος.
928 445 1035 499 Kal
1063 446 1091 497 6
1115 442 1239 508 Υἱὸς
1275 442 1352 509 δέ,
1382 445 1431 496 εἰ
1466 444 1559 496 καὶ
1591 445 1828 515 ὑπήκοος
1854 445 1951 513 γέ.

378 548 512 602 γονε
538 531 620 603 τῷ
651 528 855 602 Πατρὶ,
888 527 999 581 ἀλλ’
1051 528 1127 592 ὡς
1159 528 1287 589 Υίὺς
1316 526 1482 589 Θεοῦ,
1532 527 1645 581 ἀλλ’
1686 528 1761 590 ὡς
1791 528 1945 592 Θεός.

384 615 604 685 ’Ὠσπερ
636 615 742 683 γάρ
771 610 965 664 πλείων
992 613 1026 681 ή
1057 609 1207 683 [250]
1236 608 1407 663 πειθὼ
1435 609 1515 680 τῷ
1545 609 1659 679 Υἰῷ
1692 610 1825 677 πρὸς
1859 611 1950 662 τὸν

387 699 630 769 Πατέρα,
660 698 691 768 ἢ
721 698 828 758 τοῖς
865 694 1172 766 ἀνθρώποις
1205 693 1341 764 πρὸς
1371 694 1498 756 τοὺς
1532 692 1948 761 γεγεννηκότας·

389 780 533 836 οὑτω
561 781 653 834 καὶ
680 781 711 847 ὴ
744 778 1028 848 ἐλευθερία
1064 776 1286 848 μείζων.
1314 777 1389 830 Οὐ
1421 776 1528 848 γάρ
1556 776 1731 847 δήπου
1755 776 1825 827 τὰ
1856 774 1952 845 μὲν

388 863 481 917 τοῦ
517 862 643 915 Υἰοῦ
679 862 817 933 πρὸς
849 861 942 915 τὸν
981 861 1201 931 Πατέρα
1252 860 1471 928 μείζονα
1506 858 1615 912 τῶν
1654 855 1952 927 ἀνθρώπων

382 947 475 999 καὶ
523 944 890 1016 γνησιώτερα,
940 944 1009 998 τά
1047 944 1104 996 δὲ
1140 942 1233 996 τοῦ
1269 942 1481 1013 Πατρός
1512 941 1652 1013 πρὸς
1699 940 1792 992 τὸν
1830 938 1953 992 Υἱὺν

379 1029 657 1083 ἐλάττονα.
690 1028 754 1080 Εἰ
776 1028 886 1098 γὰρ
916 1025 1266 1096 θαυμάζομεν
1292 1026 1384 1078 τὸν
1412 1025 1561 1088 Υἱὸν,
1594 1024 1675 1077 ὅτι
1706 1023 1950 1093 ὑπήκου-

372 1129 487 1175 σεν,
518 1113 595 1175 ὡς
619 1113 717 1165 καὶ
741 1112 904 1182 μέχρι
929 1109 1162 1164 θανάτου
1192 1108 1386 1172 ἐλθεῖν,
1413 1109 1508 1161 καὶ
1531 1106 1762 1160 θανάτου
1788 1121 1953 1157 σταυ-

373 1196 493 1268 ροῦ,
509 1198 608 1249 καὶ
629 1194 813 1264 θαῦμα
828 1193 996 1246 αὐτοῦ
1021 1194 1160 1263 μέγα
1181 1191 1440 1261 τιθέμεθα
1454 1189 1630 1244 τοῦτο’
1648 1187 1952 1258 θαυμάζειν

365 1282 449 1334 δεῖ
478 1280 578 1332 καὶ
605 1279 701 1332 τὸν
728 1279 948 1350 Πατέρα
967 1315 982 1340 ,
1009 1278 1090 1330 ὅτι
1113 1275 1353 1353 τοιοῦτον
1386 1274 1673 1345 ἐγέννησεν
1692 1313 1709 1337 ,
1739 1275 1841 1345 οὐχ
1875 1274 1952 1337 ὡς

366 1362 562 1415 δοῦλον
592 1361 1028 1431 ἐπιταττόμενον,
1053 1359 1168 1414 ἀλλ’
1194 1360 1270 1422 ὡς
1297 1357 1580 1427 ἐλεύθερον
1602 1357 1951 1409 ὑπακούοντα

372 1449 473 1500 καὶ
515 1445 814 1516 σύμϐουλον
848 1446 1006 1499 όντα·
1046 1446 1076 1498 6
1116 1443 1226 1514 γάρ
1266 1441 1571 1513 σύμϐουλος
1623 1441 1686 1494 οὑ
1740 1438 1947 1503 δοῦλος.

373 1529 449 1582 Σύ
459 1529 694 1600 μϐουλον
721 1529 777 1582 δὲ
797 1530 923 1582 ὅταν
944 1527 1179 1598 ἀκούσῃς
1200 1526 1387 1589 πάλιν,
1412 1525 1489 1596 μὴ
1516 1524 1590 1583 ὡς
1618 1523 1714 1575 τοῦ
1737 1520 1951 1591 Πατρὸς

377 1612 578 1675 ἐνδεῶς
608 1612 818 1682 ἔχοντος
847 1611 1032 1676 ἄκουε,
1075 1610 1188 1664 ἀλλ’
1226 1609 1300 1672 ὡς
1326 1609 1421 1661 τοῦ
1461 1606 1657 1669 Παιδὸς
1685 1606 1948 1675 ὁμοτίμου

380 1696 526 1767 πρὸς
550 1696 644 1748 τὸν
673 1693 1057 1762 γεγεννηκότα.
1087 1691 1178 1762 Μὴ
1209 1692 1390 1743 τοίνυν
1419 1692 1499 1753 εἰς
1532 1688 1709 1741 πάντα
1740 1686 1865 1739 ἐλκε
1890 1685 1950 1738 τὺ

383 1777 739 1849 παράδειγμα
761 1774 854 1827 τοῦ
878 1774 1067 1845 ἀνδρὸς
1094 1775 1190 1828 καὶ
1219 1773 1320 1842 τῆς
1356 1771 1629 1841 γυναικός.
1663 1770 1799 1841 Παρ⁹
1821 1771 1949 1840 ημῖν

388 1861 488 1930 μὲν
526 1859 633 1931 γὰρ
669 1857 895 1921 εἰκότως
931 1857 1291 1910 ὑποτέτακται
1326 1854 1403 1925 τῷ
1430 1854 1584 1923 ἀνδρὶ
1628 1855 1662 1925 ἠ
1714 1853 1874 1922 γυνή’
1915 1852 1947 1922 ἡ

381 1945 487 2014 γάρ
526 1942 768 2011 ἰσοτιμία
805 1939 987 2011 μάχην
1026 1942 1190 1993 ποιεῖ’
1233 1940 1327 1992 καὶ
1357 1939 1417 1991 ού
1445 1938 1532 1991 διὰ
1573 1937 1729 1991 τοῦτο
1763 1938 1944 2009 μόνον,

374 2028 513 2080 ἀλλά
550 2026 646 2080 καὶ
673 2025 761 2078 διὰ
788 2023 888 2094 τὴν
926 2024 1142 2092 ἀπάτην
1169 2022 1269 2092 τὴν
1299 2019 1449 2092 παρὰ
1478 2021 1575 2091 τὴν
1601 2021 1776 2091 ἀρχὴν
1808 2036 1946 2089 συμ-

372 2112 572 2166 ϐάσαν.
610 2110 712 2163 Διά
736 2125 819 2162 τοι
844 2107 1004 2161 τοῦτο
1031 2106 1294 2177 γενομένη
1347 2107 1445 2176 μὲν
1484 2104 1685 2168 εὐθέως
1712 2106 1813 2174 οὐχ
1842 2105 1946 2156 ὑπ-

373 2195 569 2263 ετάγηο
601 2192 725 2246 οὐτε
749 2193 878 2245 ὅταν
905 2191 1075 2260 αὐτὴν
1098 2191 1273 2260 ήγαγε
1304 2190 1442 2259 πρὸς
1472 2188 1563 2241 τὸν
1597 2187 1790 2258 ἄνδρα,
1819 2185 1946 2239 οὔτε

370 2283 511 2353 αὑτὴ
538 2281 737 2353 ήκουσέ
762 2298 813 2333 τι
839 2279 991 2349 παρὰ
1018 2278 1111 2331 τοῦ
1139 2276 1274 2331 Θεοῦ
1302 2277 1558 2341 τοιοῦτον,
1587 2276 1713 2331 οὔτε
1743 2279 1774 2330 6
1801 2277 1946 2347 ἀνὴρ

368 2364 489 2421 εἶπέ
518 2384 571 2420 τι
602 2366 737 2438 πρὸς
767 2364 936 2434 αὐτὴν
968 2362 1227 2415 τοιοῦτονο
1256 2361 1373 2415 ἀλλ’
1410 2362 1493 2414 ὅτι
1539 2362 1637 2432 μὲν
1663 2360 1854 2413 ὀστοῦν
1882 2363 1946 2414 ἐκ

365 2451 478 2505 τῶν
505 2450 679 2504 ὀστῶν
703 2448 890 2511 αὐτοῦ,
915 2448 1008 2499 καὶ
1037 2445 1171 2518 σὰρξ
1191 2448 1257 2499 ἐκ
1280 2444 1388 2499 τῶν
1418 2444 1637 2515 σαρκῶν
1666 2444 1830 2498 αὐτοῦ
1854 2440 1941 2515 ἦν,

364 2534 540 2590 εἶπεν·
568 2535 741 2605 ἀρχῆς
764 2533 820 2586 δέ
849 2529 1087 2601 οὐδαμοῦ
1111 2529 1230 2583 οὐδὲ
1257 2529 1537 2599 ὑποταγῆς
1571 2529 1944 2598 ἐμνημόνευσε

364 2621 508 2693 πρὸς
536 2620 744 2688 αὐτὴνσ
778 2618 867 2670 ὅτε
897 2615 954 2668 δὲ
984 2613 1168 2677 κακῶς
1196 2614 1467 2684 ἐχρήσατο
1494 2614 1561 2683 τῇ
1587 2611 1824 2684 ἐξουσίᾳ,
1854 2614 1945 2666 καὶ

357 2706 402 2775 ἡ
437 2702 707 2773 γενομένη
757 2699 950 2771 βοηθὸς
1005 2696 1286 2760 ἐπίϐουλος
1340 2696 1568 2767 εὑρέθη,
1617 2698 1712 2749 καὶ
1767 2697 1944 2750 πάντα

357 2785 643 2848 ἀπώλεσε,
677 2781 1015 2838 τότε-ἀκούει
1042 2780 1263 2844 δικαίως
1290 2781 1495 2834 λοιπόνο
1525 2781 1683 2850 Πρὸς
1708 2782 1815 2835 τὸν
1838 2783 1944 2836 ἇν-

357 2868 480 2938 δρα
506 2883 625 2922 σου
651 2869 690 2935 ἡ
731 2862 1085 2934 ἀποστροφή
1114 2880 1250 2917 σου.
1291 2862 1509 2934 Ἐπειδὴ
1550 2864 1659 2934 γὰρ
1701 2865 1848 2928 εἰκὸς
1874 2860 1942 2935 ἦν

356 2954 465 3026 τὴν
523 2950 800 3022 ἁμαρτίαν
856 2948 1066 3019 ταύτην
1122 2947 1502 3018 ἐκπολεμῶσαι
1560 2949 1622 3001 τὸ
1675 2948 1830 3017 γένος
1882 2949 1943 3002 τὸ

360 3036 633 3106 ἡμέτερον
662 3032 824 3104 (οὐδέ
853 3031 960 3103 γὰρ
991 3031 1057 3085 ἂν
1095 3029 1271 3102 ὤνησέ
1306 3047 1360 3083 τι
1397 3033 1477 3095 εἰς
1518 3034 1741 3104 εἰρήνην
1777 3033 1839 3086 τὸ
1884 3033 1942 3100 ἐξ

362 3102 909 3187 αὐτοῦτγεγενῆσθαι,
936 3102 1127 3168 τούτου
1161 3114 1496 3185 συμϐάντος·
1531 3115 1648 3169 ἀλλ’
1683 3102 1811 3170 αὐτὸ
1843 3118 1941 3187 μὲν

362 3200 459 3258 οῦν
484 3203 643 3256 τοῦτο
668 3201 763 3255 καὶ
808 3199 1142 3271 τραχύτερον
1176 3200 1242 3254 ἂν
1270 3200 1491 3269 ἐποίησε
1532 3202 1622 3255 τὸν
1661 3202 1850 3273 ἄνδρα,
1882 3206 1942 3258 τὸ

370 3284 510 3355 μηδὲ
546 3283 640 3337 τοῦ
693 3282 895 3336 οἰκείου
948 3282 1236 3351 φείσασθαι
1287 3284 1479 3354 μέλους
1535 3284 1632 3356 τὴν
1678 3287 1736 3353 ἐξ
1775 3288 1941 3341 αὐτοῦ

371 3366 669 3437 γενομένην
773 3364 996 3419 συνιδὼν
1024 3366 1124 3436 τὴν
1150 3365 1241 3420 τοῦ
1269 3366 1511 3420 διαϐόλου
1546 3372 1882 3441 κακουργίαν
1913 3375 1941 3426 6

373 3448 531 3512 Θεὸς,
564 3449 864 3519 ἐπετείχισε
882 3450 1030 3502 τουτὶ
1055 3450 1115 3502 τὸ
1144 3451 1315 3520 ῥῆμα,
1355 3453 1447 3505 καὶ
1471 3452 1567 3523 τὴν
1596 3455 1661 3506 ἐκ
1689 3459 1788 3526 τῆς
1822 3458 1941 3509 ἐπι-

373 3529 579 3599 ϐουλῆς
610 3529 899 3599 μέλλουσαν
930 3530 1223 3600 ἀπέχθειαν
1249 3531 1467 3586 ἔσεσθαι
1493 3534 1580 3587 διὰ
1607 3537 1706 3605 τῆς
1730 3537 1942 3604 ἀποφά-

371 3630 519 3676 σεως
546 3614 750 3682 ταύτης
781 3613 971 3678 ἀνεῖλε,
1006 3617 1097 3668 καὶ
1124 3615 1223 3685 τῆς
1252 3616 1545 3686 ἐπιθυμίας
1571 3617 1670 3686 τῆς
1700 3619 1939 3688 ἐμφύτου

364 3698 628 3769 καθάπερ
661 3698 966 3769 μεσότοιχον
1007 3698 1367 3763 κατασπάσας
1402 3700 1501 3770 τὴν
1530 3702 1595 3753 ἐκ
1633 3700 1733 3771 τῆς
1762 3703 1942 3773 ἁμαρ-

358 3785 490 3846 τίας
518 3783 904 3854 μνησικακίαν.
946 3782 1082 3835 Ἀλλ’
1104 3785 1199 3837 ἐπὶ
1222 3783 1318 3837 τοῦ
1335 3784 1470 3837 Θεοῦ
1486 3786 1581 3838 καὶ
1605 3786 1704 3856 τῆς
1737 3787 1942 3858 ἀκηρά.

356 3889 459 3925 του
481 3872 670 3935 οὐσίας
698 3871 913 3941 ἐκείνης
938 3872 1085 3925 οὐδὲν
1106 3871 1349 3925 τοιοῦτον
1393 3871 1540 3925 ἐστιν
1578 3874 1936 3929 ὑποπτεῦσαι.

357 3956 456 4027 Μὴ
479 3957 661 4009 τοίνυν
687 3954 831 4008 κατὰ
853 3958 1069 4009 πάντων
1088 3954 1241 4024 δέχου
1262 3955 1331 4007 τά
1354 3956 1773 4026 παραδείγματα
1818 3960 1939 4011 ἐπεὶ

355 4045 456 4096 καὶ
478 4040 713 4112 ἀλλαχοῦ
737 4040 909 4094 πολλὰ
928 4039 1176 4093 ἐντεῦθεν
1202 4041 1504 4113 ἀπαντήσει
1525 4043 1736 4112 χαλεπὰ
1756 4045 1939 4114 ἀμαρ-

351 4128 607 4199 τήματα.
636 4126 745 4178 Καὶ
773 4124 882 4194 γὰρ
912 4125 1009 4177 καὶ
1040 4125 1097 4177 ἐν
1134 4126 1442 4195 προοιμίοις
1478 4126 1577 4196 τῆς
1618 4128 1938 4198 Ἐπιστολῆς

351 4210 521 4277 Ελεγε
543 4225 558 4238 ·
592 4207 791 4261 Πάντα
812 4206 976 4276 ὑμῶν
998 4207 1188 4269 ἐστιν,
1224 4207 1392 4277 ὑμεῖς
1413 4207 1481 4261 δὲ
1502 4210 1777 4275 Χριστοῦ,
1804 4213 1938 4278 Χρι-

347 4292 512 4357 στὸς
539 4289 613 4343 δὲ
642 4290 809 4344 Θεοῦ.

422 4389 496 4452 γ’.
519 4382 589 4435 Τί
617 4378 743 4448 οῦν;
775 4381 974 4452 ὁμοίως
1001 4382 1159 4452 ἡμῶν
1188 4381 1256 4435 τὰ
1290 4383 1486 4445 πάντα,
1526 4382 1619 4436 καὶ
1647 4385 1807 4455 ἡμεῖς
1845 4386 1937 4440 τοῦ

349 4464 624 4537 Χριστοῦ,
672 4467 767 4519 καὶ
798 4468 827 4519 6
864 4465 1097 4537 Χριστὸς
1139 4465 1233 4518 τοῦ
1283 4465 1447 4529 Θεοῦ;
1481 4465 1765 4537 Οὐδαμῶς,
1804 4468 1939 4522 ἀλλὰ

351 4552 447 4602 καὶ
501 4552 624 4612 τοῖς
676 4548 881 4620 σφόδρα
934 4550 1181 4620 ἀνοήτοις
1207 4549 1337 4620 δήλη
1367 4552 1398 4619 ή
1424 4549 1675 4621 διαφορά,
1708 4553 1755 4604 εἰ
1786 4554 1876 4607 καὶ
1902 4557 1935 4625 ή

349 4632 497 4704 αὐτὴ
533 4634 692 4704 ῥῆσις
723 4633 814 4684 ἐπὶ
845 4631 939 4685 τοῦ
962 4632 1104 4689 Θεοῦ
1149 4633 1241 4686 καὶ
1269 4632 1360 4685 τοῦ
1389 4633 1626 4705 Χριστοῦ
1662 4636 1754 4688 καὶ
1784 4637 1939 4707 ήμῶν

347 4714 596 4786 εἴρηται.
626 4716 735 4768 Καὶ
756 4715 989 4786 ἀλλαχοῦ
1017 4716 1075 4768 δέ
1095 4715 1330 4785 κεφαλὴν
1351 4714 1518 4769 εἰπὼν
1540 4717 1631 4771 τὸν
1655 4719 1821 4790 ἄνδρα
1840 4720 1940 4789 τῆς

347 4798 643 4865 γυναικὸς,
675 4799 975 4867 ἐπήγαγενο
1009 4799 1219 4869 Ὠσπερ
1264 4799 1356 4851 καὶ
1384 4800 1413 4852 6
1451 4800 1685 4870 Χριστὸς
1726 4804 1939 4874 κεφαλὴ

342 4882 445 4935 καὶ
467 4883 672 4952 Σωτήρ
701 4883 819 4934 ἐστι
840 4882 939 4953 τῆς
976 4881 1299 4953 Ἐκκλησίας
1325 4883 1419 4935 καὶ
1444 4885 1771 4955 προστάτης,
1798 4886 1941 4939 οὕτω

344 4967 440 5019 καὶ
461 4970 493 5021 6
516 4966 666 5036 ἀνὴρ
685 4966 890 5035 ὀφείλει
918 4966 1018 5037 τῆς
1044 4966 1207 5019 αὐτοῦ
1233 4969 1487 5035 γυναικὸς
1513 4965 1669 5023 εἶναι.
1697 4966 1824 5042 'Ap‘
1845 4971 1939 5025 οὖν

343 5050 560 5120 ὁμοίως
590 5048 942 5119 ἐκληψόμεθα
980 5049 1043 5101 τὸ
1091 5050 1401 5119 εἰρημένον,
1435 5050 1709 5104 καὶτοῦτο
1743 5054 1839 5106 καὶ
1872 5056 1940 5108 τὰ

349 5134 495 5200 μετὰ
529 5132 726 5187 τούτου
750 5132 967 5186 ἃπαντα
1000 5133 1264 5202 Ἐφεσίοις
1295 5134 1671 5204 ἐπεσταλμένα
1694 5137 1822 5206 περὶ
1840 5138 1938 5207 τῆς

346 5216 673 5278 ὑποθέσεως
719 5214 957 5284 ταύτης;
992 5219 1241 5286 Ἀπαγει
1278 5217 1397 5270 οὐδὲ
1430 5218 1536 5287 γάρ
1579 5217 1819 5270 δυνατόν.
1857 5221 1937 5272 Τά

344 5301 457 5368 γάρ
504 5299 653 5352 αὐτὰ
693 5300 914 5369 ῥήματα
968 5299 1179 5367 λέγεται
1228 5302 1324 5371 μὲν
1367 5301 1456 5353 ἐπὶ
1490 5298 1625 5352 Θεοῦ
1664 5298 1938 5373 [⁵251]καί

340 5383 681 5452 ἀνθρώπων*
722 5382 842 5434 ἀλλ’
881 5382 1079 5453 ἑτέρως
1121 5384 1219 5452 μέν
1256 5387 1437 5436 ἐκεῖνα
1466 5382 1704 5453 νοητέον,
1741 5386 1937 5456 ἑτέρως

342 5468 397 5518 δὲ
442 5466 650 5520 ταῦτα’
684 5467 746 5517 οὐ
795 5466 902 5537 μὴν
940 5467 1098 5520 πάλιν
1127 5468 1302 5521 πάντα
1340 5467 1778 5538 ἐξηλλαγμένως·
1815 5471 1937 5523 ἐπεὶ

343 5550 511 5602 πάλιν
552 5548 679 5618 εἰκῆ
721 5549 816 5601 καὶ
851 5550 1024 5619 μάτην
1052 5548 1417 5619 παρειλῆφθαι
1458 5551 1618 5617 δόξει,
1648 5553 1801 5605 οὐδὲν
1841 5556 1935 5607 ἀπ’

340 5633 529 5687 αὐτῶν
586 5633 986 5703 καρπουμένων
1038 5635 1214 5703 ἡμῶν.
1260 5634 1468 5703 ’Ὠσπερ
1495 5636 1601 5705 γὰρ
1654 5637 1712 5690 οὐ
1760 5639 1936 5689 πάντα

320 5716 553 5781 ’ὁμοίως
595 5715 917 5788 ἐκληπτέον,
956 5715 1128 5781 οὑτως
1157 5716 1277 5768 οὐδὲ
1305 5715 1479 5768 πάντα
1522 5717 1704 5782 ἁπλῶς
1734 5721 1934 5791 ἐκϐλη-

343 5798 485 5853 τέον.
522 5798 648 5852 Ἵνα
680 5799 738 5853 δὲ
776 5798 806 5851 ὃ
834 5799 997 5868 λέγω,
1026 5799 1247 5869 γένηται
1285 5799 1629 5870 σαφέστερον,
1670 5804 1761 5854 ἐπὶ
1810 5805 1942 5857 ὑποέ

351 5879 649 5951 ίείγματος
668 5882 802 5935 αὐτὸ
829 5882 1157 5954 πειράσομαι
1185 5884 1403 5954 ποιῆσαι
1433 5885 1679 5953 φανερόν.
1710 5887 1933 5958 Εἴρηται

1384 325 1455 381 IN
1496 326 1715 384 EPIST.
1749 327 1770 382 Ι
1807 328 1899 384 AD
1931 327 2090 386 COR.
2123 328 2362 386 ηοιιιι..
2406 327 2570 384 XXVI

3519 332 3626 387 Ξίϐ

2060 446 2269 516 κεφαλὴ
2301 449 2399 516 τῆς
2431 445 2750 515 Ἐκκλησίας
2776 450 2805 500 6
2838 447 3087 518 Χριστός
3121 446 3187 502 ἂν
3216 445 3380 517 μηδὲν
3402 445 3510 499 ἀπὸ
3532 463 3627 500 του

2060 529 2404 598 ἀνθρωπίνου
2441 528 2609 594 λάϐω,
2640 530 2693 582 τί
2740 547 2829 600 μοι
2868 531 2960 584 καὶ
2988 530 3201 601 εἴρηται
3240 529 3427 594 τοῦτο;
3461 528 3628 585 Πάλιν

2058 614 2125 667 ἂν
2163 613 2375 667 ἅπαντα
2418 612 2585 678 λάϐω,
2638 614 2806 685 πολλὴ
2848 614 3035 685 ἕψεται
3084 616 3118 686 ἡ
3164 613 3373 683 άλογίαο
3398 613 3629 685 καὶγὰρ

2056 694 2757 787 όμοιοπαθὴς-τῷράιματι
2803 699 2836 767 ἡ
2887 696 3246 787 κέφαλὴηκαὶ
3293 699 3403 759 τοῖς
3446 697 3626 759 αὐτοῖς

2059 778 2375 842 ὑπεύθυνος.
2394 780 2459 832 Τί
2484 776 2578 834 οῦν
2602 781 2684 834 δεῖ
2702 776 2938 851 ἀφεῖναι,
2974 782 3011 854 ἢ
3042 784 3093 835 τί
3124 781 3309 835 λαϐεῖν
3332 801 3348 849 ;
3390 783 3628 851 Ἀφείναι

2060 862 2160 932 μὲν
2187 861 2361 917 ταῦτα
2392 862 2428 917 ἃ
2448 860 2621 927 εἷπον,
2652 864 2836 919 λαϐεῖν
2872 866 2928 919 δέ
2953 866 3145 919 ἕνωσιν
3170 865 3393 936 ἀκριϐῆ,
3426 865 3520 918 καὶ
3544 869 3629 918 αἱ·

2055 946 2177 998 τίαν
2214 946 2309 1000 καὶ
2337 947 2512 1017 ἀρχὴν
2534 960 2561 988 ι
2583 948 2683 1018 τὴν
2706 948 2947 1019 πρώτην·
2975 950 3068 1003 καὶ
3089 949 3209 1004 ούδέ
3226 948 3397 1002 ταῦτα
3421 947 3626 1011 ἁπλῶς,

2056 1028 2192 1083 ἀλλὰ
2219 1030 2314 1083 καὶ
2334 1030 2567 1084 ἐνταῦθα
2597 1031 2659 1084 τὸ
2688 1031 2869 1100 μεῖζον
2896 1032 3107 1085 οἴκοθεν
3135 1035 3367 1087 ἐπινοεῖν
3395 1032 3490 1086 καὶ
3509 1031 3628 1101 Θεῷ

2058 1113 2287 1183 πρέπον·
2325 1114 2419 1167 καὶ
2444 1113 2554 1185 γάρ
2585 1115 2833 1185 ήένωσις
2868 1115 3267 1187 ἀσφαλεστέρα.
3301 1116 3395 1170 καὶ
3420 1118 3453 1186 ή
3485 1116 3626 1187 ἀρχὴ

2057 1191 2372 1261 τιμιωτέρα.
2405 1194 2574 1247 Πάλιν
2605 1195 2845 1264 ἡκουσας
2880 1195 3025 1248 Υίόνο
3060 1196 3137 1266 μὴ
3166 1195 3343 1249 πάντα
3383 1193 3516 1265 μηδὲ
3541 1195 3628 1247 ἐν-

2056 1274 2229 1328 ταῦθα
2278 1275 2466 1347 λάϐῃς,
2508 1276 2643 1330 ἀλλὰ
2689 1276 2824 1349 μηδὲ
2874 1278 3050 1331 πάντα
3092 1276 3348 1349 ἐκϐάλῃς,
3385 1276 3499 1330 ἀλλ’
3533 1277 3630 1330 ὅσα

2056 1356 2175 1427 Θεῷ
2203 1360 2400 1430 πρέπει
2437 1359 2746 1432 δεξάμενος,
2778 1362 2860 1415 ὅτι
2887 1361 3189 1433 ὁμοούσιος,
3229 1362 3311 1416 ὅτι
3349 1359 3408 1426 ἐξ
3442 1360 3628 1423 αὑτοῦ,

2056 1437 2124 1491 τά
2167 1437 2341 1492 ἄτοπα
2390 1438 2485 1494 καί
2534 1440 2817 1504 ἀσθενείας
2858 1443 2988 1495 ὅντα
3018 1441 3387 1512 ἀνθρωπίνης,
3417 1441 3508 1493 ἐπὶ
3533 1439 3630 1507 τῆς

2056 1522 2160 1591 γῆς
2183 1524 2265 1576 ἔα·
2296 1523 2524 1595 Εἴρηται
2556 1526 2671 1595 φῶς
2691 1529 2719 1580 6
2739 1527 2871 1590 Θεὸς
2900 1527 3079 1581 πάλιν⁸
3108 1522 3195 1597 ἆρ’
3219 1522 3312 1580 οὗν
3342 1525 3519 1579 πάντα
3546 1525 3629 1577 δε-

2056 1607 2279 1677 ξόμεθα,
2317 1610 2416 1664 ὅσα
2449 1611 2543 1664 τοῦ
2578 1613 2753 1682 φωτὸς
2792 1614 3015 1677 τούτου;
3043 1610 3344 1682 Οὑδαμῶς’
3379 1609 3472 1663 καὶ
3521 1607 3631 1680 γὰρ

2056 1692 2173 1743 ἐκεῖ
2208 1692 2285 1763 τῷ
2315 1693 2490 1763 σκότῳ
2524 1694 2680 1749 τοῦτο
2714 1698 2806 1750 καὶ
2828 1696 2976 1766 τόπῳ
3005 1694 3393 1767 περικλείεται,
3418 1692 3513 1745 καὶ
3539 1692 3628 1759 ὑφ’

2055 1775 2248 1844 ἐτέρας
2272 1779 2497 1831 κινεῖται
2517 1778 2799 1848 δυνάμεως
2829 1780 2923 1833 καὶ
2944 1777 3346 1841 ἐπισκιάζεται·
3371 1769 3447 1829 ὧν
3477 1773 3629 1827 οὐδὲν

2054 1858 2175 1911 οὐδὲ
2224 1860 2470 1931 ἐννοῆσαι
2523 1861 2678 1933 θέμις
2729 1863 2822 1917 ἐπὶ
2862 1864 2961 1933 τῆς
2989 1862 3177 1925 οὐσίας
3214 1860 3446 1931 ἐκείνης.
3493 1858 3629 1911 Ἀλλ’

2051 1941 2176 1995 οὐδέ
2207 1943 2384 1999 πάντα
2430 1945 2519 1998 διὰ
2563 1945 2723 2000 τοῦτο
2761 1945 3287 2018 ἐκϐαλοῦμεν,’άλλά
3325 1943 3634 2016 δρεψόμεθά

2053 2043 2109 2081 τι
2135 2028 2231 2080 καὶ
2260 2030 2526 2100 χρήσιμον
2558 2030 2667 2086 ἀπὸ
2710 2032 2804 2086 τοῦ
2845 2030 3310 2104 παραδείγματος,
3339 2028 3431 2082 τὸν
3468 2042 3633 2097 φωτι-

2055 2111 2197 2181 σμὸν
2233 2114 2323 2164 τὸν
2364 2115 2428 2166 ἐκ
2458 2115 2552 2168 τοῦ
2599 2114 2735 2169 Θεοῦ
2779 2117 3063 2187 γινόμενον
3108 2117 3260 2187 ἡμῖν,
3297 2112 3395 2184 τὴν
3436 2112 3501 2165 ἐκ
3536 2110 3630 2164 τοῦ

2054 2194 2281 2258 σκότους
2326 2198 2649 2271 ἀπαλλαγὴν
2698 2200 2762 2254 ἐκ
2804 2201 2996 2254 τούτου
3044 2200 3389 2266 συνάγοντες.
3428 2193 3537 2248 Kal
3564 2194 3633 2246 τὰ

2055 2276 2155 2348 μὲν
2204 2279 2342 2349 πρὸς
2389 2281 2698 2351 αἰρετικοὺς
2741 2284 2944 2338 ταῦτα·
2979 2283 3062 2337 δεῖ
3106 2282 3164 2336 δὲ
3213 2281 3308 2335 καὶ
3353 2277 3633 2349 ὁλοκλήρῳ

2052 2361 2233 2413 λοιπὸν
2279 2362 2584 2428 ἐπεξελθεῖν
2625 2365 2702 2437 τῷ
2742 2367 2946 2441 χωρίῳ.
2980 2367 3140 2430 Ἴσως
3188 2364 3296 2437 γὰρ
3334 2362 3400 2417 ἄν
3427 2380 3512 2426 τις
3547 2361 3632 2413 ἐν-

2049 2443 2224 2497 ταῦθα
2279 2447 2373 2499 καλ⁵
2416 2445 2788 2521 διαπορήσειε,
2836 2450 2974 2522 πρὸς
3020 2448 3213 2504 ἐαυτὸν
3243 2445 3442 2518 ζητῶν,
3478 2446 3630 2498 ποῖον

2050 2526 2302 2601 ἔγκλημα
2338 2527 2406 2603 ἦν
2434 2533 2496 2586 τὸ
2521 2534 2994 2589 ἀνακαλύπτεσθαι
3029 2534 3130 2598 τὰς
3156 2532 3438 2602 γυναῖκας,
3463 2530 3497 2601 ἢ
3534 2533 3631 2582 καὶ

2050 2613 2417 2670 καλύπτεσθαι
2446 2620 2569 2683 τούς
2602 2618 2827 2690 άνδρας;
2857 2620 3015 2672 Ποῖον
3042 2614 3136 2672 οὖν
3166 2616 3417 2697 ἔγκλημα
3446 2612 3625 2673 τοῦτο.

2050 2697 2299 2753 ἐντεῦθεν
2340 2700 2441 2772 ήδη
2490 2702 2760 2772 μάνθανεο
2807 2701 3059 2772 Σύμϐολα
3098 2700 3307 2754 δέδοται
3349 2697 3503 2769 ἀνδρὶ
3535 2700 3630 2752 καὶ

2049 2784 2270 2850 γυναικὶ
2297 2784 2467 2838 πολλὰ
2506 2786 2604 2857 μὲν
2642 2791 2735 2841 καὶ
2764 2787 2946 2859 ἕτερα,
2978 2785 3057 2855 τῷ
3092 2784 3190 2856 μὲν
3215 2784 3312 2855 τῆς
3340 2782 3539 2853 ἀρχῆς,
3561 2784 3627 2851 τῇ

2049 2866 2106 2918 δὲ
2128 2866 2230 2934 τῆς
2260 2869 2559 2940 ὑποταγῆςο
2592 2870 2728 2941 μετὰ
2756 2870 2812 2924 δὲ
2843 2870 3064 2924 ἐκείνων
3092 2869 3186 2922 καὶ
3212 2866 3388 2931 τοῦτο,
3417 2864 3481 2918 τὸ
3499 2866 3629 2919 ταύ-

2047 2966 2147 3020 την
2175 2951 2273 3020 μέν
2302 2952 2690 3020 καλύπτεσθαι,
2713 2954 2898 3008 τοῦτον
2925 2953 2984 3007 δέ
3010 2951 3219 3023 γυμνὴν
3245 2949 3390 3021 ἔχειν
3418 2948 3516 3019 τὴν
3545 2965 3631 3001 κε-

2050 3034 2243 3107 φαλήν.
2281 3037 2344 3090 El
2374 3037 2550 3092 τοίνυν
2606 3038 2847 3109 σύμϐολα
2894 3036 3068 3093 ταῦτά
3119 3039 3284 3102 ἐστιν,
3330 3035 3627 3106 ἀμφότεροι

2048 3119 2419 3189 ἁμαρτάνουσι
2460 3123 2559 3193 τὴν
2600 3122 2851 3188 εὐταξίαν
2895 3121 3233 3192 συγχέοντες,
3266 3119 3360 3173 καὶ
3394 3118 3495 3189 τὴν
3531 3117 3627 3171 τοῦ

2048 3201 2181 3256 Θεοῦ
2203 3203 2482 3276 διαταγὴν,
2504 3206 2597 3259 καὶ
2617 3209 2741 3270 τοὺς
2760 3206 2990 3268 οἰκείους
3010 3203 3425 3274 ὑπερϐαίνοντες
3445 3203 3624 3274 ὅρους.

2048 3288 2143 3339 καὶ
2176 3287 2205 3339 6
2236 3288 2333 3359 μὲν
2363 3291 2443 3352 εἰς
2473 3290 2571 3360 τὴν
2608 3289 2821 3358 ἐκείνης
2861 3287 3220 3341 καταπίπτων
3252 3285 3550 3349 εὐτέλειαν,
3591 3287 3625 3355 ἠ

2047 3369 2103 3422 δέ
2132 3370 2536 3442 ἐπανισταμένη
2568 3372 2644 3440 τῷ
2666 3372 2817 3438 ἀνδρὶ
2847 3371 2935 3424 διὰ
2967 3370 3060 3424 τοῦ
3094 3371 3389 3440 σχήματος.
3419 3368 3481 3421 Εἰ
3518 3367 3626 3437 γὰρ

2051 3453 2263 3521 ἱμάτιον
2325 3454 2662 3507 ἐναλλάττειν
2721 3454 2781 3506 οὐ
2842 3453 3017 3522 θέμις,
3085 3453 3206 3505 οὐδὲ
3270 3450 3474 3519 ταύτην
3529 3450 3625 3518 μὲν

2049 3537 2269 3606 χλανίδα
2308 3537 2669 3609 περικεῖσθαι,
2703 3538 2906 3590 ἐκεῖνον
2938 3536 2995 3588 δὲ
3028 3536 3197 3605 φάρος
3224 3536 3256 3605 ἦ
3289 3532 3622 3604 καλύπτραν·

2053 3621 2174 3672 οὐκ
2203 3620 2374 3673 ἔσται
2416 3619 2542 3691 γὰρ,
2575 3619 2729 3689 φησὶ,
2759 3619 2949 3686 σκεύη
2981 3617 3200 3683 ἀνδρὸς
3236 3617 3331 3670 ἐπὶ
3367 3617 3623 3685 γυναικὶ.

2047 3701 2191 3755 οὐδὲ
2230 3702 2549 3755 ἐνδύσεται
2587 3702 2743 3770 ἀνὴρ
2782 3699 3018 3769 στολὴν
3049 3701 3417 3767 γυναικείαν-ο
3448 3699 3626 3769 πολλῷ

2051 3786 2251 3856 μᾶλλον
2275 3787 2449 3840 ταῦτα
2476 3785 2931 3841 ἀνταλλάττεσθαι
2958 3785 3018 3838 οὑ
3050 3786 3149 3843 δεῖ.
3181 3783 3365 3839 Ταῦτα
3388 3784 3488 3854 μὲν
3517 3785 3625 3854 γὰρ

2047 3871 2198 3943 παρὰ
2230 3871 2337 3924 τῶν
2365 3869 2664 3942 ἀνθρώπων
2692 3870 3123 3942 νενομοθέτηται,
3176 3871 3225 3923 εί
3273 3870 3367 3923 καὶ
3411 3871 3441 3922 ό
3491 3868 3620 3932 Θεὸς

2047 3954 2271 4027 ὕστερον
2293 3953 2432 4008 αὐτὰ
2459 3951 2751 4027 ἐκύρωσενο
2785 3958 2961 4009 ἐκεῖνο
2988 3954 3046 4008 δέ
3074 3953 3225 4025 παρὰ
3247 3955 3346 4023 τῆς
3383 3952 3616 4021 φύσεως,

2044 4040 2105 4093 τὸ
2142 4038 2509 4092 καλύπτεσθαι
2535 4039 2697 4108 λέγω,
2728 4040 2821 4093 καὶ
2845 4040 2905 4092 τὸ
2931 4039 3006 4109 μὴ
3037 4038 3425 4093 καλύπτεσθαι.
3452 4040 3617 4093 Ὅταν

2044 4122 2100 4176 δὲ
2133 4124 2271 4178 εἴπω
2307 4123 2404 4194 τὴν
2437 4124 2616 4192 φύσιν,
2659 4124 2748 4177 τὸν
2780 4122 2912 4176 Θεὸν
2938 4123 3098 4194 λέγω·
3132 4124 3160 4175 6
3182 4122 3289 4193 γάρ
3319 4122 3417 4193 τὴν
3458 4121 3618 4191 φύσιν

2042 4207 2472 4279 δημιουργήσας,
2495 4207 2655 4271 αὐτός
2676 4208 2840 4263 ἐστιν.
2867 4209 3032 4263 Ὅταν
3057 4206 3149 4263 οὖν
3168 4208 3294 4269 τοὺς
3317 4207 3473 4274 ὅρους
3495 4207 3617 4259 ἀνα-

2043 4293 2249 4364 τρέπῃς
2277 4290 2518 4357 τούτους,
2560 4292 2660 4366 ὅρα
2698 4294 2840 4345 πόσα
2872 4294 3080 4360 γίνεται
3108 4294 3176 4347 τά
3196 4293 3484 4362 ἐπιϐλαϐἧ.
3508 4295 3617 4346 Kal

2048 4377 2121 4444 μή
2179 4393 2269 4445 μοι
2294 4374 2453 4427 τοῦτο
2484 4374 2663 4444 εἴπῃς,
2699 4376 2779 4428 ὅτι
2816 4377 3008 4446 μικρὸν
3051 4377 3111 4429 τὸ
3151 4377 3611 4448 άμαρτανόμενονσ

2050 4458 2190 4527 μέγα
2224 4456 2321 4525 μὲν
2363 4458 2471 4527 γάρ
2503 4459 2639 4522 ἐστι,
2687 4458 2781 4510 καὶ
2831 4460 2951 4510 καθ’
2991 4460 3169 4512 ἑαυτόν
3219 4459 3470 4531 παρακοὴ
3512 4460 3620 4530 γάρ

2046 4539 2195 4610 [252]
2218 4541 2383 4592 ἐστιν’
2411 4540 2473 4593 Εἰ
2491 4539 2547 4592 δὲ
2568 4541 2663 4594 καὶ
2688 4541 2880 4611 μικρὸν
2901 4538 2990 4613 ἦν,
3013 4542 3156 4614 μέγα
3182 4543 3409 4613 ἐγίνετο,
3433 4544 3618 4610 ἐπειδὴ

2050 4622 2297 4691 μεγάλων
2320 4624 2434 4677 ἐστὶ
2456 4622 2722 4694 σύμϐολον
2743 4627 3102 4696 πραγμάτων.
3130 4628 3252 4680 Ὅτι
3270 4627 3325 4681 δὲ
3355 4628 3451 4682 καὶ
3474 4628 3616 4698 μέγα

2046 4707 2181 4770 ἐστὶ,
2209 4706 2363 4776 δῆλον
2396 4707 2453 4774 ἐξ
2486 4700 2559 4760 ὧν
2592 4707 2861 4778 τοσαύτην
2892 4709 3147 4775 εὐταξίαν
3179 4710 3256 4781 τῷ
3291 4711 3437 4780 γένει
3471 4728 3612 4782 παρ-

2046 4788 2181 4858 έχει,
2210 4789 2300 4842 τὸν
2331 4790 2566 4861 ἄρχοντα
2610 4792 2703 4845 καὶ
2735 4790 2824 4844 τὸν
2857 4793 3156 4864 ἀρχόμενον
3201 4796 3263 4848 ἐν
3289 4795 3476 4865 κόσμῳ
3502 4794 3614 4847 δια-

2046 4873 2255 4925 τάττον.
2290 4873 2451 4925 ’Ὥστε
2484 4876 2511 4926 6
2546 4874 2918 4943 παραϐαίνων,
2950 4880 3125 4932 πάντα
3173 4881 3379 4947 συγχεῖ,
3427 4877 3616 4930 καὶτὰ

2044 4953 2138 5005 τοῦ
2168 4955 2301 5007 Θεοῦ
2336 4948 2622 5025 προδίδωσι
2668 4957 2832 5027 δῶρα,
2864 4961 2957 5014 καὶ
2987 4960 3082 5031 τὴν
3119 4960 3322 5013 ἄνωθεν
3355 4961 3501 5030 αὐτῷ
3529 4961 3613 5013 δο-

2047 5033 2230 5085 θεῖσαν
2280 5034 2444 5103 τιμὴν
2500 5037 2672 5105 χαμαὶ
2714 5038 2913 5107 ῥίπτει,
2961 5040 3058 5108 οὐχ
3093 5042 3121 5092 6
3151 5041 3288 5110 ἀνὴρ
3327 5040 3382 5092 δὲ
3434 5042 3610 5110 μόνον,

2045 5115 2179 5168 ἀλλὰ
2223 5117 2313 5168 καὶ
2350 5119 2382 5185 ὴ
2415 5118 2570 5186 γυνή.
2605 5120 2709 5171 Καὶ
2741 5130 2848 5187 γάρ
2881 5125 2974 5174 καὶ
3003 5123 3183 5193 ἐκείνῃ
3211 5122 3342 5193 τιμὴ
3387 5124 3612 5192 μεγίστη

2045 5198 2105 5249 τὸ
2125 5198 2220 5267 τὴν
2243 5198 2447 5250 οἰκείαν
2469 5199 2618 5261 τάξιν
2639 5200 2928 5273 διατηρεῖν,
2950 5202 3136 5276 ὥσπερ
3154 5202 3245 5258 οὖν
3266 5207 3359 5259 καί¹
3386 5208 3612 5277 αἰσχύνη

2044 5279 2104 5330 τὸ
2136 5280 2462 5342 στασιάζειν.
2496 5282 2694 5353 Διόπερ
2727 5286 2812 5337 ἐπ’
2835 5287 3157 5357 ἀμφοτέρων
3189 5289 3320 5342 αὐτὸ
3352 5293 3610 5348 τέθεικεν,

2044 5362 2185 5414 οὕτω
2226 5362 2415 5430 λέγων·
2447 5364 2571 5429 Πᾶς
2605 5365 2759 5435 ἀνὴρ
2790 5372 3275 5441 προσευχόμενος
3306 5372 3345 5441 ἢ
3385 5390 3610 5442 προφη-

2044 5446 2231 5498 τεύων
2262 5447 2410 5499 κατὰ
2452 5448 2722 5517 κεφαλῆς
2751 5450 2929 5520 ἔχων,
2968 5457 3356 5525 καταισχύνει
3381 5456 3497 5518 τὴν
3523 5472 3617 5506 κε-

2044 5527 2250 5597 φαλὴν
2280 5529 2487 5582 αὐτοῦ’
2513 5531 2680 5587 πᾶσα
2732 5534 2801 5587 δὲ
2855 5537 3009 5605 γυνὴ
3071 5539 3526 5605 προσευχομένη
3574 5539 3613 5602 ἢ

2045 5614 2506 5680 προφητεύουσα
2544 5617 3017 5681 ἀκατακαλύπτῳ
3057 5621 3129 5687 τῇ
3173 5619 3429 5687 κεφαλῇ,
3479 5637 3615 5673 κατ·

2044 5696 2317 5763 αισχύνει
2373 5697 2483 5765 τὴν
2536 5702 2811 5768 κεφαλὴν
2859 5704 3067 5771 αὐτῆς.
3096 5702 3275 5756 τΗσςιιν
3319 5702 3447 5770 γὰρ,
3476 5702 3612 5773 ὅπερ

2107 5852 2128 5917 ﬁ
2160 5841 2418 5934 gegebamr
2439 5847 2466 5893 ἃ
2493 5846 2619 5894 εἶπον
2644 5848 2902 5907 δεῖ,)αϐεῖν
2927 5849 2975 5894 δὲ
3000 5850 3064 5896 ἓν.
3087 5851 3192 5913 imp.
3218 5848 3295 5895 καὶ
3323 5849 3487 5916 ἀρχήν,
3514 5854 3620 5908 sine

2046 5921 2123 5951 και
2149 5920 2319 5953 αιτιαν.
