3990 6168
384 301 502 358 ειί

402 416 555 487 ἔφην,
586 414 676 466 καὶ
730 413 920 485 ἄνδρες
970 415 1062 468 καὶ
1099 416 1353 482 γυναῖκες
1394 411 1843 484 προφητεύοντες.
1869 411 1960 461 καὶ

394 500 654 566 γυναῖκες
681 498 742 548 τὸ
770 498 1013 567 χάρισμα
1048 496 1206 551 τοῦτο
1236 496 1457 566 ἔχουσαι
1493 495 1632 556 τότε,
1670 494 1745 557 ὡς
1773 494 1831 547 αἱ
1863 493 1957 545 τοῦ

395 580 659 633 Φιλίππου
682 578 998 651 θυγατέρες,
1027 580 1102 642 ὡς
1132 580 1315 649 ἐτεραι
1352 579 1458 649 πρὸ
1478 579 1700 632 ἐκείνων
1729 577 1825 631 καὶ
1848 577 1962 646 μετ’

397 662 629 723 ἐκείναςο
649 662 776 729 περὶ
804 654 877 713 ὧν
896 663 989 714 καὶ
1022 663 1050 715 ὁ
1085 662 1369 733 προφήτης
1397 661 1581 729 ἔλεγεν
1610 660 1835 715 ἄνωθεν·
1859 659 1960 715 ὅτι.

398 744 931 812 Προφητεύσουσιν
969 747 1023 796 οὶ
1062 743 1177 797 υἱοί
1213 743 1400 811 ὑμῶν,
1429 743 1528 797 καί
1562 746 1621 796 αἱ
1649 741 1966 811 θυγατέρες

396 824 563 894 ὑμῶν
596 824 832 892 όρὰσεις
869 825 1139 893 ὄψονται.
1176 827 1278 879 Τὸν
1314 826 1410 896 μὲν
1440 823 1532 880 οὖν
1566 825 1731 896 ἀνδρα
1757 826 1857 879 ούκ
1882 824 1967 877 ἀεὶ

397 907 693 975 ἀναγκάζει
739 907 1191 962 ἀκατακάλυπτον
1230 904 1389 972 εἶναι,
1427 909 1542 962 ἀλλ’
1567 910 1695 963 ὅταν
1746 907 1967 977 εὔχηται

402 989 583 1059 μόνον’
640 982 765 1057 Πᾶς
823 990 930 1060 γὰρ
993 991 1169 1059 ἀνὴρ,
1214 992 1367 1061 φησὶ.
1401 993 1884 1062 προσευχόμενος
1928 991 1967 1059 ἢ

399 1074 789 1140 προφητεύων
849 1073 997 1126 κατὰ
1044 1073 1315 1143 κεφαλῆς
1359 1076 1535 1143 ἔχων,
1588 1075 1970 1142 καταισχύνει

405 1154 517 1220 τὴν
561 1154 840 1223 κεφαλὴν
899 1156 1118 1210 αὐτοῦ’
1150 1157 1248 1227 τὴν
1294 1157 1353 1211 δέ
1406 1160 1636 1226 γυναῖκα
1682 1157 1971 1220 διαπαντὸς

406 1237 916 1291 κατακαλύπτεσθαι
968 1238 1199 1292 κελεύει.
1257 1240 1347 1291 Διὸ
1405 1240 1498 1293 καὶ
1550 1239 1741 1304 εἰπὼν,
1800 1237 1973 1296 Πᾶσα

408 1320 560 1389 γυνὴ
580 1322 1036 1391 προσευχομένη
1056 1322 1095 1391 ἢ
1113 1324 1571 1391 προφητεύουσα
1605 1324 1975 1379 ἀκατακαλύο

408 1418 531 1467 πτῳ
555 1400 626 1469 τῇ
650 1403 906 1471 κεφαλῇ,
930 1406 1318 1473 καταισχύνει
1337 1404 1451 1472 τὴν
1472 1406 1742 1475 κεφαλὴν
1761 1406 1969 1474 αὐτῆς·

409 1485 506 1536 οὐκ
539 1484 664 1553 ἔστη
721 1486 882 1557 μέχρι
926 1486 1115 1539 τούτου
1165 1488 1342 1556 μόνον,
1379 1487 1512 1540 ἀλλὰ
1550 1488 1642 1542 καὶ
1681 1489 1973 1559 ἐπεξῆλθεν

409 1565 596 1619 εἰπὼν·
630 1570 737 1620 Ἓν
762 1568 875 1637 γάρ
915 1570 1046 1623 ἐστι
1088 1570 1185 1623 καί
1220 1569 1286 1623 τὸ
1316 1571 1461 1625 αὐτὸ
1498 1570 1570 1638 τῇ
1614 1571 1972 1641 ἐξυρημένῃ.

399 1650 468 1701 Ἐἰ
493 1650 547 1702 δὲ
577 1652 660 1704 ἀεὶ
690 1652 986 1723 ἐξυρῆσθαι
1011 1653 1254 1724 αἰσχρὸν,
1278 1652 1499 1723 εὔδηλον
1533 1654 1615 1708 ὃτι
1645 1655 1738 1708 καὶ
1765 1655 1972 1711 ἀκατα-

404 1732 677 1789 κάλυπτον
704 1730 841 1787 εἶναι
872 1736 957 1788 ἀεὶ
990 1736 1209 1799 ὄνειδος.

475 1890 538 1945 δ’.
567 1892 674 1945 Καὶ
704 1892 826 1946 οὐδὲ
856 1892 1030 1964 τούτῳ
1054 1894 1293 1965 ἠρκέσθη
1336 1895 1514 1965 μόνον,
1535 1894 1670 1949 ἀλλά
1699 1896 1793 1948 καὶ
1818 1894 1979 1949 πάλιν

410 1974 745 2047 προσέθηκεν
765 1974 953 2036 εἰπὼν,
988 1978 1077 2030 ὅτι·
1111 1977 1359 2046 Ὀφείλει
1384 1977 1675 2041 ἐξουσίαν
1695 1977 1862 2047 ἔχειν
1880 1976 1981 2030 ἐπὶ

412 2056 519 2127 τῆς
543 2056 811 2127 κεφαλῆς
837 2059 875 2125 ὴ
899 2057 1052 2128 γυνὴ
1079 2057 1176 2111 διὰ
1201 2060 1342 2125 τοὺς
1365 2059 1678 2129 ἀγγέλους.
1702 2060 1981 2113 Δείκνυσιν

411 2143 491 2194 ὅτι
536 2142 635 2194 οὐκ
695 2141 753 2192 ἐν
799 2140 877 2211 τῷ
926 2139 1101 2211 καιρῷ
1151 2141 1251 2210 τῆς
1296 2143 1463 2213 εὐχῆς
1497 2142 1677 2213 μόνον,
1716 2142 1852 2197 ἀλλά
1888 2144 1982 2196 καὶ

412 2223 671 2294 διηνεκῶς
709 2223 1115 2292 ἐγκεκαλύφθαι
1148 2223 1244 2277 δεῖ.
1283 2225 1404 2277 Ἐπὶ
1437 2224 1493 2278 δὲ
1516 2224 1608 2277 τοῦ
1635 2225 1826 2296 ἀνδρὸς
1854 2225 1982 2279 οὒκ-

412 2307 490 2360 ἐτι
534 2305 623 2359 τὸν
669 2305 763 2357 τοῦ
801 2305 1177 2375 καλύμματος,
1213 2305 1348 2359 ἀλλά
1377 2306 1468 2360 τὸν
1495 2306 1592 2377 τῆς
1632 2307 1805 2380 κόμης
1840 2306 1982 2361 οὕτω

413 2389 680 2458 γυμνάζει
726 2388 903 2457 λόγον·
954 2386 1321 2442 καλύπτεσθαι
1363 2389 1461 2459 μὲν
1506 2390 1613 2462 γὰρ
1650 2391 1771 2444 τότε
1825 2392 1983 2463 μόνον

414 2471 634 2534 κωλύει,
658 2470 785 2525 ὅταν
827 2469 1070 2540 εὔχηται.
1112 2473 1287 2543 κομᾷν
1318 2471 1374 2525 δὲ
1406 2473 1495 2526 ιΞιελ⁸
1526 2474 1843 2546 ἀποτρέπει.
1885 2475 1983 2530 Διά

414 2553 570 2607 τοῦτο
590 2554 779 2622 ῶσπερ
806 2554 899 2609 ἐπὶ
920 2553 1017 2625 τῆς
1046 2557 1301 2623 γυναικὸς
1324 2550 1496 2621 εἶπεν,
1520 2559 1589 2617 Ei
1609 2556 1677 2610 δὲ
1700 2559 1772 2613 οὐ
1804 2573 1982 2613 καταο

415 2636 797 2701 καλύπτεται,
839 2636 936 2690 καί
998 2636 1288 2705 κειράσθω
1312 2654 1325 2668 ·
1383 2637 1525 2692 οὕτω
1590 2640 1683 2692 καὶ
1741 2640 1835 2693 ἐπὶ
1890 2640 1982 2694 τοῦ

415 2717 626 2789 ἀνδρὸς,
683 2718 765 2772 ὃτι
813 2719 949 2773 Ἐὰν
1000 2718 1173 2788 κομᾷ,
1201 2720 1401 2789 ἀτιμία
1440 2722 1600 2786 αύτῷ
1636 2721 1825 2777 ἐστιν.
1872 2722 1986 2775 Ούκ

414 2796 587 2868 εἶπεν,
631 2801 753 2854 Ἐὰν
792 2800 1150 2873 καλύπτηται,
1187 2802 1300 2856 ἀλλ’
1367 2802 1508 2857 Ἐὰν
1548 2802 1719 2873 κομᾷ.
1756 2804 1846 2858 Διὸ
1890 2804 1986 2859 καὶ

416 2884 715 2954 ἀρχόμενος
737 2883 889 2950 ἔλεγε
914 2900 928 2915 ο
954 2882 1078 2949 Πᾶς
1100 2885 1254 2953 ἀνὴρ
1278 2888 1763 2955 προσευχόμενος
1784 2886 1821 2954 ἢ
1847 2901 1987 2955 xpo-

417 2967 708 3037 φητεύων,
726 2966 877 3020 κατὰ
898 2966 1167 3035 κεφαλῆς
1188 2967 1363 3037 ἔχων.
1388 2971 1501 3021 Ούκ
1528 2965 1667 3034 εἷπε,
1699 2971 1988 3041 Κεκαλυμ-

421 3049 600 3119 μένος,
630 3048 784 3113 ἀλλὰ,
817 3049 975 3103 Κατὰ
1011 3049 1281 3119 κεφαλῆς
1307 3050 1482 3120 ἔχων,
1512 3052 1724 3116 δεικνὺς
1763 3054 1844 3106 ὅτι
1883 3055 1988 3108 κᾶν

418 3132 597 3200 γυμνῇ
641 3128 865 3201 εὔχηται
902 3133 969 3203 τῇ
1006 3132 1239 3203 κεφαλῇ.
1270 3133 1448 3205 κόμην
1475 3133 1532 3187 δέ
1564 3133 1683 3207 ἔχῃ,
1720 3134 1833 3200 ῖσος
1872 3137 1990 3190 ἐστὶ

418 3214 497 3283 τῷ
522 3213 941 3285 κεκαλυμμένῳ.
988 3214 1051 3269 Ἠ
1096 3215 1203 3287 γὰρ
1238 3216 1412 3286 κόμη,
1440 3217 1625 3286 φησὶν,
1660 3218 1794 3273 ἀντὶ
1826 3235 1987 3287 περι-

421 3298 669 3351 ϐολαίου
701 3296 953 3352 δέδοται.
979 3300 1047 3352 El
1088 3298 1156 3351 δὲ
1184 3301 1255 3353 οὐ
1280 3300 1646 3354 καλύπτεται
1687 3301 1863 3371 γυνὴ,
1890 3302 1987 3357 καί

421 3380 732 3447 κειράσθω
764 3383 817 3434 εὶ
848 3380 916 3434 δὲ
936 3382 1192 3451 αίσχρὸν
1222 3382 1459 3452 γυναικὶ
1486 3384 1785 3453 κείρεσθαι
1815 3387 1853 3454 ἢ
1887 3386 1992 3452 6v-

420 3460 657 3531 ρᾶσθαι,
685 3464 1248 3519 κατακαλυπτέσθω.
1293 3464 1380 3518 Ἐν
1410 3466 1710 3537 προοιμίοις
1754 3469 1850 3537 μὲν
1883 3471 1992 3539 γὰρ

422 3545 483 3598 τὸ
514 3546 588 3617 μὴ
621 3546 832 3618 γυμνὴν
856 3548 998 3618 ἐχειν
1024 3547 1120 3620 τὴν
1149 3549 1390 3621 κεφαλὴν
1423 3550 1671 3603 ἀπαιτεῖ*
1701 3552 1905 3623 προῖὼν
1935 3552 1992 3606 δὲ

424 3631 516 3682 καὶ
550 3628 609 3681 τὸ
644 3629 887 3700 διηνεκὲς
916 3631 1209 3685 αἰνίττεται
1234 3632 1429 3702 λέγων,
1468 3636 1574 3688 Ἔν
1596 3635 1705 3705 γάρ
1736 3637 1866 3690 ἐστι
1892 3638 1991 3691 καί

426 3711 494 3763 τὸ
519 3710 666 3764 αὐτὸ
696 3711 772 3781 τῇ
800 3712 1157 3783 ἐξυρημένῃ,
1194 3715 1287 3769 καὶ
1317 3715 1378 3769 τὸ
1409 3716 1526 3787 μετ’
1551 3718 1865 3789 ἐπιμελείας
1897 3723 1992 3773 καὶ

428 3794 661 3864 σπουδῆς
682 3795 916 3864 ἀπάσης.
942 3798 1075 3851 υύδὲ
1101 3798 1207 3870 γὰρ
1228 3797 1592 3855 καλύπτεσθαι
1614 3798 1763 3856 εἶπεν
1787 3802 1990 3866 ἁπλῶς,

427 3876 563 3928 ἀλλά
629 3877 1159 3942 κατακαλύπτεσθαι,
1223 3881 1361 3934 ὥστε
1424 3883 1666 3954 ἀκριϐῶς
1730 3884 1993 3939 πάντοθεν

427 3958 833 4031 περιεστάλθαι.
869 3960 979 4013 Καὶ
1004 3963 1067 4031 τῇ
1095 3964 1174 4025 είς
1195 3961 1392 4016 ἄτοπον
1425 3966 1691 4037 ἀπαγωγῇ
1721 3969 1990 4039 ἐντρέπει,

429 4039 672 4111 σφοδρῶς
716 4039 865 4114 [255]
910 4041 1316 4114 καθαπτόμενος
1362 4046 1454 4099 καὶ
1500 4048 1693 4116 λέγων,
1726 4052 1794 4103 Εἰ
1823 4049 1892 4102 δὲ
1923 4051 1994 4103 οὐ

431 4125 967 4187 κατακαλύπτεται,
998 4124 1098 4179 καί
1136 4125 1448 4194 κειράσθω.
1472 4130 1531 4183 Et
1554 4131 1662 4203 γὰρ
1682 4131 1741 4184 τὸ
1765 4131 1871 4185 άπὸ
1901 4131 1993 4184 τοῦ

427 4207 593 4277 νόμου
616 4206 710 4260 τοῦ
738 4206 872 4263 Θεοῦ
902 4208 1165 4279 κάλυμμα
1189 4209 1341 4264 τεθὲν
1369 4210 1597 4281 ῥίπτεις,
1630 4215 1781 4285 φησὶ,
1818 4213 1910 4268 καὶ
1936 4215 1996 4266 τὸ

428 4292 660 4362 ἀπὺ-τῆς
691 4291 906 4362 φύσεως
930 4291 1103 4362 ῥῖψον.
1136 4293 1200 4346 Εἰ
1240 4293 1297 4348 δέ
1324 4293 1470 4364 λέγει
1499 4313 1600 4361 τις,
1632 4297 1740 4352 Καὶ
1778 4296 1894 4360 πῶς
1930 4298 1997 4350 ἀν

428 4375 515 4447 εἴη
543 4374 703 4429 τοῦτο
737 4375 965 4446 αἰσχύνη
991 4378 1056 4446 τῇ
1092 4377 1329 4444 γυναικὶ,
1370 4380 1418 4431 εί
1446 4381 1527 4441 είς
1560 4379 1658 4450 τὴν
1689 4380 1845 4447 δόξαν
1870 4381 1998 4434 ἀνα-

431 4458 606 4512 ϐαίνει
635 4456 730 4511 τοῦ
755 4457 981 4529 ἀνδρός;
1015 4461 1191 4514 ἐκεῖνο
1217 4460 1283 4513 ἂν
1309 4461 1579 4532 εἴποιμεν,
1623 4463 1704 4517 ὅτι
1737 4464 1836 4517 οὐκ
1864 4465 1996 4518 ἀνα-

428 4540 631 4603 ϐαίνει,
660 4540 795 4593 ἀλλά
827 4540 1043 4611 καὶτῆς
1074 4542 1281 4606 οἰκείας
1304 4544 1558 4597 ἐκπίπτει
1586 4545 1767 4615 τιμῆς.
1798 4547 1870 4600 Τὸ
1892 4548 1998 4618 γὰρ

437 4625 512 4695 μὴ
555 4625 684 4676 είσω
710 4623 822 4675 τῶν
850 4624 1064 4698 οἰκείων
1090 4626 1230 4696 ὅρων
1266 4626 1444 4696 μένειν
1477 4626 1570 4680 καὶ
1606 4628 1713 4681 τῶν
1738 4628 1999 4683 τεθέντων

436 4706 586 4777 παρὰ
608 4706 703 4759 τοῦ
738 4704 874 4758 Θεοῦ
901 4705 1102 4776 νόμων,
1134 4708 1248 4761 ἀλλ’
1277 4707 1643 4778 ὑπερϐαίνειν,
1685 4710 1784 4763 οὐκ
1821 4710 1999 4763 ἐπίδο-

438 4789 519 4851 σίς
555 4790 724 4850 ἐστιν,
757 4787 872 4840 ἀλλ’
894 4788 1204 4855 ἐλάττωσις.
1244 4791 1451 4857 ’Ὠσπερ
1486 4789 1595 4862 γάρ
1636 4793 1665 4844 ὁ
1697 4791 1803 4844 τῶν
1844 4793 2002 4845 ἀλλο-

436 4872 604 4943 τρίων
644 4872 947 4942 ἐφιέμενος,
997 4873 1090 4925 καὶ
1147 4874 1404 4944 ἁρπάζων
1447 4873 1515 4928 τά
1568 4873 1643 4946 μὴ
1685 4876 1898 4943 ἐαυτοῦ,
1940 4880 2000 4932 ού

438 4956 603 5009 πλέον
633 4972 686 5009 τι
716 4955 1069 5029 προσέλαϐεν,
1091 4955 1206 5010 ἀλλ’
1232 4958 1536 5027 ἠλάττωται
1560 4960 1652 5013 καὶ
1673 4959 1702 5012 δ
1726 4956 1870 5031 εἶχεν
1895 4963 2003 5016 άπ-

439 5039 650 5105 ολέσας,
687 5041 825 5111 ὅπερ
878 5036 974 5095 οὖν
1031 5040 1125 5094 καὶ
1170 5042 1228 5094 ἐν
1276 5041 1354 5112 τῷ
1399 5043 1711 5114 παραδείσῳ
1760 5044 2001 5114 γέγονεν’

437 5121 581 5175 οὕτω
617 5124 708 5176 καὶ
734 5126 767 5194 ἡ
801 5124 937 5195 γυνὴ
983 5125 1044 5178 οὐ
1091 5124 1499 5196 προσλαμϐάνει
1547 5127 1639 5181 τού
1678 5128 1869 5200 ἀνδρὸς
1906 5131 2006 5200 τὴν

442 5205 741 5271 εὐγένειαν,
770 5207 906 5260 ἀλλὰ
942 5208 1036 5262 καὶ
1055 5208 1152 5280 τὴν
1178 5209 1277 5280 τῆς
1305 5210 1559 5275 γυναικὸς
1589 5211 1883 5264 ἀπόλλυσιν
1914 5212 2008 5267 cf).

446 5286 810 5359 σχημοσύνην.
847 5290 956 5343 Καὶ
998 5292 1097 5343 οὐκ
1143 5291 1386 5346 ἐντεῦθεν
1427 5297 1587 5364 μόνον
1611 5295 1747 5365 αὐτῇ
1792 5296 1862 5348 τά
1905 5295 2008 5364 τῆς

442 5368 722 5440 αἰσχύνης,
762 5369 898 5423 ἀλλά
931 5372 1024 5424 καὶ
1053 5373 1160 5426 ἀπὸ
1181 5374 1280 5445 τῆς
1311 5375 1639 5439 πλεονεξίας.
1676 5375 1871 5431 Λαϐὼν
1898 5377 2010 5430 τοί-

443 5471 540 5507 νυν
588 5452 651 5505 τὸ
700 5452 1118 5524 ὡμολογημένον
1169 5458 1414 5528 αἰσχρὸν,
1477 5461 1571 5514 καὶ
1626 5461 1814 5529 εἰπὼν,
1847 5463 1917 5514 El
1940 5460 2011 5515 δὲ

446 5536 703 5605 αισχρὸν
728 5537 963 5605 γυναικὶ
996 5537 1294 5607 κείρεσθαι
1334 5541 1372 5607 ἣ
1402 5540 1712 5610 ξυρᾶσθαι,
1739 5546 1920 5615 τίθησι
1950 5545 2011 5598 τὸ

447 5620 579 5689 παρ’
612 5618 805 5674 ἑαυτοῦ
843 5619 1026 5674 λοιπὸν
1060 5619 1253 5689 λέγων,
1289 5625 1859 5682 Κατακαλυπτέσθω.
1900 5630 2011 5682 Καὶ

440 5700 550 5755 οὐκ
574 5697 715 5771 εἷπε,
747 5703 1005 5774 Κομάτω,
1041 5703 1193 5765 ἀλλὰ.
1220 5706 1794 5771 Κατακαιυπτέσθω,
1832 5710 2011 5779 ἀμφό-

439 5796 585 5852 ιτερα
606 5783 774 5839 ταῦτα
802 5786 860 5840 ἐν
882 5782 1020 5841 εἶναι
1047 5786 1363 5858 νομοθετῶν,
1393 5789 1487 5842 καὶ
1508 5788 1843 5860 ἑκατέρωθεν
1864 5790 2003 5845 αύτά

1065 300 1124 360 S.
1141 298 1424 356 JOAN‘NIS
1458 296 1643 353 CIIRY
1653 293 1918 352 SOSTOM
1926 295 1943 348 1
1976 324 1987 347 .-

2086 296 2293 351 BHIEP.
2329 292 2876 353 CONSTANTINOP.

3507 284 3622 340 218

2064 410 2501 474 κατασκευάζων,
2529 410 2635 463 ἀπό
2661 426 2717 462 τε
2740 407 2846 461 τῶν
2869 402 3290 475 νενομισμένων.
3314 399 3423 454 ἀπό
3438 417 3499 453 τε
3519 401 3628 454 τῶν

2068 494 2341 548 ἐναντίων.
2386 494 2498 563 Τήν
2533 510 2592 546 τε
2631 491 2739 563 γάρ
2772 488 3061 561 περιϐολὴν
3099 486 3194 539 καὶ
3223 482 3322 554 τὴν
3350 483 3529 551 κόμην
3569 483 3629 535 ἐν

2065 572 2203 630 εἷναί
2241 591 2392 646 φησι’
2429 576 2530 647 τὴν
2553 592 2612 627 τε
2636 574 2974 646 ἐξυρημένην
3002 568 3097 624 καὶ
3128 566 3226 635 τὴν
3243 565 3456 635 γυμνὴν
3481 564 3631 633 ἐχου-

2069 676 2166 712 σαν
2218 658 2480 728 κεφαλὴν,
2513 658 2575 711 τὸ
2600 657 2732 710 αὐτὸ
2767 655 2945 709 πάλινσ
2986 654 3095 705 Ἐν
3130 649 3240 719 γάρ
3275 649 3427 709 ἐστι,
3473 647 3629 716 φησὶ,

2067 742 2167 797 καὶ
2193 741 2258 795 τὸ
2282 741 2429 795 αὐτὸ
2453 738 2528 808 τῇ
2548 736 2903 807 ἐξυρημένῃ.
2929 735 2992 788 Et
3014 733 3068 786 δὲ
3088 732 3232 798 λέγοι
3252 748 3356 795 τις,
3380 729 3494 783 Καὶ
3517 730 3634 792 πῶς

2068 826 2213 876 ἐστιν
2262 823 2342 885 ἓν,
2391 820 2440 875 εί
2481 840 2545 889 γε
2578 821 2715 891 αὓτη
2750 818 2933 890 μὲντὸ
2966 816 3227 884 κάλυμμα
3271 813 3373 881 τῆς
3418 810 3634 880 φύσεως

2069 906 2201 975 ἔχει,
2232 905 2413 975 ἐκείνη
2441 905 2498 959 δὲ
2536 907 2568 975 ἡ
2596 902 2898 974 ἐξυρημένη
2926 899 3045 953 ούδέ
3071 897 3227 950 τοῦτο
3250 913 3265 962 ;
3294 893 3528 965 ἐροῦμεν
3555 894 3635 947 ὃτι

2070 994 2135 1060 τῇ
2156 990 2465 1061 προαιρέσει
2486 990 2704 1042 κάκεῖνο
2728 985 2918 1057 ἔρριψε
2942 982 3021 1054 τῷ
3041 980 3249 1052 γυμνὴν
3270 978 3415 1061 ἔχειν
3437 978 3533 1049 τὴν
3547 994 3635 1061 κε.

2076 1059 2274 1142 φαλὴν’
2305 1059 2354 1124 εί
2382 1072 2438 1124 δὲ
2479 1070 2553 1141 μὴ
2599 1069 2808 1140 γυμνὴν
2847 1067 2956 1120 τῶν
2983 1063 3205 1137 τριχῶν,
3232 1060 3393 1114 τοῦτο
3414 1061 3512 1130 τῆς
3540 1059 3634 1127 φά·

2075 1155 2210 1219 σεώς
2233 1157 2397 1220 ἐστιν,
2430 1155 2529 1207 οὐκ
2556 1153 2789 1221 ἐκείνης.
2818 1151 2979 1204 Ὥστε
3005 1150 3100 1202 καὶ
3117 1150 3151 1215 ἡ
3206 1143 3508 1215 ἐξυρημένη
3536 1159 3633 1209 γυο

2076 1237 2214 1309 μνὴν
2269 1238 2381 1308 ἔχει
2435 1238 2533 1307 τὴν
2576 1234 2835 1306 κεφαλὴν,
2875 1232 3102 1301 κάκείνη
3135 1228 3354 1299 ὁμοίως.
3388 1226 3483 1280 Διά
3522 1225 3632 1295 γὰρ

2070 1320 2230 1375 τοῦτο
2255 1324 2320 1390 τῇ
2357 1319 2516 1390 φύσει
2559 1318 2852 1389 ἐπέτρεψεν
2883 1316 3052 1384 αὐτὴν
3096 1313 3386 1375 σκεπάσαι,
3414 1311 3499 1390 ῖνα
3538 1309 3633 1362 καὶ

2074 1402 2168 1458 ἀπ’
2215 1389 2429 1472 ἐκείνης
2475 1402 2631 1456 τοῦτο
2681 1399 2921 1471 μαθοῦσα
2966 1396 3324 1465 καλύπτηται.
3377 1389 3511 1447 Εἶτα
3542 1392 3636 1446 καὶ

2075 1486 2251 1542 αἰτίαν
2278 1486 2511 1557 τίθησιν,
2551 1486 2687 1554 ὅπερ
2714 1483 2847 1554 ἐφην
2881 1478 3171 1552 πολλαχοῦ,
3207 1477 3458 1548 καθάπερ
3489 1475 3639 1529 ἐλευ-

2076 1570 2253 1640 θέροις
2275 1568 2668 1638 διαλεγόμενος.
2690 1566 2784 1630 Τίς
2807 1561 2946 1637 οὖνὴ
2966 1564 3114 1619 αίτία
3136 1579 3151 1627 ;
3195 1562 3372 1627 Ἀνὴρ
3383 1559 3503 1628 μὲν
3529 1559 3641 1626 γὰρ

2076 1652 2302 1720 ὀφείλει
2332 1650 2911 1712 κατακαλύπτεσθαι,
2967 1645 3143 1701 εἰκὼν
3169 1644 3269 1698 καί
3306 1643 3456 1706 δόξα
3492 1640 3640 1696 Θεοῦ

2074 1733 2382 1803 ὑπάρχων.
2410 1732 2576 1787 Πάλιν
2599 1732 2758 1800 ἐτέρα
2782 1728 2920 1800 αὓτη
2951 1728 3115 1783 αίτίω
3157 1726 3278 1780 οὐδὲ
3303 1725 3412 1796 γὰρ
3433 1726 3516 1778 ὅτι
3547 1740 3641 1777 κε-

2078 1816 2250 1888 φαλὴν
2288 1817 2401 1887 ἔχει
2427 1816 2519 1869 τὸν
2550 1813 2782 1885 Χριστὸν
2814 1812 2970 1882 μόνον
3001 1812 3102 1865 οὑκ
3130 1809 3330 1879 ὀφείλει
3370 1808 3642 1862 καλύπτε-

2080 1900 2222 1963 σθαι,
2253 1900 2404 1969 φησὶ,
2435 1900 2533 1968 τὴν
2558 1896 2817 1967 κεφαλὴν,
2860 1894 2975 1948 ἀλλ’
3000 1895 3081 1948 ὅτι
3114 1895 3209 1948 καὶ
3248 1894 3406 1963 ἄρχει
3427 1892 3527 1963 τῆς
3554 1908 3643 1960 γυ-

2077 1983 2280 2044 ναικός.
2311 1982 2414 2034 Τὸν
2455 1982 2562 2050 γὰρ
2594 1981 2828 2051 ἄρχοντα
2871 1977 2951 2047 τῷ
2996 1976 3204 2046 βασιλεῖ
3245 1975 3537 2047 προσιόντα
3584 1974 3645 2027 τὸ

2078 2064 2178 2135 τῆς
2198 2063 2371 2135 ἀρχῆς
2398 2062 2663 2133 σύμϐολον
2693 2061 2835 2132 ἔχειν
2853 2061 2954 2114 δεῖ.
2983 2061 3192 2131 ’Ὠσπερ
3218 2053 3309 2112 οὗν
3339 2057 3514 2120 οὐδεὶς
3537 2056 3644 2109 τῶν

2078 2147 2353 2217 ἀρχόντων
2393 2146 2559 2215 χωρὶς
2593 2142 2768 2215 ζώνης
2812 2146 2905 2198 καὶ
2931 2142 3173 2215 χλανίδος
3211 2141 3532 2214 τολμήσειεν
3580 2139 3645 2192 ἂν

2080 2229 2315 2300 φανῆναι
2335 2226 2414 2298 τῷ
2440 2228 2502 2281 τὸ
2526 2227 2760 2297 διάδημα
2798 2226 3000 2297 ἔχοντι·
3035 2223 3177 2279 οὕτω
3218 2224 3353 2295 μηδέ
3382 2225 3448 2278 σὺ
3478 2222 3645 2292 χωρὶς

2077 2313 2187 2366 τῶν
2222 2309 2506 2382 συμϐόλων
2537 2311 2637 2380 τῆς
2659 2310 2852 2381 ἀρχῆς,
2875 2310 3013 2381 ὅπερ
3038 2309 3155 2361 ἐστὶ
3177 2307 3238 2360 τδ
3270 2308 3344 2377 μὴ
3372 2305 3646 2359 καλύπτε-

2082 2394 2226 2457 σθαι,
2261 2392 2561 2463 προσεύχου
2591 2391 2667 2463 τῷ
2692 2391 2831 2463 Θεῷ,
2863 2392 2949 2446 ἴνα
2983 2390 3058 2462 μὴ
3078 2390 3301 2461 ὑϐρίζεις
3329 2387 3425 2441 καὶ
3452 2385 3647 2440 σαυτὸν

2081 2479 2175 2532 καλ⁵
2196 2477 2286 2531 τὸν
2312 2475 2664 2547 τετιμηκότα.
2690 2475 2763 2529 Τὸ
2794 2476 2925 2529 αὐτὸ
2955 2475 3011 2527 δὲ
3039 2476 3131 2528 καί
3159 2473 3251 2525 ἐπὶ
3274 2474 3371 2543 τῆς
3390 2469 3646 2540 γυναικὸς

2080 2561 2227 2614 εῐποι
2244 2578 2326 2625 τις
2351 2560 2435 2615 ἄν’
2467 2561 2560 2613 καὶ¹
2591 2560 2698 2630 γὰρ
2726 2559 2822 2613 καὶ
2847 2557 3029 2628 ἐκείνῃ
3048 2556 3204 2625 ὕϐρις
3225 2555 3288 2608 τὸ
3317 2554 3392 2625 μὴ
3418 2553 3560 2624 ἔχειν
3576 2553 3648 2607 τά

2083 2643 2327 2712 σύμϐολα
2379 2642 2479 2713 τῆς
2539 2643 2834 2714 ὑποταγῆς.
2900 2640 3069 2709 Γυνὴ
3125 2640 3194 2694 δὲ
3239 2639 3389 2704 δόξα
3427 2636 3646 2705 ἀνδρός

2080 2727 2269 2780 ἐστιν.
2303 2726 2446 2797 ’Δρα
2472 2726 2673 2797 φυσικὴ
2696 2728 2729 2794 ἡ
2760 2726 2900 2796 ἀρχὴ
2935 2722 3028 2778 τοῦ
3055 2723 3266 2794 ἀνδρός.
3296 2717 3430 2775 Εἶτα
3457 2717 3649 2791 ἐπειδὴ

2083 2809 2423 2881 ἀπεφήνατο,
2454 2808 2547 2862 καὶ
2586 2808 2877 2877 λογισμοὺς
2915 2806 3008 2860 καλ
3048 2807 3224 2870 αἰτίας
3270 2805 3453 2875 τίθησι
3485 2802 3649 2857 πάλιν

2084 2892 2299 2962 ἐτέρας,
2336 2892 2428 2945 ἐπὶ
2456 2892 2553 2963 τὴν
2590 2892 2858 2963 προτέραν
2888 2908 2947 2944 σε
2976 2889 3121 2957 ἄγων
3146 2888 3531 2961 δημιουργίαν,
3556 2888 3652 2941 καὶ

2083 2974 2255 3042 λέγων
2311 2973 2483 3036 οὓτως
2517 2991 2532 3005 ·
2567 2977 2648 3029 Οὺ
2691 2973 2801 3044 γάρ
2841 2974 3010 3028 ἐστιν
3042 2972 3198 3041 ἀνὴρ
3233 2973 3301 3027 ἐκ
3341 2971 3650 3041 γυναικὸς,

2085 3058 2246 3113 ἀλλὰ
2271 3057 2424 3128 γυνὴ
2458 3057 2527 3123 ἐξ
2548 3057 2785 3125 ἀνδρός.
2819 3057 2881 3110 Εἰ
2908 3056 2964 3110 δὲ
2990 3056 3052 3109 τὸ
3083 3056 3147 3109 ἐκ
3165 3072 3311 3119 τινος
3337 3052 3501 3118 εἶναι,
3524 3054 3653 3118 δθξα

2088 3139 2296 3195 ἐκείνου
2322 3139 2383 3204 ἐξ
2408 3134 2468 3195 οὗ
2492 3142 2627 3203 ἐστι,
2658 3138 2835 3209 πολλῷ
2872 3138 3072 3208 μᾶλλον
3100 3139 3160 3191 τὸ
3188 3137 3406 3193 ἐοικότα
3426 3133 3570 3190 εἶναι
3597 3150 3647 3190 ι.

2088 3222 2199 3277 Καὶ
2232 3223 2339 3293 γὰρ
2370 3226 2480 3277 οὐκ
2523 3223 2768 3290 ἐκτίσθη
2812 3225 2845 3277 ό
2883 3222 3038 3291 ἀνὴρ
3084 3221 3183 3277 διὰ
3230 3220 3345 3290 τὴν
3375 3220 3648 3291 γυναῖκα.

2087 3305 2227 3361 ἀλλ’
2250 3306 2289 3373 ἡ
2321 3305 2474 3375 γυνὴ
2500 3306 2595 3359 διὰ
2626 3306 2732 3359 τὸν
2760 3304 3218 3377 ἆνδρα.Δευτέρα
3238 3303 3375 3374 αὓτη
3410 3302 3653 3373 ὑπεροχὴ

2091 3387 2242 3462 [254]
2262 3389 2443 3453 πάλιν,
2466 3389 2662 3460 μᾶλλον
2676 3388 2732 3441 δέ
2756 3388 2848 3441 καὶ
2866 3387 3021 3458 τρίτη
3042 3387 3136 3440 καὶ
3154 3387 3407 3458 τετάρτη.
3432 3385 3651 3457 Πρώτη,

2088 3476 2171 3528 ὃτι
2202 3473 2412 3546 κεφαλὴ
2441 3473 2598 3544 ἡμῶν
2629 3475 2658 3526 ό
2680 3472 2931 3544 Χριστὸς,
2961 3473 3125 3542 ἡμεῖς
3155 3471 3213 3524 δὲ
3239 3471 3339 3542 τῆς
3371 3471 3651 3538 γυναικός·

2088 3557 2335 3629 δευτέρα,
2360 3557 2441 3611 ὅτι
2462 3559 2621 3629 ἡμεῖς
2640 3556 2763 3622 δόξα
2789 3554 2946 3619 Θεοῦ,
2966 3555 3119 3626 ἡμῶν
3147 3554 3205 3607 δὲ
3226 3555 3260 3626 ἡ
3281 3555 3439 3625 γυνὴ-
3471 3553 3653 3625 τρίτη,

2088 3641 2170 3695 ὅτι
2204 3641 2302 3711 οὐχ
2325 3641 2483 3711 ἡμεῖς
2512 3640 2576 3692 ἐκ
2602 3639 2700 3708 τῆς
2726 3638 3001 3706 γυναικὸς,
3026 3636 3139 3690 ἀλλ’
3170 3635 3351 3707 ἐκείνη
3379 3636 3442 3703 ἐξ
3472 3635 3650 3707 ἡμῶν

2088 3723 2345 3795 τετάρτη,
2398 3722 2480 3775 ὅτι
2528 3720 2626 3791 ούχ
2669 3723 2829 3791 ἡμεῖς
2882 3720 2947 3773 δι’
2983 3719 3181 3788 αὐτὴν,
3211 3718 3326 3772 ἀλλ’
3363 3718 3548 3787 ἐκείνη
3586 3715 3652 3769 δι’

2090 3807 2257 3876 ἡμᾶς.
2302 3804 2403 3857 Διὰ
2439 3803 2615 3857 τοῦτο
2644 3804 2869 3874 ὀφείλει
2900 3803 2937 3872 η
2972 3800 3123 3873 γυνὴ
3159 3801 3451 3862 ἐξουσίαν
3491 3800 3655 3870 ἔχειν

2089 3889 2185 3944 ἐπὶ
2215 3886 2325 3958 τῆς
2353 3884 2641 3956 κεφαλῆς.
2677 3887 2778 3941 Διὰ
2805 3886 3000 3950 τοῦτο,
3028 3887 3214 3949 ποῖον;
3254 3884 3373 3938 είπέ
3417 3900 3533 3954 μοι.
3560 3883 3683 3962 Διά,

2091 3974 2263 4025 ταῦτα
2306 3971 2373 4025 τὰ
2408 3970 2672 4042 εἰρημένα
2715 3969 2948 4034 ἅπαντα,
2976 3970 3131 4039 φησι,
3162 3968 3360 4040 μᾶλλον
3385 3967 3443 4021 δὲ
3479 3969 3545 4021 οὐ
3569 3966 3659 4021 διὰ

2090 4054 2264 4108 ταῦτα
2295 4053 2474 4125 μόνον,
2504 4051 2642 4107 ἀλλά
2672 4053 2767 4106 καὶ
2797 4053 2899 4106 Διὰ
2925 4051 3067 4118 τοὺς
3102 4050 3415 4123 ἀγγέλους.
3445 4051 3512 4104 El
3548 4049 3655 4120 γὰρ

2092 4138 2186 4192 τοῦ
2213 4136 2403 4209 ἀνδρὸς
2438 4137 2816 4207 καταφρονεῖς,
2854 4134 3013 4207 φησὶ,
3050 4135 3176 4201 τοὺς
3215 4134 3491 4204 ἀγγέλους,
3515 4133 3659 4188 αίδέ-

2097 4222 2270 4292 σθητι.

2164 4318 2377 4389 ε⁹.”Δρα
2395 4316 2454 4369 τὸ
2470 4315 2858 4377 καλύπτεσθαι,
2875 4313 3152 4385 ὑποταγῆς
3169 4313 3261 4368 καὶ⁷
3276 4313 3538 4379 ἐξουσίας·
3557 4313 3664 4367 κάε-

2096 4421 2174 4457 τω
2202 4402 2308 4473 γάρ
2331 4402 2505 4455 νεύειν
2536 4398 2940 4471 παρασκευάζει
2967 4399 3060 4452 καὶ
3079 4399 3428 4468 ἐντρέπεσθαι
3445 4398 3542 4451 καὶ
3558 4397 3661 4469 τὴν

2097 4486 2303 4539 οἰκείαν
2329 4483 2603 4553 διατηρεῖν
2631 4483 2849 4552 ἁρετὴν.
2892 4479 3084 4552 Ἀρετὴ
3105 4479 3211 4552 γὰρ
3237 4479 3539 4551 ἀρχομένου
3568 4482 3666 4534 καὶ

2098 4568 2231 4637 τιμὴ
2267 4567 2328 4620 τὸ
2358 4567 2541 4637 μένειν
2585 4566 2677 4618 ἐπὶ
2717 4564 2814 4635 τῆς
2848 4563 3113 4633 ὑπακοῆς.
3150 4564 3208 4618 '0
3252 4564 3351 4635 μέν
3385 4564 3496 4635 γὰρ
3524 4565 3666 4635 ἀνὴρ

2098 4652 2197 4704 οὐκ
2223 4647 2591 4717 ἀναγκάζεται
2617 4646 2773 4699 τοῦτο
2802 4648 2991 4698 ποιεῖν·
3013 4645 3107 4699 τοῦ
3140 4646 3253 4717 γὰρ
3270 4647 3543 4700 Δεσπότου
3572 4647 3667 4700 αύ-

2098 4731 2192 4786 τοῦ
2222 4734 2368 4785 ἐστιν
2404 4729 2586 4783 εἰκών·
2626 4731 2658 4799 ἡ
2691 4728 2828 4801 γυνὴ
2870 4729 2926 4781 δὲ
2957 4729 3198 4793 εἰκότως.
3256 4730 3539 4799 Ἐννόησον
3573 4727 3668 4783 οὖν

2098 4815 2199 4883 τῆς
2226 4811 2565 4884 παρανομίας
2609 4811 2705 4882 τὴν
2730 4810 3057 4882 ὑπερϐολὴν,
3083 4812 3210 4866 ὅταν
3240 4812 3477 4883 τοσαύτῃ
3504 4830 3666 4883 τιμη-

2102 4896 2213 4960 θεὶς
2255 4895 2470 4966 ἐξουσίᾳ
2516 4894 2713 4947 σαυτὸν
2740 4894 3125 4965 καταισχύνῃς,
3166 4895 3230 4948 τὸ
3268 4899 3369 4967 τῆς
3412 4895 3667 4965 γυναικὸς

2101 4978 2362 5050 ἁρπάζων
2383 4978 2587 5047 σχῆμα.
2613 4978 2724 5031 Καὶ
2744 4976 2935 5029 ταυτὸν
2957 4980 3149 5043 ποιεῖς,
3175 4977 3250 5042 ὡς
3273 4978 3339 5032 ἂν
3361 4980 3411 5031 εἰ
3431 4978 3669 5049 διάδημα

2102 5060 2302 5126 λαϐὼν,
2335 5059 2496 5132 ῥίψῃς
2540 5059 2600 5112 τὸ
2634 5057 2867 5129 διάδημα
2894 5058 3001 5112 ἀπὸ
3028 5060 3127 5130 τῆς
3166 5061 3429 5130 κεφαλῆς,
3461 5062 3583 5115 ἀντὶ
3610 5060 3668 5115 δὲ

2101 5142 2200 5197 τοῦ
2237 5143 2564 5214 διαδήματος
2595 5142 2835 5196 δουλικὸν
2865 5141 3034 5215 λάϐῃς
3069 5143 3300 5212 ἱμάτιον.
3334 5142 3511 5211 Πλὴν
3532 5145 3670 5198 οὔτε

2104 5226 2261 5294 ἀνὴρ
2307 5226 2485 5296 χωρὶς
2520 5226 2823 5295 γυναικὸς,
2856 5225 3001 5280 οὐδὲ
3039 5227 3196 5296 γυνὴ
3239 5227 3418 5296 χωρίς
3448 5226 3671 5295 ἀνδρὸς

2104 5312 2174 5365 ἐν
2196 5311 2409 5378 Κυρίῳ.
2456 5310 2671 5380 Ἐπειδὴ
2704 5309 2813 5381 γὰρ
2847 5310 3044 5381 πολλὴν
3090 5312 3363 5383 ὑπεροχὴν
3397 5310 3565 5366 ἔδωκε
3591 5311 3672 5381 τῷ

2106 5393 2282 5465 ἀνδρὶ,
2316 5392 2485 5465 είπὼν
2530 5392 2611 5445 ὅτι
2640 5391 2701 5457 ἐξ
2737 5392 2902 5446 αὐτοῦ
2937 5395 2971 5464 ἡ
3002 5394 3163 5464 γυνὴ,
3188 5395 3281 5447 καὶ
3302 5395 3385 5447 ὅτι
3405 5394 3475 5448 δι’
3506 5394 3672 5448 αὐτὸν

2107 5460 2551 5535 καὶ-ὑπ”*αύτὸν·
2585 5481 2671 5534 ἴνα
2717 5482 2855 5551 μήτε
2890 5460 3023 5547 τούς
3054 5460 3253 5554 ἄνδρας
3294 5482 3476 5557 ἐπάρῃ
3508 5482 3673 5536 πλέον

2107 5564 2203 5619 τοῦ
2247 5563 2476 5627 δέοντος,
2535 5564 2673 5636 μήτε
2734 5564 2945 5629 ἐκείνας
3002 5563 3334 5637 ταπεινώσῃ,
3393 5566 3498 5636 δρα
3553 5563 3675 5629 πῶς

2175 5799 2201 5829 ⁸
2220 5797 2367 5861 Μυκη
2388 5797 2443 5846 τὸ
2467 5796 2623 5847 εἰκόνα
2644 5796 2775 5845 εἶναι.
