  <div class='ocr_page' id='page_1' title='image "/cluster/home/n/w/nwhite01/storage/ocr_20150623/61/mdp.39015008622618/224.png"; bbox 0 0 3990 6168; ppageno 0'>
   <div class='ocr_carea' id='block_1_1' title="bbox 319 390 427 446">
    <p class='ocr_par' dir='ltr' id='par_1_1' title="bbox 319 390 427 446">
     <span class='ocr_line' id='line_1_1' title="bbox 319 390 427 446; baseline 0.019 -2"><span class='ocrx_word' id='word_1_1' title='bbox 319 390 427 446; x_wconf 71' lang='grc'><strong>217</strong></span> 
     </span>
    </p>
   </div>
   <div class='ocr_carea' id='block_1_2' title="bbox 320 483 1901 561">
    <p class='ocr_par' dir='ltr' id='par_1_2' title="bbox 320 483 1901 561">
     <span class='ocr_line' id='line_1_2' title="bbox 320 483 1901 561; baseline -0.015 0"><span class='ocrx_word' id='word_1_2' title='bbox 320 504 598 561; x_wconf 82' lang='lat' dir='ltr'><strong>maximus</strong></span> <span class='ocrx_word' id='word_1_3' title='bbox 645 508 793 556; x_wconf 84' lang='lat' dir='ltr'><strong>certe</strong></span> <span class='ocrx_word' id='word_1_4' title='bbox 835 505 913 553; x_wconf 87' lang='lat' dir='ltr'><strong>est</strong></span> <span class='ocrx_word' id='word_1_5' title='bbox 958 495 1131 550; x_wconf 80' lang='lat' dir='ltr'><strong>honor</strong></span> <span class='ocrx_word' id='word_1_6' title='bbox 1179 491 1290 555; x_wconf 90' lang='lat' dir='ltr'><strong>ille,</strong></span> <span class='ocrx_word' id='word_1_7' title='bbox 1326 488 1604 560; x_wconf 88' lang='lat' dir='ltr'><strong>proprium</strong></span> <span class='ocrx_word' id='word_1_8' title='bbox 1654 483 1901 540; x_wconf 77' lang='lat' dir='ltr'><strong>ordinem</strong></span> 
     </span>
    </p>
   </div>
   <div class='ocr_carea' id='block_1_3' title="bbox 323 574 1903 662">
    <p class='ocr_par' dir='ltr' id='par_1_3' title="bbox 323 574 1903 662">
     <span class='ocr_line' id='line_1_3' title="bbox 323 574 1903 662; baseline -0.015 -11"><span class='ocrx_word' id='word_1_9' title='bbox 323 608 573 659; x_wconf 80' lang='lat' dir='ltr'><strong>servare,</strong></span> <span class='ocrx_word' id='word_1_10' title='bbox 602 600 663 646; x_wconf 83' lang='lat' dir='ltr'><strong>ut</strong></span> <span class='ocrx_word' id='word_1_11' title='bbox 687 588 855 662; x_wconf 88' lang='lat' dir='ltr'><strong>pudor</strong></span> <span class='ocrx_word' id='word_1_12' title='bbox 880 594 966 644; x_wconf 80' lang='lat' dir='ltr'><strong>est</strong></span> <span class='ocrx_word' id='word_1_13' title='bbox 990 586 1132 640; x_wconf 89' lang='lat' dir='ltr'><strong>inter</strong></span> <span class='ocrx_word' id='word_1_14' title='bbox 1154 598 1214 638; x_wconf 89' lang='lat' dir='ltr'><strong>se</strong></span> <span class='ocrx_word' id='word_1_15' title='bbox 1232 581 1513 637; x_wconf 82' lang='lat' dir='ltr'><strong>dissidere.</strong></span> <span class='ocrx_word' id='word_1_16' title='bbox 1544 574 1903 644; x_wconf 77' lang='lat' dir='ltr'><strong>Quamobrem</strong></span> 
     </span>
    </p>
   </div>
   <div class='ocr_carea' id='block_1_4' title="bbox 327 668 1905 753">
    <p class='ocr_par' dir='ltr' id='par_1_4' title="bbox 327 668 1905 753">
     <span class='ocr_line' id='line_1_4' title="bbox 327 668 1905 753; baseline -0.013 -13"><span class='ocrx_word' id='word_1_17' title='bbox 327 687 384 740; x_wconf 91' lang='lat' dir='ltr'><strong>in</strong></span> <span class='ocrx_word' id='word_1_18' title='bbox 414 684 657 753; x_wconf 88' lang='lat' dir='ltr'><strong>utrisque</strong></span> <span class='ocrx_word' id='word_1_19' title='bbox 686 681 786 736; x_wconf 89' lang='lat' dir='ltr'><strong>hoc</strong></span> <span class='ocrx_word' id='word_1_20' title='bbox 822 678 1036 750; x_wconf 92' lang='lat' dir='ltr'><strong>posuit,</strong></span> <span class='ocrx_word' id='word_1_21' title='bbox 1068 674 1256 731; x_wconf 87' lang='lat' dir='ltr'><strong>dicens</strong></span> <span class='ocrx_word' id='word_1_22' title='bbox 1289 692 1302 727; x_wconf 89' lang='lat'><strong>:</strong></span> <span class='ocrx_word' id='word_1_23' title='bbox 1333 673 1388 727; x_wconf 74' lang='grc'><strong>4.</strong></span> <span class='ocrx_word' id='word_1_24' title='bbox 1434 670 1612 724; x_wconf 85' lang='lat' dir='ltr'><strong>Omnis</strong></span> <span class='ocrx_word' id='word_1_25' title='bbox 1649 668 1726 721; x_wconf 75' lang='lat' dir='ltr'><strong>uir</strong></span> <span class='ocrx_word' id='word_1_26' title='bbox 1752 681 1905 720; x_wconf 84' lang='lat' dir='ltr'><strong>orans</strong></span> 
     </span>
    </p>
   </div>
   <div class='ocr_carea' id='block_1_5' title="bbox 329 766 1903 844">
    <p class='ocr_par' dir='ltr' id='par_1_5' title="bbox 329 766 1903 844">
     <span class='ocr_line' id='line_1_5' title="bbox 329 766 1903 844; baseline -0.01 -15"><span class='ocrx_word' id='word_1_27' title='bbox 329 786 423 831; x_wconf 87' lang='lat' dir='ltr'><strong>aut</strong></span> <span class='ocrx_word' id='word_1_28' title='bbox 466 775 764 844; x_wconf 72' lang='lat' dir='ltr'><strong>prophetam</strong></span> <span class='ocrx_word' id='word_1_29' title='bbox 798 769 964 824; x_wconf 78' lang='lat' dir='ltr'><strong>uelato</strong></span> <span class='ocrx_word' id='word_1_30' title='bbox 993 766 1444 837; x_wconf 70' lang='lat' dir='ltr'><strong>capite,deturpat</strong></span> <span class='ocrx_word' id='word_1_31' title='bbox 1489 770 1644 831; x_wconf 85' lang='lat' dir='ltr'><strong>caput</strong></span> <span class='ocrx_word' id='word_1_32' title='bbox 1691 775 1837 814; x_wconf 81' lang='lat' dir='ltr'><strong>suum</strong></span> <span class='ocrx_word' id='word_1_33' title='bbox 1884 773 1903 813; x_wconf 89' lang='lat'><strong>:</strong></span> 
     </span>
    </p>
   </div>
   <div class='ocr_carea' id='block_1_6' title="bbox 332 850 1907 927">
    <p class='ocr_par' dir='ltr' id='par_1_6' title="bbox 332 850 1907 927">
     <span class='ocr_line' id='line_1_6' title="bbox 332 850 1907 927; baseline -0.013 -4"><span class='ocrx_word' id='word_1_34' title='bbox 332 868 389 923; x_wconf 81' lang='lat'><strong>5.</strong></span> <span class='ocrx_word' id='word_1_35' title='bbox 411 866 566 922; x_wconf 81' lang='lat' dir='ltr'><strong>omnis</strong></span> <span class='ocrx_word' id='word_1_36' title='bbox 587 873 751 918; x_wconf 77' lang='lat' dir='ltr'><strong>autem</strong></span> <span class='ocrx_word' id='word_1_37' title='bbox 773 860 959 916; x_wconf 82' lang='lat' dir='ltr'><strong>mulier</strong></span> <span class='ocrx_word' id='word_1_38' title='bbox 991 875 1143 915; x_wconf 85' lang='lat' dir='ltr'><strong>orans</strong></span> <span class='ocrx_word' id='word_1_39' title='bbox 1170 866 1257 912; x_wconf 86' lang='lat' dir='ltr'><strong>aut</strong></span> <span class='ocrx_word' id='word_1_40' title='bbox 1286 857 1594 927; x_wconf 72' lang='lat' dir='ltr'><strong>prophetam</strong></span> <span class='ocrx_word' id='word_1_41' title='bbox 1616 868 1720 906; x_wconf 86' lang='lat' dir='ltr'><strong>non</strong></span> <span class='ocrx_word' id='word_1_42' title='bbox 1745 850 1907 905; x_wconf 78' lang='lat' dir='ltr'><strong>velato</strong></span> 
     </span>
    </p>
   </div>
   <div class='ocr_carea' id='block_1_7' title="bbox 332 942 1909 1026">
    <p class='ocr_par' dir='ltr' id='par_1_7' title="bbox 332 942 1909 1026">
     <span class='ocr_line' id='line_1_7' title="bbox 332 942 1909 1026; baseline -0.011 -14"><span class='ocrx_word' id='word_1_43' title='bbox 332 959 496 1026; x_wconf 80' lang='lat' dir='ltr'><strong>capite</strong></span> <span class='ocrx_word' id='word_1_44' title='bbox 514 996 529 1022; x_wconf 95' lang='lat'><strong>,</strong></span> <span class='ocrx_word' id='word_1_45' title='bbox 559 956 796 1024; x_wconf 84' lang='lat' dir='ltr'><strong>deturpat</strong></span> <span class='ocrx_word' id='word_1_46' title='bbox 819 962 975 1024; x_wconf 82' lang='lat' dir='ltr'><strong>caput</strong></span> <span class='ocrx_word' id='word_1_47' title='bbox 1000 966 1169 1005; x_wconf 79' lang='lat' dir='ltr'><strong>suum.</strong></span> <span class='ocrx_word' id='word_1_48' title='bbox 1197 950 1361 1003; x_wconf 84' lang='lat' dir='ltr'><strong>Erant</strong></span> <span class='ocrx_word' id='word_1_49' title='bbox 1388 947 1529 1001; x_wconf 90' lang='lat' dir='ltr'><strong>enim</strong></span> <span class='ocrx_word' id='word_1_50' title='bbox 1550 985 1566 1010; x_wconf 91' lang='lat'><strong>,</strong></span> <span class='ocrx_word' id='word_1_51' title='bbox 1601 954 1659 999; x_wconf 81' lang='lat' dir='ltr'><strong>ut</strong></span> <span class='ocrx_word' id='word_1_52' title='bbox 1679 942 1790 998; x_wconf 79' lang='lat' dir='ltr'><strong>dixi</strong></span> <span class='ocrx_word' id='word_1_53' title='bbox 1814 983 1829 1006; x_wconf 94' lang='lat'><strong>,</strong></span> <span class='ocrx_word' id='word_1_54' title='bbox 1855 949 1909 995; x_wconf 89' lang='lat' dir='ltr'><strong>et</strong></span> 
     </span>
    </p>
   </div>
   <div class='ocr_carea' id='block_1_8' title="bbox 332 1034 1909 1116">
    <p class='ocr_par' dir='ltr' id='par_1_8' title="bbox 332 1034 1909 1116">
     <span class='ocr_line' id='line_1_8' title="bbox 332 1034 1909 1116; baseline -0.01 -13"><span class='ocrx_word' id='word_1_55' title='bbox 332 1051 426 1104; x_wconf 80' lang='lat' dir='ltr'><strong>viri</strong></span> <span class='ocrx_word' id='word_1_56' title='bbox 458 1058 511 1103; x_wconf 90' lang='lat' dir='ltr'><strong>et</strong></span> <span class='ocrx_word' id='word_1_57' title='bbox 539 1047 797 1103; x_wconf 91' lang='lat' dir='ltr'><strong>mulieres</strong></span> <span class='ocrx_word' id='word_1_58' title='bbox 841 1044 1259 1116; x_wconf 82' lang='lat' dir='ltr'><strong>prophetantes.</strong></span> <span class='ocrx_word' id='word_1_59' title='bbox 1286 1050 1345 1096; x_wconf 91' lang='lat' dir='ltr'><strong>et</strong></span> <span class='ocrx_word' id='word_1_60' title='bbox 1371 1040 1624 1093; x_wconf 82' lang='lat' dir='ltr'><strong>mulieres</strong></span> <span class='ocrx_word' id='word_1_61' title='bbox 1654 1045 1780 1091; x_wconf 89' lang='lat' dir='ltr'><strong>tunc</strong></span> <span class='ocrx_word' id='word_1_62' title='bbox 1808 1034 1909 1088; x_wconf 90' lang='lat' dir='ltr'><strong>hoc</strong></span> 
     </span>
    </p>
   </div>
   <div class='ocr_carea' id='block_1_9' title="bbox 326 1130 1909 1204">
    <p class='ocr_par' dir='ltr' id='par_1_9' title="bbox 326 1130 1909 1204">
     <span class='ocr_line' id='line_1_9' title="bbox 326 1130 1909 1204; baseline -0.01 -8"><span class='ocrx_word' id='word_1_63' title='bbox 326 1142 522 1197; x_wconf 85' lang='lat' dir='ltr'><strong>donum</strong></span> <span class='ocrx_word' id='word_1_64' title='bbox 554 1138 814 1194; x_wconf 74' lang='lat' dir='ltr'><strong>habentes</strong></span> <span class='ocrx_word' id='word_1_65' title='bbox 837 1177 852 1202; x_wconf 91' lang='lat'><strong>,</strong></span> <span class='ocrx_word' id='word_1_66' title='bbox 886 1146 948 1191; x_wconf 91' lang='lat' dir='ltr'><strong>ut</strong></span> <span class='ocrx_word' id='word_1_67' title='bbox 970 1135 1199 1204; x_wconf 79' lang='lat' dir='ltr'><strong>Philippi</strong></span> <span class='ocrx_word' id='word_1_68' title='bbox 1232 1132 1375 1197; x_wconf 73' lang='lat' dir='ltr'><strong>ﬁlim,</strong></span> <span class='ocrx_word' id='word_1_69' title='bbox 1401 1140 1458 1185; x_wconf 92' lang='lat' dir='ltr'><strong>ut</strong></span> <span class='ocrx_word' id='word_1_70' title='bbox 1482 1130 1603 1184; x_wconf 72' lang='lat' dir='ltr'><strong>alia:</strong></span> <span class='ocrx_word' id='word_1_71' title='bbox 1628 1137 1683 1183; x_wconf 90' lang='lat' dir='ltr'><strong>et</strong></span> <span class='ocrx_word' id='word_1_72' title='bbox 1707 1135 1835 1182; x_wconf 86' lang='lat' dir='ltr'><strong>ante</strong></span> <span class='ocrx_word' id='word_1_73' title='bbox 1854 1136 1909 1180; x_wconf 90' lang='lat' dir='ltr'><strong>et</strong></span> 
     </span>
    </p>
   </div>
   <div class='ocr_carea' id='block_1_10' title="bbox 323 1217 1911 1304">
    <p class='ocr_par' dir='ltr' id='par_1_10' title="bbox 323 1217 1911 1304">
     <span class='ocr_line' id='line_1_10' title="bbox 323 1217 1911 1304; baseline -0.012 -16"><span class='ocrx_word' id='word_1_74' title='bbox 323 1242 444 1304; x_wconf 86' lang='lat' dir='ltr'><strong>post</strong></span> <span class='ocrx_word' id='word_1_75' title='bbox 483 1233 644 1296; x_wconf 86' lang='lat' dir='ltr'><strong>illas;</strong></span> <span class='ocrx_word' id='word_1_76' title='bbox 673 1229 745 1286; x_wconf 80' lang='lat' dir='ltr'><strong>de</strong></span> <span class='ocrx_word' id='word_1_77' title='bbox 788 1228 984 1299; x_wconf 89' lang='lat' dir='ltr'><strong>quibus</strong></span> <span class='ocrx_word' id='word_1_78' title='bbox 1013 1227 1223 1281; x_wconf 87' lang='lat' dir='ltr'><strong>dicebat</strong></span> <span class='ocrx_word' id='word_1_79' title='bbox 1251 1224 1380 1279; x_wconf 89' lang='lat' dir='ltr'><strong>olim</strong></span> <span class='ocrx_word' id='word_1_80' title='bbox 1426 1221 1686 1293; x_wconf 83' lang='lat' dir='ltr'><strong>prOpheta</strong></span> <span class='ocrx_word' id='word_1_81' title='bbox 1720 1236 1732 1273; x_wconf 93' lang='lat'><strong>:</strong></span> <span class='ocrx_word' id='word_1_82' title='bbox 1777 1217 1911 1271; x_wconf 86' lang='lat' dir='ltr'><strong>Pro-</strong></span> 
     </span>
    </p>
   </div>
   <div class='ocr_carea' id='block_1_11' title="bbox 324 1311 1912 1396">
    <p class='ocr_par' dir='ltr' id='par_1_11' title="bbox 324 1311 1912 1396">
     <span class='ocr_line' id='line_1_11' title="bbox 324 1311 1912 1396; baseline -0.009 -17"><span class='ocrx_word' id='word_1_83' title='bbox 324 1326 606 1396; x_wconf 81' lang='lat' dir='ltr'><strong>pltetabunt</strong></span> <span class='ocrx_word' id='word_1_84' title='bbox 636 1324 735 1392; x_wconf 76' lang='lat' dir='ltr'><strong>ﬁlii</strong></span> <span class='ocrx_word' id='word_1_85' title='bbox 778 1322 965 1387; x_wconf 75' lang='lat' dir='ltr'><strong>vestri,</strong></span> <span class='ocrx_word' id='word_1_86' title='bbox 998 1330 1045 1374; x_wconf 93' lang='lat' dir='ltr'><strong>et</strong></span> <span class='ocrx_word' id='word_1_87' title='bbox 1067 1320 1187 1386; x_wconf 78' lang='lat' dir='ltr'><strong>ﬁlia:</strong></span> <span class='ocrx_word' id='word_1_88' title='bbox 1212 1327 1386 1371; x_wconf 69' lang='lat' dir='ltr'><strong>vestrm</strong></span> <span class='ocrx_word' id='word_1_89' title='bbox 1428 1315 1642 1369; x_wconf 74' lang='lat' dir='ltr'><strong>uisiones</strong></span> <span class='ocrx_word' id='word_1_90' title='bbox 1670 1311 1912 1367; x_wconf 79' lang='lat' dir='ltr'><strong>videbunt</strong></span> 
     </span>
    </p>
   </div>
   <div class='ocr_carea' id='block_1_12' title="bbox 324 1405 1912 1485">
    <p class='ocr_par' dir='ltr' id='par_1_12' title="bbox 324 1405 1912 1485">
     <span class='ocr_line' id='line_1_12' title="bbox 324 1405 1912 1485; baseline -0.009 -14"><span class='ocrx_word' id='word_1_91' title='bbox 324 1417 490 1485; x_wconf 80' lang='lat' dir='ltr'><strong>(Jorl.</strong></span> <span class='ocrx_word' id='word_1_92' title='bbox 522 1416 578 1469; x_wconf 70' lang='lat'><strong>2.</strong></span> <span class='ocrx_word' id='word_1_93' title='bbox 608 1414 727 1484; x_wconf 73' lang='lat'><strong>28).</strong></span> <span class='ocrx_word' id='word_1_94' title='bbox 761 1414 948 1468; x_wconf 75' lang='lat' dir='ltr'><strong>Virum</strong></span> <span class='ocrx_word' id='word_1_95' title='bbox 990 1427 1149 1481; x_wconf 90' lang='lat' dir='ltr'><strong>porro</strong></span> <span class='ocrx_word' id='word_1_96' title='bbox 1177 1424 1284 1464; x_wconf 89' lang='lat' dir='ltr'><strong>non</strong></span> <span class='ocrx_word' id='word_1_97' title='bbox 1310 1421 1523 1476; x_wconf 85' lang='lat' dir='ltr'><strong>semper</strong></span> <span class='ocrx_word' id='word_1_98' title='bbox 1547 1405 1762 1460; x_wconf 88' lang='lat' dir='ltr'><strong>detecto</strong></span> <span class='ocrx_word' id='word_1_99' title='bbox 1788 1415 1912 1457; x_wconf 86' lang='lat' dir='ltr'><strong>esse</strong></span> 
     </span>
    </p>
   </div>
   <div class='ocr_carea' id='block_1_13' title="bbox 327 1494 1906 1576">
    <p class='ocr_par' dir='ltr' id='par_1_13' title="bbox 327 1494 1906 1576">
     <span class='ocr_line' id='line_1_13' title="bbox 327 1494 1906 1576; baseline -0.01 -14"><span class='ocrx_word' id='word_1_100' title='bbox 327 1508 506 1576; x_wconf 82' lang='lat' dir='ltr'><strong>capite</strong></span> <span class='ocrx_word' id='word_1_101' title='bbox 525 1506 698 1576; x_wconf 82' lang='lat' dir='ltr'><strong>jubet,</strong></span> <span class='ocrx_word' id='word_1_102' title='bbox 730 1504 825 1560; x_wconf 92' lang='lat' dir='ltr'><strong>sed</strong></span> <span class='ocrx_word' id='word_1_103' title='bbox 849 1519 972 1559; x_wconf 89' lang='lat' dir='ltr'><strong>cum</strong></span> <span class='ocrx_word' id='word_1_104' title='bbox 1002 1511 1118 1557; x_wconf 90' lang='lat' dir='ltr'><strong>orat</strong></span> <span class='ocrx_word' id='word_1_105' title='bbox 1141 1509 1349 1555; x_wconf 88' lang='lat' dir='ltr'><strong>tantum</strong></span> <span class='ocrx_word' id='word_1_106' title='bbox 1384 1516 1397 1552; x_wconf 87' lang='lat'><strong>:</strong></span> <span class='ocrx_word' id='word_1_107' title='bbox 1430 1497 1608 1552; x_wconf 88' lang='lat' dir='ltr'><strong>Omnis</strong></span> <span class='ocrx_word' id='word_1_108' title='bbox 1633 1496 1781 1550; x_wconf 90' lang='lat' dir='ltr'><strong>enim</strong></span> <span class='ocrx_word' id='word_1_109' title='bbox 1808 1494 1906 1556; x_wconf 71' lang='lat' dir='ltr'><strong>air,</strong></span> 
     </span>
    </p>
   </div>
   <div class='ocr_carea' id='block_1_14' title="bbox 333 1587 1912 1667">
    <p class='ocr_par' dir='ltr' id='par_1_14' title="bbox 333 1587 1912 1667">
     <span class='ocr_line' id='line_1_14' title="bbox 333 1587 1912 1667; baseline -0.009 -14"><span class='ocrx_word' id='word_1_110' title='bbox 333 1598 543 1667; x_wconf 88' lang='lat' dir='ltr'><strong>inquit,</strong></span> <span class='ocrx_word' id='word_1_111' title='bbox 581 1612 732 1650; x_wconf 80' lang='lat' dir='ltr'><strong>orans</strong></span> <span class='ocrx_word' id='word_1_112' title='bbox 761 1605 849 1650; x_wconf 87' lang='lat' dir='ltr'><strong>aut</strong></span> <span class='ocrx_word' id='word_1_113' title='bbox 878 1594 1181 1665; x_wconf 84' lang='lat' dir='ltr'><strong>praphetans</strong></span> <span class='ocrx_word' id='word_1_114' title='bbox 1219 1600 1393 1662; x_wconf 90' lang='lat' dir='ltr'><strong>operto</strong></span> <span class='ocrx_word' id='word_1_115' title='bbox 1432 1589 1629 1659; x_wconf 67' lang='lat' dir='ltr'><strong>capite,</strong></span> <span class='ocrx_word' id='word_1_116' title='bbox 1673 1587 1912 1653; x_wconf 87' lang='lat' dir='ltr'><strong>deturpat</strong></span> 
     </span>
    </p>
   </div>
   <div class='ocr_carea' id='block_1_15' title="bbox 336 1688 1912 1760">
    <p class='ocr_par' dir='ltr' id='par_1_15' title="bbox 336 1688 1912 1760">
     <span class='ocr_line' id='line_1_15' title="bbox 336 1688 1912 1760; baseline -0.009 -16"><span class='ocrx_word' id='word_1_117' title='bbox 336 1699 492 1760; x_wconf 85' lang='lat' dir='ltr'><strong>caput</strong></span> <span class='ocrx_word' id='word_1_118' title='bbox 517 1705 665 1743; x_wconf 86' lang='lat' dir='ltr'><strong>suum</strong></span> <span class='ocrx_word' id='word_1_119' title='bbox 697 1705 714 1742; x_wconf 93' lang='lat'><strong>:</strong></span> <span class='ocrx_word' id='word_1_120' title='bbox 752 1688 1027 1741; x_wconf 88' lang='lat' dir='ltr'><strong>mulierem</strong></span> <span class='ocrx_word' id='word_1_121' title='bbox 1055 1694 1232 1739; x_wconf 88' lang='lat' dir='ltr'><strong>autem</strong></span> <span class='ocrx_word' id='word_1_122' title='bbox 1262 1697 1474 1752; x_wconf 82' lang='lat' dir='ltr'><strong>semper</strong></span> <span class='ocrx_word' id='word_1_123' title='bbox 1512 1689 1652 1735; x_wconf 67' lang='lat' dir='ltr'><strong>tecto</strong></span> <span class='ocrx_word' id='word_1_124' title='bbox 1681 1693 1799 1733; x_wconf 87' lang='lat' dir='ltr'><strong>esse</strong></span> <span class='ocrx_word' id='word_1_125' title='bbox 1826 1691 1912 1731; x_wconf 82' lang='lat' dir='ltr'><strong>ca-</strong></span> 
     </span>
    </p>
   </div>
   <div class='ocr_carea' id='block_1_16' title="bbox 343 1770 1916 1851">
    <p class='ocr_par' dir='ltr' id='par_1_16' title="bbox 343 1770 1916 1851">
     <span class='ocr_line' id='line_1_16' title="bbox 343 1770 1916 1851; baseline -0.008 -16"><span class='ocrx_word' id='word_1_126' title='bbox 343 1782 455 1851; x_wconf 91' lang='lat' dir='ltr'><strong>pite</strong></span> <span class='ocrx_word' id='word_1_127' title='bbox 485 1780 661 1851; x_wconf 84' lang='lat' dir='ltr'><strong>jubet.</strong></span> <span class='ocrx_word' id='word_1_128' title='bbox 703 1777 1062 1846; x_wconf 79' lang='lat' dir='ltr'><strong>Quamobrem</strong></span> <span class='ocrx_word' id='word_1_129' title='bbox 1087 1791 1206 1830; x_wconf 85' lang='lat' dir='ltr'><strong>cum</strong></span> <span class='ocrx_word' id='word_1_130' title='bbox 1232 1773 1497 1829; x_wconf 83' lang='lat' dir='ltr'><strong>dixisset:</strong></span> <span class='ocrx_word' id='word_1_131' title='bbox 1538 1771 1713 1825; x_wconf 83' lang='lat' dir='ltr'><strong>Omnis</strong></span> <span class='ocrx_word' id='word_1_132' title='bbox 1737 1770 1916 1823; x_wconf 76' lang='lat' dir='ltr'><strong>ntulier</strong></span> 
     </span>
    </p>
   </div>
   <div class='ocr_carea' id='block_1_17' title="bbox 347 1863 1916 1938">
    <p class='ocr_par' dir='ltr' id='par_1_17' title="bbox 347 1863 1916 1938">
     <span class='ocr_line' id='line_1_17' title="bbox 347 1863 1916 1938; baseline -0.008 -15"><span class='ocrx_word' id='word_1_133' title='bbox 347 1887 500 1925; x_wconf 85' lang='lat' dir='ltr'><strong>orans</strong></span> <span class='ocrx_word' id='word_1_134' title='bbox 524 1879 613 1923; x_wconf 87' lang='lat' dir='ltr'><strong>aut</strong></span> <span class='ocrx_word' id='word_1_135' title='bbox 638 1870 949 1938; x_wconf 83' lang='lat' dir='ltr'><strong>propltetans</strong></span> <span class='ocrx_word' id='word_1_136' title='bbox 978 1883 1079 1920; x_wconf 88' lang='lat' dir='ltr'><strong>non</strong></span> <span class='ocrx_word' id='word_1_137' title='bbox 1104 1873 1276 1937; x_wconf 85' lang='lat' dir='ltr'><strong>operto</strong></span> <span class='ocrx_word' id='word_1_138' title='bbox 1296 1864 1473 1932; x_wconf 83' lang='lat' dir='ltr'><strong>capite,</strong></span> <span class='ocrx_word' id='word_1_139' title='bbox 1508 1863 1739 1929; x_wconf 84' lang='lat' dir='ltr'><strong>deturpat</strong></span> <span class='ocrx_word' id='word_1_140' title='bbox 1765 1868 1916 1929; x_wconf 86' lang='lat' dir='ltr'><strong>caput</strong></span> 
     </span>
    </p>
   </div>
   <div class='ocr_carea' id='block_1_18' title="bbox 343 1952 1909 2027">
    <p class='ocr_par' dir='ltr' id='par_1_18' title="bbox 343 1952 1909 2027">
     <span class='ocr_line' id='line_1_18' title="bbox 343 1952 1909 2027; baseline -0.008 -12"><span class='ocrx_word' id='word_1_141' title='bbox 343 1979 492 2016; x_wconf 84' lang='lat' dir='ltr'><strong>suum</strong></span> <span class='ocrx_word' id='word_1_142' title='bbox 513 1979 537 2027; x_wconf 87' lang='lat'><strong><em>;</em></strong></span> <span class='ocrx_word' id='word_1_143' title='bbox 556 1976 660 2015; x_wconf 91' lang='lat' dir='ltr'><strong>non</strong></span> <span class='ocrx_word' id='word_1_144' title='bbox 683 1961 770 2015; x_wconf 89' lang='lat' dir='ltr'><strong>hic</strong></span> <span class='ocrx_word' id='word_1_145' title='bbox 794 1959 1053 2024; x_wconf 86' lang='lat' dir='ltr'><strong>constitit,</strong></span> <span class='ocrx_word' id='word_1_146' title='bbox 1076 1957 1169 2012; x_wconf 84' lang='lat' dir='ltr'><strong>sed</strong></span> <span class='ocrx_word' id='word_1_147' title='bbox 1193 1964 1543 2026; x_wconf 88' lang='lat' dir='ltr'><strong>prosequutus</strong></span> <span class='ocrx_word' id='word_1_148' title='bbox 1562 1962 1666 2017; x_wconf 88' lang='lat' dir='ltr'><strong>est,</strong></span> <span class='ocrx_word' id='word_1_149' title='bbox 1690 1952 1909 2007; x_wconf 87' lang='lat' dir='ltr'><strong>dicens:</strong></span> 
     </span>
    </p>
   </div>
   <div class='ocr_carea' id='block_1_19' title="bbox 343 2047 1916 2116">
    <p class='ocr_par' dir='ltr' id='par_1_19' title="bbox 343 2047 1916 2116">
     <span class='ocr_line' id='line_1_19' title="bbox 343 2047 1916 2116; baseline -0.006 -7"><span class='ocrx_word' id='word_1_150' title='bbox 343 2054 511 2110; x_wconf 82' lang='lat' dir='ltr'><strong>Unum</strong></span> <span class='ocrx_word' id='word_1_151' title='bbox 536 2054 670 2108; x_wconf 84' lang='lat' dir='ltr'><strong>enim</strong></span> <span class='ocrx_word' id='word_1_152' title='bbox 704 2064 778 2108; x_wconf 87' lang='lat' dir='ltr'><strong>est</strong></span> <span class='ocrx_word' id='word_1_153' title='bbox 803 2069 864 2107; x_wconf 84' lang='lat' dir='ltr'><strong>ac</strong></span> <span class='ocrx_word' id='word_1_154' title='bbox 890 2053 936 2106; x_wconf 83' lang='lat' dir='ltr'><strong>si</strong></span> <span class='ocrx_word' id='word_1_155' title='bbox 963 2051 1263 2106; x_wconf 78' lang='lat' dir='ltr'><strong>decalvetur.</strong></span> <span class='ocrx_word' id='word_1_156' title='bbox 1296 2047 1443 2115; x_wconf 85' lang='lat' dir='ltr'><strong>Quod</strong></span> <span class='ocrx_word' id='word_1_157' title='bbox 1470 2048 1515 2102; x_wconf 85' lang='lat' dir='ltr'><strong>si</strong></span> <span class='ocrx_word' id='word_1_158' title='bbox 1558 2061 1773 2116; x_wconf 84' lang='lat' dir='ltr'><strong>semper</strong></span> <span class='ocrx_word' id='word_1_159' title='bbox 1795 2059 1916 2101; x_wconf 84' lang='lat' dir='ltr'><strong>esse</strong></span> 
     </span>
    </p>
   </div>
   <div class='ocr_carea' id='block_1_20' title="bbox 336 2137 1913 2216">
    <p class='ocr_par' dir='ltr' id='par_1_20' title="bbox 336 2137 1913 2216">
     <span class='ocr_line' id='line_1_20' title="bbox 336 2137 1913 2216; baseline -0.007 -14"><span class='ocrx_word' id='word_1_160' title='bbox 336 2161 515 2202; x_wconf 88' lang='lat' dir='ltr'><strong>rasam</strong></span> <span class='ocrx_word' id='word_1_161' title='bbox 545 2153 701 2216; x_wconf 87' lang='lat' dir='ltr'><strong>turpe</strong></span> <span class='ocrx_word' id='word_1_162' title='bbox 725 2154 847 2207; x_wconf 89' lang='lat' dir='ltr'><strong>est,</strong></span> <span class='ocrx_word' id='word_1_163' title='bbox 879 2144 1054 2213; x_wconf 80' lang='lat' dir='ltr'><strong>palam</strong></span> <span class='ocrx_word' id='word_1_164' title='bbox 1086 2153 1169 2198; x_wconf 90' lang='lat' dir='ltr'><strong>est</strong></span> <span class='ocrx_word' id='word_1_165' title='bbox 1203 2142 1364 2198; x_wconf 88' lang='lat' dir='ltr'><strong>etiam</strong></span> <span class='ocrx_word' id='word_1_166' title='bbox 1410 2153 1621 2210; x_wconf 82' lang='lat' dir='ltr'><strong>semper</strong></span> <span class='ocrx_word' id='word_1_167' title='bbox 1646 2137 1913 2194; x_wconf 88' lang='lat' dir='ltr'><strong>detectam</strong></span> 
     </span>
    </p>
   </div>
   <div class='ocr_carea' id='block_1_21' title="bbox 332 2238 981 2309">
    <p class='ocr_par' dir='ltr' id='par_1_21' title="bbox 332 2238 981 2309">
     <span class='ocr_line' id='line_1_21' title="bbox 332 2238 981 2309; baseline -0.012 -12"><span class='ocrx_word' id='word_1_168' title='bbox 332 2256 478 2305; x_wconf 89' lang='lat' dir='ltr'><strong>esse,</strong></span> <span class='ocrx_word' id='word_1_169' title='bbox 508 2238 800 2309; x_wconf 91' lang='lat' dir='ltr'><strong>opprobrio</strong></span> <span class='ocrx_word' id='word_1_170' title='bbox 826 2239 981 2291; x_wconf 80' lang='lat' dir='ltr'><strong>verti.</strong></span> 
     </span>
    </p>
   </div>
   <div class='ocr_carea' id='block_1_22' title="bbox 401 2322 1919 2401">
    <p class='ocr_par' dir='ltr' id='par_1_22' title="bbox 401 2322 1919 2401">
     <span class='ocr_line' id='line_1_22' title="bbox 401 2322 1919 2401; baseline -0.007 -15"><span class='ocrx_word' id='word_1_171' title='bbox 401 2333 461 2386; x_wconf 70' lang='grc'><strong>4.</strong></span> <span class='ocrx_word' id='word_1_172' title='bbox 483 2330 665 2401; x_wconf 86' lang='lat' dir='ltr'><strong>Neque</strong></span> <span class='ocrx_word' id='word_1_173' title='bbox 685 2329 800 2384; x_wconf 70' lang='lat' dir='ltr'><strong>haec</strong></span> <span class='ocrx_word' id='word_1_174' title='bbox 824 2329 994 2383; x_wconf 91' lang='lat' dir='ltr'><strong>solum</strong></span> <span class='ocrx_word' id='word_1_175' title='bbox 1024 2327 1153 2381; x_wconf 84' lang='lat' dir='ltr'><strong>satis</strong></span> <span class='ocrx_word' id='word_1_176' title='bbox 1180 2326 1397 2391; x_wconf 87' lang='lat' dir='ltr'><strong>habuit,</strong></span> <span class='ocrx_word' id='word_1_177' title='bbox 1428 2326 1520 2380; x_wconf 85' lang='lat' dir='ltr'><strong>sed</strong></span> <span class='ocrx_word' id='word_1_178' title='bbox 1548 2338 1735 2380; x_wconf 86' lang='lat' dir='ltr'><strong>rursus</strong></span> <span class='ocrx_word' id='word_1_179' title='bbox 1761 2322 1919 2378; x_wconf 86' lang='lat' dir='ltr'><strong>addi-</strong></span> 
     </span>
    </p>
   </div>
   <div class='ocr_carea' id='block_1_23' title="bbox 325 2417 1919 2489">
    <p class='ocr_par' dir='ltr' id='par_1_23' title="bbox 325 2417 1919 2489">
     <span class='ocr_line' id='line_1_23' title="bbox 325 2417 1919 2489; baseline -0.006 -10"><span class='ocrx_word' id='word_1_180' title='bbox 325 2425 446 2480; x_wconf 87' lang='lat' dir='ltr'><strong>dit:</strong></span> <span class='ocrx_word' id='word_1_181' title='bbox 477 2422 565 2478; x_wconf 79' lang='grc'><strong>10.</strong></span> <span class='ocrx_word' id='word_1_182' title='bbox 596 2420 753 2476; x_wconf 81' lang='lat' dir='ltr'><strong>Debet</strong></span> <span class='ocrx_word' id='word_1_183' title='bbox 784 2420 967 2474; x_wconf 83' lang='lat' dir='ltr'><strong>mulier</strong></span> <span class='ocrx_word' id='word_1_184' title='bbox 1009 2428 1305 2489; x_wconf 82' lang='lat' dir='ltr'><strong>potestatem</strong></span> <span class='ocrx_word' id='word_1_185' title='bbox 1350 2417 1531 2471; x_wconf 80' lang='lat' dir='ltr'><strong>habere</strong></span> <span class='ocrx_word' id='word_1_186' title='bbox 1579 2432 1731 2486; x_wconf 81' lang='lat' dir='ltr'><strong>super</strong></span> <span class='ocrx_word' id='word_1_187' title='bbox 1764 2424 1919 2485; x_wconf 84' lang='lat' dir='ltr'><strong>caput</strong></span> 
     </span>
    </p>
   </div>
   <div class='ocr_carea' id='block_1_24' title="bbox 326 2508 1920 2585">
    <p class='ocr_par' dir='ltr' id='par_1_24' title="bbox 326 2508 1920 2585">
     <span class='ocr_line' id='line_1_24' title="bbox 326 2508 1920 2585; baseline -0.006 -15"><span class='ocrx_word' id='word_1_188' title='bbox 326 2532 484 2571; x_wconf 81' lang='lat' dir='ltr'><strong>suum</strong></span> <span class='ocrx_word' id='word_1_189' title='bbox 511 2524 714 2585; x_wconf 76' lang='lat' dir='ltr'><strong>propter</strong></span> <span class='ocrx_word' id='word_1_190' title='bbox 733 2511 961 2582; x_wconf 84' lang='lat' dir='ltr'><strong>angelos.</strong></span> <span class='ocrx_word' id='word_1_191' title='bbox 982 2510 1225 2566; x_wconf 87' lang='lat' dir='ltr'><strong>Ostendit</strong></span> <span class='ocrx_word' id='word_1_192' title='bbox 1248 2525 1355 2565; x_wconf 89' lang='lat' dir='ltr'><strong>non</strong></span> <span class='ocrx_word' id='word_1_193' title='bbox 1392 2508 1649 2564; x_wconf 70' lang='lat' dir='ltr'><strong>onttiouis</strong></span> <span class='ocrx_word' id='word_1_194' title='bbox 1679 2517 1920 2577; x_wconf 90' lang='lat' dir='ltr'><strong>tempore</strong></span> 
     </span>
    </p>
   </div>
   <div class='ocr_carea' id='block_1_25' title="bbox 329 2599 1913 2672">
    <p class='ocr_par' dir='ltr' id='par_1_25' title="bbox 329 2599 1913 2672">
     <span class='ocr_line' id='line_1_25' title="bbox 329 2599 1913 2672; baseline -0.006 -11"><span class='ocrx_word' id='word_1_195' title='bbox 329 2617 583 2671; x_wconf 87' lang='lat' dir='ltr'><strong>tantum,</strong></span> <span class='ocrx_word' id='word_1_196' title='bbox 633 2604 727 2660; x_wconf 90' lang='lat' dir='ltr'><strong>sed</strong></span> <span class='ocrx_word' id='word_1_197' title='bbox 779 2605 943 2659; x_wconf 88' lang='lat' dir='ltr'><strong>etiam</strong></span> <span class='ocrx_word' id='word_1_198' title='bbox 994 2610 1255 2672; x_wconf 90' lang='lat' dir='ltr'><strong>perpetuo</strong></span> <span class='ocrx_word' id='word_1_199' title='bbox 1317 2602 1436 2654; x_wconf 88' lang='lat' dir='ltr'><strong>illas</strong></span> <span class='ocrx_word' id='word_1_200' title='bbox 1477 2599 1584 2670; x_wconf 89' lang='lat' dir='ltr'><strong>tegi</strong></span> <span class='ocrx_word' id='word_1_201' title='bbox 1647 2609 1913 2669; x_wconf 86' lang='lat' dir='ltr'><strong>oportere.</strong></span> 
     </span>
    </p>
   </div>
   <div class='ocr_carea' id='block_1_26' title="bbox 327 2689 1919 2762">
    <p class='ocr_par' dir='ltr' id='par_1_26' title="bbox 327 2689 1919 2762">
     <span class='ocr_line' id='line_1_26' title="bbox 327 2689 1919 2762; baseline -0.005 -10"><span class='ocrx_word' id='word_1_202' title='bbox 327 2697 525 2752; x_wconf 73' lang='lat' dir='ltr'><strong>Virum</strong></span> <span class='ocrx_word' id='word_1_203' title='bbox 552 2705 735 2750; x_wconf 89' lang='lat' dir='ltr'><strong>autem</strong></span> <span class='ocrx_word' id='word_1_204' title='bbox 774 2708 882 2748; x_wconf 91' lang='lat' dir='ltr'><strong>non</strong></span> <span class='ocrx_word' id='word_1_205' title='bbox 910 2693 1040 2748; x_wconf 86' lang='lat' dir='ltr'><strong>item</strong></span> <span class='ocrx_word' id='word_1_206' title='bbox 1075 2693 1143 2747; x_wconf 89' lang='lat' dir='ltr'><strong>de</strong></span> <span class='ocrx_word' id='word_1_207' title='bbox 1187 2689 1633 2762; x_wconf 87' lang='lat' dir='ltr'><strong>tegumento,sed</strong></span> <span class='ocrx_word' id='word_1_208' title='bbox 1660 2689 1729 2745; x_wconf 87' lang='lat' dir='ltr'><strong>de</strong></span> <span class='ocrx_word' id='word_1_209' title='bbox 1767 2703 1919 2744; x_wconf 77' lang='lat' dir='ltr'><strong>conia</strong></span> 
     </span>
    </p>
   </div>
   <div class='ocr_carea' id='block_1_27' title="bbox 324 2786 1921 2857">
    <p class='ocr_par' dir='ltr' id='par_1_27' title="bbox 324 2786 1921 2857">
     <span class='ocr_line' id='line_1_27' title="bbox 324 2786 1921 2857; baseline -0.006 -12"><span class='ocrx_word' id='word_1_210' title='bbox 324 2789 571 2845; x_wconf 87' lang='lat' dir='ltr'><strong>instituit</strong></span> <span class='ocrx_word' id='word_1_211' title='bbox 602 2805 617 2843; x_wconf 91' lang='lat'><strong>:</strong></span> <span class='ocrx_word' id='word_1_212' title='bbox 648 2786 896 2857; x_wconf 86' lang='lat' dir='ltr'><strong>prohibet</strong></span> <span class='ocrx_word' id='word_1_213' title='bbox 941 2795 1115 2841; x_wconf 86' lang='lat' dir='ltr'><strong>autem</strong></span> <span class='ocrx_word' id='word_1_214' title='bbox 1159 2799 1228 2839; x_wconf 89' lang='lat' dir='ltr'><strong>ne</strong></span> <span class='ocrx_word' id='word_1_215' title='bbox 1270 2794 1479 2853; x_wconf 79' lang='lat' dir='ltr'><strong>tegatur</strong></span> <span class='ocrx_word' id='word_1_216' title='bbox 1513 2799 1632 2838; x_wconf 90' lang='lat' dir='ltr'><strong>cum</strong></span> <span class='ocrx_word' id='word_1_217' title='bbox 1660 2793 1779 2838; x_wconf 90' lang='lat' dir='ltr'><strong>orat</strong></span> <span class='ocrx_word' id='word_1_218' title='bbox 1806 2792 1921 2837; x_wconf 79' lang='lat' dir='ltr'><strong>tan-</strong></span> 
     </span>
    </p>
   </div>
   <div class='ocr_carea' id='block_1_28' title="bbox 324 2876 1922 2949">
    <p class='ocr_par' dir='ltr' id='par_1_28' title="bbox 324 2876 1922 2949">
     <span class='ocr_line' id='line_1_28' title="bbox 324 2876 1922 2949; baseline -0.004 -12"><span class='ocrx_word' id='word_1_219' title='bbox 324 2892 485 2949; x_wconf 89' lang='lat' dir='ltr'><strong>tum,</strong></span> <span class='ocrx_word' id='word_1_220' title='bbox 538 2895 748 2936; x_wconf 89' lang='lat' dir='ltr'><strong>comam</strong></span> <span class='ocrx_word' id='word_1_221' title='bbox 796 2887 974 2933; x_wconf 88' lang='lat' dir='ltr'><strong>autem</strong></span> <span class='ocrx_word' id='word_1_222' title='bbox 1015 2878 1160 2932; x_wconf 92' lang='lat' dir='ltr'><strong>alere</strong></span> <span class='ocrx_word' id='word_1_223' title='bbox 1215 2891 1429 2947; x_wconf 87' lang='lat' dir='ltr'><strong>semper</strong></span> <span class='ocrx_word' id='word_1_224' title='bbox 1481 2876 1745 2945; x_wconf 84' lang='lat' dir='ltr'><strong>prohibet.</strong></span> <span class='ocrx_word' id='word_1_225' title='bbox 1798 2876 1922 2931; x_wconf 88' lang='lat' dir='ltr'><strong>Ideo</strong></span> 
     </span>
    </p>
   </div>
   <div class='ocr_carea' id='block_1_29' title="bbox 323 2968 1921 3034">
    <p class='ocr_par' dir='ltr' id='par_1_29' title="bbox 323 2968 1921 3034">
     <span class='ocr_line' id='line_1_29' title="bbox 323 2968 1921 3034; baseline -0.004 -6"><span class='ocrx_word' id='word_1_226' title='bbox 323 2974 478 3029; x_wconf 84' lang='lat' dir='ltr'><strong>sicut</strong></span> <span class='ocrx_word' id='word_1_227' title='bbox 501 2971 570 3027; x_wconf 89' lang='lat' dir='ltr'><strong>de</strong></span> <span class='ocrx_word' id='word_1_228' title='bbox 597 2972 823 3027; x_wconf 87' lang='lat' dir='ltr'><strong>muliere</strong></span> <span class='ocrx_word' id='word_1_229' title='bbox 843 2970 978 3025; x_wconf 80' lang='lat' dir='ltr'><strong>dixit</strong></span> <span class='ocrx_word' id='word_1_230' title='bbox 1005 2987 1020 3024; x_wconf 90' lang='lat'><strong>:</strong></span> <span class='ocrx_word' id='word_1_231' title='bbox 1048 2969 1102 3025; x_wconf 89' lang='lat'><strong>6.</strong></span> <span class='ocrx_word' id='word_1_232' title='bbox 1132 2969 1195 3025; x_wconf 88' lang='lat' dir='ltr'><strong>Si</strong></span> <span class='ocrx_word' id='word_1_233' title='bbox 1229 2979 1396 3024; x_wconf 87' lang='lat' dir='ltr'><strong>autem</strong></span> <span class='ocrx_word' id='word_1_234' title='bbox 1420 2984 1522 3022; x_wconf 91' lang='lat' dir='ltr'><strong>non</strong></span> <span class='ocrx_word' id='word_1_235' title='bbox 1554 2968 1762 3034; x_wconf 80' lang='lat' dir='ltr'><strong>veletur,</strong></span> <span class='ocrx_word' id='word_1_236' title='bbox 1806 2978 1921 3021; x_wconf 83' lang='lat' dir='ltr'><strong>ton-</strong></span> 
     </span>
    </p>
   </div>
   <div class='ocr_carea' id='block_1_30' title="bbox 325 3059 1925 3131">
    <p class='ocr_par' dir='ltr' id='par_1_30' title="bbox 325 3059 1925 3131">
     <span class='ocr_line' id='line_1_30' title="bbox 325 3059 1925 3131; baseline -0.006 -10"><span class='ocrx_word' id='word_1_237' title='bbox 325 3067 522 3121; x_wconf 69' lang='lat' dir='ltr'><strong>deatur</strong></span> <span class='ocrx_word' id='word_1_238' title='bbox 546 3081 567 3119; x_wconf 89' lang='lat'><strong>:</strong></span> <span class='ocrx_word' id='word_1_239' title='bbox 593 3065 672 3120; x_wconf 88' lang='lat' dir='ltr'><strong>sic</strong></span> <span class='ocrx_word' id='word_1_240' title='bbox 697 3071 755 3120; x_wconf 91' lang='lat' dir='ltr'><strong>et</strong></span> <span class='ocrx_word' id='word_1_241' title='bbox 780 3062 851 3117; x_wconf 91' lang='lat' dir='ltr'><strong>de</strong></span> <span class='ocrx_word' id='word_1_242' title='bbox 876 3062 994 3117; x_wconf 86' lang='lat' dir='ltr'><strong>viro</strong></span> <span class='ocrx_word' id='word_1_243' title='bbox 1026 3079 1041 3116; x_wconf 88' lang='lat'><strong>:</strong></span> <span class='ocrx_word' id='word_1_244' title='bbox 1069 3061 1132 3116; x_wconf 90' lang='lat' dir='ltr'><strong>Si</strong></span> <span class='ocrx_word' id='word_1_245' title='bbox 1155 3076 1352 3116; x_wconf 88' lang='lat' dir='ltr'><strong>comam</strong></span> <span class='ocrx_word' id='word_1_246' title='bbox 1377 3061 1602 3127; x_wconf 89' lang='lat' dir='ltr'><strong>nutriat,</strong></span> <span class='ocrx_word' id='word_1_247' title='bbox 1643 3059 1925 3131; x_wconf 82' lang='lat' dir='ltr'><strong>ignominia</strong></span> 
     </span>
    </p>
   </div>
   <div class='ocr_carea' id='block_1_31' title="bbox 324 3154 1920 3225">
    <p class='ocr_par' dir='ltr' id='par_1_31' title="bbox 324 3154 1920 3225">
     <span class='ocr_line' id='line_1_31' title="bbox 324 3154 1920 3225; baseline -0.005 -12"><span class='ocrx_word' id='word_1_248' title='bbox 324 3169 404 3213; x_wconf 80' lang='lat' dir='ltr'><strong>est</strong></span> <span class='ocrx_word' id='word_1_249' title='bbox 427 3158 533 3213; x_wconf 85' lang='lat' dir='ltr'><strong>illi.</strong></span> <span class='ocrx_word' id='word_1_250' title='bbox 558 3156 675 3213; x_wconf 93' lang='lat' dir='ltr'><strong>Non</strong></span> <span class='ocrx_word' id='word_1_251' title='bbox 702 3156 867 3220; x_wconf 86' lang='lat' dir='ltr'><strong>dixit,</strong></span> <span class='ocrx_word' id='word_1_252' title='bbox 899 3154 958 3211; x_wconf 88' lang='lat' dir='ltr'><strong>Si</strong></span> <span class='ocrx_word' id='word_1_253' title='bbox 983 3163 1212 3225; x_wconf 88' lang='lat' dir='ltr'><strong>tegatur,</strong></span> <span class='ocrx_word' id='word_1_254' title='bbox 1247 3154 1362 3220; x_wconf 85' lang='lat' dir='ltr'><strong>sed,</strong></span> <span class='ocrx_word' id='word_1_255' title='bbox 1394 3154 1456 3208; x_wconf 88' lang='lat' dir='ltr'><strong>Si</strong></span> <span class='ocrx_word' id='word_1_256' title='bbox 1488 3168 1684 3207; x_wconf 85' lang='lat' dir='ltr'><strong>comam</strong></span> <span class='ocrx_word' id='word_1_257' title='bbox 1712 3155 1920 3207; x_wconf 86' lang='lat' dir='ltr'><strong>nutriat.</strong></span> 
     </span>
    </p>
   </div>
   <div class='ocr_carea' id='block_1_32' title="bbox 328 3246 1922 3320">
    <p class='ocr_par' dir='ltr' id='par_1_32' title="bbox 328 3246 1922 3320">
     <span class='ocr_line' id='line_1_32' title="bbox 328 3246 1922 3320; baseline -0.004 -15"><span class='ocrx_word' id='word_1_258' title='bbox 328 3251 466 3308; x_wconf 85' lang='lat' dir='ltr'><strong>Ideo</strong></span> <span class='ocrx_word' id='word_1_259' title='bbox 483 3251 538 3305; x_wconf 85' lang='lat' dir='ltr'><strong>in</strong></span> <span class='ocrx_word' id='word_1_260' title='bbox 560 3249 820 3320; x_wconf 88' lang='lat' dir='ltr'><strong>principio</strong></span> <span class='ocrx_word' id='word_1_261' title='bbox 833 3248 1005 3303; x_wconf 81' lang='lat' dir='ltr'><strong>dixit:</strong></span> <span class='ocrx_word' id='word_1_262' title='bbox 1033 3246 1210 3301; x_wconf 80' lang='lat' dir='ltr'><strong>Omnis</strong></span> <span class='ocrx_word' id='word_1_263' title='bbox 1229 3248 1469 3302; x_wconf 76' lang='lat' dir='ltr'><strong>uirorans</strong></span> <span class='ocrx_word' id='word_1_264' title='bbox 1490 3256 1576 3300; x_wconf 91' lang='lat' dir='ltr'><strong>aut</strong></span> <span class='ocrx_word' id='word_1_265' title='bbox 1592 3252 1922 3315; x_wconf 83' lang='lat' dir='ltr'><strong>praphetaus,</strong></span> 
     </span>
    </p>
   </div>
   <div class='ocr_carea' id='block_1_33' title="bbox 327 3338 1928 3413">
    <p class='ocr_par' dir='ltr' id='par_1_33' title="bbox 327 3338 1928 3413">
     <span class='ocr_line' id='line_1_33' title="bbox 327 3338 1928 3413; baseline -0.003 -16"><span class='ocrx_word' id='word_1_266' title='bbox 327 3359 499 3413; x_wconf 84' lang='lat' dir='ltr'><strong>super</strong></span> <span class='ocrx_word' id='word_1_267' title='bbox 523 3351 674 3411; x_wconf 81' lang='lat' dir='ltr'><strong>caput</strong></span> <span class='ocrx_word' id='word_1_268' title='bbox 700 3342 908 3396; x_wconf 83' lang='lat' dir='ltr'><strong>habens.</strong></span> <span class='ocrx_word' id='word_1_269' title='bbox 950 3339 1067 3396; x_wconf 89' lang='lat' dir='ltr'><strong>Non</strong></span> <span class='ocrx_word' id='word_1_270' title='bbox 1097 3339 1248 3405; x_wconf 79' lang='lat' dir='ltr'><strong>dixit,</strong></span> <span class='ocrx_word' id='word_1_271' title='bbox 1281 3339 1530 3410; x_wconf 88' lang='lat' dir='ltr'><strong>Opertus,</strong></span> <span class='ocrx_word' id='word_1_272' title='bbox 1585 3338 1698 3403; x_wconf 85' lang='lat' dir='ltr'><strong>sed,</strong></span> <span class='ocrx_word' id='word_1_273' title='bbox 1755 3338 1928 3409; x_wconf 83' lang='lat' dir='ltr'><strong>Super</strong></span> 
     </span>
    </p>
   </div>
   <div class='ocr_carea' id='block_1_34' title="bbox 337 3431 1923 3504">
    <p class='ocr_par' dir='ltr' id='par_1_34' title="bbox 337 3431 1923 3504">
     <span class='ocr_line' id='line_1_34' title="bbox 337 3431 1923 3504; baseline -0.001 -19"><span class='ocrx_word' id='word_1_274' title='bbox 337 3441 505 3504; x_wconf 84' lang='lat' dir='ltr'><strong>caput</strong></span> <span class='ocrx_word' id='word_1_275' title='bbox 525 3432 737 3496; x_wconf 85' lang='lat' dir='ltr'><strong>habens;</strong></span> <span class='ocrx_word' id='word_1_276' title='bbox 753 3431 1040 3487; x_wconf 87' lang='lat' dir='ltr'><strong>ostendens</strong></span> <span class='ocrx_word' id='word_1_277' title='bbox 1053 3431 1193 3502; x_wconf 90' lang='lat' dir='ltr'><strong>quod</strong></span> <span class='ocrx_word' id='word_1_278' title='bbox 1211 3431 1415 3486; x_wconf 91' lang='lat' dir='ltr'><strong>etiamsi</strong></span> <span class='ocrx_word' id='word_1_279' title='bbox 1437 3438 1581 3485; x_wconf 76' lang='lat' dir='ltr'><strong>nnuo</strong></span> <span class='ocrx_word' id='word_1_280' title='bbox 1597 3439 1715 3485; x_wconf 91' lang='lat' dir='ltr'><strong>oret</strong></span> <span class='ocrx_word' id='word_1_281' title='bbox 1729 3432 1923 3499; x_wconf 81' lang='lat' dir='ltr'><strong>capite,</strong></span> 
     </span>
    </p>
   </div>
   <div class='ocr_carea' id='block_1_35' title="bbox 338 3525 1923 3595">
    <p class='ocr_par' dir='ltr' id='par_1_35' title="bbox 338 3525 1923 3595">
     <span class='ocr_line' id='line_1_35' title="bbox 338 3525 1923 3595; baseline -0.004 -14"><span class='ocrx_word' id='word_1_282' title='bbox 338 3540 570 3581; x_wconf 81' lang='lat' dir='ltr'><strong>comam</strong></span> <span class='ocrx_word' id='word_1_283' title='bbox 613 3534 786 3580; x_wconf 86' lang='lat' dir='ltr'><strong>autem</strong></span> <span class='ocrx_word' id='word_1_284' title='bbox 813 3526 1032 3590; x_wconf 89' lang='lat' dir='ltr'><strong>habeat,</strong></span> <span class='ocrx_word' id='word_1_285' title='bbox 1071 3541 1165 3595; x_wconf 84' lang='lat' dir='ltr'><strong>par</strong></span> <span class='ocrx_word' id='word_1_286' title='bbox 1193 3525 1265 3579; x_wconf 87' lang='lat' dir='ltr'><strong>sit</strong></span> <span class='ocrx_word' id='word_1_287' title='bbox 1290 3525 1366 3579; x_wconf 89' lang='lat' dir='ltr'><strong>illi</strong></span> <span class='ocrx_word' id='word_1_288' title='bbox 1389 3525 1477 3594; x_wconf 92' lang='lat' dir='ltr'><strong>qui</strong></span> <span class='ocrx_word' id='word_1_289' title='bbox 1517 3533 1737 3593; x_wconf 89' lang='lat' dir='ltr'><strong>opertus</strong></span> <span class='ocrx_word' id='word_1_290' title='bbox 1761 3532 1923 3578; x_wconf 83' lang='lat' dir='ltr'><strong>esset.</strong></span> 
     </span>
    </p>
   </div>
   <div class='ocr_carea' id='block_1_36' title="bbox 335 3615 1929 3688">
    <p class='ocr_par' dir='ltr' id='par_1_36' title="bbox 335 3615 1929 3688">
     <span class='ocr_line' id='line_1_36' title="bbox 335 3615 1929 3688; baseline -0.003 -14"><span class='ocrx_word' id='word_1_291' title='bbox 335 3615 518 3674; x_wconf 87' lang='lat' dir='ltr'><strong>Coma</strong></span> <span class='ocrx_word' id='word_1_292' title='bbox 544 3618 709 3682; x_wconf 88' lang='lat' dir='ltr'><strong>enim,</strong></span> <span class='ocrx_word' id='word_1_293' title='bbox 738 3619 923 3688; x_wconf 85' lang='lat' dir='ltr'><strong>inquit,</strong></span> <span class='ocrx_word' id='word_1_294' title='bbox 952 3635 1041 3688; x_wconf 90' lang='lat' dir='ltr'><strong>pro</strong></span> <span class='ocrx_word' id='word_1_295' title='bbox 1079 3620 1325 3674; x_wconf 84' lang='lat' dir='ltr'><strong>velamine</strong></span> <span class='ocrx_word' id='word_1_296' title='bbox 1353 3619 1451 3686; x_wconf 85' lang='lat' dir='ltr'><strong>ipsi</strong></span> <span class='ocrx_word' id='word_1_297' title='bbox 1476 3618 1596 3670; x_wconf 85' lang='lat' dir='ltr'><strong>data</strong></span> <span class='ocrx_word' id='word_1_298' title='bbox 1622 3628 1713 3671; x_wconf 89' lang='lat' dir='ltr'><strong>est.</strong></span> <span class='ocrx_word' id='word_1_299' title='bbox 1746 3616 1805 3670; x_wconf 90' lang='lat' dir='ltr'><strong>Si</strong></span> <span class='ocrx_word' id='word_1_300' title='bbox 1835 3634 1929 3670; x_wconf 85' lang='lat' dir='ltr'><strong>au-</strong></span> 
     </span>
    </p>
   </div>
   <div class='ocr_carea' id='block_1_37' title="bbox 330 3710 1931 3777">
    <p class='ocr_par' dir='ltr' id='par_1_37' title="bbox 330 3710 1931 3777">
     <span class='ocr_line' id='line_1_37' title="bbox 330 3710 1931 3777; baseline -0.004 -10"><span class='ocrx_word' id='word_1_301' title='bbox 330 3723 449 3767; x_wconf 84' lang='lat' dir='ltr'><strong>tem</strong></span> <span class='ocrx_word' id='word_1_302' title='bbox 471 3727 579 3765; x_wconf 86' lang='lat' dir='ltr'><strong>non</strong></span> <span class='ocrx_word' id='word_1_303' title='bbox 604 3712 799 3764; x_wconf 81' lang='lat' dir='ltr'><strong>uelatur</strong></span> <span class='ocrx_word' id='word_1_304' title='bbox 817 3710 1012 3775; x_wconf 88' lang='lat' dir='ltr'><strong>mulier,</strong></span> <span class='ocrx_word' id='word_1_305' title='bbox 1045 3713 1312 3765; x_wconf 83' lang='lat' dir='ltr'><strong>tondeatur</strong></span> <span class='ocrx_word' id='word_1_306' title='bbox 1338 3725 1357 3764; x_wconf 91' lang='lat'><strong>:</strong></span> <span class='ocrx_word' id='word_1_307' title='bbox 1385 3710 1427 3763; x_wconf 85' lang='lat' dir='ltr'><strong>si</strong></span> <span class='ocrx_word' id='word_1_308' title='bbox 1454 3719 1620 3762; x_wconf 74' lang='lat' dir='ltr'><strong>autrm</strong></span> <span class='ocrx_word' id='word_1_309' title='bbox 1668 3718 1812 3777; x_wconf 86' lang='lat' dir='ltr'><strong>turpe</strong></span> <span class='ocrx_word' id='word_1_310' title='bbox 1858 3716 1931 3762; x_wconf 80' lang='lat' dir='ltr'><strong>est</strong></span> 
     </span>
    </p>
   </div>
   <div class='ocr_carea' id='block_1_38' title="bbox 326 3802 1931 3874">
    <p class='ocr_par' dir='ltr' id='par_1_38' title="bbox 326 3802 1931 3874">
     <span class='ocr_line' id='line_1_38' title="bbox 326 3802 1931 3874; baseline -0.004 -12"><span class='ocrx_word' id='word_1_311' title='bbox 326 3807 553 3862; x_wconf 77' lang='lat' dir='ltr'><strong>mulieri</strong></span> <span class='ocrx_word' id='word_1_312' title='bbox 571 3805 768 3860; x_wconf 83' lang='lat' dir='ltr'><strong>tonderi</strong></span> <span class='ocrx_word' id='word_1_313' title='bbox 777 3816 863 3859; x_wconf 88' lang='lat' dir='ltr'><strong>aut</strong></span> <span class='ocrx_word' id='word_1_314' title='bbox 879 3805 1009 3872; x_wconf 87' lang='lat' dir='ltr'><strong>radi,</strong></span> <span class='ocrx_word' id='word_1_315' title='bbox 1031 3806 1236 3860; x_wconf 83' lang='lat' dir='ltr'><strong>veletur.</strong></span> <span class='ocrx_word' id='word_1_316' title='bbox 1251 3803 1307 3859; x_wconf 89' lang='lat' dir='ltr'><strong>In</strong></span> <span class='ocrx_word' id='word_1_317' title='bbox 1322 3802 1579 3874; x_wconf 88' lang='lat' dir='ltr'><strong>principio</strong></span> <span class='ocrx_word' id='word_1_318' title='bbox 1593 3802 1732 3856; x_wconf 90' lang='lat' dir='ltr'><strong>enim</strong></span> <span class='ocrx_word' id='word_1_319' title='bbox 1751 3809 1808 3855; x_wconf 91' lang='lat' dir='ltr'><strong>ut</strong></span> <span class='ocrx_word' id='word_1_320' title='bbox 1824 3817 1931 3857; x_wconf 89' lang='lat' dir='ltr'><strong>non</strong></span> 
     </span>
    </p>
   </div>
   <div class='ocr_carea' id='block_1_39' title="bbox 324 3898 1927 3968">
    <p class='ocr_par' dir='ltr' id='par_1_39' title="bbox 324 3898 1927 3968">
     <span class='ocr_line' id='line_1_39' title="bbox 324 3898 1927 3968; baseline -0.007 -10"><span class='ocrx_word' id='word_1_321' title='bbox 324 3901 552 3958; x_wconf 84' lang='lat' dir='ltr'><strong>nudum</strong></span> <span class='ocrx_word' id='word_1_322' title='bbox 600 3899 797 3955; x_wconf 90' lang='lat' dir='ltr'><strong>habeat</strong></span> <span class='ocrx_word' id='word_1_323' title='bbox 833 3908 994 3968; x_wconf 89' lang='lat' dir='ltr'><strong>caput</strong></span> <span class='ocrx_word' id='word_1_324' title='bbox 1046 3898 1272 3968; x_wconf 88' lang='lat' dir='ltr'><strong>requirit</strong></span> <span class='ocrx_word' id='word_1_325' title='bbox 1303 3915 1317 3951; x_wconf 91' lang='lat'><strong>:</strong></span> <span class='ocrx_word' id='word_1_326' title='bbox 1349 3909 1666 3967; x_wconf 86' lang='lat' dir='ltr'><strong>progressus</strong></span> <span class='ocrx_word' id='word_1_327' title='bbox 1708 3903 1885 3948; x_wconf 88' lang='lat' dir='ltr'><strong>autem</strong></span> <span class='ocrx_word' id='word_1_328' title='bbox 1910 3935 1927 3962; x_wconf 91' lang='lat'><strong>,</strong></span> 
     </span>
    </p>
   </div>
   <div class='ocr_carea' id='block_1_40' title="bbox 325 3987 1926 4062">
    <p class='ocr_par' dir='ltr' id='par_1_40' title="bbox 325 3987 1926 4062">
     <span class='ocr_line' id='line_1_40' title="bbox 325 3987 1926 4062; baseline -0.005 -13"><span class='ocrx_word' id='word_1_329' title='bbox 325 4003 393 4048; x_wconf 82' lang='lat' dir='ltr'><strong>ut</strong></span> <span class='ocrx_word' id='word_1_330' title='bbox 420 4007 650 4062; x_wconf 85' lang='lat' dir='ltr'><strong>semper</strong></span> <span class='ocrx_word' id='word_1_331' title='bbox 688 4006 797 4046; x_wconf 89' lang='lat' dir='ltr'><strong>non</strong></span> <span class='ocrx_word' id='word_1_332' title='bbox 854 3990 1055 4045; x_wconf 91' lang='lat' dir='ltr'><strong>nudum</strong></span> <span class='ocrx_word' id='word_1_333' title='bbox 1104 3990 1297 4045; x_wconf 87' lang='lat' dir='ltr'><strong>habeat</strong></span> <span class='ocrx_word' id='word_1_334' title='bbox 1333 3989 1664 4053; x_wconf 88' lang='lat' dir='ltr'><strong>subindicat,</strong></span> <span class='ocrx_word' id='word_1_335' title='bbox 1702 3987 1885 4042; x_wconf 88' lang='lat' dir='ltr'><strong>dicens</strong></span> <span class='ocrx_word' id='word_1_336' title='bbox 1909 4028 1926 4053; x_wconf 90' lang='lat'><strong>,</strong></span> 
     </span>
    </p>
   </div>
   <div class='ocr_carea' id='block_1_41' title="bbox 327 4081 1933 4147">
    <p class='ocr_par' dir='ltr' id='par_1_41' title="bbox 327 4081 1933 4147">
     <span class='ocr_line' id='line_1_41' title="bbox 327 4081 1933 4147; baseline -0.004 -5"><span class='ocrx_word' id='word_1_337' title='bbox 327 4086 526 4142; x_wconf 79' lang='lat' dir='ltr'><strong>Unum</strong></span> <span class='ocrx_word' id='word_1_338' title='bbox 567 4085 713 4140; x_wconf 89' lang='lat' dir='ltr'><strong>enim</strong></span> <span class='ocrx_word' id='word_1_339' title='bbox 740 4094 814 4138; x_wconf 84' lang='lat' dir='ltr'><strong>est</strong></span> <span class='ocrx_word' id='word_1_340' title='bbox 843 4099 903 4136; x_wconf 87' lang='lat' dir='ltr'><strong>ac</strong></span> <span class='ocrx_word' id='word_1_341' title='bbox 926 4088 970 4136; x_wconf 80' lang='lat' dir='ltr'><strong>st</strong></span> <span class='ocrx_word' id='word_1_342' title='bbox 998 4098 1115 4137; x_wconf 86' lang='lat' dir='ltr'><strong>rasa</strong></span> <span class='ocrx_word' id='word_1_343' title='bbox 1140 4084 1201 4137; x_wconf 86' lang='lat' dir='ltr'><strong>sit</strong></span> <span class='ocrx_word' id='word_1_344' title='bbox 1224 4100 1243 4147; x_wconf 87' lang='lat'><strong><em>;</em></strong></span> <span class='ocrx_word' id='word_1_345' title='bbox 1272 4092 1326 4138; x_wconf 87' lang='lat' dir='ltr'><strong>et</strong></span> <span class='ocrx_word' id='word_1_346' title='bbox 1351 4098 1469 4137; x_wconf 91' lang='lat' dir='ltr'><strong>cum</strong></span> <span class='ocrx_word' id='word_1_347' title='bbox 1495 4082 1639 4135; x_wconf 87' lang='lat' dir='ltr'><strong>omni</strong></span> <span class='ocrx_word' id='word_1_348' title='bbox 1670 4081 1847 4136; x_wconf 90' lang='lat' dir='ltr'><strong>studio</strong></span> <span class='ocrx_word' id='word_1_349' title='bbox 1867 4095 1933 4135; x_wconf 84' lang='lat' dir='ltr'><strong>ac</strong></span> 
     </span>
    </p>
   </div>
   <div class='ocr_carea' id='block_1_42' title="bbox 320 4173 1929 4250">
    <p class='ocr_par' dir='ltr' id='par_1_42' title="bbox 320 4173 1929 4250">
     <span class='ocr_line' id='line_1_42' title="bbox 320 4173 1929 4250; baseline -0.004 -16"><span class='ocrx_word' id='word_1_350' title='bbox 320 4177 652 4250; x_wconf 78' lang='lat' dir='ltr'><strong>diligentia.</strong></span> <span class='ocrx_word' id='word_1_351' title='bbox 671 4175 786 4230; x_wconf 92' lang='lat' dir='ltr'><strong>Non</strong></span> <span class='ocrx_word' id='word_1_352' title='bbox 806 4176 949 4231; x_wconf 89' lang='lat' dir='ltr'><strong>enim</strong></span> <span class='ocrx_word' id='word_1_353' title='bbox 972 4184 1032 4230; x_wconf 91' lang='lat' dir='ltr'><strong>ut</strong></span> <span class='ocrx_word' id='word_1_354' title='bbox 1059 4175 1262 4229; x_wconf 81' lang='lat' dir='ltr'><strong>veletur</strong></span> <span class='ocrx_word' id='word_1_355' title='bbox 1281 4183 1335 4229; x_wconf 90' lang='lat' dir='ltr'><strong>et</strong></span> <span class='ocrx_word' id='word_1_356' title='bbox 1357 4182 1563 4244; x_wconf 80' lang='lat' dir='ltr'><strong>tegatur</strong></span> <span class='ocrx_word' id='word_1_357' title='bbox 1589 4173 1747 4227; x_wconf 90' lang='lat' dir='ltr'><strong>modo</strong></span> <span class='ocrx_word' id='word_1_358' title='bbox 1769 4174 1929 4239; x_wconf 77' lang='lat' dir='ltr'><strong>dixit,</strong></span> 
     </span>
    </p>
   </div>
   <div class='ocr_carea' id='block_1_43' title="bbox 320 4267 1930 4339">
    <p class='ocr_par' dir='ltr' id='par_1_43' title="bbox 320 4267 1930 4339">
     <span class='ocr_line' id='line_1_43' title="bbox 320 4267 1930 4339; baseline -0.006 -10"><span class='ocrx_word' id='word_1_359' title='bbox 320 4273 430 4328; x_wconf 85' lang='lat' dir='ltr'><strong>sed</strong></span> <span class='ocrx_word' id='word_1_360' title='bbox 467 4281 536 4326; x_wconf 92' lang='lat' dir='ltr'><strong>ut</strong></span> <span class='ocrx_word' id='word_1_361' title='bbox 562 4278 897 4339; x_wconf 81' lang='lat' dir='ltr'><strong>contegatur,</strong></span> <span class='ocrx_word' id='word_1_362' title='bbox 924 4278 977 4322; x_wconf 90' lang='lat' dir='ltr'><strong>ut</strong></span> <span class='ocrx_word' id='word_1_363' title='bbox 1001 4270 1071 4323; x_wconf 90' lang='lat' dir='ltr'><strong>sit</strong></span> <span class='ocrx_word' id='word_1_364' title='bbox 1093 4268 1328 4335; x_wconf 90' lang='lat' dir='ltr'><strong>undique</strong></span> <span class='ocrx_word' id='word_1_365' title='bbox 1348 4276 1596 4321; x_wconf 86' lang='lat' dir='ltr'><strong>accurate</strong></span> <span class='ocrx_word' id='word_1_366' title='bbox 1616 4267 1930 4335; x_wconf 81' lang='lat' dir='ltr'><strong>composita.</strong></span> 
     </span>
    </p>
   </div>
   <div class='ocr_carea' id='block_1_44' title="bbox 317 4359 1934 4430">
    <p class='ocr_par' dir='ltr' id='par_1_44' title="bbox 317 4359 1934 4430">
     <span class='ocr_line' id='line_1_44' title="bbox 317 4359 1934 4430; baseline -0.007 -7"><span class='ocrx_word' id='word_1_367' title='bbox 317 4369 399 4423; x_wconf 86' lang='lat' dir='ltr'><strong>Et</strong></span> <span class='ocrx_word' id='word_1_368' title='bbox 426 4382 571 4423; x_wconf 91' lang='lat' dir='ltr'><strong>cum</strong></span> <span class='ocrx_word' id='word_1_369' title='bbox 600 4366 655 4420; x_wconf 92' lang='lat' dir='ltr'><strong>in</strong></span> <span class='ocrx_word' id='word_1_370' title='bbox 684 4364 1065 4420; x_wconf 88' lang='lat' dir='ltr'><strong>absurditatem</strong></span> <span class='ocrx_word' id='word_1_371' title='bbox 1095 4377 1208 4417; x_wconf 88' lang='lat' dir='ltr'><strong>rem</strong></span> <span class='ocrx_word' id='word_1_372' title='bbox 1240 4360 1473 4423; x_wconf 87' lang='lat' dir='ltr'><strong>deducit,</strong></span> <span class='ocrx_word' id='word_1_373' title='bbox 1496 4359 1699 4430; x_wconf 89' lang='lat' dir='ltr'><strong>pudore</strong></span> <span class='ocrx_word' id='word_1_374' title='bbox 1728 4359 1934 4414; x_wconf 79' lang='lat' dir='ltr'><strong>suﬂ&#39;un-</strong></span> 
     </span>
    </p>
   </div>
   <div class='ocr_carea' id='block_1_45' title="bbox 318 4452 1936 4524">
    <p class='ocr_par' dir='ltr' id='par_1_45' title="bbox 318 4452 1936 4524">
     <span class='ocr_line' id='line_1_45' title="bbox 318 4452 1936 4524; baseline -0.006 -10"><span class='ocrx_word' id='word_1_375' title='bbox 318 4460 426 4524; x_wconf 90' lang='lat' dir='ltr'><strong>dit,</strong></span> <span class='ocrx_word' id='word_1_376' title='bbox 462 4457 834 4515; x_wconf 75' lang='lat' dir='ltr'><strong>vehementer</strong></span> <span class='ocrx_word' id='word_1_377' title='bbox 880 4457 1154 4510; x_wconf 87' lang='lat' dir='ltr'><strong>incessens</strong></span> <span class='ocrx_word' id='word_1_378' title='bbox 1181 4468 1244 4508; x_wconf 89' lang='lat' dir='ltr'><strong>ac</strong></span> <span class='ocrx_word' id='word_1_379' title='bbox 1281 4452 1463 4507; x_wconf 87' lang='lat' dir='ltr'><strong>dicens</strong></span> <span class='ocrx_word' id='word_1_380' title='bbox 1492 4470 1506 4506; x_wconf 90' lang='lat'><strong>:</strong></span> <span class='ocrx_word' id='word_1_381' title='bbox 1536 4452 1594 4506; x_wconf 90' lang='lat' dir='ltr'><strong>Si</strong></span> <span class='ocrx_word' id='word_1_382' title='bbox 1620 4460 1788 4504; x_wconf 88' lang='lat' dir='ltr'><strong>autem</strong></span> <span class='ocrx_word' id='word_1_383' title='bbox 1834 4467 1936 4505; x_wconf 87' lang='lat' dir='ltr'><strong>non</strong></span> 
     </span>
    </p>
   </div>
   <div class='ocr_carea' id='block_1_46' title="bbox 316 4541 1935 4614">
    <p class='ocr_par' dir='ltr' id='par_1_46' title="bbox 316 4541 1935 4614">
     <span class='ocr_line' id='line_1_46' title="bbox 316 4541 1935 4614; baseline -0.006 -9"><span class='ocrx_word' id='word_1_384' title='bbox 316 4553 563 4614; x_wconf 76' lang='lat' dir='ltr'><strong>velatur,</strong></span> <span class='ocrx_word' id='word_1_385' title='bbox 614 4547 902 4601; x_wconf 86' lang='lat' dir='ltr'><strong>tondeatur.</strong></span> <span class='ocrx_word' id='word_1_386' title='bbox 942 4545 1072 4600; x_wconf 89' lang='lat' dir='ltr'><strong>Nam</strong></span> <span class='ocrx_word' id='word_1_387' title='bbox 1097 4545 1140 4600; x_wconf 91' lang='lat' dir='ltr'><strong>si</strong></span> <span class='ocrx_word' id='word_1_388' title='bbox 1171 4543 1356 4614; x_wconf 88' lang='lat' dir='ltr'><strong>abjicis</strong></span> <span class='ocrx_word' id='word_1_389' title='bbox 1396 4551 1757 4613; x_wconf 80' lang='lat' dir='ltr'><strong>tegumentum</strong></span> <span class='ocrx_word' id='word_1_390' title='bbox 1792 4541 1935 4596; x_wconf 86' lang='lat' dir='ltr'><strong>tibia</strong></span> 
     </span>
    </p>
   </div>
   <div class='ocr_carea' id='block_1_47' title="bbox 320 4633 1934 4712">
    <p class='ocr_par' dir='ltr' id='par_1_47' title="bbox 320 4633 1934 4712">
     <span class='ocr_line' id='line_1_47' title="bbox 320 4633 1934 4712; baseline -0.006 -16"><span class='ocrx_word' id='word_1_391' title='bbox 320 4645 450 4712; x_wconf 88' lang='lat' dir='ltr'><strong>lege</strong></span> <span class='ocrx_word' id='word_1_392' title='bbox 482 4641 589 4695; x_wconf 86' lang='lat' dir='ltr'><strong>Dei</strong></span> <span class='ocrx_word' id='word_1_393' title='bbox 625 4638 834 4702; x_wconf 89' lang='lat' dir='ltr'><strong>datum,</strong></span> <span class='ocrx_word' id='word_1_394' title='bbox 866 4638 1058 4708; x_wconf 91' lang='lat' dir='ltr'><strong>inquit,</strong></span> <span class='ocrx_word' id='word_1_395' title='bbox 1087 4638 1247 4692; x_wconf 85' lang='lat' dir='ltr'><strong>etiam</strong></span> <span class='ocrx_word' id='word_1_396' title='bbox 1296 4635 1346 4690; x_wconf 90' lang='lat' dir='ltr'><strong>id</strong></span> <span class='ocrx_word' id='word_1_397' title='bbox 1374 4633 1516 4706; x_wconf 90' lang='lat' dir='ltr'><strong>quod</strong></span> <span class='ocrx_word' id='word_1_398' title='bbox 1545 4633 1639 4688; x_wconf 89' lang='lat' dir='ltr'><strong>tibi</strong></span> <span class='ocrx_word' id='word_1_399' title='bbox 1683 4648 1712 4688; x_wconf 71' lang='grc' dir='ltr'><strong>ο</strong></span> <span class='ocrx_word' id='word_1_400' title='bbox 1746 4643 1934 4691; x_wconf 88' lang='lat' dir='ltr'><strong>natura</strong></span> 
     </span>
    </p>
   </div>
   <div class='ocr_carea' id='block_1_48' title="bbox 314 4726 1938 4799">
    <p class='ocr_par' dir='ltr' id='par_1_48' title="bbox 314 4726 1938 4799">
     <span class='ocr_line' id='line_1_48' title="bbox 314 4726 1938 4799; baseline -0.004 -11"><span class='ocrx_word' id='word_1_401' title='bbox 314 4735 523 4789; x_wconf 87' lang='lat' dir='ltr'><strong>datum</strong></span> <span class='ocrx_word' id='word_1_402' title='bbox 548 4738 668 4792; x_wconf 86' lang='lat' dir='ltr'><strong>est,</strong></span> <span class='ocrx_word' id='word_1_403' title='bbox 695 4728 892 4799; x_wconf 88' lang='lat' dir='ltr'><strong>abjice.</strong></span> <span class='ocrx_word' id='word_1_404' title='bbox 915 4727 1067 4796; x_wconf 83' lang='lat' dir='ltr'><strong>Quod</strong></span> <span class='ocrx_word' id='word_1_405' title='bbox 1096 4727 1140 4782; x_wconf 90' lang='lat' dir='ltr'><strong>si</strong></span> <span class='ocrx_word' id='word_1_406' title='bbox 1164 4727 1283 4799; x_wconf 89' lang='lat' dir='ltr'><strong>quis</strong></span> <span class='ocrx_word' id='word_1_407' title='bbox 1310 4727 1505 4782; x_wconf 81' lang='lat' dir='ltr'><strong>dixerit</strong></span> <span class='ocrx_word' id='word_1_408' title='bbox 1538 4744 1550 4780; x_wconf 90' lang='lat'><strong>:</strong></span> <span class='ocrx_word' id='word_1_409' title='bbox 1582 4726 1649 4781; x_wconf 87' lang='lat' dir='ltr'><strong>Et</strong></span> <span class='ocrx_word' id='word_1_410' title='bbox 1672 4726 1938 4796; x_wconf 90' lang='lat' dir='ltr'><strong>quomodo</strong></span> 
     </span>
    </p>
   </div>
   <div class='ocr_carea' id='block_1_49' title="bbox 315 4817 1934 4889">
    <p class='ocr_par' dir='ltr' id='par_1_49' title="bbox 315 4817 1934 4889">
     <span class='ocr_line' id='line_1_49' title="bbox 315 4817 1934 4889; baseline -0.004 -11"><span class='ocrx_word' id='word_1_411' title='bbox 315 4823 461 4880; x_wconf 88' lang='lat' dir='ltr'><strong>illud</strong></span> <span class='ocrx_word' id='word_1_412' title='bbox 491 4819 730 4876; x_wconf 87' lang='lat' dir='ltr'><strong>mulieri</strong></span> <span class='ocrx_word' id='word_1_413' title='bbox 760 4828 917 4889; x_wconf 86' lang='lat' dir='ltr'><strong>turpe</strong></span> <span class='ocrx_word' id='word_1_414' title='bbox 937 4818 1120 4883; x_wconf 79' lang='lat' dir='ltr'><strong>fuerit,</strong></span> <span class='ocrx_word' id='word_1_415' title='bbox 1144 4819 1187 4873; x_wconf 87' lang='lat' dir='ltr'><strong>si</strong></span> <span class='ocrx_word' id='word_1_416' title='bbox 1209 4818 1274 4873; x_wconf 89' lang='lat' dir='ltr'><strong>ad</strong></span> <span class='ocrx_word' id='word_1_417' title='bbox 1292 4818 1393 4872; x_wconf 87' lang='lat' dir='ltr'><strong>viri</strong></span> <span class='ocrx_word' id='word_1_418' title='bbox 1417 4817 1635 4887; x_wconf 81' lang='lat' dir='ltr'><strong>gloriam</strong></span> <span class='ocrx_word' id='word_1_419' title='bbox 1666 4817 1934 4871; x_wconf 83' lang='lat' dir='ltr'><strong>ascendit?</strong></span> 
     </span>
    </p>
   </div>
   <div class='ocr_carea' id='block_1_50' title="bbox 312 4909 1926 4978">
    <p class='ocr_par' dir='ltr' id='par_1_50' title="bbox 312 4909 1926 4978">
     <span class='ocr_line' id='line_1_50' title="bbox 312 4909 1926 4978; baseline -0.005 -8"><span class='ocrx_word' id='word_1_420' title='bbox 312 4914 457 4970; x_wconf 91' lang='lat' dir='ltr'><strong>illud</strong></span> <span class='ocrx_word' id='word_1_421' title='bbox 490 4911 843 4976; x_wconf 82' lang='lat' dir='ltr'><strong>dixerimus,</strong></span> <span class='ocrx_word' id='word_1_422' title='bbox 876 4925 982 4964; x_wconf 91' lang='lat' dir='ltr'><strong>non</strong></span> <span class='ocrx_word' id='word_1_423' title='bbox 1004 4909 1313 4974; x_wconf 85' lang='lat' dir='ltr'><strong>ascendere,</strong></span> <span class='ocrx_word' id='word_1_424' title='bbox 1349 4909 1441 4963; x_wconf 88' lang='lat' dir='ltr'><strong>sed</strong></span> <span class='ocrx_word' id='word_1_425' title='bbox 1468 4923 1498 4962; x_wconf 91' lang='lat' dir='ltr'><strong>a</strong></span> <span class='ocrx_word' id='word_1_426' title='bbox 1528 4910 1747 4978; x_wconf 89' lang='lat' dir='ltr'><strong>proprio</strong></span> <span class='ocrx_word' id='word_1_427' title='bbox 1775 4909 1926 4964; x_wconf 81' lang='lat' dir='ltr'><strong>exci-</strong></span> 
     </span>
    </p>
   </div>
   <div class='ocr_carea' id='block_1_51' title="bbox 310 5000 1940 5070">
    <p class='ocr_par' dir='ltr' id='par_1_51' title="bbox 310 5000 1940 5070">
     <span class='ocr_line' id='line_1_51' title="bbox 310 5000 1940 5070; baseline -0.005 -7"><span class='ocrx_word' id='word_1_428' title='bbox 310 5009 458 5063; x_wconf 84' lang='lat' dir='ltr'><strong>dere</strong></span> <span class='ocrx_word' id='word_1_429' title='bbox 493 5006 748 5061; x_wconf 89' lang='lat' dir='ltr'><strong>honore.</strong></span> <span class='ocrx_word' id='word_1_430' title='bbox 783 5001 916 5057; x_wconf 91' lang='lat' dir='ltr'><strong>Nam</strong></span> <span class='ocrx_word' id='word_1_431' title='bbox 944 5002 1083 5056; x_wconf 89' lang='lat' dir='ltr'><strong>inter</strong></span> <span class='ocrx_word' id='word_1_432' title='bbox 1120 5000 1363 5070; x_wconf 86' lang='lat' dir='ltr'><strong>proprios</strong></span> <span class='ocrx_word' id='word_1_433' title='bbox 1394 5001 1648 5055; x_wconf 87' lang='lat' dir='ltr'><strong>terminos</strong></span> <span class='ocrx_word' id='word_1_434' title='bbox 1676 5016 1779 5055; x_wconf 91' lang='lat' dir='ltr'><strong>non</strong></span> <span class='ocrx_word' id='word_1_435' title='bbox 1826 5015 1940 5055; x_wconf 88' lang='lat' dir='ltr'><strong>ma-</strong></span> 
     </span>
    </p>
   </div>
   <div class='ocr_carea' id='block_1_52' title="bbox 312 5092 1936 5167">
    <p class='ocr_par' dir='ltr' id='par_1_52' title="bbox 312 5092 1936 5167">
     <span class='ocr_line' id='line_1_52' title="bbox 312 5092 1936 5167; baseline -0.007 -12"><span class='ocrx_word' id='word_1_436' title='bbox 312 5116 459 5158; x_wconf 88' lang='lat' dir='ltr'><strong>nere</strong></span> <span class='ocrx_word' id='word_1_437' title='bbox 489 5108 556 5156; x_wconf 86' lang='lat' dir='ltr'><strong>et</strong></span> <span class='ocrx_word' id='word_1_438' title='bbox 591 5098 754 5167; x_wconf 81' lang='lat' dir='ltr'><strong>leges</strong></span> <span class='ocrx_word' id='word_1_439' title='bbox 778 5110 811 5149; x_wconf 90' lang='lat' dir='ltr'><strong>a</strong></span> <span class='ocrx_word' id='word_1_440' title='bbox 841 5094 954 5149; x_wconf 91' lang='lat' dir='ltr'><strong>Deo</strong></span> <span class='ocrx_word' id='word_1_441' title='bbox 991 5094 1145 5155; x_wconf 87' lang='lat' dir='ltr'><strong>latas,</strong></span> <span class='ocrx_word' id='word_1_442' title='bbox 1177 5092 1271 5148; x_wconf 89' lang='lat' dir='ltr'><strong>sed</strong></span> <span class='ocrx_word' id='word_1_443' title='bbox 1314 5092 1431 5146; x_wconf 90' lang='lat' dir='ltr'><strong>illas</strong></span> <span class='ocrx_word' id='word_1_444' title='bbox 1461 5092 1771 5160; x_wconf 79' lang='lat' dir='ltr'><strong>transgredi,</strong></span> <span class='ocrx_word' id='word_1_445' title='bbox 1830 5107 1936 5146; x_wconf 91' lang='lat' dir='ltr'><strong>non</strong></span> 
     </span>
    </p>
   </div>
   <div class='ocr_carea' id='block_1_53' title="bbox 308 5184 1939 5256">
    <p class='ocr_par' dir='ltr' id='par_1_53' title="bbox 308 5184 1939 5256">
     <span class='ocr_line' id='line_1_53' title="bbox 308 5184 1939 5256; baseline -0.005 -8"><span class='ocrx_word' id='word_1_446' title='bbox 308 5193 586 5250; x_wconf 83' lang='lat' dir='ltr'><strong>accessio</strong></span> <span class='ocrx_word' id='word_1_447' title='bbox 610 5198 725 5256; x_wconf 85' lang='lat' dir='ltr'><strong>est,</strong></span> <span class='ocrx_word' id='word_1_448' title='bbox 749 5188 842 5244; x_wconf 89' lang='lat' dir='ltr'><strong>sed</strong></span> <span class='ocrx_word' id='word_1_449' title='bbox 869 5189 1185 5242; x_wconf 87' lang='lat' dir='ltr'><strong>imminutio.</strong></span> <span class='ocrx_word' id='word_1_450' title='bbox 1204 5184 1660 5254; x_wconf 85' lang='lat' dir='ltr'><strong>Quemadmodum</strong></span> <span class='ocrx_word' id='word_1_451' title='bbox 1682 5189 1822 5239; x_wconf 88' lang='lat' dir='ltr'><strong>enim</strong></span> <span class='ocrx_word' id='word_1_452' title='bbox 1849 5186 1939 5255; x_wconf 89' lang='lat' dir='ltr'><strong>qui</strong></span> 
     </span>
    </p>
   </div>
   <div class='ocr_carea' id='block_1_54' title="bbox 309 5278 1938 5351">
    <p class='ocr_par' dir='ltr' id='par_1_54' title="bbox 309 5278 1938 5351">
     <span class='ocr_line' id='line_1_54' title="bbox 309 5278 1938 5351; baseline -0.005 -10"><span class='ocrx_word' id='word_1_453' title='bbox 309 5290 504 5343; x_wconf 84' lang='lat' dir='ltr'><strong>aliena</strong></span> <span class='ocrx_word' id='word_1_454' title='bbox 538 5282 917 5351; x_wconf 85' lang='lat' dir='ltr'><strong>concupiscit,</strong></span> <span class='ocrx_word' id='word_1_455' title='bbox 946 5290 1001 5336; x_wconf 91' lang='lat' dir='ltr'><strong>et</strong></span> <span class='ocrx_word' id='word_1_456' title='bbox 1019 5296 1138 5351; x_wconf 66' lang='lat' dir='ltr'><strong>quae</strong></span> <span class='ocrx_word' id='word_1_457' title='bbox 1177 5296 1282 5335; x_wconf 90' lang='lat' dir='ltr'><strong>non</strong></span> <span class='ocrx_word' id='word_1_458' title='bbox 1308 5294 1401 5334; x_wconf 88' lang='lat' dir='ltr'><strong>sua</strong></span> <span class='ocrx_word' id='word_1_459' title='bbox 1430 5288 1553 5334; x_wconf 90' lang='lat' dir='ltr'><strong>sunt</strong></span> <span class='ocrx_word' id='word_1_460' title='bbox 1579 5278 1791 5348; x_wconf 87' lang='lat' dir='ltr'><strong>abripit,</strong></span> <span class='ocrx_word' id='word_1_461' title='bbox 1832 5295 1938 5333; x_wconf 92' lang='lat' dir='ltr'><strong>non</strong></span> 
     </span>
    </p>
   </div>
   <div class='ocr_carea' id='block_1_55' title="bbox 308 5369 1936 5450">
    <p class='ocr_par' dir='ltr' id='par_1_55' title="bbox 308 5369 1936 5450">
     <span class='ocr_line' id='line_1_55' title="bbox 308 5369 1936 5450; baseline -0.004 -19"><span class='ocrx_word' id='word_1_462' title='bbox 308 5379 447 5450; x_wconf 83' lang='lat' dir='ltr'><strong>quid</strong></span> <span class='ocrx_word' id='word_1_463' title='bbox 505 5376 766 5446; x_wconf 87' lang='lat' dir='ltr'><strong>amplius</strong></span> <span class='ocrx_word' id='word_1_464' title='bbox 792 5374 994 5443; x_wconf 88' lang='lat' dir='ltr'><strong>accepit</strong></span> <span class='ocrx_word' id='word_1_465' title='bbox 1022 5413 1038 5435; x_wconf 85' lang='lat'><strong>,</strong></span> <span class='ocrx_word' id='word_1_466' title='bbox 1093 5372 1188 5428; x_wconf 88' lang='lat' dir='ltr'><strong>sed</strong></span> <span class='ocrx_word' id='word_1_467' title='bbox 1219 5371 1534 5426; x_wconf 89' lang='lat' dir='ltr'><strong>detrimento</strong></span> <span class='ocrx_word' id='word_1_468' title='bbox 1561 5380 1643 5425; x_wconf 84' lang='lat' dir='ltr'><strong>est</strong></span> <span class='ocrx_word' id='word_1_469' title='bbox 1684 5369 1903 5425; x_wconf 68' lang='lat' dir='ltr'><strong>allectus</strong></span> <span class='ocrx_word' id='word_1_470' title='bbox 1923 5413 1936 5433; x_wconf 91' lang='lat'><strong>,</strong></span> 
     </span>
    </p>
   </div>
   <div class='ocr_carea' id='block_1_56' title="bbox 307 5461 1940 5542">
    <p class='ocr_par' dir='ltr' id='par_1_56' title="bbox 307 5461 1940 5542">
     <span class='ocr_line' id='line_1_56' title="bbox 307 5461 1940 5542; baseline -0.004 -19"><span class='ocrx_word' id='word_1_471' title='bbox 307 5470 597 5542; x_wconf 79' lang='lat' dir='ltr'><strong>quodque</strong></span> <span class='ocrx_word' id='word_1_472' title='bbox 634 5465 873 5520; x_wconf 84' lang='lat' dir='ltr'><strong>habebat</strong></span> <span class='ocrx_word' id='word_1_473' title='bbox 895 5464 1153 5532; x_wconf 87' lang='lat' dir='ltr'><strong>perdidit;</strong></span> <span class='ocrx_word' id='word_1_474' title='bbox 1183 5463 1235 5518; x_wconf 92' lang='lat' dir='ltr'><strong>id</strong></span> <span class='ocrx_word' id='word_1_475' title='bbox 1257 5462 1398 5533; x_wconf 90' lang='lat' dir='ltr'><strong>quod</strong></span> <span class='ocrx_word' id='word_1_476' title='bbox 1427 5463 1584 5518; x_wconf 88' lang='lat' dir='ltr'><strong>etiam</strong></span> <span class='ocrx_word' id='word_1_477' title='bbox 1614 5461 1665 5515; x_wconf 91' lang='lat' dir='ltr'><strong>in</strong></span> <span class='ocrx_word' id='word_1_478' title='bbox 1697 5461 1940 5529; x_wconf 87' lang='lat' dir='ltr'><strong>paradiso</strong></span> 
     </span>
    </p>
   </div>
   <div class='ocr_carea' id='block_1_57' title="bbox 308 5553 1937 5632">
    <p class='ocr_par' dir='ltr' id='par_1_57' title="bbox 308 5553 1937 5632">
     <span class='ocr_line' id='line_1_57' title="bbox 308 5553 1937 5632; baseline -0.007 -15"><span class='ocrx_word' id='word_1_479' title='bbox 308 5563 561 5632; x_wconf 76' lang='lat' dir='ltr'><strong>contigit</strong></span> <span class='ocrx_word' id='word_1_480' title='bbox 591 5575 611 5614; x_wconf 89' lang='lat'><strong>:</strong></span> <span class='ocrx_word' id='word_1_481' title='bbox 647 5555 731 5610; x_wconf 87' lang='lat' dir='ltr'><strong>sic</strong></span> <span class='ocrx_word' id='word_1_482' title='bbox 769 5564 824 5611; x_wconf 89' lang='lat' dir='ltr'><strong>et</strong></span> <span class='ocrx_word' id='word_1_483' title='bbox 858 5556 1048 5609; x_wconf 89' lang='lat' dir='ltr'><strong>mulier</strong></span> <span class='ocrx_word' id='word_1_484' title='bbox 1072 5570 1177 5608; x_wconf 90' lang='lat' dir='ltr'><strong>non</strong></span> <span class='ocrx_word' id='word_1_485' title='bbox 1201 5555 1394 5621; x_wconf 89' lang='lat' dir='ltr'><strong>accipit</strong></span> <span class='ocrx_word' id='word_1_486' title='bbox 1433 5553 1531 5607; x_wconf 83' lang='lat' dir='ltr'><strong>viri</strong></span> <span class='ocrx_word' id='word_1_487' title='bbox 1573 5553 1937 5618; x_wconf 81' lang='lat' dir='ltr'><strong>nobilitatem,</strong></span> 
     </span>
    </p>
   </div>
   <div class='ocr_carea' id='block_1_58' title="bbox 307 5646 1937 5711">
    <p class='ocr_par' dir='ltr' id='par_1_58' title="bbox 307 5646 1937 5711">
     <span class='ocr_line' id='line_1_58' title="bbox 307 5646 1937 5711; baseline -0.007 0"><span class='ocrx_word' id='word_1_488' title='bbox 307 5653 408 5711; x_wconf 80' lang='lat' dir='ltr'><strong>sed</strong></span> <span class='ocrx_word' id='word_1_489' title='bbox 450 5663 516 5710; x_wconf 87' lang='lat' dir='ltr'><strong>et</strong></span> <span class='ocrx_word' id='word_1_490' title='bbox 547 5648 816 5708; x_wconf 88' lang='lat' dir='ltr'><strong>mulieris</strong></span> <span class='ocrx_word' id='word_1_491' title='bbox 845 5646 1179 5704; x_wconf 85' lang='lat' dir='ltr'><strong>honestatem</strong></span> <span class='ocrx_word' id='word_1_492' title='bbox 1211 5646 1440 5709; x_wconf 88' lang='lat' dir='ltr'><strong>amittit;</strong></span> <span class='ocrx_word' id='word_1_493' title='bbox 1473 5660 1570 5701; x_wconf 90' lang='lat' dir='ltr'><strong>nec</strong></span> <span class='ocrx_word' id='word_1_494' title='bbox 1602 5647 1722 5701; x_wconf 88' lang='lat' dir='ltr'><strong>inde</strong></span> <span class='ocrx_word' id='word_1_495' title='bbox 1766 5646 1937 5700; x_wconf 86' lang='lat' dir='ltr'><strong>solum</strong></span> 
     </span>
    </p>
   </div>
   <div class='ocr_carea' id='block_1_59' title="bbox 309 5737 1938 5818">
    <p class='ocr_par' dir='ltr' id='par_1_59' title="bbox 309 5737 1938 5818">
     <span class='ocr_line' id='line_1_59' title="bbox 309 5737 1938 5818; baseline -0.007 -15"><span class='ocrx_word' id='word_1_496' title='bbox 309 5748 443 5803; x_wconf 87' lang='lat' dir='ltr'><strong>huic</strong></span> <span class='ocrx_word' id='word_1_497' title='bbox 476 5742 825 5818; x_wconf 85' lang='lat' dir='ltr'><strong>ignominia,</strong></span> <span class='ocrx_word' id='word_1_498' title='bbox 848 5739 944 5795; x_wconf 88' lang='lat' dir='ltr'><strong>sed</strong></span> <span class='ocrx_word' id='word_1_499' title='bbox 960 5740 1119 5795; x_wconf 86' lang='lat' dir='ltr'><strong>etiam</strong></span> <span class='ocrx_word' id='word_1_500' title='bbox 1138 5739 1205 5793; x_wconf 91' lang='lat' dir='ltr'><strong>ab</strong></span> <span class='ocrx_word' id='word_1_501' title='bbox 1227 5737 1456 5793; x_wconf 88' lang='lat' dir='ltr'><strong>habendi</strong></span> <span class='ocrx_word' id='word_1_502' title='bbox 1479 5738 1781 5807; x_wconf 82' lang='lat' dir='ltr'><strong>cupiditate.</strong></span> <span class='ocrx_word' id='word_1_503' title='bbox 1807 5738 1938 5793; x_wconf 90' lang='lat' dir='ltr'><strong>Cum</strong></span> 
     </span>
    </p>
   </div>
   <div class='ocr_carea' id='block_1_60' title="bbox 313 5829 1930 5913">
    <p class='ocr_par' dir='ltr' id='par_1_60' title="bbox 313 5829 1930 5913">
     <span class='ocr_line' id='line_1_60' title="bbox 313 5829 1930 5913; baseline -0.009 -15"><span class='ocrx_word' id='word_1_504' title='bbox 313 5856 450 5913; x_wconf 80' lang='lat' dir='ltr'><strong>ergo</strong></span> <span class='ocrx_word' id='word_1_505' title='bbox 481 5834 900 5905; x_wconf 79' lang='lat' dir='ltr'><strong>assumpsissct</strong></span> <span class='ocrx_word' id='word_1_506' title='bbox 929 5831 982 5889; x_wconf 89' lang='lat' dir='ltr'><strong>id</strong></span> <span class='ocrx_word' id='word_1_507' title='bbox 1007 5831 1151 5904; x_wconf 87' lang='lat' dir='ltr'><strong>quod</strong></span> <span class='ocrx_word' id='word_1_508' title='bbox 1168 5840 1319 5904; x_wconf 86' lang='lat' dir='ltr'><strong>turpe</strong></span> <span class='ocrx_word' id='word_1_509' title='bbox 1339 5844 1459 5889; x_wconf 81' lang='lat' dir='ltr'><strong>esse</strong></span> <span class='ocrx_word' id='word_1_510' title='bbox 1485 5829 1540 5887; x_wconf 89' lang='lat' dir='ltr'><strong>in</strong></span> <span class='ocrx_word' id='word_1_511' title='bbox 1559 5829 1804 5888; x_wconf 81' lang='lat' dir='ltr'><strong>confesso</strong></span> <span class='ocrx_word' id='word_1_512' title='bbox 1828 5838 1930 5899; x_wconf 77' lang='lat' dir='ltr'><strong>est,</strong></span> 
     </span>
    </p>
   </div>
   <div class='ocr_carea' id='block_1_61' title="bbox 1318 363 2555 430">
    <p class='ocr_par' dir='ltr' id='par_1_61' title="bbox 1318 363 2555 430">
     <span class='ocr_line' id='line_1_61' title="bbox 1318 363 2555 430; baseline -0.01 0"><span class='ocrx_word' id='word_1_513' title='bbox 1318 372 1387 430; x_wconf 74' lang='lat' dir='ltr'><strong>IN</strong></span> <span class='ocrx_word' id='word_1_514' title='bbox 1425 368 1640 428; x_wconf 80' lang='lat' dir='ltr'><strong>EPIST.</strong></span> <span class='ocrx_word' id='word_1_515' title='bbox 1679 368 1702 424; x_wconf 80' lang='grc' dir='ltr'><strong>Ι</strong></span> <span class='ocrx_word' id='word_1_516' title='bbox 1762 367 1856 423; x_wconf 79' lang='lat' dir='ltr'><strong>AD</strong></span> <span class='ocrx_word' id='word_1_517' title='bbox 1891 364 2050 424; x_wconf 81' lang='lat' dir='ltr'><strong>COR.</strong></span> <span class='ocrx_word' id='word_1_518' title='bbox 2089 364 2320 422; x_wconf 74' lang='lat' dir='ltr'><strong>HOMIL.</strong></span> <span class='ocrx_word' id='word_1_519' title='bbox 2361 363 2555 423; x_wconf 72' lang='lat' dir='ltr'><strong>XXVI.</strong></span> 
     </span>
    </p>
   </div>
   <div class='ocr_carea' id='block_1_62' title="bbox 3484 365 3588 420">
    <p class='ocr_par' dir='ltr' id='par_1_62' title="bbox 3484 365 3588 420">
     <span class='ocr_line' id='line_1_62' title="bbox 3484 365 3588 420; baseline -0.01 -1"><span class='ocrx_word' id='word_1_520' title='bbox 3484 365 3588 420; x_wconf 58' lang='lat' dir='ltr'><strong>iis</strong></span> 
     </span>
    </p>
   </div>
   <div class='ocr_carea' id='block_1_63' title="bbox 2012 480 3593 553">
    <p class='ocr_par' dir='ltr' id='par_1_63' title="bbox 2012 480 3593 553">
     <span class='ocr_line' id='line_1_63' title="bbox 2012 480 3593 553; baseline -0.002 -15"><span class='ocrx_word' id='word_1_521' title='bbox 2012 491 2068 538; x_wconf 88' lang='lat' dir='ltr'><strong>et</strong></span> <span class='ocrx_word' id='word_1_522' title='bbox 2094 480 2365 540; x_wconf 81' lang='lat' dir='ltr'><strong>dixisset:</strong></span> <span class='ocrx_word' id='word_1_523' title='bbox 2404 481 2468 539; x_wconf 85' lang='lat' dir='ltr'><strong>Si</strong></span> <span class='ocrx_word' id='word_1_524' title='bbox 2494 491 2664 537; x_wconf 83' lang='lat' dir='ltr'><strong>autem</strong></span> <span class='ocrx_word' id='word_1_525' title='bbox 2700 491 2846 553; x_wconf 83' lang='lat' dir='ltr'><strong>turpe</strong></span> <span class='ocrx_word' id='word_1_526' title='bbox 2889 495 2961 539; x_wconf 84' lang='lat' dir='ltr'><strong>est</strong></span> <span class='ocrx_word' id='word_1_527' title='bbox 3007 483 3207 538; x_wconf 75' lang='lat' dir='ltr'><strong>mulieri</strong></span> <span class='ocrx_word' id='word_1_528' title='bbox 3259 484 3453 538; x_wconf 84' lang='lat' dir='ltr'><strong>tonderi</strong></span> <span class='ocrx_word' id='word_1_529' title='bbox 3506 493 3593 536; x_wconf 86' lang='lat' dir='ltr'><strong>aut</strong></span> 
     </span>
    </p>
   </div>
   <div class='ocr_carea' id='block_1_64' title="bbox 2008 574 3591 648">
    <p class='ocr_par' dir='ltr' id='par_1_64' title="bbox 2008 574 3591 648">
     <span class='ocr_line' id='line_1_64' title="bbox 2008 574 3591 648; baseline 0 -20"><span class='ocrx_word' id='word_1_530' title='bbox 2008 574 2126 628; x_wconf 82' lang='lat' dir='ltr'><strong>radi</strong></span> <span class='ocrx_word' id='word_1_531' title='bbox 2140 590 2161 641; x_wconf 86' lang='lat'><em>;</em></span> <span class='ocrx_word' id='word_1_532' title='bbox 2189 574 2331 645; x_wconf 89' lang='lat' dir='ltr'><strong>quod</strong></span> <span class='ocrx_word' id='word_1_533' title='bbox 2356 586 2389 629; x_wconf 72' lang='grc' dir='ltr'>ι</span> <span class='ocrx_word' id='word_1_534' title='bbox 2417 575 2595 645; x_wconf 88' lang='lat' dir='ltr'><strong>seipso</strong></span> <span class='ocrx_word' id='word_1_535' title='bbox 2618 584 2736 631; x_wconf 84' lang='lat' dir='ltr'><strong>erat</strong></span> <span class='ocrx_word' id='word_1_536' title='bbox 2764 583 2891 632; x_wconf 89' lang='lat' dir='ltr'><strong>tunc</strong></span> <span class='ocrx_word' id='word_1_537' title='bbox 2909 577 3108 648; x_wconf 90' lang='lat' dir='ltr'><strong>posuit,</strong></span> <span class='ocrx_word' id='word_1_538' title='bbox 3133 576 3333 641; x_wconf 87' lang='lat' dir='ltr'><strong>dicens,</strong></span> <span class='ocrx_word' id='word_1_539' title='bbox 3369 574 3591 629; x_wconf 83' lang='lat' dir='ltr'><strong>V-eletttr.</strong></span> 
     </span>
    </p>
   </div>
   <div class='ocr_carea' id='block_1_65' title="bbox 2008 663 3591 737">
    <p class='ocr_par' dir='ltr' id='par_1_65' title="bbox 2008 663 3591 737">
     <span class='ocr_line' id='line_1_65' title="bbox 2008 663 3591 737; baseline -0.003 -15"><span class='ocrx_word' id='word_1_540' title='bbox 2008 665 2193 737; x_wconf 87' lang='lat' dir='ltr'><strong>Neque</strong></span> <span class='ocrx_word' id='word_1_541' title='bbox 2217 666 2371 731; x_wconf 79' lang='lat' dir='ltr'><strong>dixit,</strong></span> <span class='ocrx_word' id='word_1_542' title='bbox 2396 663 2616 721; x_wconf 87' lang='lat' dir='ltr'><strong>Comam</strong></span> <span class='ocrx_word' id='word_1_543' title='bbox 2642 667 2861 735; x_wconf 81' lang='lat' dir='ltr'><strong>nutriat,</strong></span> <span class='ocrx_word' id='word_1_544' title='bbox 2884 667 2997 735; x_wconf 88' lang='lat' dir='ltr'><strong>sed,</strong></span> <span class='ocrx_word' id='word_1_545' title='bbox 3027 665 3226 721; x_wconf 79' lang='lat' dir='ltr'><strong>Veletur</strong></span> <span class='ocrx_word' id='word_1_546' title='bbox 3251 683 3269 731; x_wconf 88' lang='lat'><em>;</em></span> <span class='ocrx_word' id='word_1_547' title='bbox 3297 667 3411 721; x_wconf 57' lang='lat' dir='ltr'><strong>haec</strong></span> <span class='ocrx_word' id='word_1_548' title='bbox 3431 665 3591 720; x_wconf 83' lang='lat' dir='ltr'><strong>ambo</strong></span> 
     </span>
    </p>
   </div>
   <div class='ocr_carea' id='block_1_66' title="bbox 2009 759 3591 831">
    <p class='ocr_par' dir='ltr' id='par_1_66' title="bbox 2009 759 3591 831">
     <span class='ocr_line' id='line_1_66' title="bbox 2009 759 3591 831; baseline -0.003 -15"><span class='ocrx_word' id='word_1_549' title='bbox 2009 776 2174 816; x_wconf 90' lang='lat' dir='ltr'><strong>unmn</strong></span> <span class='ocrx_word' id='word_1_550' title='bbox 2201 774 2322 816; x_wconf 88' lang='lat' dir='ltr'><strong>esse</strong></span> <span class='ocrx_word' id='word_1_551' title='bbox 2376 761 2493 831; x_wconf 81' lang='lat' dir='ltr'><strong>lege</strong></span> <span class='ocrx_word' id='word_1_552' title='bbox 2519 761 2874 826; x_wconf 80' lang='lat' dir='ltr'><strong>constituens,</strong></span> <span class='ocrx_word' id='word_1_553' title='bbox 2923 769 2978 816; x_wconf 90' lang='lat' dir='ltr'><strong>et</strong></span> <span class='ocrx_word' id='word_1_554' title='bbox 3016 762 3286 830; x_wconf 87' lang='lat' dir='ltr'><strong>utrimque</strong></span> <span class='ocrx_word' id='word_1_555' title='bbox 3328 759 3413 814; x_wconf 83' lang='lat' dir='ltr'><strong>illa</strong></span> <span class='ocrx_word' id='word_1_556' title='bbox 3461 775 3591 813; x_wconf 88' lang='lat' dir='ltr'><strong>con-</strong></span> 
     </span>
    </p>
   </div>
   <div class='ocr_carea' id='block_1_67' title="bbox 2010 851 3586 921">
    <p class='ocr_par' dir='ltr' id='par_1_67' title="bbox 2010 851 3586 921">
     <span class='ocr_line' id='line_1_67' title="bbox 2010 851 3586 921; baseline 0.001 -16"><span class='ocrx_word' id='word_1_557' title='bbox 2010 853 2254 917; x_wconf 80' lang='lat' dir='ltr'><strong>ﬁrmans,</strong></span> <span class='ocrx_word' id='word_1_558' title='bbox 2280 851 2349 906; x_wconf 88' lang='lat' dir='ltr'><strong>ab</strong></span> <span class='ocrx_word' id='word_1_559' title='bbox 2378 851 2447 907; x_wconf 92' lang='lat' dir='ltr'><strong>iis</strong></span> <span class='ocrx_word' id='word_1_560' title='bbox 2483 866 2602 921; x_wconf 70' lang='lat' dir='ltr'><strong>quae</strong></span> <span class='ocrx_word' id='word_1_561' title='bbox 2639 852 2929 907; x_wconf 90' lang='lat' dir='ltr'><strong>constituta</strong></span> <span class='ocrx_word' id='word_1_562' title='bbox 2971 860 3096 907; x_wconf 89' lang='lat' dir='ltr'><strong>sunt</strong></span> <span class='ocrx_word' id='word_1_563' title='bbox 3122 860 3179 906; x_wconf 86' lang='lat' dir='ltr'><strong>et</strong></span> <span class='ocrx_word' id='word_1_564' title='bbox 3210 867 3240 906; x_wconf 88' lang='lat' dir='ltr'><strong>a</strong></span> <span class='ocrx_word' id='word_1_565' title='bbox 3288 851 3586 906; x_wconf 87' lang='lat' dir='ltr'><strong>contrariis.</strong></span> 
     </span>
    </p>
   </div>
   <div class='ocr_carea' id='block_1_68' title="bbox 2009 942 3593 1013">
    <p class='ocr_par' dir='ltr' id='par_1_68' title="bbox 2009 942 3593 1013">
     <span class='ocr_line' id='line_1_68' title="bbox 2009 942 3593 1013; baseline -0.003 -15"><span class='ocrx_word' id='word_1_566' title='bbox 2009 942 2143 998; x_wconf 89' lang='lat' dir='ltr'><strong>Nam</strong></span> <span class='ocrx_word' id='word_1_567' title='bbox 2168 942 2412 998; x_wconf 82' lang='lat' dir='ltr'><strong>velamen</strong></span> <span class='ocrx_word' id='word_1_568' title='bbox 2442 951 2497 998; x_wconf 89' lang='lat' dir='ltr'><strong>et</strong></span> <span class='ocrx_word' id='word_1_569' title='bbox 2519 958 2729 998; x_wconf 89' lang='lat' dir='ltr'><strong>comam</strong></span> <span class='ocrx_word' id='word_1_570' title='bbox 2757 958 2922 998; x_wconf 92' lang='lat' dir='ltr'><strong>unum</strong></span> <span class='ocrx_word' id='word_1_571' title='bbox 2952 957 3072 998; x_wconf 90' lang='lat' dir='ltr'><strong>esse</strong></span> <span class='ocrx_word' id='word_1_572' title='bbox 3092 942 3251 1008; x_wconf 86' lang='lat' dir='ltr'><strong>dicit;</strong></span> <span class='ocrx_word' id='word_1_573' title='bbox 3287 942 3425 999; x_wconf 87' lang='lat' dir='ltr'><strong>idem</strong></span> <span class='ocrx_word' id='word_1_574' title='bbox 3456 959 3593 1013; x_wconf 82' lang='lat' dir='ltr'><strong>quo-</strong></span> 
     </span>
    </p>
   </div>
   <div class='ocr_carea' id='block_1_69' title="bbox 2010 1038 3592 1107">
    <p class='ocr_par' dir='ltr' id='par_1_69' title="bbox 2010 1038 3592 1107">
     <span class='ocr_line' id='line_1_69' title="bbox 2010 1038 3592 1107; baseline -0.001 -16"><span class='ocrx_word' id='word_1_575' title='bbox 2010 1050 2116 1107; x_wconf 90' lang='lat' dir='ltr'><strong>que</strong></span> <span class='ocrx_word' id='word_1_576' title='bbox 2168 1052 2290 1093; x_wconf 89' lang='lat' dir='ltr'><strong>esse</strong></span> <span class='ocrx_word' id='word_1_577' title='bbox 2335 1047 2390 1093; x_wconf 91' lang='lat' dir='ltr'><strong>et</strong></span> <span class='ocrx_word' id='word_1_578' title='bbox 2433 1052 2632 1102; x_wconf 89' lang='lat' dir='ltr'><strong>rasam,</strong></span> <span class='ocrx_word' id='word_1_579' title='bbox 2683 1046 2739 1093; x_wconf 90' lang='lat' dir='ltr'><strong>et</strong></span> <span class='ocrx_word' id='word_1_580' title='bbox 2791 1053 2908 1092; x_wconf 81' lang='lat' dir='ltr'><strong>eam</strong></span> <span class='ocrx_word' id='word_1_581' title='bbox 2939 1052 3057 1107; x_wconf 65' lang='lat' dir='ltr'><strong>quae</strong></span> <span class='ocrx_word' id='word_1_582' title='bbox 3084 1038 3228 1092; x_wconf 87' lang='lat' dir='ltr'><strong>nudo</strong></span> <span class='ocrx_word' id='word_1_583' title='bbox 3252 1046 3334 1091; x_wconf 82' lang='lat' dir='ltr'><strong>est</strong></span> <span class='ocrx_word' id='word_1_584' title='bbox 3373 1039 3592 1107; x_wconf 85' lang='lat' dir='ltr'><strong>capite:</strong></span> 
     </span>
    </p>
   </div>
   <div class='ocr_carea' id='block_1_70' title="bbox 2018 1125 3595 1201">
    <p class='ocr_par' dir='ltr' id='par_1_70' title="bbox 2018 1125 3595 1201">
     <span class='ocr_line' id='line_1_70' title="bbox 2018 1125 3595 1201; baseline -0.001 -14"><span class='ocrx_word' id='word_1_585' title='bbox 2018 1130 2187 1187; x_wconf 87' lang='lat' dir='ltr'><strong>Unum</strong></span> <span class='ocrx_word' id='word_1_586' title='bbox 2214 1125 2291 1187; x_wconf 20' lang='lat' dir='ltr'><strong>est.</strong></span> <span class='ocrx_word' id='word_1_587' title='bbox 2313 1134 2467 1199; x_wconf 88' lang='lat' dir='ltr'><strong>enim,</strong></span> <span class='ocrx_word' id='word_1_588' title='bbox 2494 1132 2682 1201; x_wconf 85' lang='lat' dir='ltr'><strong>inquit,</strong></span> <span class='ocrx_word' id='word_1_589' title='bbox 2712 1140 2759 1185; x_wconf 90' lang='lat' dir='ltr'><strong>et</strong></span> <span class='ocrx_word' id='word_1_590' title='bbox 2785 1131 3025 1201; x_wconf 83' lang='lat' dir='ltr'><strong>idipsum,</strong></span> <span class='ocrx_word' id='word_1_591' title='bbox 3051 1132 3185 1201; x_wconf 83' lang='lat' dir='ltr'><strong>quod</strong></span> <span class='ocrx_word' id='word_1_592' title='bbox 3205 1146 3341 1184; x_wconf 81' lang='lat' dir='ltr'><strong>rasa.</strong></span> <span class='ocrx_word' id='word_1_593' title='bbox 3372 1129 3524 1199; x_wconf 87' lang='lat' dir='ltr'><strong>Quod</strong></span> <span class='ocrx_word' id='word_1_594' title='bbox 3548 1130 3595 1186; x_wconf 88' lang='lat' dir='ltr'><strong>si</strong></span> 
     </span>
    </p>
   </div>
   <div class='ocr_carea' id='block_1_71' title="bbox 2013 1223 3592 1297">
    <p class='ocr_par' dir='ltr' id='par_1_71' title="bbox 2013 1223 3592 1297">
     <span class='ocr_line' id='line_1_71' title="bbox 2013 1223 3592 1297; baseline -0.002 -18"><span class='ocrx_word' id='word_1_595' title='bbox 2013 1226 2133 1296; x_wconf 88' lang='lat' dir='ltr'><strong>quis</strong></span> <span class='ocrx_word' id='word_1_596' title='bbox 2172 1225 2389 1293; x_wconf 81' lang='lat' dir='ltr'><strong>dixerit,</strong></span> <span class='ocrx_word' id='word_1_597' title='bbox 2419 1227 2486 1282; x_wconf 86' lang='lat' dir='ltr'><strong>Et</strong></span> <span class='ocrx_word' id='word_1_598' title='bbox 2512 1223 2779 1297; x_wconf 89' lang='lat' dir='ltr'><strong>quomodo</strong></span> <span class='ocrx_word' id='word_1_599' title='bbox 2805 1241 2965 1279; x_wconf 90' lang='lat' dir='ltr'><strong>unum</strong></span> <span class='ocrx_word' id='word_1_600' title='bbox 2993 1236 3095 1288; x_wconf 89' lang='lat' dir='ltr'><strong>est,</strong></span> <span class='ocrx_word' id='word_1_601' title='bbox 3147 1224 3191 1279; x_wconf 90' lang='lat' dir='ltr'><strong>si</strong></span> <span class='ocrx_word' id='word_1_602' title='bbox 3251 1224 3338 1279; x_wconf 90' lang='lat' dir='ltr'><strong>illa</strong></span> <span class='ocrx_word' id='word_1_603' title='bbox 3378 1223 3592 1293; x_wconf 87' lang='lat' dir='ltr'><strong>quidem</strong></span> 
     </span>
    </p>
   </div>
   <div class='ocr_carea' id='block_1_72' title="bbox 2014 1318 3593 1389">
    <p class='ocr_par' dir='ltr' id='par_1_72' title="bbox 2014 1318 3593 1389">
     <span class='ocr_line' id='line_1_72' title="bbox 2014 1318 3593 1389; baseline -0.002 -16"><span class='ocrx_word' id='word_1_604' title='bbox 2014 1328 2377 1389; x_wconf 79' lang='lat' dir='ltr'><strong>tegumentum</strong></span> <span class='ocrx_word' id='word_1_605' title='bbox 2401 1329 2605 1374; x_wconf 78' lang='lat' dir='ltr'><strong>naturae</strong></span> <span class='ocrx_word' id='word_1_606' title='bbox 2633 1318 2813 1380; x_wconf 86' lang='lat' dir='ltr'><strong>habet,</strong></span> <span class='ocrx_word' id='word_1_607' title='bbox 2837 1318 2924 1372; x_wconf 85' lang='lat' dir='ltr'><strong>illa</strong></span> <span class='ocrx_word' id='word_1_608' title='bbox 2954 1333 3083 1371; x_wconf 82' lang='lat' dir='ltr'><strong>vero</strong></span> <span class='ocrx_word' id='word_1_609' title='bbox 3110 1334 3228 1387; x_wconf 77' lang='lat' dir='ltr'><strong>quae</strong></span> <span class='ocrx_word' id='word_1_610' title='bbox 3251 1332 3365 1372; x_wconf 86' lang='lat' dir='ltr'><strong>rasa</strong></span> <span class='ocrx_word' id='word_1_611' title='bbox 3386 1326 3469 1371; x_wconf 82' lang='lat' dir='ltr'><strong>est</strong></span> <span class='ocrx_word' id='word_1_612' title='bbox 3491 1334 3593 1370; x_wconf 86' lang='lat' dir='ltr'><strong>ltnn</strong></span> 
     </span>
    </p>
   </div>
   <div class='ocr_carea' id='block_1_73' title="bbox 2015 1410 3596 1481">
    <p class='ocr_par' dir='ltr' id='par_1_73' title="bbox 2015 1410 3596 1481">
     <span class='ocr_line' id='line_1_73' title="bbox 2015 1410 3596 1481; baseline -0.001 -14"><span class='ocrx_word' id='word_1_613' title='bbox 2015 1413 2181 1467; x_wconf 85' lang='lat' dir='ltr'><strong>item?</strong></span> <span class='ocrx_word' id='word_1_614' title='bbox 2202 1411 2666 1481; x_wconf 85' lang='lat' dir='ltr'><strong>respondebimus,</strong></span> <span class='ocrx_word' id='word_1_615' title='bbox 2686 1410 2830 1465; x_wconf 86' lang='lat' dir='ltr'><strong>illam</strong></span> <span class='ocrx_word' id='word_1_616' title='bbox 2849 1411 3068 1464; x_wconf 87' lang='lat' dir='ltr'><strong>arbitrio</strong></span> <span class='ocrx_word' id='word_1_617' title='bbox 3084 1424 3182 1464; x_wconf 89' lang='lat' dir='ltr'><strong>suo</strong></span> <span class='ocrx_word' id='word_1_618' title='bbox 3200 1410 3300 1463; x_wconf 90' lang='lat' dir='ltr'><strong>hoc</strong></span> <span class='ocrx_word' id='word_1_619' title='bbox 3318 1410 3596 1480; x_wconf 79' lang='lat' dir='ltr'><strong>reliquisse</strong></span> 
     </span>
    </p>
   </div>
   <div class='ocr_carea' id='block_1_74' title="bbox 2015 1501 3595 1573">
    <p class='ocr_par' dir='ltr' id='par_1_74' title="bbox 2015 1501 3595 1573">
     <span class='ocr_line' id='line_1_74' title="bbox 2015 1501 3595 1573; baseline -0.003 -14"><span class='ocrx_word' id='word_1_620' title='bbox 2015 1511 2071 1560; x_wconf 90' lang='lat' dir='ltr'><strong>et</strong></span> <span class='ocrx_word' id='word_1_621' title='bbox 2096 1503 2296 1558; x_wconf 87' lang='lat' dir='ltr'><strong>nudum</strong></span> <span class='ocrx_word' id='word_1_622' title='bbox 2323 1502 2523 1559; x_wconf 87' lang='lat' dir='ltr'><strong>habere</strong></span> <span class='ocrx_word' id='word_1_623' title='bbox 2542 1510 2701 1572; x_wconf 88' lang='lat' dir='ltr'><strong>caput</strong></span> <span class='ocrx_word' id='word_1_624' title='bbox 2720 1519 2734 1554; x_wconf 84' lang='lat'><strong>:</strong></span> <span class='ocrx_word' id='word_1_625' title='bbox 2756 1501 2897 1573; x_wconf 90' lang='lat' dir='ltr'><strong>quod</strong></span> <span class='ocrx_word' id='word_1_626' title='bbox 2928 1501 2971 1555; x_wconf 91' lang='lat' dir='ltr'><strong>si</strong></span> <span class='ocrx_word' id='word_1_627' title='bbox 2998 1517 3102 1556; x_wconf 92' lang='lat' dir='ltr'><strong>non</strong></span> <span class='ocrx_word' id='word_1_628' title='bbox 3134 1502 3342 1572; x_wconf 85' lang='lat' dir='ltr'><strong>capillis</strong></span> <span class='ocrx_word' id='word_1_629' title='bbox 3369 1502 3595 1569; x_wconf 91' lang='lat' dir='ltr'><strong>nudum,</strong></span> 
     </span>
    </p>
   </div>
   <div class='ocr_carea' id='block_1_75' title="bbox 2017 1597 3595 1667">
    <p class='ocr_par' dir='ltr' id='par_1_75' title="bbox 2017 1597 3595 1667">
     <span class='ocr_line' id='line_1_75' title="bbox 2017 1597 3595 1667; baseline -0.003 -12"><span class='ocrx_word' id='word_1_630' title='bbox 2017 1600 2118 1656; x_wconf 91' lang='lat' dir='ltr'><strong>hoc</strong></span> <span class='ocrx_word' id='word_1_631' title='bbox 2138 1615 2203 1655; x_wconf 83' lang='lat' dir='ltr'><strong>ex</strong></span> <span class='ocrx_word' id='word_1_632' title='bbox 2223 1608 2432 1665; x_wconf 86' lang='lat' dir='ltr'><strong>natura,</strong></span> <span class='ocrx_word' id='word_1_633' title='bbox 2461 1613 2566 1652; x_wconf 90' lang='lat' dir='ltr'><strong>non</strong></span> <span class='ocrx_word' id='word_1_634' title='bbox 2612 1614 2679 1653; x_wconf 80' lang='lat' dir='ltr'><strong>ex</strong></span> <span class='ocrx_word' id='word_1_635' title='bbox 2702 1598 2845 1651; x_wconf 90' lang='lat' dir='ltr'><strong>illius</strong></span> <span class='ocrx_word' id='word_1_636' title='bbox 2871 1597 3091 1651; x_wconf 90' lang='lat' dir='ltr'><strong>arbitrio</strong></span> <span class='ocrx_word' id='word_1_637' title='bbox 3116 1612 3256 1653; x_wconf 83' lang='lat' dir='ltr'><strong>esse.</strong></span> <span class='ocrx_word' id='word_1_638' title='bbox 3288 1598 3469 1667; x_wconf 85' lang='lat' dir='ltr'><strong>itaque</strong></span> <span class='ocrx_word' id='word_1_639' title='bbox 3509 1597 3595 1651; x_wconf 89' lang='lat' dir='ltr'><strong>illa</strong></span> 
     </span>
    </p>
   </div>
   <div class='ocr_carea' id='block_1_76' title="bbox 2015 1689 3593 1764">
    <p class='ocr_par' dir='ltr' id='par_1_76' title="bbox 2015 1689 3593 1764">
     <span class='ocr_line' id='line_1_76' title="bbox 2015 1689 3593 1764; baseline -0.003 -19"><span class='ocrx_word' id='word_1_640' title='bbox 2015 1708 2137 1764; x_wconf 71' lang='lat' dir='ltr'><strong>qua:</strong></span> <span class='ocrx_word' id='word_1_641' title='bbox 2160 1707 2278 1747; x_wconf 88' lang='lat' dir='ltr'><strong>rasa</strong></span> <span class='ocrx_word' id='word_1_642' title='bbox 2312 1701 2413 1753; x_wconf 77' lang='lat' dir='ltr'><strong>est,</strong></span> <span class='ocrx_word' id='word_1_643' title='bbox 2454 1692 2654 1746; x_wconf 90' lang='lat' dir='ltr'><strong>nudum</strong></span> <span class='ocrx_word' id='word_1_644' title='bbox 2682 1699 2841 1761; x_wconf 85' lang='lat' dir='ltr'><strong>caput</strong></span> <span class='ocrx_word' id='word_1_645' title='bbox 2869 1689 3048 1752; x_wconf 78' lang='lat' dir='ltr'><strong>habet,</strong></span> <span class='ocrx_word' id='word_1_646' title='bbox 3089 1700 3145 1746; x_wconf 85' lang='lat' dir='ltr'><strong>et</strong></span> <span class='ocrx_word' id='word_1_647' title='bbox 3192 1690 3276 1744; x_wconf 80' lang='lat' dir='ltr'><strong>illa</strong></span> <span class='ocrx_word' id='word_1_648' title='bbox 3328 1690 3593 1746; x_wconf 81' lang='lat' dir='ltr'><strong>similiter.</strong></span> 
     </span>
    </p>
   </div>
   <div class='ocr_carea' id='block_1_77' title="bbox 2006 1776 3598 1852">
    <p class='ocr_par' dir='ltr' id='par_1_77' title="bbox 2006 1776 3598 1852">
     <span class='ocr_line' id='line_1_77' title="bbox 2006 1776 3598 1852; baseline 0 -15"><span class='ocrx_word' id='word_1_649' title='bbox 2006 1776 2143 1838; x_wconf 65' lang='lat' dir='ltr'><strong>ideo</strong></span> <span class='ocrx_word' id='word_1_650' title='bbox 2172 1782 2312 1839; x_wconf 90' lang='lat' dir='ltr'><strong>enim</strong></span> <span class='ocrx_word' id='word_1_651' title='bbox 2337 1791 2537 1837; x_wconf 63' lang='lat' dir='ltr'><strong>natura:</strong></span> <span class='ocrx_word' id='word_1_652' title='bbox 2569 1782 2830 1851; x_wconf 86' lang='lat' dir='ltr'><strong>permisit,</strong></span> <span class='ocrx_word' id='word_1_653' title='bbox 2868 1793 2925 1836; x_wconf 93' lang='lat' dir='ltr'><strong>ut</strong></span> <span class='ocrx_word' id='word_1_654' title='bbox 2968 1783 3108 1837; x_wconf 89' lang='lat' dir='ltr'><strong>illam</strong></span> <span class='ocrx_word' id='word_1_655' title='bbox 3148 1792 3371 1852; x_wconf 80' lang='lat' dir='ltr'><strong>tegeret,</strong></span> <span class='ocrx_word' id='word_1_656' title='bbox 3399 1792 3454 1837; x_wconf 89' lang='lat' dir='ltr'><strong>ut</strong></span> <span class='ocrx_word' id='word_1_657' title='bbox 3485 1782 3598 1837; x_wconf 76' lang='lat' dir='ltr'><strong>hzrc</strong></span> 
     </span>
    </p>
   </div>
   <div class='ocr_carea' id='block_1_78' title="bbox 2017 1874 3601 1944">
    <p class='ocr_par' dir='ltr' id='par_1_78' title="bbox 2017 1874 3601 1944">
     <span class='ocr_line' id='line_1_78' title="bbox 2017 1874 3601 1944; baseline -0.003 -10"><span class='ocrx_word' id='word_1_658' title='bbox 2017 1876 2085 1934; x_wconf 85' lang='lat' dir='ltr'><strong>ab</strong></span> <span class='ocrx_word' id='word_1_659' title='bbox 2115 1877 2198 1931; x_wconf 91' lang='lat' dir='ltr'><strong>illa</strong></span> <span class='ocrx_word' id='word_1_660' title='bbox 2224 1875 2326 1930; x_wconf 90' lang='lat' dir='ltr'><strong>hoc</strong></span> <span class='ocrx_word' id='word_1_661' title='bbox 2350 1875 2583 1937; x_wconf 83' lang='lat' dir='ltr'><strong>discens,</strong></span> <span class='ocrx_word' id='word_1_662' title='bbox 2613 1875 2932 1944; x_wconf 76' lang='lat' dir='ltr'><strong>operiretur.</strong></span> <span class='ocrx_word' id='word_1_663' title='bbox 2959 1874 3158 1931; x_wconf 87' lang='lat' dir='ltr'><strong>Deinde</strong></span> <span class='ocrx_word' id='word_1_664' title='bbox 3184 1889 3401 1930; x_wconf 90' lang='lat' dir='ltr'><strong>causam</strong></span> <span class='ocrx_word' id='word_1_665' title='bbox 3422 1874 3601 1942; x_wconf 80' lang='lat' dir='ltr'><strong>affert,</strong></span> 
     </span>
    </p>
   </div>
   <div class='ocr_carea' id='block_1_79' title="bbox 2019 1964 3600 2035">
    <p class='ocr_par' dir='ltr' id='par_1_79' title="bbox 2019 1964 3600 2035">
     <span class='ocr_line' id='line_1_79' title="bbox 2019 1964 3600 2035; baseline -0.001 -13"><span class='ocrx_word' id='word_1_666' title='bbox 2019 1975 2077 2022; x_wconf 92' lang='lat' dir='ltr'><strong>ut</strong></span> <span class='ocrx_word' id='word_1_667' title='bbox 2105 1981 2249 2035; x_wconf 71' lang='lat' dir='ltr'><strong>sa‘pe</strong></span> <span class='ocrx_word' id='word_1_668' title='bbox 2278 1965 2410 2026; x_wconf 80' lang='lat' dir='ltr'><strong>dixi.</strong></span> <span class='ocrx_word' id='word_1_669' title='bbox 2457 1974 2725 2035; x_wconf 88' lang='lat' dir='ltr'><strong>tamquam</strong></span> <span class='ocrx_word' id='word_1_670' title='bbox 2772 1980 2891 2019; x_wconf 80' lang='lat' dir='ltr'><strong>cum</strong></span> <span class='ocrx_word' id='word_1_671' title='bbox 2950 1965 3136 2020; x_wconf 86' lang='lat' dir='ltr'><strong>liberis</strong></span> <span class='ocrx_word' id='word_1_672' title='bbox 3175 1965 3415 2035; x_wconf 83' lang='lat' dir='ltr'><strong>loquens.</strong></span> <span class='ocrx_word' id='word_1_673' title='bbox 3468 1964 3600 2031; x_wconf 74' lang='lat' dir='ltr'><strong>Qua:</strong></span> 
     </span>
    </p>
   </div>
   <div class='ocr_carea' id='block_1_80' title="bbox 2020 2046 3604 2130">
    <p class='ocr_par' dir='ltr' id='par_1_80' title="bbox 2020 2046 3604 2130">
     <span class='ocr_line' id='line_1_80' title="bbox 2020 2046 3604 2130; baseline -0.003 -15"><span class='ocrx_word' id='word_1_674' title='bbox 2020 2046 2178 2130; x_wconf 79' lang='lat' dir='ltr'><strong>igitur</strong></span> <span class='ocrx_word' id='word_1_675' title='bbox 2205 2073 2363 2113; x_wconf 88' lang='lat' dir='ltr'><strong>causa</strong></span> <span class='ocrx_word' id='word_1_676' title='bbox 2390 2058 2512 2113; x_wconf 82' lang='lat' dir='ltr'><strong>est?</strong></span> <span class='ocrx_word' id='word_1_677' title='bbox 2536 2058 2588 2111; x_wconf 85' lang='grc'><strong>7.</strong></span> <span class='ocrx_word' id='word_1_678' title='bbox 2620 2056 2759 2112; x_wconf 89' lang='lat' dir='ltr'><strong>Nam</strong></span> <span class='ocrx_word' id='word_1_679' title='bbox 2783 2058 2859 2111; x_wconf 82' lang='lat' dir='ltr'><strong>vir</strong></span> <span class='ocrx_word' id='word_1_680' title='bbox 2890 2057 3091 2127; x_wconf 82' lang='lat' dir='ltr'><strong>quidem</strong></span> <span class='ocrx_word' id='word_1_681' title='bbox 3119 2074 3221 2110; x_wconf 89' lang='lat' dir='ltr'><strong>non</strong></span> <span class='ocrx_word' id='word_1_682' title='bbox 3257 2058 3397 2111; x_wconf 85' lang='lat' dir='ltr'><strong>debet</strong></span> <span class='ocrx_word' id='word_1_683' title='bbox 3437 2057 3604 2111; x_wconf 75' lang='lat' dir='ltr'><strong>velare</strong></span> 
     </span>
    </p>
   </div>
   <div class='ocr_carea' id='block_1_81' title="bbox 2018 2148 3602 2222">
    <p class='ocr_par' dir='ltr' id='par_1_81' title="bbox 2018 2148 3602 2222">
     <span class='ocr_line' id='line_1_81' title="bbox 2018 2148 3602 2222; baseline -0.001 -16"><span class='ocrx_word' id='word_1_684' title='bbox 2018 2161 2191 2221; x_wconf 84' lang='lat' dir='ltr'><strong>caput,</strong></span> <span class='ocrx_word' id='word_1_685' title='bbox 2221 2168 2334 2207; x_wconf 88' lang='lat' dir='ltr'><strong>eum</strong></span> <span class='ocrx_word' id='word_1_686' title='bbox 2377 2153 2444 2205; x_wconf 89' lang='lat' dir='ltr'><strong>sit</strong></span> <span class='ocrx_word' id='word_1_687' title='bbox 2471 2152 2641 2220; x_wconf 89' lang='lat' dir='ltr'><strong>imago</strong></span> <span class='ocrx_word' id='word_1_688' title='bbox 2682 2160 2729 2204; x_wconf 88' lang='lat' dir='ltr'><strong>et</strong></span> <span class='ocrx_word' id='word_1_689' title='bbox 2758 2151 2921 2222; x_wconf 86' lang='lat' dir='ltr'><strong>gloria</strong></span> <span class='ocrx_word' id='word_1_690' title='bbox 2956 2149 3065 2205; x_wconf 87' lang='lat' dir='ltr'><strong>Dei.</strong></span> <span class='ocrx_word' id='word_1_691' title='bbox 3110 2148 3318 2205; x_wconf 81' lang='lat' dir='ltr'><strong>Rursus</strong></span> <span class='ocrx_word' id='word_1_692' title='bbox 3358 2150 3457 2204; x_wconf 88' lang='lat' dir='ltr'><strong>alia</strong></span> <span class='ocrx_word' id='word_1_693' title='bbox 3485 2150 3602 2205; x_wconf 76' lang='lat' dir='ltr'><strong>hch</strong></span> 
     </span>
    </p>
   </div>
   <div class='ocr_carea' id='block_1_82' title="bbox 2019 2241 3600 2313">
    <p class='ocr_par' dir='ltr' id='par_1_82' title="bbox 2019 2241 3600 2313">
     <span class='ocr_line' id='line_1_82' title="bbox 2019 2241 3600 2313; baseline -0.001 -14"><span class='ocrx_word' id='word_1_694' title='bbox 2019 2258 2199 2299; x_wconf 88' lang='lat' dir='ltr'><strong>causa.</strong></span> <span class='ocrx_word' id='word_1_695' title='bbox 2257 2243 2442 2313; x_wconf 86' lang='lat' dir='ltr'><strong>Neque</strong></span> <span class='ocrx_word' id='word_1_696' title='bbox 2496 2243 2639 2297; x_wconf 73' lang='lat' dir='ltr'><strong>eiiim</strong></span> <span class='ocrx_word' id='word_1_697' title='bbox 2691 2243 2885 2305; x_wconf 86' lang='lat' dir='ltr'><strong>solum,</strong></span> <span class='ocrx_word' id='word_1_698' title='bbox 2936 2242 3079 2312; x_wconf 83' lang='lat' dir='ltr'><strong>quod</strong></span> <span class='ocrx_word' id='word_1_699' title='bbox 3126 2252 3285 2311; x_wconf 89' lang='lat' dir='ltr'><strong>caput</strong></span> <span class='ocrx_word' id='word_1_700' title='bbox 3328 2241 3600 2298; x_wconf 77' lang='lat' dir='ltr'><strong>Christum</strong></span> 
     </span>
    </p>
   </div>
   <div class='ocr_carea' id='block_1_83' title="bbox 2021 2337 3600 2409">
    <p class='ocr_par' dir='ltr' id='par_1_83' title="bbox 2021 2337 3600 2409">
     <span class='ocr_line' id='line_1_83' title="bbox 2021 2337 3600 2409; baseline 0.001 -17"><span class='ocrx_word' id='word_1_701' title='bbox 2021 2337 2230 2398; x_wconf 89' lang='lat' dir='ltr'><strong>habeat.</strong></span> <span class='ocrx_word' id='word_1_702' title='bbox 2266 2353 2372 2393; x_wconf 88' lang='lat' dir='ltr'><strong>non</strong></span> <span class='ocrx_word' id='word_1_703' title='bbox 2398 2338 2559 2393; x_wconf 85' lang='lat' dir='ltr'><strong>debet</strong></span> <span class='ocrx_word' id='word_1_704' title='bbox 2582 2346 2738 2405; x_wconf 84' lang='lat' dir='ltr'><strong>caput</strong></span> <span class='ocrx_word' id='word_1_705' title='bbox 2768 2347 2968 2407; x_wconf 88' lang='lat' dir='ltr'><strong>tegere,</strong></span> <span class='ocrx_word' id='word_1_706' title='bbox 3017 2338 3109 2391; x_wconf 84' lang='lat' dir='ltr'><strong>sed</strong></span> <span class='ocrx_word' id='word_1_707' title='bbox 3137 2338 3294 2392; x_wconf 87' lang='lat' dir='ltr'><strong>etiam</strong></span> <span class='ocrx_word' id='word_1_708' title='bbox 3327 2340 3447 2409; x_wconf 85' lang='lat' dir='ltr'><strong>quia</strong></span> <span class='ocrx_word' id='word_1_709' title='bbox 3478 2356 3600 2393; x_wconf 84' lang='lat' dir='ltr'><strong>mn-</strong></span> 
     </span>
    </p>
   </div>
   <div class='ocr_carea' id='block_1_84' title="bbox 2021 2428 3598 2499">
    <p class='ocr_par' dir='ltr' id='par_1_84' title="bbox 2021 2428 3598 2499">
     <span class='ocr_line' id='line_1_84' title="bbox 2021 2428 3598 2499; baseline -0.001 -13"><span class='ocrx_word' id='word_1_710' title='bbox 2021 2432 2136 2486; x_wconf 91' lang='lat' dir='ltr'><strong>lieri</strong></span> <span class='ocrx_word' id='word_1_711' title='bbox 2169 2432 2412 2499; x_wconf 88' lang='lat' dir='ltr'><strong>imperat.</strong></span> <span class='ocrx_word' id='word_1_712' title='bbox 2440 2429 2570 2484; x_wconf 88' lang='lat' dir='ltr'><strong>Nam</strong></span> <span class='ocrx_word' id='word_1_713' title='bbox 2600 2429 2893 2499; x_wconf 89' lang='lat' dir='ltr'><strong>principem</strong></span> <span class='ocrx_word' id='word_1_714' title='bbox 2924 2428 2988 2483; x_wconf 89' lang='lat' dir='ltr'><strong>ad</strong></span> <span class='ocrx_word' id='word_1_715' title='bbox 3030 2444 3209 2499; x_wconf 83' lang='lat' dir='ltr'><strong>regem</strong></span> <span class='ocrx_word' id='word_1_716' title='bbox 3234 2431 3598 2495; x_wconf 85' lang='lat' dir='ltr'><strong>accedentem,</strong></span> 
     </span>
    </p>
   </div>
   <div class='ocr_carea' id='block_1_85' title="bbox 2025 2521 3603 2594">
    <p class='ocr_par' dir='ltr' id='par_1_85' title="bbox 2025 2521 3603 2594">
     <span class='ocr_line' id='line_1_85' title="bbox 2025 2521 3603 2594; baseline 0.002 -17"><span class='ocrx_word' id='word_1_717' title='bbox 2025 2524 2350 2594; x_wconf 89' lang='lat' dir='ltr'><strong>principatus</strong></span> <span class='ocrx_word' id='word_1_718' title='bbox 2392 2524 2600 2593; x_wconf 85' lang='lat' dir='ltr'><strong>signum</strong></span> <span class='ocrx_word' id='word_1_719' title='bbox 2645 2521 2843 2577; x_wconf 86' lang='lat' dir='ltr'><strong>habere</strong></span> <span class='ocrx_word' id='word_1_720' title='bbox 2880 2531 3112 2592; x_wconf 87' lang='lat' dir='ltr'><strong>oportet.</strong></span> <span class='ocrx_word' id='word_1_721' title='bbox 3154 2521 3243 2578; x_wconf 83' lang='lat' dir='ltr'><strong>Sic</strong></span> <span class='ocrx_word' id='word_1_722' title='bbox 3268 2537 3397 2593; x_wconf 88' lang='lat' dir='ltr'><strong>ergo</strong></span> <span class='ocrx_word' id='word_1_723' title='bbox 3426 2524 3603 2580; x_wconf 87' lang='lat' dir='ltr'><strong>nullus</strong></span> 
     </span>
    </p>
   </div>
   <div class='ocr_carea' id='block_1_86' title="bbox 2024 2602 3611 2687">
    <p class='ocr_par' dir='ltr' id='par_1_86' title="bbox 2024 2602 3611 2687">
     <span class='ocr_line' id='line_1_86' title="bbox 2024 2602 3611 2687; baseline 0.001 -17"><span class='ocrx_word' id='word_1_724' title='bbox 2024 2619 2272 2687; x_wconf 89' lang='lat' dir='ltr'><strong>princeps</strong></span> <span class='ocrx_word' id='word_1_725' title='bbox 2297 2618 2415 2671; x_wconf 92' lang='lat' dir='ltr'><strong>sine</strong></span> <span class='ocrx_word' id='word_1_726' title='bbox 2440 2615 2620 2671; x_wconf 91' lang='lat' dir='ltr'><strong>balteo</strong></span> <span class='ocrx_word' id='word_1_727' title='bbox 2646 2624 2701 2669; x_wconf 89' lang='lat' dir='ltr'><strong>et</strong></span> <span class='ocrx_word' id='word_1_728' title='bbox 2725 2613 2931 2669; x_wconf 65' lang='lat' dir='ltr'><strong>cbiaana</strong></span> <span class='ocrx_word' id='word_1_729' title='bbox 2974 2615 3114 2669; x_wconf 81' lang='lat' dir='ltr'><strong>ausit</strong></span> <span class='ocrx_word' id='word_1_730' title='bbox 3139 2630 3452 2683; x_wconf 84' lang='lat' dir='ltr'><strong>comparere</strong></span> <span class='ocrx_word' id='word_1_731' title='bbox 3477 2602 3611 2672; x_wconf 76' lang='lat' dir='ltr'><strong>ante</strong></span> 
     </span>
    </p>
   </div>
   <div class='ocr_carea' id='block_1_87' title="bbox 2024 2705 3601 2777">
    <p class='ocr_par' dir='ltr' id='par_1_87' title="bbox 2024 2705 3601 2777">
     <span class='ocr_line' id='line_1_87' title="bbox 2024 2705 3601 2777; baseline -0.003 -15"><span class='ocrx_word' id='word_1_732' title='bbox 2024 2709 2174 2762; x_wconf 90' lang='lat' dir='ltr'><strong>illum</strong></span> <span class='ocrx_word' id='word_1_733' title='bbox 2198 2708 2287 2777; x_wconf 89' lang='lat' dir='ltr'><strong>qui</strong></span> <span class='ocrx_word' id='word_1_734' title='bbox 2317 2705 2560 2761; x_wconf 88' lang='lat' dir='ltr'><strong>diadema</strong></span> <span class='ocrx_word' id='word_1_735' title='bbox 2590 2713 2763 2774; x_wconf 85' lang='lat' dir='ltr'><strong>gestat</strong></span> <span class='ocrx_word' id='word_1_736' title='bbox 2790 2721 2804 2757; x_wconf 88' lang='lat'><strong>:</strong></span> <span class='ocrx_word' id='word_1_737' title='bbox 2829 2705 2906 2759; x_wconf 84' lang='lat' dir='ltr'><strong>sic</strong></span> <span class='ocrx_word' id='word_1_738' title='bbox 2939 2722 3111 2775; x_wconf 90' lang='lat' dir='ltr'><strong>neque</strong></span> <span class='ocrx_word' id='word_1_739' title='bbox 3143 2714 3199 2759; x_wconf 92' lang='lat' dir='ltr'><strong>tu</strong></span> <span class='ocrx_word' id='word_1_740' title='bbox 3222 2708 3424 2776; x_wconf 71' lang='lat' dir='ltr'><strong>alisque</strong></span> <span class='ocrx_word' id='word_1_741' title='bbox 3450 2709 3601 2777; x_wconf 77' lang='lat' dir='ltr'><strong>signa</strong></span> 
     </span>
    </p>
   </div>
   <div class='ocr_carea' id='block_1_88' title="bbox 2025 2795 3598 2870">
    <p class='ocr_par' dir='ltr' id='par_1_88' title="bbox 2025 2795 3598 2870">
     <span class='ocr_line' id='line_1_88' title="bbox 2025 2795 3598 2870; baseline -0.001 -17"><span class='ocrx_word' id='word_1_742' title='bbox 2025 2799 2371 2870; x_wconf 87' lang='lat' dir='ltr'><strong>principatus,</strong></span> <span class='ocrx_word' id='word_1_743' title='bbox 2403 2795 2542 2867; x_wconf 92' lang='lat' dir='ltr'><strong>quod</strong></span> <span class='ocrx_word' id='word_1_744' title='bbox 2567 2805 2648 2850; x_wconf 84' lang='lat' dir='ltr'><strong>est</strong></span> <span class='ocrx_word' id='word_1_745' title='bbox 2674 2797 2885 2851; x_wconf 82' lang='lat' dir='ltr'><strong>detecto</strong></span> <span class='ocrx_word' id='word_1_746' title='bbox 2906 2812 3026 2851; x_wconf 85' lang='lat' dir='ltr'><strong>esse</strong></span> <span class='ocrx_word' id='word_1_747' title='bbox 3044 2798 3236 2864; x_wconf 86' lang='lat' dir='ltr'><strong>capite,</strong></span> <span class='ocrx_word' id='word_1_748' title='bbox 3264 2797 3427 2852; x_wconf 88' lang='lat' dir='ltr'><strong>Deum</strong></span> <span class='ocrx_word' id='word_1_749' title='bbox 3455 2813 3598 2857; x_wconf 85' lang='lat' dir='ltr'><strong>ores.</strong></span> 
     </span>
    </p>
   </div>
   <div class='ocr_carea' id='block_1_89' title="bbox 2026 2888 3605 2958">
    <p class='ocr_par' dir='ltr' id='par_1_89' title="bbox 2026 2888 3605 2958">
     <span class='ocr_line' id='line_1_89' title="bbox 2026 2888 3605 2958; baseline -0.001 -13"><span class='ocrx_word' id='word_1_750' title='bbox 2026 2902 2084 2946; x_wconf 93' lang='lat' dir='ltr'><strong>nt</strong></span> <span class='ocrx_word' id='word_1_751' title='bbox 2108 2906 2175 2947; x_wconf 89' lang='lat' dir='ltr'><strong>ne</strong></span> <span class='ocrx_word' id='word_1_752' title='bbox 2200 2890 2522 2945; x_wconf 90' lang='lat' dir='ltr'><strong>contumelia</strong></span> <span class='ocrx_word' id='word_1_753' title='bbox 2548 2888 2752 2944; x_wconf 79' lang='lat' dir='ltr'><strong>afﬁcias</strong></span> <span class='ocrx_word' id='word_1_754' title='bbox 2772 2896 2826 2943; x_wconf 86' lang='lat' dir='ltr'><strong>et</strong></span> <span class='ocrx_word' id='word_1_755' title='bbox 2856 2899 2907 2944; x_wconf 91' lang='lat' dir='ltr'><strong>te</strong></span> <span class='ocrx_word' id='word_1_756' title='bbox 2935 2897 2992 2945; x_wconf 91' lang='lat' dir='ltr'><strong>et</strong></span> <span class='ocrx_word' id='word_1_757' title='bbox 3021 2904 3141 2942; x_wconf 87' lang='lat' dir='ltr'><strong>eum</strong></span> <span class='ocrx_word' id='word_1_758' title='bbox 3180 2889 3267 2958; x_wconf 93' lang='lat' dir='ltr'><strong>qni</strong></span> <span class='ocrx_word' id='word_1_759' title='bbox 3307 2898 3359 2949; x_wconf 84' lang='lat' dir='ltr'><strong>te</strong></span> <span class='ocrx_word' id='word_1_760' title='bbox 3398 2888 3605 2943; x_wconf 82' lang='lat' dir='ltr'><strong>honore</strong></span> 
     </span>
    </p>
   </div>
   <div class='ocr_carea' id='block_1_90' title="bbox 2027 2979 3603 3053">
    <p class='ocr_par' dir='ltr' id='par_1_90' title="bbox 2027 2979 3603 3053">
     <span class='ocr_line' id='line_1_90' title="bbox 2027 2979 3603 3053; baseline -0.001 -15"><span class='ocrx_word' id='word_1_761' title='bbox 2027 2982 2210 3039; x_wconf 77' lang='lat' dir='ltr'><strong>allicit.</strong></span> <span class='ocrx_word' id='word_1_762' title='bbox 2244 2981 2479 3053; x_wconf 90' lang='lat' dir='ltr'><strong>ldipsum</strong></span> <span class='ocrx_word' id='word_1_763' title='bbox 2520 2990 2573 3036; x_wconf 90' lang='lat' dir='ltr'><strong>et</strong></span> <span class='ocrx_word' id='word_1_764' title='bbox 2600 2980 2668 3036; x_wconf 89' lang='lat' dir='ltr'><strong>de</strong></span> <span class='ocrx_word' id='word_1_765' title='bbox 2695 2979 2922 3036; x_wconf 88' lang='lat' dir='ltr'><strong>muliere</strong></span> <span class='ocrx_word' id='word_1_766' title='bbox 2952 2980 3070 3050; x_wconf 90' lang='lat' dir='ltr'><strong>quis</strong></span> <span class='ocrx_word' id='word_1_767' title='bbox 3104 2979 3299 3035; x_wconf 85' lang='lat' dir='ltr'><strong>dixerit</strong></span> <span class='ocrx_word' id='word_1_768' title='bbox 3329 2998 3342 3033; x_wconf 90' lang='lat'><strong>:</strong></span> <span class='ocrx_word' id='word_1_769' title='bbox 3374 2997 3493 3034; x_wconf 87' lang='lat' dir='ltr'><strong>nam</strong></span> <span class='ocrx_word' id='word_1_770' title='bbox 3528 2982 3603 3036; x_wconf 91' lang='lat' dir='ltr'><strong>illi</strong></span> 
     </span>
    </p>
   </div>
   <div class='ocr_carea' id='block_1_91' title="bbox 2026 3074 3605 3151">
    <p class='ocr_par' dir='ltr' id='par_1_91' title="bbox 2026 3074 3605 3151">
     <span class='ocr_line' id='line_1_91' title="bbox 2026 3074 3605 3151; baseline -0.004 -17"><span class='ocrx_word' id='word_1_771' title='bbox 2026 3094 2237 3151; x_wconf 88' lang='lat' dir='ltr'><strong>quoque</strong></span> <span class='ocrx_word' id='word_1_772' title='bbox 2265 3087 2349 3133; x_wconf 90' lang='lat' dir='ltr'><strong>est</strong></span> <span class='ocrx_word' id='word_1_773' title='bbox 2378 3076 2688 3148; x_wconf 84' lang='lat' dir='ltr'><strong>ignominia,</strong></span> <span class='ocrx_word' id='word_1_774' title='bbox 2735 3075 2778 3130; x_wconf 91' lang='lat' dir='ltr'><strong>si</strong></span> <span class='ocrx_word' id='word_1_775' title='bbox 2811 3091 2915 3130; x_wconf 90' lang='lat' dir='ltr'><strong>non</strong></span> <span class='ocrx_word' id='word_1_776' title='bbox 2957 3074 3302 3146; x_wconf 88' lang='lat' dir='ltr'><strong>subjectionis</strong></span> <span class='ocrx_word' id='word_1_777' title='bbox 3331 3074 3477 3143; x_wconf 81' lang='lat' dir='ltr'><strong>signa</strong></span> <span class='ocrx_word' id='word_1_778' title='bbox 3511 3074 3605 3127; x_wconf 88' lang='lat' dir='ltr'><strong>ha-</strong></span> 
     </span>
    </p>
   </div>
   <div class='ocr_carea' id='block_1_92' title="bbox 2027 3166 3606 3239">
    <p class='ocr_par' dir='ltr' id='par_1_92' title="bbox 2027 3166 3606 3239">
     <span class='ocr_line' id='line_1_92' title="bbox 2027 3166 3606 3239; baseline -0.004 -12"><span class='ocrx_word' id='word_1_779' title='bbox 2027 3171 2168 3227; x_wconf 87' lang='lat' dir='ltr'><strong>beat.</strong></span> <span class='ocrx_word' id='word_1_780' title='bbox 2218 3169 2408 3225; x_wconf 76' lang='lat' dir='ltr'><strong>Mulier</strong></span> <span class='ocrx_word' id='word_1_781' title='bbox 2454 3179 2622 3223; x_wconf 88' lang='lat' dir='ltr'><strong>autem</strong></span> <span class='ocrx_word' id='word_1_782' title='bbox 2650 3168 2816 3239; x_wconf 85' lang='lat' dir='ltr'><strong>gloria</strong></span> <span class='ocrx_word' id='word_1_783' title='bbox 2850 3168 2944 3222; x_wconf 78' lang='lat' dir='ltr'><strong>viri</strong></span> <span class='ocrx_word' id='word_1_784' title='bbox 2963 3178 3055 3222; x_wconf 87' lang='lat' dir='ltr'><strong>est.</strong></span> <span class='ocrx_word' id='word_1_785' title='bbox 3089 3166 3185 3222; x_wconf 85' lang='lat' dir='ltr'><strong>Est</strong></span> <span class='ocrx_word' id='word_1_786' title='bbox 3212 3181 3343 3235; x_wconf 84' lang='lat' dir='ltr'><strong>ergo</strong></span> <span class='ocrx_word' id='word_1_787' title='bbox 3366 3168 3606 3221; x_wconf 86' lang='lat' dir='ltr'><strong>naturale</strong></span> 
     </span>
    </p>
   </div>
   <div class='ocr_carea' id='block_1_93' title="bbox 2029 3260 3601 3335">
    <p class='ocr_par' dir='ltr' id='par_1_93' title="bbox 2029 3260 3601 3335">
     <span class='ocr_line' id='line_1_93' title="bbox 2029 3260 3601 3335; baseline -0.003 -19"><span class='ocrx_word' id='word_1_788' title='bbox 2029 3265 2126 3318; x_wconf 90' lang='lat' dir='ltr'><strong>viri</strong></span> <span class='ocrx_word' id='word_1_789' title='bbox 2150 3265 2452 3335; x_wconf 88' lang='lat' dir='ltr'><strong>imperium.</strong></span> <span class='ocrx_word' id='word_1_790' title='bbox 2478 3261 2683 3318; x_wconf 91' lang='lat' dir='ltr'><strong>Deinde</strong></span> <span class='ocrx_word' id='word_1_791' title='bbox 2714 3270 2992 3330; x_wconf 88' lang='lat' dir='ltr'><strong>postquam</strong></span> <span class='ocrx_word' id='word_1_792' title='bbox 3013 3260 3333 3315; x_wconf 87' lang='lat' dir='ltr'><strong>sententiam</strong></span> <span class='ocrx_word' id='word_1_793' title='bbox 3363 3260 3601 3328; x_wconf 86' lang='lat' dir='ltr'><strong>protulit.</strong></span> 
     </span>
    </p>
   </div>
   <div class='ocr_carea' id='block_1_94' title="bbox 2029 3350 3606 3420">
    <p class='ocr_par' dir='ltr' id='par_1_94' title="bbox 2029 3350 3606 3420">
     <span class='ocr_line' id='line_1_94' title="bbox 2029 3350 3606 3420; baseline -0.007 -8"><span class='ocrx_word' id='word_1_794' title='bbox 2029 3365 2082 3412; x_wconf 88' lang='lat' dir='ltr'><strong>et</strong></span> <span class='ocrx_word' id='word_1_795' title='bbox 2106 3356 2343 3412; x_wconf 88' lang='lat' dir='ltr'><strong>rationes</strong></span> <span class='ocrx_word' id='word_1_796' title='bbox 2370 3366 2426 3409; x_wconf 87' lang='lat' dir='ltr'><strong>et</strong></span> <span class='ocrx_word' id='word_1_797' title='bbox 2452 3368 2641 3409; x_wconf 79' lang='lat' dir='ltr'><strong>causas</strong></span> <span class='ocrx_word' id='word_1_798' title='bbox 2669 3366 2881 3407; x_wconf 87' lang='lat' dir='ltr'><strong>rursum</strong></span> <span class='ocrx_word' id='word_1_799' title='bbox 2909 3351 3043 3405; x_wconf 88' lang='lat' dir='ltr'><strong>alias</strong></span> <span class='ocrx_word' id='word_1_800' title='bbox 3076 3351 3245 3420; x_wconf 89' lang='lat' dir='ltr'><strong>ponit,</strong></span> <span class='ocrx_word' id='word_1_801' title='bbox 3274 3350 3339 3403; x_wconf 88' lang='lat' dir='ltr'><strong>ad</strong></span> <span class='ocrx_word' id='word_1_802' title='bbox 3382 3352 3606 3417; x_wconf 75' lang='lat' dir='ltr'><strong>primatu</strong></span> 
     </span>
    </p>
   </div>
   <div class='ocr_carea' id='block_1_95' title="bbox 2033 3439 3611 3508">
    <p class='ocr_par' dir='ltr' id='par_1_95' title="bbox 2033 3439 3611 3508">
     <span class='ocr_line' id='line_1_95' title="bbox 2033 3439 3611 3508; baseline -0.005 -7"><span class='ocrx_word' id='word_1_803' title='bbox 2033 3459 2082 3503; x_wconf 84' lang='lat' dir='ltr'><strong>te</strong></span> <span class='ocrx_word' id='word_1_804' title='bbox 2107 3447 2310 3504; x_wconf 87' lang='lat' dir='ltr'><strong>ducens</strong></span> <span class='ocrx_word' id='word_1_805' title='bbox 2337 3446 2689 3508; x_wconf 88' lang='lat' dir='ltr'><strong>creationem,</strong></span> <span class='ocrx_word' id='word_1_806' title='bbox 2710 3442 2793 3496; x_wconf 91' lang='lat' dir='ltr'><strong>his</strong></span> <span class='ocrx_word' id='word_1_807' title='bbox 2815 3441 2994 3496; x_wconf 86' lang='lat' dir='ltr'><strong>verbis</strong></span> <span class='ocrx_word' id='word_1_808' title='bbox 3022 3459 3034 3495; x_wconf 90' lang='lat'><strong>:</strong></span> <span class='ocrx_word' id='word_1_809' title='bbox 3063 3442 3116 3497; x_wconf 89' lang='lat'><strong>8.</strong></span> <span class='ocrx_word' id='word_1_810' title='bbox 3152 3439 3271 3495; x_wconf 90' lang='lat' dir='ltr'><strong>Non</strong></span> <span class='ocrx_word' id='word_1_811' title='bbox 3297 3441 3428 3494; x_wconf 84' lang='lat' dir='ltr'><strong>enim</strong></span> <span class='ocrx_word' id='word_1_812' title='bbox 3446 3441 3522 3493; x_wconf 79' lang='lat' dir='ltr'><strong>vir</strong></span> <span class='ocrx_word' id='word_1_813' title='bbox 3549 3457 3611 3493; x_wconf 73' lang='lat' dir='ltr'><strong>ea:</strong></span> 
     </span>
    </p>
   </div>
   <div class='ocr_carea' id='block_1_96' title="bbox 2031 3530 3611 3601">
    <p class='ocr_par' dir='ltr' id='par_1_96' title="bbox 2031 3530 3611 3601">
     <span class='ocr_line' id='line_1_96' title="bbox 2031 3530 3611 3601; baseline -0.008 -9"><span class='ocrx_word' id='word_1_814' title='bbox 2031 3540 2242 3594; x_wconf 88' lang='lat' dir='ltr'><strong>muliere</strong></span> <span class='ocrx_word' id='word_1_815' title='bbox 2279 3548 2374 3601; x_wconf 84' lang='lat' dir='ltr'><strong>est,</strong></span> <span class='ocrx_word' id='word_1_816' title='bbox 2426 3535 2513 3589; x_wconf 91' lang='lat' dir='ltr'><strong>sed</strong></span> <span class='ocrx_word' id='word_1_817' title='bbox 2542 3535 2722 3588; x_wconf 87' lang='lat' dir='ltr'><strong>mulier</strong></span> <span class='ocrx_word' id='word_1_818' title='bbox 2749 3549 2813 3587; x_wconf 74' lang='lat' dir='ltr'><strong>ex-</strong></span> <span class='ocrx_word' id='word_1_819' title='bbox 2854 3532 2981 3585; x_wconf 81' lang='lat' dir='ltr'><strong>viro.</strong></span> <span class='ocrx_word' id='word_1_820' title='bbox 3013 3531 3069 3585; x_wconf 90' lang='lat' dir='ltr'><strong>Si</strong></span> <span class='ocrx_word' id='word_1_821' title='bbox 3109 3539 3287 3584; x_wconf 90' lang='lat' dir='ltr'><strong>autem</strong></span> <span class='ocrx_word' id='word_1_822' title='bbox 3339 3546 3401 3584; x_wconf 81' lang='lat' dir='ltr'><strong>ex</strong></span> <span class='ocrx_word' id='word_1_823' title='bbox 3432 3530 3611 3599; x_wconf 86' lang='lat' dir='ltr'><strong>aliquo</strong></span> 
     </span>
    </p>
   </div>
   <div class='ocr_carea' id='block_1_97' title="bbox 2031 3624 3612 3703">
    <p class='ocr_par' dir='ltr' id='par_1_97' title="bbox 2031 3624 3612 3703">
     <span class='ocr_line' id='line_1_97' title="bbox 2031 3624 3612 3703; baseline -0.006 -15"><span class='ocrx_word' id='word_1_824' title='bbox 2031 3647 2171 3695; x_wconf 73' lang='lat' dir='ltr'><strong>esse,</strong></span> <span class='ocrx_word' id='word_1_825' title='bbox 2193 3630 2365 3703; x_wconf 88' lang='lat' dir='ltr'><strong>gloria</strong></span> <span class='ocrx_word' id='word_1_826' title='bbox 2397 3636 2480 3684; x_wconf 86' lang='lat' dir='ltr'><strong>est</strong></span> <span class='ocrx_word' id='word_1_827' title='bbox 2500 3627 2615 3697; x_wconf 82' lang='lat' dir='ltr'><strong>ejus</strong></span> <span class='ocrx_word' id='word_1_828' title='bbox 2646 3642 2710 3681; x_wconf 88' lang='lat' dir='ltr'><strong>ex</strong></span> <span class='ocrx_word' id='word_1_829' title='bbox 2729 3641 2833 3695; x_wconf 92' lang='lat' dir='ltr'><strong>quo</strong></span> <span class='ocrx_word' id='word_1_830' title='bbox 2861 3624 3076 3694; x_wconf 90' lang='lat' dir='ltr'><strong>prodiit,</strong></span> <span class='ocrx_word' id='word_1_831' title='bbox 3104 3624 3272 3678; x_wconf 87' lang='lat' dir='ltr'><strong>multo</strong></span> <span class='ocrx_word' id='word_1_832' title='bbox 3297 3625 3464 3692; x_wconf 79' lang='lat' dir='ltr'><strong>magis</strong></span> <span class='ocrx_word' id='word_1_833' title='bbox 3492 3637 3612 3678; x_wconf 88' lang='lat' dir='ltr'><strong>esse</strong></span> 
     </span>
    </p>
   </div>
   <div class='ocr_carea' id='block_1_98' title="bbox 2033 3715 3613 3786">
    <p class='ocr_par' dir='ltr' id='par_1_98' title="bbox 2033 3715 3613 3786">
     <span class='ocr_line' id='line_1_98' title="bbox 2033 3715 3613 3786; baseline -0.008 -6"><span class='ocrx_word' id='word_1_834' title='bbox 2033 3724 2282 3781; x_wconf 84' lang='lat' dir='ltr'><strong>similem.</strong></span> <span class='ocrx_word' id='word_1_835' title='bbox 2314 3721 2369 3778; x_wconf 90' lang='lat'><strong>9.</strong></span> <span class='ocrx_word' id='word_1_836' title='bbox 2396 3719 2597 3773; x_wconf 86' lang='lat' dir='ltr'><strong>Etenim</strong></span> <span class='ocrx_word' id='word_1_837' title='bbox 2624 3734 2726 3773; x_wconf 90' lang='lat' dir='ltr'><strong>non</strong></span> <span class='ocrx_word' id='word_1_838' title='bbox 2752 3726 2952 3772; x_wconf 80' lang='lat' dir='ltr'><strong>creatus</strong></span> <span class='ocrx_word' id='word_1_839' title='bbox 2980 3726 3053 3770; x_wconf 89' lang='lat' dir='ltr'><strong>est</strong></span> <span class='ocrx_word' id='word_1_840' title='bbox 3073 3716 3150 3769; x_wconf 80' lang='lat' dir='ltr'><strong>vir</strong></span> <span class='ocrx_word' id='word_1_841' title='bbox 3194 3723 3401 3786; x_wconf 82' lang='lat' dir='ltr'><strong>prapter</strong></span> <span class='ocrx_word' id='word_1_842' title='bbox 3427 3715 3613 3768; x_wconf 82' lang='lat' dir='ltr'><strong>mulie-</strong></span> 
     </span>
    </p>
   </div>
   <div class='ocr_carea' id='block_1_99' title="bbox 2032 3806 3611 3883">
    <p class='ocr_par' dir='ltr' id='par_1_99' title="bbox 2032 3806 3611 3883">
     <span class='ocr_line' id='line_1_99' title="bbox 2032 3806 3611 3883; baseline -0.006 -12"><span class='ocrx_word' id='word_1_843' title='bbox 2032 3833 2158 3881; x_wconf 89' lang='lat' dir='ltr'><strong>rem,</strong></span> <span class='ocrx_word' id='word_1_844' title='bbox 2191 3815 2281 3870; x_wconf 86' lang='lat' dir='ltr'><strong>sed</strong></span> <span class='ocrx_word' id='word_1_845' title='bbox 2305 3811 2491 3867; x_wconf 86' lang='lat' dir='ltr'><strong>mulier</strong></span> <span class='ocrx_word' id='word_1_846' title='bbox 2517 3820 2722 3883; x_wconf 84' lang='lat' dir='ltr'><strong>propter</strong></span> <span class='ocrx_word' id='word_1_847' title='bbox 2747 3811 2931 3863; x_wconf 81' lang='lat' dir='ltr'><strong>virum.</strong></span> <span class='ocrx_word' id='word_1_848' title='bbox 2967 3807 3090 3863; x_wconf 67' lang='lat' dir='ltr'><strong>llaec</strong></span> <span class='ocrx_word' id='word_1_849' title='bbox 3116 3817 3199 3862; x_wconf 88' lang='lat' dir='ltr'><strong>est</strong></span> <span class='ocrx_word' id='word_1_850' title='bbox 3226 3806 3459 3863; x_wconf 88' lang='lat' dir='ltr'><strong>secunda</strong></span> <span class='ocrx_word' id='word_1_851' title='bbox 3491 3823 3611 3862; x_wconf 89' lang='lat' dir='ltr'><strong>rur-</strong></span> 
     </span>
    </p>
   </div>
   <div class='ocr_carea' id='block_1_100' title="bbox 2034 3902 3608 3976">
    <p class='ocr_par' dir='ltr' id='par_1_100' title="bbox 2034 3902 3608 3976">
     <span class='ocr_line' id='line_1_100' title="bbox 2034 3902 3608 3976; baseline -0.004 -13"><span class='ocrx_word' id='word_1_852' title='bbox 2034 3923 2126 3963; x_wconf 90' lang='lat' dir='ltr'><strong>sus</strong></span> <span class='ocrx_word' id='word_1_853' title='bbox 2155 3906 2297 3963; x_wconf 89' lang='lat' dir='ltr'><strong>illius</strong></span> <span class='ocrx_word' id='word_1_854' title='bbox 2320 3920 2432 3976; x_wconf 66' lang='lat' dir='ltr'><strong>prae</strong></span> <span class='ocrx_word' id='word_1_855' title='bbox 2462 3903 2552 3959; x_wconf 89' lang='lat' dir='ltr'><strong>illa</strong></span> <span class='ocrx_word' id='word_1_856' title='bbox 2578 3902 2918 3967; x_wconf 82' lang='lat' dir='ltr'><strong>excellentia,</strong></span> <span class='ocrx_word' id='word_1_857' title='bbox 2940 3903 3046 3956; x_wconf 92' lang='lat' dir='ltr'><strong>imo</strong></span> <span class='ocrx_word' id='word_1_858' title='bbox 3072 3911 3126 3956; x_wconf 89' lang='lat' dir='ltr'><strong>et</strong></span> <span class='ocrx_word' id='word_1_859' title='bbox 3146 3902 3300 3958; x_wconf 85' lang='lat' dir='ltr'><strong>tertia</strong></span> <span class='ocrx_word' id='word_1_860' title='bbox 3322 3909 3377 3955; x_wconf 89' lang='lat' dir='ltr'><strong>et</strong></span> <span class='ocrx_word' id='word_1_861' title='bbox 3403 3910 3608 3971; x_wconf 89' lang='lat' dir='ltr'><strong>quarta.</strong></span> 
     </span>
    </p>
   </div>
   <div class='ocr_carea' id='block_1_101' title="bbox 2035 3994 3610 4069">
    <p class='ocr_par' dir='ltr' id='par_1_101' title="bbox 2035 3994 3610 4069">
     <span class='ocr_line' id='line_1_101' title="bbox 2035 3994 3610 4069; baseline -0.004 -14"><span class='ocrx_word' id='word_1_862' title='bbox 2035 3999 2234 4067; x_wconf 87' lang='lat' dir='ltr'><strong>Prima,</strong></span> <span class='ocrx_word' id='word_1_863' title='bbox 2267 3998 2392 4069; x_wconf 88' lang='lat' dir='ltr'><strong>quia</strong></span> <span class='ocrx_word' id='word_1_864' title='bbox 2420 4006 2579 4068; x_wconf 89' lang='lat' dir='ltr'><strong>caput</strong></span> <span class='ocrx_word' id='word_1_865' title='bbox 2607 4006 2848 4052; x_wconf 92' lang='lat' dir='ltr'><strong>nostrum</strong></span> <span class='ocrx_word' id='word_1_866' title='bbox 2878 4006 2959 4049; x_wconf 86' lang='lat' dir='ltr'><strong>est</strong></span> <span class='ocrx_word' id='word_1_867' title='bbox 2997 3994 3260 4060; x_wconf 85' lang='lat' dir='ltr'><strong>Christus,</strong></span> <span class='ocrx_word' id='word_1_868' title='bbox 3293 4004 3347 4050; x_wconf 89' lang='lat' dir='ltr'><strong>et</strong></span> <span class='ocrx_word' id='word_1_869' title='bbox 3366 4009 3464 4049; x_wconf 92' lang='lat' dir='ltr'><strong>nos</strong></span> <span class='ocrx_word' id='word_1_870' title='bbox 3492 4011 3610 4049; x_wconf 88' lang='lat' dir='ltr'><strong>mn-</strong></span> 
     </span>
    </p>
   </div>
   <div class='ocr_carea' id='block_1_102' title="bbox 2032 4088 3616 4161">
    <p class='ocr_par' dir='ltr' id='par_1_102' title="bbox 2032 4088 3616 4161">
     <span class='ocr_line' id='line_1_102' title="bbox 2032 4088 3616 4161; baseline -0.004 -13"><span class='ocrx_word' id='word_1_871' title='bbox 2032 4094 2214 4157; x_wconf 83' lang='lat' dir='ltr'><strong>lieris;</strong></span> <span class='ocrx_word' id='word_1_872' title='bbox 2242 4091 2498 4157; x_wconf 86' lang='lat' dir='ltr'><strong>secunda,</strong></span> <span class='ocrx_word' id='word_1_873' title='bbox 2527 4091 2649 4161; x_wconf 89' lang='lat' dir='ltr'><strong>quia</strong></span> <span class='ocrx_word' id='word_1_874' title='bbox 2682 4105 2780 4146; x_wconf 87' lang='lat' dir='ltr'><strong>nos</strong></span> <span class='ocrx_word' id='word_1_875' title='bbox 2795 4088 2959 4161; x_wconf 84' lang='lat' dir='ltr'><strong>gloria</strong></span> <span class='ocrx_word' id='word_1_876' title='bbox 2996 4088 3086 4143; x_wconf 84' lang='lat' dir='ltr'><strong>Dei</strong></span> <span class='ocrx_word' id='word_1_877' title='bbox 3112 4104 3317 4154; x_wconf 85' lang='lat' dir='ltr'><strong>sumus,</strong></span> <span class='ocrx_word' id='word_1_878' title='bbox 3345 4100 3399 4142; x_wconf 91' lang='lat' dir='ltr'><strong>et</strong></span> <span class='ocrx_word' id='word_1_879' title='bbox 3423 4088 3616 4142; x_wconf 85' lang='lat' dir='ltr'><strong>mulier</strong></span> 
     </span>
    </p>
   </div>
   <div class='ocr_carea' id='block_1_103' title="bbox 2034 4179 3612 4257">
    <p class='ocr_par' dir='ltr' id='par_1_103' title="bbox 2034 4179 3612 4257">
     <span class='ocr_line' id='line_1_103' title="bbox 2034 4179 3612 4257; baseline -0.006 -18"><span class='ocrx_word' id='word_1_880' title='bbox 2034 4187 2201 4257; x_wconf 86' lang='lat' dir='ltr'><strong>gloria</strong></span> <span class='ocrx_word' id='word_1_881' title='bbox 2234 4194 2445 4249; x_wconf 81' lang='lat' dir='ltr'><strong>nostra;</strong></span> <span class='ocrx_word' id='word_1_882' title='bbox 2476 4183 2653 4249; x_wconf 89' lang='lat' dir='ltr'><strong>tertia,</strong></span> <span class='ocrx_word' id='word_1_883' title='bbox 2676 4181 2799 4251; x_wconf 90' lang='lat' dir='ltr'><strong>quia</strong></span> <span class='ocrx_word' id='word_1_884' title='bbox 2823 4197 2926 4235; x_wconf 93' lang='lat' dir='ltr'><strong>non</strong></span> <span class='ocrx_word' id='word_1_885' title='bbox 2953 4194 3050 4233; x_wconf 91' lang='lat' dir='ltr'><strong>nos</strong></span> <span class='ocrx_word' id='word_1_886' title='bbox 3063 4197 3131 4235; x_wconf 80' lang='lat' dir='ltr'><strong>ex</strong></span> <span class='ocrx_word' id='word_1_887' title='bbox 3154 4179 3378 4234; x_wconf 88' lang='lat' dir='ltr'><strong>muliere</strong></span> <span class='ocrx_word' id='word_1_888' title='bbox 3407 4193 3612 4241; x_wconf 71' lang='lat' dir='ltr'><strong>sumus,</strong></span> 
     </span>
    </p>
   </div>
   <div class='ocr_carea' id='block_1_104' title="bbox 2036 4274 3617 4345">
    <p class='ocr_par' dir='ltr' id='par_1_104' title="bbox 2036 4274 3617 4345">
     <span class='ocr_line' id='line_1_104' title="bbox 2036 4274 3617 4345; baseline -0.004 -14"><span class='ocrx_word' id='word_1_889' title='bbox 2036 4279 2128 4333; x_wconf 84' lang='lat' dir='ltr'><strong>sed</strong></span> <span class='ocrx_word' id='word_1_890' title='bbox 2177 4278 2267 4333; x_wconf 81' lang='lat' dir='ltr'><strong>illa</strong></span> <span class='ocrx_word' id='word_1_891' title='bbox 2321 4292 2388 4332; x_wconf 82' lang='lat' dir='ltr'><strong>ex</strong></span> <span class='ocrx_word' id='word_1_892' title='bbox 2426 4275 2613 4341; x_wconf 91' lang='lat' dir='ltr'><strong>nobis;</strong></span> <span class='ocrx_word' id='word_1_893' title='bbox 2661 4283 2877 4345; x_wconf 88' lang='lat' dir='ltr'><strong>quarta,</strong></span> <span class='ocrx_word' id='word_1_894' title='bbox 2940 4274 3062 4343; x_wconf 91' lang='lat' dir='ltr'><strong>quia</strong></span> <span class='ocrx_word' id='word_1_895' title='bbox 3103 4288 3209 4326; x_wconf 91' lang='lat' dir='ltr'><strong>non</strong></span> <span class='ocrx_word' id='word_1_896' title='bbox 3248 4286 3347 4325; x_wconf 92' lang='lat' dir='ltr'><strong>nos</strong></span> <span class='ocrx_word' id='word_1_897' title='bbox 3401 4280 3617 4340; x_wconf 86' lang='lat' dir='ltr'><strong>propter</strong></span> 
     </span>
    </p>
   </div>
   <div class='ocr_carea' id='block_1_105' title="bbox 2039 4360 3619 4434">
    <p class='ocr_par' dir='ltr' id='par_1_105' title="bbox 2039 4360 3619 4434">
     <span class='ocr_line' id='line_1_105' title="bbox 2039 4360 3619 4434; baseline -0.004 -13"><span class='ocrx_word' id='word_1_898' title='bbox 2039 4369 2182 4423; x_wconf 90' lang='lat' dir='ltr'><strong>illam</strong></span> <span class='ocrx_word' id='word_1_899' title='bbox 2207 4409 2223 4433; x_wconf 91' lang='lat'><strong>,</strong></span> <span class='ocrx_word' id='word_1_900' title='bbox 2253 4367 2347 4421; x_wconf 90' lang='lat' dir='ltr'><strong>sed</strong></span> <span class='ocrx_word' id='word_1_901' title='bbox 2388 4366 2477 4419; x_wconf 90' lang='lat' dir='ltr'><strong>illa</strong></span> <span class='ocrx_word' id='word_1_902' title='bbox 2530 4371 2747 4434; x_wconf 90' lang='lat' dir='ltr'><strong>propter</strong></span> <span class='ocrx_word' id='word_1_903' title='bbox 2774 4379 2893 4417; x_wconf 89' lang='lat' dir='ltr'><strong>nos.</strong></span> <span class='ocrx_word' id='word_1_904' title='bbox 2940 4362 3027 4417; x_wconf 81' lang='grc'><strong>10.</strong></span> <span class='ocrx_word' id='word_1_905' title='bbox 3076 4360 3202 4415; x_wconf 81' lang='lat' dir='ltr'><strong>Ideo</strong></span> <span class='ocrx_word' id='word_1_906' title='bbox 3253 4361 3398 4414; x_wconf 87' lang='lat' dir='ltr'><strong>debet</strong></span> <span class='ocrx_word' id='word_1_907' title='bbox 3439 4361 3619 4414; x_wconf 77' lang='lat' dir='ltr'><strong>mulier</strong></span> 
     </span>
    </p>
   </div>
   <div class='ocr_carea' id='block_1_106' title="bbox 2040 4451 3614 4527">
    <p class='ocr_par' dir='ltr' id='par_1_106' title="bbox 2040 4451 3614 4527">
     <span class='ocr_line' id='line_1_106' title="bbox 2040 4451 3614 4527; baseline -0.006 -16"><span class='ocrx_word' id='word_1_908' title='bbox 2040 4457 2220 4511; x_wconf 84' lang='lat' dir='ltr'><strong>habere</strong></span> <span class='ocrx_word' id='word_1_909' title='bbox 2240 4464 2531 4527; x_wconf 86' lang='lat' dir='ltr'><strong>potestatem</strong></span> <span class='ocrx_word' id='word_1_910' title='bbox 2547 4470 2699 4525; x_wconf 80' lang='lat' dir='ltr'><strong>super</strong></span> <span class='ocrx_word' id='word_1_911' title='bbox 2711 4462 2862 4522; x_wconf 87' lang='lat' dir='ltr'><strong>caput</strong></span> <span class='ocrx_word' id='word_1_912' title='bbox 2879 4469 3043 4507; x_wconf 88' lang='lat' dir='ltr'><strong>suum.</strong></span> <span class='ocrx_word' id='word_1_913' title='bbox 3067 4451 3093 4504; x_wconf 87' lang='grc'><em>1</em></span> <span class='ocrx_word' id='word_1_914' title='bbox 3102 4451 3213 4517; x_wconf 88' lang='lat' dir='ltr'><strong>deo,</strong></span> <span class='ocrx_word' id='word_1_915' title='bbox 3231 4466 3332 4523; x_wconf 89' lang='lat' dir='ltr'><strong>qua</strong></span> <span class='ocrx_word' id='word_1_916' title='bbox 3347 4451 3412 4506; x_wconf 90' lang='lat' dir='ltr'><strong>de</strong></span> <span class='ocrx_word' id='word_1_917' title='bbox 3428 4451 3614 4507; x_wconf 83' lang='lat' dir='ltr'><strong>causa?</strong></span> 
     </span>
    </p>
   </div>
   <div class='ocr_carea' id='block_1_107' title="bbox 2039 4542 3625 4615">
    <p class='ocr_par' dir='ltr' id='par_1_107' title="bbox 2039 4542 3625 4615">
     <span class='ocr_line' id='line_1_107' title="bbox 2039 4542 3625 4615; baseline -0.003 -15"><span class='ocrx_word' id='word_1_918' title='bbox 2039 4548 2125 4602; x_wconf 88' lang='lat' dir='ltr'><strong>die</strong></span> <span class='ocrx_word' id='word_1_919' title='bbox 2155 4546 2283 4601; x_wconf 92' lang='lat' dir='ltr'><strong>mihi</strong></span> <span class='ocrx_word' id='word_1_920' title='bbox 2297 4581 2315 4599; x_wconf 89' lang='lat'><strong>.</strong></span> <span class='ocrx_word' id='word_1_921' title='bbox 2345 4546 2568 4615; x_wconf 83' lang='lat' dir='ltr'><strong>Propter</strong></span> <span class='ocrx_word' id='word_1_922' title='bbox 2584 4544 2700 4599; x_wconf 71' lang='lat' dir='ltr'><strong>haec</strong></span> <span class='ocrx_word' id='word_1_923' title='bbox 2717 4544 2894 4599; x_wconf 89' lang='lat' dir='ltr'><strong>omnia</strong></span> <span class='ocrx_word' id='word_1_924' title='bbox 2912 4558 3031 4614; x_wconf 79' lang='lat' dir='ltr'><strong>qute</strong></span> <span class='ocrx_word' id='word_1_925' title='bbox 3043 4542 3182 4597; x_wconf 90' lang='lat' dir='ltr'><strong>dicta</strong></span> <span class='ocrx_word' id='word_1_926' title='bbox 3201 4551 3326 4597; x_wconf 88' lang='lat' dir='ltr'><strong>sunt</strong></span> <span class='ocrx_word' id='word_1_927' title='bbox 3345 4560 3359 4601; x_wconf 87' lang='lat'><strong>:</strong></span> <span class='ocrx_word' id='word_1_928' title='bbox 3383 4543 3490 4598; x_wconf 89' lang='lat' dir='ltr'><strong>imo</strong></span> <span class='ocrx_word' id='word_1_929' title='bbox 3509 4559 3625 4599; x_wconf 88' lang='lat' dir='ltr'><strong>non.</strong></span> 
     </span>
    </p>
   </div>
   <div class='ocr_carea' id='block_1_108' title="bbox 2040 4634 3617 4708">
    <p class='ocr_par' dir='ltr' id='par_1_108' title="bbox 2040 4634 3617 4708">
     <span class='ocr_line' id='line_1_108' title="bbox 2040 4634 3617 4708; baseline -0.001 -17"><span class='ocrx_word' id='word_1_930' title='bbox 2040 4645 2246 4692; x_wconf 90' lang='lat' dir='ltr'><strong>tantum</strong></span> <span class='ocrx_word' id='word_1_931' title='bbox 2275 4643 2493 4707; x_wconf 89' lang='lat' dir='ltr'><strong>propter</strong></span> <span class='ocrx_word' id='word_1_932' title='bbox 2516 4635 2631 4691; x_wconf 69' lang='lat' dir='ltr'><strong>haec</strong></span> <span class='ocrx_word' id='word_1_933' title='bbox 2664 4635 2867 4701; x_wconf 90' lang='lat' dir='ltr'><strong>omnia,</strong></span> <span class='ocrx_word' id='word_1_934' title='bbox 2902 4634 2995 4690; x_wconf 88' lang='lat' dir='ltr'><strong>sed</strong></span> <span class='ocrx_word' id='word_1_935' title='bbox 3022 4635 3182 4690; x_wconf 89' lang='lat' dir='ltr'><strong>etiam</strong></span> <span class='ocrx_word' id='word_1_936' title='bbox 3207 4634 3430 4705; x_wconf 90' lang='lat' dir='ltr'><strong>Propter</strong></span> <span class='ocrx_word' id='word_1_937' title='bbox 3457 4652 3617 4708; x_wconf 76' lang='lat' dir='ltr'><strong>ange-</strong></span> 
     </span>
    </p>
   </div>
   <div class='ocr_carea' id='block_1_109' title="bbox 2042 4726 3616 4798">
    <p class='ocr_par' dir='ltr' id='par_1_109' title="bbox 2042 4726 3616 4798">
     <span class='ocr_line' id='line_1_109' title="bbox 2042 4726 3616 4798; baseline -0.001 -16"><span class='ocrx_word' id='word_1_938' title='bbox 2042 4730 2137 4784; x_wconf 86' lang='lat' dir='ltr'><strong>los.</strong></span> <span class='ocrx_word' id='word_1_939' title='bbox 2165 4727 2296 4783; x_wconf 89' lang='lat' dir='ltr'><strong>Nam</strong></span> <span class='ocrx_word' id='word_1_940' title='bbox 2319 4729 2363 4783; x_wconf 92' lang='lat' dir='ltr'><strong>si</strong></span> <span class='ocrx_word' id='word_1_941' title='bbox 2390 4729 2559 4783; x_wconf 89' lang='lat' dir='ltr'><strong>virum</strong></span> <span class='ocrx_word' id='word_1_942' title='bbox 2586 4726 2841 4795; x_wconf 88' lang='lat' dir='ltr'><strong>despicis,</strong></span> <span class='ocrx_word' id='word_1_943' title='bbox 2873 4726 3070 4796; x_wconf 89' lang='lat' dir='ltr'><strong>inquit,</strong></span> <span class='ocrx_word' id='word_1_944' title='bbox 3103 4726 3324 4798; x_wconf 80' lang='lat' dir='ltr'><strong>angelos</strong></span> <span class='ocrx_word' id='word_1_945' title='bbox 3345 4742 3616 4783; x_wconf 87' lang='lat' dir='ltr'><strong>reverere.</strong></span> 
     </span>
    </p>
   </div>
   <div class='ocr_carea' id='block_1_110' title="bbox 2114 4818 3618 4890">
    <p class='ocr_par' dir='ltr' id='par_1_110' title="bbox 2114 4818 3618 4890">
     <span class='ocr_line' id='line_1_110' title="bbox 2114 4818 3618 4890; baseline -0.001 -15"><span class='ocrx_word' id='word_1_946' title='bbox 2114 4822 2166 4876; x_wconf 87' lang='lat'><strong>5.</strong></span> <span class='ocrx_word' id='word_1_947' title='bbox 2195 4820 2368 4890; x_wconf 87' lang='lat' dir='ltr'><strong>Caput</strong></span> <span class='ocrx_word' id='word_1_948' title='bbox 2393 4835 2522 4890; x_wconf 87' lang='lat' dir='ltr'><strong>ergo</strong></span> <span class='ocrx_word' id='word_1_949' title='bbox 2552 4820 2764 4889; x_wconf 88' lang='lat' dir='ltr'><strong>operire</strong></span> <span class='ocrx_word' id='word_1_950' title='bbox 2789 4828 2868 4873; x_wconf 93' lang='lat' dir='ltr'><strong>est</strong></span> <span class='ocrx_word' id='word_1_951' title='bbox 2903 4818 3247 4887; x_wconf 89' lang='lat' dir='ltr'><strong>subjectionis</strong></span> <span class='ocrx_word' id='word_1_952' title='bbox 3284 4828 3340 4874; x_wconf 91' lang='lat' dir='ltr'><strong>et</strong></span> <span class='ocrx_word' id='word_1_953' title='bbox 3383 4827 3618 4889; x_wconf 80' lang='lat' dir='ltr'><strong>potesta-</strong></span> 
     </span>
    </p>
   </div>
   <div class='ocr_carea' id='block_1_111' title="bbox 2043 4908 3620 4978">
    <p class='ocr_par' dir='ltr' id='par_1_111' title="bbox 2043 4908 3620 4978">
     <span class='ocr_line' id='line_1_111' title="bbox 2043 4908 3620 4978; baseline 0 -14"><span class='ocrx_word' id='word_1_954' title='bbox 2043 4912 2144 4973; x_wconf 83' lang='lat' dir='ltr'><strong>tis;</strong></span> <span class='ocrx_word' id='word_1_955' title='bbox 2197 4910 2363 4966; x_wconf 79' lang='lat' dir='ltr'><strong>efﬁcit</strong></span> <span class='ocrx_word' id='word_1_956' title='bbox 2413 4910 2555 4964; x_wconf 87' lang='lat' dir='ltr'><strong>enim</strong></span> <span class='ocrx_word' id='word_1_957' title='bbox 2585 4918 2643 4962; x_wconf 91' lang='lat' dir='ltr'><strong>ut</strong></span> <span class='ocrx_word' id='word_1_958' title='bbox 2688 4908 2938 4963; x_wconf 81' lang='lat' dir='ltr'><strong>deorsum</strong></span> <span class='ocrx_word' id='word_1_959' title='bbox 2980 4908 3301 4978; x_wconf 87' lang='lat' dir='ltr'><strong>aspiciamus</strong></span> <span class='ocrx_word' id='word_1_960' title='bbox 3329 4916 3386 4964; x_wconf 89' lang='lat' dir='ltr'><strong>et</strong></span> <span class='ocrx_word' id='word_1_961' title='bbox 3415 4908 3620 4978; x_wconf 89' lang='lat' dir='ltr'><strong>pudore</strong></span> 
     </span>
    </p>
   </div>
   <div class='ocr_carea' id='block_1_112' title="bbox 2041 5002 3619 5074">
    <p class='ocr_par' dir='ltr' id='par_1_112' title="bbox 2041 5002 3619 5074">
     <span class='ocr_line' id='line_1_112' title="bbox 2041 5002 3619 5074; baseline -0.004 -14"><span class='ocrx_word' id='word_1_962' title='bbox 2041 5006 2358 5071; x_wconf 83' lang='lat' dir='ltr'><strong>aliieiamur,</strong></span> <span class='ocrx_word' id='word_1_963' title='bbox 2407 5004 2785 5074; x_wconf 85' lang='lat' dir='ltr'><strong>pmpriamque</strong></span> <span class='ocrx_word' id='word_1_964' title='bbox 2813 5017 3089 5058; x_wconf 87' lang='lat' dir='ltr'><strong>servemus</strong></span> <span class='ocrx_word' id='word_1_965' title='bbox 3130 5002 3406 5057; x_wconf 68' lang='lat' dir='ltr'><strong>virtuwm.</strong></span> <span class='ocrx_word' id='word_1_966' title='bbox 3436 5002 3619 5056; x_wconf 84' lang='lat' dir='ltr'><strong>Virtus</strong></span> 
     </span>
    </p>
   </div>
   <div class='ocr_carea' id='block_1_113' title="bbox 2042 5094 3619 5163">
    <p class='ocr_par' dir='ltr' id='par_1_113' title="bbox 2042 5094 3619 5163">
     <span class='ocr_line' id='line_1_113' title="bbox 2042 5094 3619 5163; baseline -0.002 -13"><span class='ocrx_word' id='word_1_967' title='bbox 2042 5099 2181 5153; x_wconf 81' lang='lat' dir='ltr'><strong>enim</strong></span> <span class='ocrx_word' id='word_1_968' title='bbox 2209 5107 2264 5151; x_wconf 90' lang='lat' dir='ltr'><strong>et</strong></span> <span class='ocrx_word' id='word_1_969' title='bbox 2291 5097 2460 5150; x_wconf 90' lang='lat' dir='ltr'><strong>honor</strong></span> <span class='ocrx_word' id='word_1_970' title='bbox 2488 5095 2605 5163; x_wconf 87' lang='lat' dir='ltr'><strong>ejus</strong></span> <span class='ocrx_word' id='word_1_971' title='bbox 2645 5095 2731 5150; x_wconf 89' lang='lat' dir='ltr'><strong>cui</strong></span> <span class='ocrx_word' id='word_1_972' title='bbox 2776 5094 3068 5163; x_wconf 88' lang='lat' dir='ltr'><strong>imperatur</strong></span> <span class='ocrx_word' id='word_1_973' title='bbox 3097 5103 3196 5155; x_wconf 84' lang='lat' dir='ltr'><strong>est,</strong></span> <span class='ocrx_word' id='word_1_974' title='bbox 3228 5104 3288 5147; x_wconf 93' lang='lat' dir='ltr'><strong>ut</strong></span> <span class='ocrx_word' id='word_1_975' title='bbox 3315 5101 3529 5147; x_wconf 88' lang='lat' dir='ltr'><strong>maneat</strong></span> <span class='ocrx_word' id='word_1_976' title='bbox 3565 5095 3619 5147; x_wconf 89' lang='lat' dir='ltr'><strong>in</strong></span> 
     </span>
    </p>
   </div>
   <div class='ocr_carea' id='block_1_114' title="bbox 2043 5181 3621 5255">
    <p class='ocr_par' dir='ltr' id='par_1_114' title="bbox 2043 5181 3621 5255">
     <span class='ocr_line' id='line_1_114' title="bbox 2043 5181 3621 5255; baseline 0 -17"><span class='ocrx_word' id='word_1_977' title='bbox 2043 5186 2365 5241; x_wconf 73' lang='lat' dir='ltr'><strong>oliedientia.</strong></span> <span class='ocrx_word' id='word_1_978' title='bbox 2385 5186 2476 5239; x_wconf 85' lang='lat' dir='ltr'><strong>Vir</strong></span> <span class='ocrx_word' id='word_1_979' title='bbox 2495 5185 2690 5255; x_wconf 87' lang='lat' dir='ltr'><strong>quippe</strong></span> <span class='ocrx_word' id='word_1_980' title='bbox 2715 5201 2818 5237; x_wconf 82' lang='lat' dir='ltr'><strong>non</strong></span> <span class='ocrx_word' id='word_1_981' title='bbox 2841 5186 3049 5253; x_wconf 82' lang='lat' dir='ltr'><strong>cngitnr</strong></span> <span class='ocrx_word' id='word_1_982' title='bbox 3073 5184 3175 5237; x_wconf 92' lang='lat' dir='ltr'><strong>hoc</strong></span> <span class='ocrx_word' id='word_1_983' title='bbox 3214 5181 3425 5246; x_wconf 81' lang='lat' dir='ltr'><strong>facere;</strong></span> <span class='ocrx_word' id='word_1_984' title='bbox 3454 5184 3621 5252; x_wconf 86' lang='lat' dir='ltr'><strong>ipsius</strong></span> 
     </span>
    </p>
   </div>
   <div class='ocr_carea' id='block_1_115' title="bbox 2044 5273 3616 5344">
    <p class='ocr_par' dir='ltr' id='par_1_115' title="bbox 2044 5273 3616 5344">
     <span class='ocr_line' id='line_1_115' title="bbox 2044 5273 3616 5344; baseline -0.003 -13"><span class='ocrx_word' id='word_1_985' title='bbox 2044 5277 2186 5331; x_wconf 88' lang='lat' dir='ltr'><strong>enim</strong></span> <span class='ocrx_word' id='word_1_986' title='bbox 2223 5275 2428 5329; x_wconf 90' lang='lat' dir='ltr'><strong>Domini</strong></span> <span class='ocrx_word' id='word_1_987' title='bbox 2471 5276 2645 5343; x_wconf 83' lang='lat' dir='ltr'><strong>imago</strong></span> <span class='ocrx_word' id='word_1_988' title='bbox 2688 5280 2804 5337; x_wconf 87' lang='lat' dir='ltr'><strong>est;</strong></span> <span class='ocrx_word' id='word_1_989' title='bbox 2837 5274 3030 5329; x_wconf 89' lang='lat' dir='ltr'><strong>mulier</strong></span> <span class='ocrx_word' id='word_1_990' title='bbox 3054 5282 3231 5328; x_wconf 87' lang='lat' dir='ltr'><strong>autem</strong></span> <span class='ocrx_word' id='word_1_991' title='bbox 3257 5273 3378 5344; x_wconf 89' lang='lat' dir='ltr'><strong>jure</strong></span> <span class='ocrx_word' id='word_1_992' title='bbox 3405 5277 3616 5331; x_wconf 84' lang='lat' dir='ltr'><strong>merito.</strong></span> 
     </span>
    </p>
   </div>
   <div class='ocr_carea' id='block_1_116' title="bbox 2043 5368 3617 5440">
    <p class='ocr_par' dir='ltr' id='par_1_116' title="bbox 2043 5368 3617 5440">
     <span class='ocr_line' id='line_1_116' title="bbox 2043 5368 3617 5440; baseline -0.003 -14"><span class='ocrx_word' id='word_1_993' title='bbox 2043 5370 2227 5439; x_wconf 75' lang='lat' dir='ltr'><strong>Cogita</strong></span> <span class='ocrx_word' id='word_1_994' title='bbox 2260 5370 2419 5440; x_wconf 87' lang='lat' dir='ltr'><strong>igitur</strong></span> <span class='ocrx_word' id='word_1_995' title='bbox 2447 5368 2739 5437; x_wconf 86' lang='lat' dir='ltr'><strong>iniquitatis</strong></span> <span class='ocrx_word' id='word_1_996' title='bbox 2770 5383 3071 5433; x_wconf 86' lang='lat' dir='ltr'><strong>excessum,</strong></span> <span class='ocrx_word' id='word_1_997' title='bbox 3112 5383 3232 5423; x_wconf 91' lang='lat' dir='ltr'><strong>cum</strong></span> <span class='ocrx_word' id='word_1_998' title='bbox 3260 5384 3452 5437; x_wconf 85' lang='lat' dir='ltr'><strong>nempe</strong></span> <span class='ocrx_word' id='word_1_999' title='bbox 3474 5379 3617 5423; x_wconf 86' lang='lat' dir='ltr'><strong>tanta</strong></span> 
     </span>
    </p>
   </div>
   <div class='ocr_carea' id='block_1_117' title="bbox 2047 5459 3625 5532">
    <p class='ocr_par' dir='ltr' id='par_1_117' title="bbox 2047 5459 3625 5532">
     <span class='ocr_line' id='line_1_117' title="bbox 2047 5459 3625 5532; baseline -0.004 -14"><span class='ocrx_word' id='word_1_1000' title='bbox 2047 5465 2337 5518; x_wconf 89' lang='lat' dir='ltr'><strong>honoratus</strong></span> <span class='ocrx_word' id='word_1_1001' title='bbox 2368 5468 2649 5532; x_wconf 86' lang='lat' dir='ltr'><strong>potestate,</strong></span> <span class='ocrx_word' id='word_1_1002' title='bbox 2695 5460 2919 5531; x_wconf 89' lang='lat' dir='ltr'><strong>tcipsum</strong></span> <span class='ocrx_word' id='word_1_1003' title='bbox 2949 5459 3219 5531; x_wconf 85' lang='lat' dir='ltr'><strong>deturpas,</strong></span> <span class='ocrx_word' id='word_1_1004' title='bbox 3255 5462 3492 5515; x_wconf 78' lang='lat' dir='ltr'><strong>mulieris</strong></span> <span class='ocrx_word' id='word_1_1005' title='bbox 3528 5462 3625 5513; x_wconf 74' lang='lat' dir='ltr'><strong>ha-</strong></span> 
     </span>
    </p>
   </div>
   <div class='ocr_carea' id='block_1_118' title="bbox 2048 5551 3617 5624">
    <p class='ocr_par' dir='ltr' id='par_1_118' title="bbox 2048 5551 3617 5624">
     <span class='ocr_line' id='line_1_118' title="bbox 2048 5551 3617 5624; baseline -0.003 -15"><span class='ocrx_word' id='word_1_1006' title='bbox 2048 5557 2212 5611; x_wconf 68' lang='lat' dir='ltr'><strong>liitnm</strong></span> <span class='ocrx_word' id='word_1_1007' title='bbox 2245 5555 2476 5623; x_wconf 87' lang='lat' dir='ltr'><strong>rapiens.</strong></span> <span class='ocrx_word' id='word_1_1008' title='bbox 2511 5551 2740 5624; x_wconf 88' lang='lat' dir='ltr'><strong>ldipsum</strong></span> <span class='ocrx_word' id='word_1_1009' title='bbox 2772 5554 2899 5608; x_wconf 84' lang='lat' dir='ltr'><strong>lacis</strong></span> <span class='ocrx_word' id='word_1_1010' title='bbox 2925 5569 2986 5608; x_wconf 89' lang='lat' dir='ltr'><strong>ac</strong></span> <span class='ocrx_word' id='word_1_1011' title='bbox 3009 5555 3052 5608; x_wconf 92' lang='lat' dir='ltr'><strong>si</strong></span> <span class='ocrx_word' id='word_1_1012' title='bbox 3082 5565 3358 5624; x_wconf 87' lang='lat' dir='ltr'><strong>acceptum</strong></span> <span class='ocrx_word' id='word_1_1013' title='bbox 3373 5553 3617 5608; x_wconf 74' lang='lat' dir='ltr'><strong>diadema</strong></span> 
     </span>
    </p>
   </div>
   <div class='ocr_carea' id='block_1_119' title="bbox 2046 5642 3620 5717">
    <p class='ocr_par' dir='ltr' id='par_1_119' title="bbox 2046 5642 3620 5717">
     <span class='ocr_line' id='line_1_119' title="bbox 2046 5642 3620 5717; baseline -0.006 -16"><span class='ocrx_word' id='word_1_1014' title='bbox 2046 5665 2073 5701; x_wconf 90' lang='lat' dir='ltr'><strong>a</strong></span> <span class='ocrx_word' id='word_1_1015' title='bbox 2105 5649 2278 5717; x_wconf 88' lang='lat' dir='ltr'><strong>capite</strong></span> <span class='ocrx_word' id='word_1_1016' title='bbox 2298 5646 2576 5715; x_wconf 83' lang='lat' dir='ltr'><strong>abjicercs,</strong></span> <span class='ocrx_word' id='word_1_1017' title='bbox 2604 5656 2658 5701; x_wconf 90' lang='lat' dir='ltr'><strong>et</strong></span> <span class='ocrx_word' id='word_1_1018' title='bbox 2681 5661 2778 5715; x_wconf 88' lang='lat' dir='ltr'><strong>pro</strong></span> <span class='ocrx_word' id='word_1_1019' title='bbox 2797 5645 3096 5701; x_wconf 89' lang='lat' dir='ltr'><strong>diademate</strong></span> <span class='ocrx_word' id='word_1_1020' title='bbox 3116 5647 3308 5700; x_wconf 88' lang='lat' dir='ltr'><strong>servile</strong></span> <span class='ocrx_word' id='word_1_1021' title='bbox 3334 5642 3620 5696; x_wconf 83' lang='lat' dir='ltr'><strong>vestimen-</strong></span> 
     </span>
    </p>
   </div>
   <div class='ocr_carea' id='block_1_120' title="bbox 2050 5734 3619 5804">
    <p class='ocr_par' dir='ltr' id='par_1_120' title="bbox 2050 5734 3619 5804">
     <span class='ocr_line' id='line_1_120' title="bbox 2050 5734 3619 5804; baseline -0.007 -10"><span class='ocrx_word' id='word_1_1022' title='bbox 2050 5752 2157 5794; x_wconf 86' lang='lat' dir='ltr'><strong>tttm</strong></span> <span class='ocrx_word' id='word_1_1023' title='bbox 2189 5754 2513 5794; x_wconf 83' lang='lat' dir='ltr'><strong>assumeres.</strong></span> <span class='ocrx_word' id='word_1_1024' title='bbox 2544 5739 2631 5794; x_wconf 77' lang='grc'><strong>11.</strong></span> <span class='ocrx_word' id='word_1_1025' title='bbox 2687 5736 3038 5793; x_wconf 79' lang='lat' dir='ltr'><strong>Verumtamen</strong></span> <span class='ocrx_word' id='word_1_1026' title='bbox 3066 5753 3223 5804; x_wconf 82' lang='lat' dir='ltr'><strong>neque</strong></span> <span class='ocrx_word' id='word_1_1027' title='bbox 3251 5737 3325 5787; x_wconf 78' lang='lat' dir='ltr'><strong>uir</strong></span> <span class='ocrx_word' id='word_1_1028' title='bbox 3353 5734 3460 5786; x_wconf 82' lang='lat' dir='ltr'><strong>sine</strong></span> <span class='ocrx_word' id='word_1_1029' title='bbox 3509 5749 3619 5783; x_wconf 86' lang='lat' dir='ltr'><strong>mtt-</strong></span> 
     </span>
    </p>
   </div>
   <div class='ocr_carea' id='block_1_121' title="bbox 2052 5820 3621 5905">
    <p class='ocr_par' dir='ltr' id='par_1_121' title="bbox 2052 5820 3621 5905">
     <span class='ocr_line' id='line_1_121' title="bbox 2052 5820 3621 5905; baseline -0.007 -19"><span class='ocrx_word' id='word_1_1030' title='bbox 2052 5834 2206 5902; x_wconf 67' lang='lat' dir='ltr'><strong>liere,</strong></span> <span class='ocrx_word' id='word_1_1031' title='bbox 2266 5847 2421 5905; x_wconf 77' lang='lat' dir='ltr'><strong>neque</strong></span> <span class='ocrx_word' id='word_1_1032' title='bbox 2460 5831 2640 5887; x_wconf 81' lang='lat' dir='ltr'><strong>mulier</strong></span> <span class='ocrx_word' id='word_1_1033' title='bbox 2683 5831 2794 5888; x_wconf 81' lang='lat' dir='ltr'><strong>sine</strong></span> <span class='ocrx_word' id='word_1_1034' title='bbox 2826 5830 2934 5886; x_wconf 73' lang='lat' dir='ltr'><strong>uiro</strong></span> <span class='ocrx_word' id='word_1_1035' title='bbox 2984 5830 3039 5884; x_wconf 85' lang='lat' dir='ltr'><strong>in</strong></span> <span class='ocrx_word' id='word_1_1036' title='bbox 3086 5826 3323 5881; x_wconf 74' lang='lat' dir='ltr'><strong>D0lllln0.</strong></span> <span class='ocrx_word' id='word_1_1037' title='bbox 3363 5820 3621 5889; x_wconf 83' lang='lat' dir='ltr'><strong>Quoniam</strong></span> 
     </span>
    </p>
   </div>
  </div>
