3990 6168
380 290 486 346 219

381 405 562 451 autem
614 395 832 450 multam
871 393 1018 450 dedit
1041 392 1158 446 viro
1201 391 1599 453 excellentiam,
1654 405 1773 442 cum
1832 389 1964 443 dixit

385 489 668 543 mulierem
699 500 819 540 esse
846 500 911 540 ex
943 484 1054 547 illo,
1081 493 1301 553 prepter
1328 483 1478 536 illum
1508 492 1561 536 et
1599 482 1700 537 sub
1731 481 1850 544 illo;
1905 499 1969 532 ne

383 580 527 634 viros
557 578 674 646 plus
700 591 858 645 quam
889 590 982 643 par
1007 583 1126 629 erat
1171 575 1480 637 extolleret,
1509 589 1642 628 neve
1670 573 1788 626 illas
1813 573 1970 626 nimis

383 672 658 741 dejiceret,
692 669 812 722 vide
843 667 1111 737 quomodo
1144 669 1534 722 correctionem
1575 666 1852 730 adhibeat,
1885 665 1976 740 di:

384 777 513 817 cens
542 779 555 815 :
589 760 942 813 Verumtamen
962 775 1119 828 neque
1143 759 1218 811 vir
1237 761 1345 814 sine
1365 759 1594 821 muliere,
1619 773 1774 827 neque
1793 757 1972 809 mulier

384 854 490 907 sine
516 851 622 904 viro
647 851 698 903 in
726 848 968 902 Domino.
995 849 1071 903 Ne
1100 849 1252 912 mihi,
1285 849 1476 918 inquit,
1504 847 1676 917 prima
1704 847 1814 901 sola
1841 861 1968 900 exa-

385 947 578 1010 mines,
606 958 781 1014 neque
803 943 1133 998 creationem
1157 943 1321 996 illam.
1347 941 1478 995 Nam
1504 942 1547 994 si
1565 957 1624 993 ea
1647 956 1764 1008 quae
1789 949 1969 1008 postea

387 1035 521 1090 facta
564 1042 688 1089 sunt
711 1033 994 1102 exquiras,
1050 1041 1273 1100 uterque
1316 1031 1592 1100 utriusque
1640 1038 1722 1083 est
1749 1039 1966 1092 auctor;

385 1127 495 1179 imo
525 1139 699 1193 neque
737 1132 962 1191 uterque
993 1123 1303 1192 utriusque,
1357 1121 1451 1176 sed
1497 1121 1636 1175 Deus
1687 1119 1921 1172 omnium
1953 1135 1966 1170 :

387 1231 556 1285 quare
595 1216 669 1268 ait
701 1230 714 1270 :
748 1212 928 1282 Neque
955 1214 1030 1265 vir
1059 1214 1166 1266 sine
1202 1213 1429 1274 muliere,
1451 1228 1609 1279 neque
1658 1211 1836 1262 mulier
1867 1211 1973 1263 sine

387 1310 494 1361 viro
536 1309 590 1360 in
646 1306 878 1359 Domino.
929 1304 1016 1359 1â€˜2.
1079 1304 1214 1357 Nam
1267 1306 1394 1357 sicut
1433 1305 1611 1356 mulier
1641 1319 1703 1355 ex
1730 1303 1853 1363 viro,
1901 1303 1971 1353 ita

391 1403 466 1455 vir
497 1417 586 1472 per
613 1401 887 1453 mulierem.
922 1398 1034 1452 Non
1065 1398 1216 1462 dixit,
1243 1399 1316 1451 Ex
1350 1398 1593 1461 muliere,
1625 1397 1720 1450 sed
1747 1405 1931 1450 contra
1953 1438 1968 1460 ,

400 1495 484 1549 Ea:
527 1497 654 1548 t'iro.
711 1494 823 1548 Hoc
867 1494 1008 1547 enim
1060 1493 1229 1562 ipsum
1283 1493 1543 1560 integrum
1600 1499 1781 1544 manet
1833 1490 1971 1560 apud

391 1589 584 1642 virum.
613 1587 806 1640 Verum
855 1586 969 1639 haec
1019 1593 1164 1638 recte
1209 1594 1357 1654 gesta
1411 1599 1516 1638 non
1558 1583 1676 1647 viri,
1738 1581 1832 1636 sed
1879 1581 1973 1634 Dei

390 1687 514 1733 sunt
548 1697 560 1731 :
587 1692 750 1747 quare
781 1677 938 1730 etiam
967 1675 1239 1745 subjunxit
1266 1690 1279 1726 :
1311 1673 1419 1727 Sed
1446 1673 1614 1726 omnia
1653 1689 1715 1725 ea:
1735 1671 1862 1726 beo.
1916 1672 1972 1725 Si

390 1787 517 1842 ergo
540 1771 630 1824 Dei
659 1777 783 1823 sunt
809 1769 1006 1832 omnia,
1038 1769 1152 1838 ipse
1171 1775 1347 1820 autem
1373 1766 1648 1834 illajubet,
1679 1767 1975 1835 obsequere

389 1872 445 1918 et
470 1877 540 1917 ne
563 1861 918 1916 contradieas.
953 1860 1040 1913 15.
1090 1857 1156 1911 In
1200 1858 1337 1912 vobis
1379 1859 1503 1926 ipsis
1540 1859 1770 1928 judicate
1801 1857 1975 1910 :decet

392 1955 649 2009 mulierem
676 1970 776 2006 non
799 1952 1013 2005 relatam
1043 1968 1190 2004 orare
1221 1949 1428 2003 Deum?
1454 1949 1658 2003 Rursus
1702 1950 1818 2002 illos
1849 1964 1975 2002 con-

392 2046 561 2100 stituit
589 2045 850 2099 dictorum
877 2043 1104 2112 juilices,
1143 2041 1287 2111 quod
1347 2042 1506 2095 etiam
1557 2041 1608 2092 in
1667 2041 1976 2110 idolothytis

393 2137 519 2191 fecit
548 2154 560 2188 :
590 2150 711 2189 naut
742 2143 796 2188 et
816 2135 921 2187 illic
947 2132 1095 2196 dicit,
1124 2133 1362 2184 Judicate
1405 2148 1489 2184 vos
1533 2132 1666 2198 quod
1716 2131 1868 2195 dico;
1924 2140 1979 2184 et

399 2229 505 2292 hic,
537 2224 602 2279 In
630 2227 764 2279 vobis
785 2226 907 2294 ipsis
921 2225 1169 2294 judicate.
1216 2223 1280 2276 Et
1326 2221 1618 2275 terribilius
1647 2223 1845 2291 aliquid
1892 2222 1978 2277 hic

395 2317 695 2374 subindicat
726 2334 738 2370 :
769 2314 1150 2369 contumeliam
1201 2315 1341 2366 enim
1398 2312 1485 2366 hic
1514 2313 1643 2366 dicit
1691 2313 1757 2365 ad
1813 2313 1975 2366 Deum

395 2412 646 2466 transire.
678 2410 873 2464 Verum
898 2423 1004 2462 non
1029 2407 1100 2461 ita
1133 2407 1383 2477 loquitur,
1411 2405 1506 2459 sed
1533 2405 1712 2459 mitius
1743 2406 1980 2473 aliquan-

399 2518 508 2558 tum
535 2513 590 2559 et
619 2504 784 2572 magis
814 2501 1176 2570 :enigmatice,
1215 2499 1400 2552 dicens
1430 2516 1441 2551 :
1473 2497 1688 2552 Decetne
1722 2500 1979 2551 mulierem

397 2611 499 2650 non
515 2596 730 2649 velatam
761 2593 924 2646 Deum
944 2591 1134 2644 orare?
1164 2591 1248 2644 M.
1290 2591 1473 2643 Annon
1519 2595 1630 2656 ipsa
1672 2600 1853 2643 natura
1895 2606 1980 2644 vos

400 2691 563 2754 docet,
593 2687 727 2758 quod
753 2687 826 2739 vir
859 2686 1061 2752 quidem
1091 2685 1132 2736 si
1160 2699 1355 2735 comam
1386 2684 1594 2750 nutriat,
1625 2683 1899 2754 ignominia
1918 2685 1980 2736 sit

398 2783 512 2837 illi?
539 2783 626 2838 15.
656 2781 838 2834 mulier
864 2796 978 2832 vero
1008 2779 1052 2831 si
1096 2793 1292 2829 comam
1320 2777 1530 2840 nutriat,
1559 2777 1721 2846 gloria
1764 2787 1836 2830 est
1863 2778 1982 2829 illi?

399 2877 637 2944 quoniant
665 2874 838 2944 capilli
860 2889 950 2941 pro
972 2871 1216 2924 velamine
1242 2871 1284 2922 ei
1307 2871 1411 2922 dati
1438 2881 1573 2923 sunt.
1599 2869 1748 2936 Quod
1771 2886 1983 2940 semper

402 2968 548 3031 facit,
565 2965 862 3020 communia
894 2978 1098 3032 ponens
1123 2961 1422 3026 ratiocinia,
1452 2961 1550 3015 hoc
1580 2972 1634 3016 et
1667 2961 1748 3015 hic
1771 2977 1983 3032 quoque

403 3057 552 3121 facit,
604 3056 671 3110 ad
720 3055 986 3124 vulgarem
1039 3052 1479 3107 consuetudinem
1531 3054 1878 3122 confugiens,
1931 3062 1984 3107 et

402 3147 688 3203 admodum
725 3145 927 3216 pudore
963 3144 1272 3199 suffundens
1297 3161 1411 3207 eos,
1444 3146 1532 3214 qui
1579 3155 1891 3214 exspectant
1917 3145 1984 3199 ab

403 3240 500 3295 illo
526 3239 786 3304 ediscere,
811 3253 930 3306 qua:
959 3251 1027 3291 ex
1052 3237 1322 3290 communi
1350 3236 1737 3290 consuetudine
1765 3246 1987 3307 possunt

405 3331 571 3388 edisci
601 3349 615 3385 :
645 3331 758 3386 hcce
800 3331 996 3400 quippe
1040 3339 1092 3383 et
1143 3329 1334 3384 similia
1393 3345 1461 3384 ne
1490 3330 1732 3384 barbaris
1771 3331 1985 3400 quidem

405 3426 584 3496 ignota
627 3433 771 3478 sunt.
799 3422 868 3476 Et
895 3421 1018 3477 vide
1055 3421 1324 3492 quomodo
1354 3421 1548 3492 ubique
1569 3422 1782 3477 acribus
1813 3432 1989 3478 utatur

403 3517 604 3574 verbis.
642 3515 816 3570 Omnis
860 3516 934 3568 vir
962 3532 1133 3579 orans,
1156 3515 1242 3583 qui
1271 3523 1422 3584 caput
1466 3532 1612 3568 suum
1651 3517 1789 3586 tegit,
1839 3527 1989 3585 caput

407 3626 557 3665 suum
585 3609 856 3678 deturpat;
885 3623 946 3662 ac
977 3623 1206 3670 rursum,
1233 3607 1291 3660 Si
1321 3617 1488 3660 autem
1519 3618 1663 3676 turpe
1691 3617 1759 3661 est
1791 3609 1991 3662 mulieri

409 3703 607 3756 tonderi
637 3712 723 3754 aut
753 3701 886 3765 radi,
917 3701 1140 3761 veletur;
1166 3708 1220 3753 et
1244 3700 1328 3753 hic
1358 3716 1564 3763 rursus,
1605 3699 1691 3752 l'ir
1718 3701 1916 3771 quidem
1947 3704 1992 3754 si

409 3809 606 3847 cantant
656 3794 876 3858 nutriat,
932 3793 1209 3862 ignominia
1263 3801 1335 3845 est
1385 3794 1514 3846 illi:
1563 3794 1744 3846 mulier
1801 3796 1844 3847 si
1901 3811 1991 3847 co-

401 3900 548 3946 Jnant
598 3887 828 3945 nutriat,
877 3885 1039 3952 gloria
1101 3893 1170 3935 est
1224 3883 1341 3948 illi,
1386 3885 1627 3953 quoniam
1673 3888 1846 3955 capilli
1901 3904 1992 3954 pro

409 3974 661 4028 velamine
699 3975 742 4026 ei
791 3973 896 4025 dati
933 3982 1068 4026 sunt.
1116 3973 1182 4026 Et
1206 3974 1249 4026 si
1298 3989 1394 4042 pro
1425 3974 1686 4028 velamine
1711 3976 1818 4029 dati
1849 3987 1991 4037 sunt,

413 4065 608 4135 inquit,
631 4079 727 4120 cur
753 4073 1000 4133 Oporteat
1027 4063 1268 4117 velamen
1299 4064 1443 4118 aliud
1483 4065 1754 4134 adjicere?
1785 4065 1854 4121 Ut
1885 4084 1993 4120 non

413 4157 585 4210 solum
614 4172 643 4210 a
673 4163 880 4218 natura,
921 4154 1013 4210 sed
1042 4155 1201 4210 etiam
1229 4155 1297 4209 ab
1340 4153 1560 4210 arbitrio
1611 4156 1994 4224 subjectionem

413 4251 748 4306 conï¬teatur.
775 4247 924 4316 Quod
957 4248 1098 4302 enim
1127 4257 1176 4302 te
1201 4257 1445 4318 oporteat
1462 4247 1649 4315 velari,
1674 4249 1786 4318 ipsa
1809 4259 1994 4303 natura

417 4343 562 4411 prius
589 4342 882 4396 constituit.
917 4339 1067 4395 Adde
1096 4341 1253 4411 igitur
1273 4356 1490 4410 operam
1521 4350 1686 4407 tuam,
1721 4357 1787 4396 ne
1817 4341 1996 4397 videa-

413 4436 490 4491 ris
513 4445 719 4489 natura:
748 4435 891 4504 leges
930 4444 1173 4488 evertere
1205 4450 1216 4485 :
1246 4432 1388 4502 quod
1412 4433 1622 4502 quidem
1649 4434 1826 4487 multa:
1853 4445 1998 4488 esset

415 4525 781 4595 impudentiae,
829 4540 933 4578 non
968 4524 1244 4578 nobiscum
1278 4534 1501 4588 tantum,
1536 4523 1629 4578 sed
1682 4527 1842 4578 etiam
1874 4541 1994 4580 cum

424 4625 611 4671 natura
632 4631 886 4686 pugnare.
903 4617 1078 4682 Quare
1092 4615 1305 4671 .ludreos
1317 4617 1454 4669 Deus
1497 4617 1743 4671 incusans
1763 4619 1993 4676 dicebit:

421 4707 664 4760 Occidisti
693 4704 827 4773 [ilics
867 4715 975 4758 tuos
1003 4717 1047 4758 et
1073 4707 1206 4773 filias
1236 4715 1348 4759 tuas
1379 4704 1588 4774 (Ezech.
1616 4707 1702 4760 16.
1731 4709 1825 4772 21)
1857 4729 1869 4762 :
1899 4710 2000 4763 hoc

423 4813 536 4872 Î¹Î¹Î¹-Ï‰
564 4797 814 4852 omnibus
843 4806 924 4852 est
959 4797 1442 4852 abominationibus
1471 4799 1593 4852 tuis.
1644 4798 1711 4853 Et
1762 4815 1856 4853 eos
1907 4803 1997 4870 qui

418 4889 560 4961 apud
582 4889 855 4945 Romanos
878 4888 1132 4959 impudici
1178 4899 1331 4944 erant
1359 4890 1640 4960 increpans
1672 4891 1886 4959 Paulus,
1921 4895 1998 4948 sic

416 4992 575 5054 auget
600 4981 1024 5038 criminationem
1055 4981 1237 5036 dicens
1265 4998 1278 5033 :
1308 4981 1446 5051 quod
1475 4997 1580 5036 non
1603 4983 1772 5036 solum
1807 4995 2000 5052 praeter

425 5074 519 5128 Dei
547 5073 742 5144 legem,
764 5073 858 5128 sed
888 5081 1082 5143 Î¹Î¹Î¹-Î±Î¾Î¹Î¿Î¹-
1106 5081 1346 5127 naturam
1380 5087 1506 5127 usus
1546 5073 1636 5128 ille
1664 5083 1804 5128 esset
1837 5090 1850 5125 :
1880 5073 1999 5127 Mu-

419 5174 596 5218 tarunt
623 5167 756 5219 enim
787 5183 935 5220 usum
975 5167 1259 5220 naturalem
1295 5166 1347 5219 iu
1398 5165 1561 5232 illum,
1593 5166 1680 5236 qui
1721 5176 1793 5220 est
1820 5177 2002 5236 prteter

421 5269 659 5314 naturam
685 5263 702 5329 (
724 5259 872 5315 Rom.
906 5262 955 5314 1.
986 5261 1116 5330 26).
1146 5261 1434 5330 Propterea
1456 5261 1508 5314 in
1539 5260 1641 5314 hoc
1668 5275 1727 5316 se
1752 5275 1999 5315 sermone

423 5361 657 5417 exercet,
689 5351 792 5406 hoc
818 5352 990 5422 ipsum
1019 5353 1324 5417 ostendens,
1357 5361 1413 5408 et
1437 5353 1576 5422 quod
1603 5353 1732 5408 nihil
1769 5353 1999 5409 alienum

419 5443 728 5512 constituat,
751 5443 998 5514 quodque
1017 5443 1156 5513 apud
1172 5443 1389 5499 Grzecos
1410 5446 1587 5500 omnia
1609 5446 1724 5512 ejus
1751 5447 2002 5500 novitatis

424 5538 553 5602 sint,
597 5553 716 5607 qua:
759 5545 843 5592 est
882 5545 1079 5605 praeter
1118 5544 1382 5589 naturam.
1425 5535 1514 5590 Sic
1543 5545 1598 5591 et
1631 5537 1874 5592 Christus
1900 5539 2002 5593 hoc

426 5633 599 5700 ipsum
649 5629 1022 5700 comprobans,
1070 5627 1279 5683 dicebat
1323 5645 1334 5682 :
1371 5627 1706 5699 Quaecumque
1753 5630 1904 5684 vultis
1949 5639 2001 5684 ut

429 5727 616 5782 faciant
639 5727 775 5781 vobis
792 5724 1035 5792 homines,
1055 5733 1101 5778 et
1125 5739 1210 5778 vos
1230 5722 1380 5794 facile
1401 5721 1522 5793 ipsis
1541 5720 1752 5794 (Matth.
1781 5724 1833 5777 7.
1868 5723 1958 5794 l9.)
1981 5740 1996 5790 ;

1077 278 1136 333 S.
1176 275 1454 334 JOANNIS
1475 274 1948 332 CHRYSOSTOMI
2000 275 2313 332 ARCHIEP.
2345 276 2873 334 CONSTANTINOP.

3549 276 3654 333 229

2073 390 2381 460 signiï¬cans
2399 407 2459 446 se
2479 391 2612 446 nihil
2643 407 2836 446 novum
2865 391 3134 447 inducere.
3162 390 3249 446 l6.
3275 391 3335 446 Si
3355 392 3467 462 quis
3487 403 3655 446 autem

2073 484 2266 536 ridetur
2293 485 2630 538 contentiosus
2662 500 2788 549 esse,
2817 501 2908 537 nos
2938 484 3087 537 talem
3117 483 3527 536 consuetudinem
3554 500 3656 538 non

2074 575 2332 636 habemus,
2366 591 2522 643 neque
2561 575 2801 629 Ecclesia:
2850 574 2966 628 Dei.
3019 575 3116 628 Est
3141 590 3268 644 ergo
3297 575 3656 629 contentionis

2075 676 2127 720 et
2156 681 2258 719 non
2291 668 2512 720 rationis
2559 666 2641 720 his
2670 667 2944 722 resistere.
2990 667 3256 720 Caeterum
3313 667 3391 721 sic
3447 682 3657 736 quoque

2075 758 2400 813 moderatam
2437 760 2560 814 fecit
2581 762 3017 827 increpationem,
3049 761 3216 830 utqui
3247 760 3531 829 plurimum
3565 778 3658 830 pu-

2075 847 2219 903 doris
2264 850 2582 904 immiserit:
2612 852 2752 920 quod
2782 852 2941 905 etiam
2978 852 3275 920 graviorem
3310 850 3657 907 lenitoratio-

2077 956 2216 993 nem.
2247 940 2354 995 Nos
2375 943 2538 1008 enim,
2569 942 2756 1012 inquit,
2787 942 2942 995 talem
2967 943 3402 996 consuetudinem
3427 958 3530 996 non
3563 943 3657 998 ha-

2077 1030 2282 1097 bemus,
2303 1039 2358 1085 ut
2374 1032 2760 1086 contendamus
2776 1042 2828 1087 et
2849 1033 3112 1102 litigemus
3135 1042 3188 1087 et
3204 1033 3653 1089 contradicanius.

2076 1121 2256 1191 Neque
2293 1133 2468 1177 tamen
2503 1124 2759 1178 hactenus
2787 1124 3048 1187 substitit,
3078 1124 3170 1177 sed
3215 1124 3504 1192 subjunxit,
3538 1123 3652 1176 Ne-

2075 1230 2169 1282 que
2202 1213 2440 1268 Ecclesia:
2472 1213 2588 1281 Dei,
2614 1214 2902 1269 ostendens
2940 1215 3060 1268 illos
3103 1215 3196 1268 toti
3227 1225 3482 1268 terrarum
3533 1215 3650 1269 orbi

2076 1307 2335 1362 obsistere
2355 1318 2409 1362 et
2435 1309 2725 1374 adversari,
2751 1323 2855 1362 non
2874 1309 3146 1363 cedentes.
3171 1308 3278 1363 Sed
3301 1309 3503 1362 etiamsi
3529 1317 3653 1361 tunc

2076 1398 2768 1464 contenderentCorinthii,
2824 1415 2966 1454 nunc
3011 1411 3153 1453 totus
3212 1412 3472 1454 terrarum
3512 1399 3656 1452 orbis

2080 1490 2215 1541 hanc
2246 1489 2412 1559 legem
2440 1497 2496 1545 et
2523 1492 2728 1560 accepit
2755 1501 2810 1545 et
2836 1494 3083 1545 observat
3106 1510 3117 1546 :
3140 1500 3278 1545 tanta
3305 1500 3387 1545 est
3407 1490 3657 1545 Crueilixi

2078 1588 2334 1649 potestas.

2151 1673 2200 1726 6.
2229 1672 2332 1725 Sed
2355 1687 2540 1726 vereor
2561 1689 2646 1737 ne,
2669 1672 2768 1728 hoc
2785 1684 3004 1742 accepto
3027 1675 3227 1739 habito,
3243 1675 3496 1743 operibus
3510 1690 3660 1743 (Î¼Ï‰-

2079 1766 2198 1817 dam
2227 1781 2293 1818 ex
2317 1765 2626 1820 mulieribus
2655 1765 2990 1834 impudenter
3036 1781 3094 1820 se
3133 1781 3324 1835 gerere
3351 1765 3659 1835 deprehen-

2080 1858 2290 1921 dantur,
2345 1867 2400 1912 et
2425 1859 2528 1912 alio
2558 1857 2717 1912 modo
2743 1858 2989 1912 detecta).
3038 1858 3160 1912 lileo
3187 1859 3329 1912 enim
3373 1857 3664 1912 Timotheo

2081 1963 2290 2016 quoque
2317 1949 2555 2002 scribens
2585 1950 2797 2013 Paulus,
2819 1965 2921 2002 non
2945 1950 3073 2002 satis
3103 1949 3281 2002 habuit
3301 1950 3414 2002 htec
3435 1949 3656 2010 dixisse,

2082 2041 2173 2093 sed
2205 2041 2306 2094 alia
2333 2041 2527 2110 adjecit
2553 2041 2736 2096 dicens
2768 2059 2780 2096 :
2808 2040 2874 2095 In
2903 2041 3074 2094 habitu
3120 2053 3296 2094 ornato
3327 2058 3441 2094 cum
3471 2042 3662 2110 pudore

2083 2143 2127 2184 et
2151 2133 2393 2185 modestia
2418 2143 2651 2188 ornantes
2678 2151 2750 2198 se,
2782 2150 2881 2187 non
2908 2135 2961 2186 in
2989 2135 3131 2187 tortis
3177 2133 3399 2186 crinibus
3425 2143 3512 2185 aut
3539 2149 3666 2186 auro

2087 2224 2161 2293 (l.
2189 2222 2318 2276 Tim.
2342 2223 2396 2278 2.
2425 2223 2503 2293 9).
2535 2224 2667 2278 Nam
2691 2225 2734 2278 si
2760 2241 2865 2278 non
2892 2235 3104 2294 Oportet
3133 2224 3330 2279 nudum
3356 2233 3518 2291 caput
3560 2226 3652 2278 ha-

2085 2315 2233 2381 bere,
2269 2315 2363 2370 sed
2411 2315 2757 2386 subjectionis
2805 2317 3012 2383 signum
3047 2316 3241 2384 ubique
3285 2318 3656 2376 circnmterre;

2085 2407 2253 2461 multo
2293 2409 2460 2478 magis
2510 2425 2602 2478 per
2647 2424 2805 2476 opera
2845 2409 2945 2462 hoc
2973 2409 3263 2463 ostendere
3295 2419 3528 2477 oportet.
3575 2407 3669 2462 Se

2083 2511 2229 2556 certe
2280 2503 2466 2572 priscae
2509 2502 2760 2556 mulieres
2810 2511 2864 2556 et
2892 2501 3136 2556 dominos
3182 2502 3324 2555 viros
3379 2500 3655 2562 vocalmnt,

2083 2602 2138 2646 et
2177 2594 2372 2662 primas
2424 2593 2553 2663 ipsis
2595 2592 2978 2647 concedebant.
3021 2591 3152 2645 Nam
3185 2593 3367 2656 etilli,
3421 2591 3656 2660 inquies,

2088 2699 2280 2738 uxores
2309 2699 2432 2738 suas
2456 2684 2724 2738 amabant.
2747 2685 2856 2738 lloc
2883 2684 3006 2737 novi
3038 2699 3137 2738 nec
3167 2684 3356 2753 ignoro
3382 2702 3394 2736 :
3420 2684 3512 2737 sed
3540 2698 3655 2737 cum

2088 2785 2140 2830 te
2166 2775 2232 2830 de
2261 2777 2324 2829 iis
2351 2792 2469 2844 qua:
2518 2777 2607 2829 tibi
2654 2775 2978 2829 conveniunt
3005 2775 3378 2837 admonemus,
3414 2790 3518 2827 non
3548 2791 3666 2844 qua:

2088 2869 2293 2922 illorunt
2325 2877 2452 2922 sunt
2494 2878 2724 2937 spectes.
2779 2866 2908 2920 Nam
2935 2883 3054 2920 cum
3087 2881 3280 2936 pueros
3314 2866 3668 2920 adhortantur

2088 2962 2420 3032 dicimusque
2441 2971 2498 3016 ut
2527 2962 2835 3032 parentibus
2862 2963 3243 3029 obsequantur,
3261 2961 3382 3029 quia
3407 2959 3665 3029 scriptum

2088 3064 2169 3107 est
2197 3072 2210 3110 :
2247 3053 2456 3108 Honora
2483 3065 2674 3124 patrem
2695 3065 2838 3107 tuum
2863 3063 2907 3106 et
2934 3062 3143 3105 matrem
3178 3062 3314 3105 luant
3342 3051 3543 3121 (Exod.
3573 3051 3662 3105 20.

2093 3146 2212 3217 12);
2245 3147 2427 3200 dicunt
2453 3146 2526 3199 illi
2556 3147 2728 3211 nobis,
2760 3145 2946 3201 Profer
2970 3146 3130 3200 etiam
3185 3161 3246 3199 ea
3278 3161 3400 3214 qua:
3427 3161 3665 3214 sequun-

2093 3247 2176 3292 tur
2206 3257 2218 3290 :
2261 3235 2957 3311 Vosquoque,patres,nolite
2982 3237 3049 3289 ad
3073 3237 3202 3289 iram
3229 3252 3502 3306 provocare
3531 3235 3667 3304 ï¬lios

2092 3339 2277 3383 vestros
2299 3327 2514 3401 (Ep/tes.
2546 3329 2600 3384 6.
2632 3328 2710 3398 4).
2735 3330 2796 3383 Et
2819 3344 2938 3383 cum
2971 3329 3139 3382 servis
3166 3328 3392 3382 dicimus
3414 3327 3669 3394 scriptum

2093 3438 2233 3488 esse,
2262 3423 2401 3491 quod
2429 3422 2783 3477 obediendum
2803 3422 2872 3476 sit
2897 3421 3146 3485 dominis,
3171 3435 3345 3487 neque
3366 3421 3433 3474 ad
3458 3420 3674 3474 oculum

2095 3515 2432 3569 serviendum
2460 3529 2579 3568 esse
2607 3514 2710 3567 illis
2733 3513 2864 3584 (Col.
2899 3515 2952 3568 5.
2990 3512 3111 3582 â€™52)Í¾
3143 3522 3197 3568 et
3223 3513 3299 3567 illi
3327 3527 3515 3568 rursus
3555 3528 3674 3582 qua:

2095 3618 2394 3678 sequuntur
2420 3624 2451 3662 a
2477 3607 2629 3662 nobis
2673 3607 2908 3676 exigunt,
2932 3606 3180 3672 juhcntes
3202 3605 3434 3660 dominis
3463 3618 3678 3675 quoque

2097 3703 2282 3757 eadem
2329 3701 2572 3756 suadere.
2619 3700 2748 3754 Nam
2793 3699 2896 3752 illis
2945 3713 3177 3768 quoque,
3217 3681 3488 3767 inqiiiunt,
3532 3710 3674 3766 prm-

2097 3795 2239 3864 cepit
2265 3793 2481 3857 Paulus,
2527 3792 2699 3845 minas
2729 3792 3018 3844 remittere.
3053 3789 3157 3843 Sed
3198 3802 3264 3843 ne
3288 3789 3366 3842 sic
3393 3787 3674 3852 faciamus,

2099 3900 2270 3956 neque
2299 3899 2361 3938 ea
2385 3899 2502 3952 qua:
2527 3883 2646 3935 aliis
2667 3890 2931 3951 prmeepta
2959 3890 3084 3935 sunt
3106 3895 3428 3950 quaeramus,
3462 3880 3678 3950 quando

2099 3977 2166 4031 de
2196 3977 2260 4030 iis
2285 3990 2403 4044 qua:
2419 3974 2482 4028 ad
2510 3989 2606 4028 nos
2629 3975 2898 4043 pertinent
2918 3989 3267 4038 accusantur;
3309 3988 3484 4042 neque
3509 3973 3674 4035 enim,

2099 4069 2145 4123 si
2176 4067 2380 4124 socium
2405 4067 2688 4122 criminum
2714 4067 2964 4136 accipias,
2983 4082 3011 4120 a
3029 4067 3182 4136 culpa
3207 4065 3552 4120 Iiberaberis:
3583 4065 3677 4120 sed

2103 4161 2202 4215 hoc
2251 4174 2411 4213 unum
2439 4168 2620 4228 specta
2668 4167 2724 4212 ut
2767 4167 2820 4212 te
2861 4173 2890 4210 a
2930 4158 3247 4213 criminibus
3287 4158 3506 4214 liberes.
3542 4156 3677 4212 Nam

2101 4252 2270 4308 Adam
2303 4253 2355 4307 in
2384 4253 2665 4306 mulierem
2701 4251 2910 4319 culpam
2939 4250 3236 4313 referebat,
3268 4260 3323 4306 et
3347 4251 3432 4304 illa
3463 4265 3685 4305 rursum

2104 4345 2157 4398 in
2186 4353 2518 4414 serpentem;
2550 4342 2643 4397 sed
2668 4359 2771 4396 non
2803 4342 2924 4395 illos
2949 4341 3052 4395 hoc
3077 4341 3292 4412 eripuit.
3315 4339 3388 4395 Ne
3418 4341 3601 4410 itaque
3625 4350 3683 4394 tu

2103 4438 2205 4492 hoc
2231 4437 2359 4491 mihi
2393 4452 2531 4490 nunc
2559 4435 2724 4497 dicas,
2773 4433 2865 4488 sed
2893 4442 3044 4503 grato
3064 4450 3184 4490 cmn
3212 4434 3388 4488 animo
3413 4448 3534 4503 quae
3563 4450 3682 4488 ma-

2104 4531 2207 4584 rito
2247 4530 2410 4583 debes
2455 4538 2706 4597 prtestare
2743 4543 2916 4582 cures.
2947 4527 3080 4582 Nam
3107 4536 3160 4582 et
3185 4527 3399 4598 quando
3425 4528 3683 4582 maritum

2106 4630 2251 4675 tuum
2281 4621 2542 4690 alloquor,
2571 4619 2857 4673 adhortans
2902 4628 2958 4673 ut
2984 4629 3035 4673 te
3078 4619 3261 4690 diligat
3299 4628 3354 4674 et
3384 4619 3458 4673 tui
3497 4634 3681 4672 curam

2104 4721 2273 4782 gerat,
2320 4726 2425 4765 non
2471 4711 2588 4765 sino
2630 4711 2773 4764 illum
2825 4711 2877 4763 in
2908 4709 3139 4763 medium
3170 4710 3359 4764 alierre
3392 4711 3564 4780 legem
3617 4710 3684 4763 de

2107 4805 2328 4858 tnnliere
2357 4804 2536 4866 latam,
2582 4802 2676 4856 sed
2723 4803 2892 4872 legem
2923 4802 2989 4856 de
3019 4803 3110 4855 illo
3137 4803 3389 4872 scriptam
3445 4803 3681 4869 requiro.

2106 4901 2170 4954 Et
2198 4911 2252 4954 tu
2281 4899 2437 4970 igitur
2467 4913 2550 4961 ea,
2586 4913 2703 4966 qua:
2729 4897 2796 4951 ad
2828 4906 2880 4952 te
2915 4904 3177 4966 spectant,
3220 4896 3333 4949 sola
3361 4897 3576 4950 curiose
3603 4897 3683 4948 in-

2105 4991 2276 5062 quire,
2305 4999 2358 5044 et
2386 4999 2438 5044 te
2465 4988 2674 5059 conjugi
2714 4988 3032 5058 morigeram
3059 4988 3258 5057 prarbe.
3292 4987 3424 5041 Nam
3466 4988 3510 5042 si
3555 5000 3680 5055 pro-

2107 5092 2223 5152 pter
2250 5083 2418 5137 Deum
2466 5082 2656 5135 marito
2705 5081 3036 5150 obsequar-is,
3065 5096 3132 5134 ne
3178 5079 3306 5133 mihi
3339 5079 3581 5149 proferas
3619 5094 3682 5132 ra

2106 5191 2223 5245 qua:
2257 5175 2368 5243 ipse
2395 5183 2651 5243 praestare
2675 5171 2866 5237 debet;
2890 5171 2984 5226 sed
3005 5187 3067 5226 ea
3093 5172 3288 5242 quibus
3317 5181 3368 5225 te
3394 5171 3682 5226 obnoxiam

2110 5266 2381 5334 legislator
2410 5263 2558 5329 fecit,
2600 5263 2714 5317 haec
2741 5263 3023 5332 diligenter
3049 5277 3362 5332 exsequere.
3403 5261 3515 5316 lloc
3540 5262 3682 5316 enim

2107 5368 2191 5412 est
2219 5358 2451 5412 maxime
2481 5357 2590 5410 Deo
2619 5357 3012 5425 obtemperare,
3055 5356 3263 5410 etiamsi
3292 5356 3560 5409 contraria
3586 5370 3679 5423 pa-

2110 5449 2279 5513 tiaris,
2308 5449 2477 5516 legem
2504 5462 2609 5501 nou
2631 5446 2949 5517 transgredi.
2980 5446 3104 5500 Ideo
3124 5449 3266 5501 enim
3293 5446 3382 5512 qui
3417 5460 3478 5500 se
3498 5460 3681 5498 antan-

2110 5554 2215 5594 tem
2259 5548 2422 5604 amat,
2470 5539 2600 5592 nihil
2630 5539 2806 5608 magni
2839 5537 3014 5592 facere
3055 5537 3300 5591 videtur:
3329 5538 3419 5604 qui
3452 5551 3582 5589 vero
3623 5550 3684 5590 so

2109 5631 2375 5687 odientem
2401 5629 2550 5696 colit,
2579 5630 2665 5685 hic
2694 5631 2924 5686 maxime
2947 5639 3029 5685 est
3048 5629 3136 5700 qui
3156 5639 3458 5684 coronatur.
3480 5624 3684 5679 Eodem

2112 5737 2320 5794 quoque
2345 5721 2502 5778 modo
2529 5730 2583 5778 tu
2611 5731 2784 5790 tecum
2810 5731 3014 5793 reputa,
3039 5721 3184 5804 quod
3213 5721 3257 5776 si
3285 5717 3684 5776 molsstumtihi
