3990 6168
427 222 527 279 ﬁl

428 344 542 399 Καὶ
598 343 770 399 ταῦτα
843 342 1007 410 λέγω.
1062 343 1123 395 οὐ
1189 341 1551 410 θρασύνεσθαι
1611 342 1740 404 τοὺς
1799 338 1998 408 ἄνδρας

430 435 686 501 κελεύων,
736 433 871 487 ἀλλὰ
909 431 1112 485 πείθων
1151 431 1250 493 τάς
1292 435 1558 499 γυναῖκας
1599 431 1695 485 καὶ
1734 430 1997 501 θρασυνο-

433 530 626 600 μένους
666 528 857 598 φέρειν
902 527 1027 587 τοὺς
1078 524 1293 596 ἄνδρας.
1344 525 1512 578 Ὅταν
1540 524 1650 594 γάρ
1678 522 1909 583 ἕκαστος
1936 523 2005 573 τά

429 622 625 676 ἑαυτοῦ
666 618 869 691 σπεύδῃ
906 618 1168 691 πληροῦν.
1196 621 1407 690 ταχέως
1435 620 1531 673 καὶ
1560 619 1631 671 τὰ
1654 617 1747 670 τοῦ
1775 615 2002 687 πλησίον

428 712 652 781 ἕψεταισ
696 705 828 773 οἷον,
872 711 1000 765 ὅταν
1031 714 1065 784 ἡ
1097 714 1233 784 γυνὴ
1278 714 1373 766 καὶ
1433 710 1832 784 τραχυνόμενον
1862 723 2002 776 παρ-

428 803 803 874 εσκευασμένη
948 804 1134 876 φέρειν
1176 805 1268 858 τὸν
1296 804 1485 876 ἄνδρα,
1539 804 1631 857 καὶ
1671 804 1699 855 6
1738 799 1877 871 ἀνὴρ
1906 798 2002 853 καὶ

426 895 860 965 χαλεπαίνουσαν
892 897 1063 968 αὐτὴν
1093 896 1168 968 μὴ
1195 896 1410 969 ὑϐρίζῃ,
1435 897 1557 949 τότε
1585 896 1762 950 πάντα
1789 891 2001 963 γαλήνη

322 1030 337 1037 κ
425 987 523 1041 καὶ
566 985 730 1059 λιμὴν
776 987 1036 1060 κυμάτων
1078 988 1518 1060 ἀπηλλαγμένος.
1578 986 1735 1040 Οὕτω
1768 985 1862 1040 καὶ
1905 981 2000 1036 ἐπὶ

421 1078 532 1133 τῶν
576 1078 823 1134 παλαιῶν
854 1080 1089 1149 ἐγίνετο*
1119 1082 1189 1135 τὰ
1219 1081 1416 1134 ἐαυτοῦ
1450 1081 1681 1143 ἕκαστος
1733 1077 1996 1149 ἐπλήρου,

423 1171 487 1224 ού
503 1169 573 1224 τὰ
590 1170 687 1224 τοῦ
703 1172 928 1243 πλησίον
943 1171 1162 1242 ἀπῄτει.
1182 1174 1383 1226 Σκόπει
1400 1172 1455 1226 δέ
1473 1188 1485 1200 ·
1515 1172 1715 1225 ’Έλαϐε
1732 1171 1823 1225 τὸν
1842 1170 1998 1223 ἀδελ-

424 1264 608 1334 φιδοῦν
638 1266 668 1318 ό
710 1264 959 1336 Ἀϐραάμ
978 1283 992 1297 ·
1019 1267 1119 1319 οὐκ
1159 1266 1477 1319 ἐνεκάλεσεν
1516 1266 1548 1334 ὴ
1574 1265 1709 1334 γυνή
1733 1280 1747 1293 ·
1781 1262 2001 1317 ἐκέλευ-

425 1372 517 1410 σεν
553 1358 722 1426 αὐτὴν
755 1357 873 1410 ὁδὸν
902 1357 1119 1412 ὁδεῦσαι
1163 1358 1413 1429 μακράνο
1463 1356 1563 1408 οὐκ
1590 1358 1843 1409 ἀντεῖπεν
1877 1353 1997 1407 ούδέ

422 1448 560 1517 πρὸς
583 1449 761 1513 τοῦτο,
788 1448 901 1502 ἀλλ’
923 1448 1278 1519 ἠκολούθησε,
1310 1448 1478 1501 Πάλιν
1507 1447 1644 1517 μετὰ
1672 1447 1769 1512 τάς
1796 1445 1997 1509 πολλάς

420 1540 792 1611 ταλαιπωρίας
812 1541 1026 1605 ἐκείνας
1055 1542 1149 1595 καὶ
1172 1542 1298 1605 τοὺς
1325 1539 1559 1611 μόχθους
1588 1540 1682 1591 καὶ
1698 1539 1820 1600 τοὺς
1844 1537 1998 1606 ἱδρῶ-

420 1648 523 1696 τας
545 1632 654 1686 τῶν
684 1634 900 1686 πάντων
939 1633 1128 1705 κύριος
1156 1632 1468 1702 γενόμενος,
1495 1630 1858 1702 παρεχώρησε
1889 1629 1998 1683 τῶν

420 1728 709 1798 πρωτείων
732 1726 879 1799 [⁸257]
897 1726 973 1797 τῷ
1002 1727 1145 1781 Λὼτ’
1181 1726 1273 1779 καὶ
1301 1726 1362 1778 ού
1394 1726 1553 1796 μόνον
1582 1724 1682 1776 οὑκ
1709 1723 1994 1793 ἐδυσχέρα-

418 1838 509 1874 νεν
544 1823 578 1893 ἡ
608 1821 795 1894 Σάρρα
822 1821 962 1893 πρὸς
1002 1818 1184 1883 τοῦτο,
1210 1818 1325 1872 ἀλλ’
1354 1817 1474 1871 οὐδὲ
1508 1817 1566 1871 τὸ
1593 1817 1764 1886 στόμα
1791 1816 1993 1887 διῆρεν,

417 1913 541 1967 οὐδέ
564 1912 862 1983 ἐφθέγξατό
881 1931 932 1966 τι
957 1911 1216 1976 τοιοῦτον,
1241 1906 1353 1965 οἷον
1380 1910 1574 1964 πολλαὶ
1595 1909 1701 1962 τῶν
1722 1906 1996 1978 γυναικῶν

419 2003 515 2061 νῦν
549 2005 898 2075 φθέγγονται,
935 2007 1064 2059 ὃταν
1115 2004 1297 2057 ἴδωσιν
1331 2000 1753 2075 ἐλαττουμένους
1783 2001 1841 2052 ἐν
1877 2001 1995 2062 ταῖς

416 2098 693 2162 τοιαύταις
735 2098 951 2169 μοίραις
1007 2096 1135 2159 τοὺς
1194 2096 1392 2166 ἄνδρας
1441 2094 1566 2156 τοὺς
1617 2092 1846 2155 ἐαυτῶν,
1903 2092 1996 2144 καὶ

421 2189 659 2260 μάλιστα
711 2188 816 2242 ὑπὸ
867 2186 1187 2249 ἐλαττόνων,
1233 2185 1586 2249 ὸνειδίζουσαι
1640 2185 1733 2236 καὶ
1782 2185 1997 2252 μωροὺς

418 2281 514 2334 καὶ
542 2282 803 2351 ἀνοήτους
833 2278 1099 2331 καλοῦσαι
1144 2279 1237 2331 κα)⁸
1269 2276 1567 2346 ἀνάνδρους
1606 2276 1701 2328 καὶ
1732 2273 1997 2344 προδότας

419 2375 515 2428 καὶ
555 2373 768 2436 νωθεῖς.
823 2370 962 2424 Ἀλλ’
1009 2370 1158 2423 οὐδὲν
1201 2369 1386 2439 ἐκείνη
1420 2366 1661 2421 τοιοῦτον
1694 2367 1815 2419 οὔτε
1842 2364 1996 2419 εἶπεν

418 2464 543 2519 οὕτε
564 2463 867 2536 ἐνενόησεν,
890 2461 1003 2515 ἀλλ’
1024 2460 1276 2534 ἔστερξεν
1294 2461 1511 2515 ἅπαντα
1529 2459 1598 2513 τά
1615 2460 1746 2531 παρ’
1785 2459 1994 2511 ἐκείνου

418 2557 697 2627 γινόμενα.
735 2554 847 2608 Καὶ
893 2554 954 2607 τὸ
996 2554 1058 2625 δὴ
1099 2552 1301 2625 μεῖζον*
1356 2552 1493 2624 μετὰ
1554 2552 1661 2622 γὰρ
1703 2551 1765 2605 τὸ
1805 2551 1995 2622 κύριον

419 2652 626 2704 ἐκεῖνον
649 2649 771 2717 γενέ
781 2648 901 2702 σθαι
922 2649 1022 2719 τῆς
1047 2648 1315 2718 αἱρέσεως
1338 2648 1433 2701 καὶ
1453 2646 1522 2700 τά
1543 2646 1802 2700 ἐλάττονα
1830 2661 1997 2716 προσ-

422 2747 573 2815 ρῖψαι
625 2743 702 2814 τῷ
742 2742 893 2814 θείῳ,
942 2741 1186 2805 κίνδυνος
1231 2742 1394 2795 αὐτὸν
1432 2740 1697 2796 κατέλαϐε
1740 2737 1994 2811 χαλεπός.

418 2837 530 2891 Καὶ
551 2835 786 2899 ἀκούσας
814 2837 842 2887 6
874 2835 1240 2906 πατριάρχης,
1268 2833 1477 2897 πάντας
1513 2831 1827 2886 καθώπλισε
1869 2829 1997 2892 τοὺς

417 2928 606 2991 αὑτοῦ,
635 2928 732 2982 καὶ
759 2927 894 2999 πρὸς
920 2928 1038 2980 ὅλον
1066 2927 1127 2979 τὸ
1160 2926 1266 2979 τῶν
1295 2924 1522 2996 Περσῶν
1556 2921 1998 2995 παρεσκευάζετο

420 3020 787 3091 στρατόπεδον
831 3018 968 3089 μετά
1000 3018 1109 3072 τῶν
1139 3018 1366 3072 οἰκετῶν
1394 3017 1503 3071 τῶν
1553 3016 1748 3070 ἐαυτοῦ
1803 3015 1994 3085 μόνον’

416 3110 514 3166 καὶ
550 3109 671 3163 οὐδὲ
702 3110 824 3162 τότε
863 3109 1023 3162 αὑτὸν
1060 3109 1322 3179 κατέσχεν
1350 3109 1555 3179 ἐκείνη,
1586 3107 1707 3160 οὐδὲ
1729 3102 1883 3160 εἶπεν
1913 3100 1999 3161 οἷα

418 3203 600 3265 είκόςο
636 3202 946 3273 Ἄνθρωπε,
987 3204 1079 3254 ποῖ
1110 3201 1273 3274 φέρῃ,
1305 3200 1449 3255 κατά
1476 3199 1735 3272 κρημνῶν
1773 3199 2000 3253 σεαυτὸν

417 3294 574 3350 ὠθῶν
599 3296 693 3348 καὶ
713 3295 990 3359 τοσούτοις
1028 3294 1272 3358 ἐκδιδοὺς
1299 3293 1587 3358 κινδύνοις,
1622 3294 1762 3366 ὑπὲρ
1805 3293 1999 3366 ἀνδρὸς

418 3387 707 3459 ύϐρικότος
736 3403 795 3439 σε
823 3387 920 3440 καὶ
951 3387 1017 3442 τά
1048 3387 1116 3440 σά
1143 3386 1455 3458 ἡρπακότος
1489 3385 1727 3450 ἅπαντα,
1763 3386 1826 3440 τὸ
1859 3380 2000 3457 αἷμα

416 3479 656 3552 ἐκχέων;
714 3477 777 3532 El
823 3480 932 3551 γάρ
998 3478 1096 3534 καὶ
1153 3477 1351 3531 σαυτοῦ
1420 3480 1816 3549 καταφρονεῖς,
1884 3477 1998 3534 ἀλλ’

417 3573 519 3645 ἐμὲ
561 3573 662 3642 τὴν
720 3572 1124 3628 καταλιποῦσαν
1164 3571 1343 3625 οἰκίαν
1382 3570 1476 3624 καὶ
1520 3569 1754 3641 πατρίδα
1787 3570 1882 3625 καὶ
1912 3570 2000 3640 φί⁶

416 3667 544 3731 λους
601 3667 696 3720 καὶ
748 3668 1030 3735 συγγενεῖς
1082 3664 1177 3718 καὶ
1228 3662 1497 3735 τοσαύτην
1555 3663 2000 3734 ἀκολουθήσασάν

419 3775 505 3813 σοι
551 3758 857 3829 ἀποδημίαν
904 3757 1145 3828 ἐλέησον,
1179 3756 1271 3809 καὶ
1320 3756 1396 3827 μὴ
1448 3755 1752 3828 περιϐάλῃς
1803 3755 2000 3827 χηρείᾳ

417 3852 516 3905 καὶ
545 3853 657 3913 τοῖς
703 3850 811 3903 ἀπὸ
837 3853 936 3921 τῆς
965 3850 1194 3920 χηρείας
1222 3852 1431 3911 κακοῖς.
1462 3849 1627 3901 Οὐδὲν
1654 3848 1859 3903 τούτων
1899 3849 1999 3903 οὐκ

419 3940 595 4007 εἶπεν,
623 3942 723 3995 οὐκ
764 3942 1066 4011 ἐνενόησεν,
1097 3940 1210 3995 ἀλλ’
1238 3940 1403 4010 ἔφερε
1440 3941 1619 3994 πάντα
1656 3943 1804 4012 σιγῇ.
1841 3941 1998 3995 Μετὰ

418 4036 594 4091 ταῦτα
643 4036 743 4106 τῆς
779 4034 1017 4105 γαστρὸς
1049 4034 1247 4101 ἀγόνου
1298 4033 1588 4104 μενούσης,
1618 4033 1755 4104 αῦτη
1806 4032 1904 4102 μὲν
1934 4033 1995 4086 οὐ

419 4131 622 4203 πάσχει
650 4128 721 4184 τὰ
761 4128 871 4182 τῶν
906 4127 1202 4198 γυναικῶν,
1231 4126 1351 4180 οὐδὲ
1396 4126 1727 4198 ἀποδύρεται
1748 4141 1761 4154 ⁸
1795 4127 1998 4190 ἐκεῖνος

417 4226 475 4279 δὲ
513 4224 722 4297 θρηνεῖ,
755 4221 873 4277 ἀλλ’
907 4219 1028 4292 οὐχὶ
1065 4219 1202 4293 πρὸς
1234 4218 1334 4291 τὴν
1379 4221 1634 4287 γυναῖκα,
1678 4219 1816 4273 ἀλλὰ
1862 4219 1997 4290 πρὸς

417 4321 510 4372 τὸν
541 4317 695 4372 Θεόν.
730 4315 843 4370 Καὶ
871 4315 973 4387 δρα
1001 4312 1118 4377 πῶς
1147 4312 1378 4376 ἕκαστος
1404 4311 1465 4365 τὸ
1495 4312 1771 4384 προσῆκον
1802 4311 1995 4382 διαφυ-

417 4408 622 4465 λάττει.
675 4407 814 4464 Οὔτε
863 4408 973 4479 γάρ
1002 4407 1163 4470 αὐτὸς
1196 4405 1577 4477 κατεφρόνησε
1638 4404 1733 4476 τῆς
1779 4404 1997 4477 Σάρρας

417 4505 492 4569 ὡς
521 4503 766 4569 ἄπαιδος,
797 4501 921 4555 οὔτε
952 4499 1194 4554 ὠνείδισέ
1224 4515 1278 4551 τι
1307 4498 1544 4553 τοιοῦτον
1577 4499 1743 4570 αὐτῇ·
1769 4499 1994 4569 κάκείνη

419 4598 582 4652 πάλιν
621 4594 922 4649 ἐσπούδασε
966 4593 1067 4663 τῆς
1106 4590 1357 4656 ἀπαιδίας
1407 4591 1691 4660 ἐπινοῆσαι
1737 4608 1995 4662 παραμυσ

419 4689 542 4742 θίαν
590 4688 740 4756 αύτῷ
784 4703 905 4740 τινα
961 4685 1070 4738 ἀπὸ
1115 4685 1215 4754 τῆς
1279 4683 1605 4753 παιδίσκης·
1642 4682 1855 4736 οὐδέπω
1887 4684 1996 4756 γάρ

418 4779 593 4834 ταῦτα
620 4778 742 4833 τότε
785 4775 1084 4840 κεκώλυτᾳ
1117 4775 1262 4831 καθά
1295 4776 1415 4831 νῦν.
1458 4775 1572 4829 Νῦν
1611 4776 1719 4847 γάρ
1746 4775 1870 4829 οὔτε
1900 4792 1997 4845 γυ-

420 4873 565 4938 ναιξὶ
595 4871 822 4926 τοιαῦτα
850 4869 1075 4941 ἀνδράσι
1119 4868 1444 4940 χαρίζεσθαι
1493 4868 1672 4940 θέμις,
1705 4867 1829 4922 οὔτε
1855 4871 1996 4925 ἐκεί-

420 4982 553 5029 νοις,
592 4963 715 5018 οὖτε
759 4960 972 5017 είδυιῶν
1021 4959 1145 5014 οὕτε
1180 4960 1491 5029 ἀγνοουσῶν
1542 4960 1650 5015 τῶν
1702 4963 1994 5030 γυναικῶν,

418 5058 696 5123 τοιαύταις
750 5057 959 5130 μίξεσιν
1011 5055 1330 5125 ἐπιχειρεῖν,
1383 5053 1484 5107 κᾶν
1531 5053 1789 5124 μυριάκις
1836 5055 1997 5126 ήτῆς

420 5151 681 5215 ἀπαιδίας
729 5151 921 5223 ἐνοχλῇ
954 5148 1132 5220 λύπη·
1174 5147 1296 5201 ἐπεὶ
1336 5146 1654 5200 ἀκούσονται
1686 5146 1779 5199 καὶ
1822 5149 1995 5213 αὐτοὶ,

423 5245 502 5299 ὅτι
547 5244 600 5296 '0
621 5241 868 5311 σκώληξ
895 5240 1095 5296 αὐτῶν
1126 5241 1197 5295 οὐ
1228 5236 1597 5305 τελευτήσει,
1634 5239 1730 5292 καὶ
1774 5239 1839 5290 τὸ
1879 5240 1999 5306 πῦρ

422 5336 624 5395 αὐτῶν
648 5338 721 5390 οὐ
761 5335 1187 5403 σϐεσθήσεται.
1232 5332 1307 5387 Οὐ
1342 5332 1691 5403 γάρ’ἐφεῖται
1725 5331 1839 5396 νῦν,
1876 5333 1997 5385 τότε

424 5431 481 5486 δέ
508 5431 611 5485 οὐκ
647 5426 994 5500 ἀπηγόρευτο
1012 5441 1027 5456 ο
1061 5424 1141 5477 διὸ
1173 5424 1268 5477 καὶ
1291 5425 1326 5494 ἡ
1365 5423 1504 5493 γυνὴ
1528 5422 1687 5477 τοῦτο
1714 5424 1995 5486 ἐπέταττε,

426 5521 677 5582 κάκεῖνος
706 5516 971 5587 ὑπήκουε,
1016 5511 1111 5567 καὶ
1156 5509 1278 5565 ούδέ
1311 5508 1454 5563 οὕτω
1490 5510 1557 5563 δι’
1591 5510 1803 5581 ἡδονήν.
1859 5509 1998 5563 Ἀλλ’

426 5615 550 5683 ὅρα,
586 5610 741 5681 φησὶ,
774 5606 891 5670 πῶς
912 5605 1080 5676 αὐτὴν
1111 5602 1270 5657 πάλιν
1298 5600 1519 5668 ἐξέϐαλε
1546 5601 1875 5671 κελευούσης
1902 5600 1999 5655 αύ-

426 5702 546 5773 τῆς.
598 5700 708 5755 Καὶ
755 5698 862 5770 γάρ
903 5694 1014 5765 ἐγὼ
1060 5692 1219 5746 τοῦτο
1247 5691 1511 5762 βούλομαι
1556 5692 1744 5758 δεῖξαι,
1786 5692 1869 5745 ὃτι
1907 5702 2002 5746 καζ

429 5788 792 5872 οὖτος-ἐκείνῃ
821 5790 1033 5846 ἅπαντα
1064 5785 1328 5855 ἐπείθετο,
1357 5782 1450 5839 καὶ
1480 5782 1661 5854 ἐκείνη
1694 5781 1886 5851 τούτῳ.

1136 220 1193 276 S.
1234 219 1525 277 JOANNIS
1562 214 2053 276 CHRYSOSTOMI
2090 214 2413 271 ARCHIEP.
2449 214 3002 274 CONSTANTINOP.

3568 222 3674 279 εει)

2175 337 2239 399 ζ’.
2267 336 2412 408 Πλὴν
2460 337 2536 407 μὴ
2582 337 2789 401 τούτοις
2820 338 3053 409 πρόσεχε
3080 335 3259 408 μόνον,
3287 338 3404 392 ἀλλ’
3434 341 3467 408 ἡ
3499 341 3675 398 ταῦτα

2104 429 2334 498 λέγουσα
2364 432 2428 484 σὺ
2456 431 2551 485 καὶ
2571 431 2640 484 τά
2682 432 2922 502 πρότερα
2954 430 3193 496 ἐξέταζε,
3238 432 3319 485 δτι
3345 431 3565 503 ὕϐριζεν
3595 437 3673 501 είς

2102 523 2292 593 αὐτὴν,
2322 524 2405 576 ὅτι
2443 522 2901 596 κατηλαζονεύετο
2928 524 3028 594 τῆς
3054 525 3267 597 κυρίας,
3306 519 3368 580 οῦ
3393 526 3446 579 τί
3476 528 3672 595 γένοιτ’

2101 614 2166 668 ἂν
2209 616 2594 688 ὀδυνηρότερον
2639 617 2901 689 ἐλευθέρᾳ
2941 618 3175 687 γυναικὶ,
3203 618 3298 672 καὶ
3342 619 3671 692 εύσχήμονις

2101 704 2194 776 Μὴ
2220 705 2399 758 τοίνυν
2428 704 2521 758 τοῦ
2554 704 2742 776 ἀνδρὸς
2769 705 2867 775 τὴν
2894 705 3094 777 ἀρετὴν
3117 706 3429 776 ἀναμενέτω
3452 711 3486 779 ἡ
3512 710 3672 782 γυνὴ,

2101 797 2196 850 καὶ
2227 797 2348 850 τότε
2395 798 2494 866 τὴν
2541 798 2742 866 ἐαυτῆς
2784 797 3100 869 παρεχέτω·
3156 798 3317 852 τοῦτο
3358 800 3469 871 γάρ
3518 802 3671 857 οὐδὲν

2103 891 2277 961 μέγα*
2327 890 2450 963 μηδ’
2495 886 2562 945 αὖ
2597 890 2757 944 πάλιν
2788 891 2817 942 6
2862 892 3000 965 ἀνὴρ
3030 891 3129 963 τὴν
3157 891 3255 962 τῆς
3300 893 3562 960 γυναικὸς
3587 896 3674 949 εύ-

2097 979 2309 1047 ταξίαν,
2344 980 2440 1034 καὶ
2459 979 2583 1033 τότε
2619 980 2972 1049 φιλοσοφείτω
2992 997 3005 1010 ·
3033 980 3154 1033 ούδέ
3176 979 3285 1051 γάρ
3309 980 3470 1035 τοῦτο
3490 982 3673 1036 λοιπὸν

2100 1074 2266 1130 αὐτοῦ
2305 1074 2637 1145 κατόρθωμα
2655 1091 2669 1104 ο
2695 1073 2807 1127 ἀλλ’
2835 1073 3079 1138 ἕκαστος,
3110 1074 3245 1145 ὅπερ
3269 1074 3425 1146 έφην,
3454 1076 3522 1129 τά
3543 1078 3672 1149 παρ’

2101 1168 2309 1227 ἑαυτοῦ
2324 1174 2611 1243 παρεχέτω
2655 1172 2938 1243 πρότερος.
2974 1172 3036 1224 Ei
3064 1171 3172 1243 γὰρ
3199 1174 3313 1236 τοῖς
3344 1171 3538 1239 ἔξωθεν
3573 1176 3671 1245 ῥα-

2099 1266 2316 1328 πίζουσι
2341 1263 2441 1335 τὴν
2461 1261 2660 1328 δεξιὰν,
2687 1264 2768 1317 δεῖ
2783 1264 2880 1333 τὴν
2910 1263 3103 1335 ἑτέραν
3125 1263 3388 1318 ἐκδιδόναι
3423 1266 3666 1334 σιαγόνα,

2100 1356 2285 1427 πολλῷ
2319 1356 2517 1427 μᾶλλον
2556 1356 2724 1428 ἄνδρα
2777 1355 3177 1427 θρασυνόμενον
3209 1357 3291 1410 δεῖ
3321 1358 3526 1427 φέρειν.
3559 1361 3670 1413 Καὶ

2100 1449 2161 1503 ού
2216 1448 2376 1503 τοῦτο
2424 1447 2577 1521 [258]
2627 1449 2804 1518 λέγω,
2861 1447 3001 1502 ῶστε
3070 1449 3368 1503 τύπτεσθαι
3414 1455 3670 1519 γυναῖκα,

2099 1541 2314 1608 ἄπαγε·
2366 1540 2569 1610 ἐσχάτη
2610 1538 2721 1610 γάρ
2747 1539 2904 1591 τοῦτο
2942 1539 3120 1610 ὕϐρις,
3156 1541 3217 1593 ού
3242 1543 3306 1612 τῇ
3338 1544 3673 1614 τυπτομένῃ,

2100 1630 2236 1685 ἀλλὰ
2264 1631 2340 1702 τῷ
2370 1630 2654 1683 τύπτοντι·
2691 1629 2825 1683 ἀλλά
2854 1629 2956 1683 κᾶν
2988 1631 3096 1684 ἀπὸ
3127 1632 3502 1703 περιπάσεὼς
3530 1651 3676 1699 τινος

2104 1721 2411 1794 κληρωθῇς,
2445 1717 2490 1776 ὦ
2520 1722 2699 1790 γύναι,
2726 1723 2955 1792 συνοίκῳ
2983 1723 3229 1795 τοιούτῳ,
3272 1726 3346 1798 μὴ
3386 1726 3676 1799 δυσχεραί-

2101 1825 2217 1880 νῃς,
2238 1808 2328 1862 τὸν
2345 1810 2702 1879 ἀποκείμενον
2719 1810 2857 1879 ὑπὲρ
2872 1809 3076 1863 τούτων
3092 1811 3349 1866 ἐννοοῦσα
3370 1814 3563 1884 μισθὸν
3584 1815 3676 1869 καὶ

2102 1901 2194 1953 τὸν
2215 1902 2271 1953 ἐν
2288 1898 2365 1970 τῷ
2389 1900 2614 1972 παρόντι
2637 1900 2737 1971 βίῳ
2760 1900 3001 1954 ἔπαινον.
3027 1902 3138 1954 Καὶ
3161 1904 3296 1974 πρὸς
3314 1905 3460 1973 ὑμᾶς
3474 1904 3532 1959 δὲ
3551 1906 3676 1969 τοὺς

2099 1991 2296 2062 ἄνδρας
2326 1991 2502 2044 ἐκεῖνό
2526 2009 2699 2061 φημι·
2731 1992 2896 2063 μηδὲν
2924 1993 3064 2047 ἔστω
3083 1995 3321 2048 τοιοῦτον
3348 1997 3672 2068 ἁμάρτημα,

2098 2083 2172 2147 ὡς
2210 2086 2291 2146 είς
2332 2084 2579 2155 ἀνάγκην
2628 2084 2772 2153 ὑμᾶς
2819 2086 2972 2153 ἄγειν
3022 2086 3116 2139 τοῦ
3159 2089 3397 2155 γυναῖκα
3427 2088 3672 2144 τύπτειν.

2106 2176 2216 2231 Καὶ
2257 2176 2311 2229 τί
2367 2175 2509 2244 λέγω
2550 2179 2812 2243 γυναῖκα;
2853 2177 2971 2230 οὐδὲ
3025 2178 3381 2248 θεραπαινίδα
3430 2180 3532 2249 μὲν
3584 2176 3672 2235 οὖν

2099 2265 2255 2337 ἀνδρὶ
2282 2266 2507 2320 τύπτειν
2545 2266 2814 2339 ἐλευθέρῳ
2852 2269 2943 2320 καὶ
2974 2273 3162 2341 χεῖρας
3194 2272 3420 2339 ἐπάγειν
3451 2272 3675 2325 ἀνεκτὸν

2098 2357 2164 2413 ἀν
2193 2357 2302 2430 εἴη.
2336 2361 2400 2412 El
2420 2359 2475 2412 δέ
2500 2359 2692 2430 δούλην
2723 2362 2998 2432 τυπτῆσαι
3024 2364 3179 2432 ἀνδρὶ
3203 2365 3337 2419 πολὺ
3368 2367 3431 2419 τὸ
3451 2367 3672 2434 ὄνειδος,

2099 2452 2280 2523 πολλῷ
2329 2453 2529 2523 μᾶλλον
2582 2453 2725 2507 κατά
2766 2457 2863 2525 τῆς
2907 2455 3197 2527 ἐλευθέρας
3251 2459 3527 2513 ἀνατεῖναι
3576 2460 3674 2529 τὴν

2095 2544 2297 2611 δεξιάν.
2352 2547 2461 2599 Καὶ
2511 2544 2666 2600 τοῦτο
2696 2548 2788 2600 καὶ
2831 2546 2901 2603 ’ἐκ
2934 2549 3041 2602 τῶν
3090 2548 3289 2617 ἔξωθεν
3328 2551 3392 2605 ἄν
3435 2570 3521 2616 τις
3576 2553 3674 2606 ἴδοι

2097 2637 2422 2710 νομοθετῶν,
2451 2638 2498 2691 οἳ
2528 2639 2624 2710 τὴν
2654 2639 2722 2693 τὰ
2748 2641 2973 2695 τοιαῦτα
2995 2641 3274 2697 παθοῦσαν
3297 2644 3481 2697 ούκέτι
3507 2645 3676 2714 ἀναγ-

2097 2730 2325 2794 κάζουσι
2367 2735 2637 2785 συνοικεῖν
2685 2732 2763 2804 τῷ
2801 2735 3155 2805 τυπτήσαντι,
3196 2736 3292 2789 ἃτε
3327 2737 3533 2810 ἀναξίῳ
3564 2738 3677 2793 ὅντι

2098 2822 2200 2895 τῆς
2241 2824 2377 2895 πρὸς
2406 2824 2576 2895 αὐτὴν
2607 2823 2841 2895 ὁμιλίας.
2885 2825 2997 2879 Καὶ
3027 2825 3136 2897 γὰρ
3176 2826 3411 2898 ἐσχάτης
3439 2846 3681 2900 παρανο-

2100 2916 2230 2988 μίας
2263 2916 2362 2988 τὴν
2395 2915 2491 2969 τοῦ
2537 2915 2652 2986 βίου
2683 2916 2957 2985 κοινωνὸν,
3000 2918 3100 2989 τὴν
3126 2918 3184 2970 ἐν
3212 2921 3323 2982 τοῖς
3356 2920 3681 2989 ἀναγκαίοις

2097 3011 2195 3066 καὶ
2217 3009 2480 3064 ἀνωτάτω
2502 3025 2585 3061 σοι
2613 3009 3117 3081 συνεφαπτομένην,
3144 3009 3346 3082 ταύτην
3376 3014 3453 3076 ὠς
3480 3013 3680 3085 ἀνδρά.

2099 3101 2258 3158 ποδον
2301 3101 2607 3173 ἀτιμάζειν.
2660 3101 2752 3154 Διὸ
2794 3101 2887 3155 καὶ
2928 3101 3018 3154 τὸν
3047 3101 3284 3156 τοιοῦτον
3314 3103 3507 3175 ἀνδρα,
3539 3107 3593 3158 εί
3614 3123 3678 3176 γε

2099 3193 2267 3266 ἄνδρα
2296 3193 2455 3247 αὑτὸν
2478 3192 2559 3245 δεῖ
2585 3191 2792 3258 καλεῖν,
2819 3193 2935 3246 ἀλλ’
2983 3193 3104 3264 ούχὶ
3142 3195 3352 3268 θηρίον,
3381 3198 3476 3251 καὶ
3502 3214 3680 3271 πατρ-

2099 3287 2283 3341 αλοίου
2311 3286 2405 3339 καλ⁸
2436 3285 2769 3357 μητραλοίου
2794 3286 2906 3340 ίσον
2924 3282 3062 3340 εἶναι
3079 3288 3245 3359 φαίην
3261 3288 3345 3344 άν.
3360 3289 3424 3343 El
3445 3289 3553 3361 γάρ
3577 3291 3680 3345 καλ⁵

2100 3379 2309 3451 πατέρα
2326 3378 2422 3433 καὶ
2443 3379 2657 3450 μητέρα
2673 3378 2759 3431 διὰ
2775 3378 2980 3450 ταύτην
2998 3381 3214 3450 ἀφεῖναι
3233 3384 3548 3454 προσετάγη
3556 3402 3675 3454 μεν.

2098 3473 2198 3526 οὐκ
2216 3470 2529 3535 ἀδικοῦντες
2542 3470 2801 3536 ἐκείνους,
2821 3471 2959 3527 ἀλλά
2974 3473 3137 3545 νόμον
3157 3473 3298 3527 θεῖον
3316 3474 3677 3548 πληροῦντες,

2100 3565 2192 3618 καὶ
2217 3566 2332 3627 τοῖς
2358 3564 2742 3634 γεγεννηκόσιν
2765 3565 2947 3631 αὐτοῖς
2969 3564 3109 3619 οὓτω
3128 3566 3374 3620 ποθεινὸν
3390 3567 3574 3634 τοῦτο,
3605 3570 3679 3633 ῶς

2099 3662 2192 3714 καὶ
2218 3661 2414 3726 αὐτοὺς
2437 3660 2562 3724 τοὺς
2601 3660 3181 3733 καταλιμπανομένους
3212 3662 3307 3717 καὶ
3339 3663 3503 3733 χάριν
3536 3666 3677 3737 ἔχειν

2099 3755 2195 3817 καὶ
2228 3753 2367 3825 μετὰ
2396 3753 2597 3823 πολλῆς
2617 3751 2801 3806 ἀνύειν
2829 3754 2959 3806 αὐτὸ
2979 3756 3079 3824 τῆς
3120 3755 3358 3824 σπουδῆς
3381 3768 3395 3782 ⁸
3434 3756 3552 3821 πῶς
3579 3758 3677 3810 οὐκ

2099 3845 2333 3915 ἐσχάτης
2361 3842 2557 3915 μανίας
2578 3842 2784 3912 ταύτην
2806 3842 3067 3912 ὑϐρίζειν,
3109 3844 3176 3897 δι’
3206 3845 3273 3916 ἢν
3311 3849 3407 3900 καὶ
3432 3848 3562 3913 τοὺς
3583 3865 3677 3918 γε·
3696 3888 3713 3907 κ

2097 3936 2428 4007 γεννηκότας
2455 3937 2484 3988 ὁ
2515 3935 2648 3999 Θεὸς
2676 3936 2890 4003 ἀφεῖναι
2917 3935 3235 4003 ἐκέλευσεν;
3273 3934 3362 4009 ἄρ’
3388 3938 3486 3994 οὖν
3511 3943 3677 4012 μανία

2102 4029 2262 4100 μόνον
2303 4027 2496 4093 τοῦτο;
2539 4026 2649 4098 Τὴν
2671 4025 2729 4078 δὲ
2766 4026 3051 4098 αἰσχύνην,
3088 4029 3207 4082 είπέ
3243 4048 3356 4100 μοι,
3390 4033 3477 4098 τίς
3503 4036 3672 4099 οἰσει’;

2101 4126 2250 4187 ποῖος
2286 4122 2344 4175 δὲ
2394 4121 2562 4193 αὐτὴν
2610 4121 2956 4191 παραστῆσαι
2998 4121 3284 4192 δυνήσεται
3331 4125 3511 4194 λόγος,
3547 4129 3675 4182 ὅταν

2097 4215 2346 4284 ὀλολυγαὶ
2374 4213 2468 4268 καὶ
2507 4213 2746 4267 κωκυτοὶ
2792 4212 2931 4266 κατά
2968 4214 3094 4277 τοὺς
3123 4218 3430 4281 στενωποὺς
3460 4219 3675 4289 φέρων-

2095 4327 2205 4375 ται,
2251 4310 2345 4364 καὶ
2376 4308 2577 4381 δρόμος
2609 4307 2700 4360 ἐπὶ
2732 4305 2830 4377 τὴν
2859 4307 3035 4361 οἰκίαν
3078 4306 3174 4360 τοῦ
3217 4307 3386 4363 ταῦτα
3424 4312 3677 4383 ἀσχημο-

2098 4404 2315 4468 νοῦντος
2346 4402 2440 4457 καὶ
2470 4400 2579 4455 τῶν
2607 4400 2868 4471 γειτόνων
2894 4403 2986 4453 καὶ
3014 4399 3121 4454 τῶν
3150 4402 3472 4474 παριόντων,
3495 4405 3675 4461 καθά-

2099 4512 2204 4567 περ
2242 4493 2385 4556 τινὸς
2422 4492 2609 4565 θηρίου
2652 4492 2720 4545 τά
2767 4490 2912 4544 ἔνδον
2957 4491 3395 4565 λυμαινομένους
3452 4494 3674 4555 Βέλτιον

2096 4588 2379 4658 διαστῆναι
2403 4585 2502 4657 τὴν
2546 4584 2649 4655 γῆν
2678 4583 2755 4656 τῷ
2793 4583 2861 4638 τὰ
2887 4584 3108 4639 τοιαῦτα
3135 4587 3502 4657 παροινοῦντι,
3530 4592 3563 4662 ῆ
3586 4594 3673 4646 ἐπ’

2095 4681 2300 4752 ἀγορᾶς
2330 4676 2492 4732 αὐτὸν
2533 4676 2765 4745 ὀφθῆναι
2793 4675 2999 4730 λοιπόν.
3058 4676 3218 4731 Ἀλλά
3270 4678 3601 4749 θρασύνεται
3636 4686 3669 4755 ἡ

2096 4771 2254 4842 γυνὴ,
2304 4770 2488 4840 φησίν.
2558 4766 2694 4821 Ἀλλ’
2740 4764 2990 4835 ἐννόησον
3033 4765 3113 4819 ὃτι
3154 4767 3312 4838 γυνὴ,
3339 4769 3403 4823 τὸ
3451 4771 3673 4838 ἀσθενὲς

2099 4863 2312 4929 σκεῦος,
2347 4863 2411 4915 σὺ
2441 4861 2495 4915 δὲ
2526 4861 2685 4932 ἀνήρ.
2719 4858 2817 4911 Διὰ
2861 4859 2970 4929 γάρ
3006 4858 3164 4913 τοῦτο
3193 4861 3287 4913 καὶ
3318 4861 3503 4933 ἄρχων
3532 4868 3673 4935 ἐχει-

2099 4956 2413 5030 ροτονήθης,
2457 4953 2552 5008 καὶ
2600 4954 2657 5005 ἐν
2684 4950 2834 5016 τάξει
2879 4951 3122 5022 κεφαλῆς
3148 4952 3355 5022 ἐδόθης,
3385 4955 3471 5009 ἵνα
3503 4960 3673 5031 φέρῃς

2096 5051 2196 5121 τῆς
2223 5047 2534 5120 ἀρχομένης
2577 5044 2674 5116 τὴν
2704 5044 3008 5101 ἀσθένειαν.
3045 5044 3278 5116 Ποίησον
3315 5047 3495 5101 τοίνυν
3532 5051 3671 5121 λαμ-

2097 5144 2240 5214 πράν
2268 5159 2348 5195 σοι
2382 5140 2479 5211 τὴν
2513 5139 2689 5210 ἀρχήν
2710 5153 2724 5166 ·
2756 5136 2909 5189 ἔσται
2947 5136 3005 5189 δέ
3042 5135 3292 5210 λαμπρὰ,
3329 5139 3456 5192 ὅταν
3495 5141 3556 5195 τὸ
3577 5144 3674 5212 ἀρ-

2096 5237 2322 5308 χόμενον
2376 5235 2450 5305 μὴ
2478 5231 2770 5302 ἀτιμάζῃς.
2829 5230 2937 5283 Καὶ
2989 5228 3239 5299 καθάπερ
3288 5232 3318 5283 6
3375 5230 3675 5303 βασιλεύων

2095 5327 2335 5398 τοσούτῳ
2374 5324 2696 5396 σεμνότερος
2741 5324 3010 5391 φανεῖται,
3047 5323 3155 5393 ὅσῳ
3186 5321 3253 5375 ἂν
3300 5323 3393 5377 τὸν
3428 5322 3675 5397 ὕπαρχον

2100 5421 2420 5492 σεμνότερον
2446 5416 2697 5487 ἀποφήνῃ
2718 5429 2731 5443 ·
2754 5413 2821 5468 ἂν
2846 5413 2900 5467 δέ
2922 5414 3165 5485 ἀτιμάσῃ
3209 5413 3305 5468 καὶ⁵
3333 5417 3675 5492 καταισχύνῃ

2096 5514 2196 5583 τῆς
2227 5512 2387 5576 ἀξίας
2419 5507 2631 5578 ἐκείνης
2654 5506 2714 5560 τδ
2751 5505 3000 5578 μέγεθος.
3035 5506 3129 5559 καὶ
3154 5504 3254 5576 τῆς
3284 5506 3479 5560 ἑαυτοῦ
3517 5508 3673 5578 δόξης

2097 5607 2199 5658 ούκ
2225 5603 2403 5671 ὀλίγον
2428 5600 2791 5671 ὑποτέμνεται
2822 5598 3014 5669 μέροςο
3048 5596 3188 5650 οὕτω
3220 5597 3317 5651 καὶ
3366 5599 3432 5652 σὺ
3481 5600 3550 5653 ἂν
3576 5603 3675 5671 τὴν

2104 5698 2240 5771 μετά
2272 5698 2330 5751 σὲ
2362 5695 2635 5768 ἄρχουσαν
2664 5692 2959 5763 ἀτιμάσῃς,
2988 5691 3087 5760 οὐχ
3117 5690 3191 5754 ὡς
3222 5690 3378 5761 ἔτυχε
3412 5691 3673 5762 λυμανεῖς

2018 5816 2024 5821 -
2106 5808 2200 5847 σου
2238 5790 2336 5862 τῆς
2364 5787 2538 5860 ἀρχῆς
2574 5786 2670 5858 τὴν
2698 5786 2881 5857 τιμήν.
2908 5781 3092 5837 Ταῦτα
3116 5781 3292 5836 τοίνυν
3330 5783 3671 5857 λογιζόμενος
