3990 6168
946 258 955 283 ι

304 344 406 402 221

303 456 482 509 virum
506 452 673 519 feras,
698 448 1021 522 splendidam
1047 447 1278 518 accipies
1303 460 1563 502 coronam
1589 462 1605 499 :
1627 444 1708 498 sin
1728 455 1878 496 man-

306 558 523 602 suetum
550 555 607 602 et
632 546 832 610 mitem,
858 559 1021 614 quam
1062 542 1155 597 tibi
1184 542 1321 597 Deus
1366 540 1516 595 dabit
1541 535 1879 593 mercedem?

310 638 382 692 Et
402 638 521 693 inec
539 637 659 692 dico
677 651 777 689 non
798 635 990 704 iubens
1006 634 1231 688 maritos
1244 646 1364 687 esse
1388 644 1560 685 saevos
1572 638 1628 684 et
1641 641 1876 697 asperos,

313 732 412 786 sed
440 728 753 800 persuadens
779 728 1091 783 mulieribus
1116 737 1174 780 ut
1197 726 1342 781 viros
1370 723 1532 779 etiam
1572 721 1776 776 feroces
1800 718 1881 775 fe-

316 832 457 876 rant.
484 822 610 876 Cum
647 820 785 875 enim
813 819 1180 889 unusquisque
1208 832 1305 872 sua
1334 815 1556 885 implere
1582 812 1879 876 curaverit,

318 915 490 968 statim
513 921 799 982 sequentur
818 912 980 966 etiam
998 926 1059 965 ea
1085 925 1201 979 qua;
1221 916 1345 962 sunt
1371 906 1596 977 proximi
1618 922 1632 958 :
1652 901 1880 971 exempli

312 1018 610 1070 causa,cum
649 1018 785 1057 uxor
815 1011 1000 1072 parata
1030 1001 1189 1055 fuerit
1215 999 1284 1054 ad
1330 1000 1502 1052 virum
1528 1011 1776 1065 asperum
1800 998 1881 1048 fe-

311 1093 553 1157 rendum,
576 1103 630 1148 et
660 1096 742 1147 vir
767 1095 1128 1163 importunam
1156 1092 1301 1147 illam
1331 1103 1437 1145 non
1464 1087 1780 1144 contumelia
1803 1085 1884 1140 af-

308 1184 512 1250 fecerit,
538 1194 665 1240 tunc
694 1185 877 1240 omnia
916 1184 1181 1239 serenitas
1205 1193 1389 1248 erunt,
1430 1192 1484 1235 et
1513 1190 1696 1249 portus
1721 1195 1750 1233 a
1776 1178 1881 1233 llu-

305 1278 477 1333 ctibus
502 1293 724 1332 vacuus.
756 1278 847 1332 Sic
872 1278 1032 1332 etiam
1064 1292 1159 1330 usu
1187 1275 1431 1330 veniebat
1467 1273 1605 1343 apud
1637 1274 1880 1343 priscos:

304 1384 399 1423 sua
426 1372 658 1440 quisque
685 1369 959 1439 implebat,
989 1384 1086 1423 nec
1126 1384 1242 1437 quae
1272 1366 1498 1438 proximi
1524 1375 1678 1420 erant
1707 1366 1886 1435 exige-

306 1462 419 1516 bat.
466 1461 746 1531 Perpende
783 1461 1197 1516 autem:fratris
1242 1460 1410 1513 [illum
1448 1473 1631 1515 secum
1680 1459 1884 1528 accepit

308 1552 618 1619 Abraham;
649 1569 756 1608 non
783 1555 836 1608 id
865 1553 1206 1623 reprehendit
1233 1568 1373 1606 uxor
1397 1570 1410 1607 :
1436 1553 1596 1621 jussit
1614 1567 1731 1606 eam
1764 1551 1883 1605 lon-

311 1660 441 1717 gum
462 1646 565 1700 iter
589 1647 888 1715 suscipere,
903 1661 1071 1715 neque
1090 1644 1406 1715 repugnavit
1425 1645 1535 1709 illa,
1555 1644 1649 1700 sed
1665 1653 1884 1713 sequuta

313 1746 420 1792 est.
453 1738 663 1791 Rursus
690 1747 810 1805 post
860 1737 978 1791 illas
1009 1741 1199 1791 multas
1243 1752 1541 1800 aerumnas,
1577 1737 1789 1791 labores
1835 1745 1888 1790 et

318 1826 567 1889 sudores,
594 1842 715 1881 cum
743 1827 990 1882 dominus
1014 1832 1250 1881 omnium
1277 1836 1437 1893 esset,
1457 1828 1652 1895 primas
1670 1841 1888 1882 conces-

319 1920 387 1972 sit
416 1919 586 1973 Loto:
616 1930 670 1972 et
700 1934 806 1972 non
837 1918 994 1973 modo
1037 1919 1088 1972 id
1120 1933 1225 1973 non
1267 1934 1410 1987 aegre
1443 1919 1559 1972 tulit
1585 1919 1737 1983 Sara,
1791 1919 1883 1972 sed

315 2025 486 2079 neque
524 2024 585 2063 os
614 2010 845 2080 aperuit,
897 2025 995 2064 nec
1036 2010 1307 2081 quidpiam
1355 2012 1485 2066 dixit
1520 2026 1724 2077 eorum,
1765 2026 1884 2080 qum

311 2116 457 2156 nunc
497 2103 749 2156 mulieres
803 2104 984 2157 multa:
1033 2102 1338 2173 loquuntur,
1391 2119 1509 2157 cum
1538 2102 1719 2158 vident
1742 2104 1885 2157 viros

307 2209 439 2249 suos
485 2193 538 2247 in
565 2193 870 2263 huiusmodi
914 2195 1146 2250 sortibus
1189 2196 1364 2251 minus
1405 2195 1622 2260 habere,
1653 2197 1885 2251 maxime

306 2286 526 2357 quando
544 2302 663 2342 cum
694 2288 1030 2342 inferioribus
1056 2302 1144 2341 res
1167 2295 1271 2351 est,
1289 2289 1675 2357 exprobrantes
1695 2330 1711 2354 ,
1743 2288 1884 2342 stul-

307 2388 413 2443 tos,
438 2379 673 2445 insanos,
699 2380 938 2449 ignavos,
960 2379 1258 2449 proditores
1275 2380 1597 2450 hebetesque
1612 2392 1882 2436 vocantes.

307 2471 415 2527 Sed
438 2473 570 2526 nihil
596 2473 769 2527 simile
799 2473 884 2525 illa
916 2474 999 2526 vel
1016 2472 1251 2526 dixitvel
1280 2474 1547 2542 cogitavit,
1570 2472 1664 2528 sed
1694 2488 1888 2543 appro-

307 2566 456 2620 bavit
479 2566 655 2618 omnia
683 2565 751 2619 ab
777 2568 892 2636 ipso
936 2565 1091 2620 facta.
1123 2565 1387 2635 Quodque
1417 2566 1591 2634 majus
1608 2574 1710 2631 est,
1744 2577 1885 2636 post-

305 2671 470 2726 quam
510 2656 647 2711 Loto
691 2657 810 2710 data
840 2665 923 2711 est
959 2657 1175 2726 Optandi
1224 2656 1446 2712 facultas
1474 2669 1527 2712 et
1562 2660 1763 2712 minora
1798 2660 1885 2714 ille

308 2760 503 2817 patruo
527 2750 811 2809 concessit.
842 2751 895 2801 in
925 2749 1217 2818 periculum
1248 2749 1339 2803 ille
1358 2765 1522 2819 grave
1542 2750 1744 2804 incidit.
1768 2750 1883 2816 Quo

306 2839 821 2908 audito,patriarcha
866 2855 1052 2895 omines
1081 2856 1209 2896 suos
1230 2842 1475 2905 armavit,
1507 2853 1559 2896 et
1583 2853 1767 2897 contra
1799 2852 1882 2897 to-

309 2941 420 2986 tum
456 2932 736 2987 Persarum
760 2934 1053 2986 exercitum
1082 2948 1202 2987 sese
1226 2936 1499 3002 apparavit
1523 2949 1642 2989 cum
1665 2935 1882 2991 domes-

308 3024 429 3078 ticis
458 3024 571 3079 suis
619 3034 866 3079 tantum:
912 3040 1082 3094 neque
1112 3035 1238 3080 tunc
1282 3026 1433 3081 illum
1480 3028 1592 3095 ipsa
1638 3030 1879 3095 retinuit,

308 3132 487 3186 neque
503 3117 653 3182 dixit,
686 3127 741 3170 ut
764 3132 860 3187 par
892 3117 1169 3172 videbatur
1190 3133 1312 3175 esse
1332 3137 1347 3174 ε
1365 3118 1481 3187 Quo
1508 3120 1704 3191 pergis,
1732 3136 1765 3174 ο
1788 3122 1880 3176 ho-

309 3222 421 3273 mo,
446 3223 540 3276 per
555 3207 845 3276 pra'cipitia
876 3207 1240 3278 teimpellens,
1265 3217 1321 3263 et
1347 3210 1397 3263 in
1423 3219 1563 3264 tanta
1592 3211 1884 3281 coniiciens

312 3301 572 3369 pericula,
615 3316 711 3370 pro
738 3300 853 3355 viro
903 3302 991 3369 qui
1024 3310 1075 3356 te
1099 3303 1416 3357 contumelia
1467 3303 1664 3368 affecit,
1697 3314 1750 3359 et
1796 3317 1882 3359 tua

316 3393 499 3445 omnia
539 3395 730 3462 rapuit,
761 3395 1069 3464 sanguinem
1112 3394 1379 3450 fundens?
1417 3396 1549 3452 Nam
1580 3399 1623 3453 si
1654 3399 1881 3468 teipsum

319 3480 590 3551 despicis,
629 3500 714 3539 me
762 3486 981 3553 Saltem,
1019 3488 1107 3556 qui
1154 3490 1344 3560 reliqui
1369 3490 1605 3555 domum,
1637 3493 1880 3560 patriam,

316 3575 529 3630 amicos
558 3583 611 3630 et
638 3586 920 3645 cognatos,
962 3590 1014 3634 et
1063 3581 1115 3634 in
1164 3591 1309 3638 tanta
1362 3592 1415 3637 te
1460 3586 1883 3654 peregrinatione

313 3682 441 3722 sum
466 3678 709 3736 sequuta,
742 3669 1007 3738 miserare,
1041 3687 1139 3726 nec
1168 3688 1255 3727 me
1295 3674 1549 3743 coniicias
1579 3675 1631 3728 in
1659 3675 1885 3730 viduita-

309 3767 422 3813 tem
454 3767 511 3813 et
538 3759 589 3813 in
618 3759 887 3815 viduitatis
912 3763 1069 3815 mala.
1094 3762 1235 3817 Nihil
1274 3762 1463 3817 horum
1494 3764 1575 3818 vel
1605 3764 1754 3830 dixit,
1802 3766 1882 3821 vel

307 3852 603 3921 cogitavit,
626 3854 719 3907 sed
748 3868 870 3909 cum
909 3854 1122 3909 silentio
1150 3855 1267 3910 tulit
1292 3857 1488 3910 omnia.
1527 3857 1726 3913 Deinde
1753 3874 1880 3913 vero

305 3943 482 3998 sterili
534 3956 785 4000 manente
836 3953 1007 4008 utero,
1051 3946 1163 4016 ipsa
1206 3948 1418 4017 quidem
1450 3963 1556 4003 non
1593 3948 1791 4018 patitur
1818 3966 1879 4005 ea

306 4052 428 4105 quae
453 4036 710 4092 mulieres
736 4038 843 4107 pati
870 4039 1061 4104 solent,
1097 4055 1267 4108 neque
1293 4039 1645 4096 lamentatur:
1673 4042 1763 4098 ille
1788 4059 1883 4098 au-

306 4135 414 4182 tem
438 4128 606 4198 luget,
636 4129 729 4183 sed
756 4146 861 4184 non
882 4131 1021 4199 apud
1045 4147 1287 4198 uxorem,
1311 4133 1402 4187 sed
1426 4135 1563 4203 apud
1595 4136 1781 4190 Deum.
1813 4138 1881 4192 Et

304 4218 430 4272 vide
459 4219 732 4288 quomodo
761 4220 975 4291 singuli,
994 4222 1132 4290 quod
1164 4237 1260 4292 par
1276 4232 1408 4289 erat,
1439 4234 1672 4278 servent.
1697 4227 1880 4297 Neque

300 4308 451 4362 enim
487 4309 581 4363 ille
608 4309 791 4364 Soram
817 4311 1059 4381 despexit
1087 4322 1143 4365 ut
1168 4314 1423 4376 sterilem,
1458 4330 1627 4384 neque
1657 4315 1729 4370 illi
1762 4316 1880 4372 ideo

303 4400 583 4470 quidpiam
610 4402 970 4469 exprobravit.
1006 4404 1098 4457 llla
1144 4420 1272 4459 vero
1298 4405 1528 4460 vicissim
1556 4408 1879 4463 consolatio-

304 4509 428 4548 nem
460 4496 751 4565 quamdam
776 4512 872 4566 pro
899 4498 1127 4552 orbitate
1171 4501 1489 4568 excogitavit
1517 4516 1609 4569 per
1633 4502 1877 4556 ancillam

301 4600 454 4642 suam
487 4608 500 4644 :
534 4589 770 4644 nondum
809 4590 951 4645 enim
999 4591 1085 4645 illa
1131 4600 1255 4646 tunc
1302 4592 1561 4662 prohibita
1592 4604 1777 4660 erant,
1825 4606 1882 4650 ut

302 4693 445 4733 nunc
475 4690 626 4735 sunt.
654 4681 807 4735 Nunc
832 4681 973 4736 enim
1004 4697 1175 4748 neque
1202 4684 1449 4738 uxoribus
1480 4684 1606 4740 licet
1645 4686 1771 4739 viris
1798 4694 1876 4740 ια’

300 4766 404 4823 lem
436 4771 669 4841 gratiam
698 4773 931 4837 referre;
966 4788 1139 4843 neque
1161 4773 1285 4839 illis,
1308 4775 1418 4829 sive
1439 4776 1745 4839 scientibus,
1765 4777 1877 4832 sive

299 4863 679 4933 ignorantibus
727 4866 1014 4929 uxoribus,
1070 4866 1201 4920 tales
1259 4876 1461 4921 tentare
1529 4869 1874 4935 concubitus,

297 4959 590 5025 quantovis
619 4958 862 5012 orbitatis
882 4958 1064 5014 dolore
1087 4968 1408 5028 premantur.
1449 4958 1580 5013 Nam
1613 4960 1712 5029 ipsi
1746 4977 1880 5031 quo-

298 5060 401 5116 que
428 5047 680 5110 audient,
723 5047 913 5102 γει-πῆς
942 5064 1113 5103 eorum
1137 5065 1234 5101 non
1260 5050 1518 5113 utarietur,
1548 5059 1594 5103 et
1617 5052 1747 5120 ignis
1792 5068 1878 5104 eo-

299 5152 411 5191 rum
430 5156 540 5193 non
562 5139 1112 5210 extinguetur-(Marc.
1137 5138 1188 5193 9.
1214 5139 1324 5210 45).
1354 5138 1467 5193 Νοιι
1486 5140 1626 5194 enim
1660 5141 1709 5194 id
1736 5158 1875 5197 nunc

302 5229 658 5296 permittitur,
683 5238 809 5283 tunc
833 5246 960 5284 vero
983 5244 1086 5283 non
1118 5230 1436 5298 prohibitum
1463 5239 1579 5284 erat
1611 5249 1623 5284 :
1653 5232 1877 5301 ideoque

299 5334 431 5375 uxor
463 5322 574 5376 hoc
609 5320 787 5389 jussit,
833 5329 888 5375 et
938 5322 1023 5374 ille
1060 5321 1465 5389 obtemperavit,
1495 5337 1665 5392 neque
1699 5331 1872 5378 tamen

303 5421 523 5480 propter
542 5412 893 5479 voluptatem.
920 5412 1024 5466 Sed
1048 5413 1184 5475 vide,
1214 5413 1441 5481 inquies.
1471 5415 1740 5484 quomodo
1759 5419 1870 5485 ipsa

295 5504 539 5571 iubente,
572 5504 822 5559 ancillam
852 5504 1026 5575 eiecit.
1060 5506 1173 5576 Ego
1200 5507 1345 5561 enim
1383 5506 1482 5561 hoc
1521 5509 1643 5562 volo
1693 5521 1873 5564 osten-

302 5594 445 5663 dere,
473 5594 627 5667 quod
672 5603 726 5651 et
753 5596 842 5652 ille
889 5596 985 5666 ipsi
1016 5597 1067 5651 in
1100 5597 1343 5653 omnibus
1370 5596 1779 5671 dbtemperaret,
1815 5612 1874 5659 et

302 5685 407 5742 hac
425 5689 526 5744 illi.

365 5780 418 5836 ἴ.
447 5779 602 5838 U107
619 5790 665 5836 ιι
685 5783 761 5837 vir
781 5797 881 5836 non
900 5781 1077 5838 debent
1095 5781 1223 5838 alter
1239 5782 1445 5838 alterius
1460 5796 1745 5853 exspectare
1764 5790 1866 5843 vir-

1303 329 1370 385 IN
1409 326 1623 385 EPIST.
1662 327 1689 385 ι
1747 324 1839 380 AD
1874 323 2034 380 COR.
2075 322 2302 381 ηοιιιι.
2342 324 2530 383 XXVI.

3442 342 3548 398 2‘39.

1987 447 2139 493 tatem
2161 440 2233 493 ad
2270 441 2771 513 philosophantem;
2798 461 3007 502 mrem
3030 448 3292 506 verberare
3317 453 3557 521 tur-piat.

1986 546 2123 583 mam
2150 540 2241 586 est.
2268 561 2340 573 —
2366 531 2630 589 Caeterum
2656 551 2726 592 ne
2757 536 2841 594 his
2864 538 3036 595 solum
3061 542 3309 597 attendas
3327 583 3343 607 ,
3372 546 3467 599 sed
3498 555 3554 599 ιιι

1982 636 2100 689 quae
2129 623 2245 677 iure
2270 623 2404 679 dicis
2425 626 2584 680 etiam
2610 629 2785 698 priora
2812 632 3081 697 examina,
3108 633 3248 703 quod
3276 645 3557 694 contume-

1985 714 2107 768 liam
2138 716 2355 771 inlerret
2384 719 2431 772 ei
2451 759 2467 782 ,
2514 720 2655 788 quod
2688 736 2746 776 se
2774 735 3088 793 arroganter
3115 728 3400 783 extolleret
3425 745 3560 785 cou-

1985 818 2063 861 tra
2090 808 2360 864 dominam
2387 829 2400 865 :
2425 827 2531 882 quo
2559 814 2687 883 quid
2714 816 2993 872 molestius
3017 835 3138 875 esse
3166 823 3333 890 possit
3376 823 3558 879 libera:

1985 900 2190 955 mulieri
2223 910 2276 956 et
2308 902 2585 959 honestze?
2629 906 2707 961 Ne
2754 909 2931 979 itaque
2961 913 3059 966 viri
3088 915 3336 969 virtutem
3368 933 3561 987 exspe-

1984 1000 2093 1047 ctet
2135 1008 2304 1056 uxor,
2353 1003 2411 1048 ut
2456 1006 2578 1051 tunc
2620 998 2709 1053 illa
2739 1016 2890 1056 suam
2934 1004 3217 1071 exhibeat;
3261 1008 3363 1064 hoc
3415 1028 3557 1065 enim

1987 1084 2113 1138 nihil
2142 1101 2386 1156 maguum
2415 1101 2586 1153 esset;
2645 1109 2816 1161 neque
2846 1111 3028 1151 rursus
3053 1100 3134 1152 vir
3161 1104 3343 1156 uxoris
3372 1105 3562 1157 mode-

1988 1177 2163 1240 stiam,
2194 1193 2249 1231 ut
2279 1188 2403 1235 tunc
2432 1181 2868 1253 philosUpbetur;
2897 1204 3071 1257 neque
3088 1193 3231 1246 enim
3262 1203 3386 1247 lllllc
3412 1207 3560 1251 recte

1990 1272 2181 1325 factum
2210 1272 2336 1327 illud
2363 1275 2527 1342 ipsius
2551 1287 2730 1342 esset;
2767 1279 2861 1335 sed
2890 1285 3258 1354 unusquisque
3276 1325 3291 1349 ,
3322 1296 3379 1340 ut
3408 1286 3554 1351 dixi,

1987 1377 2104 1433 qua:
2131 1380 2225 1418 sua
2255 1375 2379 1421 sunt
2425 1369 2572 1437 prius
2614 1370 2869 1440 praebeat.
2898 1374 2952 1428 Si
2983 1376 3124 1429 enim
3161 1380 3401 1433 externis
3429 1380 3560 1435 dex-

1991 1465 2156 1510 teram
2181 1459 2449 1513 maxillam
2474 1463 2912 1530 percutientibus,
2931 1479 3141 1536 oportet
3162 1472 3402 1540 praebere
3425 1479 3560 1529 alte-

1988 1565 2137 1614 ram;
2169 1552 2338 1606 multo
2366 1555 2533 1623 magis
2561 1556 2736 1611 virum
2765 1557 2996 1613 ferocem
3027 1560 3167 1616 ferre
3194 1572 3422 1633 oportet.
3451 1565 3560 1621 Sed

1989 1657 2094 1695 non
2120 1642 2236 1698 haec
2264 1644 2384 1698 dico
2410 1654 2467 1699 ut
2493 1646 2807 1703 verberetur
2835 1651 3046 1716 mulier,
3079 1655 3249 1715 absit;
3290 1672 3411 1711 nam
3441 1657 3556 1713 lure

1988 1743 2225 1788 extrema
2254 1736 2578 1791 contumelia
2601 1747 2713 1805 est,
2746 1756 2851 1795 non
2884 1745 3179 1800 verberata:
3202 1787 3215 1813 ,
3247 1748 3341 1803 sed
3365 1752 3553 1805 verbe-

1989 1825 2126 1878 ranti
2146 1842 2161 1886 ;
2180 1826 2274 1880 sed
2293 1827 2337 1882 si
2354 1842 2481 1883 casu
2502 1830 2680 1900 aliquo
2699 1832 2856 1887 talem
2873 1835 3151 1906 coniugem
3167 1840 3353 1895 sortita
3371 1842 3558 1909 fueris,

1988 1930 2024 1967 ο
2079 1916 2305 1982 mulier,
2363 1935 2431 1973 ne
2475 1919 2690 1991 indigne
2748 1922 2921 1991 feras,
2971 1930 3211 1998 cogitans
3266 1918 3557 1995 repositam

1991 2006 2083 2061 tibi
2127 2010 2464 2077 mercedem,
2493 2020 2547 2066 et
2581 2014 2631 2067 iu
2671 2014 2768 2069 hac
2800 2018 2902 2071 vita
2951 2016 3182 2075 laudem.
3221 2022 3382 2078 Vobis
3418 2041 3556 2095 quo-

1989 2112 2096 2165 que
2142 2101 2267 2156 viris
2314 2101 2414 2157 hoc
2464 2102 2625 2159 dico:
2671 2105 2804 2161 nihil
2852 2110 2958 2164 tale
3003 2111 3076 2164 sit
3119 2123 3426 2182 peccatum,
3455 2133 3561 2185 quo

1989 2193 2250 2260 rngantini
2285 2208 2504 2249 uxorem
2533 2197 2838 2254 verberare.
2876 2200 2943 2254 Et
2979 2203 3105 2271 quid
3122 2180 3251 2258 dico
3294 2180 3561 2262 uxorem?

1990 2298 2163 2353 neque
2205 2286 2452 2342 anciz‘lam
2483 2289 2765 2345 verberare
2794 2304 2886 2346 aut
2922 2295 2971 2349 ei
3002 2311 3190 2350 manus
3219 2298 3418 2354 inferre
3442 2303 3560 2356 viro

1989 2374 2217 2443 ingenuo
2243 2377 2398 2431 fuerit
2443 2380 2797 2435 tolerandum.
2824 2383 2975 2451 Quod
3012 2386 3056 2439 si
3101 2388 3348 2443 ancillam
3376 2392 3565 2447 verbe-

1989 2479 2109 2518 rare
2136 2481 2380 2535 niagnum
2409 2467 2568 2524 infert
2594 2472 2708 2525 viro
2736 2474 3020 2541 probrum;
3042 2478 3218 2533 multo
3240 2481 3407 2549 magis
3429 2498 3561 2536 cou-

1990 2565 2067 2609 tra
2118 2555 2339 2612 liberam
2390 2576 2603 2615 manum
2652 2563 2950 2619 intendere.
2998 2567 3065 2621 Et
3092 2568 3192 2624 huc
3219 2571 3272 2625 in
3325 2575 3563 2629 externis

1987 2649 2148 2703 etiam
2198 2651 2587 2720 legislatoribus
2635 2655 2817 2711 videre
2849 2667 2965 2722 est,
2997 2659 3086 2729 qui
3116 2677 3234 2716 eam
3280 2680 3402 2733 qua:
3434 2666 3557 2719 talia

1990 2756 2143 2810 passa
2202 2742 2299 2797 fuit
2355 2761 2460 2799 non
2513 2758 2708 2815 cogunt
2743 2748 2984 2805 habitare
3028 2767 3151 2808 cum
3194 2770 3555 2824 percussore,

1990 2842 2172 2899 utpote
2200 2834 2288 2902 qui
2330 2835 2472 2891 illius
2513 2840 2784 2893 consortio
2826 2840 3071 2911 indignus
3100 2845 3189 2898 sit.
3224 2846 3432 2901 Etenim
3462 2867 3562 2903 ex-

1989 2929 2172 2977 trema:
2216 2933 2301 2978 est
2338 2925 2633 2997 iniquitatis
2655 2971 2669 2993 ,
2702 2931 2825 2984 vita:
2868 2944 3205 3001 consortem,
3241 2954 3360 3008 quae
3388 2941 3479 2995 tibi
3506 2942 3561 2996 in

1987 3014 2147 3068 rebus
2174 3020 2490 3073 necessariis
2508 3020 2713 3089 jamdiu
2742 3037 2960 3091 operam
2987 3029 3305 3097 praestabat,
3329 3042 3384 3086 ut
3404 3048 3561 3088 mau-

1986 3104 2184 3176 cipium
2214 3108 2502 3178 ignominia
2541 3111 2777 3168 afficere.
2813 3114 2938 3171 Ideo
2966 3118 3126 3173 etiam
3165 3121 3321 3175 talem
3351 3124 3521 3178 virum
3541 3164 3559 3188 ,

1986 3197 2031 3252 si
2059 3199 2230 3253 virum
2256 3210 2431 3256 tamen
2456 3202 2578 3258 licet
2604 3206 2894 3274 appellare,
2925 3224 3030 3263 non
3061 3210 3248 3279 feram,
3282 3216 3562 3283 parricida:

1987 3298 2042 3344 et
2088 3292 2381 3348 matricida:
2427 3309 2606 3364 parem
2653 3313 2773 3354 esse
2802 3299 3052 3355 dixerim.
3105 3303 3236 3359 Nam
3265 3305 3311 3359 si
3343 3316 3562 3377 propter

1988 3381 2132 3436 illam
2151 3393 2206 3438 et
2222 3393 2427 3454 patrem
2444 3397 2499 3439 et
2514 3397 2739 3442 matrem
2762 3389 3067 3460 relinquere
3081 3393 3213 3462 iussi
3227 3411 3431 3463 sumus,
3452 3413 3559 3452 non

1989 3472 2093 3527 illis
2119 3474 2363 3544 iniuriam
2383 3476 2661 3545 facientes,
2686 3480 2779 3535 sed
2804 3480 3037 3537 divinam
3062 3485 3231 3555 legem
3256 3488 3557 3558 implentes,

1989 3564 2118 3633 ipsis
2158 3568 2467 3634 parentibus
2506 3570 2641 3624 adeo
2686 3571 3131 3642 desiderabilem,
3160 3587 3218 3631 ut
3247 3588 3301 3633 et
3340 3580 3441 3648 ipsi
3470 3584 3560 3650 qui

1990 3657 2365 3726 relinquuntur
2404 3661 2627 3729 gratiam
2676 3662 2940 3729 habeant,
2973 3677 3027 3720 et
3067 3667 3170 3721 hoc
3216 3684 3337 3724 cum
3387 3672 3562 3726 studio

1986 3766 2181 3821 magno
2214 3752 2485 3808 efliciant:
2559 3756 2828 3824 quomodo
2857 3773 2965 3813 non
2994 3771 3247 3817 extremae
3275 3764 3561 3821 dementiae

1989 3845 2165 3908 fuerit,
2187 3860 2303 3900 eam
2321 3849 2641 3903 contumelia
2655 3850 2893 3917 allicere,
2916 3864 3294 3925 propterquam
3311 3870 3559 3927 parentes

1992 3936 2138 3991 Deus
2156 3937 2316 4006 jussit
2359 3938 2665 3994 dimittere?
2695 3957 2820 3996 num
2852 3943 2953 3998 hoc
2998 3945 3200 4001 insania
3232 3949 3402 4002 solum
3441 3953 3559 4004 est?

1986 4029 2228 4085 Dedecus
2257 4040 2313 4086 et
2337 4031 2681 4100 ignominiam
2706 4043 2883 4090 autem
2913 4036 3216 4106 huiusmodi
3241 4041 3361 4109 quis
3388 4042 3558 4096 ferat?

1984 4124 2102 4194 quis
2130 4138 2307 4178 sermo
2336 4128 2502 4194 possit
2531 4142 2649 4181 eam
2679 4128 2971 4198 explicare,
3000 4136 3215 4201 quando
3245 4133 3476 4188 ululatus
3505 4144 3560 4190 et

1984 4219 2212 4287 gemitus
2245 4234 2341 4286 per
2384 4221 2615 4288 compita
2665 4220 2908 4276 feruntur
2930 4263 2946 4287 ,
2985 4231 3042 4276 et
3069 4238 3363 4278 concursus
3392 4236 3473 4278 est
3503 4226 3557 4279 in

1985 4309 2200 4364 domum
2246 4309 2398 4377 eius,
2442 4313 2530 4378 qui
2574 4321 2680 4365 tam
2733 4311 2990 4367 indecore
3038 4328 3099 4367 se
3142 4316 3279 4383 gerit
3325 4324 3379 4368 et
3419 4316 3556 4369 vici-

1987 4415 2173 4454 norum
2204 4409 2259 4455 et
2286 4403 2719 4469 prwtereuntium
2741 4443 2757 4467 ,
2803 4418 2866 4457 ac
2898 4403 2943 4456 si
2990 4403 3101 4457 fera
3142 4407 3405 4473 qua‘piam
3436 4423 3556 4476 qua:

1984 4493 2126 4547 intus
2152 4502 2277 4546 Sunt
2308 4492 2585 4547 labefactet
2618 4503 2670 4547 et
2698 4495 2921 4563 perdat?
2947 4494 3244 4565 Optahilius
3271 4508 3413 4552 esset
3442 4508 3555 4553 ler-

1985 4600 2098 4638 ram
2126 4583 2402 4638 dehiscere
2432 4586 2477 4638 ei
2510 4584 2598 4654 qui
2647 4596 2752 4638 tam
2786 4585 2985 4641 furiose
3010 4601 3066 4641 se
3092 4595 3278 4657 gerat,
3313 4605 3469 4659 quam
3499 4602 3557 4646 ut

1986 4687 2169 4747 postea
2198 4679 2247 4731 in
2276 4679 2392 4731 foro
2413 4687 2688 4748 appareat.
2719 4677 2821 4732 Sed
2852 4679 3072 4747 mulier,
3105 4680 3343 4750 inquiet,
3378 4682 3553 4738 audax

1983 4777 2037 4822 ct
2079 4784 2265 4837 aspera
2298 4780 2397 4823 est.
2449 4769 2554 4823 Sed
2587 4770 2757 4838 c0gita
2792 4770 2935 4823 illam
2966 4786 3086 4826 esse
3117 4774 3429 4838 mulierem,
3460 4792 3555 4828 vas

1983 4861 2271 4927 infirmum,
2304 4872 2353 4916 te
2380 4873 2556 4916 autem
2584 4864 2775 4916 virum.
2806 4863 3102 4933 Propterea
3131 4867 3273 4920 enim
3303 4847 3554 4938 princeps

1982 4955 2301 5010 constitutus
2330 4971 2388 5008 es
2409 4994 2424 5019 ,
2464 4964 2518 5008 et
2564 4955 2730 5008 instar
2756 4956 2951 5025 capitis
2980 4956 3135 5012 datus
3179 4973 3271 5026 es,
3321 4972 3374 5013 ut
3407 4960 3544 5014 feras

1984 5047 2098 5116 eius
2158 5061 2276 5115 qua:
2308 5046 2399 5099 tibi
2429 5061 2614 5114 parere
2652 5046 2811 5109 debet
2852 5047 3291 5102 imbecillitatem.
3321 5048 3425 5104 Fac
3455 5051 3545 5103 itan

1980 5155 2085 5211 que
2113 5149 2170 5194 ut
2213 5140 2495 5208 imperium
2536 5148 2680 5192 tuum
2709 5140 2776 5193 sit
2798 5139 3174 5207 splendidum:
3207 5140 3541 5208 splendidum

1980 5242 2156 5288 autem
2180 5233 2282 5287 erit
2303 5272 2317 5296 ,
2343 5247 2464 5285 cum
2487 5246 2604 5285 eam
2632 5231 2714 5283 cui
2741 5231 2972 5300 imperas
2997 5247 3101 5285 non
3132 5231 3395 5288 dedecore
3421 5234 3543 5289 alle-

1982 5326 2140 5381 ceris.
2173 5326 2249 5379 Ac
2272 5325 2409 5377 sicut
2435 5324 2479 5376 is
2527 5321 2618 5390 qui
2646 5332 2831 5391 regnat
2876 5330 3001 5376 tunc
3049 5325 3355 5393 praeclarior
3383 5342 3543 5395 appa-

1980 5420 2151 5481 rebit,
2182 5433 2301 5471 cum
2330 5417 2427 5470 sibi
2462 5414 2768 5469 inferiorem
2818 5415 3121 5485 praefectum
3151 5419 3541 5485 prmclariorem

1980 5510 2304 5573 reddiderit;
2334 5508 2378 5560 si
2406 5519 2580 5561 autem
2610 5505 2733 5560 illud
2759 5516 2958 5560 tantum
2987 5524 3178 5561 munus
3204 5508 3467 5561 dedecore
3493 5520 3544 5562 et

1980 5601 2266 5672 ignominia
2290 5597 2547 5661 allecerit,
2569 5605 2696 5651 tunc
2725 5614 2751 5648 a
2785 5598 2955 5666 gloria
2981 5613 3075 5652 sua
3105 5615 3209 5652 non
3235 5613 3417 5665 parum
3442 5598 3539 5649 de-

1980 5694 2176 5746 mitur:
2209 5691 2285 5744 sic
2315 5699 2368 5744 et
2409 5698 2494 5757 tu,
2525 5689 2568 5741 si
2600 5703 2717 5742 eam
2745 5703 2861 5757 qua:
2890 5697 3014 5757 post
3041 5697 3093 5741 te
3123 5689 3344 5754 imperat
3373 5685 3535 5738 dede-

1982 5803 2105 5843 core
2147 5786 2416 5853 affeccris,
2445 5800 2550 5841 non
2583 5782 2684 5839 levi
2712 5782 2906 5837 damno
2944 5779 3190 5834 alleceris
3219 5776 3542 5848 principatus
