3990 6168
484 264 592 321 2‘25

491 389 566 442 tui
619 386 900 444 honorem.
952 388 1079 444 Haec
1129 388 1288 460 igitur
1333 388 1512 444 omnia
1558 399 1730 445 tecum
1772 397 2062 458 reputans,

495 489 859 548 temperanter
883 495 1013 550 age,
1045 489 1244 535 etcum
1274 479 1356 535 his
1385 479 1546 535 etiam
1588 493 1864 550 vesperam
1911 479 2058 532 illam

490 571 695 639 cogita,
721 585 821 640 qua
853 579 904 625 te
931 570 1194 626 advocato
1225 580 1374 640 pater
1404 571 1564 625 tiliam
1595 585 1743 625 suam
1772 568 1923 640 quasi
1965 568 2059 622 de-

493 663 723 731 positum
770 661 1036 731 quoddam
1070 662 1286 717 tradidit
1306 705 1319 725 .
1353 673 1403 716 et
1435 663 1576 716 illam
1607 661 1675 716 ab
1701 661 1948 714 omnibus
1975 674 2059 713 se-

491 768 688 822 paratis
711 795 727 819 ,
773 769 801 806 a
843 763 1010 808 matre
1031 795 1046 820 ,
1079 754 1145 810 ab
1187 769 1279 820 se,
1308 770 1336 807 a
1367 753 1527 808 domo
1551 795 1567 820 ,
1598 763 1760 807 totam
1793 751 1884 805 tibi
1917 750 2059 804 illius

489 857 674 898 curam
719 844 938 899 dextera
981 861 1076 900 sua
1121 845 1378 900 tradidit:
1426 848 1598 911 cogita
1631 854 1680 898 te
1717 844 1783 898 ab
1823 842 1910 896 illa
1945 849 2060 910 post

493 937 657 992 Deum
689 937 828 993 ﬁlios
854 940 1154 1010 suscepisse
1174 980 1187 1003 ,
1216 947 1272 994 et
1301 948 1502 1010 patrem
1548 937 1792 992 eii‘cctum
1821 948 1940 988 esse
1959 974 1972 998 ,
2007 940 2059 986 et

491 1029 616 1084 inde
641 1045 766 1100 erga
796 1029 935 1084 illam
965 1031 1105 1084 mitis
1131 1040 1266 1084 esto.

562 1123 618 1179 8.
649 1123 764 1178 Non
799 1123 950 1178 vides
976 1122 1235 1193 agricolas
1255 1165 1268 1187 ,
1295 1121 1565 1193 quomodo
1605 1130 1803 1176 terram
1835 1135 1950 1190 quae
1978 1133 2063 1172 se-

494 1215 602 1271 mel
641 1217 844 1271 semina
888 1217 1134 1286 excepit,
1168 1217 1344 1271 colant
1391 1215 1534 1269 oomi
1577 1215 1799 1269 cultura:
1826 1227 2058 1283 genere,

492 1309 703 1363 etiamsi
746 1309 1022 1364 innumera
1071 1308 1266 1363 habeat
1308 1308 1680 1373 incommoda,
1737 1306 1946 1363 etiamsi
1988 1306 2060 1358 sit

493 1401 642 1455 arida
663 1441 679 1466 ,
709 1401 752 1454 si
781 1403 944 1454 malas
976 1401 1106 1455 ferat
1135 1401 1358 1465 herbas,
1388 1402 1432 1455 si
1463 1417 1525 1455 ex
1555 1401 1687 1455 situs
1726 1400 1933 1454 ratione
1960 1397 2060 1452 im-

494 1496 678 1552 bribus
717 1493 1038 1547 inundetur?
1068 1493 1179 1548 Hoc
1225 1506 1278 1548 et
1318 1503 1372 1547 tu
1404 1495 1560 1548 facito
1589 1512 1602 1547 :
1645 1496 1716 1547 ita
1746 1494 1886 1548 enim
1921 1492 2065 1561 prior

496 1585 689 1641 frueris
716 1595 770 1640 et
796 1584 1054 1640 iructibus
1085 1593 1139 1639 et
1165 1585 1546 1654 tranquillitate
1573 1603 1586 1638 :
1620 1599 1739 1638 nam
1771 1595 1956 1654 portus
1982 1591 2065 1638 est

498 1692 633 1731 uxor
651 1717 666 1740 ,
694 1686 748 1731 et
777 1677 1118 1745 pbarmacum
1147 1677 1344 1730 laititite
1372 1678 1681 1730 maximum.
1708 1676 1762 1731 Si
1789 1691 1918 1746 ergo
1945 1691 2067 1744 por-

498 1779 610 1824 tum
639 1785 669 1824 a
700 1770 872 1824 ventis
901 1779 953 1824 et
979 1769 1227 1823 ﬂuctibus
1255 1778 1424 1823 tutum
1465 1769 1694 1836 reddas,
1726 1769 1893 1822 multa
1925 1768 2066 1822 frue-

472 1857 573 1918 °ris
598 1863 919 1928 securitate,
947 1877 1069 1917 cum
1097 1877 1126 1915 a
1161 1863 1276 1916 l‘oro
1319 1862 1634 1926 reverteris;
1683 1862 1725 1916 si
1764 1873 1941 1916 autem
1985 1869 2065 1914 tu-

497 1955 669 2011 multu
700 1964 752 2010 et
799 1955 1195 2024 perturbatione
1241 1956 1479 2025 repleas,
1520 1955 1612 2009 tibi
1638 1957 1851 2025 gravius
1893 1953 2068 2023 paries

499 2047 851 2116 naufragium.
884 2046 962 2100 Ne
985 2046 1086 2100 hoc
1115 2061 1241 2116 ergo
1268 2048 1512 2110 eveniat,
1543 2046 1594 2100 id
1620 2046 1759 2115 quod
1788 2045 1906 2101 dico
1933 2045 2024 2099 ﬁat
2049 2061 2062 2096 :

497 2155 620 2195 cum
649 2139 775 2208 quid
809 2138 1093 2192 molestum
1134 2138 1278 2192 domi
1323 2138 1611 2203 acciderit,
1643 2139 1728 2191 illa
1775 2147 2027 2206 peccante
2049 2178 2064 2202 ,

499 2232 779 2288 consolare
811 2231 953 2285 illam
979 2241 1035 2285 et
1067 2247 1133 2285 ne
1159 2232 1400 2284 dolorem
1427 2245 1643 2300 augeas.
1677 2229 1894 2284 Etiamsi
1920 2230 2062 2284 enim

499 2324 679 2378 omnia
699 2323 943 2376 amiseris
961 2365 974 2386 ,
1009 2323 1139 2376 nihil
1163 2325 1364 2376 tristius
1389 2335 1471 2377 est
1496 2338 1654 2394 quam
1680 2323 1821 2378 domi
1850 2340 2067 2380 uxorem

504 2413 737 2479 habere,
780 2429 896 2482 qua:
937 2413 1052 2468 sine
1096 2414 1464 2468 benevolentia
1492 2432 1610 2469 cum
1639 2416 1754 2470 viro
1783 2417 1974 2486 degat:
2016 2427 2069 2472 et

502 2503 874 2573 quodcumque
902 2514 1172 2572 peccatum
1197 2507 1417 2569 dixeris,
1449 2507 1650 2560 nullum
1681 2507 1861 2562 dicere
1898 2509 2070 2578 possis

503 2593 646 2664 quod
691 2595 948 2664 majorem
997 2593 1189 2649 inierat
1217 2596 1491 2663 dolorem,
1530 2613 1688 2667 quant
1733 2614 1854 2654 cum
1899 2615 2070 2656 uxore

505 2685 737 2756 litigare.
774 2687 950 2753 Itaque
980 2699 1198 2758 propter
1227 2692 1338 2743 hinc
1363 2692 1538 2746 omnia
1566 2692 1683 2762 ejus
1711 2693 1925 2748 dilectio
1951 2711 2071 2749 om-

506 2778 650 2832 nium
688 2778 777 2832 tibi
813 2780 1189 2848 pretiosissima
1223 2782 1312 2836 sit.
1345 2783 1475 2838 Nam
1506 2785 1553 2839 si
1595 2795 1805 2855 oportet
1846 2788 2072 2844 alterum

504 2871 727 2926 alterius
756 2887 917 2927 onera
946 2883 1160 2942 portare
1179 2916 1194 2939 ,
1224 2875 1392 2929 multo
1422 2878 1588 2948 magis
1617 2881 1832 2947 uxoris;
1863 2882 2072 2936 etiamsi

508 2980 710 3034 pauper
753 2967 858 3030 sit,
914 2981 982 3021 ne
1046 2967 1096 3020 id
1168 2968 1488 3036 exprobres;
1538 2973 1747 3029 etiamsi
1802 2977 2076 3048 stulta,ne

511 3055 767 3121 insultes,
799 3055 892 3111 sed
917 3057 1092 3126 potius
1119 3058 1260 3112 illam
1285 3061 1566 3118 moderare
1591 3083 1604 3118 :
1637 3081 1756 3120 nam
1781 3069 2074 3125 membrum

510 3157 660 3202 tuum
701 3160 780 3203 est
808 3158 862 3204 et
891 3165 1018 3204 caro
1065 3167 1167 3206 una
1213 3151 1336 3209 facti
1379 3156 1528 3210 estis.
1559 3157 1664 3212 Sed
1703 3163 1911 3229 garrula
1956 3173 2072 3231 est,

511 3239 722 3294 ebriosa
750 3250 804 3294 et
834 3241 1105 3296 iracunda.
1130 3245 1200 3298 At
1241 3247 1406 3316 magis
1435 3260 1718 3319 capropter
1757 3252 1945 3310 dolere
1979 3271 2074 3326 po-

511 3330 639 3396 tius,
662 3347 818 3401 quam
851 3333 1008 3389 irasci
1035 3345 1265 3403 oportet,
1291 3339 1560 3410 Deumque
1584 3358 1770 3413 rogare
1788 3386 1802 3409 ,
1830 3346 2078 3418 illamque

510 3421 728 3476 monitis
765 3431 818 3478 et
855 3425 1082 3480 consilio
1108 3426 1361 3495 adjuvare
1383 3470 1398 3496 ,
1430 3431 1670 3501 nihilque
1703 3451 1806 3490 non
1834 3455 1991 3509 agere
2022 3449 2079 3495 ut

507 3512 694 3568 vitium
721 3524 984 3585 amputcs.
1015 3516 1070 3573 Si
1100 3528 1278 3574 autem
1307 3522 1562 3579 verberes
1594 3535 1650 3581 et
1674 3537 1904 3598 alteras,
1933 3549 2078 3588 mor-

513 3605 612 3660 bus
642 3622 748 3661 non
785 3617 1038 3675 curatur;
1103 3610 1286 3668 feritas
1316 3615 1458 3669 enim
1485 3623 1892 3680 mansuetudine
1915 3627 2076 3681 solvi-

512 3707 597 3751 tur
617 3739 634 3764 ,
675 3715 780 3754 non
812 3702 913 3756 alia
944 3701 1175 3758 feritate.
1227 3707 1358 3761 Cum
1387 3708 1469 3763 his
1498 3722 1551 3766 et
1583 3718 1886 3772 mercedem
1911 3736 1939 3772 a
1971 3721 2080 3777 Deo

509 3797 869 3856 exspectatam
899 3793 1093 3860 c0gita.
1121 3794 1347 3860 Quando
1368 3800 1509 3854 enim
1531 3819 1652 3860 cum
1677 3808 1770 3862 tibi
1795 3810 2080 3868 liceateam

507 3877 863 3945 exscindere,
899 3881 1001 3936 hoc
1048 3898 1152 3938 non
1197 3887 1359 3943 facias
1400 3903 1618 3962 propter
1663 3898 1755 3954 Dei
1797 3902 2038 3958 timorem
2063 3948 2078 3972 ,

509 3967 605 4022 sed
652 3978 728 4024 tot
779 3971 894 4042 ejus
938 3973 1064 4028 vitia
1111 3974 1286 4041 feras,
1320 3992 1562 4040 metuens
1592 3987 1760 4057 legem
1795 3991 1892 4049 hac
1921 3995 1988 4050 de
2024 3967 2083 4053 re

513 4060 737 4128 positam
761 4102 778 4128 ,
811 4079 930 4132 qitze
961 4080 1182 4122 uxorem
1212 4069 1407 4139 ejicere
1438 4075 1718 4142 prohibet;
1751 4097 2082 4157 quocumque

511 4151 722 4208 tandem
745 4159 936 4212 morbo
963 4158 1204 4225 laboret,
1238 4162 1560 4222 ineﬂ'abilem
1603 4174 1904 4230 mercedem
1947 4151 2084 4235 reci-

509 4246 656 4316 pies;
685 4256 740 4302 et
765 4257 889 4304 ante
930 4252 1235 4309 mercedem
1278 4258 1507 4314 maxima
1555 4263 1881 4335 lucraberis,
1912 4271 2078 4342 ipsam

1222 270 1278 327 S.
1312 271 1583 329 JOANNIS
1610 269 2424 328 CHRYSOSTOMI‘AiiClllEP.
2468 270 2992 328 CONSTANTINOP.

3630 277 3736 332 224

2174 385 2266 440 tibi
2279 386 2818 456 obtemperantiorem
2838 386 3086 452 reddens,
3102 394 3259 458 teque
3273 401 3398 459 erga
3415 387 3558 445 illam
3574 407 3730 445 man-

2165 480 2450 533 suetiorem
2479 478 2758 535 exhibens.

2237 568 2746 644 PliiiosOpIiWictum
2774 575 2836 628 de
2859 591 3016 628 uxore
3035 575 3361 630 conviciante.
3387 605 3462 618 —
3479 577 3736 632 Narratur

2165 665 2424 734 quispiam
2475 675 2816 719 externorum
2867 665 3340 735 philosophorum,
3397 669 3486 738 qui
3538 671 3736 724 malam

2168 755 2385 810 haberet
2414 771 2633 809 uxorem
2664 764 2718 809 et
2747 771 3002 826 nugacem
3037 765 3091 810 et
3117 758 3504 813 conviciantem
3527 802 3542 825 ,
3574 761 3739 815 inter-

2168 846 2472 915 rogantibus
2491 887 2506 912 ,
2533 862 2636 916 qua
2664 846 2731 901 de
2751 862 2936 913 causa,
2969 864 3092 902 cum
3122 849 3280 902 talem
3313 850 3557 916 haberet,
3589 852 3736 906 illam

2167 936 2372 1003 ferret,
2404 939 2742 1008 respondisse
2787 954 2846 994 se
2892 940 3040 1009 quasi
3088 941 3424 1011 gymnasium
3475 952 3528 997 et
3578 945 3739 1014 palm»

2168 1041 2331 1084 stram
2366 1029 2714 1099 philosoiihiie
2743 1030 2885 1084 domi
2929 1031 3124 1085 habere
3162 1032 3260 1103 (a).
3295 1033 3400 1086 Ero
3430 1037 3589 1100 enim,
3622 1037 3739 1090 aie-

2171 1123 2295 1187 bat,
2344 1123 2464 1177 aliis
2509 1125 2871 1188 mansuetior,
2921 1125 2970 1178 in
3016 1124 3114 1179 hac
3154 1126 3393 1194 quotidie
3438 1129 3734 1182 institutus.

2171 1215 2354 1286 Magna
2377 1231 2505 1270 voce
2527 1215 2900 1270 exclamastis?
2920 1216 3021 1272 Sed
3045 1231 3145 1286 ego
3169 1217 3323 1272 valde
3345 1235 3481 1274 nunc
3500 1221 3736 1290 ingenio,

2168 1325 2286 1364 cum
2315 1309 2521 1362 videam
2552 1307 2766 1363 Graicos
2812 1309 2978 1378 magis
3029 1309 3376 1380 philosophos
3417 1327 3534 1366 esse
3575 1328 3742 1382 quam

2170 1417 2296 1463 nos,
2328 1401 2417 1470 qni
2443 1401 2691 1470 jubcnmr
2730 1402 2946 1470 angelos
2975 1401 3167 1457 imitari
3192 1419 3206 1466 ;
3239 1403 3348 1458 imo
3375 1405 3464 1473 qui
3491 1404 3740 1473 iubemur

2172 1494 2340 1559 ipsum
2369 1492 2604 1546 :L'inulari
2640 1492 2800 1546 Deum
2833 1493 2882 1546 in
2911 1495 3331 1550 mansuetudinis
3357 1499 3585 1552 ratione.
3614 1497 3740 1552 Plii-

2174 1585 2432 1655 losophus
2471 1601 2598 1655 ergo
2629 1585 2714 1639 ille
2744 1586 2936 1640 dicitur
2969 1587 3089 1641 ideo
3119 1589 3310 1642 malam
3342 1590 3484 1644 illam
3513 1606 3740 1645 uxorein

2173 1693 2276 1730 non
2307 1677 2528 1745 eiecisse
2554 1693 2565 1727 :
2599 1677 2811 1744 quidam
2836 1687 3014 1731 autem
3041 1679 3224 1732 dicunt
3250 1680 3420 1748 ipsum
3453 1680 3574 1736 ideo
3600 1682 3742 1735 illam

2171 1767 2406 1822 dnxiSse.
2437 1767 2546 1835 Ego
2575 1783 2702 1822 vero
2731 1771 2852 1837 quia
2895 1770 3045 1823 multi
3086 1770 3328 1826 homines
3357 1782 3545 1827 contra
3585 1790 3742 1844 quam

2173 1861 2307 1914 ratio
2333 1858 2470 1914 ferat
2498 1859 2672 1913 allecti
2702 1869 2859 1926 sunt,
2891 1860 3080 1915 hortor
3108 1872 3161 1916 ut
3183 1863 3250 1917 ab
3281 1863 3430 1918 initio
3458 1865 3593 1919 nihil
3636 1881 3740 1918 non

2173 1963 2330 2023 agant
2356 1953 2450 2006 viri
2478 1994 2492 2015 ,
2522 1962 2578 2005 nt
2609 1954 2742 2007 bene
2773 1962 3030 2008 moratam
3063 1955 3262 2010 ducant
3291 1973 3513 2011 uxorem
3544 1968 3600 2012 et
3628 1975 3745 2010 oni-

2175 2045 2225 2098 oi
2258 2044 2465 2112 plenam
2513 2045 2745 2098 virtute:
2775 2045 2819 2098 si
2863 2060 2992 2100 vero
3017 2047 3294 2116 contigerit
3327 2057 3382 2100 ut
3406 2064 3434 2102 a
3470 2050 3746 2118 proposito

2173 2136 2454 2198 aberrent,
2488 2149 2550 2188 ac
2582 2150 2679 2189 nec
2707 2135 2897 2189 bonam
2929 2153 3027 2192 nec
3057 2138 3384 2192 tolerabilem
3410 2155 3663 2208 sponsam
3695 2142 3743 2194 in

2175 2226 2390 2280 domum
2420 2225 2758 2291 induxerint;
2789 2237 2916 2282 tunc
2944 2227 3322 2296 philosophum
3349 2231 3494 2284 illum
3527 2231 3741 2285 imiten—

2177 2329 2279 2382 tur,
2306 2327 2360 2372 et
2402 2317 2483 2370 bis
2514 2317 2639 2370 nihil
2700 2317 2972 2386 adjiciam.
3019 2319 3148 2372 Nam
3176 2329 3440 2375 mercator
3465 2333 3746 2390 antequam

2176 2425 2296 2464 cum
2319 2412 2464 2462 socio
2493 2418 2641 2476 pacta
2669 2410 2830 2473 ineat,
2849 2425 2967 2479 quae
2988 2411 3197 2480 possint
3220 2426 3404 2481 pacem
3431 2413 3746 2479 conciliare,

2177 2516 2282 2554 non
2317 2501 2460 2569 prius
2502 2501 2676 2553 navim
2704 2501 2754 2553 in
2786 2516 2933 2554 mare
2965 2501 3173 2565 trahet,
3205 2518 3377 2571 neque
3402 2503 3563 2557 aliam
3595 2505 3750 2559 attin-

2176 2603 2264 2662 get
2287 2593 2719 2662 negotiationem.
2767 2592 2832 2646 Et
2861 2608 2959 2648 nos
2988 2595 3166 2663 itaque
3196 2594 3329 2647 nihil
3359 2609 3462 2648 non
3494 2610 3748 2664 agamus,

2180 2695 2232 2738 ut
2263 2684 2640 2752 negotiationis
2667 2693 2862 2739 nostrae
2889 2687 3086 2741 sociam
3113 2687 3163 2740 in
3195 2687 3292 2741 hac
3323 2688 3445 2741 navi
3475 2702 3598 2742 cum
3634 2704 3750 2743 om-

2180 2778 2233 2832 ni
2258 2793 2386 2848 pace
2417 2778 2556 2830 intus
2584 2788 2879 2833 teneamus.
2907 2777 2978 2832 lta
3000 2779 3140 2833 enim
3172 2787 3226 2834 et
3254 2779 3357 2833 alia
3383 2780 3565 2836 omnia
3596 2781 3750 2836 nobis

2180 2870 2458 2940 tranquilla
2490 2879 2682 2934 erunt,
2714 2879 2770 2926 et
2822 2885 2943 2926 cum
2992 2871 3279 2926 securitate
3307 2873 3429 2928 vita:
3471 2876 3759 2944 przcsentis

2181 2963 2396 3034 pelagus
2424 2961 2770 3032 trajiciemus.
2796 2963 2908 3018 Hoc
2947 2963 3117 3034 pluris
3147 2963 3402 3019 faciamus
3421 3006 3436 3029 ,
3467 2981 3629 3036 quam
3660 2967 3754 3021 do-

2181 3069 2348 3120 mum,
2371 3055 2631 3125 mancipia
2654 3095 2668 3118 ,
2696 3055 2966 3124 pecunias,
2996 3070 3154 3124 agros
3175 3065 3228 3111 et
3253 3055 3394 3126 ipsas
3426 3072 3515 3112 res
3543 3059 3754 3115 civiles.

2184 3145 2343 3216 quue
2378 3148 2607 3201 maxime
2654 3148 2892 3202 omnium
2925 3150 2978 3202 in
3022 3151 3193 3218 pretio
3224 3149 3548 3216 habeamus,
3579 3164 3638 3208 ut
3666 3155 3760 3209 illa

2182 3253 2302 3308 qua:
2339 3237 2618 3293 nobiscum
2669 3240 2719 3292 in
2765 3239 2968 3294 milibus
3023 3240 3255 3307 residet,
3313 3257 3416 3296 non
3468 3246 3753 3298 tumultum

2185 3339 2432 3394 moveat,
2467 3345 2598 3384 neve
2624 3346 2652 3383 a
2685 3332 2837 3385 nobis
2883 3331 3154 3387 dissideat.
3186 3333 3260 3387 lta
3304 3335 3447 3388 enim
3477 3347 3533 3389 et
3559 3345 3766 3394 cattera.

2185 3420 2339 3474 nobis
2387 3421 2623 3476 secundo
2667 3438 2830 3476 cursu
2877 3426 3130 3491 venient,
3179 3435 3232 3479 et
3278 3427 3330 3480 in
3383 3427 3758 3496 spiritualibus

2185 3512 2406 3565 multam
2440 3512 2752 3568 habebimus
2778 3513 3113 3582 facilitatem,
3142 3517 3243 3572 hoc
3265 3518 3448 3587 jngum
3475 3535 3600 3574 cum
3625 3535 3753 3575 con-

2185 3603 2364 3657 cordia
2390 3603 2697 3670 trahentes;
2739 3608 3090 3677 omnibusque
3134 3609 3302 3678 probe
3326 3611 3496 3679 gestis
3523 3614 3754 3683 reposita

2185 3708 2572 3763 consequemur
2606 3695 2744 3750 bona
2777 3714 2790 3751 :
2822 3713 2941 3767 qua:
2968 3713 3068 3752 nos
3093 3715 3282 3755 omnes
3307 3703 3522 3772 assequi
3547 3704 3756 3758 contin-

2185 3795 2275 3853 gat
2293 3826 2309 3851 ,
2332 3788 2497 3855 gratia
2516 3797 2568 3841 et
2594 3787 2916 3857 benignitate
2938 3791 3144 3846 Domini
3173 3793 3341 3847 nostri
3365 3793 3497 3850 Jesu
3519 3795 3721 3850 Christi
3739 3839 3754 3860 .

2187 3877 2399 3944 quicum
2429 3875 2569 3930 Patri
2621 3894 2830 3948 unaque
2859 3879 3077 3950 Spiritui
3127 3892 3313 3938 sancto
3350 3885 3523 3954 gloria
3545 3927 3562 3952 ,
3592 3887 3760 3956 impe-

2188 3968 2356 4030 rium,
2385 3965 2592 4036 honor,
2625 3985 2767 4026 nunc
2792 3981 2846 4026 et
2871 3987 3084 4044 semper
3103 4015 3119 4039 ,
3146 3986 3201 4031 et
3221 3975 3275 4030 in
3305 3977 3504 4032 saecula
3532 3981 3758 4035 saeculo—

2189 4072 2328 4111 rum.
2366 4061 2555 4114 Amen.

2255 4170 2327 4240 (τι)
2354 4173 2436 4222 Hic
2456 4172 2520 4222 de
2535 4181 2755 4242 accrate,
2782 4179 2831 4226 ni
2853 4176 3009 4240 fallor,
3031 4181 3150 4242 agit,
3177 4184 3260 4242 qui
3278 4182 3626 4242 frequentibus
3645 4186 3776 4242 Xan-

2408 4232 2766 4347 “rgiis
2783 4232 3158 4293 ex'L’l‘cila'ha't’ur'.
3184 4232 3312 4296 Vide
3332 4232 3769 4307 oiogéuéuiﬁéi-

507 4373 3767 4449 Nm

1809 4482 2154 4552 HOMILIA
2197 4493 2458 4562 XXVII.

507 4597 638 4656 CAP.
663 4601 750 4656 11.
778 4619 830 4657 v.
861 4605 946 4660 17.
981 4605 1092 4662 Hoc
1119 4619 1285 4665 autem
1312 4616 1628 4685 prwcipiens,
1656 4638 1756 4676 non
1781 4624 1932 4682 laudo
1951 4632 2087 4700 quod

687 4709 790 4746 non
818 4696 871 4749 in
901 4698 1079 4753 melius
1098 4743 1112 4766 ,
1142 4705 1230 4756 sed
1262 4705 1313 4758 in
1343 4705 1558 4763 deterius
1584 4718 1906 4772 conveniatis.

584 4783 634 4836 1.
665 4782 894 4841 Necesse
929 4799 1012 4843 est
1039 4795 1196 4847 etiam
1238 4801 1515 4864 priesentis
1540 4804 1779 4861 criminis
1807 4825 1901 4866 seu
1929 4827 2087 4869 accn-

509 4875 735 4930 sationis
767 4880 912 4947 prius
941 4895 1154 4938 causam
1194 4886 1372 4944 dicere
1403 4909 1416 4946 :
1449 4892 1518 4947 ita
1547 4897 1688 4952 enim
1717 4915 1837 4970 qua:
1863 4903 2085 4962 dicenda

509 4974 635 5022 sunt
653 4966 860 5024 facilius
879 4971 1201 5031 ediscentur.
1227 4979 1476 5047 Quaenam
1498 5002 1624 5057 ergo
1645 4966 1874 5048 illa—est?
1897 4994 2086 5062 Quem-

508 5057 793 5118 admodum
827 5066 924 5120 tria
953 5068 1040 5123 illa
1070 5071 1231 5126 millia
1253 5115 1266 5136 .
1299 5091 1418 5146 qua:
1449 5079 1599 5135 initio
1627 5057 1962 5143 crediderant
1983 5133 1998 5156 ,
2031 5091 2082 5146 in

511 5156 775 5209 communi
823 5173 1007 5215 mensa
1049 5163 1432 5234 comedebant,
1474 5180 1526 5224 et
1565 5178 1864 5232 communia
1907 5182 2082 5237 omnia

513 5243 852 5341 possidebant
881 5267 894 5302 :
922 5250 999 5305 sic
1025 5254 1181 5308 etiam
1212 5255 1324 5312 ﬁeri
1352 5260 1557 5316 solebat
1581 5279 1700 5318 cum
1731 5266 1843 5324 haec
1871 5273 2085 5341 scripsit

510 5331 829 5431 Apostolus;
861 5347 1033 5395 atnon
1058 5359 1180 5398 cum
1206 5355 1348 5402 tanta
1374 5355 1731 5422 accuratione,
1756 5359 1846 5412 sed
1871 5331 2083 5431 quidam

513 5421 672 5476 veluti
700 5422 880 5481 ﬂuxus
901 5429 1040 5485 illius
1066 5435 1221 5502 prisci
1247 5443 1500 5496 consortii
1532 5421 1786 5502 remansit
1810 5458 1866 5504 et
1889 5421 1957 5505 ad
1987 5468 2082 5522 po-

509 5522 689 5613 cteros
709 5514 1000 5575 descendit.
1032 5524 1163 5590 Quia
1193 5542 1320 5583 vero
1348 5533 1686 5604 contingebat
1713 5539 1848 5595 alios
1883 5514 2083 5613 paupe-

511 5620 616 5706 res,
639 5606 774 5664 alios
797 5609 988 5670 divites
1013 5629 1149 5682 esse,
1173 5634 1268 5674 sua
1293 5623 1469 5677 omnia
1497 5641 1600 5681 non
1627 5629 1679 5684 in
1707 5606 1936 5689 medium
1963 5606 2086 5706 pro—

512 5693 786 5772 terebant;
814 5717 1123 5766 communes
1149 5719 1326 5770 autem
1347 5719 1669 5787 apparabant
1694 5738 1904 5781 mensas
1929 5693 2080 5785 statis

2189 4637 2403 4704 diebus,
2436 4643 2509 4696 uti
2544 4662 2637 4714 par
2665 4657 2813 4714 erat,
2841 4659 2895 4706 et
2921 4665 3129 4721 peracta
3159 4658 3344 4728 synaxi
3364 4699 3378 4720 ,
3412 4669 3532 4728 post
3563 4672 3774 4733 myste-

2189 4739 2388 4785 riorum
2415 4739 2843 4796 communionem
2870 4743 2922 4796 in
2947 4759 3229 4803 commune
3253 4764 3440 4806 omnes
3461 4755 3769 4808 convivium

2190 4823 2488 4914 veniebant,
2519 4826 2769 4885 divitibus
2798 4833 2945 4888 cibos
2971 4850 3096 4891 suos
3125 4838 3490 4905 aﬂerentibus,
3521 4845 3772 4914 pauperi-

2192 4911 2288 4966 bus
2316 4924 2490 4970 autem
2522 4927 2576 4973 et
2602 4919 2732 4976 nihil
2759 4923 3075 4982 habentibus
3101 4929 3168 4984 ab
3198 4931 3327 4999 ipsis
3355 4932 3608 4988 divitibus
3628 4911 3771 4988 invi-

2190 5005 2344 5070 tatis,
2381 5010 2731 5082 omnibusque
2772 5015 2928 5070 simul
2969 5021 3396 5078 convivantibus.
3436 5023 3544 5079 Sed
3579 5036 3770 5096 postea

2191 5093 2275 5150 hic
2301 5112 2416 5152 mos
2443 5101 2724 5159 obsolevit.
2749 5106 2916 5161 Causa
2943 5120 3118 5164 autem
3148 5113 3262 5180 fuit,
3289 5115 3429 5184 quod
3453 5093 3646 5171 divulsi
3677 5133 3773 5172 es-

2189 5196 2328 5252 sent,
2357 5204 2420 5244 ac
2449 5206 2566 5245 sese
2595 5194 2957 5254 adscriberent
2981 5202 3067 5256 alii
3097 5203 3196 5269 his,
3228 5205 3318 5260 alii
3347 5207 3470 5274 illis,
3499 5208 3774 5264 dicerent-

2189 5293 2325 5346 que,
2355 5279 2464 5350 Ego
2493 5297 2608 5338 sum
2649 5285 2803 5352 hujus
2823 5331 2836 5349 .
2869 5307 2968 5361 ego
3000 5294 3138 5348 illius
3158 5292 3343 5366 ;'qnod
3373 5301 3649 5371 corrigens
3679 5301 3776 5357 ille

2190 5369 2339 5464 initio
2361 5377 2597 5442 cpistola:
2623 5377 2831 5436 diccbat
2857 5402 2869 5437 :
2903 5384 3258 5457 Signiﬁcatmn
3283 5401 3356 5445 est
3385 5369 3540 5458 mihi,
3557 5398 3773 5464 fratres.

2189 5460 2251 5513 de
2276 5462 2410 5516 vobis
2434 5464 2494 5516 ab
2522 5467 2584 5520 iis
2607 5470 2694 5540 qui
2717 5483 2834 5526 sunt
2862 5475 3061 5544 Cliloes,
3092 5481 3209 5548 quia
3234 5460 3574 5538 contentiones
3599 5485 3654 5537 in
3683 5502 3775 5539 vo-

2187 5550 2262 5605 bis
2297 5565 2431 5608 sunt.
2471 5556 2580 5611 Hoc
2613 5549 2780 5616 autem
2814 5565 2961 5633 dico,
3003 5571 3137 5638 quod
3176 5574 3512 5643 unusquisque
3550 5586 3778 5630 rastrum

2187 5645 2319 5698 dicat
2343 5661 2361 5700 :
2391 5646 2498 5719 Ego
2532 5653 2728 5718 quidem
2763 5672 2872 5710 sum
2905 5658 3090 5726 Pauli,
3117 5679 3206 5734 ego
3230 5675 3397 5718 autem
3427 5667 3613 5730 Apulia
3632 5708 3647 5732 ,
3679 5685 3781 5738 ego

2187 5752 2298 5793 tero
2337 5739 2518 5810 Cap/ia:
2545 5744 2628 5815 (1.
2659 5745 2774 5805 Cor.
2811 5750 2858 5804 1.
2892 5752 2976 5808 11.
3020 5753 3142 5827 12).
3183 5755 3296 5812 Non
3325 5756 3468 5827 quod
3510 5758 3679 5816 Paulo
3711 5775 3779 5818 se
