3990 6168
298 362 410 422 923

302 484 527 536 ἅπαντα
556 475 841 548 σωφρόνει,
863 473 953 528 καὶ
983 473 1120 543 μετά
1146 471 1348 525 τούτων
1375 474 1467 526 καὶ
1498 472 1597 542 τήν
1629 471 1867 540 ἑσπέραν

308 561 530 630 ἐκείνην
555 560 748 625 ἐννόει,
776 558 893 611 καθ’
920 558 986 627 ήν
1012 556 1249 619 καλέσας
1280 573 1340 609 σε
1388 557 1417 609 ό
1456 557 1652 624 πατὴρ,
1682 552 1870 622 ὥσπερ

304 643 434 698 τινά
479 660 565 696 σοι
608 638 1065 713 παρακαταθήκην
1102 640 1201 710 τήν
1248 638 1523 710 θυγατέρά
1566 637 1867 709 παρέδωκε,

310 727 408 781 καὶ
450 726 669 778 πάντων
700 723 1027 792 ἀποστήσας,
1077 723 1172 776 καὶ
1201 722 1405 791 μητρὸς
1446 721 1539 773 καὶ
1571 719 1737 774 αὐτοῦ
1778 719 1871 772 καὶ

313 808 517 871 οἰκίας,
552 807 837 876 ὁλόκληρον
887 805 1058 875 αὐτῆς
1106 805 1203 873 τὴν
1235 804 1535 872 ἐπιτροπὴν
1578 802 1872 871 ἐνεχείρισέ

319 910 413 944 σου
438 893 503 962 τῇ
549 888 724 960 δεξιᾷ·
756 887 1007 957 ἐννόησον
1033 888 1115 939 ὅτι
1144 887 1283 956 μετά
1316 886 1409 938 τὸν
1450 886 1581 938 Θεὸν
1609 885 1676 938 δι’
1703 884 1872 953 αὐτῆς

317 972 465 1045 [259]
499 972 690 1033 παῖδας
717 969 863 1040 ἔχεις
909 971 1003 1023 καὶ
1050 968 1232 1039 πατὴρ
1279 969 1527 1037 γέγονας,
1584 968 1679 1021 καὶ
1722 967 1870 1035 γίνου

315 1056 407 1111 καὶ
427 1046 670 1109 ἐντεῦθεν
694 1054 905 1124 ήμερος
934 1051 1068 1123 πρὸς
1096 1053 1284 1124 αὐτήν.

377 1201 448 1267 η’.
465 1195 578 1265 Οὐχ
592 1195 725 1266 δρᾷς
746 1195 872 1257 τούς
886 1195 1182 1264 γεωργοὺς,
1201 1191 1315 1256 πῶς
1332 1191 1430 1262 τὴν
1448 1190 1594 1255 άπαξ
1609 1188 1870 1253 ὑποδεξα-

312 1284 477 1354 μένην
498 1282 567 1336 τὰ
591 1282 885 1353 σπέρματα
912 1283 1017 1354 γῆν
1046 1282 1400 1353 θεραπεύουσι
1430 1278 1754 1349 παντοδαπῷ
1781 1278 1871 1331 θε-

312 1368 543 1441 ραπείας
582 1368 790 1437 τρόπῳ,
832 1368 938 1421 κᾶν
991 1367 1155 1437 μυρία
1200 1365 1554 1435 ἐλαττώματα
1596 1363 1717 1435 ἔχῃ,
1761 1358 1872 1416 οἷον

310 1450 413 1505 κάν
444 1450 763 1522 λυπρόγεως
781 1461 805 1490 ι
832 1447 889 1521 ᾗ,
918 1448 1019 1502 κᾶν
1052 1448 1274 1519 βοτάνας
1301 1449 1444 1521 φέρῃ
1471 1447 1731 1516 πονηρὰς,
1765 1444 1872 1498 κᾶν

313 1533 422 1586 ὐπὸ
468 1531 773 1603 ἐπομϐρίας
817 1533 1182 1603 ἐπηρεάζηται
1214 1535 1281 1603 τῇ
1313 1532 1472 1600 φύσει
1514 1531 1613 1598 τῆς
1636 1528 1870 1592 θέσεωςς

314 1616 488 1668 Τοῦτο
515 1618 611 1668 καὶ
636 1616 699 1669 σύ
722 1617 883 1670 ποίει·
906 1616 1046 1670 οὓτω
1065 1615 1172 1687 γάρ
1199 1615 1459 1685 πρότερος
1480 1611 1757 1683 ἀπολαύσῃ
1781 1619 1878 1669 καὶ

315 1699 427 1750 τῶν
455 1692 685 1768 καρπῶν
718 1701 813 1751 καὶ
842 1698 938 1767 τῆς
965 1698 1200 1767 γαλήνης
1218 1714 1231 1726 ·
1266 1697 1361 1751 καὶ
1392 1696 1502 1766 γὰρ
1525 1696 1690 1768 λιμήν
1733 1699 1877 1752 ἐστιν

317 1785 356 1851 ἡ
386 1783 548 1852 γυνὴ,
593 1782 686 1835 καὶ
719 1782 1007 1852 φάρμακον
1034 1781 1291 1851 εὐθυμίας
1340 1782 1612 1850 μέγιστον,
1660 1784 1755 1835 Ἂν
1785 1783 1880 1853 μὲν

320 1862 415 1919 οὖν
446 1864 539 1918 τὸν
562 1864 755 1933 λιμένα
783 1864 1104 1934 πνευμάτων
1134 1863 1451 1939 ἀπαλλάξῃς
1477 1867 1569 1919 καὶ
1601 1867 1875 1935 κυμάτων,

320 1946 526 2016 πολλῆς
549 1944 830 2018 ἀπολαύσῃ
860 1947 960 2016 τῆς
983 1946 1164 2004 ἀδείας
1186 1946 1249 2012 ἐξ
1279 1947 1482 2019 ἀγορᾶς
1512 1947 1702 2002 ἀνιὼψ
1729 1947 1795 2000 ἂν
1821 1946 1878 1998 δὲ

314 2030 563 2100 θορύϐων
585 2029 679 2082 καὶ
701 2029 944 2099 ταραχῆς
964 2028 1271 2103 ἑμπλήσῃς,
1298 2030 1476 2102 σαυτῷ
1504 2030 1878 2101 χαλεπώτερον

313 2110 749 2179 κατασκευάζεις
783 2111 852 2167 τί,
882 2114 1156 2182 ναυάγιον.
1196 2113 1292 2167 Ἷν’
1321 2110 1413 2167 οὖν
1439 2114 1595 2166 τοῦτο
1629 2112 1702 2184 μή
1728 2113 1880 2183 γίνη-

311 2214 430 2265 ται,
474 2194 634 2253 τοῦτο
659 2199 688 2251 δ
715 2198 860 2266 λέγω
884 2198 1122 2266 γενέσθω
1140 2214 1154 2228 ο
1180 2198 1308 2251 ὅταν
1334 2214 1386 2251 τι
1413 2196 1593 2267 συμϐῇ
1633 2198 1879 2269 λυπηρὸν

314 2282 464 2337 κατὰ
500 2281 600 2353 τὴν
629 2282 822 2345 οίκίαν,
857 2280 1074 2351 ἐκείνης
1114 2279 1479 2351 ἁμαρτούσης,
1529 2280 1880 2351 παραμυθοῦ,

311 2369 409 2419 καὶ
438 2365 518 2437 μή
546 2363 780 2419 ἐπίτεινε
804 2364 903 2433 τὴν
931 2364 1125 2432 λύπην.
1153 2364 1270 2418 Κᾶν
1296 2364 1402 2434 γὰρ
1425 2363 1639 2417 ἅπαντα
1669 2365 1881 2418 ἀποϐά-

311 2448 433 2520 λῃς,
476 2447 626 2501 οὐδὲν
675 2447 1046 2518 λυπηρότερον
1088 2446 1181 2500 τοῦ
1217 2447 1292 2516 μὴ
1324 2448 1438 2517 μετ’
1486 2449 1698 2511 εὐνοίας
1741 2448 1884 2518 ἔχειν

313 2532 553 2598 γυναῖκα
574 2529 721 2582 ἔνδον
752 2528 1133 2597 συνοικοῦσαν,’
1177 2528 1280 2583 κᾶν
1311 2529 1490 2583 ὁτιοῦν
1521 2530 1680 2601 είπῃς
1704 2532 1889 2601 ἀμάρτ

310 2627 494 2682 τημα,
528 2612 682 2664 οὐδὲν
709 2609 880 2673 οὕτως
922 2611 1300 2682 ὀδυνηρότερον
1339 2614 1502 2682 ἐρεῖς,
1544 2606 1651 2665 οἷόν
1683 2615 1798 2665 ἐστι
1825 2611 1885 2665 τὸ

312 2695 452 2766 πρὸς
478 2694 696 2764 ἐκείνην
722 2692 1046 2757 στασιάζειν.
1074 2696 1233 2747 Ὥστε
1257 2697 1350 2749 καὶ
1370 2696 1457 2749 διά
1477 2694 1645 2749 ταῦτα
1670 2697 1884 2749 πάντων

308 2778 455 2830 ἔστω
489 2776 790 2847 τιμιωτέρα
812 2778 846 2847 ή
876 2776 1074 2848 ταύτης
1096 2778 1302 2848 ἀγάπη.
1334 2778 1394 2831 Et
1420 2778 1528 2848 γάρ
1553 2777 1797 2848 ἀλλήλων
1820 2777 1885 2831 τὰ

310 2859 457 2931 βάρη
498 2858 581 2911 δεῖ
627 2857 933 2927 βαστάζειν,
984 2860 1165 2930 πολλῴ
1216 2861 1414 2930 μᾶλλον
1461 2862 1558 2930 τῆς
1607 2860 1880 2928 γυναικός.

311 2944 432 2998 Κᾶν
470 2945 728 3014 πένησσα
773 2940 830 3016 ᾗ,
879 2945 953 3015 μὴ
976 2945 1273 3015 όνειδίσῃςο
1322 2945 1425 2997 κᾶν
1467 2938 1772 3015 ἀνόητοςῇ.
1807 2942 1882 3013 μὴ

310 3025 652 3092 ἐπέμὸαινε,
696 3025 833 3079 ἀλλά
883 3026 1145 3097 ῥύθμισόν
1182 3026 1379 3097 μᾶλλον
1404 3045 1417 3058 ·
1456 3028 1551 3080 καὶ
1592 3026 1698 3097 γάρ
1730 3026 1888 3096 μέλος

310 3110 430 3162 ἐστὶ
453 3109 581 3174 σὺν,
613 3108 708 3163 καὶ
735 3109 870 3179 σὰρξ
890 3110 1138 3177 ἐγένεσθε
1169 3109 1286 3179 μία.
1326 3108 1484 3162 Ἀλλὰ
1515 3109 1747 3179 φλύαρός
1772 3110 1887 3161 ἐστι

309 3192 410 3244 καὶ
436 3191 681 3260 μέθυσος
710 3193 805 3245 καὶ
837 3191 1072 3262 ὀργίλος.
1104 3188 1310 3245 Οὐκοῦν
1329 3191 1513 3260 ἀλγεῖν
1537 3194 1628 3245 ἐπὶ
1656 3191 1884 3256 τούτοις,

312 3276 420 3328 οὐκ
447 3275 768 3345 ὀργίζεσθαι
802 3275 924 3346 χρὴ,
973 3276 1068 3328 καί⁷
1107 3276 1199 3329 τὸν
1239 3275 1369 3329 Θεὸν
1408 3276 1765 3345 παρακαλεῖν,
1797 3276 1889 3331 καὶ

315 3361 619 3426 παραινεῖν
642 3358 777 3429 αὐτῇ
814 3359 909 3410 καὶ
946 3357 1349 3428 συμϐουλεύειν,
1374 3358 1468 3411 καὶ
1493 3361 1667 3412 πάντα
1696 3361 1883 3422 ποιεῖν,

318 3439 474 3491 ὥστε
514 3440 741 3508 ἐκκόψαι
767 3441 827 3494 τὸ
865 3440 1055 3505 πάθος.
1092 3442 1189 3495 Ἂν
1215 3441 1269 3494 δέ
1293 3442 1520 3515 τύπτῃς,
1561 3445 1654 3497 καὶ
1681 3443 1889 3515 ἐπιτρί-

319 3523 434 3595 ϐῃς
486 3523 553 3576 τὸ
605 3524 841 3593 νόσημα,
892 3526 950 3577 οὐ
996 3524 1385 3596 θεραπεύεται·
1456 3525 1729 3596 θρασύτης
1781 3527 1890 3598 γάρ

312 3607 613 3677 ἐπιεικείᾳ
638 3605 842 3670 λύεται,
869 3608 962 3678 οὐχ
984 3609 1143 3679 ἑτέρᾳ
1168 3608 1483 3679 θρασύτητι.
1514 3610 1666 3662 Μετὰ
1689 3608 1890 3662 τούτων

308 3692 417 3746 καὶ
473 3692 576 3744 τὸν
621 3690 772 3760 παρά
809 3692 898 3745 τοῦ
946 3691 1075 3745 Θεοῦ
1121 3692 1310 3763 μισθὸν
1347 3693 1534 3745 ἐννόει.
1565 3692 1732 3744 Ὅταν
1763 3693 1888 3764 γάρ,

304 3777 439 3843 ἐξόν
477 3793 569 3829 σοι
594 3777 846 3846 ἐκτεμεῖν
874 3775 1059 3847 αὐτὴν,
1093 3778 1166 3847 μή
1190 3780 1348 3847 ποιῇς
1374 3775 1530 3828 τοῦτο
1562 3776 1649 3829 διά
1679 3776 1768 3829 τὸν
1798 3776 1891 3830 τοῦ

305 3860 451 3913 Θεοῦ
479 3859 675 3928 φόϐον.
703 3858 837 3912 ἀλλά
865 3859 1036 3931 φέρῃς
1067 3857 1424 3929 ἐλαττώματα
1450 3858 1706 3925 τοσαῦτα,
1735 3860 1893 3914 δεδοι-

301 3943 426 4007 κὼς
455 3944 561 3996 τὸν
595 3942 690 3995 ἐπὶ
718 3942 926 4007 τούτοις
967 3942 1216 4013 κείμενον
1259 3941 1420 4012 νόμον
1473 3942 1564 3995 τὸν
1618 3943 1893 3997 κωλύοντα

300 4025 581 4080 ἐκϐαλεῖν
627 4028 881 4093 γυναῖκα,
931 4025 1036 4079 κᾶν
1074 4025 1248 4079 ὁτιοῦν
1293 4025 1389 4097 ἐχῃ
1434 4026 1661 4097 νόσημα,
1688 4027 1893 4096 ἄφατον

297 4107 457 4181 λήψῃ
512 4107 748 4179 μισθόν·
790 4109 886 4163 καὶ
917 4109 1023 4180 πρὸ
1047 4108 1156 4164 τῶν
1198 4110 1403 4180 μισθῶν
1439 4109 1496 4162 δέ
1539 4111 1609 4165 τὰ
1664 4111 1894 4181 μέγιστα

368 4242 397 4272 ⁸
429 4241 601 4304 883.,
626 4240 923 4302 λεπτόγαιος.

1264 352 1329 409 IN
1368 349 1586 408 EPIST.
1629 348 1649 404 1
1692 347 1784 403 AD
1817 345 1977 405 COR.
2011 343 2245 403 IIOIIIL.
2285 341 2500 399 XXVII.

3419 335 3526 391 εει

1971 465 2265 536 κερδανεῖς,
2310 463 2523 532 ἐκείνην
2550 477 2608 512 τε
2646 457 3061 528 εὐπειθεστέραν
3090 454 3530 520 κατασκευάζων,

1969 546 2257 610 καὶαύτύς
2288 546 2697 615 ἐπιεικέστερος
2732 542 2900 612 ταύτῃ
2929 541 3228 610 γινόμενος.

2040 631 2268 697 Λέγεται
2301 628 2430 696 γοῦν
2476 644 2560 688 τις
2593 627 2688 681 καὶ
2727 625 2835 679 τῶν
2865 624 3064 691 ἔξωθεν
3102 622 3404 692 φιλοσόφων
3438 637 3535 691 μο-

1968 711 2179 782 χθηρὰν
2221 711 2361 781 έχων
2395 713 2628 778 γυναῖκα
2679 708 2773 761 καὶ
2830 708 3067 777 φλύαρον
3114 707 3209 759 καὶ
3257 707 3531 772 πάροινον,

1970 795 2106 865 πρὸς
2145 796 2270 856 τοὺς
2307 793 2647 862 ἐρωτῶντας,
2688 791 2833 853 τίνος
2877 789 3063 842 ἕνεκεν
3106 786 3362 858 τοιαύτην
3396 786 3537 857 ἔχων

1968 877 2236 947 ἀνέχεται,
2288 877 2482 938 εἰπεῖν,
2523 875 2661 928 ὥστε
2712 874 3008 943 γυμνάσιον
3055 872 3149 923 καὶ
3199 870 3537 941 παλαίστραν

1970 958 2110 1028 ἔχειν
2150 957 2464 1027 φιλοσοφίας
2511 957 2602 1010 ἐπὶ
2637 957 2733 1024 τῆς
2782 956 2990 1015 οίκίας·
3032 955 3264 1023 Ἐσομαι
3290 952 3397 1021 γάρ
3426 952 3538 1013 τοῖς

1969 1041 2173 1103 λοιποῖς
2224 1041 2546 1112 πραότερος,
2593 1039 2776 1108 φησὶν,
2827 1040 2885 1089 ἐν
2926 1036 3099 1107 ταύτῃ
3139 1036 3258 1088 καθ’
3293 1034 3537 1101 ἑκάστην

1971 1123 2355 1193 παιδευόμενος
2381 1124 2478 1192 τὴν
2511 1123 2743 1192 ἡμέραν.
2788 1119 3080 1189 Ἐϐοήσατε
3113 1118 3359 1188 μεγάλα;
3397 1117 3537 1170 Ἀλλ’

1966 1205 2081 1273 ἐγὼ
2115 1204 2209 1257 νῦν
2248 1204 2509 1275 ὀδύρομαι
2548 1204 2708 1274 μέγα,
2758 1203 2881 1255 ’όταν
2933 1201 3192 1272 Ἕλληνες
3237 1201 3393 1269 ἡμῶν
3436 1194 3539 1253 ὦσι

1971 1288 2412 1358 φιλοσοφώτεροι,
2439 1288 2592 1356 ήμῶν
2606 1286 2713 1339 τῶν
2739 1284 3136 1339 κελευσθέντων
3158 1283 3425 1350 ἀγγέλους
3452 1300 3540 1352 μι-

1974 1370 2208 1441 μεῖσθαι,
2239 1371 2435 1441 μᾶλλον
2462 1371 2519 1422 δὲ
2546 1370 2652 1423 τῶν
2678 1367 3077 1422 κελευσθέντων
3104 1365 3265 1420 αὐτὸν
3292 1365 3383 1417 τὸν
3405 1364 3540 1418 Θεὸν

1971 1453 2168 1526 ζηλοῦν
2195 1455 2334 1509 κατά
2358 1455 2448 1507 τὸν
2467 1455 2565 1524 τῆς
2592 1451 2888 1515 ἐπιεικείας
2909 1451 3086 1518 λόγον.
3123 1452 3180 1504 ’0
3205 1449 3302 1520 μὶν
3326 1446 3420 1502 οὖν
3449 1466 3538 1518 φι-

1973 1540 2199 1608 λόσοφος
2220 1538 2435 1605 λέγεται
2474 1535 2561 1589 διὰ
2587 1535 2742 1589 τοῦτο
2759 1534 2996 1605 πονηρὰν
3024 1533 3163 1603 ἔχων
3196 1536 3430 1601 γυναῖκα
3462 1531 3537 1603 μὴ

1975 1621 2223 1675 ἐκϐαλεῖν
2241 1635 2254 1647 ⁸
2280 1620 2421 1683 τινὲς
2439 1620 2495 1672 δέ
2518 1619 2610 1672 καὶ
2632 1618 2718 1672 διὰ
2752 1617 2907 1670 τοῦτο
2927 1614 3229 1684 ἀγαγέσθαι
3250 1616 3411 1669 αὐτὸν
3435 1615 3538 1668 αὐ-

1973 1706 2071 1774 τὴν
2101 1703 2366 1771 λέγουσιν.
2404 1700 2544 1769 Ἐγὼ
2568 1688 2645 1765 δέ,
2676 1699 2862 1770 ἐπειδὴ
2886 1699 3068 1752 πολλοὶ
3092 1697 3199 1751 τῶν
3234 1697 3539 1767 ἀνθρώπων

1978 1785 2127 1858 [Ξίθ]
2181 1784 2515 1855 ἀλογώτερόν
2564 1785 2668 1836 εἱσι
2722 1783 3073 1850 διακείμενοι,
3127 1779 3378 1850 παραινῶ
3443 1780 3541 1849 μὲν

1978 1868 2209 1938 ἐξαρχῆς
2244 1868 2418 1920 πάντα
2450 1867 2620 1919 ποιεῖν
2657 1866 2750 1917 καὶ
2777 1863 3095 1928 σπουδάζειν
3126 1864 3272 1927 ὅπως
3302 1863 3539 1934 εὐάρμο-

1979 1967 2102 2003 στον
2130 1950 2344 2003 λάϐοιεν
2385 1948 2627 2003 σύνοικον
2655 1947 2747 1999 καὶ
2790 1946 2968 2017 πάσης
3007 1947 3281 2014 γέμουσαν
3302 1947 3501 2015 ἀρετῆς
3522 1962 3537 1977 ο

1977 2035 2026 2086 εί
2076 2034 2131 2087 δέ
2183 2032 2422 2103 συμϐαίη
2477 2031 2818 2100 διαμαρτεῖν,
2864 2031 2956 2082 καὶ
3001 2029 3074 2099 μὴ
3116 2029 3357 2099 χρηστὴν
3406 2027 3541 2098 μηδέ

1977 2114 2207 2186 ἀνεκτὴν
2231 2116 2447 2186 νύμφην
2478 2115 2788 2182 είσαγαγεῖν
2829 2114 2908 2175 είς
2927 2111 3024 2182 τήν
3055 2111 3249 2172 οίκίαν,
3269 2110 3387 2163 τότε
3412 2109 3541 2179 γοῦν

1976 2200 2070 2253 τὸν
2103 2199 2386 2268 φιλόσοφον
2429 2198 2617 2251 τοῦτον
2658 2194 2873 2265 ζηλοῦν,
2921 2196 3011 2247 καὶ
3048 2192 3328 2266 ῥυθμίζειν
3372 2194 3542 2263 αὐτὴν

1981 2282 2229 2348 πάντοτε,
2266 2282 2361 2336 καὶ
2396 2281 2560 2351 μηδὲν
2596 2280 2798 2331 τούτων
2832 2277 3141 2348 προτιθέναι
3164 2277 3213 2331 ι’.
3273 2277 3421 2330 Ἐπεὶ
3449 2278 3542 2329 καὶ

1981 2364 2237 2435 ἔμπορος,
2267 2365 2396 2434 πρὶν
2435 2363 2468 2433 ἦ
2498 2362 2632 2434 πρὸς
2656 2362 2745 2414 τὸν
2771 2360 3024 2414 κοινωνὸν
3056 2358 3323 2428 συνθήκας
3354 2358 3540 2412 θέσθαι

1980 2447 2078 2509 τὰς
2118 2445 2420 2516 δυναμένας
2464 2446 2686 2515 εἰρήνην
2727 2444 3118 2515 πρυτανεύειν,
3168 2443 3228 2494 οὐ
3279 2442 3542 2511 πρότερον

1981 2536 2225 2601 καθέλξει
2249 2537 2309 2591 τὸ
2345 2536 2527 2590 πλοῖον
2554 2539 2633 2599 είς
2669 2535 2730 2588 τὸ
2760 2536 3012 2604 πέλαγος,
3067 2534 3187 2587 οὐδέ
3228 2533 3328 2604 τῆς
3375 2532 3541 2605 ἄλλης

1982 2618 2174 2687 ἅψεται
2212 2619 2499 2691 ἐμπορίας.
2546 2619 2654 2670 Καὶ
2711 2619 2870 2687 ἡμεῖς
2919 2617 3096 2670 τοίνυν
3147 2617 3323 2670 πάντα
3367 2619 3542 2687 πράτ-

1981 2713 2184 2765 τωμεν,
2216 2696 2354 2750 ὥστε
2382 2698 2480 2768 τήν
2504 2695 2754 2750 κοινωνὸν
2786 2695 2885 2764 τῆς
2908 2696 3001 2748 τοῦ
3026 2696 3138 2765 βίου
3166 2695 3544 2765 πραγματείας

1984 2781 2111 2850 ἡμῖν
2137 2779 2341 2833 καὶτοῦ
2361 2772 2543 2832 πλοίου
2564 2777 2751 2832 τούτου
2776 2778 2911 2848 μετά
2933 2778 3108 2847 πάσης
3133 2777 3277 2831 ἔνδον
3295 2777 3545 2847 κατέχειν

1983 2863 2083 2930 τῆς
2105 2864 2344 2934 εἰρήνης.
2375 2863 2530 2916 Οὐτω
2550 2860 2656 2932 γάρ
2679 2861 2772 2914 καὶ
2799 2860 2865 2913 τά
2890 2860 3021 2913 ἀλλα
3052 2861 3228 2914 πάντα
3246 2861 3374 2931 ἡμῖν
3396 2860 3546 2913 ἐσται

1986 2947 2215 3015 γαληνὰ,
2256 2948 2349 3000 καὶ
2383 2946 2517 3016 μετά
2563 2944 2741 3008 ἀδείας
2770 2945 2831 2997 τὸ
2868 2945 3103 3012 πέλαγος
3138 2943 3232 2997 τοῦ
3280 2946 3546 3015 παρόντος

1987 3028 2387 3100 διαδραμοῦμεν
2414 3029 2550 3099 βίου.
2579 3028 2746 3082 Τοῦτο
2773 3028 2867 3081 καὶ
2895 3027 3001 3098 πρὸ
3029 3027 3204 3091 οἰκίας
3232 3028 3325 3081 καὶ
3351 3026 3545 3097 ἀνδρα-

1988 3110 2159 3164 πόδων
2181 3112 2273 3165 καὶ
2292 3113 2588 3181 χρημάτων
2609 3111 2705 3164 καὶ
2732 3110 2916 3180 ἀγρῶν
2943 3111 3037 3164 καὶ
3066 3110 3243 3163 αὐτῶν
3266 3108 3374 3162 τῶν
3397 3109 3548 3163 πολι-

1987 3195 2155 3246 τικῶν
2188 3197 2524 3266 πραγμάτων
2556 3196 2777 3264 άγωμεν
2797 3211 2811 3226 ο
2856 3195 2951 3248 καὶ
2993 3193 3209 3247 πάντων
3239 3195 3371 3263 ἡμῖν
3410 3209 3547 3263 προ-

1986 3279 2269 3349 τιμότερον
2313 3279 2452 3332 ἔστω
2499 3281 2559 3331 τὸ
2600 3279 2699 3349 τὴν
2749 3277 2866 3350 μεθ’
2913 3278 3067 3349 ήμῶν
3106 3278 3198 3331 ἐπὶ
3230 3276 3337 3330 τῶν
3384 3277 3548 3331 οἴκων

1989 3362 2304 3432 καθημένην
2350 3362 2424 3433 μὴ
2476 3363 2788 3425 στασιάζειν
2848 3362 2982 3431 μηδέ
3034 3361 3362 3429 διχοπατείν
3412 3359 3549 3431 πρὸς

1990 3445 2156 3514 ἡμᾶς.
2183 3444 2338 3498 Οῦτω
2361 3446 2467 3514 γάρ
2486 3446 2578 3497 καὶ
2599 3445 2667 3497 τά
2684 3443 2819 3498 ἄλλα
2842 3446 2973 3513 ἡμῖν
2994 3445 3132 3496 κατά
3152 3443 3275 3514 ῥοῦν
3296 3442 3437 3510 ἥξει,
3453 3443 3551 3497 καὶ

1990 3529 2049 3580 ἐν
2073 3527 2182 3589 τοῖς
2211 3529 2600 3596 πνευματικοῖς
2629 3528 2686 3580 δέ
2713 3526 2910 3596 πολλὴν
2942 3525 3133 3594 ἕξομεν
3159 3525 3256 3596 τήν
3279 3524 3550 3590 εὐκολίαν,

1993 3609 2133 3680 μετά
2159 3610 2414 3679 ὁμονοίας
2436 3609 2528 3663 τὸν
2545 3609 2703 3678 ζυγὸν
2727 3608 2915 3662 τοῦτον
2945 3608 3191 3671 ἕλκοντες
3209 3625 3223 3639 ·
3249 3608 3343 3661 καὶ
3374 3608 3552 3663 πάντα

1992 3690 2451 3763 κατορθώσαντες,
2477 3692 2584 3745 τῶν
2612 3694 2985 3765 ἀποκειμένων
3007 3691 3396 3763 ἐπιτευξόμεθα
3416 3695 3549 3761 ἀγαο

1994 3772 2132 3827 θῶν·
2165 3768 2239 3827 ὧν
2267 3777 2477 3844 γένοιτο
2500 3776 2706 3840 πάντας
2733 3779 2880 3849 ἡμᾶς
2918 3777 3215 3847 ἐπιτυχεῖν.
3243 3777 3425 3848 χάριτι
3457 3777 3552 3830 καὶ

1993 3856 2370 3930 φιλανθρωπίᾳ
2390 3857 2482 3912 τοῦ
2505 3860 2713 3931 Κυρίου
2760 3860 2916 3930 ήμῶν
2948 3859 3121 3932 Ἰησοῦ
3144 3859 3399 3931 Χριστοῦ,
3432 3858 3551 3929 μεθ’

1992 3934 2053 3996 οὗ
2078 3941 2154 4012 τῷ
2182 3943 2373 4013 Πατρὶ,
2396 3942 2511 4014 ἅμα
2544 3944 2618 4015 τῷ
2645 3944 2782 4014 ἀγίῳ
2815 3944 3119 4014 Πνεύματι,
3151 3943 3297 4007 δόξα,
3326 3943 3547 4012 κράτος,

1992 4026 2148 4096 τιμὴ.
2183 4027 2277 4080 νῦν
2302 4028 2398 4082 καὶ
2429 4030 2537 4096 ἀεὶ,
2573 4032 2664 4084 καὶ
2706 4032 2784 4095 είς
2813 4032 2933 4094 τούς
2964 4030 3163 4093 αίῶνας
3184 4030 3290 4084 τῶν
3318 4028 3549 4084 αἰώνων.

2006 4109 2198 4180 Ἀμήν.

2059 4247 2086 4277 ¹³
2111 4246 2366 4312 Legebntur
2395 4250 2688 4313 προστιθέναι

1743 4520 1982 4575 OMIAIA
2008 4522 2135 4577 KZ'.

297 4681 495 4738 Τοῦτο
516 4681 598 4735 δὲ
625 4681 1079 4752 παραγγέλλων,
1106 4685 1216 4735 οὐκ
1236 4682 1455 4737 ἐπαινῶ
1476 4683 1563 4738 ὅτι
1588 4686 1696 4739 οὐκ
1721 4685 1807 4751 εἷς
1830 4682 1898 4737 τὸ

422 4764 747 4833 κρεῖττον,
778 4765 916 4818 ἀλλ’
948 4767 1035 4830 εἱς
1070 4763 1137 4817 τὸ
1164 4759 1344 4833 ἧττον
1370 4766 1762 4837 συνέρχεσθε.

360 4856 439 4905 α’.
463 4850 812 4918 Ἀναγκαῖον
828 4848 920 4900 καὶ.
938 4847 1031 4901 τοῦ
1058 4848 1319 4918 παρόντος
1336 4849 1499 4921 ἐγκλὴ
1509 4868 1675 4920 ματος
1699 4849 1896 4921 πρότε-

291 4951 388 5003 ρον
415 4934 529 5005 τὴν
566 4932 766 4988 αἰτίαν
793 4933 966 4989 εἰπεῖν
1000 4947 1015 4962 ο
1046 4930 1188 4985 οῦτω
1212 4932 1319 5003 γάρ
1345 4934 1473 5002 ἡμῖν
1501 4933 1901 5005 εὐμαθέστερος

290 5016 463 5070 πάλιν
482 5016 661 5069 ἔσται
677 5016 707 5068 ό
733 5013 909 5085 λόγος.
929 5013 1024 5076 Τίς
1038 5009 1130 5068 οὖν
1150 5016 1296 5067 ἐστιν
1328 5014 1463 5085 αὕτη
1485 5034 1499 5080 ;
1521 5016 1782 5087 Καθάπερ
1809 5016 1901 5070 ἐπὶ

284 5101 401 5154 τῶν
430 5092 785 5171 τρισᾷιλίων
826 5096 934 5149 τῶν
978 5095 1038 5161 ἐξ
1079 5097 1252 5169 ἀρχῆς
1296 5098 1699 5153 πιστευσάντων
1747 5100 1898 5169 κοινῇ

289 5184 507 5248 πάντες
541 5179 870 5244 εἱστιῶντο,
906 5180 1000 5232 καὶ
1030 5180 1181 5237 κοινά
1202 5180 1375 5235 πάντα
1401 5180 1694 5252 ἐκέκτηντο
1717 5198 1731 5212 ο
1762 5181 1901 5237 οὕτω

288 5268 387 5322 καὶ
410 5267 551 5320 τότε
569 5266 678 5318 ὅτε
706 5260 882 5315 ταῦτα
904 5260 1140 5331 ἔγραψεν
1156 5263 1184 5314 ὁ
1215 5262 1531 5325 Ἀπόστολος
1554 5263 1783 5331 ἐγίνετο,
1804 5263 1901 5331 οὐκ

287 5351 438 5405 οὕτω
476 5350 596 5422 μὲν
655 5346 801 5419 μετά
836 5344 1138 5418 ἀκριϐείας,
1182 5345 1367 5417 ὥσπερ
1413 5346 1467 5400 δέ
1510 5364 1591 5410 τις
1638 5347 1904 5419 ἀπόρῤοια

286 5436 391 5507 τῆς
431 5432 758 5495 κοινωνίας
801 5430 1017 5503 ἐκείνης
1052 5430 1471 5499 ἐναπομείνασα,
1512 5432 1604 5487 καὶ
1658 5432 1737 5493 είς
1777 5430 1904 5491 τοὺς

295 5517 439 5585 μετὰ
479 5516 691 5570 ταῦτα.
720 5512 946 5583 κατέϐη.
978 5513 1088 5566 Καὶ
1130 5510 1315 5582 ἐπειδὴ
1347 5512 1621 5565 συνέϐαινε
1650 5513 1773 5576 τούς
1804 5513 1902 5584 μὲν

292 5606 552 5675 πένητας
582 5595 766 5660 εἶναι,
794 5598 919 5661 τοῦς
953 5597 1010 5650 δέ
1038 5596 1349 5659 πλουσίους,
1379 5595 1447 5648 τά
1479 5595 1577 5666 μὲν
1605 5595 1810 5647 ἐαυτῶν
1841 5596 1901 5648 οὐ

292 5674 680 5736 κατετίθεντο
736 5677 907 5731 πάντα
961 5679 1040 5740 εἰς
1080 5677 1263 5748 μέσον,
1306 5674 1488 5737 κοινὰς
1525 5675 1581 5728 δὲ
1628 5676 1905 5729 ἐποιοῦντο

292 5766 392 5829 τὰς
438 5760 769 5837 τραπέζας
810 5761 865 5813 ἐν
910 5759 1144 5831 ήμέραις
1174 5758 1602 5828 νενομισμέναις,
1632 5759 1705 5821 ὡς
1735 5758 1902 5821 εἰκὸς,

298 5852 390 5907 καὶ
420 5853 531 5923 τῆς
579 5840 876 5905 συνάξεως
914 5839 1338 5914 ἀπαρτισθείσης
1380 5840 1513 5911 μετά
1545 5840 1641 5911 τὴν
1672 5839 1777 5893 τῶν
1802 5857 1905 5911 μυ-

2005 4682 2238 4753 στηρίων
2259 4683 2540 4739 κοινωνίαν
2560 4683 2652 4737 ἐπὶ
2680 4681 2860 4750 κοινήν
2886 4683 3084 4749 πάντες
3107 4687 3272 4757 ᾔεσαν
3304 4685 3553 4757 εὐωχίαν.

1999 4766 2106 4819 τῶν
2144 4766 2241 4837 μὲν
2278 4768 2645 4822 πλουτούντων
2676 4769 2947 4838 φερόντων
2971 4768 3039 4821 τά
3066 4771 3351 4841 ἐδέσματα,
3375 4772 3481 4824 τῶν
3500 4769 3557 4822 δέ

2002 4849 2308 4918 πενομένων
2336 4852 2429 4903 καὶ
2456 4850 2606 4902 οὐδὲν
2635 4851 2864 4918 ἐχόντων
2885 4851 2973 4902 ὑπ’
2996 4852 3171 4905 αὐτῶν
3191 4854 3556 4925 καλουμένων.

2000 4932 2093 4985 καὶ
2133 4936 2285 5003 κοινῇ
2330 4933 2544 4986 πάντων
2605 4933 2964 5002 ἑστιωμένων.
3016 4935 3155 4988 Ἀλλ’
3202 4935 3430 5007 ὕστερον
3469 4935 3560 4988 καὶ

1998 5012 2156 5071 τοῦτο
2204 5014 2465 5086 διεφθάρη
2515 5014 2575 5067 τὸ
2608 5014 2746 5077 ἔθος.
2789 5017 2861 5068 Τὸ
2925 5017 2981 5069 δὲ
3042 5020 3211 5071 αἴτιον
3252 5020 3317 5070 ἐκ
3358 5016 3454 5070 τοῦ
3485 5016 3564 5069 δι-

2000 5097 2266 5150 εσπάσθαι
2293 5099 2385 5150 καὶ
2429 5099 2749 5169 προσνέμειν
2776 5101 3015 5162 ἑαυτοὺς.
3047 5102 3171 5162 τούς
3203 5101 3301 5170 μέν
3333 5100 3558 5162 τούτοις,

1998 5182 2124 5245 τούς
2155 5182 2211 5235 δέ
2238 5183 2482 5247 ἐκείνοις,
2523 5183 2618 5235 καὶ
2659 5183 2856 5250 λέγειν·
2898 5182 3038 5249 Ἐγὼ
3070 5186 3166 5253 μέν
3198 5186 3311 5253 είμι
3339 5183 3430 5237 τοῦ
3457 5183 3563 5237 δεῖ·

2000 5281 2109 5329 νος,
2139 5263 2248 5331 ἐγὼ
2276 5264 2330 5317 δὲ
2370 5263 2463 5316 τοῦ
2493 5263 2656 5327 δεῖνος
2678 5281 2689 5291 ·
2725 5267 2858 5334 ὅπερ
2887 5266 2977 5316 καὶ
3011 5266 3067 5315 ἐν
3102 5266 3240 5335 ἀρχῇ
3269 5267 3366 5334 τῆς
3411 5267 3560 5320 Ἐπι-

2002 5346 2196 5414 στολῆς
2211 5345 2582 5414 διορθούμενος
2611 5345 2790 5413 ἔλεγεν
2858 5346 3155 5413 Ἐδηλώθη
3183 5349 3288 5417 γάρ
3309 5366 3407 5417 μοι
3429 5348 3559 5415 περὶ

2000 5427 2167 5497 ὑμῶν
2202 5427 2371 5499 [2M],
2418 5426 2668 5495 ἀδελφοί
2703 5446 2834 5493 μου.
2877 5429 2995 5483 ὑπὸ
3042 5428 3160 5481 τῶν
3207 5433 3423 5495 Χλόης,
3472 5430 3561 5482 ὅτι

2001 5511 2190 5575 ἔριδες
2212 5510 2281 5562 ἐν
2308 5509 2448 5577 ὑμῖν
2488 5513 2625 5562 εἱσι.
2662 5511 2823 5578 Λέγω
2860 5511 2927 5564 δὲ
2966 5512 3161 5572 τοῦτο,
3196 5512 3282 5564 ὅτι
3308 5512 3560 5572 ἕκαστος

2000 5591 2167 5661 ὑμῶν
2222 5593 2402 5658 λέγει,
2470 5591 2616 5660 Ἐγὼ
2668 5595 2784 5660 μέν
2831 5596 2948 5660 εἰμι
3003 5595 3266 5652 Παύλου,
3327 5590 3440 5656 ἐγὼ
3493 5590 3561 5640 δὲ

2018 5671 2310 5735 Ἀπολλώ,
2331 5672 2444 5742 ἐγὼ
2469 5672 2537 5726 δὲ
2567 5674 2759 5742 Κηφᾶ.
2801 5677 2911 5727 Ούκ
2935 5674 3117 5744 ἐπειδὴ
3170 5673 3364 5737 Παύλῳ
3396 5686 3560 5738 προσ-

2010 5756 2201 5825 ένεμον
2223 5754 2444 5817 ἐαυτούς
2483 5770 2495 5783 ·
2534 5756 2652 5809 οὐδέ
2679 5757 2786 5826 γάρ
2816 5758 2880 5809 ἂν
2909 5758 3161 5823 ἠνέσχετο
3186 5771 3199 5784 ·
3226 5751 3337 5804 ἀλλ’
3370 5752 3432 5800 ἐκ
3463 5767 3561 5802 περ

2014 5839 2253 5913 ριουσίας
2277 5838 2568 5910 πρόρριζον
2610 5840 2670 5893 τὸ
2712 5840 2829 5901 ἔθος
2872 5837 3178 5890 ἀνασπάσαι
3215 5832 3553 5903 βονλόμενος,
