3990 6168
506 272 617 333 225

506 389 702 448 law-6v
734 384 1095 460 παρενέθηκε,
1127 384 1337 449 δεικνὺς
1360 386 1445 439 ὅτι
1486 385 1536 437 εί
1562 384 1656 437 καὶ
1678 384 1840 437 αὐτόν
1868 401 1954 447 τις
1984 385 2085 436 ἑπ-

497 477 770 549 εγράφετο
798 471 891 525 τοῦ
929 469 1107 525 κοινοῦ
1151 470 1403 549 σώματος
1438 467 1947 541 ἀπορρηγνύμενος,
1978 468 2074 522 καὶ

499 547 671 622 ουτως
691 556 886 611 ἄτοπον
920 554 980 606 τὸ
1005 552 1286 622 γινόμενον
1317 547 1385 623 ἦν
1414 553 1507 606 καὶ
1528 552 1876 624 παρανομίας
1907 551 2074 622 ἐσχά-

498 661 619 715 της.
665 642 728 694 Εἰ
775 639 833 692 δὲ
878 637 970 691 ἑπὶ
1018 636 1207 690 τούτου
1263 636 1599 707 παρανομία,
1647 634 1829 715 πολλῷ
1877 634 2076 706 μᾶλλον

498 714 585 780 ἐπ’
622 723 846 777 ἐκείνων
884 720 990 773 τῶν
1039 719 1497 788 καταδεεστέρων.
1543 719 1698 773 Ἐπεὶ
1725 714 1818 772 οῦν
1852 718 2075 771 διεσπά-

499 808 603 879 σθη
633 807 693 860 τὸ
727 805 846 869 ἔθος
864 804 1042 866 τοῦτο,
1070 803 1190 865 ἔθος
1221 801 1509 855 κάλλιστον
1535 814 1628 855 και
1660 800 2076 872 χρησιμώτατον

498 892 616 956 (καὶ
649 889 758 961 7&9
787 888 1009 958 ἀγάπης
1046 885 1300 948 ὑπόθεσις
1331 881 1419 955 ἦν,
1460 885 1553 938 καὶ
1586 885 1777 948 πενίας
1821 902 2077 955 παραμυ-

498 972 609 1032 θία,
630 974 724 1027 καὶ
740 972 970 1025 πλούτου
988 968 1386 1040 σωφρονισμδς,
1407 969 1501 1021 καὶ
1523 967 1836 1035 φιλοσοφίας
1855 965 2075 1038 ἀφορμὴ

496 1059 598 1129 τῆς
636 1056 900 1126 μεγίστης
922 1067 972 1117 ιι,
1015 1053 1110 1106 καὶ
1157 1050 1658 1121 ταπεινοφροσύνης
1700 1051 2071 1121 διδασκαλία)·

496 1142 622 1201 ἐπεὶ
643 1137 735 1196 οῦν
760 1136 869 1195 εἶδε
896 1137 1136 1193 τοσαῦτα
1165 1136 1345 1206 ἀγαθὰ
1366 1134 1810 1207 διαφθειρόμενα,
1842 1135 2075 1206 πληκτι-

498 1225 611 1288 κῶς
647 1224 871 1287 εἰκότως
899 1222 977 1293 τῷ
1005 1222 1149 1293 λόγῳ
1181 1222 1468 1291 κέχρηται,
1494 1217 1638 1270 οὔτω
1664 1219 1836 1287 λέγων
1858 1236 1870 1248 ·
1897 1219 2077 1273 Τοῦτο

498 1309 568 1364 δέ
607 1305 1058 1377 παραγγέλλων,
1107 1307 1220 1360 οὐκ
1261 1302 1504 1358 ἐπαινῶ.
1561 1303 1649 1356 Ἐν
1703 1301 1804 1373 μὲν
1844 1302 1952 1374 γάρ
1998 1301 2075 1374 τῷ

499 1392 750 1464 προτέρῳ
779 1390 1101 1461 ἐγκλήματι,
1140 1388 1236 1442 άτε
1271 1387 1478 1441 πολλῶν
1506 1386 1675 1440 ὄντων
1717 1384 1826 1439 τῶν
1866 1387 2074 1455 φυλατ-

498 1477 720 1539 τόντων,
756 1474 959 1546 ἑτέρως
993 1472 1218 1544 ήρξατο,
1248 1470 1423 1540 λέγων
1452 1468 1627 1529 οὕτως
1664 1485 1679 1497 °
1724 1466 1981 1523 Ἐπαινῶ
2009 1467 2078 1522 δέ

497 1558 676 1628 ὑμᾶς,
707 1558 797 1611 ὅτι
824 1556 1021 1611 πάντα
1053 1573 1170 1625 μου
1190 1554 1528 1625 μέμνησθε’
1564 1552 1797 1606 ἐνταῦθα
1827 1553 1884 1606 δὲ
1918 1555 2076 1607 ἑναν-

498 1641 648 1705 τίως,
693 1641 872 1695 Τοῦτο
899 1639 968 1692 δέ
992 1638 1443 1708 παραγγέλλων,
1477 1638 1588 1691 οὐκ
1609 1635 1851 1691 ἐπαινῶ.
1877 1637 2076 1709 Διόπερ

499 1725 620 1780 οὐδὲ
659 1725 797 1796 μετὰ
824 1724 924 1794 τὴν
959 1724 1273 1794 ἐπιτίμησιν
1306 1721 1403 1792 τὴν
1436 1721 1576 1775 κατά
1615 1719 1725 1773 τῶν
1754 1720 1825 1775 τὰ
1859 1720 2075 1774 εἰδωλό-

500 1808 636 1862 θυτα
661 1807 946 1862 ἐσθιόντων
976 1806 1109 1860 αὐτὸ
1144 1804 1377 1859 τέθεικεν
1398 1819 1412 1833 ·
1449 1802 1565 1858 ἀλλ’
1593 1802 1780 1873 ἐπειδὴ
1814 1802 2078 1874 τραχύτε-

503 1909 595 1965 ρον
624 1888 693 1963 ἦν
721 1893 916 1955 έκεῖνο,
961 1890 1123 1961 μέσον
1158 1885 1529 1960 παρεμϐαλὼν
1561 1886 1652 1941 τὸν
1678 1886 1808 1956 περ)¹
1848 1886 1948 1954 τῆς
1979 1886 2075 1939 κό-

503 1993 608 2045 μης
638 1975 815 2042 λόγον,
846 1974 933 2027 ἴνα
971 1974 1044 2044 μὴ
1066 1972 1126 2036 ἑξ
1154 1971 1320 2042 ἑγκλη
1331 1973 1513 2040 μάτων
1536 1969 1780 2039 σφοδρῶν
1805 1968 1885 2031 είς
1912 1969 2075 2051 ἔτερα

499 2058 660 2112 πάλιν
690 2056 903 2126 ἐπαχθῆ
935 2055 1221 2109 διαϐαίνων
1263 2052 1599 2124 τραχύτερος
1632 2051 1913 2122 φαίνηται,
1950 2051 2074 2105 τότε

499 2140 716 2212 ἔρχεται
749 2141 837 2193 ἑπὶ
871 2139 932 2192 τὸ
965 2137 1320 2207 σφοδρότερον
1350 2135 1535 2197 πάλιν,
1561 2133 1653 2188 καί
1689 2150 1844 2206 φησι·
1894 2133 2075 2189 Τοῦτο

499 2225 569 2280 δέ
616 2222 1069 2294 παραγγέλλων,
1118 2223 1230 2276 οὐκ
1283 2216 1528 2274 ἐπαινῶ.
1570 2219 1730 2271 Ποῖον
1779 2216 1971 2286 τοῦτο;
2008 2220 2075 2273 Ὃ

504 2309 681 2382 μέλλω
707 2309 884 2376 λέγειν
904 2306 1018 2361 νῦν.
1047 2306 1112 2359 Τί
1135 2309 1273 2370 ἐστι,
1306 2302 1747 2374 Παραγγέλλω·
1778 2304 1890 2357 οὐκ
1910 2303 2076 2356 ἐπαι-

498 2394 621 2457 νῶ;
657 2394 771 2447 Οὐκ
795 2390 1132 2462 ἀποδέχομαι
1162 2389 1328 2459 ὑμᾶς,
1358 2388 1544 2458 φησὶν,
1569 2388 1652 2440 ὅτι
1688 2403 1756 2459 με
1791 2388 1874 2448 είς
1908 2387 2075 2456 ἀνάγ-

499 2494 605 2548 κην
638 2475 1009 2544 κατεστήσατε
1045 2471 1355 2542 συμϐουλῆς
1375 2485 1388 2497 '
1419 2471 1520 2524 οὐκ
1553 2469 1784 2533 ἐπαινῶ,
1808 2470 1891 2523 ὅτι
1924 2470 2075 2541 ἐδεή-

501 2560 631 2630 θητε
677 2556 1025 2620 διδασκαλίας
1072 2558 1152 2620 είς
1200 2554 1378 2616 τοῦτο,
1420 2555 1502 2609 ὅτι
1545 2555 1734 2627 χρείαν
1783 2553 1936 2625 ἔχετε
1978 2552 2073 2607 τοῦ

500 2642 946 2714 παραγγελθῆναι
1001 2642 1091 2695 ὑπ’
1125 2639 1280 2711 ἑμοῦ.
1316 2636 1469 2704 Εἶδες
1514 2639 1631 2703 πῶς
1674 2641 1738 2693 ἑκ
1775 2639 2074 2711 προοιμίων

501 2728 669 2793 έδειξε
704 2727 911 2798 σφόδρα
947 2726 1145 2781 ἄτοπον
1184 2724 1242 2777 ὃν
1284 2724 1344 2777 τὸ
1384 2724 1705 2794 γινόμενον;
1751 2723 1920 2777 Ὅταν
1965 2722 2075 2793 7&9

505 2812 637 2885 μηδὲ
665 2811 1036 2883 παραγγελίας
1057 2809 1244 2879 ὀφείλῃ
1272 2808 1476 2863 δεῖσθαι
1502 2810 1530 2861 6
1556 2808 1884 2879 ἁμαρτάνων
1909 2808 1988 2870 είς
2013 2805 2076 2859 τὸ

506 2898 581 2969 μὴ
612 2897 896 2967 ἁμαρτεῖν,
926 2894 1306 2962 ἀσύγγνωστον
1334 2892 1488 2957 είκδς
1513 2887 1651 2945 εἶναι
1679 2892 1741 2945 τὺ
1764 2889 2075 2963 ἁμαρτανό-

506 2996 685 3050 μενον.
725 2979 835 3031 Καὶ
884 2978 970 3030 διὰ
1012 2977 1064 3030 τί
1104 2978 1203 3029 οὐκ
1246 2976 1520 3039 ἑπαινείςς
1573 2975 1706 3028 Ὅτι
1744 2976 1856 3028 οὐκ
1888 2976 1978 3037 εις
2006 2972 2074 3026 τὸ

502 3062 789 3131 κρεῖττον,
835 3062 971 3115 ἀλλ’
1009 3062 1095 3126 εἰς
1137 3058 1203 3113 τὸ
1253 3054 1435 3122 ἧττον
1475 3058 1866 3126 συνέρχεσθε,
1918 3056 2072 3128 φησὶ,

502 3145 799 3211 τουτέστιν,
841 3145 925 3197 ὃτι
963 3144 1024 3198 οὐ
1064 3142 1384 3214 προϐαίνεοιε
1420 3144 1500 3206 εἰς
1536 3143 1757 3212 ἀρετήν.
1809 3140 1938 3194 Δέον
1966 3142 2075 3213 7&9

504 3228 779 3284 ἐπιδοῦναι
826 3229 918 3282 καὶ
982 3227 1201 3281 πλείονα
1273 3224 1525 3294 γενέσθαι
1581 3226 1680 3295 τὴν
1744 3224 2073 3295 φιλοτιμίαν,

504 3314 666 3384 ὑμεῖς
698 3311 754 3366 δὲ
789 3314 883 3366 καὶ
908 3311 969 3365 τὸ
995 3312 1093 3383 ήδη
1124 3311 1403 3382 κρατῆσαν
1435 3309 1555 3372 ἔθος
1585 3309 1954 3379 ήλαττὼσατε,
1982 3310 2075 3362 καὶ

503 3397 677 3459 οὕτως
716 3394 1082 3466 ἠλαττὼσατε,
1141 3395 1216 3458 ὡς
1266 3395 1358 3447 καὶ
1406 3392 1783 3464 παραγγελίας
1820 3391 2074 3463 δεηθῆναι

503 3480 634 3553 παρ’
665 3478 823 3551 ἐμοῦ,
857 3480 943 3532 ἵνα
971 3479 1064 3532 ἑπὶ
1098 3478 1194 3549 τὴν
1223 3476 1494 3548 προτέραν
1524 3474 1855 3546 ἑπανέλθητε
1896 3475 2072 3541 τάξιν.

504 3560 638 3619 Είτα
667 3563 754 3616 ἵνα
790 3563 865 3634 μὴ
890 3562 1013 3633 δόξῃ
1038 3561 1126 3615 διά
1150 3562 1276 3627 τοὺς
1310 3562 1549 3632 πένητας
1571 3559 1741 3613 ταῦτα
1773 3559 1951 3629 λέγειν
1975 3559 2073 3630 μό-

507 3665 617 3710 νον,
649 3647 749 3701 οὐκ
775 3645 978 3709 εὐθέως
1014 3645 1094 3709 είς
1138 3644 1230 3698 τὸν
1262 3644 1392 3703 περὶ
1419 3643 1527 3697 τῶν
1558 3642 1846 3715 τραπεζῶν
1871 3642 2076 3714 ἐμϐάλ-

505 3730 588 3785 λει
615 3730 792 3798 λόγον,
824 3728 964 3782 ὥστε
1014 3729 1088 3797 μὴ
1127 3727 1602 3798 εὐκαταφρόνητον
1640 3725 1811 3797 ταύτῃ
1849 3725 2075 3796 ποιῆσαι

504 3815 606 3885 τὴν
624 3813 938 3882 ἐπιτίμησιν
972 3810 1221 3872 ἐκείνοις,
1249 3809 1387 3862 ἀλλά
1416 3809 1569 3879 ζητεῖ
1594 3808 1738 3873 λέξιν
1764 3809 2076 3880 πληκτικω-

508 3898 674 3963 τάτην
700 3895 794 3948 καὶ
829 3893 994 3945 πολὺν
1043 3891 1271 3961 ἔχουσαν
1299 3891 1391 3943 τὸν
1423 3891 1585 3958 φόϐον
1609 3906 1623 3921 ⁸
1669 3890 1719 3943 τί
1752 3893 1858 3962 γάρ
1896 3908 2029 3963 φησι
2056 3908 2072 3959 ;

507 3977 750 4046 Πρῶτον
780 3976 897 4046 μὲν
934 3977 1043 4045 γὰρ
1096 3975 1551 4043 συνερχομένων
1579 3973 1744 4044 ὑμῶν
1770 3976 1839 4029 έν
1860 3976 2078 4044 ἐκκλη-

508 4064 636 4131 σίᾳ,
667 4061 865 4115 ἀκούω
887 4058 1196 4127 σχίσματα
1223 4057 1293 4110 ἐν
1333 4055 1475 4125 ὑμῖν
1502 4058 1812 4125 ὑπάρχειν.
1862 4058 1971 4110 Καὶ⁸
2011 4058 2073 4111 οὐ

507 4145 677 4214 λέγει,
740 4143 949 4197 Ἀκούω
1000 4143 1107 4212 γάρ
1164 4141 1239 4213 μὴ
1297 4143 1447 4211 κοινῇ
1503 4141 1649 4210 ύμάς
1709 4142 2072 4197 συνδειπνεῖν·

507 4228 690 4283 ἀκούω
721 4226 827 4298 7&9
859 4227 978 4280 κατ’
1016 4224 1150 4278 ἰδίαν
1184 4225 1326 4295 ὑμᾶς
1354 4224 1658 4287 ἑστιᾶσθαι,
1690 4229 1784 4279 καὶ
1827 4226 1902 4297 μὴ
1938 4226 2077 4297 μετά

507 4314 614 4369 τῶν
638 4315 911 4384 πενήτων
947 4309 1061 4364 ἀλλ’
1086 4309 1114 4363 6
1146 4309 1382 4380 μάλιστα
1424 4309 1604 4363 ίκανὸν
1631 4305 1697 4380 ἦν
1742 4310 1920 4363 αὐτῶν
1957 4310 2075 4364 δια-

509 4400 686 4452 σεῖσαι
713 4398 811 4467 τὴν
838 4395 1099 4456 διάνοιαν,
1128 4391 1287 4446 τοῦτο
1314 4392 1545 4457 τέθεικε,
1568 4392 1627 4446 τὸ
1651 4390 1744 4445 τοῦ
1779 4392 2077 4463 σχίσματος

509 4481 661 4554 [942]
691 4483 879 4551 ὄνομα,
910 4479 938 4533 δ
967 4483 1061 4533 καὶ
1088 4478 1279 4532 τούτου
1307 4473 1375 4546 ἦν
1402 4478 1594 4540 αἴτιον,
1636 4478 1887 4531 κάκείνου
1915 4476 2077 4532 πάλιν

509 4565 881 4636 ἀνεμίμνησκε
904 4562 997 4615 τοῦ
1032 4563 1089 4613 ἑν
1125 4562 1266 4631 ἀρχῇ
1289 4561 1389 4629 τῆς
1441 4560 1756 4630 Ἐπιστολῆς
1785 4562 2075 4631 εἰρημένου

509 4648 603 4701 καὶ
645 4645 974 4716 δηλωθέντος
1011 4644 1117 4697 ὐπὸ
1150 4642 1259 4697 τῶν
1296 4642 1493 4711 Χλόης.
1539 4641 1647 4696 Καὶ
1672 4642 1855 4711 μέρος
1882 4659 1937 4697 τι
1976 4659 2075 4697 πι-

510 4728 723 4784 στεύω.

582 4810 645 4883 β’.
667 4811 785 4864 Ἵνα
813 4809 920 4880 7&9
948 4809 1021 4880 μὴ
1051 4808 1269 4877 λέγωσι,
1295 4804 1486 4871 Τίοῦν,
1511 4809 1559 4862 εί
1583 4806 1869 4877 ψεύδονται
1893 4809 1943 4861 οἱ
1964 4808 2077 4863 δια-

511 4895 823 4958 ϐάλλοντεςς
847 4892 971 4947 οὐτε
990 4894 1071 4945 ὅτι
1104 4892 1347 4945 πιστεύω
1372 4888 1546 4954 εἶπεν,
1580 4892 1666 4944 ἴνα
1693 4890 1768 4962 μὴ
1790 4892 2077 4963 ἀναισχυν-

508 4978 762 5045 τοτέρους
790 4978 1011 5049 ποιήσῃ,
1040 4975 1147 5028 οὐδ’
1178 4971 1245 5029 αὖ
1294 4975 1453 5028 πάλιν
1485 4976 1566 5028 ὅτι
1604 4974 1838 5039 ἀπιστῶ,
1875 4976 1961 5028 ἵνα
2001 4975 2076 5048 μὴ

508 5061 633 5135 δόξῃ
660 5063 835 5134 μάτην
865 5062 1142 5132 ἐπιτιμᾷν,
1167 5058 1322 5124 ἀλλὰ,
1356 5058 1544 5125 Μέρος
1574 5076 1629 5113 τι
1664 5060 1760 5113 καί
1790 5061 2071 5126 πιστεύω,

512 5149 667 5216 φησι,
699 5147 994 5207 τουτέστιν,
1026 5147 1090 5198 ἑκ
1124 5145 1322 5215 μέρους
1349 5142 1547 5213 μικροῦ
1578 5142 1839 5206 πιστεύω,
1874 5146 2077 5212 έναγω-

511 5229 657 5292 νίους
680 5230 865 5292 ποιῶν,
890 5229 1077 5291 καὶείς
1098 5228 1197 5299 τὴν
1215 5227 1311 5296 τῆς
1335 5224 1672 5295 διορθώσεως
1699 5226 1878 5280 καλῶν
1902 5228 2076 5282 ἑπάν-

509 5311 646 5366 οδον.
690 5311 789 5365 Δεῖ
820 5312 931 5379 γὰρ
970 5311 1066 5363 καί
1100 5311 1359 5377 αίρέσεις
1400 5310 1471 5362 έν
1508 5307 1651 5377 ὑμῖν
1684 5305 1858 5374 εἶναι,
1895 5312 1996 5365 ἵνα
2020 5312 2075 5364 οι

509 5395 740 5464 δόκιμοι
778 5393 1021 5463 φανεροὶ
1054 5392 1337 5462 γένωνται
1372 5392 1442 5445 ἐν
1466 5391 1607 5461 ὑμῖν
1645 5405 1661 5421 ⁶
1705 5395 1945 5464 αἱρέσεις
1983 5396 2074 5447 ἐν-

507 5480 702 5542 ταῦθα,
745 5480 804 5532 οὐ
843 5476 1044 5538 ταύτας
1093 5474 1268 5543 λέγων
1308 5475 1404 5539 τὰς
1437 5475 1545 5528 τῶν
1581 5474 1866 5546 δογμάτων
1889 5518 1904 5540 ,
1940 5477 2077 5532 ἀλλά

508 5565 607 5628 τὰς
631 5563 737 5617 τῶν
776 5559 1088 5632 σχισμάτων
1121 5558 1344 5611 τούτων.
1390 5558 1453 5610 Εἰ
1496 5557 1553 5611 δὲ
1589 5560 1684 5612 καὶ
1709 5560 1804 5625 τὰς
1850 5561 1959 5615 τῶν
1988 5562 2075 5616 δο-

567 5773 592 5801 ⁸
623 5770 690 5820 Ita
713 5770 835 5832 Reg.
864 5769 916 5819 In
939 5768 1083 5820 editis
1108 5742 1231 5830 hzeé,
1254 5764 1334 5814 καὶ
1364 5765 1638 5829 φιλοσοφίας
1657 5766 1845 5832 ἀφορμή
1878 5775 1959 5829 τῆς
1983 5787 2065 5832 με-

508 5832 687 5895 γίστης.
705 5830 929 5885 όεέίτοιιι.
1694 5830 1699 5835 '

1229 268 1287 323 S.
1331 265 1617 324 JOANNIS
1657 264 2074 321 CHRYSOSTO

2207 266 2530 325 ARCHIEP.
2572 270 3123 328 CONSTANTINOP.

2192 387 2419 455 γμάτων
2458 388 2663 458 ελεγεν,
2689 389 2809 444 οὐδὲ
2844 389 2988 444 οὕτω
3029 387 3198 460 λαϐὴν
3227 386 3416 442 έδίδου.
3455 389 3568 444 Καὶ
3590 391 3698 464 7&9
3728 395 3758 448 6

2189 472 2421 540 Χριστός
2452 489 2637 545 φησιν,
2676 474 2934 543 ’Δνὰγκη
2962 471 3162 528 ἐλθεῖν
3196 470 3269 525 τὰ
3312 471 3657 538 σκάνδαλα,
3694 479 3756 530 οὐ

2184 554 2283 622 τὴν
2315 554 2628 627 ἐλευθερίαν
2652 556 2752 627 τῆς
2789 556 3159 627 προαιρέσεως
3191 554 3608 623 λυμαινόμενος,
3632 560 3757 613 οὐδὲ

2182 637 2426 708 ἀνάγκην
2448 638 2570 692 τινὰ
2598 640 2691 693 καὶ
2731 638 2849 708 βίαν
2873 637 3097 707 ἐφιστάς
3124 638 3203 707 τῷ
3236 637 3354 708 βίῳ,
3378 638 3517 692 ἀλλά
3542 641 3603 693 τὸ
3625 643 3751 696 πάν-

2180 738 2289 785 τως
2324 722 2577 793 ἐσόμενον
2603 724 2669 777 ἑκ
2701 722 2803 792 τῆς
2839 723 3080 794 πονηρᾶς
3117 721 3230 774 τῶν
3274 720 3581 793 ἀνθρώπων
3612 725 3755 793 γνώ-

2185 822 2293 876 μης
2320 806 2622 876 προλέγων,
2654 807 2791 877 ὅπερ
2810 806 3002 877 ἔμελλε
3029 805 3297 874 γίνεσθαι,
3326 806 3387 858 οὐ
3417 805 3507 859 διὰ
3538 806 3636 878 τὴν
3662 809 3749 862 αὐ-

2182 888 2273 942 τοῦ
2301 890 2625 962 πρόρρησιν,
2664 890 2802 944 ἀλλὰ
2836 889 2925 943 διὰ
2959 894 3061 960 τὴν
3101 888 3209 941 τῶν
3239 888 3479 952 ἀνιάτως
3513 890 3748 960 ἑχόντων

2182 971 2425 1043 γνώμην.
2486 975 2559 1028 Οὐ
2612 973 2720 1046 γὰρ
2768 972 2952 1045 ἐπειδὴ
3006 974 3254 1044 προεῖπε,
3302 971 3477 1025 ταῦτα
3525 973 3755 1040 ἐγίνετο,

2181 1056 2296 1109 ἀλλ’
2321 1056 2509 1128 ἐπειδὴ
2538 1056 2754 1120 πάντως
2791 1056 2982 1127 ἔμελλε
3010 1055 3276 1124 γίνεσθαι,
3311 1054 3399 1109 διὰ
3432 1053 3589 1108 τοῦτο
3623 1073 3757 1128 προ-

2184 1142 2372 1193 εῖπεν·
2412 1139 2586 1204 Ἐπεὶ,
2628 1142 2677 1193 εί
2722 1140 2965 1211 ἀνάγκης
3000 1134 3069 1211 ἦν
3112 1137 3183 1192 τά
3222 1137 3503 1200 σκάνδαλα,
3539 1139 3637 1192 καὶ
3678 1140 3755 1209 μὴ

2181 1222 2405 1293 γνώμης
2431 1223 2537 1277 τῶν
2553 1224 2881 1293 εἰσαγόντων
2903 1225 3066 1289 αὐτὰ,
3090 1223 3361 1294 περιττῶς
3389 1220 3756 1290 έλεγεν,οὐαὶ

2182 1307 2262 1374 τῷ
2286 1307 2572 1377 ἀνθρώπῳ
2598 1309 2826 1377 ἐκείνῳ,
2866 1310 2941 1362 δι’
2969 1303 3040 1365 οὗ
3064 1307 3135 1362 τὰ
3155 1306 3474 1361 σκάνδαλα
3494 1307 3753 1376 ἔρχεται.

2196 1392 2356 1446 Ἀλλὰ
2384 1391 2557 1446 ταῦτα
2602 1393 2700 1463 μὲν
2741 1392 3032 1464 εὐρύτερον
3077 1392 3134 1444 ἑν
3172 1389 3319 1461 αὐτῷ
3355 1390 3640 1461 γενόμενοι
3675 1388 3757 1459 τῷ

2182 1476 2365 1545 χωρίῳ
2396 1475 2752 1546 διελέχθημεν
2774 1492 2787 1506 ·
2815 1477 2910 1530 νῦν
2938 1475 2995 1529 δὲ
3015 1475 3110 1527 ἐπὶ
3134 1475 3196 1529 τὸ
3224 1473 3587 1546 προκείμενον
3620 1472 3759 1526 ἱέναι

2182 1560 2414 1629 ἀνάγκη.
2456 1560 2579 1612 Ὀτι
2619 1558 2727 1630 7&9
2763 1559 2893 1630 περὶ
2939 1558 3046 1612 τῶν
3091 1558 3357 1632 αἱρέσεων
3402 1556 3611 1610 τούτων
3637 1552 3759 1608 εἶπε

2183 1645 2290 1698 τῶν
2316 1644 2458 1699 κατά
2493 1644 2593 1708 τὰς
2617 1643 2897 1715 τραπέζας
2933 1644 3029 1696 καὶ
3066 1643 3166 1712 τῆς
3185 1640 3520 1711 φιλονεικίας
3549 1638 3759 1711 ταύτης

2182 1728 2278 1781 καὶ
2312 1726 2664 1793 διαστάσεως,
2716 1728 2812 1781 καὶ
2854 1729 2918 1780 ἑκ
2970 1726 3078 1780 τῶν
3112 1726 3238 1797 ἑξῆς
3274 1725 3436 1795 δῆλον
3476 1724 3758 1793 ἐποίησεν.

2183 1812 2367 1866 Εἰπὼν
2393 1811 2522 1884 γάρ,
2558 1813 2640 1864 ὃτι
2698 1812 2919 1866 Ἀκούω
2957 1810 3266 1879 σχίσματα
3306 1809 3377 1863 ἐν
3401 1808 3547 1878 ὑμῖν
3571 1807 3760 1875 ὑπάρ-

2183 1914 2333 1967 χειν,
2356 1897 2456 1950 οὐκ
2485 1895 2614 1967 ἔστη
2647 1895 2808 1965 μέχρι
2843 1895 3053 1957 τούτου,
3088 1892 3224 1947 ἀλλὰ
3265 1891 3481 1955 δεικνὺς
3508 1894 3641 1945 ποῖα
3674 1890 3759 1943 λέ-

2181 1998 2269 2050 γει
2306 1981 2599 2052 σχίσματα,
2629 1977 2834 2048 προῖὼν
2861 1995 3044 2049 φησιν,
3071 1978 3153 2031 ὃτι
3180 1977 3478 2042 Ἕκαστος
3510 1976 3579 2029 τὸ
3605 1975 3758 2029 ἴδιον

2183 2064 2429 2120 δεῖπνον
2452 2062 2853 2133 προλαμϐάνει
2878 2079 2893 2094 ·
2938 2063 3034 2115 καὶ
3066 2060 3248 2129 πάλιν,
3295 2059 3390 2127 Μὴ
3422 2060 3533 2129 γὰρ
3566 2059 3759 2125 clx/ac

2182 2151 2294 2202 οὐκ
2314 2147 2483 2216 ἔχετε
2517 2149 2605 2213 εὶς
2633 2147 2696 2200 τὸ
2722 2146 2950 2200 ἐσθίειν
2988 2145 3085 2198 καί
3127 2144 3361 2205 πίνειν;
3392 2144 3430 2209 ἢ
3468 2140 3584 2209 τῆς
3629 2142 3757 2195 Ἐκ-

2184 2231 2446 2299 κλησιας
2483 2230 2588 2285 τοῦ
2630 2228 2777 2283 Θεοῦ
2808 2226 3265 2297 καταφρονεῖτε;
3325 2225 3468 2279 Ἀλλ’
3520 2226 3604 2278 ὅτι
3659 2224 3756 2295 μὲν

2182 2317 2311 2386 περὶ
2328 2314 2531 2368 τούτων
2557 2308 2700 2374 εἷπε,
2722 2312 2898 2383 δῆλον.
2926 2313 2987 2365 Εἰ
3010 2312 3067 2364 δὲ
3097 2310 3372 2381 σχίσματα
3401 2308 3543 2362 αὐτά
3576 2306 3754 2371 καλεῖ,

2185 2401 2260 2469 μὴ
2295 2398 2614 2467 θαυμάσῃς’
2655 2397 2790 2466 ὅπερ
2833 2396 2941 2466 γάρ
2974 2394 3131 2463 ἔφην,
3159 2395 3223 2463 τῇ
3254 2391 3396 2459 λέξει
3431 2391 3757 2446 καθικέσθαι

2160 2481 2361 2537 ⁴αὐτῶν
2391 2480 2659 2551 βούλεται.
2712 2480 2770 2532 Ι⁴Σί
2817 2478 2873 2531 δὲ
2918 2478 3203 2548 δογμάτων
3230 2474 3299 2549 ἦν
3345 2476 3415 2530 τά
3455 2476 3755 2546 σχίσματα,

2180 2568 2281 2619 οὐκ
2337 2565 2402 2619 ἂν
2447 2563 2620 2627 οὕτως
2669 2562 2850 2623 αὐτοῖς
2899 2560 3145 2632 διελέχθη
3191 2561 3432 2632 ήμέρως.
3486 2559 3757 2611 ’Ἄκουσον

2181 2650 2310 2719 γοῦν
2335 2651 2462 2702 ὅταν
2498 2664 2551 2700 τι
2594 2646 2830 2700 τοιοῦτον
2870 2645 3024 2719 λέγῃ,
3078 2645 3194 2708 πῶς
3230 2638 3354 2697 ’ἐστι
3400 2641 3630 2713 σφοδρὸς
3662 2642 3757 2695 καὶ

2183 2731 2610 2801 ἀσφαλιζόμενος
2666 2730 2761 2782 καί
2817 2728 3120 2798 ἐπιτιμῶνο
3162 2724 3599 2797 ἀσφαλιζόμενος
3634 2724 3752 2796 μὲν,

2181 2818 2255 2882 ὡς
2286 2819 2411 2871 ὅταν
2455 2815 2610 2887 λέγῃ,
2652 2814 2781 2870 Κᾶν
2818 2812 3071 2883 ἄγγελος
3116 2810 3273 2880 ὑμᾶς
3307 2807 3755 2879 εὑαγτελίζηται

2180 2902 2317 2970 παρ’
2347 2901 2377 2954 ὃ
2408 2897 2785 2968 παρελάϐετε,
2827 2896 3094 2965 ἀνάθεμα
3131 2894 3321 2949 ἔστω·
3364 2891 3641 2961 ἐπιτιμῶν
3675 2891 3751 2950 δὲ.

2178 2985 2255 3049 ὡς
2276 2985 2404 3038 ὅταν
2438 2983 2591 3055 λέγῃ.
2642 2982 2870 3047 Οἵτινες
2914 2981 2984 3034 έν
3022 2980 3184 3048 νόμῳ
3223 2975 3590 3040 δικαιοῦσθε,
3646 2974 3756 3044 τῆς

2181 3066 2422 3137 χάριτος
2451 3064 2790 3130 έξεπέσετε.
2823 3064 2933 3117 Καὶ
2965 3061 3059 3116 νῦν
3094 3061 3194 3132 μὲν
3231 3060 3398 3124 κύνας
3431 3059 3593 3112 καλεῖ
3628 3058 3754 3121 τοὺς

2179 3150 2584 3222 διαφθείροντας
2608 3149 2801 3217 λέγων,
2842 3146 3104 3201 Βλέπετε
3146 3143 3288 3212 τοὺς
3314 3141 3508 3209 κύνας
3530 3160 3545 3176 ’
3573 3140 3672 3217 νῦν
3695 3141 3754 3194 δὲ

2181 3233 2753 3305 κεκαυτηριασμένους
2804 3231 2903 3302 τὴν
2968 3229 3293 3299 συνείδησιν,
3341 3227 3436 3282 καὶ
3484 3226 3755 3294 ἀγγέλους

2180 3318 2426 3373 διαϐόλου
2462 3316 2644 3371 πάλιν.
2702 3314 2843 3369 Ἀλλ’
2889 3314 2988 3367 οὐκ
3034 3312 3271 3367 ἐνταῦθα
3316 3309 3556 3364 τοιοῦτον
3596 3308 3754 3363 οὐδὲν

2182 3400 2352 3464 εἶπεν,
2380 3401 2493 3455 ἀλλ’
2515 3399 2734 3471 ήμέρως
2766 3399 2857 3451 καὶ
2884 3395 3207 3467 ὑφειμένως.
3245 3394 3310 3447 Τί
3338 3394 3396 3448 δέ
3417 3395 3588 3458 ἐστιν,
3619 3391 3754 3448 Ἵνα

2181 3489 2235 3540 οἱ
2262 3486 2496 3554 δόκιμοι
2538 3481 2785 3553 φανεροὶ
2814 3480 3098 3551 γένωνται
3142 3479 3212 3532 ὲν
3244 3478 3422 3548 ὑμῖν;
3459 3477 3580 3531 ἰνα
3612 3476 3751 3548 λάμ-

2179 3571 2323 3641 ψωσι
2348 3567 2626 3639 μειζόνως.
2669 3566 2735 3619 Ὃ
2760 3564 2817 3618 δὲ
2863 3562 3111 3634 βούλεται
3146 3562 3340 3626 εἰπεῖν,
3386 3558 3546 3614 τοῦτό
3584 3561 3751 3625 ἑστιν,

2180 3656 2262 3708 ὅτι
2288 3653 2426 3716 Τοὺς
2455 3649 2887 3722 άπεριτρέπτους
2912 3647 3006 3700 καὶ
3034 3646 3291 3717 στερροὺς
3324 3644 3385 3698 οὐ
3413 3644 3576 3715 μόνον
3601 3644 3754 3698 οὐδὲν

2179 3736 2340 3791 τοῦτο
2368 3733 2768 3806 παραϐλάπτει,
2798 3729 2931 3783 ἀλλά
2971 3729 3065 3781 καὶ
3110 3728 3349 3781 δείκνυσι
3386 3726 3613 3797 μᾶλλον,
3659 3726 3754 3780 καὶ

2181 3821 2590 3891 λαμπροτέρους
2612 3815 2920 3885 ἀποφαίνει.
2944 3813 3016 3867 Τὸ
3043 3812 3194 3885 [Ξιίῦ]
3223 3813 3354 3882 γὰρ,
3374 3811 3535 3875 Ἵνα,
3576 3809 3748 3876 τοῦτο,

2181 3908 2239 3959 οὐ
2263 3902 2534 3971 πανταχοῦ
2570 3899 2893 3965 αίτιολογίας
2911 3898 3075 3960 ἐστὶν,
3096 3895 3231 3950 ἀλλὰ
3258 3894 3530 3966 πολλαχοῦ
3547 3894 3643 3948 καὶ
3653 3894 3754 3965 τῆς

2181 3990 2290 4043 τῶν
2316 3986 2652 4058 πραγμάτων
2681 3982 2977 4046 ἐκϐάσεως.
3003 3979 3159 4035 Οῦτω
3183 3981 3277 4034 καὶ
3304 3982 3332 4033 ὁ
3357 3979 3595 4052 Χριστὸς
3623 3978 3754 4032 αὐτὸ

2181 4072 2413 4143 τίθησιν,
2448 4071 2576 4123 ὅταν
2618 4066 2772 4139 λέγῃ,
2817 4067 2923 4130 mg
2967 4064 3143 4133 κρῖμα
3169 4063 3283 4132 ἐγὼ
3312 4058 3506 4133 ἦλθον
3531 4065 3620 4127 είς
3648 4062 3754 4116 τὸν

2182 4158 2412 4224 κόσμον
2457 4152 2690 4214 τοῦτον,
2740 4149 2841 4203 ινα
2879 4150 2932 4201 οι
2965 4146 3050 4217 μὴ
3075 4145 3414 4212 ,βλέποντες
3449 4144 3754 4211 βλέπωσι,

2182 4240 2279 4294 καὶ
2308 4241 2364 4292 οὶ
2389 4236 2726 4302 βλέποντες
2750 4230 2968 4301 τυφλοί
2994 4233 3282 4300 γένωνται
3305 4245 3319 4259 '
3354 4227 3499 4283 οὕτω
3527 4228 3625 4283 καὶ
3654 4228 3759 4282 αὐ-

2181 4324 2272 4386 τὸς
2311 4324 2340 4375 6
2388 4318 2617 4381 Παῦλος,
2657 4318 2784 4371 ὅταν
2824 4315 2954 4385 περὶ
3004 4313 3099 4367 τοῦ
3143 4313 3310 4384 νόμου
3370 4311 3759 4382 διαλεγόμενος

2182 4408 2399 4478 γράφῃο
2430 4406 2626 4472 Νόμος
2652 4400 2721 4454 δὲ
2753 4397 3180 4467 παρεισῆλθεν,
3217 4399 3319 4451 ἵνα
3340 4394 3657 4465 πλεονάσῃ
3688 4396 3757 4450 τὸ

2182 4489 2565 4559 παράπτωμα.
2611 4484 2750 4538 Ἀλλ’
2781 4483 2905 4537 οὐτε
2936 4484 2965 4536 6
2989 4482 3150 4553 νόμος
3168 4481 3255 4535 διά
3279 4480 3437 4534 τοῦτο
3460 4478 3647 4548 ἑδόθη,
3671 4479 3759 4532 ἴνα

2183 4573 2389 4645 αὐξηθῇ
2413 4573 2480 4624 τὰ
2510 4570 2881 4641 ἁμαρτήματα
2911 4566 3019 4620 τῶν
3054 4566 3324 4619 Ἰουδαίων
3348 4583 3361 4596 ·
3393 4563 3551 4618 τοῦτο
3580 4563 3638 4617 δὲ
3665 4564 3755 4629 ἑξ-

2185 4659 2283 4729 έϐη
2307 4674 2321 4687 ·
2352 4652 2474 4708 οὐτε
2501 4655 2530 4707 6
2560 4652 2793 4723 Χριστὸς
2819 4649 2905 4703 διὰ
2936 4647 3094 4703 τοῦτο
3117 4645 3301 4719 ἦλθεν,
3339 4648 3425 4701 ἵνα
3452 4648 3503 4701 οἱ
3528 4645 3757 4729 βλέπονέ

2180 4728 2279 4805 τες
2298 4737 2487 4808 τυφλοὶ
2510 4737 2790 4805 γένωνται,
2822 4733 2959 4788 ἀλλά
2986 4732 3075 4786 διὰ
3093 4732 3154 4785 τὸ
3173 4731 3442 4786 ἐναντίον·
3476 4728 3679 4798 συνέϐη
3700 4728 3758 4781 δέ

2181 4826 2355 4879 τοῦτο.
2383 4820 2567 4883 Οὕτως
2616 4815 2709 4873 οὖν
2749 4820 2840 4872 καὶ
2886 4816 3119 4871 ἐνταῦθα
3150 4815 3369 4886 νοητέον
3411 4814 3492 4879 τὸ,
3529 4814 3668 4868 Ἵνα
3700 4815 3756 4865 οι

2183 4908 2411 4976 δόκιμοι
2440 4902 2684 4975 φανεροί
2712 4900 3019 4971 γένωνται.
3051 4898 3186 4953 Οὐδὲ
3208 4898 3316 4968 γὰρ
3343 4895 3431 4950 διά
3453 4895 3614 4949 τοῦτο
3634 4895 3755 4962 ἑγέ-

2182 5008 2332 5046 νοντο
2355 4989 2611 5061 αἱρέσεις,
2645 4986 2732 5040 ἴνα
2758 4986 2808 5039 οί
2832 4985 3044 5055 δόκιμοι
3065 4983 3288 5053 φανεροὶ
3307 4981 3594 5049 γένωνται.
3621 4978 3758 5031 ἀλλά

2181 5075 2290 5128 τῶν
2313 5074 2575 5145 αἱρέσεων
2608 5069 2812 5123 τούτων
2843 5066 3149 5137 γενομένων
3178 5064 3336 5119 τοῦτο
3363 5062 3583 5132 συνέϐη.
3611 5061 3758 5115 ταῦ-

2181 5176 2249 5213 τα
2279 5158 2336 5211 δὲ
2366 5152 2509 5220 εἷπε,
2534 5155 2659 5217 τοὺς
2682 5152 2919 5223 πένητας
2951 5146 3444 5219 παραμυθούμενος
3477 5147 3602 5208 τούς
3627 5161 3757 5213 75v-

2180 5242 2347 5305 ναίως
2397 5240 2657 5312 φέροντας
2705 5235 2802 5307 τὴν
2838 5233 3094 5303 τοιαύτην
3128 5231 3447 5303 ὑπεροψίαν.
3498 5229 3589 5281 Διὸ
3632 5227 3758 5280 οὐδὲ

2182 5321 2354 5388 εἶπεν,
2388 5311 2506 5377 ἰνα
2533 5320 2745 5389 δόκιμοι
2766 5318 3026 5387 γένωνται
3051 5333 3064 5347 ·
3093 5314 3231 5379 ἀλλ’,
3263 5313 3398 5368 Ἵνα
3426 5313 3481 5367 οί
3523 5311 3759 5378 δόκιμοι

2183 5410 2353 5475 ὄντες
2380 5403 2625 5477 φανεροὶ
2654 5401 2960 5471 γένωνται,
2988 5399 3160 5470 δηλῶν
3187 5399 3267 5452 ὅτι
3306 5398 3405 5451 καὶ
3429 5396 3535 5467 πρὸ
3560 5394 3758 5448 τούτου

2181 5492 2407 5546 τοιοῦτοι
2431 5485 2591 5560 ἦσαν,
2622 5486 2735 5539 ἀλλ’
2754 5484 3109 5555 ἀνεμίγνυντο
3126 5483 3238 5544 τοῖς
3262 5480 3497 5543 πολλοῖς,
3521 5479 3617 5532 καὶ
3650 5493 3761 5560 παῖ

2184 5559 2464 5647 ραμυθίας
2484 5568 2848 5631 ἀπολαύοντες
2892 5566 2992 5637 τῆς
3025 5563 3175 5635 παρὰ
3213 5563 3322 5647 τῶν
3357 5559 3761 5647 πλουσίων,-οὐ

2185 5642 2384 5725 σφόδρα
2404 5655 2684 5723 ἐφαίνοντο
2704 5668 2717 5683 ·
2748 5652 2865 5704 νυνὶ
2889 5649 2945 5703 δὲ
2974 5650 3007 5719 ή
3038 5649 3226 5710 στάσις
3252 5646 3393 5713 αὐτη
3422 5646 3516 5698 καὶ
3537 5644 3570 5712 ή
3598 5642 3760 5711 φιλο-

2182 5740 2358 5793 νεικία
2390 5738 2579 5810 δήλους
2606 5734 2800 5796 αὐτοὺς
2837 5732 3114 5802 ἐποίησεν,
3145 5731 3331 5810 ῶσπερ
3358 5727 3449 5781 τὸν
3482 5726 3755 5795 κυϐερνή-

2183 5842 2280 5898 την
2318 5827 2348 5880 6
2389 5820 2597 5895 χειμὼν
2641 5819 2898 5873 δείκνυσι.
2945 5817 3055 5871 Καὶ
3091 5814 3189 5868 οὐκ
3225 5809 3395 5881 εἶπεν,
3436 5811 3557 5867 Ἰνα
3589 5811 3760 5882 ὑμεῖς
