3990 6168
250 315 369 372 225

254 427 670 492 adscriberent;
717 434 886 495 neque
927 421 1072 481 enim
1117 421 1172 477 id
1216 421 1307 476 ille
1351 420 1602 475 tulisset:
1633 416 1726 473 sed
1765 432 1833 473 ex

256 522 593 584 aluindanti,
640 519 823 574 volens
862 516 1002 571 hunc
1042 528 1249 570 morem
1288 511 1542 567 radicitus
1569 509 1832 576 evellere,

261 615 502 685 scipsuru
530 613 789 681 apposuit,
817 608 1124 671 ostendens,
1150 604 1292 675 quod
1318 604 1362 659 si
1389 618 1449 658 se
1473 601 1590 672 quis
1618 601 1716 670 ipsi
1744 599 1863 659 ad-~

263 705 530 760 scriberet
555 718 584 756 a
612 699 874 757 communi
912 711 1141 768 corpore
1174 695 1476 759 abscissus,
1514 694 1590 748 sic
1627 706 1838 761 quoque

264 811 381 851 rem
408 809 526 850 esse
554 793 831 848 absurdam
858 799 915 846 et
935 799 1190 844 extrema:
1226 785 1540 855 iniquitatis.
1570 783 1625 838 Si
1661 791 1837 836 autem

268 888 319 941 in
353 887 452 941 hoc
479 893 589 940 erat
612 883 886 953 iniquitas,
916 881 1083 935 multo
1111 879 1280 948 magis
1308 878 1357 928 in
1386 876 1491 929 illis
1508 875 1597 944 qui
1627 873 1840 927 inferio-

266 993 351 1034 res
388 984 554 1033 erant.
597 976 732 1042 Quia
777 975 942 1045 igitur
979 972 1234 1040 disiectus
1271 979 1326 1023 et
1362 968 1562 1021 divisus
1598 974 1713 1020 erat
1753 964 1840 1018 hic

259 1087 394 1135 nios,
415 1069 808 1141 pulcherrimus
837 1067 927 1121 ille
946 1077 998 1120 et
1019 1064 1330 1120 utilissimus
1350 1061 1532 1132 (causa
1555 1059 1697 1112 enim
1724 1064 1839 1111 erat

256 1160 489 1216 caritatis
506 1200 522 1222 ,
557 1157 888 1228 paupertatis
911 1154 1206 1211 consolatio
1223 1194 1239 1219 ,
1266 1152 1565 1206 divitiarum
1593 1147 1839 1202 modera-

258 1252 348 1314 tio,
378 1253 737 1319 maximaique
762 1246 1117 1319 philoSOphize
1135 1245 1368 1309 occasio,
1391 1252 1447 1297 et
1468 1241 1711 1296 doctrina
1741 1239 1838 1292 hu-

255 1344 517 1413 militatis)
551 1362 564 1397 :
592 1345 716 1412 quia
747 1344 910 1412 igitur
935 1340 1133 1396 sciebat
1161 1348 1304 1393 tanta
1336 1337 1473 1390 bona
1500 1348 1624 1389 esse
1649 1347 1835 1387 corru-

256 1449 375 1508 pta,
419 1438 546 1507 jure
585 1437 693 1490 acri
739 1450 867 1490 usus
913 1444 994 1489 est
1033 1433 1304 1495 oratione,
1344 1430 1422 1485 sic
1461 1428 1648 1483 dicens
1679 1445 1693 1480 :
1723 1424 1838 1479 Hoc

253 1542 427 1586 autem
457 1530 772 1600 praecipiens,
800 1546 899 1581 non
926 1527 1095 1582 laudo.
1120 1526 1176 1581 In
1202 1524 1364 1596 priori
1395 1537 1586 1593 nempe
1613 1534 1835 1575 accusa-

258 1624 428 1687 tione,
452 1621 596 1692 quod
625 1621 835 1691 plurimi
857 1632 1032 1674 eSsent
1056 1618 1147 1688 qui
1166 1617 1528 1678 observarent,
1553 1614 1659 1667 alio
1679 1610 1836 1666 modo

261 1715 466 1784 incepit
504 1712 592 1766 his
622 1711 802 1766 verbis
827 1726 842 1763 :
874 1708 1053 1763 Laudo
1081 1718 1244 1761 autem
1268 1723 1354 1760 vos
1374 1747 1390 1772 ,
1416 1706 1534 1775 quia
1559 1720 1648 1776 per
1671 1702 1841 1757 omnia

259 1806 365 1858 mei
406 1803 742 1866 meministis;
774 1801 858 1856 hic
884 1815 1010 1854 vero
1042 1810 1223 1854 contra
1256 1815 1269 1852 :
1305 1796 1420 1852 Hoc
1453 1806 1619 1850 autem
1658 1794 1841 1864 prteri-

262 1898 443 1963 piens,
476 1911 575 1948 non
606 1893 779 1946 larido.
809 1890 1019 1947 Idcirco
1052 1904 1226 1959 neque
1261 1897 1382 1959 post
1421 1886 1836 1955 increpationem

263 1999 450 2039 eorum
480 1986 569 2054 qui
595 1983 894 2054 idolotltyta
917 1980 1301 2046 comedebant,
1334 1982 1507 2049 posuit
1543 1977 1670 2032 illud
1694 1991 1709 2041 ;
1740 1975 1835 2030 sed

257 2077 382 2146 quia
406 2076 652 2145 asperius
681 2073 811 2128 illud
834 2082 970 2138 erat,
996 2072 1173 2127 medio
1198 2071 1474 2139 interiecto
1498 2082 1746 2125 sermone
1766 2067 1836 2122 de

260 2180 411 2221 coma
437 2182 453 2230 ;
485 2182 552 2220 ne
589 2181 655 2220 ex
699 2164 908 2234 asperis
948 2162 1404 2218 criminationibus
1433 2162 1485 2215 itt
1514 2161 1645 2215 alias
1671 2160 1834 2216 etiam

249 2262 514 2315 molestas
542 2258 805 2314 transiens
832 2256 1012 2312 acrior
1037 2256 1321 2319 videretur,
1351 2264 1473 2308 tunc
1501 2252 1568 2306 ad
1594 2252 1837 2322 aSperius

250 2365 469 2406 rursum
496 2352 661 2413 venit,
688 2358 744 2404 et
766 2347 841 2403 ait
869 2366 885 2404 :
913 2346 1030 2401 Hoc
1054 2356 1221 2400 autem
1249 2347 1566 2416 prtecipiens,
1594 2360 1696 2397 non
1724 2344 1838 2396 lau-

251 2442 346 2496 do.
385 2441 704 2508 Quodnam?
732 2439 887 2508 Quod
922 2454 1063 2494 nunc
1087 2439 1330 2493 dicturus
1362 2452 1503 2492 sum.
1532 2436 1667 2504 Quid
1707 2434 1837 2490 illud

250 2542 367 2600 est,
397 2530 709 2602 Prtecipiens
735 2547 841 2585 non
865 2529 1058 2584 laudo?
1087 2528 1195 2583 Vos
1222 2542 1331 2582 non
1358 2526 1617 2597 approbo,
1647 2524 1865 2594 inquit,.

253 2625 403 2695 quod
430 2639 514 2679 me
543 2623 611 2679 ad
634 2622 845 2679 consilii
874 2621 1034 2676 dandi
1063 2620 1435 2676 necessitatem
1462 2617 1790 2673 adduxeritis
1819 2634 1834 2671 :

254 2734 372 2773 non
401 2716 559 2772 laudo
579 2757 594 2780 ,
620 2715 762 2785 quod
790 2714 892 2770 hac
921 2714 973 2768 in
1000 2729 1060 2768 re
1091 2712 1335 2768 deelrina
1373 2725 1507 2780 opus
1548 2708 1839 2764 habueritis

251 2819 311 2864 et
342 2808 709 2863 admonitione
735 2821 877 2862 mea.
902 2805 1086 2860 Viden‘
1109 2801 1378 2874 quomodo
1396 2801 1464 2854 ab
1486 2801 1635 2855 initio
1659 2808 1839 2855 osten-

244 2900 401 2955 ‘derit
430 2913 541 2952 rem
572 2912 692 2952 esse
728 2892 1015 2952 admodum
1056 2893 1382 2950 absurdam?
1410 2892 1541 2947 Cutn
1572 2893 1712 2946 enim
1741 2890 1838 2945 ad-

255 2992 556 3047 monitione
587 3004 725 3060 opus
753 3005 857 3044 non
888 2989 1083 3044 habere
1112 2987 1302 3043 debeat
1342 2987 1388 3041 is
1429 2987 1518 3055 qui
1561 2996 1745 3056 peccat
1770 2984 1838 3040 ad

256 3099 370 3136 non
401 3082 764 3151 peccandum,
792 3090 918 3135 tunc
947 3081 1096 3135 venia
1127 3080 1399 3150 indignum
1427 3088 1509 3133 est
1539 3087 1835 3148 peccatum.

253 3172 329 3229 Et
354 3187 450 3227 cur
477 3188 581 3226 non
610 3170 832 3226 laudas?
860 3171 995 3238 Quia
1013 3187 1114 3225 non
1137 3170 1189 3225 in
1212 3171 1408 3233 melius,
1436 3170 1525 3224 sed
1546 3170 1599 3223 in
1624 3170 1839 3224 deterius

252 3264 555 3329 convenitis,
580 3264 770 3335 inquit.
800 3263 914 3318 Hoc
935 3273 1038 3331 est,
1065 3263 1186 3334 quia
1208 3263 1275 3317 ad
1304 3264 1551 3317 virtutem
1582 3278 1687 3316 non
1714 3276 1839 3332 pro-

256 3356 468 3411 fectum
495 3355 718 3411 habetis.
749 3356 880 3411 Cum
910 3364 1181 3425 oporteret
1205 3356 1345 3409 enim
1367 3356 1435 3410 ad
1461 3354 1681 3410 meliora
1711 3369 1837 3425 per-

256 3461 424 3519 gere,
442 3456 496 3502 et
521 3447 691 3516 maius
723 3461 843 3503 esse
876 3446 1183 3517 proﬁciendi
1214 3447 1570 3511 desiderium;
1604 3461 1699 3500 vos
1721 3461 1836 3499 mo-

252 3557 387 3598 rem
409 3541 499 3612 qui
521 3539 629 3611 jam
658 3540 941 3594 invaluerat
963 3539 1248 3605 minuislis,
1277 3549 1436 3609 atque
1457 3541 1525 3593 ita
1552 3538 1836 3605 minuistis,

252 3643 318 3688 ut
357 3649 487 3688 tneo
532 3632 735 3703 egeatis
780 3642 1039 3702 praecepto
1081 3648 1189 3702 quo
1226 3632 1293 3685 ad
1336 3634 1566 3700 priorem
1608 3629 1840 3685 redeatis

246 3726 534 3781 ordinem.
567 3724 770 3780 Deinde
793 3739 861 3779 ne
885 3724 1152 3779 videretur
1178 3723 1292 3778 huic
1326 3733 1543 3793 propter
1580 3736 1840 3792 pauperes

251 3828 467 3872 tantum
495 3817 711 3883 dicere,
749 3833 854 3871 non
892 3818 1070 3871 statim
1108 3816 1175 3871 ad
1212 3830 1514 3870 sermonem
1543 3814 1610 3869 de
1641 3814 1840 3867 mensis

248 3920 551 3983 properat,
585 3897 641 3966 ut
667 3927 737 3967 ne
773 3911 1190 3981 increpationetn
1239 3911 1461 3963 multum
1506 3906 1712 3961 timoris
1754 3904 1839 3959 in-

246 4014 548 4058 cutientcm
577 4003 905 4073 contemptui
935 4011 1182 4072 exponat,
1214 4001 1307 4056 sed
1335 4000 1525 4071 qua-rit
1551 4000 1839 4054 dictionem

243 4096 604 4161 acerrimam,
630 4110 749 4166 qua:
775 4095 999 4150 multum
1030 4094 1222 4149 inferat
1252 4095 1511 4147 timorem.
1535 4091 1670 4158 Quid
1695 4091 1837 4145 enim

244 4188 369 4242 ait?
401 4186 497 4242 18.
527 4185 756 4241 Primum
783 4187 987 4258 quidem
1014 4185 1412 4240 convenientibus
1444 4183 1577 4236 vobis
1605 4184 1657 4235 iu
1685 4182 1840 4235 eccle-

238 4279 324 4331 sia
347 4321 366 4340 ,
400 4277 564 4331 audio
601 4277 845 4332 scissuros
881 4293 987 4331 esse
1021 4278 1152 4330 inter
1180 4292 1284 4329 vos.
1320 4273 1435 4327 Non
1466 4271 1631 4337 dicit,
1668 4270 1840 4325 Audio

241 4373 401 4426 enim
430 4384 530 4425 vos
558 4385 667 4425 non
698 4371 750 4424 in
781 4370 1049 4425 communi
1087 4383 1338 4431 ctenare;
1368 4365 1525 4420 audio
1565 4363 1706 4419 enim
1744 4376 1840 4417 vos

239 4464 489 4522 seorsim
515 4463 820 4526 comedere,
844 4470 900 4517 et
928 4478 1032 4515 non
1057 4476 1174 4515 cum
1203 4459 1552 4529 pauperibus;
1579 4455 1673 4510 sed
1696 4455 1839 4527 quod

240 4559 426 4629 magis
471 4565 681 4626 poterat
717 4555 954 4625 ipsorum
983 4554 1217 4608 animum
1247 4548 1711 4615 commovere,hoc
1742 4563 1839 4618 po-

238 4662 353 4707 suit
373 4693 394 4717 ,
430 4650 489 4705 id
516 4659 632 4715 est,
662 4648 966 4704 schismatis
993 4663 1186 4701 nomen
1204 4686 1218 4710 ,
1245 4644 1386 4716 quod
1419 4644 1578 4698 etiam
1618 4641 1839 4712 hujusce

237 4744 320 4800 rei
358 4758 536 4800 causa
582 4752 700 4798 erat
729 4760 741 4795 :
772 4755 1058 4810 rursusque
1089 4738 1219 4793 illud
1248 4736 1513 4792 revocavit
1546 4737 1598 4790 in
1628 4749 1835 4790 memo-

238 4836 409 4902 riam,
439 4834 516 4890 de
551 4847 657 4904 quo
693 4833 743 4885 in
772 4831 1010 4901 epistola:
1049 4829 1308 4900 principio
1336 4827 1533 4881 dictum
1564 4824 1752 4889 fuerat,
1784 4834 1838 4879 et

234 4927 615 4999 signiﬁcatum
641 4926 709 4980 ab
730 4925 793 4979 iis
814 4924 902 4995 qui
929 4933 1083 4987 erant
1107 4921 1316 4977 Chloes.
1343 4918 1408 4971 Et
1429 4935 1491 4972 ea:
1511 4927 1650 4986 parte
1667 4921 1834 4971 credo.

311 5013 370 5066 2.
386 5009 477 5064 Ne
493 5008 738 5062 dicereut
764 5005 932 5068 enim,
954 5001 1097 5069 Quid
1117 5002 1163 5056 si
1186 5002 1519 5055 mentiantur
1537 5003 1839 5056 calumnia-

238 5101 441 5159 tores?
472 5112 654 5167 neque
678 5096 813 5152 dicit
843 5111 903 5152 se
925 5094 1169 5158 credere,
1191 5091 1695 5162 neimpudentiores
1715 5094 1838 5149 illos

240 5194 484 5257 reddat;
513 5203 689 5258 neque
712 5195 933 5242 rursum
952 5202 1059 5240 non
1091 5184 1340 5249 credere,
1363 5198 1429 5237 ne
1457 5182 1703 5237 videatur
1726 5183 1841 5238 fru-

243 5297 360 5342 stra
374 5287 675 5352 increpare
691 5296 706 5345 ;
723 5282 839 5342 sed,
856 5278 1068 5333 Partem
1086 5276 1367 5348 quamdam
1387 5276 1562 5336 credo.
1576 5276 1770 5346 inquit,
1786 5277 1841 5333 id

247 5387 446 5445 est,ex
475 5373 691 5429 modica
714 5381 868 5443 parte
889 5370 1407 5437 credo,anxiosillos
1419 5368 1671 5434 reddens,
1698 5376 1752 5424 et
1773 5370 1841 5424 ad

249 5466 630 5523 correctionis
654 5465 892 5521 reditum
917 5478 1140 5518 vocans.
1163 5462 1246 5518 l9.
1274 5460 1415 5515 Nam
1436 5472 1485 5515 et
1514 5473 1713 5531 oportet
1733 5462 1844 5518 hw-

252 5577 398 5615 rese:
414 5575 537 5615 esse
557 5559 610 5612 in
629 5558 799 5624 vobis,
821 5566 879 5611 ut
899 5557 989 5627 qui
1012 5556 1217 5625 probati
1246 5564 1367 5609 sunt
1383 5596 1398 5619 ,
1419 5556 1690 5623 manifesti
1707 5558 1843 5627 ﬁant

251 5655 307 5706 in
319 5652 500 5708 vobis.
517 5649 769 5708 llaereses
796 5651 886 5705 hic
900 5650 1054 5714 dicit,
1073 5665 1183 5703 non
1207 5648 1370 5704 hasce
1389 5664 1509 5717 quae
1532 5650 1598 5705 de
1620 5652 1842 5723 dogma-

254 5744 409 5801 tibus
442 5755 605 5811 sunt,
643 5745 743 5803 sed
775 5744 972 5800 borum
1008 5742 1383 5799 schismatum.
1414 5740 1565 5807 Quod
1599 5744 1641 5798 si
1675 5745 1838 5801 etiam

1273 305 1340 362 IN
1380 300 1593 361 EPIST.
1629 298 1650 358 Ι
1717 303 1807 358 AD
1842 303 2000 363 C08.
2043 303 2271 361 llOSIlL.
2314 304 2525 362 XXVII.

3406 310 3510 368 226

1943 417 2248 490 dogntatum
2292 420 2533 486 diceret,
2579 434 2752 493 neque
2800 422 2869 477 ita
2924 438 3107 479 ausam
3156 425 3325 480 daret.
3376 426 3508 482 Nam

1940 509 2186 565 Christus
2212 510 2317 573 ait.
2349 510 2565 567 Necesse
2588 523 2661 567 est
2693 523 2751 567 ut
2781 515 2980 569 veniant
3015 516 3258 570 scandala
3283 516 3510 588 (Matth.

1939 602 2028 659 18.
2050 603 2129 674 7),
2158 619 2261 658 non
2288 604 2490 659 arbitrii
2518 606 2813 662 libertatem
2843 608 3184 671 labefactans.
3215 626 3387 681 neque
3416 629 3513 665 nc-

1937 698 2242 751 cessitatem
2276 697 2557 767 quamdam
2599 709 2653 754 et
2693 700 2800 755 vim
2834 702 2885 755 in
2915 703 3074 756 vitam
3117 703 3390 769 inferens;
3419 705 3513 761 sed

1938 786 2078 856 quod
2108 801 2176 842 ex
2201 789 2340 842 mala
2375 789 2645 844 hominum
2685 802 2862 848 mente
2890 794 3111 848 omnino
3140 795 3370 851 futurum
3398 809 3513 855 erat

1942 876 2268 945 przedicens,
2299 878 2529 935 futurum
2561 899 2783 952 nempe,
2812 902 2916 939 non
2943 886 3013 941 oh
3042 888 3184 944 illius
3211 890 3510 958 prtedictio-

1941 983 2083 1031 nem,
2117 970 2211 1025 sed
2238 986 2305 1025 ex
2330 974 2509 1027 animo
2548 989 2756 1042 eorum,
2786 978 2874 1047 qui
2913 979 3191 1035 insanabili
3225 984 3408 1039 morbo
3433 985 3512 1040 la~

1940 1058 2218 1116 borabam.
2249 1062 2432 1133 Neque
2459 1064 2601 1119 enim
2625 1068 2746 1137 quia
2789 1068 3051 1138 prtedixit,
3082 1072 3165 1125 illa
3194 1072 3329 1129 facta
3355 1087 3511 1141 sunt,

1940 1151 2034 1204 sed
2059 1153 2180 1221 quia
2205 1155 2423 1209 omnino
2446 1154 2677 1211 futurum
2704 1169 2838 1225 erat,
2865 1160 2983 1215 ideo
3012 1164 3271 1232 prtcdixit.
3302 1166 3512 1222 Etenim

1940 1243 1984 1297 si
2012 1258 2074 1297 cx
2107 1248 2422 1302 necessitate
2448 1250 2691 1304 venirent
2725 1253 2994 1319 scandala,
3027 1266 3082 1310 et
3108 1273 3211 1311 non
3242 1274 3305 1311 ex
3334 1262 3514 1317 animo

1941 1348 2124 1389 eorum
2169 1338 2260 1406 qui
2302 1340 2387 1393 illa
2428 1340 2781 1410 induxerunt,
2821 1360 3212 1415 supervacance
3246 1349 3512 1407 dixisset:

1948 1425 2038 1482 γω
2072 1429 2264 1484 homini
2294 1432 2402 1495 illi,
2432 1450 2519 1503 per
2542 1452 2685 1502 quem
2708 1439 3006 1492 scandalum
3027 1442 3155 1496 venit
3191 1441 3377 1517 (Ibid).
3409 1446 3513 1502 Sed

1943 1521 2056 1575 haec
2092 1522 2327 1589 pluribus
2357 1524 2705 1582 disseruimus
2742 1529 2795 1584 in
2834 1531 2949 1600 ipso
2984 1532 3101 1588 loco
3130 1551 3143 1587 :
3175 1550 3313 1591 nunc
3336 1549 3513 1592 autem

1940 1611 2007 1666 ad
2034 1615 2360 1684 propositum
2385 1619 2701 1675 veniendum
2731 1632 2832 1677 est.
2860 1623 3012 1691 Quod
3041 1626 3108 1680 de
3135 1627 3198 1681 iis
3225 1629 3515 1685 ltmresihus

1939 1704 2103 1773 dicat,
2127 1723 2247 1779 qute
2267 1710 2405 1765 circa
2436 1726 2648 1766 mensas
2673 1714 3040 1782 versabantur,
3069 1716 3239 1787 deque
3266 1718 3364 1773 hac
3388 1736 3517 1775 con-

1942 1799 2181 1853 tentione
2222 1810 2277 1854 et
2317 1801 2691 1872 dissensione,
2725 1819 2790 1859 ex
2831 1809 3173 1875 sequentibus
3208 1810 3514 1867 declaravit.

1939 1884 2073 1941 Cum
2100 1886 2361 1945 dixissent
2389 1894 2530 1947 enim
2553 1932 2570 1957 ,
2597 1893 2762 1947 Audio
2797 1895 3070 1950 schismata
3108 1913 3212 1952 esse
3238 1901 3369 1954 inter
3395 1917 3480 1955 vos
3497 1942 3515 1967 ,

1940 1993 2046 2032 non
2077 1978 2161 2033 hic
2189 1981 2463 2048 constitit,
2495 1983 2587 2037 sed
2623 1985 2912 2041 ostendens
2948 2003 3189 2057 quamam
3230 1991 3515 2045 schismata

1940 2078 2139 2135 essent,
2165 2086 2476 2142 progressus
2501 2073 2647 2135 dicit.
2676 2076 2763 2131 21.
2793 2076 3143 2149 Unusquisque
3162 2098 3305 2135 suam
3326 2100 3518 2138 (tenam

1940 2163 2196 2230 prtrsumit
2219 2181 2238 2228 ,'
2259 2175 2312 2218 et
2342 2180 2573 2229 rursum,
2597 2167 2689 2220 22.
2717 2167 2977 2236 Numquid
2996 2171 3172 2225 domos
3199 2190 3297 2227 non
3329 2175 3518 2230 habetis

1940 2251 2009 2303 ad
2031 2253 2441 2309 manducandum
2465 2269 2508 2310 et
2533 2258 2795 2312 bibendum
2819 2262 2844 2313 Ρ
2866 2271 2954 2315 aut
2982 2263 3240 2317 ecclesiam
3272 2264 3371 2321 Dei
3397 2285 3518 2322 con-

1943 2344 2324 2400 temnitis?Scd
2350 2347 2491 2417 quod
2530 2348 2597 2404 de
2639 2351 2719 2404 his
2745 2352 2919 2417 dicat,
2953 2358 3288 2425 perspicuum
3330 2370 3427 2413 est.
3462 2361 3516 2415 Si

1940 2443 2116 2489 autem
2139 2436 2420 2492 schismata
2445 2439 2533 2494 illa
2558 2451 2731 2506 vocet,
2758 2458 2825 2498 ne
2851 2445 3062 2499 mireris
3091 2463 3105 2499 :
3135 2462 3277 2511 nam,
3304 2459 3359 2503 ιιι
3383 2450 3514 2518 dixi,

1942 2523 2042 2580 hac
2078 2525 2309 2583 dictione
2344 2530 2462 2584 illos
2498 2531 2764 2587 incessere
2798 2535 2929 2588 vult.
2965 2536 3021 2591 Si
3053 2553 3179 2593 vero
3213 2541 3516 2612 doginatum

1942 2616 2228 2673 schismata
2262 2630 2473 2685 essent,
2507 2638 2609 2676 non
2640 2624 2707 2677 ita
2742 2639 3019 2681 mansuete
3043 2643 3162 2684 cum
3200 2631 3300 2685 illis
3329 2634 3518 2703 loquu-

1943 2715 2027 2760 tus
2063 2717 2225 2763 esset.
2258 2711 2394 2764 Audi
2436 2712 2595 2781 igitur
2626 2714 2768 2768 illum
2797 2716 2901 2770 tale
2928 2718 3197 2788 quidpiam
3223 2722 3517 2791 dicentem,

1941 2811 2099 2867 quam
2124 2798 2195 2853 sit
2219 2799 2537 2865 vehemens,
2566 2813 2620 2858 et
2644 2806 2766 2859 dum
2796 2809 3078 2863 conﬁrmat
3105 2820 3159 2865 et
3187 2813 3311 2866 dum
3344 2814 3519 2883 incre-

1944 2897 2069 2957 pat;
2100 2891 2423 2949 conﬁrmans
2447 2895 2692 2965 quidem,
2732 2907 2784 2952 ut
2821 2914 2942 2954 eum
2981 2901 3109 2956 dicit
3139 2920 3153 2956 :
3184 2903 3398 2961 Etiamsi
3422 2924 3519 2961 an—

1942 2980 2083 3050 gelus
2106 2982 2241 3037 vobis
2265 2986 2565 3056 evangelizet
2600 3000 2781 3055 prtem
2815 2990 2870 3043 id
2901 2993 3038 3062 quod
3063 2997 3324 3064 accepistis
3344 3039 3358 3063 ,
3389 3016 3520 3053 ana-

1943 3070 2109 3125 thema
2132 3073 2196 3127 sit
2223 3073 2361 3145 (Gcl.
2391 3076 2439 3130 1.
2473 3076 2558 3147 8);
2587 3077 2866 3149 increpans
2886 3097 3034 3151 vero,
3061 3093 3116 3137 ut
3136 3100 3256 3140 cum
3282 3088 3357 3142 ait
3382 3107 3394 3143 :
3420 3089 3521 3156 Qui

1941 3161 1995 3214 in
2017 3161 2124 3234 lege
2147 3166 2518 3235 justi/Scantini,
2544 3186 2575 3221 a
2599 3172 2765 3240 gratia
2790 3174 3044 3229 excidistis
3071 3176 3232 3246 (Ibid.
3265 3180 3318 3233 5.
3351 3182 3425 3252 4).
3453 3184 3520 3238 Et

1944 3269 2086 3310 nunc
2104 3256 2314 3326 quidem
2339 3274 2500 3315 canes
2526 3273 2677 3317 vocat
2698 3279 2790 3318 eos
2811 3267 2899 3335 qtti
2921 3280 3285 3338 corrumpunt,
3311 3274 3517 3342 dicens,

1952 3346 2127 3403 Videte
2154 3366 2299 3405 canes
2326 3352 2578 3423 (Philipp.
2603 3356 2655 3410 '5.
2683 3356 2739 3427 2)
2767 3373 2780 3410 :
2809 3374 2949 3413 nunc
2978 3370 3150 3416 autem
3178 3368 3413 3420 cauterio
3441 3367 3522 3421 iu-

1944 3447 2116 3493 ustam
2145 3440 2398 3497 habentes
2425 3446 2806 3501 conscientiam
2837 3438 2914 3517 (1.
2945 3449 3079 3503 Tim.
3113 3453 3165 3506 4.
3197 3454 3285 3521 2),
3312 3466 3365 3509 et
3395 3474 3517 3511 rur-

1944 3544 2037 3585 sus
2062 3533 2278 3600 angelos
2304 3534 2520 3588 diaboli.
2551 3538 2619 3591 At
2646 3538 2730 3593 hic
2763 3540 2892 3594 nihil
2922 3542 3026 3593 tale
3055 3543 3218 3608 dixit,
3248 3547 3341 3600 sed
3372 3565 3523 3603 man-

1944 3631 2093 3675 suete
2122 3637 2185 3677 ac
2211 3624 2451 3679 remisse.
2475 3626 2609 3693 Quid
2636 3639 2717 3683 est
2742 3638 2939 3696 autem,
2968 3630 3034 3686 Ut
3055 3635 3141 3702 qui
3168 3636 3363 3702 probati
3381 3649 3518 3707 sunt,

1944 3713 2199 3781 manifesti
2227 3717 2355 3784 ﬁant
2382 3717 2434 3769 in
2460 3717 2636 3774 vobis?
2669 3720 2736 3776 Ut
2772 3723 2942 3791 magis
2980 3727 3376 3795 resplendeant.
3408 3731 3521 3787 lloc

1944 3814 2026 3859 est
2047 3815 2223 3861 autem
2252 3810 2393 3878 quod
2419 3811 2530 3864 vult
2556 3812 2732 3868 dicere
2763 3833 2776 3866 :
2805 3815 2908 3869 Eos
2938 3817 3025 3884 qui
3057 3818 3273 3874 stabiles
3301 3829 3356 3876 et
3383 3825 3519 3878 lirmi

1944 3906 2088 3963 sunt,
2122 3913 2227 3953 non
2260 3899 2418 3954 modo
2446 3900 2576 3955 nihil
2607 3907 2796 3959 horum
2829 3906 2990 3971 laedit,
3025 3909 3116 3963 sed
3159 3913 3317 3965 etiam
3351 3917 3519 3985 magis

1943 3989 2179 4046 ostendit
2205 3991 2481 4061 redditque
2500 3995 2770 4051 clariores.
2803 3997 2935 4053 Illud
2963 4002 3126 4064 enim,
3151 4012 3226 4067 ut,
3251 4020 3353 4057 non
3378 4021 3521 4060 sent-

1946 4093 2040 4148 per
2066 4095 2281 4135 causam
2314 4082 2651 4145 indicat,'sed
2680 4087 2838 4141 etiam
2871 4104 3013 4159 saepe
3044 4107 3218 4146 rerum
3246 4107 3515 4151 eventum.

1944 4169 2017 4223 lta
2043 4180 2097 4225 et
2119 4171 2362 4227 Christus
2392 4173 2444 4228 id
2473 4175 2688 4232 adhibet
2712 4194 2832 4233 cum
2863 4181 2990 4237 dicit
3021 4199 3036 4235 :
3067 4182 3131 4235 In
3150 4185 3399 4251 judicium
3428 4204 3519 4255 ego

1941 4263 2053 4316 veni
2081 4264 2132 4316 in
2161 4264 2293 4317 hunc
2321 4266 2565 4320 mundum
2587 4309 2601 4331 ,
2633 4280 2689 4321 ut
2719 4286 2819 4323 non
2849 4273 3068 4327 videntes
3103 4275 3305 4328 videant
3328 4318 3342 4341 ,
3373 4289 3419 4330 et
3446 4281 3521 4332 vi-

1942 4354 2113 4407 dentes
2146 4358 2264 4408 rteci
2303 4356 2429 4422 ﬁant
2468 4356 2646 4425 (Joan.
2689 4361 2742 4413 9.
2772 4361 2885 4428 59).
2928 4363 3018 4415 Sic
3055 4374 3108 4418 et
3145 4365 3257 4433 ipse
3287 4367 3517 4433 Paulus,

1942 4460 2062 4498 cum
2101 4444 2168 4498 de
2212 4445 2327 4514 lege
2372 4447 2642 4502 disserens
2684 4450 2868 4504 scribit
2900 4468 2913 4505 :
2951 4451 3058 4506 Lex
3093 4454 3419 4522 subinlravit,
3463 4471 3518 4513 ut

1942 4536 2218 4590 abundaret
2245 4538 2483 4591 delictum
2513 4539 2685 4610 (Rom.
2714 4542 2766 4596 5.
2795 4541 2909 4614 20).
2947 4543 3051 4599 Sed
3083 4562 3255 4616 neque
3284 4550 3363 4604 lex
3398 4551 3517 4605 ideo

1942 4627 2063 4682 data
2091 4638 2193 4695 est,
2223 4638 2280 4683 ut
2306 4639 2518 4699 peccata
2547 4631 2853 4689 Judteorum
2883 4649 3237 4706 augerentur;
3270 4641 3395 4697 illud
3421 4658 3517 4697 au-

1943 4731 2049 4774 tem
2089 4721 2265 4774 evenit
2295 4739 2308 4774 :
2340 4738 2510 4792 neque
2544 4724 2787 4780 Christus
2827 4726 2948 4782 ideo
2974 4734 3152 4796 venit,
3185 4741 3241 4786 ut
3275 4734 3516 4791 videntes

1941 4813 2067 4867 caici
2097 4812 2319 4878 ﬁerent;
2348 4815 2442 4869 sed
2482 4828 2699 4885 propter
2745 4820 3067 4874 contrariam
3114 4838 3226 4877 rem
3258 4844 3273 4877 :
3304 4834 3358 4879 at
3388 4826 3514 4882 illud

1941 4902 2013 4957 ita
2035 4905 2274 4975 contigit.
2299 4905 2388 4959 Sic
2417 4905 2576 4975 igitur
2594 4917 2645 4961 et
2670 4908 2770 4964 hoc
2801 4909 2916 4966 loco
2939 4911 3334 4983 intelligendum
3362 4917 3512 4981 illud,

1945 4994 2012 5049 Ut
2037 4996 2122 5065 qui
2149 4995 2343 5065 probati
2367 5007 2514 5062 sunt,
2550 5000 2804 5072 manifesti
2828 5004 2974 5071 ﬁant.
3000 5003 3183 5072 Neque
3223 5007 3365 5060 enim
3398 5008 3518 5062 ideo

1940 5088 2094 5144 facta:
2137 5100 2261 5144 sunt
2300 5091 2563 5155 intereses,
2597 5102 2653 5145 ut
2686 5095 2771 5163 qui
2805 5096 3010 5164 probati
3039 5105 3219 5150 essent
3252 5099 3515 5156 manifesti

1942 5182 2169 5248 ﬁerent;
2193 5182 2287 5237 sed
2309 5183 2716 5238 advenientibus
2739 5186 2819 5239 Itis
2842 5186 3153 5253 lneresibus,
3181 5189 3280 5245 hoc
3302 5191 3515 5250 accidit.

1942 5278 2068 5333 lltec
2096 5293 2255 5347 porro
2277 5278 2424 5343 dicit,
2456 5292 2715 5347 pauperes
2739 5280 3043 5345 consolans,
3072 5282 3162 5351 qui
3194 5283 3352 5338 talem
3383 5301 3517 5339 con-

1942 5379 2203 5439 tetnptum
2234 5369 2441 5423 fortiter
2472 5369 2693 5423 ferrent.
2727 5368 2849 5423 Ideo
2885 5386 2988 5425 non
3018 5371 3183 5439 dixit,
3217 5373 3282 5430 Ut
3312 5376 3516 5442 probati

1940 5464 2089 5529 ﬁant,
2118 5462 2234 5527 sed,
2268 5462 2334 5517 Ut
2359 5466 2443 5533 qui
2472 5462 2666 5532 probati
2689 5472 2826 5529 sunt,
2857 5466 3113 5533 manifesti
3140 5468 3266 5535 ﬁant
3297 5484 3315 5520 :
3340 5468 3515 5521 decla-

1941 5571 2064 5610 rans
2092 5555 2213 5609 illos
2238 5556 2395 5609 etiam
2417 5564 2571 5609 antea
2596 5556 2727 5610 tales
2752 5556 2946 5621 fuisse;
2976 5557 3069 5612 sed
3094 5556 3515 5612 contmisccban-

1941 5658 2029 5704 tur
2052 5663 2172 5703 cum
2202 5648 2460 5716 plurimis,
2494 5657 2548 5702 et
2574 5649 2993 5703 consolationem
3022 5650 3343 5717 accipientes
3374 5658 3402 5695 a
3433 5644 3518 5696 di-

1943 5742 2138 5798 vitibus
2162 5782 2178 5810 ,
2206 5754 2310 5795 non
2335 5740 2622 5796 dmodum
2663 5741 2934 5807 conSpicui
2960 5749 3113 5793 erant
3138 5758 3150 5791 :
3176 5749 3317 5791 nunc
3341 5744 3523 5791 autem
