3990 6168
448 294 551 350 ΗἸ

449 414 567 470 lta-e
609 402 872 465 dissensio
916 407 973 456 et
1015 395 1288 455 contentio
1337 389 1647 448 manifestos
1696 386 1813 440 illos
1855 383 2020 489 fecit;

449 497 895 576 quemadmodum
918 490 1328 562 gubernatorem
1353 478 1910 580 tempestas-ostendit.
1932 475 2028 531 Ne-

453 568 557 667 que
580 593 732 654 dixit,
760 586 831 642 Ut
852 599 948 639 vos
968 579 1175 653 probati
1203 575 1536 649 appareatis;
1566 571 1680 667 sed,
1712 568 1784 667 Ut
1796 569 1886 638 qui
1910 584 2024 667 pro-

455 660 556 744 bati
594 691 742 745 sunt,
772 674 1024 745 manifesti
1066 672 1224 742 fiant,
1255 668 1345 739 qui
1386 681 1579 735 nempe
1618 665 1669 718 in
1702 662 1853 716 vohts
1895 660 2027 714 tales

454 789 597 837 sunt.
631 775 812 843 Neque
840 770 980 825 enim
1012 779 1269 821 accusans
1301 759 1612 817 manifestos
1641 755 1846 817 reddit,
1874 761 1932 807 ut
1959 766 2028 806 ne

456 873 600 942 ipsos
635 862 1054 936 impudentiores
1080 858 1256 921 faciat,
1287 869 1458 924 neque
1482 850 1724 915 laudans,
1752 863 1819 903 ne
1843 845 2030 942 reddat

454 938 727 1033 segniores
750 975 764 1021 ;
793 955 885 1011 sed
913 965 1223 1022 suspensam
1252 947 1451 1018 profert
1476 944 1792 1007 orationem,
1816 948 1870 996 et
1889 938 2030 992 hunc

455 1030 702 1109 etvillnm
732 1030 1070 1117 usingulorum
1116 1040 1451 1097 conscientia:
1498 1035 1850 1106 adoptandum
1891 1046 2029 1102 pra!-

459 1148 608 1200 hcns.
653 1140 768 1196 Non
814 1136 971 1192 modo
1012 1143 1186 1188 autem
1226 1130 1353 1185 mihi
1398 1129 1485 1182 hic
1527 1140 1784 1196 pauperes
1824 1123 2032 1176 videtur

457 1232 742 1295 consolari,
771 1228 865 1284 sed
895 1227 1056 1281 etiam
1082 1239 1176 1279 eos
1205 1223 1292 1292 qui
1325 1235 1503 1276 mores
1530 1234 1634 1273 non
1661 1224 2028 1285 corruperant.

458 1327 591 1383 Nam
615 1321 905 1380 verisimile
932 1318 1125 1374 eratin
1160 1317 1266 1371 illis
1289 1329 1407 1369 esse
1443 1312 1531 1382 qui
1576 1311 1720 1379 ipsos
1759 1315 2033 1363 servarent

461 1419 657 1473 illa-sos
688 1432 703 1470 :
735 1415 958 1482 ideoque
985 1407 1153 1474 dixit,
1196 1404 1402 1459 Partem
1437 1394 1662 1472 aliquam
1697 1398 1865 1453 credo.
1905 1396 2035 1453 Jure

465 1510 622 1578 igitur
640 1521 736 1561 eos
759 1503 1008 1574 probatos
1033 1499 1181 1564 dicit,
1207 1496 1295 1567 qui
1325 1510 1426 1550 non
1450 1493 1610 1548 modo
1633 1506 1753 1545 cum
1778 1489 1894 1545 aliis
1922 1503 2037 1544 mo-

463 1617 578 1657 rem
609 1603 984 1660 servaverant,
1016 1591 1109 1648 sed
1147 1590 1305 1645 etiam
1349 1587 1554 1655 absque
1581 1583 1686 1639 illis
1711 1581 2034 1637 immobilem

466 1693 605 1748 hanc
630 1688 905 1761 pulchram
936 1682 1220 1738 servabant
1246 1680 1437 1771 legem.
1465 1676 1777 1771 uocantem
1808 1670 1950 1771 fac-il,

465 1782 566 1837 hos
586 1760 647 1835 et
664 1780 797 1833 alios
822 1776 904 1830 his
925 1773 1167 1829 laudibus
1190 1769 1474 1823 alacriores
1495 1764 1703 1821 reddat.
1735 1761 1934 1817 Deinde
1958 1760 2039 1814 di-

465 1873 540 1928 cit
561 1870 698 1942 quod
728 1881 893 1939 genus
920 1864 1124 1934 peccati
1154 1862 1225 1915 sit
1250 1858 1398 1915 illud.
1423 1856 1559 1925 Quid
1589 1864 1764 1910 autem
1790 1852 1892 1907 hoc
1915 1851 2039 1906 est?

432 2002 435 2007 -
464 1963 556 2019 90.
585 1957 1019 2020 Convenientibus,
1051 1952 1240 2022 inquit,
1267 1951 1402 2005 vobis
1426 1949 1479 2002 in
1509 1963 1684 2010 unum,
1702 1947 1816 2012 jam
1844 1960 1945 1996 non
1970 1950 2040 1995 est

468 2055 788 2110 Dominicum
812 2064 1005 2104 coenam
1031 2043 1359 2099 manducare.
1388 2039 1552 2094 Vides
1576 2033 1843 2107 quomodo
1869 2032 2040 2102 pudo-

468 2163 584 2203 rem
614 2144 899 2204 ineutiens,
924 2138 1190 2194 narrantis
1217 2148 1385 2197 more,
1407 2132 1516 2201 jam
1541 2129 1818 2186 consilium
1847 2127 2045 2181 instru-

469 2237 584 2293 xit?
623 2235 931 2290 Conventus
971 2228 1112 2283 enim
1158 2224 1380 2289 modus,
1423 2221 1619 2292 inquit,
1647 2227 1729 2275 est
1760 2218 1933 2283 alius;
1963 2226 2046 2272 est

472 2326 616 2382 enim
637 2322 873 2379 caritatis
898 2329 949 2375 et
977 2318 1222 2372 fraternae
1246 2312 1547 2368 dilectionis
1574 2328 1588 2364 :
1616 2325 1748 2364 unus
1774 2320 1919 2364 certe
1951 2320 2045 2363 vos

472 2429 662 2472 onmes
690 2412 885 2482 excipit
918 2410 1069 2463 locus
1088 2448 1102 2472 ,
1128 2417 1184 2461 et
1212 2405 1365 2460 simul
1397 2400 1787 2473 congregamini
1818 2417 1833 2454 :
1863 2414 2045 2455 mensa

476 2522 604 2561 vero
625 2507 734 2576 jam
764 2519 867 2559 non
895 2502 1086 2557 similis
1114 2508 1195 2556 est
1225 2499 1527 2553 conventni.
1557 2496 1667 2551 Nec
1700 2494 1868 2559 dixit,
1902 2494 2047 2550 Con-

475 2596 810 2654 venientibus
837 2595 985 2649 vobis
1028 2609 1133 2648 non
1176 2593 1227 2646 in
1258 2591 1523 2647 communi
1555 2589 1919 2653 manducatis;
1951 2586 2046 2643 sed

476 2692 582 2746 alio
599 2689 755 2745 modo
775 2698 829 2743 et
849 2687 1016 2742 multo
1038 2684 1328 2740 terribilius
1349 2683 1468 2737 illos
1487 2680 1816 2752 perstringit,
1835 2679 2046 2735 dicens:

480 2781 602 2838 Non
623 2792 691 2836 est
719 2768 1034 2834 Dominicum
1063 2792 1252 2831 canam
1277 2773 1584 2827 manducare
1607 2789 1625 2835 ;
1646 2772 1763 2826 illos
1786 2770 1852 2825 ad
1882 2771 2052 2840 ipsam

479 2874 848 2930 transmittens
874 2884 1149 2936 vesperam
1171 2908 1186 2932 ,
1215 2882 1316 2945 qua
1355 2864 1629 2920 tremenda
1665 2863 1915 2935 mysteria
1940 2869 2050 2916 tra-

478 2966 615 3022 didit
636 2964 897 3019 Cbristus.
930 2961 1053 3016 Ideo
1077 2959 1236 3013 etiam
1268 2957 1544 3027 prandium
1568 2954 1696 3010 illud
1721 2955 1926 3010 vocavit
1944 2968 2053 3011 cm-

481 3075 609 3115 uam
641 3077 655 3112 :
686 3057 882 3112 etenim
909 3053 1034 3109 illud
1064 3050 1342 3122 prandium
1372 3063 1560 3104 omnes
1581 3047 1935 3102 communiter
1957 3044 2056 3100 ba-

483 3149 601 3204 buit
627 3145 1019 3202 recumbentes.
1061 3140 1218 3209 Atqui
1256 3155 1359 3193 non
1408 3146 1608 3192 tantum
1646 3138 1864 3192 interest
1898 3137 2054 3207 spatii

483 3240 626 3296 inter
651 3237 846 3292 divites
877 3244 929 3289 et
956 3247 1237 3303 pauperes,
1269 3237 1520 3301 quantum
1548 3229 1685 3284 inter
1708 3228 1978 3283 doctorem
2000 3236 2056 3284 et

484 3329 770 3401 discipulos
799 3345 812 3380 :
843 3326 1159 3381 immensum
1187 3325 1381 3395 quippe
1419 3322 1547 3399 illud
1571 3333 1671 3378 est.
1697 3322 1764 3378 Et
1787 3322 1913 3393 quid
1935 3323 2057 3378 dico

484 3424 624 3479 inter
648 3420 916 3476 doctorem
939 3432 987 3473 et
1013 3416 1343 3485 diaCipiIIUS?
1369 3416 1538 3484 cogita
1561 3414 1893 3470 intervallum
1915 3414 2056 3486 quod

483 3523 568 3571 est
604 3514 743 3568 inter
778 3511 1050 3566 doctorem
1086 3516 1142 3564 et
1186 3507 1534 3578 proditorem.
1573 3510 1817 3562 Attamen
1852 3515 1907 3563 et
1942 3507 2057 3577 ipse

483 3621 607 3663 cum
632 3605 737 3662 illis
765 3601 1127 3668 recumbebat,
1157 3615 1341 3671 neque.
1362 3600 1508 3655 illum
1534 3599 1714 3669 ejecit,
1745 3600 1838 3657 sed
1859 3609 1913 3655 et
1932 3599 2058 3654 salis

485 3710 789 3756 consortem
820 3697 964 3764 fecit,
995 3705 1048 3752 et
1075 3698 1447 3768 mysteriorum
1484 3696 1812 3768 participem.

557 3791 613 3845 5.
644 3788 846 3843 Deinde
877 3789 1254 3856 interpretatur
1282 3787 1546 3856 quomodo
1572 3804 1676 3841 non
1705 3797 1786 3841 est
1816 3786 2059 3841 Domini-

490 3896 607 3937 cam
633 3893 840 3934 caenam
878 3878 1223 3931 manducare.
1254 3877 1345 3930 21.
1382 3876 1734 3946 Unusquisque
1757 3878 1889 3931 enim
1915 3893 2060 3931 suam

490 3985 683 4024 canam
708 3968 966 4038 prwsumit
987 4006 1001 4028 ,
1037 3967 1239 4036 inquit,
1275 3966 1343 4019 ad
1366 3967 1770 4020 manducandum
1803 3984 1822 4021 :
1856 3977 1902 4021 et
1928 3968 2061 4021 alius

491 4060 693 4132 quidem
716 4057 900 4123 esurit,
932 4058 1066 4111 alius
1102 4073 1214 4111 vero
1247 4056 1411 4112 ebrius
1447 4068 1542 4111 est.
1587 4057 1767 4111 Viden’
1795 4059 2063 4127 quomodo

494 4155 616 4209 illos
641 4152 875 4209 ostendit
904 4165 1025 4206 sese
1067 4149 1233 4222 magis
1263 4150 1528 4206 dedecore
1557 4150 1891 4206 afficientes?
1931 4151 2061 4205 Nam

493 4244 634 4315 quod
664 4242 993 4299 Dominicum
1024 4252 1138 4296 erat
1158 4281 1173 4306 ,
1217 4242 1486 4312 proprium
1517 4241 1617 4296 sibi
1645 4239 1876 4309 faciunt;
1907 4242 1976 4296 ita
2009 4251 2065 4296 ttt

493 4338 567 4394 illi
596 4339 800 4408 priores
828 4336 934 4390 sint
960 4334 1048 4406 qui
1078 4333 1342 4389 dedecore
1369 4332 1675 4390 afficiuntur
1696 4376 1712 4401 ,
1744 4337 1833 4405 qui
1865 4352 2065 4391 mensa:

493 4446 605 4484 sua:
624 4444 741 4484 eam
765 4442 883 4498 qua:
910 4427 1137 4481 maxima
1162 4435 1275 4480 erat
1296 4426 1604 4496 dignitatem
1631 4425 1896 4482 auferunt.
1919 4427 2066 4496 Quo-

495 4520 658 4576 modo
685 4528 741 4574 et
763 4534 868 4588 qua
897 4518 1141 4577 ratione?
1186 4518 1318 4586 Quia
1360 4519 1632 4573 Dominica
1660 4534 1808 4574 coena
1829 4563 1843 4585 ,
1876 4521 1925 4574 id
1953 4530 2062 4585 est,

497 4610 639 4681 quod
678 4610 887 4663 Domini
926 4618 1047 4676 est,
1086 4624 1369 4664 commune
1410 4610 1570 4665 debet
1607 4624 1743 4665 esse.
1772 4611 1900 4679 Qua:
1926 4613 2067 4667 enim

499 4700 704 4757 domini
733 4708 897 4764 sunt,
934 4715 1039 4753 non
1083 4699 1237 4768 hujus
1267 4698 1482 4768 quidem
1522 4698 1698 4753 famuli
1737 4709 1892 4767 sunt,
1927 4702 2068 4757 illius

499 4805 632 4846 vero
660 4804 767 4845 non
793 4788 941 4851 item,
965 4789 1058 4843 sed
1086 4791 1137 4842 in
1165 4788 1434 4844 communi
1454 4791 1709 4844 omnium.
1743 4791 2066 4847 Dominicum

500 4895 630 4951 ergo
655 4880 756 4935 hoc
780 4879 910 4934 dicit
934 4879 1075 4949 quod
1103 4894 1386 4935 commune
1412 4889 1513 4935 est.
1547 4879 1673 4934 Nam
1697 4881 1738 4934 si
1763 4882 1966 4937 Domini
1995 4884 2070 4938 ttti

500 4982 616 5039 cst,
656 4980 713 5026 ut
752 4986 937 5025 revera
976 4979 1092 5035 est,
1140 4986 1246 5024 non
1283 4970 1448 5025 debes
1486 4972 1724 5041 qua‘dam
1765 4983 1822 5027 ut
1862 4977 2069 5042 propria

502 5062 751 5127 avellere,
780 5062 875 5117 sed
908 5077 1025 5131 qua:
1050 5060 1258 5115 Domini
1285 5071 1428 5127 sunt,
1450 5063 1801 5117 communiter
1826 5065 2072 5122 onmibus

498 5168 767 5223 opponere
794 5171 807 5207 :
830 5151 932 5207 hoc
952 5161 1033 5206 est
1052 5152 1194 5207 enim
1222 5151 1572 5206 Dominicum.
1596 5152 1745 5208 Nunc
1767 5164 1942 5209 autem
1966 5173 2071 5211 non

502 5240 637 5296 sinis
667 5242 791 5296 illud
817 5258 934 5297 esse
961 5243 1316 5309 Dominicum,
1345 5258 1466 5298 cum
1494 5259 1597 5297 non
1628 5244 1756 5297 sinis
1780 5260 1898 5301 csse
1922 5262 2072 5301 com-

505 5351 696 5401 tnune,
736 5335 830 5389 sed
869 5338 1090 5391 seorslm
1134 5336 1387 5405 epularis.
1431 5335 1764 5406 QuaprOpter
1804 5339 2074 5409 subjungit

504 5426 687 5482 dicens
710 5442 723 5476 :
751 5422 1101 5496 Unusquisque
1128 5427 1259 5479 enim
1281 5443 1426 5480 suam
1453 5443 1645 5480 caenam
1668 5430 1941 5497 praesumit.
1965 5429 2075 5485 Nec

503 5519 657 5581 dixit,
682 5517 979 5580 Abscindit,
1004 5518 1095 5572 sed
1126 5516 1411 5584 Prwsumit,
1436 5520 1633 5573 sensim
1658 5520 1779 5575 illos
1800 5520 2076 5576 edacitatis

505 5622 558 5666 et
588 5607 891 5681 petulantiae
919 5623 1197 5665 accusans.
1229 5608 1341 5665 line
1368 5607 1604 5665 declarat
1631 5612 1770 5680 quod
1801 5614 2074 5678 sequitur:

510 5716 626 5755 cum
667 5698 770 5757 hoc
796 5698 939 5757 cnim
968 5698 1224 5769 dixisset,
1256 5713 1463 5756 rursum
1493 5699 1763 5770 subjunxit
1793 5719 1806 5757 :
1838 5700 1904 5757 Et
1944 5705 2074 5762 alius

1187 5858 1210 5885 \

1209 282 1269 339 S.
1305 276 1582 338 JOANNIS
1615 266 2089 332 CHRYSOSTOHI
2126 265 2439 325 ARCHIEP.
2480 263 3005 324 CONSTANTINOP.

3591 264 3698 321 ςσικ

2128 383 2329 453 quidem
2369 381 2555 455 esurit,
2601 382 2736 436 alius
2776 392 2943 437 autem
2982 381 3148 437 ebrius
3186 392 3298 448 est;
3327 397 3447 453 qua:
3474 392 3699 454 utraque

2129 491 2235 531 non
2284 485 2509 531 servata
2547 491 2810 531 mensurae
2847 484 3038 542 erant,
3082 474 3368 545 indigentia
3408 490 3605 546 nempe
3644 493 3702 532 ct

2128 582 2397 623 excessus.
2421 568 2560 624 Ecce
2575 568 2809 624 secunda
2826 569 3095 624 accusatio
3111 568 3231 623 illos
3252 569 3398 637 ipsos
3413 568 3698 638 impetens.

2131 659 2328 726 Prima,
2345 659 2485 729 quod
2503 674 2649 713 suam
2667 674 2873 715 caenam
2891 659 3150 715 dedmore
3164 658 3426 726 afficiant;
3443 660 3699 726 secunda,

2130 748 2273 818 quod
2299 758 2539 803 ventrem
2571 749 2826 817 impleant
2853 757 2910 805 et
2936 749 3297 813 inebrientur;
3326 760 3383 805 et
3406 753 3551 821 quod
3578 768 3702 823 gra-

2130 840 2248 894 vius
2271 848 2371 905 est,
2396 840 2749 895 esurientibus
2771 841 3109 911 pauperibus.
3134 841 3265 910 Qure
3285 842 3430 897 enim
3456 846 3705 901 omnibus

2133 932 2183 986 in
2210 932 2477 987 communi
2505 934 2817 1003 opponenda
2843 944 3014 1002 erant,
3039 936 3102 990 iis
3124 936 3223 1005 ipsi
3249 936 3346 991 soli
3375 937 3703 1009 ingurgitati,

2132 1031 2185 1077 et
2225 1024 2276 1077 in
2321 1023 2771 1079 iusaliahilitatem
2816 1035 2871 1080 et
2912 1026 2964 1080 in
3010 1025 3320 1082 ebrietatem
3369 1028 3701 1084 deferebant.

2135 1119 2261 1175 Ideo
2290 1135 2392 1174 non
2425 1119 2587 1187 dixit,
2617 1122 2767 1176 Alius
2792 1120 3005 1192 quidem
3036 1123 3236 1189 esurit,
3269 1125 3407 1180 alius
3436 1127 3700 1192 satiatur;

2135 1212 2250 1276 sed,
2273 1214 2457 1270 Ebrius
2476 1224 2567 1269 est.
2590 1215 2789 1270 florum
2811 1224 2986 1270 autem
3008 1225 3290 1287 utrumque
3304 1233 3399 1287 per
3413 1234 3469 1275 se
3483 1220 3703 1290 dignum

2134 1320 2217 1365 est
2269 1309 2685 1379 reprehensione
2723 1326 2737 1363 :
2780 1324 2902 1363 nam
2954 1309 3250 1376 inebriari,
3298 1316 3457 1367 etiam
3504 1314 3705 1385 absque

2137 1415 2202 1455 eo
2231 1399 2368 1468 quod
2399 1399 2760 1468 despiciantur
2798 1415 3056 1471 pauperes
3077 1441 3092 1465 ,
3121 1401 3273 1471 culpa
3300 1412 3415 1467 est;
3450 1419 3708 1474 pauperes

2137 1490 2434 1560 despicere,
2457 1491 2658 1561 absque
2677 1491 2954 1558 ebrietate,
2971 1502 3054 1547 est
3069 1492 3438 1549 criminatione
3456 1495 3707 1566 dignum:
3780 1554 3788 1561 ,

2137 1599 2257 1638 cum
2283 1594 2457 1639 autem
2486 1586 2601 1641 haec
2625 1586 2783 1642 simul
2811 1586 3093 1657 conjuncta
3118 1597 3259 1654 sunt,
3283 1590 3457 1660 cogita
3481 1598 3714 1658 quantus

2138 1674 2207 1729 sit
2228 1676 2515 1745 iniquitatis
2532 1692 2800 1733 excessus.
2822 1678 3020 1735 Deinde
3038 1691 3310 1751 postquam
3327 1684 3713 1740 absurditatem

2148 1767 2400 1831 ostendit,
2431 1784 2550 1823 cum
2578 1784 2767 1839 magna
2791 1770 3044 1840 deinceps
3073 1772 3435 1844 indignatione
3465 1777 3714 1847 increpa-

2143 1858 2339 1911 tionem
2362 1857 2563 1928 adjicit,
2583 1860 2769 1916 dicens
2787 1880 2801 1916 :
2818 1862 2908 1917 22.
2930 1862 3191 1932 Numquid
3208 1867 3383 1920 domos
3403 1885 3503 1922 non
3527 1870 3716 1925 habetis

2142 1951 2210 2002 ad
2238 1952 2647 2007 manducandum
2672 1964 2718 2009 et
2743 1955 3046 2011 bibendum?
3069 1968 3158 2013 aut
3181 1961 3447 2015 ecclesiam
3471 1962 3572 2017 Dei
3597 1981 3715 2019 con-

2145 2044 2380 2112 temnitis,
2399 2056 2444 2099 et
2487 2048 2798 2116 confunditis
2839 2067 2922 2104 eos
3006 2053 3093 2122 qui
3133 2069 3235 2107 non
3281 2054 3504 2112 habent?
3534 2057 3718 2113 Viden’

2145 2135 2410 2202 quomodo
2434 2151 2461 2188 a
2493 2153 2779 2208 pauperum
2805 2144 3124 2199 contumelia
3150 2146 3574 2203 criminationem
3608 2158 3717 2204 tra-

2153 2224 2312 2281 ducat
2326 2226 2392 2282 ad
2413 2227 2720 2295 Ecclesiam,
2738 2242 2795 2286 ut
2808 2237 3103 2303 graviorem
3121 2236 3370 2293 redderet
3386 2240 3720 2296 orationem?

2152 2317 2290 2373 Ecce
2315 2319 2471 2389 igitur
2489 2330 2730 2390 quartam
2751 2327 3164 2394 accusationem,
3187 2345 3306 2385 cum
3330 2347 3435 2385 non
3460 2348 3719 2404 pauperes

2153 2409 2335 2476 modo,
2366 2411 2459 2467 sed
2487 2413 2647 2468 etiam
2673 2413 2907 2471 Ecciesia
2946 2422 3264 2476 contumelia
3296 2422 3547 2480 afficitur.
3575 2427 3722 2482 Sicut

2144 2502 2292 2558 enim
2323 2503 2651 2561 Dominicum
2687 2521 2893 2563 cmnam
2924 2513 3191 2582 prOpriam
3225 2515 3317 2569 tibi
3359 2514 3490 2571 facis
3515 2560 3531 2583 ,
3562 2519 3641 2573 sic
3668 2528 3723 2573 et

2152 2590 2326 2646 locum
2362 2594 2522 2649 etiam
2547 2637 2561 2659 ,
2604 2597 2829 2653 ecclesia
2865 2609 3018 2656 utens
3056 2611 3114 2657 ut
3151 2602 3311 2659 domo
3343 2614 3451 2660 tua.
3485 2607 3720 2664 Ecclesia

2153 2682 2293 2735 enim
2322 2682 2458 2739 facta
2484 2694 2586 2753 est,
2615 2704 2717 2742 non
2743 2699 2805 2744 ut
2828 2695 3207 2750 convenientes
3227 2696 3381 2752 divisi
3403 2700 3603 2764 simus;
3630 2702 3722 2757 sed

2153 2780 2212 2825 ut
2259 2774 2348 2843 qui
2391 2773 2547 2831 divisi
2587 2788 2712 2833 sunt
2750 2783 3257 2854 conjungantnr:et
3302 2788 3404 2844 hoc
3457 2792 3724 2862 significat

2152 2872 2464 2920 conventus.
2508 2866 2576 2921 Et
2619 2873 2926 2942 confunditis
2963 2891 3047 2930 eos
3090 2878 3175 2947 qui
3218 2896 3320 2934 non
3359 2881 3563 2937 habent.
3609 2883 3722 2938 Non

2155 2954 2304 3022 dixit,
2336 2965 2391 3011 et
2417 2956 2559 3015 fame
2586 2963 2788 3018 necatis
2812 2979 2905 3020 eos
2934 2969 3022 3037 qui
3054 2984 3157 3024 non
3182 2969 3398 3037 habent,
3428 2975 3521 3030 sed
3553 2977 3724 3045 majo-

2156 3061 2267 3100 rem
2318 3048 2591 3106 incutiens
2627 3052 2915 3124 pudorem,
2963 3055 3315 3131 Confunditis,
3366 3066 3480 3120 sive
3526 3068 3728 3136 pudore

2157 3136 2388 3207 afficitis,
2410 3143 2728 3199 utostendat
2748 3161 2806 3201 se
2829 3162 2934 3202 non
2957 3149 3265 3206 alimentum
3289 3163 3490 3209 tantum
3510 3174 3724 3224 curare,

2158 3240 2412 3295 quantum
2443 3234 2821 3289 contumeliam
2863 3237 2991 3307 ipsis
3025 3239 3298 3297 inflictam.
3329 3245 3466 3300 Ecce
3488 3248 3726 3316 quintam

2158 3320 2572 3391 accusationem,
2590 3326 2731 3395 quod
2752 3342 2852 3382 non
2874 3336 3075 3385 tantum
3097 3334 3393 3389 esurientes
3413 3337 3728 3407 despiciant,

2160 3411 2252 3467 sed
2281 3412 2439 3468 etiam
2473 3414 2593 3470 illos
2618 3416 2822 3487 pudore
2849 3418 3104 3477 afficiant.
3140 3424 3253 3480 [loc
3281 3438 3458 3482 autem
3488 3428 3728 3495 dicebat,

2159 3504 2315 3558 simul
2355 3514 2409 3560 et
2447 3520 2508 3560 ea
2549 3522 2669 3577 quae
2707 3524 2965 3580 pauperes
3005 3517 3315 3584 spectabant
3349 3519 3637 3586 Itonorans,
3679 3532 3733 3577 et

2161 3596 2446 3651 ostendens
2486 3598 2605 3654 illos
2645 3616 2753 3655 non
2795 3610 2995 3658 tantum
3025 3605 3092 3660 de
3124 3620 3359 3672 ventre;
3379 3623 3632 3681 quantum
3664 3616 3733 3669 de

2162 3687 2483 3741 contumelia
2510 3688 2715 3757 dolere,
2747 3693 2903 3748 simul
2931 3705 3106 3751 autem
3137 3698 3433 3755 auditorem
3460 3705 3733 3761 attrahens

2162 3779 2227 3831 ad
2251 3780 2689 3836 misericordiam.
2707 3782 2837 3839 Cum
2860 3801 2988 3857 ergo
3010 3788 3121 3843 hmc
3142 3791 3369 3847 absurda
3386 3798 3733 3864 ostendisset,

2164 3872 2544 3925 contumeliam
2576 3873 2626 3926 in
2654 3890 2860 3945 orenam
2886 3920 2899 3942 ,
2929 3882 3301 3938 contumeliam
3330 3886 3383 3939 in
3411 3890 3690 3944 ecclesiam
3718 3933 3734 3955 ,

2166 3972 2633 4036 contemptumque
2653 3983 2963 4040 pauperum,
2994 3973 3121 4028 lenit
3147 3991 3329 4032 rursus
3358 3979 3739 4051 increpationis

2165 4057 2574 4123 vehementiam,
2597 4060 2783 4117 dicens
2807 4080 2819 4117 :
2843 4063 3084 4120 Laudabo
3104 4083 3189 4121 vos
3207 4068 3232 4122 .9
3251 4069 3302 4124 in
3323 4070 3418 4126 hoc
3437 4090 3537 4127 non
3558 4075 3737 4131 fando.

2167 4147 2318 4212 Quod
2355 4159 2501 4205 certe
2526 4152 2645 4221 quis
2671 4155 2899 4211 maxime
2934 4158 3189 4225 miretur,
3231 4162 3371 4231 quod
3411 4178 3533 4219 cum
3574 4167 3737 4221 vehe-

2169 4242 2399 4296 mentius
2446 4243 2721 4312 increpare
2755 4257 3062 4316 oporteret,
3107 4263 3382 4323 postquam
3414 4264 3492 4311 tot
3521 4271 3740 4326 peccata

2168 4334 2435 4388 recensuit
2461 4344 2516 4388 et
2543 4336 2868 4404 perstrinxit,
2907 4340 2991 4395 hic
3019 4353 3204 4397 contra
3231 4346 3402 4401 lenius
3429 4358 3546 4418 agat
3571 4359 3629 4404 et
3655 4354 3745 4406 det

2169 4425 2465 4494 reSpirandi
2495 4426 2692 4483 locum.
2732 4431 2969 4498 Quanam
3001 4434 3066 4489 de
3095 4439 3291 4492 causa?
3335 4438 3564 4497 Gravius
3598 4444 3743 4513 ipsos

2170 4517 2555 4585 perstrinxerat
2575 4521 2892 4589 amplificata
2916 4528 3273 4593 accusatione,
3296 4541 3351 4603 et
3369 4546 3490 4586 cum
3510 4537 3745 4603 optimus

2171 4605 2241 4659 sit
2260 4606 2519 4675 medicus,
2541 4624 2915 4681 congruentem
2939 4616 3244 4675 vulneribus
3264 4596 3385 4675 fe‘cit
3407 4623 3742 4692 incisionem,

2174 4710 2348 4766 neque
2375 4713 2434 4752 ea
2463 4714 2581 4769 quae
2624 4703 2882 4771 profunda
2923 4707 3072 4777 plaga
3111 4723 3244 4779 opus
3280 4712 3546 4768 habebant
3578 4718 3629 4771 itt
3661 4734 3746 4772 su-

2175 4788 2394 4856 perficie
2424 4803 2614 4845 secans
2644 4809 2657 4844 :
2686 4793 2877 4848 audisti
2906 4797 3047 4851 enim
3077 4801 3340 4868 quomodo
3371 4802 3748 4862 fornicatum-tu

2179 4878 2267 4947 qui
2299 4879 2435 4948 apud
2465 4881 2586 4936 illos
2612 4893 2725 4937 erat
2750 4885 3034 4943 absciderit
3058 4908 3071 4945 :
3095 4906 3267 4961 neque
3288 4910 3371 4956 ea,
3392 4913 3511 4963 qua:
3534 4900 3747 4954 leniori-

2177 4967 2274 5023 bus
2311 4969 2537 5039 egebant
2580 4974 3021 5046 medicamentis,
3071 4981 3216 5038 ferro
3257 4986 3494 5043 tradens.
3535 4989 3659 5045 Ideo
3696 5002 3746 5045 et

2181 5058 2280 5115 hoc
2306 5061 2422 5116 loco
2445 5067 2803 5123 mansuetiore
2824 5071 2990 5126 utitur
3012 5088 3262 5132 sermone
3286 5099 3299 5133 :
3323 5080 3560 5151 alioquin
3588 5086 3745 5138 etiam

2179 5153 2416 5208 mitiores
2456 5155 2577 5210 illos
2622 5172 2746 5228 erga
2789 5177 3048 5229 pauperes
3085 5168 3312 5224 reddere
3340 5173 3665 5239 conabatur;
3696 5186 3747 5229 et

2182 5245 2302 5301 ideo
2337 5262 2458 5302 cum
2499 5249 2605 5303 illis
2644 5250 2818 5306 lenius
2859 5255 3111 5326 loquitur.
3145 5259 3382 5330 Deinde,
3428 5278 3551 5319 cum
3594 5268 3752 5323 vellet

2182 5336 2299 5392 illos
2343 5340 2447 5392 alio
2484 5340 2643 5394 modo
2686 5344 2875 5414 majori
2919 5348 3122 5417 pudore
3159 5352 3486 5423 suffundere,
3526 5373 3556 5411 a
3592 5361 3755 5418 rebus

2183 5429 2464 5499 prmcipuis
2504 5446 2806 5488 sermonem
2852 5438 2981 5493 texit
3013 5456 3026 5491 :
3057 5439 3145 5496 23.
3191 5440 3304 5513 Ego
3344 5448 3477 5500 enim
3514 5458 3685 5521 accept
3720 5465 3753 5499 a

2185 5517 2421 5584 Domino,
2447 5520 2633 5589 inquit,
2653 5526 2789 5592 quod
2807 5536 2853 5579 et
2873 5529 3060 5583 tradidi
3076 5531 3229 5599 vobis,
3247 5537 3485 5601 quoniam
3507 5517 3759 5596 Dominus

2183 5608 2356 5675 Jesus,
2384 5616 2437 5667 in
2475 5632 2574 5683 qua
2602 5628 2747 5673 nocte
2781 5620 3099 5688 tradebatur,
3128 5628 3319 5696 accepit
3344 5643 3561 5697 panem,
3590 5631 3682 5687 28.
3715 5645 3761 5685 et

2187 5705 2377 5778 gratias
2405 5722 2558 5777 agens
2585 5708 2737 5781 fregit
2763 5721 2810 5766 et
2837 5711 2999 5780 dicit,
3029 5713 3268 5795 Accipite,
3302 5721 3604 5777 manducata
3624 5740 3644 5776 :
3663 5732 3760 5780 hoc
