3990 6168
410 283 518 338 229

411 486 611 555 ἠξίωσε
639 471 939 556 τραπέζης,
974 481 1148 535 καίτοι
1185 479 1391 549 σφόδρα
1420 475 1863 547 φρικωδεστάτης
1890 471 1978 526 οῦ-

414 586 535 638 σης,
583 568 679 622 καὶ
709 567 844 620 πολύ
891 566 989 635 τὴν
1016 564 1270 617 ἁπάντων
1314 560 1752 638 ὑπερϐαινούσης
1786 557 1942 622 ἀξίαν
1962 571 1976 585 ο

414 637 479 704 σύ
511 651 567 704 δέ
595 651 793 713 αὐτοὺς
829 650 922 702 καὶ
973 648 1071 716 τῆς
1105 647 1202 716 σῆς
1236 643 1487 708 ἀναξίους
1527 637 1665 694 εἶναι
1705 642 1834 711 ήγῇ,
1880 638 1981 707 τῆς

415 738 619 808 μικρᾶς
643 735 847 806 ταύτης
873 735 967 788 καὶ
1000 730 1268 796 εὐτελοῦς,
1297 730 1391 782 καὶ
1429 730 1486 781 ἐν
1526 730 1640 789 τοῖς
1685 740 1980 795 πνευματι-

411 822 526 883 κοῖς
552 820 704 874 οὐδὲν
737 817 915 872 αὐτῶν
942 834 1036 871 σου
1073 812 1553 873 πλεονεκτούντων,
1591 808 1854 879 ἀρπάζεις
1882 808 1981 860 αὐ-

411 904 535 965 τοὺς
577 904 635 955 ἐν
671 905 784 965 τοῖς
819 899 1132 971 αίσθητοίςο
1188 896 1310 951 οὐδέ
1354 896 1462 965 γάρ
1508 892 1680 946 ταῦτα
1712 892 1797 944 σά.
1839 890 1977 942 Ἀλλ’

409 985 554 1039 οὕτω
594 986 693 1057 μὲν
726 986 787 1039 οὐ
819 985 988 1052 λέγει,
1034 982 1173 1035 ὥστε
1233 979 1308 1050 μὴ
1340 978 1591 1047 γενέσθαι
1644 975 1847 1047 τραχὺν
1888 974 1980 1027 τὸν

410 1068 595 1138 λόγον·
647 1068 998 1140 ἡμερώτερον
1045 1064 1102 1118 δέ
1143 1064 1304 1117 αὐτὸν
1344 1057 1743 1140 κατασκευάζει
1775 1058 1975 1125 λέγων’

412 1136 533 1205 Ὅτι
570 1155 602 1206 ὁ
634 1136 848 1218 Κύριος
876 1136 1104 1214 Ἰᾐσοῦς
1124 1146 1194 1200 ἐν
1217 1144 1295 1213 τῇ
1320 1143 1514 1204 νυκτὶ,
1544 1136 1584 1213 ᾗ
1608 1140 1976 1209 παρεδίδοτο,

410 1234 630 1288 ἐλαϐεν
671 1233 868 1300 ἄρτον.
926 1230 1034 1285 Καὶ
1067 1229 1209 1291 τίνος
1237 1227 1421 1280 ἕνεκεν
1464 1224 1558 1278 τοῦ
1603 1223 1795 1295 καιροῦ
1834 1223 1981 1293 ἡμᾶς

411 1317 841 1385 ἀναμιμνήσκει,
864 1313 958 1367 καὶ
981 1312 1077 1382 τῆς
1100 1311 1336 1381 ἑσπέρας
1370 1308 1581 1378 ἐκείνης
1613 1307 1704 1360 καὶ
1729 1305 1828 1375 τῆς
1853 1322 1982 1376 προ-

410 1398 628 1462 δοσίας;
668 1399 780 1465 Οὐχ
811 1394 996 1458 ἁπλῶς
1044 1394 1162 1446 οὐδὲ
1191 1393 1319 1445 ἄνευ
1361 1391 1521 1459 λόγου
1556 1388 1719 1452 τινὸς,
1751 1386 1868 1441 ἀλλ’
1895 1389 1983 1441 ἵνα

415 1480 534 1550 μεθ’
565 1479 869 1550 ὑπερϐολῆς
897 1477 1170 1548 κατανύξῃ
1221 1476 1312 1528 καὶ
1350 1474 1457 1526 ἀπὸ
1485 1471 1578 1525 τοῦ
1604 1471 1818 1541 καιροῦ.
1862 1470 1980 1523 Κᾶν

411 1568 520 1637 γὰρ
556 1564 836 1626 αὐτόλ.ιθος
935 1579 1041 1624 τις,
1077 1562 1336 1627 ἐννοήσας
1381 1558 1597 1628 ἐκείνην
1643 1556 1740 1626 τὴν
1785 1555 1978 1616 νύκτα,

414 1649 533 1711 πῶς
554 1644 622 1717 ἦν
654 1645 790 1716 μετά
819 1645 927 1697 τῶν
957 1643 1210 1713 μαθητῶν
1233 1640 1534 1711 ἀδημονῶν,
1554 1639 1671 1702 πῶς
1689 1638 1978 1710 παρεδόθη,

412 1730 530 1792 πῶς
561 1729 737 1800 ἐδέθη,
768 1727 884 1790 πῶς
916 1725 1155 1795 ἀπήχθη,
1187 1724 1302 1786 πῶς
1348 1722 1624 1792 ἐδικάσθη,
1653 1721 1768 1784 πῶς
1798 1720 1984 1781 καὶτὰ

412 1814 538 1885 ἐξῆς
565 1813 765 1866 ἔπαθεν
812 1810 1049 1873 ἅπαντα,
1090 1807 1261 1880 κηροῦ
1305 1806 1516 1876 γίνεται
1566 1803 1719 1876 [246]
1762 1803 1983 1858 ἁπαλώ-

409 1913 587 1968 τερος,
619 1896 712 1949 καὶ
756 1893 858 1963 τῆς
903 1892 1008 1963 γῆς
1053 1890 1455 1944 ἀπαλλάττεται
1486 1889 1579 1941 καὶ
1610 1888 1707 1956 τῆς
1750 1885 1983 1940 ἐνταῦθα

413 1979 712 2050 φαντασίας
755 1979 989 2047 ἀπάσης.
1033 1975 1132 2027 Διά
1181 1975 1335 2028 τοῦτο
1389 1972 1605 2025 πάντων
1641 1971 1865 2024 ἐκείνων
1904 1972 1983 2033 είς

417 2066 636 2135 μνήμην
669 2064 815 2132 ἡμᾶς
861 2061 1005 2128 ἄγει,
1035 2058 1123 2112 διὰ
1145 2057 1239 2110 τοῦ
1284 2054 1476 2127 καιροῦ
1511 2057 1607 2109 καὶ
1644 2053 1743 2123 τῆς
1774 2053 1981 2124 τραπέ-

412 2151 511 2218 ζης
545 2148 642 2200 καὶ
674 2147 773 2215 τῆς
816 2142 1104 2214 προδοσίας
1154 2141 1428 2212 ἐντρέπων
1455 2140 1549 2192 καὶ
1576 2137 1768 2202 λέγων,
1797 2139 1878 2191 ὅτι
1922 2136 1983 2191 ’0

415 2233 516 2302 μὲν
538 2229 812 2297 Δεσπότης
841 2243 933 2279 σου
965 2226 1057 2277 καὶ
1098 2225 1290 2277 ἐαυτὸν
1316 2222 1639 2293 παρέδωκεν
1671 2222 1811 2293 ὑπὲρ
1845 2221 1939 2274 σοῦ
1966 2235 1979 2250 ⁶

414 2319 480 2370 σύ
512 2315 569 2368 δὲ
599 2312 676 2384 τῷ
707 2308 920 2379 ἀδελφῷ
952 2306 1071 2360 οὐδέ
1105 2308 1289 2360 σιτίων
1325 2305 1621 2376 μεταδίδως
1667 2305 1808 2374 ὑπὲρ
1855 2322 1985 2358 σαυ-

411 2416 508 2452 του
532 2414 547 2463 ;
958 2434 965 2443 ο

482 2482 545 2535 δ’.
582 2478 705 2542 Πῶς
733 2477 791 2530 δέ
822 2493 955 2547 φησι
997 2475 1147 2546 παρά
1177 2473 1272 2526 τοῦ
1306 2472 1510 2544 Κυρίου
1560 2470 1979 2542 παρειληφέναι;

412 2564 533 2618 οὐδὲ
570 2564 679 2634 γὰρ
710 2562 889 2632 παρῆν
922 2560 1068 2620 τότε,
1109 2558 1243 2611 ἀλλά
1276 2556 1384 2610 τῶν
1427 2556 1730 2610 διωκόντων
1753 2551 1838 2625 ἦν.
1868 2555 1984 2607 Ἵνα

418 2646 594 2717 μάθῃς
625 2645 705 2698 ὃτι
733 2644 885 2698 οὐδὲν
934 2643 1096 2695 πλέον
1142 2641 1255 2711 εχει
1299 2639 1482 2710 ἐκείνη
1519 2640 1552 2710 ἡ
1605 2637 1854 2707 τράπεζα
1886 2636 1984 2706 τῆς

417 2733 555 2801 μετὰ
605 2728 799 2781 ταῦτα.
838 2727 949 2781 Καὶ
1000 2725 1108 2795 γὰρ
1151 2725 1247 2778 καὶ
1295 2725 1533 2795 σήμερον
1583 2723 1746 2784 αὐτός
1782 2723 1927 2774 ἐστιν
1956 2722 1985 2774 6

414 2813 592 2868 πάντα
618 2811 982 2883 ἐργαζόμενος
1016 2810 1109 2863 καὶ
1140 2807 1488 2877 παραδιδοὺς,
1519 2804 1705 2875 ὥσπερ
1728 2805 1822 2858 καὶ
1838 2805 1980 2858 τότε.

413 2896 489 2951 Οὐ
516 2894 605 2948 διὰ
636 2894 794 2947 τοῦτο
818 2893 873 2947 δέ
898 2893 1056 2963 μόνον
1078 2890 1177 2960 τῆς
1194 2890 1384 2952 νυκτὸς
1407 2888 1808 2959 ἀναμιμνήσκει
1838 2886 1982 2939 ἐκεί-

413 2995 532 3048 νης,
568 2976 681 3031 ἀλλ’
721 2977 808 3029 ἵνα
851 2976 944 3028 καὶ
996 2973 1196 3045 ἐτέρως
1240 2973 1387 3042 ἡμᾶς
1433 2968 1727 3040 κατανύξῃ.
1773 2969 1983 3048 Ὥσπερ

414 3046 525 3131 γάρ
552 3059 776 3113 ἐκείνων
809 3057 1045 3128 μάλιστα
1085 3055 1413 3126 μεμνήμεθα
1444 3053 1552 3107 τῶν
1594 3052 1878 3123 ῥημάτων,
1909 3046 1983 3105 ὧν

416 3144 483 3197 ἂν
511 3142 819 3195 τελευταῖον
852 3139 1002 3210 παρά
1051 3138 1160 3191 τῶν
1205 3138 1475 3191 ἀπιόντων
1514 3135 1856 3206 ἀκούσωμεν,
1890 3135 1984 3187 καὶ

420 3227 559 3297 πρὸς
579 3229 706 3289 τοὺς
739 3225 1106 3295 κληρονόμους
1144 3222 1272 3285 τούς
1308 3221 1552 3284 ἐκείνων,
1583 3222 1631 3273 εί
1656 3220 1984 3291 τολμήσαιεν

417 3309 600 3365 αὐτῶν
644 3308 959 3379 παραϐῆναι
989 3307 1087 3371 τὰς
1123 3305 1362 3368 ἐντολὰς,
1390 3303 1741 3375 ἐντρέποντες
1787 3305 1985 3370 αὐτοὺς

418 3392 669 3463 λέγομεν,
708 3391 1025 3462 Ἐννοήσατε
1049 3390 1129 3442 ὅτι
1152 3387 1354 3459 ταύτην
1382 3388 1617 3459 ὑστέραν
1638 3388 1820 3457 ἀφῆκε
1849 3389 1985 3461 πρὸς

415 3477 559 3548 ὑμᾶς
590 3476 690 3545 τὴν
720 3475 902 3544 φωνὴν
923 3473 951 3525 6
983 3472 1183 3543 πατὴρ,
1208 3473 1302 3525 καὶ
1336 3470 1497 3542 μέχρι
1528 3471 1623 3540 τῆς
1654 3472 1889 3543 ἑσπέρας
1918 3467 1984 3543 ἦς

414 3558 638 3630 ἔμελλεν
669 3560 887 3611 ἐκπνεῖν
915 3555 1083 3609 ταῦτα
1110 3555 1474 3624 ἐπέσκηπτεν·
1495 3553 1637 3607 οὕτω
1668 3555 1759 3607 καὶ
1789 3558 1817 3608 6
1849 3555 1987 3608 Παῦ-

414 3642 506 3706 λος
557 3644 650 3695 καὶ
694 3638 942 3694 ἐντεῦθεν
985 3640 1209 3710 φρικτὸν
1241 3638 1466 3708 ποιῆσαι
1488 3637 1579 3689 τὸν
1611 3637 1766 3706 λόγον
1800 3638 1985 3707 βουλό-

417 3742 598 3794 μενος,
655 3723 1087 3793 Ἀναμνήσθητε,
1138 3722 1319 3791 φησὶν,
1371 3722 1453 3773 ὅτι
1502 3719 1704 3788 ταύτην
1751 3720 1985 3791 ἐσχάτην

416 3808 545 3875 ὑμῖν
579 3804 776 3858 δέδωκε
803 3803 902 3873 τὴν
927 3802 1336 3871 μυσταγωγίαν,
1360 3803 1451 3855 καὶ
1479 3803 1536 3854 ἐν
1561 3803 1697 3872 αὐτῇ
1720 3805 1784 3871 τῇ
1808 3804 1983 3866 νυκτὶ,

414 3882 450 3959 ᾗ
482 3887 576 3940 καὶ
599 3886 930 3953 σφάττεσθαι
962 3885 1101 3954 ὐπέρ
1137 3884 1289 3953 ὐμῶν
1320 3883 1533 3951 ἔμελλε,
1566 3884 1743 3935 ταῦτα
1771 3884 1984 3937 ἐνετέλ-

415 3971 558 4034 λετο,
590 3969 686 4021 καὶ
717 3968 1041 4040 παραδιδοὺς
1096 3968 1224 4035 ὑμῖν
1250 3966 1312 4019 τὸ
1354 3964 1565 4017 δεῖπνον
1610 3967 1807 4031 ἐκεῖνο,
1867 3969 1985 4036 μετ’

415 4052 593 4104 ἐκεῖνο
639 4049 821 4104 οὐκέτι
876 4049 1215 4120 προσέθηκεν
1267 4048 1473 4118 ἕτερον.
1525 4042 1659 4101 Εἶτα
1706 4048 1801 4100 καὶ¹
1847 4050 1988 4104 αὐτά

414 4133 599 4187 λοιπὸν
621 4133 887 4203 διηγεῖται
916 4135 985 4188 τὰ
1013 4131 1354 4202 γεγενημένα
1395 4129 1567 4197 λέγων
1595 4132 1699 4195 ὅτι,
1728 4132 1987 4185 Ἔλαϐεν

411 4216 619 4285 ἄρτον,
649 4202 747 4270 καί
772 4215 1221 4286 εὐχαριστήσας
1258 4214 1502 4279 ἔπλασε,
1528 4213 1631 4274 καὶ
1659 4202 1821 4267 εἶπε*
1871 4215 1973 4269 Λά-

414 4302 564 4365 ϐετε,
614 4299 836 4370 φάγετε
858 4318 872 4331 ο
919 4300 1096 4354 τοῦτό
1125 4299 1243 4366 μού
1270 4298 1402 4350 ἐστι
1433 4297 1499 4350 τὸ
1533 4297 1704 4367 σῶμα
1736 4301 1800 4351 τὸ
1834 4299 1984 4368 ὑπὲρ

413 4384 581 4454 ὑμῶν
625 4386 953 4455 κλώμενον.
1007 4385 1069 4437 Εἰ
1113 4384 1291 4437 τοίνυν
1338 4383 1423 4435 ἐπ’
1467 4383 1784 4455 εὐχαριστίᾳ
1812 4402 1984 4455 προσ-

415 4468 570 4540 έρχῃ,
609 4470 702 4521 καὶ
738 4471 801 4522 σὺ
851 4468 1015 4539 μηδὲν
1049 4466 1266 4531 ἀνάξιον
1300 4466 1443 4519 ποίει
1481 4467 1578 4533 τῆς
1611 4468 1979 4537 εὐχαριστίας,

416 4550 555 4620 μηδέ
587 4551 912 4619 καταίσχυνε
965 4550 1056 4601 τὸν
1089 4548 1334 4616 ἀδελφὸν,
1391 4549 1525 4618 μηδέ
1582 4551 1809 4620 περιόρα
1860 4568 1982 4604 πει·

414 4633 610 4693 νῶντα,
644 4635 718 4702 μή
755 4632 940 4701 μέθυε,
973 4631 1046 4701 μὴ
1079 4631 1267 4702 ὓϐριζε
1298 4629 1395 4698 τὴν
1430 4631 1775 4698 Ἐκκλησίαν.
1804 4634 1981 4702 Προσ-

415 4714 551 4784 έρχῃ
581 4712 688 4783 γὰρ
720 4712 1057 4783 εὐχαριστῶν
1099 4714 1237 4785 ὑπὲρ
1285 4705 1358 4766 ὧν
1404 4711 1737 4774 ἀπέλαυσας.
1771 4712 1981 4768 Οὐκοῦν

416 4797 512 4849 καὶ
549 4795 709 4858 αὐτὸς
736 4794 968 4865 ἀμοιϐὴν
999 4795 1269 4861 ἀποδίδου,
1310 4794 1403 4849 καὶ
1435 4794 1507 4865 μὴ
1532 4794 1793 4865 ἀπόσχιζε
1824 4812 1982 4849 σεαυ-

416 4879 508 4931 τὸν
539 4875 634 4930 τοῦ
681 4877 928 4948 πλησίον.
977 4878 1088 4930 Καὶ
1122 4878 1228 4949 γὰρ
1270 4878 1299 4930 6
1342 4878 1572 4950 Χριστὸς
1600 4879 1763 4931 πᾶσιν
1797 4876 1981 4951 ἐξίσης

416 4961 582 5015 ἔδωκε
631 4960 827 5030 λέγων,
874 4958 1115 5021 Λάϐετε,
1171 4960 1406 5030 φάγετε.
1446 4961 1680 5025 Ἐκεῖνος
1718 4961 1777 5013 τὸ
1821 4960 1979 5032 σῶμα

417 5044 600 5116 ἐξίσης
645 5043 833 5108 ἔδωκε,
864 5044 927 5097 σύ
960 5042 1016 5095 δέ
1043 5043 1163 5096 οὐδέ
1195 5043 1285 5097 τὸν
1313 5043 1486 5097 κοινὸν
1512 5043 1676 5114 ἄρτον
1706 5044 1861 5109 δίδως
1888 5042 1978 5110 ἐξ-

418 5126 573 5193 ισηςς
611 5128 703 5179 καὶ
731 5127 840 5199 γὰρ
869 5126 1009 5198 ὑπὲρ
1037 5126 1289 5181 ἁπάντων
1315 5127 1515 5199 ὁμοίως
1566 5127 1830 5199 ἐκλάσθη,
1883 5129 1979 5181 καὶ

417 5209 576 5281 σῶμα
604 5210 822 5278 γέγονεν
852 5212 989 5281 ὑπὲρ
1045 5211 1297 5264 ἁπάντων
1348 5211 1551 5281 ἐξίσης.
1606 5211 1844 5279 Ὁμοίως
1877 5211 1976 5264 καί

413 5293 480 5347 τὸ
509 5292 797 5360 ποτήριον
822 5295 970 5361 μετὰ
993 5293 1059 5347 τὸ
1087 5293 1428 5363 δειπνῆσαι,
1459 5294 1672 5362 λέγων,
1705 5292 1885 5347 Τοῦτο
1911 5296 1977 5347 τὸ

414 5373 701 5443 ποτήριον
740 5375 780 5442 ὴ
829 5375 1005 5442 καινή
1034 5374 1287 5444 διαθήκη
1315 5375 1489 5430 ἐστίν
1525 5375 1595 5428 ἐν
1629 5373 1709 5441 τῷ
1735 5374 1854 5444 ἐμῷ
1882 5376 1977 5429 αῖ-

407 5474 549 5527 ματι
573 5474 586 5487 ·
632 5457 805 5511 τοῦτο
835 5456 1072 5520 ποιεῖτε,
1097 5457 1311 5523 ὁσάκις
1332 5456 1419 5511 κᾶν
1460 5460 1698 5526 πίνητε,
1737 5462 1825 5524 είς
1857 5458 1974 5526 τὴν

414 5541 568 5611 ἐμὴν
604 5538 968 5610 ἀνάμνησιν.
1017 5540 1082 5592 Τί
1111 5540 1328 5608 λέγεις;
1384 5541 1685 5610 ἀνάμνησιν
1717 5541 1809 5594 τοῦ
1844 5542 1978 5610 Χρι-

415 5623 541 5677 στοῦ
568 5627 760 5689 ποιεῖς,
802 5624 895 5677 καὶ
930 5622 1165 5693 πένητας
1192 5623 1457 5693 παρορᾷς,
1481 5624 1575 5674 καὶ
1601 5622 1660 5674 οὐ
1698 5622 1974 5691 φρίττεις;

426 5706 565 5760 Ἀλλ’
590 5709 638 5760 εἰ
672 5705 771 5777 μὲν
798 5705 913 5760 υίοῦ
937 5706 969 5778 ἦ
996 5706 1224 5777 ἀδελφοῦ
1246 5704 1690 5773 τετελευτηκότος
1727 5705 1975 5775 ἀνάμνη-

416 5805 502 5844 σιν
534 5790 754 5859 ἐποίεις,
791 5790 1032 5863 ἐπλήγης
1070 5790 1135 5845 ἂν
1186 5790 1291 5844 ὐπὸ
1318 5787 1411 5841 τοῦ
1458 5786 1772 5851 συνειδότος,
1811 5788 1855 5839 εί
1895 5787 1968 5858 μή

1143 351 1148 355 1
1184 277 1242 333 S.
1278 272 1563 332 JOAN’NIS
1599 272 2078 331 CHRYSOSTOMI
2113 263 2430 330 ARCHIEP.
2462 274 3009 333 CONSTANTINOP.

411 403 526 459 Καὶ
563 400 669 472 γὰρ
698 403 726 455 6
753 401 1027 469 Δεσπότης
1062 414 1178 460 σου,
1216 394 1371 466 φησὶ,
1397 393 1496 463 τῆς
1534 393 1707 462 αὐτῆς
1730 391 1976 452 ἅπαντας
2006 431 2011 437 .

3538 272 3646 328 230

2079 404 2138 456 τό
2166 402 2286 467 ἔθος
2333 405 2676 476 ἐπλήρωσας,
2717 405 2810 458 καὶ
2853 406 3090 475 πένητας
3134 401 3415 467 ἐκάλεσας·
3456 406 3554 474 τήν
3587 408 3646 460 δέ

2081 485 2475 549 τοῦΔεσπότου
2527 505 2618 541 σου
2655 489 2822 542 ποιῶν
2853 489 3177 557 ἀνάμνησιν,
3210 486 3330 538 οὐδέ
3366 487 3645 558 τραπέζης

2076 569 2263 632 ἁπλῶς
2299 570 2629 639 μεταδίδως;
2678 571 2743 623 Τί
2771 571 2828 624 δέ
2875 572 3022 623 ἐστιν
3055 571 3083 623 ὅ
3110 585 3296 638 φησιν,
3332 568 3435 632 ὅτι,
3459 569 3646 625 Τοῦτο

2077 651 2140 704 τὸ
2170 651 2458 720 ποτήριον
2483 653 2521 720 ή
2555 655 2732 723 καινὴ
2762 654 3013 722 διαθήκη
3047 654 3219 707 ἐστίν
3236 669 3255 716 ;
3280 649 3389 705 Ἦν
3417 653 3527 723 γάρ
3554 658 3649 709 καὶ

2075 735 2175 805 τῆς
2226 735 2463 799 παλαιᾶς
2514 738 2779 809 διαθήκης
2814 739 3088 809 ποτήριον,
3118 738 3172 789 αί
3205 737 3429 789 σπονδαὶ
3459 738 3552 789 καὶ
3586 748 3648 791 τὸ

2078 812 2218 888 αἷμα
2244 817 2354 870 τῶν
2388 820 2597 887 ἀλόγων
2621 835 2632 849 ·
2679 822 2770 874 καὶ
2801 820 2909 889 γὰρ
2939 820 3075 890 μετά
3105 820 3166 872 τὸ
3210 819 3370 872 θῦσαι
3405 818 3646 890 ποτηρίῳ

2079 900 2231 973 [ειη
2265 903 2360 955 καὶ
2398 905 2564 976 φιάλῃ
2589 904 2649 957 τὸ
2692 897 2830 974 αἷμα
2856 904 3131 972 δεχόμενοι
3155 903 3327 966 οὕτως
3370 902 3645 958 ἔσπενδον.

2091 983 2244 1038 Ἐπεὶ
2273 982 2365 1038 οὖν
2396 987 2517 1039 ἀντὶ
2567 987 2800 1056 αἵματος
2854 987 3064 1053 ἀλόγων
3113 982 3256 1055 αἷμα
3300 986 3561 1056 εἰσήγαγε
3585 987 3645 1039 τὸ

2078 1067 2267 1131 αὐτοῦ,
2295 1068 2381 1120 ἴνα
2414 1070 2486 1140 μή
2516 1087 2599 1133 τις
2625 1070 2899 1140 θορυϐηθῇ
2924 1069 3082 1121 τοῦτο
3107 1066 3337 1131 ἀκούων,
3373 1068 3642 1137 ἀνέμνησε

2077 1149 2176 1219 τῆς
2209 1151 2443 1216 παλαιᾶς
2494 1152 2681 1215 θυσίας
2735 1153 2971 1222 ἐκείνης.
3026 1148 3159 1204 Εἶτα
3191 1148 3358 1202 εἰπὼν
3385 1150 3507 1220 περὶ
3543 1149 3640 1201 τοῦ

2078 1233 2294 1286 δείπνου
2325 1236 2554 1295 ἐκείνου,
2577 1235 2836 1287 συνάπτει
2866 1238 2933 1288 τά
2955 1235 3197 1302 παρόντα
3222 1235 3335 1295 τοῖς
3364 1231 3500 1296 τότε,
3531 1232 3638 1294 ἵνα,

2077 1314 2153 1378 ὡς
2188 1317 2243 1369 ἐν
2279 1317 2412 1387 αὐτῇ
2444 1316 2624 1387 ἐκείνη
2658 1319 2724 1386 τῇ
2760 1316 2989 1387 ἑσπέρᾳ,
3016 1318 3108 1368 καὶ
3137 1316 3223 1367 ἐπ’
3264 1314 3431 1384 αὐτῆς
3459 1315 3642 1384 κείμε-

2078 1414 2159 1450 νοι
2200 1398 2466 1463 στιϐάδος,
2492 1400 2584 1451 καὶ
2604 1401 2736 1468 παρ’
2766 1398 2929 1451 αὐτοῦ
2956 1398 3048 1451 τοῦ
3079 1397 3313 1469 Χριστοῦ
3340 1396 3645 1466 λαμϐάνον-

2077 1498 2170 1545 τες
2216 1483 2314 1550 τὴν
2361 1482 2548 1534 θυσίαν
2576 1482 2801 1551 ταύτην,
2848 1482 2990 1534 οὕτω
3028 1483 3122 1535 καὶ
3161 1482 3257 1534 νῦν
3295 1480 3643 1542 διακέωνται,

2081 1565 2172 1617 καί
2225 1581 2421 1634 φησιν’
2459 1564 2703 1629 Ὁσάκις
2756 1564 2869 1633 γὰρ
2917 1565 2993 1617 ἂν
3036 1564 3277 1630 ἐσθίητε
3325 1563 3435 1615 τὸν
3464 1562 3649 1632 ἄρτον

2079 1648 2315 1708 τοῦτον,
2352 1647 2546 1700 καὶτὸ
2579 1646 2867 1714 ποτήριον
2914 1646 3089 1700 τοῦτο
3130 1648 3362 1713 πίνητε,
3394 1646 3504 1719 τὸν
3546 1645 3648 1700 0d-

2078 1746 2264 1783 νατον
2294 1729 2403 1783 τοῦ
2438 1731 2661 1799 Κυρίου
2716 1732 3172 1799 καταγγέλλετε,
3229 1729 3401 1797 ἄχρις
3455 1723 3529 1784 οὗ
3569 1728 3648 1782 ἂν

2078 1815 2247 1881 ἔλθῃ.
2272 1813 2485 1883 Ὥσπερ
2509 1814 2618 1884 γὰρ
2645 1816 2673 1867 ὁ
2705 1814 2939 1883 Χριστὸς
2976 1815 3068 1867 καὶ
3108 1815 3201 1866 ἐπὶ⁵
3227 1814 3319 1866 τοῦ
3349 1815 3517 1882 ἄρτου
3554 1817 3648 1866 καὶ

2079 1899 2172 1949 ἐπὶ
2239 1896 2331 1949 τοῦ
2405 1898 2689 1968 ποτηρίου,
2763 1899 2869 1963 Εἰς
2920 1895 3034 1963 τὴν
3096 1896 3251 1965 ἐμὴν
3303 1896 3651 1965 ἀνάμνησιν

2079 1979 2299 2033 ποιεῖτε
2339 1979 2536 2042 τοῦτο,
2587 1980 2712 2049 ἔφη,
2759 1983 2858 2050 τὴν
2890 1980 3066 2034 αἰτίαν
3112 1979 3469 2036 ἐκκαλύπτων
3516 1981 3649 2051 ἡμῖν

2077 2063 2177 2134 τῆς
2201 2063 2295 2115 τοῦ
2329 2056 2643 2132 μυστηρίου
2661 2064 2879 2127 δόσεως,
2910 2064 3005 2116 καὶ
3038 2064 3175 2133 μετά
3215 2063 3322 2117 τῶν
3351 2064 3528 2118 ἄλλων
3555 2064 3649 2117 καὶ

2077 2145 2279 2214 ταύτην
2304 2142 2443 2198 εἶναι
2466 2145 2639 2214 λέγων
2663 2145 2936 2217 ἀρκοῦσαν
2957 2149 3086 2217 ήμίν
3109 2149 3188 2210 εἰς
3209 2146 3496 2209 εὐλαϐείας
3521 2146 3650 2199 ὐπό⁴

2080 2231 2226 2283 θεσιν
2250 2248 2262 2259 ·
2304 2231 2431 2283 ὅταν
2457 2230 2564 2300 γὰρ
2598 2232 2861 2301 ἐννοήσῃς
2892 2230 2945 2282 τί
2990 2231 3255 2284 πέπονθεν
3307 2232 3336 2283 6
3374 2230 3651 2300 Δεσπότης

2082 2329 2172 2365 σου
2205 2311 2295 2366 διά
2342 2313 2423 2374 σὲ,
2456 2311 2887 2383 φιλοσοφώτερος
2915 2313 3041 2384 ἔσῃ·
3079 2314 3222 2367 οὕτω
3253 2312 3345 2366 καὶ
3371 2315 3399 2366 6
3439 2312 3649 2374 Παῦλος

2079 2396 2316 2451 ἐνταῦθά
2340 2414 2503 2467 φησιν
2524 2413 2536 2426 ·
2581 2396 2823 2462 Ὁσάκις
2850 2395 2928 2450 ἂν
2959 2397 3221 2462 ἐσθίητε,
3248 2397 3356 2450 τὸν
3391 2396 3651 2450 θάνατον

2077 2482 2263 2536 αὐτοῦ
2301 2481 2749 2550 καταγγέλλετε.
2800 2482 2909 2535 Καὶ
2948 2482 3102 2535 τοῦτο
3128 2484 3303 2535 ἐκεῖνο
3341 2481 3403 2535 τὸ
3435 2481 3649 2535 δεῖπνόν

2079 2569 2246 2620 ἐστιν.
2308 2562 2439 2619 Εἶτα
2493 2568 2705 2628 δεικνὺς
2757 2551 2839 2620 ὅτι
2873 2567 2976 2629 ἕως
3010 2567 3108 2637 τῆς
3159 2566 3470 2627 συντελείας
3516 2566 3649 2642 αὐτὸ.

2082 2652 2251 2722 μένει,
2292 2652 2476 2722 φησίνο
2512 2652 2658 2716 Ἕως
2703 2651 2779 2705 ἂν
2815 2650 2984 2719 ἔλθῃ.
3008 2651 3189 2704 Ὥστε
3234 2649 3303 2714 ὃς
3353 2650 3432 2703 ἂν
3476 2650 3648 2715 ἐσθίῃ

2026 2735 2186 2789 τ’ἲόν
2222 2734 2406 2802 ἄρτον
2450 2733 2687 2799 τοῦτον,
2723 2735 2761 2802 ἢ
2796 2736 2940 2802 πίνῃ
2975 2734 3041 2787 τὸ
3083 2735 3372 2803 ποτήριον
3399 2734 3507 2788 τοῦ
3537 2738 3650 2788 Κυ-

2071 2820 2208 2886 ρίου
2240 2816 2516 2882 ἀναξίως,
2548 2816 2765 2886 ἔνοχος
2788 2819 2957 2871 ἔσται
2988 2817 3093 2871 τοῦ
3118 2818 3390 2887 σώματος
3418 2817 3518 2870 καί
3545 2817 3650 2871 τοῦ

2078 2902 2322 2970 αἵματος
2358 2899 2464 2954 τοῦ
2498 2902 2740 2968 Κυρίου.
2773 2901 2837 2953 Τί
2876 2901 3108 2971 δήποτε;
3151 2902 3273 2954 Ὅτι
3312 2901 3525 2971 ἐξέχεεν
3549 2900 3649 2954 αὐ-

2078 2984 2162 3045 τὸ,
2194 2984 2288 3037 καὶ
2312 2982 2523 3052 σφαγήν
2548 2983 2608 3036 τὸ
2642 2985 2876 3054 πρᾶγμα
2899 2984 3196 3055 ἀπέφηνεν,
3224 2985 3407 3039 οὐκέτι
3436 2984 3649 3040 θυσίαν.

2082 3066 2292 3139 Ὠσπερ
2319 3061 2412 3119 οὖν
2441 3066 2535 3118 καὶ
2566 3067 2685 3119 τότε
2710 3068 2759 3120 οί
2786 3067 3145 3135 κεντήσαντες
3178 3068 3274 3138 οὐχ
3308 3069 3395 3122 ἴνα
3449 3068 3651 3121 πίωσιν

2080 3148 2396 3219 ἐκέντησαν,
2433 3147 2547 3201 ἀλλ’
2578 3149 2666 3203 ἵνα
2696 3149 2990 3220 ἐκχέωσιν
3034 3150 3175 3203 οὕτω
3218 3152 3314 3205 καὶ
3349 3154 3378 3204 6
3418 3151 3650 3215 ἀναξίως

2083 3230 2302 3302 μετιὼν,
2331 3232 2424 3286 καὶ
2455 3231 2621 3302 μηδὲν
2650 3232 2896 3286 ἐντεῦθεν
2925 3233 3324 3302 καρπούμενος.
3357 3231 3505 3298 Εἶδες
3529 3233 3647 3296 πῶς

2081 3314 2307 3386 φοϐερὸν
2339 3314 2428 3368 τὸν
2464 3314 2621 3383 λόγον
2649 3316 2892 3385 ἐποίησε,
2926 3316 3020 3368 καὶ
3052 3316 3171 3387 μεθ’
3212 3317 3522 3388 ὑπερϐολῆς
3552 3317 3653 3371 αὐ-

2078 3398 2186 3451 τῶν
2215 3398 2499 3471 καθήψατο
2524 3399 2725 3470 πάσης,
2771 3399 2983 3462 δεικνὺς
3020 3402 3100 3453 ὅτι
3135 3403 3182 3454 εί
3226 3401 3368 3454 οὕτω
3406 3401 3653 3471 μέλλοιεν

2079 3481 2277 3546 πίνειν,
2328 3481 2561 3547 ἀναξίως
2596 3486 2881 3553 μετέχουσι
2930 3482 3037 3535 τῶν
3090 3484 3490 3554 προκειμένων.
3525 3482 3652 3547 Πῶς

2080 3565 2189 3636 γὰρ
2220 3566 2320 3619 οὐκ
2350 3564 2600 3630 ἀναξίως,
2642 3567 2670 3618 6
2706 3564 2978 3636 περιορῶν
3009 3567 3313 3632 πεινῶντας
3379 3570 3408 3621 6
3456 3585 3651 3621 καται-
3698 3558 3715 3583 ⁹

2083 3649 2289 3718 σχύνων
2320 3649 2456 3719 πρὸς
2507 3647 2585 3718 τῷ
2633 3650 2933 3719 περιιδεῖν;
2989 3650 3048 3703 EE
3104 3650 3212 3720 γὰρ
3248 3650 3309 3703 τὸ
3345 3651 3421 3721 μὴ
3469 3650 3651 3703 δοῦναι

2081 3732 2308 3801 πένησιν
2337 3731 2587 3784 ἐκϐάλλει
2609 3734 2707 3803 τῆς
2732 3732 3027 3802 βασιλείας,
3057 3733 3161 3786 κᾶν
3192 3734 3461 3804 παρθένος
3549 3744 3648 3797 τις,

2084 3816 2283 3886 μᾶλλον
2332 3816 2388 3868 δὲ
2440 3816 2500 3867 τὸ
2556 3816 2630 3884 μὴ
2683 3815 2918 3884 δαψιλῶς
2963 3817 3175 3870 δοῦναι·
3249 3818 3342 3871 καὶ
3388 3817 3499 3889 γὰρ
3560 3818 3652 3870 καὶ

2080 3902 2283 3952 ἐκεῖναι
2340 3899 2514 3950 ἔλαιον
2566 3893 2727 3967 εἶχον,
2784 3898 2918 3951 ἀλλὰ
2966 3899 3185 3968 δαψιλὲς
3220 3900 3319 3953 οὐκ
3359 3897 3505 3971 εἶχον
3531 3918 3545 3933 ·
3589 3901 3654 3953 τὸ
3754 3928 3761 3935 ·

2082 3982 2177 4035 καὶ
2226 3980 2467 4034 τοσαῦτα
2516 3978 2692 4032 ἄτοπα
2749 3982 3108 4051 ἐργάσασθαι,
3149 3983 3404 4053 ἐννόησον
3463 3984 3653 4054 ἡλίκον

2082 4064 2233 4117 ἔσται
2267 4064 2453 4117 κακόν.

2151 4214 2213 4270 ε’.
2234 4217 2370 4270 Ποῖα
2385 4217 2593 4283 (hanc;
2623 4217 2775 4287 φησί.
2801 4218 2865 4271 Τί
2894 4218 3089 4287 λέγεις,
3122 4224 3250 4274 ποῖα
3268 4222 3476 4287 bona;
3504 4225 3652 4295 Τρα-

2081 4298 2254 4370 πέζης
2297 4300 2557 4369 μετέσχες
2583 4301 2854 4371 τοιαύτης,
2886 4303 2979 4355 καὶ
3008 4303 3225 4356 πάντων
3254 4304 3485 4370 ὀφείλων
3509 4308 3653 4376 ήμε-

2082 4381 2316 4453 ρώτερος
2349 4378 2485 4434 εἷναι
2525 4383 2619 4434 καὶ
2664 4383 2771 4436 τῶν
2804 4384 3053 4451 ἀγγέλων
3078 4387 3212 4449 ἴσος,
3246 4387 3461 4441 πάντων
3490 4389 3649 4459 ὠμό-

2077 4481 2233 4534 τερος
2262 4463 2522 4532 γέγονας*
2557 4467 2785 4536 αἵματος
2814 4468 3022 4535 ἐγεύσω
3053 4468 3409 4535 Δεσποτικοῦ,
3432 4472 3531 4525 καὶ
3560 4474 3652 4527 τὸν

2032 4538 2043 4557 ’
2079 4546 2305 4615 ἀδελφὸν
2335 4548 2455 4600 οὐδέ
2502 4546 2675 4611 οὕτως
2707 4550 3118 4617 ἐπιγινιῦσκειςο
3155 4554 3249 4606 καὶ
3293 4555 3450 4618 ποίας
3501 4554 3652 4620 ἄξιος

2079 4626 2129 4681 εῖ
2159 4629 2521 4699 συγγνώμηςς
2581 4632 2772 4685 Καίτοι
2823 4635 2871 4685 εί
2905 4635 3000 4686 καὶ
3048 4634 3155 4704 πρὸ
3183 4635 3374 4689 τούτου
3403 4638 3644 4707 ἠγνόεις,

2079 4711 2188 4764 ἀπὸ
2215 4711 2316 4780 τῆς
2342 4712 2622 4782 τραπέζης
2668 4714 2827 4767 αὐτὸν
2870 4716 3167 4785 ἐπιγνῶναι
3218 4719 3420 4789 ἐχρῆν⁶
3468 4720 3566 4774 νῦν
3592 4721 3649 4774 δέ

2079 4793 2174 4846 καὶ
2225 4793 2394 4863 αὐτὴν
2440 4795 2726 4866 ἀτιμάζεις
2780 4796 2878 4869 τὴν
2924 4798 3224 4868 τράπεζαν,
3282 4802 3376 4855 τὸν
3430 4803 3649 4872 ἐκείνης

2078 4876 2489 4956 καταξιωθέντα
2525 4879 2751 4949 μέτοχον
2775 4876 2915 4934 εἶναι
2940 4880 3051 4934 τῶν
3086 4882 3193 4936 σῶν
3218 4884 3315 4954 οὐχ
3342 4887 3646 4956 ἡγούμενος

2078 4958 2230 5023 ἀξιον
2255 4954 2392 5013 εἶναι
2446 4962 2649 5015 σιτίων.
2699 4963 2802 5015 Οὐ)
2844 4963 3082 5034 ήκουσας
3116 4966 3258 5019 πόσα
3280 4954 3501 5021 ἔπαθεν
3524 4971 3553 5022 6
3578 4970 3647 5021 τά

2079 5043 2271 5097 ἑκατὸν
2295 5043 2526 5116 δηνάρια
2553 5045 2794 5099 ἀπαιτῶν
2823 5062 2838 5112 ;
2889 5046 3008 5111 πῶς
3033 5048 3239 5119 δωρεὰν
3274 5049 3644 5121 ἐξενεχθεῖσαν

2077 5129 2279 5188 ἄκυρον
2325 5130 2610 5197 ἐποίησεν;
2663 5131 2763 5184 οὐκ
2805 5132 3003 5195 ἐννοεῖς
3036 5133 3119 5195 τίς
3160 5133 3237 5187 ὢν
3260 5136 3344 5197 τίς
3375 5137 3641 5205 γέγονας;

2075 5213 2176 5266 οὐκ
2201 5213 2638 5283 ἀναμιμνήσκεις
2664 5213 2878 5277 σαυτὸν,
2909 5215 2993 5269 ὅτι
3044 5214 3234 5270 τούτου
3267 5217 3361 5270 τοῦ
3414 5218 3643 5289 πένητος

2076 5296 2134 5347 ἐν
2162 5297 2407 5364 χρήμασι
2459 5296 2595 5349 πολύ
2640 5296 2986 5369 πτωχότερος
3031 5294 3099 5370 ἧς
3142 5300 3201 5353 ἐν
3230 5301 3641 5372 κατορθώμασι,

2081 5378 2285 5448 μυρίων
2337 5376 2525 5447 γέμων
2572 5379 3020 5449 ἀμαρτημάτων;
3064 5381 3206 5435 Ἀλλ’
3238 5383 3391 5451 ὅμως
3426 5386 3644 5439 πάντων

2076 5479 2136 5514 σε
2164 5461 2385 5515 ἐκείνων
2422 5460 2733 5530 ἀπήλλαξεν
2754 5465 2782 5516 6
2807 5464 2957 5529 Θεὸς,
2993 5464 3087 5519 καὶ
3120 5468 3405 5537 τραπέζης
3442 5468 3644 5539 ἠξίωσε

2075 5543 2366 5613 τοιαύτης’
2399 5544 2462 5595 σὺ
2489 5543 2546 5596 δέ
2586 5547 2707 5599 οὐδέ
2748 5546 2890 5600 οὕτω
2941 5549 3455 5621 φιλανθρωπότερος
3492 5553 3640 5622 γίνῃ.

2075 5625 2285 5679 Οὐκοῦν
2309 5625 2458 5678 οὐδὲν
2494 5627 2679 5697 ἕτερον
2712 5629 2978 5690 λείπεται,
3012 5630 3046 5700 ἢ
3079 5632 3173 5685 καὶ
3216 5633 3277 5687 τό
3311 5648 3372 5685 σε
3406 5632 3643 5702 παραδοσ-

2076 5707 2233 5777 θῆναι
2278 5710 2389 5772 τοίς
2448 5707 2816 5777 βασανισταῖς.
2866 5712 3015 5784 [2481
3064 5713 3279 5767 Τούτων
3334 5715 3427 5768 καὶ
3479 5716 3640 5785 ἡμεῖς

2076 5792 2396 5865 ἀκούσωμεν
2422 5792 2531 5848 τῶν
2565 5794 2825 5865 ῥημάτων
2850 5795 3071 5864 πάντες,
3110 5797 3223 5850 ὅσοι
3277 5797 3508 5853 ἐνταῦθα
3539 5800 3637 5872 μὲν
