3990 6168
329 340 434 397 229

321 466 398 510 cst
418 468 612 524 corpus
638 466 825 517 muttit,
849 449 983 521 quod
1018 463 1113 518 pro
1140 447 1280 504 vobis
1305 447 1558 518 frangitur
1581 462 1600 501 :
1621 445 1715 500 hoc
1751 442 1907 515 facite

322 543 378 597 iu
406 560 575 599 mare
596 540 1132 597 commmtiouem.
1152 538 1265 594 Cur
1286 538 1375 593 hic
1394 537 1771 609 mysteriorum
1794 549 1913 591 me-

324 633 523 691 minit?
548 634 680 700 Quia
708 631 859 687 valde
886 630 1249 687 necessarium
1268 636 1387 685 erat
1411 629 1477 683 ad
1502 642 1737 698 prtesens
1753 642 1912 697 argu-

325 736 568 782 mentum
591 726 680 780 tali
703 725 779 780 uti
800 737 1072 779 sermone.
1095 720 1229 776 Nam
1254 721 1511 775 Dominus
1532 729 1684 786 tuus,
1714 719 1905 789 inquit,

323 819 514 874 eadem
543 832 731 873 omnes
752 831 936 872 mensa
961 815 1209 886 dignatus
1233 824 1348 880 est;
1380 815 1479 870 etsi
1509 814 1596 868 illa
1620 811 1909 868 admodum

323 908 600 966 tremenda
628 917 768 973 erat,
796 908 1145 977 omniumque
1166 906 1480 977 dignitatem
1506 903 1666 960 valde
1691 918 1911 976 supcra-

323 1000 446 1056 hat:
472 1008 528 1056 ιι
546 1016 680 1057 vero
705 1000 828 1057 illos
849 1007 940 1055 tua
972 999 1220 1070 indignos
1238 1014 1359 1055 esse
1380 1007 1555 1069 putas.
1580 998 1668 1053 illa
1693 998 1906 1068 inquam

324 1106 482 1161 parva
527 1101 584 1147 et
620 1092 749 1157 vili;
786 1099 847 1146 et
881 1105 1005 1146 eum
1036 1090 1090 1144 in
1122 1090 1482 1161 spirituslibus
1507 1089 1640 1143 nihil
1667 1089 1785 1158 plus
1814 1090 1909 1143 ha-

324 1184 483 1239 beant
508 1198 671 1254 quam
699 1192 757 1238 tu
777 1224 795 1250 ,
838 1184 892 1237 in
935 1181 1281 1238 sensibilihus
1309 1181 1430 1235 illos
1467 1179 1704 1249 spolias:
1732 1193 1909 1249 neque

323 1275 469 1329 enim
498 1274 619 1328 hmo
660 1283 748 1327 tua
793 1282 939 1328 sunt.
980 1270 1089 1328 Sed
1134 1286 1238 1327 non
1269 1271 1372 1326 hoc
1399 1271 1613 1338 quidem
1636 1269 1809 1335 dicit,
1841 1284 1909 1324 nc

321 1369 564 1434 asperior
591 1373 735 1419 esset
757 1378 958 1430 sermo,
976 1364 1126 1418 illum
1145 1378 1270 1417 vero
1294 1362 1713 1416 mansuetiorem
1741 1360 1910 1416 eliicit

321 1457 509 1514 dicens
532 1473 546 1510 :
570 1456 825 1523 Quoniam
852 1457 1095 1512 Dominus
1113 1456 1148 1510 Ι
1153 1473 1286 1521 esus,
1309 1456 1360 1509 in
1379 1471 1479 1525 quo
1503 1462 1648 1509 nocte
1667 1455 1908 1508 tradeba-

324 1557 441 1614 tur,
480 1548 672 1616 accepit
716 1564 915 1617 punctis.
949 1546 1015 1601 Et
1051 1561 1154 1615 qua
1192 1546 1262 1601 de
1298 1558 1461 1601 causa
1504 1554 1715 1615 tempus
1754 1544 1908 1600 nobis

325 1645 756 1704 commemorat,
798 1645 857 1692 et
901 1651 1178 1706 vesperam
1226 1636 1369 1690 illam
1410 1644 1469 1690 et
1510 1635 1908 1704 proditionem?

258 1734 263 1738 '
327 1729 444 1786 Non
469 1728 591 1785 sine
615 1743 779 1784 causa
800 1737 858 1783 et
882 1728 1109 1793 ratione,
1128 1727 1226 1782 sed
1253 1738 1309 1781 ut
1331 1742 1490 1796 supra
1514 1726 1735 1781 modum
1757 1740 1907 1780 com-

330 1828 595 1891 punger‘et
620 1820 781 1876 etiam
813 1836 843 1875 a
868 1831 1127 1890 tempore.
1156 1819 1381 1874 Etiamsi
1404 1818 1548 1873 enim
1570 1818 1706 1887 lapis
1724 1818 1794 1873 sit
1812 1817 1908 1871 ali-

330 1913 471 1982 quis,
497 1912 543 1967 si
570 1912 768 1983 cogitet
797 1902 941 1966 illam
961 1919 1194 1977 noctem,
1218 1909 1484 1981 quomdo
1499 1924 1620 1963 cum
1636 1908 1908 1978 discipulis

327 2011 444 2056 erat
470 2002 642 2057 tristis
666 2041 681 2067 ,
713 2001 986 2073 quomodo
1012 2002 1245 2056 traditus
1267 2010 1348 2056 est
1374 2043 1390 2068 ,
1420 2001 1689 2071 quando
1716 2002 1907 2072 ligatus

320 2101 380 2147 et
419 2091 704 2158 abductus,
748 2092 1020 2163 quentede
1061 2092 1330 2162 judiatus
1364 2103 1469 2157 est,
1508 2101 1566 2147 et
1600 2107 1713 2162 quo
1744 2103 1907 2164 pacto

318 2190 517 2237 caetera
540 2183 727 2237 θιιιιιίιι
760 2183 1039 2253 seqtieutia
1066 2182 1288 2253 pertulit
1305 2225 1322 2250 ,
1348 2197 1472 2238 cem
1497 2183 1716 2238 mollior
1734 2183 1908 2239 efﬁci-

318 2283 429 2338 tur,
459 2289 492 2328 a
521 2284 661 2330 terra
685 2273 1014 2330 abstrahitur
1032 2284 1084 2329 et
1101 2275 1170 2329 ab
1189 2274 1335 2328 eunti
1357 2274 1516 2345 hujus
1536 2275 1722 2330 saeculi
1743 2274 1900 2330 fastu.

314 2365 448 2422 ideo
471 2367 651 2421 omnia
678 2366 766 2422 illa
791 2367 944 2422 nobis
967 2368 1021 2421 in
1048 2367 1360 2421 memoriam
1383 2378 1621 2435 revocat,
1644 2383 1744 2439 per
1766 2379 1906 2424 telu-

316 2472 419 2526 pus
456 2466 514 2512 et
542 2468 783 2512 mensam
810 2466 868 2514 et
892 2457 1251 2528 proditionem
1280 2457 1489 2529 pudore
1515 2458 1829 2514 suil'undcns
1852 2469 1906 2515 et

313 2549 505 2606 dicens
525 2568 538 2603 :
560 2549 817 2606 Dominus
840 2561 960 2606 tuus
982 2552 1219 2622 seipsum
1239 2567 1337 2622 pro
1355 2565 1407 2608 te
1426 2553 1676 2619 tradidit;
1697 2563 1758 2608 tu
1778 2568 1908 2609 vero

311 2639 467 2696 fratri
502 2655 678 2711 neque
705 2640 883 2697 cibum
911 2641 1009 2697 das
1036 2657 1137 2712 pro
1165 2642 1375 2713 teipse?
1644 2634 1659 2649 ’

382 2732 440 2787 ι.
470 2730 758 2801 Quomodo
796 2742 976 2791 autem
1010 2733 1139 2789 dicit
1176 2749 1238 2790 se
1276 2736 1549 2806 accepisse
1573 2751 1602 2791 a
1637 2735 1907 2793 Domino?

306 2838 495 2895 neque
516 2824 668 2879 enim
698 2833 824 2880 tunc
848 2826 1033 2881 aderat
1054 2867 1069 2892 ,
1102 2826 1196 2883 sed
1231 2842 1297 2883 es
1328 2843 1552 2885 numero
1580 2844 1908 2902 persequen-

311 2915 447 2971 tium
477 2926 617 2971 erat.
651 2915 718 2974 Ut
742 2917 919 2974 discas
941 2920 1075 2975 nihil
1103 2921 1224 2990 plus
1246 2921 1445 2979 habere
1471 2923 1615 2980 illam
1642 2941 1902 2992 mensam,

308 3022 481 3078 quam
526 3008 618 3064 illa
642 3025 764 3080 qua:
803 3020 987 3080 postea
1022 3013 1135 3067 fuit.
1168 3013 1298 3067 niam
1326 3024 1374 3070 et
1410 3014 1568 3069 hodie
1594 3016 1682 3072 ille
1710 3027 1794 3073 est
1816 3018 1904 3089 qui

311 3103 498 3157 omnia
528 3101 697 3158 edicit
726 3112 782 3158 et
821 3103 1003 3168 tradit,
1048 3115 1107 3160 ut
1142 3116 1196 3161 et
1222 3116 1368 3162 tunc.
1403 3107 1515 3162 Non
1554 3109 1676 3165 ideo
1704 3120 1904 3165 tantum

309 3192 462 3249 illam
492 3204 708 3250 noctem
732 3207 1161 3264 commemorat,
1189 3198 1284 3253 sed
1316 3208 1372 3253 et
1412 3208 1467 3254 ut
1491 3201 1597 3255 alio
1627 3202 1786 3257 modo
1811 3217 1910 3258 nos

310 3292 667 3355 compungat.
706 3284 778 3340 Ut
810 3287 960 3340 enim
1002 3286 1218 3341 illorum
1250 3291 1480 3344 maxime
1510 3291 1796 3348 verborum
1825 3308 1910 3350 re-

308 3376 615 3431 cordamur
636 3419 654 3444 ,
692 3393 816 3449 qua:
846 3380 1027 3433 uitium
1071 3380 1319 3437 audimus
1348 3398 1378 3436 a
1406 3384 1820 3454 decedentibus;
1854 3397 1910 3445 et

315 3466 623 3524 heredibus
639 3484 846 3536 eorum,
872 3472 915 3526 si
939 3472 1171 3528 audeant
1192 3474 1406 3530 illorum
1440 3489 1705 3548 prmeepta
1736 3489 1911 3536 trans-

308 3555 505 3625 gredi,
532 3565 591 3610 ut
606 3558 809 3626 pudore
827 3559 1137 3626 abiciamus.
1159 3562 1389 3618 dicimus
1409 3583 1422 3619 :
1441 3567 1682 3638 Cogitate
1702 3579 1907 3638 patrem

309 3656 576 3703 vestrum
606 3649 743 3705 haec
772 3652 1002 3709 ultimam
1036 3656 1289 3710 emisisse
1316 3673 1502 3713 vocem
1529 3699 1544 3724 ,
1570 3669 1623 3714 et
1651 3677 1817 3733 usque
1843 3664 1910 3719 ad

301 3739 488 3808 diem,
522 3757 630 3812 qua
655 3744 1018 3814 exspiraturus
1039 3759 1177 3811 erat,
1208 3750 1326 3804 hare
1355 3750 1693 3808 mandavissc
1716 3755 1834 3813 :sic
1857 3766 1911 3812 ct

300 3832 518 3889 Paulus
545 3834 675 3891 inde
698 3838 878 3893 volam
899 3838 1101 3895 dictum
1128 3842 1257 3896 illud
1287 3843 1619 3899 tremendum
1649 3845 1874 3903 reddere
1890 3884 1906 3911 .

299 3924 707 3983 Recordamini
730 3970 748 3997 ,
779 3931 950 4002 inquit
973 3974 989 3998 ,
1032 3934 1174 4005 quod
1202 3935 1342 3990 hanc
1375 3937 1610 3994 ultimam
1640 3940 1792 3995 vobis
1817 3941 1911 3997 de-

298 4017 450 4074 derit
479 4023 733 4090 mysterii
758 4023 1168 4093 institutionem,
1188 4029 1322 4082 etin
1351 4030 1462 4099 ipsa
1486 4044 1660 4098 nocte,
1686 4048 1788 4104 qua
1816 4048 1912 4104 pro

301 4111 468 4167 vobis
497 4113 836 4171 occidendus
866 4127 987 4172 erat
1011 4161 1026 4186 ,
1061 4120 1175 4176 inec
1205 4126 1553 4193 prceceperit,
1602 4137 1656 4181 ct
1697 4128 1911 4184 tradens

300 4204 467 4258 nobis
501 4205 656 4259 illam
682 4220 896 4261 cuinam
923 4250 937 4271 ,
984 4220 1106 4279 post
1137 4212 1279 4265 illam
1312 4228 1418 4268 non
1462 4216 1602 4270 aliud
1634 4218 1907 4288 adjeccrit.

295 4293 526 4352 Deinde
560 4298 657 4351 illa
688 4314 811 4368 quze
830 4309 964 4355 tunc
988 4301 1123 4356 facta
1157 4303 1305 4360 fuere
1335 4317 1516 4360 narrat
1548 4328 1561 4362 :
1592 4309 1794 4379 Accepit
1821 4328 1912 4380 pa-

295 4406 417 4444 uent
439 4432 455 4455 ,
492 4400 547 4445 et
576 4408 700 4445 cum
720 4395 914 4463 gratias
938 4396 1151 4466 egisset,
1195 4399 1344 4470 frrgit
1380 4409 1427 4452 et
1467 4401 1592 4455 dixit
1617 4400 1909 4470 :Accipite,

293 4480 668 4546 manducata;
692 4483 789 4536 ltoc
818 4494 890 4538 est
910 4501 1097 4556 corpus
1132 4505 1293 4543 meum
1320 4490 1454 4559 quod
1483 4507 1575 4562 pro
1598 4492 1737 4546 vobis
1764 4497 1912 4563 [ran-

292 4573 463 4642 gitur.
501 4574 566 4629 Si
603 4588 739 4643 ergo
768 4587 985 4645 propter
1009 4579 1381 4633 eucharistiam
1424 4583 1668 4648 accedis,
1705 4594 1755 4637 tu
1786 4584 1913 4640 nihil

293 4663 672 4720 euclmristia:
716 4665 991 4736 indignum
1039 4669 1216 4732 facito,
1264 4687 1435 4742 neque
1483 4674 1684 4743 pudore
1714 4676 1916 4732 afﬁcias

291 4755 532 4811 fratrem
557 4797 578 4823 ,
610 4773 718 4812 nec
745 4761 1070 4815 esurientem
1102 4763 1395 4832 despicias,
1426 4781 1492 4820 ne
1520 4765 1818 4835 inebrieris,
1850 4784 1915 4824 ne

293 4847 627 4905 Ecclesium
660 4852 982 4905 cinnamelia
1015 4854 1235 4908 afficias.
1271 4856 1494 4911 Accedis
1528 4861 1722 4928 gratias
1754 4875 1916 4932 agens

291 4956 397 5010 pro
426 4942 499 4995 iis
533 4957 671 5011 qum
703 4944 952 5013 accepisti
983 4963 995 4997 :
1021 4960 1149 5016 ergo
1175 4956 1227 5000 ct
1260 4959 1314 5001 tu
1343 4949 1510 5003 vicem
1538 4952 1789 5022 repende,
1823 4968 1919 5008 ne-

291 5048 402 5104 que
439 5043 499 5090 te
534 5033 840 5089 abscindas
869 5052 895 5089 a
928 5039 1190 5105 proximo.
1223 5040 1427 5095 Etenim
1458 5043 1701 5099 Christus
1736 5049 1913 5102 omni-

290 5124 395 5179 bus
447 5126 759 5196 arqualiter
800 5126 945 5182 dedit
991 5129 1194 5199 dicens,
1241 5134 1483 5204 Accipite,
1524 5140 1781 5193 comeditr.
1828 5142 1918 5197 Ille

290 5231 506 5287 corpus
538 5217 841 5287 :rqualiter
866 5218 1011 5273 dedit
1039 5238 1052 5286 ;
1099 5233 1151 5276 tu
1184 5239 1310 5279 vero
1339 5242 1404 5279 ne
1436 5242 1770 5284 communem
1798 5235 1919 5301 qni-

290 5309 418 5364 dem
442 5325 673 5382 panem
699 5311 978 5379 arqualiler
994 5313 1122 5367 das?
1146 5332 1265 5372 nam
1290 5334 1384 5387 pro
1407 5322 1652 5377 omnibus
1677 5326 1920 5383 similith

293 5401 542 5455 fractum
579 5409 699 5467 est,
727 5412 782 5457 et
803 5418 869 5456 ex
892 5419 1046 5475 aequo
1069 5405 1166 5462 fuit
1189 5422 1380 5480 corpus
1410 5428 1504 5482 pro
1532 5417 1800 5473 omnibus.
1824 5421 1914 5477 25.

294 5494 569 5550 Similiter
613 5503 673 5548 et
702 5494 942 5560 calicem,
977 5509 1237 5569 postquam
1275 5507 1485 5575 coenavit
1508 5547 1524 5571 ,
1575 5509 1746 5564 dicens
1776 5526 1794 5564 :
1823 5512 1920 5568 llic

293 5589 437 5642 calix
465 5603 681 5642 navum
712 5597 1062 5644 testamentum
1087 5602 1158 5647 est
1190 5595 1243 5647 in
1270 5612 1378 5648 meo
1408 5601 1650 5670 sanguine
1671 5619 1690 5656 :
1713 5603 1807 5657 Itoc
1833 5610 1918 5675 {a-

292 5680 411 5743 cite,
452 5679 898 5748 quotiescumque
920 5679 1170 5748 biberitis,
1206 5685 1258 5739 in
1296 5703 1456 5740 meam
1484 5697 1918 5751 commemoratio-

297 5786 432 5828 nem.
462 5771 622 5840 Quid
658 5770 840 5824 dicis?
869 5779 1433 5833 commemorationem
1461 5780 1654 5838 Christi
1684 5785 1827 5857 lacis:
1860 5796 1917 5843 et

654 5881 935 5944 Ριτιιοι.
984 5888 1098 5948 Gn.
1148 5889 1301 5952 LXI.

1323 329 1392 388 ΙΝ
1431 328 1644 388 EPIST.
1686 328 1707 383 Ι
1771 325 1865 382 AD
1899 323 2057 381 COD.
2100 325 2336 382 llOMlL.
2380 326 2592 383 XXVII.

3492 333 3600 390 230

2030 455 2297 513 pauperes
2323 444 2586 513 despicis,
2621 459 2719 501 nec
2747 447 3122 505 exhorrescis?
3165 449 3270 508 Sed
3310 453 3355 506 si
3388 451 3481 509 lilii
3516 466 3611 510 aut

2023 530 2207 589 fratris
2255 539 2450 591 mortui
2497 541 3059 597 commemorationem
3114 542 3317 600 iaceres
3345 587 3360 611 ,
3404 561 3436 601 a
3484 559 3613 600 enu-

2017 624 2242 680 scientia
2271 632 2583 696 puugcreris
2606 672 2621 694 ,
2649 630 2693 684 si
2724 646 2826 685 non
2859 648 3062 689 morem
3094 644 3353 705 sequutus
3380 651 3528 693 esses
3559 646 3612 690 et

2017 731 2284 787 pauperes
2307 722 2609 776 vocavisscs
2636 741 2648 775 :
2671 738 2791 778 cum
2817 735 2994 781 autem
3023 726 3229 782 Domini
3261 730 3331 784 tui
3362 742 3610 786 comme-

2016 808 2374 863 morationem
2416 811 2580 876 iacis,
2614 828 2788 883 neque
2833 832 3030 871 mensa:
3058 818 3248 874 saltem
3277 826 3604 880 consortium

2014 896 2133 951 das.
2163 898 2299 966 Quid
2330 915 2456 955 vero
2486 901 2587 956 sibi
2611 904 2719 957 vult
2749 905 2877 959 illud
2904 924 2917 958 :
2947 906 3046 962 Hic
3075 910 3211 964 calix
3240 928 3424 966 natum
3453 923 3599 967 testa-

2012 999 2236 1044 mentum
2284 1002 2358 1046 est
2388 993 2414 1046 Ζ)
2458 992 2669 1049 Veteris
2725 997 2868 1051 enim
2919 1001 3225 1056 testamenti
3267 1004 3403 1059 calix
3450 1017 3599 1060 erant
3694 992 3695 999 ‘

1961 1120 1967 1126 ρ
2013 1081 2267 1137 libamina
2292 1095 2346 1139 et
2373 1086 2590 1155 sanguis
2615 1087 2892 1142 brutorum
2922 1108 2933 1143 :
2961 1100 3241 1161 postquam
3265 1095 3406 1149 enim
3434 1098 3603 1152 sacri-

2015 1171 2319 1239 ﬁcaverunt,
2344 1175 2394 1228 in
2424 1176 2587 1232 calice
2615 1186 2669 1233 et
2698 1178 2873 1247 phiala
2898 1183 3211 1250 sanguinem
3243 1187 3599 1255 excipientes,

2013 1265 2091 1319 sic
2143 1265 2401 1321 libabant.
2451 1268 2585 1336 Quia
2638 1270 2801 1340 igitur
2846 1287 2942 1340 pro
3009 1275 3266 1344 sanguine
3317 1276 3600 1335 brutormn

2010 1358 2322 1426 sanguinem
2362 1374 2517 1414 suum
2572 1360 2815 1426 induxit;
2864 1379 2930 1418 ne
2981 1366 3103 1434 quis
3142 1366 3448 1424 turbaretur
3499 1371 3602 1428 hoc

2012 1446 2256 1514 audiens,
2274 1450 2326 1503 in
2340 1451 2653 1506 memoriam
2666 1454 2933 1508 revocavit
2943 1462 3094 1510 vetus
3108 1456 3232 1512 illud
3252 1460 3572 1516 sacriﬁcium
3584 1502 3598 1516 .

2013 1535 2217 1593 Deinde
2242 1538 2311 1593 de
2336 1554 2486 1595 caana
2511 1542 2596 1597 illa
2627 1543 2898 1613 loquutus,
2921 1548 3206 1615 praesentia
3237 1550 3302 1605 iis
3328 1566 3447 1621 qua:
3474 1563 3602 1609 tunc

2010 1638 2165 1684 erant
2194 1630 2469 1702 conjtmgit
2494 1649 2506 1685 :
2533 1645 2593 1687 ut
2623 1635 2773 1705 quasi
2805 1637 2856 1689 in
2893 1637 2984 1691 illa
3013 1653 3268 1708 vcspcra,
3305 1640 3357 1696 in
3385 1642 3602 1699 codem-

2011 1734 2117 1788 qne
2144 1731 2315 1776 strato
2344 1724 2739 1791 recumbentes,
2762 1727 2905 1782 etab
2927 1729 3044 1799 ipso
3070 1730 3284 1786 Christo
3309 1733 3411 1789 hoc
3435 1738 3604 1790 sacri-

2014 1810 2194 1865 ﬁcium
2236 1813 2562 1882 accipientes
2585 1857 2599 1879 ,
2645 1818 2713 1871 ita
2758 1826 2817 1874 et
2864 1834 3009 1875 nunc
3036 1821 3367 1888 afﬁciantur;
3400 1836 3453 1881 et
3484 1826 3597 1883 ait:

2010 1901 2102 1957 26.
2138 1903 2559 1977 Quotiescumque
2586 1909 2721 1962 enim
2759 1911 3129 1967 manducabitis
3157 1929 3339 1983 panem
3369 1916 3524 1985 hunc,
3552 1931 3601 1975 et

2009 1994 2218 2048 calicem
2252 1996 2461 2062 biberis,
2510 2008 2718 2053 mortem
2764 2000 2975 2056 Domini
3011 2007 3407 2073 annuntiabitis,
3444 2009 3601 2066 donec

2009 2085 2199 2138 veniat.
2227 2085 2375 2142 Sicut
2400 2090 2541 2144 enim
2569 2091 2622 2145 in
2653 2106 2790 2162 pane
2816 2102 2872 2148 et
2897 2094 2950 2147 in
2977 2095 3146 2151 calice
3171 2096 3306 2152 dixit
3328 2098 3596 2169 Christus,

2013 2175 2128 2231 [loc
2152 2178 2306 2246 facile
2341 2180 2395 2234 in
2433 2199 2595 2236 meam
2625 2187 3171 2257 commemorationem,
3204 2206 3417 2247 causam
3446 2196 3600 2251 nobis

2009 2268 2257 2335 aperiens
2277 2269 2387 2325 dati
2412 2274 2676 2343 mysterii,
2703 2284 2901 2330 etcum
2929 2277 3048 2332 aliis
3075 2277 3177 2334 hoc
3202 2281 3363 2336 etiam
3390 2282 3595 2353 dicens,

2013 2358 2183 2428 ipsam
2217 2361 2369 2416 nobis
2398 2366 2528 2417 satis
2554 2380 2673 2420 esse
2703 2366 2768 2419 ad
2798 2368 3010 2437 pictatis
3038 2382 3409 2441 argumentum
3436 2391 3596 2431 :cum

2009 2449 2151 2503 cnim
2197 2452 2518 2521 cogitaveris
2559 2455 2689 2525 quid
2732 2456 2987 2514 Dominus
3027 2469 3150 2517 tuus
3192 2464 3262 2519 sit
3308 2479 3597 2535 perpessus

2009 2548 2228 2609 propter
2254 2549 2327 2604 te,
2358 2544 2527 2614 magis
2557 2545 2905 2616 philosophus
2929 2551 3040 2606 eris
3064 2569 3078 2607 :
3100 2552 3180 2608 sic
3202 2564 3258 2608 et
3288 2554 3484 2613 Paulus
3508 2557 3599 2616 hic

2011 2630 2109 2697 ait,
2140 2633 2561 2706 Quotiescumque
2586 2638 2959 2694 mouducabitis
2976 2681 2992 2708 ,
3023 2654 3235 2699 mortem
3261 2647 3371 2717 ejus
3397 2664 3599 2705 annun-

2010 2722 2220 2776 tiubitis.
2246 2722 2313 2778 Et
2334 2724 2450 2780 bare
2470 2735 2555 2781 est
2579 2726 2667 2781 illa
2684 2742 2860 2782 ciem.
2885 2730 3087 2787 Deinde
3105 2749 3226 2789 cum
3252 2739 3594 2809 ostendisset,

2010 2814 2153 2880 quod
2195 2828 2363 2883 usque
2404 2815 2471 2869 ad
2511 2820 3029 2875 consummationem
3074 2823 3163 2878 illa
3204 2838 3448 2887 maneat.
3492 2833 3595 2898 ait,

2010 2899 2188 2957 Donec
2212 2905 2396 2960 vestiat.
2428 2904 2519 2962 27.
2550 2905 2734 2976 Itaque
2762 2912 3068 2982 quicumque
3095 2917 3474 2974 manducauerit
3508 2939 3597 2992 pa-

2006 3008 2128 3051 rtem
2149 2995 2285 3050 hunc
2310 2997 2388 3051 vel
2415 2998 2591 3053 biberit
2614 2998 2823 3056 calicem
2853 3002 3057 3059 Domini
3095 3008 3330 3079 indigne,
3360 3028 3477 3066 reus
3502 3015 3598 3068 erit

2007 3088 2237 3157 corporis
2261 3098 2309 3143 et
2336 3091 2601 3163 sanguinis
2628 3092 2856 3148 Domini.
2888 3095 3112 3164 Quare?
3142 3102 3273 3166 Quia
3318 3103 3503 3160 cll'udit
3530 3106 3597 3161 il-

2009 3178 2141 3245 lum,
2170 3188 2225 3234 et
2249 3195 2314 3236 ea
2343 3196 2431 3235 res
2457 3185 2836 3241 mactationem
2862 3188 3122 3255 exhibuit,
3156 3208 3261 3248 non
3286 3194 3397 3265 jam
3425 3199 3595 3255 sacri-

2011 3266 2208 3324 ﬁcium.
2244 3269 2315 3326 Ut
2339 3286 2468 3343 ergo
2500 3282 2627 3328 tunc
2663 3276 2753 3345 qui
2786 3277 3196 3350 transﬁxorum,
3229 3300 3336 3340 non
3369 3296 3423 3341 ut
3449 3289 3598 3347 bibe-

2011 3369 2132 3414 rent
2159 3361 2577 3432 transﬂxerunt,
2606 3365 2702 3420 sed
2728 3377 2787 3421 ut
2825 3367 3198 3427 eﬂunderent:
3223 3374 3295 3430 ita
3322 3378 3481 3433 etiam
3508 3382 3598 3450 qui

2008 3449 2231 3521 indigne
2254 3455 2575 3524 participat,
2604 3466 2659 3511 et
2688 3458 2822 3513 nihil
2849 3459 2975 3517 hinc
2998 3461 3204 3519 fructus
3230 3470 3478 3539 percipit.
3510 3449 3600 3526 l’i-

2013 3541 2134 3597 deu’
2179 3560 2337 3614 quam
2386 3547 2683 3603 terribilem
2729 3564 3037 3609 sermonem
3081 3555 3290 3625 fecerit,
3340 3573 3396 3616 et
3441 3580 3599 3635 quam

2010 3632 2190 3688 valide
2219 3635 2340 3690 illos
2370 3638 2761 3707 perstrinxerit,
2794 3644 3084 3701 ostendens
3115 3650 3255 3717 quod
3288 3654 3329 3707 si
3358 3654 3437 3710 sic
3458 3632 3601 3714 bibi-

2019 3724 2123 3778 turi
2149 3725 2276 3789 sint,
2309 3726 2525 3797 indigne
2551 3730 2658 3784 sint
2684 3735 3078 3804 propositorum
3107 3743 3434 3815 participes?
3454 3749 3601 3817 Quo-

2020 3814 2182 3869 modo
2205 3816 2348 3871 enim
2381 3832 2486 3873 non
2515 3819 2728 3891 indigne
2754 3825 2842 3894 qui
2868 3825 3098 3897 despicit
3124 3814 3594 3914 esurientempqui

2014 3903 2365 3975 despicienda
2391 3909 2598 3980 pudore
2626 3913 2918 3972 sull‘undit?
2948 3919 3075 3976 Nam
3107 3924 3148 3978 si
3175 3942 3281 3981 non
3311 3929 3439 3986 dare
3460 3903 3600 4003 pau-

2014 3995 2234 4065 poribus
2265 3999 2411 4068 cjicit
2448 4014 2516 4056 ex
2560 4018 2726 4074 regno
2765 4009 3056 4077 culorum,
3101 4016 3262 4072 etiam
3307 4022 3349 4074 si
3389 3995 3491 4091 qua
3533 4028 3601 4080 sit

2018 4086 2208 4157 virgo;
2241 4089 2350 4145 imo
2372 4091 2536 4146 etiam
2562 4095 2606 4149 si
2636 4111 2744 4152 non
2771 4098 2990 4170 largiter
3009 4103 3196 4171 detur;
3226 4124 3345 4163 nam
3371 4086 3473 4166 illa-
3499 4117 3600 4169 vir-

2015 4181 2167 4250 gines
2195 4182 2373 4238 oleum
2418 4183 2728 4256 habebant,
2758 4190 2853 4245 sed
2883 4207 2988 4247 non
3033 4195 3251 4266 largiter
3289 4199 3556 4258 habebant
3584 4225 3597 4262 :

2016 4282 2125 4327 tam
2158 4274 2324 4330 multa
2355 4275 2585 4332 absurda
2617 4279 2843 4346 iecisse,
2872 4286 3043 4355 cogita
3075 4299 3330 4357 quantum
3360 4295 3462 4347 erit
3493 4312 3602 4348 ma-

2018 4363 2150 4417 lum.

2089 4453 2143 4506 5.
2178 4454 2310 4519 Qum
2355 4454 2602 4523 absurda,
2650 4458 2852 4529 inquit?
2894 4462 3028 4530 Quid
3075 4465 3243 4535 dicis,
3286 4473 3460 4540 qualia
3502 4477 3599 4533 ab-

2020 4543 2219 4597 surda?
2246 4544 2390 4599 Talis
2412 4561 2616 4602 mensa:
2643 4551 2908 4623 particeps
2934 4555 3076 4612 fuisti
3094 4600 3107 4624 ,
3139 4569 3335 4618 etcum
3360 4569 3596 4624 omnium

2016 4634 2335 4691 mitissimus
2362 4638 2495 4692 esse
2534 4638 2810 4698 debuisses
2853 4655 2905 4699 et
2948 4662 3045 4716 par
3085 4653 3320 4722 angelis,
3359 4660 3596 4717 omnium

2018 4725 2419 4783 crudelissimus
2456 4729 2674 4787 effectus
2704 4747 2782 4789 es.
2813 4734 3047 4792 Gustasti
3078 4746 3386 4813 sanguinem
3420 4749 3599 4806 Domi-

2022 4819 2200 4873 nieum
2222 4861 2237 4883 ,
2265 4829 2319 4875 et
2347 4836 2520 4891 neque
2550 4823 2767 4879 fratrem
2798 4827 2868 4881 ita
2897 4833 3174 4899 agnoscis;
3205 4847 3258 4891 ct
3285 4855 3384 4909 qua
3411 4843 3600 4913 dignus

2019 4923 2174 4965 venia
2220 4909 2425 4965 fueris?
2469 4911 2798 4985 Quamquam
2848 4921 2946 4973 etsi
2998 4935 3154 4979 antea
3207 4909 3523 4997 ignorabas,
3568 4950 3596 4990 τι

2020 5014 2204 5054 mensa
2238 4999 2383 5053 illum
2410 5016 2704 5071 agnoscere
2729 5011 2964 5076 oportuit
2996 5029 3008 5064 :
3043 5028 3184 5069 nunc
3220 5028 3397 5073 autem
3431 5020 3595 5090 ipsam

2022 5092 2182 5145 etiam
2210 5107 2448 5146 mensam
2477 5092 2787 5163 dedecoras,
2820 5099 2943 5155 dum
2974 5102 3120 5157 illum
3142 5106 3233 5174 qui
3254 5107 3495 5177 dignatus
3521 5124 3604 5168 cst

2025 5182 2165 5236 illius
2211 5184 2474 5254 particeps
2512 5184 2650 5251 ﬁeri,
2694 5204 2760 5243 ne
2808 5191 2940 5245 cibis
2984 5194 3195 5263 quidem
3241 5200 3345 5254 tuis
3384 5202 3599 5274 dignum

2025 5274 2321 5328 existimas.
2355 5275 2469 5329 Non
2498 5277 2693 5333 audisti
2718 5291 2911 5350 quanta
2936 5300 3119 5352 passus
3149 5299 3231 5344 est
3257 5293 3345 5349 ille
3369 5298 3456 5367 qui
3477 5314 3604 5356 cen-

2028 5374 2137 5417 tum
2165 5363 2414 5420 denarios
2450 5368 2734 5437 exigehat?
2762 5374 3029 5441 quomodo
3069 5379 3169 5434 sibi
3211 5363 3463 5443 collatum
3503 5393 3604 5444 dn-

2028 5469 2151 5507 num
2185 5453 2392 5509 irritum
2422 5455 2642 5513 fecerit?
2671 5476 2776 5516 non
2798 5465 2997 5534 cogitas
3017 5470 3134 5538 quis
3154 5487 3274 5527 cum
3297 5492 3465 5544 esses,
3487 5483 3605 5549 quis

2026 5543 2245 5598 elicctus
2286 5544 2491 5601 fueris?
2534 5563 2640 5605 non
2686 5553 2984 5612 recordaris
3023 5567 3078 5615 te
3123 5560 3226 5617 hoc
3270 5566 3321 5620 in
3367 5543 3605 5635 pecuniis

2026 5649 2259 5705 paupere
2285 5636 2440 5709 longe
2466 5638 2630 5697 fuisse
2656 5647 3026 5714 pauperiorem
3058 5651 3110 5706 in
3139 5652 3292 5708 bonis
3319 5657 3603 5726 operibus,

2030 5740 2153 5781 cum
2177 5728 2320 5784 mille
2341 5733 2574 5801 peccatis
2603 5735 2793 5804 plenus
2822 5739 3008 5790 esses?
3037 5741 3281 5796 Attamen
3303 5744 3369 5796 ab
3392 5744 3472 5798 his
3493 5761 3603 5800 om.

2039 5819 2189 5874 uibus
2232 5832 2282 5876 te
2318 5822 2560 5879 liberavit
2605 5827 2762 5895 Deus,
2804 5839 2963 5896 teque
3010 5830 3096 5882 tali
3139 5846 3321 5886 mensa
3366 5834 3613 5905 dignatus

3209 5924 3278 5984 15
