3990 6168
673 220 695 255 Ι

388 285 504 345 251

394 395 602 444 eum]
646 396 774 439 vero
821 394 887 434 ne
938 376 1014 431 sic
1059 373 1272 443 quidem
1329 368 1607 438 benignior
1657 366 1882 420 ellectns
1908 379 1987 418 es.

403 482 588 551 Itaque
619 476 750 533 nihil
798 470 942 527 aliud
992 476 1182 531 restat,
1214 479 1375 532 quam
1410 473 1466 516 ut
1496 460 1722 515 tradatis
1769 458 1983 513 tortori-

404 573 529 628 bus.
574 570 698 623 llmc
724 565 884 620 verba
912 575 1010 615 nos
1041 571 1254 628 quoque
1285 568 1475 608 on'tnes
1505 552 1807 611 audiamus,
1835 557 1992 619 quot-

407 672 537 738 quot
564 677 684 719 cum
715 652 1039 729 pauperibus
1066 649 1130 706 ad
1164 662 1372 702 sacram
1408 646 1546 699 hanc
1578 657 1815 697 n-ensam
1844 654 1998 694 accc-

406 733 607 813 dimus.
635 751 954 808 Hincautcm
978 743 1205 814 egressi,
1222 755 1289 794 ne
1315 737 1437 792 illos
1459 735 1672 806 quidem
1699 733 2000 803 respexisse

410 848 651 904 videmur
698 841 792 900 sed
823 850 878 897 et
902 837 1038 894 ebrii
1062 850 1249 891 sumus
1272 841 1329 888 ct
1355 830 1656 886 esurit-ntus
1683 836 2001 895 praetercur-

412 942 749 1009 rimuszqua
785 936 852 991 de
893 949 951 987 re
991 942 1117 986 tunc
1154 924 1421 983 Corinthii
1462 921 1875 977 accusabantur.
1935 917 2002 971 Et

413 1033 777 1106 quandonam,
803 1027 1031 1098 inquies,
1065 1023 1167 1076 hoc
1213 1019 1308 1074 fit?
1339 1018 1569 1085 Semper
1596 1012 1834 1084 quidem,
1867 1022 2006 1080 prae-

415 1104 573 1198 cipue
611 1138 744 1178 vero
786 1121 840 1175 in
884 1117 1075 1173 diebus
1122 1112 1293 1177 festis,
1323 1124 1445 1165 cum
1491 1107 1730 1162 maxime
1761 1104 1873 1158 fieri
1899 1116 2005 1156 non

417 1233 714 1299 oporteret.
740 1222 893 1276 Tune
915 1216 1062 1272 enim
1092 1219 1214 1283 post
1236 1206 1672 1265 communionem
1700 1202 1880 1257 statim
1909 1214 2008 1257 ex-

417 1320 551 1391 i-ipit
574 1317 808 1374 ebrietas
839 1320 893 1366 et
923 1319 1215 1380 pauperum
1247 1308 1591 1369 contemptus
1618 1306 1703 1352 :et
1729 1304 2010 1366 postquam

420 1409 734 1482 sanguinem
768 1402 1039 1474 recepisti,
1069 1413 1191 1455 cum
1234 1394 1427 1468 jejunii
1468 1391 1560 1446 tibi
1612 1398 1821 1459 tempus
1849 1392 2016 1442 estet

426 1474 761 1566 sobrietatis,
792 1491 1148 1552 debaccharis
1190 1499 1245 1544 et
1295 1482 1634 1542 comessaris.
1686 1480 1751 1533 lit
1796 1478 1844 1532 si
1889 1474 2014 1547 quid

427 1597 554 1653 boni
583 1589 888 1665 perceperis
914 1587 968 1641 in
994 1582 1243 1656 prandio,
1274 1591 1435 1635 caves
1471 1589 1537 1629 ne
1565 1571 1675 1627 alio
1703 1584 1867 1639 pravo
1897 1565 2018 1623 cibo

431 1660 661 1757 priorem
702 1682 988 1737 labefactes
1019 1694 1031 1732 :
1064 1689 1186 1730 cum
1231 1680 1410 1724 autem
1460 1662 1798 1735 spiritualem
1839 1660 2017 1715 cibum

431 1779 724 1848 acceperis,
748 1775 1013 1831 satanicas
1035 1767 1242 1824 inducis
1266 1763 1508 1820 delicias.
1533 1759 1716 1829 Cogita
1740 1756 1865 1828 quil
1885 1770 2016 1824 apo-

428 1872 554 1928 stoli
586 1868 830 1932 fecerint,
861 1879 984 1920 cum
1020 1861 1137 1916 illas
1184 1872 1365 1913 sacras
1400 1851 1771 1923 pereepissent
1797 1859 2018 1903 cmnas:

430 1983 557 2022 nun:
582 1980 612 2019 e
652 1962 716 2017 ad
761 1958 1059 2014 orationem
1105 1947 1562 2008 convcrtebautur
1605 1954 1660 2000 et
1689 1943 1755 1997 ad
1798 1941 2025 2013 hymnos

433 2057 824 2120 ccleltrandos?
859 2070 964 2109 non
990 2068 1036 2108 se
1072 2050 1137 2105 ad
1186 2060 1337 2103 sacra
1382 2040 1701 2114 pervigilia?
1749 2050 1927 2092 nonne
1956 2033 2025 2088 ad

438 2154 735 2211 doctrinam
769 2151 1003 2218 longam.
1037 2159 1155 2214 qua:
1186 2153 1376 2209 magna
1427 2137 1580 2206 plena
1627 2143 1742 2188 erat
1790 2130 2028 2201 philoso-

439 2250 600 2321 phia?
636 2260 824 2314 magna
856 2241 1057 2311 quippe
1082 2246 1139 2289 et
1168 2231 1433 2287 mirabilia
1465 2239 1590 2281 tunc
1628 2224 1705 2279 illi
1742 2221 2031 2278 enarrabat

437 2313 494 2395 et
522 2334 894 2410 praecipiebat,
922 2326 1244 2383 abscedente
1287 2320 1449 2385 Juda,
1477 2317 1543 2372 ad
1589 2313 1864 2370 vocandos
1909 2313 2032 2369 Illos

439 2406 537 2501 qui
558 2433 732 2499 ipsum
764 2426 816 2479 in
848 2436 1061 2478 crucem
1109 2416 1280 2472 acturi
1310 2420 1486 2469 erant.
1529 2411 1644 2465 Non
1675 2406 1868 2462 audisti
1898 2420 2033 2477 quo-

442 2497 604 2578 modo
624 2519 714 2574 illa
737 2517 837 2572 tria
863 2513 1034 2568 millia
1060 2509 1361 2571 hominum,
1387 2503 1475 2571 qui
1499 2497 1894 2556 communionis
1914 2510 2036 2567 par-

445 2613 632 2684 ticipes
679 2616 855 2674 erant,
888 2617 1103 2672 semper
1150 2595 1568 2668 perseverabant
1613 2594 1664 2647 in
1707 2591 1951 2646 oratione
1979 2598 2035 2645 et

446 2708 502 2761 in
528 2680 793 2768 doctrina,
815 2714 918 2753 non
944 2696 999 2750 in
1022 2692 1392 2750 ebrietatibus,
1420 2702 1524 2741 non
1555 2685 1605 2739 in
1629 2680 2037 2739 eomessationi-

448 2799 582 2855 bus!
610 2797 688 2852 Tu
714 2809 840 2849 vero
860 2801 1144 2860 antequam
1173 2783 1433 2856 percipia~
1457 2779 1698 2851 quidem,
1724 2776 1958 2846 jejunas,
1983 2782 2040 2829 ut

449 2888 951 2961 quomodocumque
979 2883 1174 2952 dignus
1224 2875 1606 2931 communione
1655 2869 1915 2932 videaris,
1948 2865 2035 2920 ubi

453 2959 632 3036 autem
659 2996 740 3044 pet
755 2975 963 3044 cepisti,
989 2988 1109 3027 cum
1137 2986 1258 3037 opm
1273 2976 1411 3020 teret
1434 2975 1483 3019 le
1506 2959 1913 3032 temperantiam
1943 2972 2034 3010 ar-

454 3086 603 3141 gere,
627 3068 805 3123 omnia
835 3064 1034 3135 perdis.
1068 3061 1226 3129 Atqui
1257 3072 1361 3111 non
1391 3070 1485 3122 par
1511 3069 1602 3109 res
1623 3060 1706 3107 est
1726 3059 1880 3105 antea
1904 3050 2029 3119 jcjtr

455 3175 608 3224 nare,
641 3167 697 3211 ct
723 3167 905 3226 postea
934 3173 947 3208 :
974 3155 1026 3208 in
1052 3162 1278 3220 utroque
1308 3148 1448 3202 enim
1476 3160 1717 3212 tcn'tpure
1740 3152 2043 3212 temperan-

457 3263 567 3306 tem
596 3266 718 3307 esse
743 3255 977 3316 Oportet,
1010 3243 1243 3298 maxime
1288 3256 1417 3295 vero
1463 3250 1742 3308 puStquatn
1789 3248 2043 3302 sponsum

456 3341 714 3412 excepisti
743 3348 928 3393 :antea
973 3335 1185 3395 quidem
1204 3374 1218 3393 ,
1249 3341 1307 3385 ut
1330 3331 1528 3412 dignus
1553 3327 1629 3381 sis
1656 3328 1742 3393 qui
1774 3322 2041 3412 accipias";

454 3401 640 3495 postea
675 3434 822 3486 vero,
851 3433 921 3472 ne
948 3418 1194 3485 indignus
1221 3410 1455 3466 videaris
1494 3406 1563 3463 iis
1598 3417 1720 3475 qua:
1758 3401 2033 3471 accepisti.

454 3488 590 3585 Quid
620 3528 771 3585 ergo,
801 3505 1221 3581 jejunandumne
1256 3510 1338 3557 est
1379 3505 1661 3571 postquam
1705 3488 2038 3560 acceperim?

455 3579 570 3664 Ιξωιι
601 3579 708 3661 hoc
733 3579 890 3669 dico,
921 3612 1094 3670 neque
1135 3603 1188 3650 te
1227 3605 1380 3662 cogo.
1429 3589 1634 3644 Bonum
1676 3580 1889 3653 quidem
1937 3579 2040 3633 hoc

455 3713 667 3771 quoque
689 3703 862 3759 esset;
895 3706 1078 3747 verum
1102 3702 1207 3742 non
1233 3685 1336 3739 vim
1359 3680 1551 3743 infero,
1579 3675 1676 3733 sed
1698 3674 1954 3730 adhortor
1974 3686 2041 3726 ne

462 3768 510 3845 te
531 3785 734 3843 deliciis
758 3781 978 3853 impleas
998 3788 1146 3834 extra
1171 3787 1494 3830 mvn..nratn.
1516 3769 1573 3824 Si
1593 3768 1733 3823 enim
1756 3777 2042 3833 numquam

461 3885 705 3948 oporteat
727 3871 994 3933 deliciari;
1019 3868 1122 3921 huc
1142 3866 1283 3920 enim
1307 3860 1594 3917 declaravit
1622 3857 1820 3913 Paulus
1838 3855 2041 3920 dicens,

468 3943 594 4036 Qua:
620 3973 789 4018 autem
810 3961 859 4014 in
882 3958 1073 4013 deliciis
1101 3965 1196 4020 est,
1237 3955 1401 4007 vivens
1445 3959 1642 4004 mortua
1680 3958 1750 4003 est
1790 3946 1866 4013 (l.
1909 3943 2041 3999 Tim.

551 4058 639 4127 6);
670 4053 837 4109 multo
865 4049 1033 4118 magis
1061 4057 1185 4101 tunc
1216 4043 1491 4098 morietur.
1525 4039 1585 4095 Si
1628 4049 1806 4093 autem
1841 4035 2047 4091 deliciae

468 4126 612 4206 mors
635 4152 761 4203 sunt
788 4140 1023 4204 mulieri,
1051 4137 1220 4192 multo
1250 4133 1418 4204 magis
1447 4131 1597 4196 viro;
1626 4139 1679 4185 et
1707 4129 1752 4184 si
1777 4126 1882 4182 alio
1912 4136 2046 4181 tem-

467 4256 596 4313 pore
635 4236 841 4293 deliciae
884 4229 1131 4303 perdunt,
1162 4226 1333 4281 multo
1373 4222 1542 4313 magis
1586 4229 1702 4291 post
1743 4225 2047 4288 perceptam

466 4308 846 4403 mysteriorum
901 4318 1354 4377 communionem.
1408 4312 1489 4369 Tu
1530 4319 1710 4365 autem
1755 4323 1890 4378 pane
1927 4308 2050 4361 vita:

467 4397 709 4493 accepto,
742 4432 854 4472 rem
883 4421 1054 4469 morte
1077 4410 1290 4480 dignam
1323 4405 1473 4470 lacis,
1504 4412 1560 4459 et
1598 4417 1705 4458 non
1746 4397 2050 4454 horrescis?

471 4489 650 4571 nescis
675 4525 832 4582 quam
861 4506 1023 4562 multa
1051 4501 1190 4558 mala
1214 4515 1279 4556 ex
1303 4495 1509 4553 deliciis
1531 4492 1884 4550 inducantur?
1915 4489 2054 4544 risus

474 4580 882 4672 intempestivus
905 4638 920 4662 ,
963 4594 1231 4649 incondita
1261 4589 1446 4654 verba,
1478 4585 1772 4641 scurrilitas
1799 4580 2054 4653 perniciei

478 4700 657 4768 plena,
694 4707 848 4762 nuga:
887 4688 1102 4743 inutiles
1144 4696 1199 4741 et
1242 4683 1344 4737 alia
1381 4695 1500 4750 quae
1529 4693 1598 4733 ne
1627 4677 1708 4732 fas
1736 4676 1949 4747 quidem
1978 4684 2060 4730 est

479 4766 681 4843 dicere.
727 4782 791 4838 lit
824 4779 939 4835 hare
976 4778 1108 4832 facis
1150 4784 1430 4845 postquam
1470 4767 1535 4824 ad
1577 4766 1775 4823 Christi
1816 4779 2057 4821 mensam

479 4888 743 4946 exceptus
783 4869 960 4935 fuisti,
1003 4868 1097 4924 illo
1123 4866 1212 4920 die
1250 4879 1355 4933 quo
1389 4860 1639 4931 dignatus
1684 4857 1829 4913 fuisti
1872 4870 2062 4911 carnes

482 4971 597 5040 ejus
629 4968 802 5037 lingua
832 4973 1065 5032 tangere.
1096 4955 1347 5025 Quisquis
1370 4966 1498 5023 ergo
1526 4950 1620 5017 sis,
1653 4964 1721 5005 ne
1747 4948 1862 5002 hare
1893 4946 2019 5000 tiant
2041 4983 2059 5011 ,

1087 266 1143 318 S.
1187 264 1467 317 JUANMS
1506 250 1987 321 CIIRYSOSTOMI
2029 249 2339 307 AllClllEP.
2379 247 2907 308 CONSTANTINOP.

3570 254 3679 313 232

2094 389 2323 445 expurga
2354 371 2629 427 dexteram
2658 379 2821 436 tuam,
2847 369 3101 441 linguam,
3133 365 3294 429 labia.
3324 378 3444 435 quae
3472 362 3679 435 ingres-

2095 466 2174 520 sui
2200 465 2399 523 Christi
2428 462 2688 519 vestibula
2715 463 2891 528 fuere;
2924 471 2978 516 et
3002 458 3245 530 apposita
3281 470 3468 512 mensa
3495 456 3675 512 sensi-

2098 555 2208 621 bili,
2238 556 2303 610 ad
2344 555 2489 609 illam
2530 568 2769 609 mensam
2807 561 3041 607 mentem
3069 548 3324 616 intende,
3363 547 3431 602 ad
3475 561 3683 603 cuinam

2098 647 2450 713 Dominicam,
2473 646 2539 702 ad
2562 647 2767 717 vigilias
2790 643 3174 714 discipulorum
3203 641 3291 696 illa
3312 654 3466 696 sacra
3493 648 3684 706 nocte;

2098 740 2208 794 imo
2233 753 2364 793 vero
2384 777 2398 802 ,
2436 737 2480 792 si
2510 737 2631 808 quis
2659 744 2907 791 accurate
2943 733 3360 799 examinaverit,
3401 733 3685 801 praesentia

2099 845 2205 886 nox
2223 839 2369 887 sunt.
2393 828 2687 899 Vigilemus
2703 841 2832 897 ergo
2849 842 2970 883 cum
2995 825 3239 893 Domino,
3263 838 3688 895 eornpungamur

2099 936 2220 978 cum
2265 920 2563 990 discipulis.
2604 919 2832 975 Precum
2870 928 3081 988 tempus
3105 925 3223 982 est,
3253 932 3360 972 non
3390 915 3687 981 ebrietatis,

2100 1028 2312 1084 semper
2335 1011 2571 1083 quidem,
2600 1011 2835 1066 maxime
2861 1018 3039 1064 autem
3072 1007 3124 1063 in
3147 1006 3234 1063 die
3263 1005 3422 1062 festo.
3456 1006 3577 1063 Dies
3605 1005 3687 1060 fe-

2100 1114 2216 1160 stus
2239 1103 2382 1160 enim
2413 1103 2532 1159 ideo
2557 1102 2828 1158 institutus
2851 1108 2953 1169 est,
2977 1115 3084 1156 non
3106 1108 3165 1155 ut
3196 1098 3420 1170 turpiter
3443 1112 3685 1168 agamus,

2105 1213 2212 1253 non
2244 1206 2305 1252 ut
2334 1205 2552 1267 peccata
2590 1194 3017 1257 accumulemus,
3057 1191 3154 1248 sed
3194 1200 3253 1247 ut
3295 1206 3414 1262 qua:
3451 1189 3687 1246 admissa

2107 1289 2256 1345 fuere
2272 1288 2341 1345 de
2359 1287 2537 1345 medio
2557 1287 2822 1342 tollamus.
2855 1284 2923 1340 Et
2943 1285 3053 1339 scio
3068 1281 3282 1354 quidem
3302 1296 3390 1336 me
3406 1281 3457 1335 in
3475 1294 3689 1336 cassum

2112 1380 2230 1437 bare
2252 1377 2434 1435 dicere
2457 1419 2474 1446 ,
2517 1376 2610 1432 sed
2642 1392 2748 1432 non
2778 1375 2939 1431 linem
2968 1374 3183 1430 dicendi
3220 1372 3430 1428 faciam.
3475 1371 3691 1428 Etiamsi

2109 1471 2253 1528 enim
2297 1483 2486 1527 omnes
2529 1483 2636 1524 non
2678 1466 2978 1534 audieritis,
3021 1465 3115 1522 sed
3157 1480 3264 1520 non
3312 1478 3502 1520 omnes
3539 1477 3697 1533 repu-

2106 1564 2366 1636 gnabitis;
2397 1565 2506 1620 imo
2525 1578 2655 1619 vero
2680 1563 2727 1617 si
2756 1576 2944 1618 omnes
2970 1561 3302 1633 repugnetis,
3327 1558 3456 1615 mihi
3484 1558 3698 1630 quidem

2110 1655 2282 1726 major
2311 1669 2540 1723 merces,
2563 1654 2717 1710 vobis
2740 1663 2919 1710 autem
2948 1653 3163 1724 gravius
3186 1651 3469 1723 judicium.
3497 1651 3577 1707 Ne
3606 1651 3700 1720 igi-

2114 1759 2202 1805 tur
2229 1750 2443 1818 gravius
2472 1747 2713 1813 eveniat,
2744 1747 2867 1802 ideo
2891 1746 3051 1801 linem
3078 1743 3292 1802 dicendi
3323 1758 3432 1799 non
3460 1742 3651 1799 faciam
3684 1761 3698 1796 :

2114 1842 2358 1897 fortassis
2382 1843 2524 1897 enim
2551 1882 2566 1907 ,
2606 1840 2850 1896 fortassis
2871 1854 2935 1895 ex
2968 1838 3234 1910 frequenti
3263 1838 3559 1893 munitione
3585 1851 3702 1892 sco-

2114 1952 2242 2007 pum
2262 1937 2543 2007 attingam.
2568 1934 2696 1991 Ideo
2716 1934 2966 2000 obsecro,
2991 1940 3053 1987 ut
3081 1947 3149 1988 ne
3174 1932 3227 1986 in
3248 1930 3509 2003 judicium
3531 1938 3586 1985 et
3608 1928 3703 1984 da-

2118 2044 2299 2085 mnum
2329 2027 2430 2083 boc
2453 2027 2728 2094 faciamus,
2752 2024 3050 2080 nutriamus
3075 2022 3372 2089 Christum,
3391 2030 3578 2092 potum
3608 2020 3707 2091 ipsi

2116 2122 2327 2183 demus,
2352 2117 2635 2174 induamus
2655 2116 2805 2171 illum
2839 2134 2854 2170 :
2882 2115 3003 2171 haec
3030 2115 3120 2170 illa
3150 2129 3333 2170 mensa
3363 2114 3527 2183 digna
3558 2122 3705 2168 sunt.

2120 2209 2328 2267 Audisti
2364 2222 2549 2273 sacros
2588 2207 2858 2279 hymnos?
2884 2206 3067 2273 vidisti
3115 2205 3328 2277 nuptias
3365 2203 3710 2275 spirituales?

2120 2311 2381 2372 exceptus
2401 2299 2545 2355 fuisti
2567 2297 2634 2354 ad
2657 2311 2897 2354 mensam
2919 2297 3155 2366 regiam?
3179 2295 3413 2365 repletus
3428 2308 3490 2349 es
3512 2294 3710 2365 Spiritu

2122 2394 2339 2450 sancto?
2370 2391 2568 2447 choros
2608 2389 2765 2460 egisti
2809 2403 2932 2443 eum
2976 2385 3323 2457 Seraphinis?
3361 2380 3541 2440 sod'ms
3569 2383 3713 2438 fuisti

2126 2501 2480 2557 supernarum
2512 2481 2866 2554 potestatum?
2893 2480 2968 2536 Ne
2991 2488 3188 2535 tantum
3210 2477 3447 2534 lartitiam
3469 2477 3713 2547 abjicias,

2128 2594 2195 2634 ne
2220 2576 2464 2635 ell‘un'das
2489 2576 2803 2632 thesaurum
2825 2614 2841 2639 ,
2872 2588 2941 2627 ne
2970 2571 3192 2627 inducas
3218 2570 3534 2627 ebrietatem
3576 2583 3712 2624 mu:-

2129 2671 2266 2727 rnris
2306 2678 2530 2724 matrem
2551 2710 2567 2735 ,
2596 2666 2795 2722 diaboli
2831 2664 3082 2736 gaudium
3106 2706 3120 2729 ,
3155 2663 3301 2719 mille
3329 2662 3469 2717 mala
3497 2663 3719 2732 parien-

2131 2772 2261 2815 tem.
2291 2760 2427 2814 lliuc
2451 2757 2592 2813 enim
2621 2766 2698 2813 est
2731 2770 2951 2811 somnus
2976 2754 3134 2809 morti
3160 2753 3370 2818 similis,
3400 2752 3530 2808 hinc
3558 2766 3721 2822 sepo—

2130 2866 2241 2918 res,
2279 2849 2472 2915 morbi,
2505 2847 2736 2913 oblivio,
2765 2846 2956 2901 mortis
2984 2845 3179 2915 imago.
3217 2844 3360 2900 Sane
3388 2845 3518 2899 vino
3545 2843 3726 2915 ingur-

2131 2943 2330 3015 gitatus
2370 2940 2608 2996 nolueris
2646 2954 2769 2994 cum
2816 2938 2991 2992 amico
3028 2935 3317 3007 congredi;
3362 2943 3420 2991 et
3452 2934 3724 2991 Christum

2137 3035 2280 3089 intus
2307 3032 2529 3098 habens,
2554 3045 2737 3102 quaeso
2762 3039 2833 3093 te,
2859 3037 3062 3084 tantam
3081 3027 3280 3084 audeas
3305 3026 3530 3098 injicere
3555 3035 3728 3083 temn-

2137 3123 2391 3180 lentiam?
2421 3127 2491 3177 At
2514 3121 2732 3177 delicias
2760 3119 2947 3175 amas?
2977 3119 3120 3190 Ergo
3149 3118 3270 3174 ideo
3289 3117 3537 3175 ebrietati
3565 3117 3725 3172 finem

2141 3218 2377 3289 impone.
2421 3202 2553 3270 Nam
2595 3229 2697 3284 ego
2740 3222 2791 3283 te
2834 3212 2888 3267 in
2922 3211 3066 3266 veris
3107 3210 3313 3267 deliciis
3349 3211 3549 3266 versari
3580 3210 3723 3275 vuln,

2138 3323 2262 3379 qua:
2289 3322 2575 3378 numquam
2608 3313 2959 3359 marcescant.
2992 3301 3246 3371 Quzenam
3271 3316 3405 3373 ergo
3433 3311 3556 3356 sunt
3583 3317 3729 3357 vera:

2142 3402 2367 3464 deliciae,
2408 3414 2526 3470 quae
2566 3412 2781 3468 semper
2817 3395 3083 3455 floreant?
3120 3394 3205 3450 Ad
3243 3394 3528 3466 prandium
3569 3384 3729 3449 invita

2144 3494 2439 3558 Chrismm,
2470 3500 2555 3545 tua
2582 3489 2654 3544 illi
2687 3488 2920 3558 imperti,
2948 3487 3033 3543 vel
3061 3487 3238 3558 potius
3265 3501 3361 3541 sua
3389 3503 3405 3541 :
3432 3486 3537 3542 hoc
3564 3487 3731 3542 inter-

2146 3585 2453 3641 minabilem
2477 3582 2636 3638 habet
2664 3590 2720 3637 et
2741 3595 2954 3652 semper
2973 3578 3254 3636 ﬂorentem
3275 3578 3630 3649 voluptatem.
3663 3581 3730 3633 At

2148 3691 2259 3739 non
2280 3675 2397 3735 haec
2419 3673 2635 3729 sensilia
2661 3690 2675 3727 :
2699 3671 2879 3727 statim
2900 3670 3045 3725 enim
3065 3684 3186 3724 cum
3215 3683 3515 3740 apparuere
3543 3684 3735 3725 evane-

2149 3776 2341 3832 scunt;
2370 3774 2422 3821 et
2445 3765 2533 3835 qui
2555 3763 2763 3820 deliciis
2783 3776 3002 3832 operam
3023 3760 3192 3828 dedit,
3225 3775 3332 3816 non
3358 3761 3590 3818 meliore
3618 3775 3736 3816 con-

2151 3859 2355 3915 ditione
2379 3857 2501 3922 erit,
2532 3869 2689 3925 quam
2715 3853 2805 3924 qui
2836 3868 2941 3909 non
2967 3852 3248 3909 deliciatus
3273 3861 3383 3918 est;
3417 3852 3529 3909 imo
3556 3853 3739 3924 pejora

2152 3950 2274 4006 erit.
2304 3948 2437 4003 Nam
2469 3946 2565 4001 ille
2591 3944 2804 4016 quidem
2835 3945 2988 4016 quasi
3016 3945 3070 4000 in
3101 3953 3259 4016 portu
3282 3944 3470 4012 sedet;
3497 3945 3587 4001 hic
3612 3961 3739 4001 vero

2153 4055 2253 4095 ceu
2295 4047 2591 4093 torrentem
2635 4035 2919 4106 quemdam
2958 4045 3013 4090 et
3054 4036 3366 4092 morborum
3400 4035 3738 4092 obsidionem

2156 4131 2384 4201 excepit,
2413 4137 2467 4183 et
2492 4143 2559 4183 nc
2582 4127 2719 4182 hanc
2739 4126 2953 4198 quidem
2975 4125 3116 4182 ferre
3136 4135 3316 4198 potest
3341 4135 3736 4198 tempestatem.

2155 4222 2233 4279 Ne
2265 4222 2377 4276 hinc
2406 4221 2584 4291 itaque
2608 4219 2956 4289 contingant,
2989 4217 3415 4274 moderationem
3445 4227 3738 4275 sectemur.

2159 4314 2232 4369 lta
2280 4314 2419 4370 enim
2461 4323 2516 4368 ct
2559 4326 2783 4381 corpore
2823 4310 2960 4365 bene
2988 4309 3303 4380 valebimus,
3328 4318 3384 4366 et
3417 4311 3661 4365 animam
3691 4310 3743 4365 in

2154 4398 2274 4464 tuto
2301 4405 2703 4471 collocabimus,
2732 4412 2787 4460 et
2812 4418 2841 4457 a
2868 4401 3224 4473 praesentibus
3260 4401 3561 4473 futurisque
3590 4403 3746 4458 malis

2163 4504 2540 4561 liherabintur:
2571 4516 2604 4555 a
2628 4499 2821 4571 quibus
2846 4497 3047 4553 utinam
3090 4512 3282 4554 omnes
3321 4497 3482 4564 eruti,
3520 4512 3744 4568 regnum

2164 4608 2578 4664 consequamur,
2621 4588 2792 4662 gratia
2836 4597 2892 4644 et
2939 4588 3270 4659 benignitate
3316 4588 3529 4643 Domini
3577 4588 3746 4643 nostri

2166 4690 2291 4746 Jesu
2317 4685 2537 4752 Christi,
2560 4684 2777 4755 quicum
2800 4681 2941 4738 Patri
2966 4690 3021 4737 et
3050 4696 3153 4735 una
3183 4680 3405 4751 Spiritui
3430 4690 3619 4736 sancto
3635 4679 3749 4751 glo-

2167 4781 2267 4845 ria,
2294 4777 2598 4849 impcrium,
2630 4774 2825 4840 honor,
2856 4787 2999 4828 nunc
3025 4780 3081 4827 et
3108 4786 3322 4842 semper
3345 4811 3361 4838 ,
3391 4780 3443 4826 et
3475 4770 3527 4825 in
3557 4770 3749 4825 szccula

2170 4871 2508 4929 smculorum.
2532 4869 2724 4923 Amen.

497 5062 3753 5125 MM“..—

1800 5156 2144 5219 HOMILIA
2187 5151 2483 5215 XXVIII.

492 5329 583 5384 28.
618 5324 797 5380 Probet
820 5330 985 5374 autem
1009 5326 1226 5383 selpsnm
1255 5313 1425 5374 homo,
1446 5320 1490 5363 et
1518 5310 1589 5362 sic
1610 5307 1672 5360 de
1693 5321 1824 5377 parte
1844 5304 1934 5356 illo
1956 5302 2069 5355 edat

1041 5419 1087 5462 et
1113 5408 1176 5460 de
1192 5405 1347 5459 culice
1373 5403 1523 5456 bibul.

572 5512 622 5567 1.
652 5506 788 5579 Quid
826 5503 926 5559 sibi
954 5499 1139 5554 volunt
1167 5495 1281 5549 hzec
1314 5492 1494 5554 verba,
1521 5505 1640 5546 eum
1681 5486 1823 5544 aliud
1863 5486 1933 5540 sit
1972 5485 2074 5579 hoc

500 5573 826 5676 propositum
852 5582 1260 5663 argumentum?
1288 5579 1386 5637 llic
1416 5594 1531 5634 mos
1560 5588 1642 5633 est
1672 5577 1854 5641 Paulo,
1888 5583 1946 5630 ut
1965 5573 2073 5642 jam

503 5666 650 5767 prius
679 5689 808 5759 diri,
835 5702 939 5744 non
964 5680 1136 5739 solum
1167 5676 1255 5732 illa
1285 5680 1509 5729 tractare
1530 5685 1647 5740 quac
1677 5669 1774 5723 sibi
1808 5666 2075 5738 preposita

2180 5306 2323 5360 sunt,
2349 5293 2441 5349 sed
2474 5292 2515 5347 si
2540 5290 2664 5360 quid
2686 5288 2828 5344 aliud
2852 5287 2963 5342 haec
2987 5287 3232 5342 tractanti
3257 5283 3526 5347 inciderit,
3557 5282 3607 5337 id
3631 5297 3763 5353 quo-

2179 5405 2283 5459 que
2316 5400 2508 5457 magno
2538 5383 2716 5438 studio
2746 5380 2987 5452 persequi
3017 5400 3032 5448 ;
3061 5380 3295 5435 maxime
3329 5391 3451 5431 cum
3493 5375 3564 5430 de
3604 5374 3766 5429 rebus

2181 5478 2466 5534 admodum
2505 5473 2821 5530 necessariis
2862 5482 2918 5527 et
2959 5468 3271 5541 urgentibus
3300 5467 3494 5537 agitur.
3547 5466 3763 5522 Etenim

2182 5585 2302 5625 cum
2330 5568 2395 5623 de
2424 5567 2486 5623 iis
2509 5566 2596 5637 qui
2630 5563 2838 5635 nuptias
2866 5570 3182 5617 contraxere
3212 5567 3463 5630 ageretur
3485 5598 3500 5620 ,
3546 5565 3603 5612 et
3631 5555 3769 5609 inei-

2185 5661 2263 5715 dit
2304 5658 2356 5713 in
2397 5670 2701 5714 sermonem
2744 5652 2811 5710 de
2854 5651 3044 5715 servis,
3072 5647 3281 5704 fortiter
3317 5658 3370 5704 et
3405 5646 3591 5704 multis
3633 5644 3773 5702 hanc
