3990 6168
308 366 408 421 23!

306 477 445 550 μετὰ
473 476 585 530 τῶν
613 475 857 545 πενήτων
899 471 1320 544 προσερχόμεθα
1355 475 1422 544 τῇ
1458 473 1581 545 ἱερᾷ
1629 472 1875 545 τραπέζῃ

305 568 506 639 ταύτῃ·
542 565 847 631 ἐξελθόντες
880 564 938 617 δέ
973 564 1098 629 ἔξω,
1131 563 1253 618 ούδέ
1283 564 1589 635 ἑωρακέναι
1613 562 1877 632 δοκοῦμεν

292 652 524 724 αὐτοὺς,
553 657 689 713 ἀλλά
724 657 818 710 καὶ
846 654 1123 727 μεθύομεν
1155 655 1252 709 καὶ
1275 654 1582 718 πεινῶντας
1608 653 1879 725 παρατρέ-

300 764 490 822 χομεψ
520 748 557 802 ἃ
584 749 678 801 καὶ
715 745 992 817 Κορίνθιοι
1018 745 1141 798 τότε
1185 743 1576 810 ἐνεκαλοῦντο;
1610 744 1723 797 Καὶ
1746 743 1876 795 πότε

298 836 458 890 τοῦτο
486 836 729 904 γίνεται;
766 836 954 906 φησιν.
994 835 1108 889 ‘Ael
1164 833 1285 905 μὲν,
1323 833 1637 906 μάλισταδέ
1672 835 1732 886 ἐν
1759 834 1878 895 ταῖς

298 928 531 997 ἑορταῖς,
558 927 647 979 ὅτε
681 926 920 997 μάλιστα
949 926 1198 994 γίνεσθαι
1240 926 1342 979 οὐκ
1381 924 1572 997 ἐχρῆν.
1622 925 1731 978 Καὶ
1770 922 1879 994 γάρ

298 1022 412 1074 τότε
460 1021 604 1092 μετά
648 1021 748 1090 τὴν
795 1020 1088 1073 κοινωνίαν
1124 1019 1329 1084 εὐθέως
1381 1018 1519 1089 μέθη
1549 1018 1877 1089 διαδέχεται,

299 1113 389 1167 καὶ
414 1114 663 1184 πενήτων
688 1110 961 1183 ὑπεροψία
987 1126 1001 1139 ·
1031 1112 1126 1164 καὶ
1154 1109 1248 1163 τοῦ
1270 1110 1501 1181 αἵματος
1531 1106 1873 1179 μεταλαϐὼν,

300 1206 384 1257 ἅτε
412 1205 669 1275 νηστείας
717 1220 803 1257 σοι
850 1203 1043 1274 καιρὸς
1072 1204 1169 1257 καὶ
1192 1203 1428 1274 νήψεως,
1475 1204 1755 1272 παροινεῖς
1783 1201 1879 1253 καὶ

300 1294 601 1365 κωμάξεις.
638 1295 760 1350 Κάν
814 1295 915 1365 μέν
942 1311 998 1347 τι
1044 1293 1278 1366 χρηστὸν
1327 1294 1496 1365 τύχῃς
1534 1291 1876 1365 ἡριστηκὼς,

297 1387 590 1455 φυλάττεις
618 1387 837 1452 σαυτὸν,
862 1386 1005 1440 ὥστε
1042 1385 1117 1457 μὴ
1152 1386 1324 1456 ἑτέρῳ
1360 1386 1620 1455 ἐδέσματι
1650 1383 1877 1456 πονηρῷ

295 1476 646 1551 λυμήνασθαι
694 1478 757 1531 τὸ
788 1479 1074 1549 πρότερον·
1110 1478 1326 1549 πνεῦμα
1352 1478 1409 1531 δέ
1454 1475 1748 1542 ἑστιαθεὶς,
1777 1493 1874 1529 σα-

292 1573 529 1644 τανικὴν
554 1570 872 1639 ἐπεισάγεις
914 1572 1146 1643 τρυφήν.
1179 1570 1487 1641 Ἐννόησον,
1518 1570 1609 1623 ὅτε
1643 1569 1874 1641 μετέλα-

296 1664 391 1717 ϐον
444 1665 495 1717 οί
550 1661 838 1717 ἀπόστολοι
879 1663 991 1715 τῶν
1039 1663 1201 1735 ἱερῶν
1254 1662 1487 1715 δείπνων
1542 1662 1790 1724 ἐκείνων,
1823 1658 1876 1713 τί

298 1756 599 1827 ἐποίησανο
635 1755 759 1826 οὐχὶ
789 1755 871 1818 είς
902 1753 1069 1826 εὐχὰς
1102 1754 1419 1824 ἐτράπησαν
1444 1752 1539 1805 καὶ
1572 1750 1875 1822 ύμνῳδίας;

298 1848 423 1919 οὐχὶ
456 1849 538 1910 είς
562 1846 893 1917 παννυχίδας
926 1847 1111 1917 ίεράς;
1146 1844 1265 1916 οὐχὶ
1291 1846 1372 1908 είς
1401 1841 1752 1897 διδασκαλίαν
1777 1841 1876 1911 τὴν

306 1938 525 2009 μακρὰν
576 1938 798 2009 ἐκείνην
828 1938 923 1991 καὶ
970 1938 1171 2008 πολλῆς
1214 1938 1490 2009 γέμουσαν
1522 1936 1872 2007 φιλοσοφίας;

296 2032 367 2084 τά
392 2030 505 2100 γὰρ
538 2029 759 2099 μεγάλα
803 2030 897 2082 καὶ
939 2029 1221 2100 παράδοξα
1257 2030 1378 2083 τότε
1427 2030 1609 2093 αὐτοῖς
1632 2029 1875 2099 διηγεῖτο

291 2123 391 2178 καὶ
450 2120 859 2195 παρήγγελλεν,
917 2121 1252 2184 ἀπελθόντος
1304 2120 1398 2174 τοῦ
1438 2121 1610 2176 Ἰούδα
1644 2121 1873 2175 καλέσαι

287 2216 419 2279 τοὺς
474 2213 772 2284 μέλλοντας
802 2211 963 2265 αὑτὸν
1013 2211 1303 2283 σταυροῦν.
1335 2213 1447 2265 Οὐκ
1481 2212 1721 2283 ἤκουσας
1755 2212 1875 2276 πῶς

287 2307 387 2363 καὶ
416 2307 469 2361 οἱ
498 2306 787 2378 τρισχίλιοι
817 2308 865 2359 οί
896 2307 997 2377 τῆς
1026 2307 1312 2369 κοινωνίας
1342 2306 1711 2371 ἀπολαύοντες
1758 2307 1876 2360 δια-

286 2400 497 2464 παντὸς
526 2396 667 2470 ἦσαν
695 2397 1238 2470 προσκαρτεροῦντες
1267 2400 1338 2469 τῇ
1372 2399 1651 2468 προσευχῇ
1685 2398 1781 2450 καὶ
1808 2400 1873 2469 τῇ

283 2492 631 2561 διδασκαλίᾳ,
655 2492 716 2544 οὗ
748 2491 939 2561 μέθαις
972 2491 1065 2543 καὶ
1095 2489 1338 2560 κώμοις;
1376 2489 1448 2542 Σὺ
1472 2489 1530 2542 δὲ
1558 2489 1686 2559 πρὶν
1711 2489 1745 2561 ἢ
1776 2488 1875 2561 μὲν

286 2584 621 2658 μεταλαϐεῖν
646 2583 950 2656 νηστεύεις,
986 2585 1074 2638 ἵνα
1109 2582 1467 2654 ὁπωσδήποτε
1500 2581 1657 2655 ἄξιος⁸
1702 2584 1878 2653 φανῇς

280 2679 386 2749 τῆς
411 2675 728 2739 κοινωνίας·
764 2676 892 2729 ὃταν
919 2675 976 2728 δὲ
1010 2674 1348 2747 μεταλάϐῃς,
1381 2674 1499 2728 δέον
1525 2690 1584 2727 σε
1612 2676 1876 2728 ἐπιτεῖναι

278 2770 383 2841 τὴν
424 2767 806 2839 σωφροσύνην,
859 2767 1040 2820 πάντα
1080 2765 1389 2830 άπολλύεις.
1437 2766 1630 2819 Καίτοι
1673 2781 1736 2833 γε
1775 2765 1876 2818 οὐκ

279 2864 441 2916 ἐστιν
474 2861 590 2914 ἴσον
620 2860 725 2933 πρὸ
770 2860 963 2914 τούτου
1008 2860 1225 2930 νήφειν,
1256 2859 1351 2913 καὶ
1384 2858 1523 2930 μετά
1553 2857 1728 2911 ταῦτα
1748 2874 1762 2888 ·
1796 2858 1879 2911 δεῖ

282 2954 389 3027 μὲν
420 2954 536 3025 γάρ
568 2955 628 3008 ἐν
656 2952 905 3024 ἐκατέρῳ
939 2953 1261 3022 σωφρονεῖν,
1295 2950 1531 3020 μάλιστα
1557 2949 1614 3003 δέ
1646 2948 1784 3019 μετά
1815 2947 1878 3000 τὸ

278 3044 553 3112 δέξασθαι
596 3044 684 3098 τὸν
716 3043 982 3113 νυμφίον’
1041 3042 1150 3113 πρὸ
1192 3042 1382 3095 τούτου
1429 3040 1550 3110 μὲν,
1598 3041 1685 3093 ἴνα
1727 3038 1877 3103 ἄξιος

278 3138 420 3213 γένῃ
484 3136 582 3191 τοῦ
620 3135 826 3202 λαϐεῖν,
882 3134 1023 3206 μετά
1065 3135 1121 3188 δὲ
1156 3133 1349 3199 ταῦτα,
1402 3134 1489 3187 ἵνα
1534 3133 1611 3205 μὴ
1657 3118 1878 3197 ἀνάξίος

280 3232 471 3302 φανῇς
498 3223 573 3283 ὧν
598 3226 808 3292 ἔλαϐες.
840 3227 907 3279 Τί
950 3222 1065 3291 οὖν,
1098 3225 1378 3297 νηστεύειν
1403 3225 1486 3278 δεῖ
1528 3224 1667 3295 μετὰ
1689 3224 1751 3278 τὸ
1784 3225 1879 3276 λα-

279 3325 445 3391 ϐεῖν;
477 3322 553 3374 Ού
584 3320 729 3389 λέγω
762 3318 941 3383 τοῦτο,
972 3318 1094 3372 οὐδὲ
1119 3317 1540 3386 καταναγκάζω.
1572 3315 1751 3370 Καλὸν
1779 3316 1879 3388 μὲν

276 3418 403 3488 γὰρ
432 3416 533 3469 καὶ
560 3414 715 3468 τοῦτο
736 3429 751 3443 '
804 3412 943 3483 πλὴν
970 3412 1032 3464 ού
1068 3409 1325 3483 βιάζομαι
1354 3410 1534 3476 τοῦτο,
1570 3409 1707 3463 ἀλλὰ
1739 3427 1882 3481 παρ-

281 3508 436 3563 αινῶ
471 3505 552 3578 μὴ
573 3507 775 3576 τρυφᾷν
805 3507 880 3568 είς
912 3503 1239 3572 ἀπληστίαν.
1262 3502 1324 3556 El
1352 3502 1461 3574 γὰρ
1489 3502 1744 3555 οὐδέποτε
1776 3500 1882 3572 χρὴ

276 3598 545 3673 τρυφᾷν,
575 3597 669 3649 καὶ
698 3595 850 3648 τοῦτο
876 3598 904 3649 6
934 3595 1146 3657 Παῦλος
1179 3593 1450 3664 ἐδήλωσεν
1482 3592 1677 3653 είπὼν,
1703 3590 1784 3642 ὅτι
1824 3590 1883 3645 Ἠ

273 3690 355 3745 δὲ
389 3686 780 3745 σπαταλῶσα
814 3687 965 3748 ζῶσα
1003 3686 1277 3755 τέθνηκε,
1316 3684 1499 3753 πολλῷ
1539 3683 1739 3754 μᾶλλον
1762 3682 1882 3735 τότε

268 3782 645 3855 τεθνήξεται.
689 3781 753 3834 Et
785 3780 842 3833 δὲ
869 3781 1093 3849 γυναικὶ
1127 3780 1162 3849 ἡ
1208 3780 1390 3847 τρυιρὴ
1422 3775 1673 3838 θάνατος,
1707 3772 1885 3843 πολλῷ

276 3875 498 3948 μᾶλλον
530 3873 723 3945 ἀνδρίο
755 3874 848 3925 καὶ
881 3872 930 3924 εί
964 3874 1022 3924 ἐν
1069 3871 1216 3941 ἄλλῳ
1245 3868 1426 3940 καιρῷ
1466 3867 1627 3920 τοῦτο
1661 3867 1884 3941 γινόμε-

270 3985 369 4023 νον
401 3965 707 4030 ἀπόλλυσι,
760 3962 940 4034 πολλῷ
972 3962 1172 4034 μᾶλλον
1216 3961 1354 4032 μετά
1394 3962 1493 4032 τὴν
1526 3960 1633 4012 τῶν
1671 3976 1883 4029 μυστη-

275 4063 420 4132 ρίων
455 4056 772 4114 κοινωνίαν.
804 4056 878 4109 Σὺ
925 4054 983 4107 δέ
1021 4053 1183 4122 ἄρτον
1211 4051 1356 4125 ζωῆς
1405 4052 1606 4119 λαϐὼν,
1649 4055 1886 4124 πρᾶγμα

269 4154 528 4219 θανάτου
559 4151 755 4214 ποιεῖς,
793 4146 889 4201 καὶ
919 4147 978 4200 οὐ
1005 4146 1285 4217 φρίττειςς
1333 4145 1431 4197 οὐκ
1459 4141 1614 4198 οἶσθα
1649 4146 1749 4197 ὅσα
1778 4144 1887 4197 ἀπὸ

264 4242 503 4319 τρυῲἧς
556 4241 941 4312 ἐπεισέρχεται
974 4238 1120 4292 κακά
1142 4255 1156 4303 ;
1181 4237 1354 4304 γέλως
1378 4238 1627 4308 ἄκαιρος,
1664 4238 1885 4308 ῥήματα

262 4341 523 4404 ἄτακτα,
564 4332 900 4407 εὐτραπελία
930 4331 1152 4401 ὀλέθρου
1198 4330 1466 4401 γέμουσα,
1516 4329 1752 4400 φλυαρία
1787 4331 1880 4382 άν-

262 4433 501 4502 όνητος,
537 4426 612 4481 τὰ
652 4425 787 4480 ἀλλα
836 4423 872 4477 ἀ
927 4422 1060 4494 μηδέ
1113 4424 1287 4475 εἰπεῖν
1329 4422 1511 4475 καλόν.
1556 4423 1667 4475 Καὶ
1704 4421 1879 4476 ταῦτα

260 4525 454 4586 ποιεῖς
487 4518 778 4592 τραπέζης
812 4517 1127 4579 ἀπολαύσας
1149 4515 1408 4586 Χριστοῦ,
1442 4514 1584 4570 κατά
1607 4515 1706 4586 τὴν
1736 4516 1876 4586 ἡμέ-

263 4630 375 4685 ραν
395 4612 658 4680 ἐκείνην,
687 4609 811 4663 καθ’
839 4610 907 4679 ἣν
933 4607 1175 4677 ἅψασθαι
1203 4606 1291 4660 διὰ
1337 4606 1583 4677 γλώττης
1610 4607 1718 4659 τῶν
1738 4623 1881 4676 σαρ-

263 4703 386 4759 κῶν
426 4700 615 4757 αὐτοῦ
648 4698 1015 4770 κατηξιώθης.
1065 4700 1181 4762 Πᾶς
1209 4695 1322 4761 οὖν,
1354 4699 1441 4751 ἵνα
1476 4697 1651 4753 ταῦτα
1695 4699 1768 4769 μὴ
1794 4698 1880 4766 γί-

258 4815 458 4870 νηται,
499 4793 813 4862 καθάγνιζέ
857 4808 951 4845 σου
987 4791 1086 4864 τὴν
1119 4791 1319 4856 δεξιὰν,
1351 4791 1449 4861 τὴν
1491 4791 1756 4871 γλῶτταν,
1810 4791 1881 4843 τὰ

259 4890 455 4963 χείλη,
493 4890 651 4960 ἅπερ
680 4886 899 4956 ἐγένετο
939 4885 1188 4957 πρόθυρα
1219 4887 1285 4956 τῇ
1333 4884 1583 4937 ἐπιϐάσει
1623 4884 1714 4937 τοῦ
1751 4886 1883 4955 Χρι-

262 4980 401 5035 στοῦ
428 4998 446 5011 ο
480 4980 589 5033 καὶ
616 4978 900 5048 τράπεζαν
936 4978 1205 5046 παραθεὶς
1240 4976 1527 5048 αἰσθητὴν,
1557 4975 1693 5047 πρὸς
1733 4977 1881 5030 ἐκεί-

1326 356 1396 414 ΙΝ
1434 356 1655 412 EPIST.
1695 356 1843 412 ΙἋΙ)
1880 356 2039 413 οοιι.
2076 357 2312 413 ΗΟΜΙΙ..
2350 356 2588 412 XXVHI.

3454 361 3564 419 239.

1990 488 2087 539 νην
2111 472 2210 542 τὴν
2236 470 2515 541 τράπεζαν
2540 469 2632 522 τὸν
2657 467 2782 521 νοῦν
2831 468 3131 535 ἀνάτεινον,
3169 468 3305 542 πρὸς
3355 471 3416 524 τδ
3455 473 3560 526 δεῖ·

1986 578 2120 615 πνον
2144 563 2206 615 τὸ
2223 561 2521 631 Κυριακὺν,
2547 560 2683 631 πρὸς
2713 561 2813 630 τὴν
2830 559 3140 629 ἀγρυπνίαν
3166 560 3276 614 τῶν
3309 561 3568 633 μαθητῶν

1983 651 2084 723 τὴν
2114 652 2255 704 κατά
2282 650 2380 721 τὴν
2408 650 2578 704 νύκτα
2608 650 2825 720 ἐκείνην
2847 648 2943 721 τὴν
2964 648 3113 723 [249]
3150 652 3330 723 ίεράνο
3367 651 3567 722 μᾶλλον

1983 744 2063 807 δὲ,
2099 745 2151 797 εῖ
2186 762 2272 807 τις
2306 742 2552 814 ἀκριϐῶς
2599 742 2899 808 ἐξετάσειε,
2927 742 3021 795 καὶ
3054 742 3122 797 τά
3164 742 3409 815 παρόντα
3447 743 3564 811 νύξ.

1984 835 2357 908 Γρηγορῶμεν
2395 835 2577 889 τοίνυν
2622 833 2761 906 μετά
2788 834 2885 887 τοῦ
2919 835 3215 898 Δεσπότου,
3250 833 3564 903 κατανυγῶ-

1988 944 2087 997 μεν
2115 927 2256 996 μετὰ
2279 926 2388 980 τῶν
2414 925 2695 997 μαθητῶν.
2732 926 2928 997 Εύχῶν
2957 928 2986 981 6
3018 926 3234 999 καιρὸς,
3264 928 3324 981 ού
3371 928 3566 999 μέθης,

1985 1019 2072 1073 ἀεὶ
2100 1019 2219 1090 μὲν,
2267 1019 2503 1091 μάλιστα
2528 1020 2585 1073 δὲ
2612 1020 2671 1072 ἐν
2696 1020 2878 1091 ἑορτῇ.
2906 1020 3102 1091 Ἐορτὴ
3146 1019 3257 1092 γὰρ
3280 1019 3371 1074 διὰ
3411 1019 3569 1073 τοῦτο

1985 1112 2217 1181 γίνεται,
2256 1112 2355 1182 οὐχ
2381 1112 2468 1164 ἵνα
2494 1110 2920 1181 άσχημονῶμεν,
2949 1111 3049 1180 οὐχ
3079 1111 3169 1165 ἴνα
3190 1111 3568 1182 ἁμαρτήματα

1987 1202 2330 1271 συνάγωμεν,
2362 1201 2585 1255 ἀλλ’ἵνα
2614 1202 2710 1253 καὶ
2736 1201 2806 1253 τά
2835 1199 2965 1254 ὄντα
2993 1200 3293 1271 ἀνέλωμεν.
3319 1202 3428 1254 Καὶ
3447 1196 3566 1256 οἶδα

1988 1295 2087 1365 μὲν
2112 1295 2195 1347 ὃτι
2225 1294 2348 1363 εἰκῆ
2378 1292 2552 1347 ταῦτα
2594 1292 2761 1360 λέγω,
2809 1292 2924 1347 ἀλλ’
2959 1293 3019 1346 ού
3056 1292 3337 1363 παύσομαι
3366 1292 3564 1360 λέγων.

1985 1385 2104 1438 Κᾶν
2127 1385 2237 1455 γὰρ
2287 1384 2360 1456 μὴ
2393 1383 2592 1447 πάντες
2622 1381 2993 1452 ύπακούσητε,
3038 1382 3154 1436 ἀλλ’
3192 1381 3315 1435 ούδέ
3362 1382 3565 1444 πάντες

1985 1475 2419 1547 παρακούσεσθε,
2450 1475 2650 1547 μᾶλλον
2674 1474 2751 1538 δέ,
2789 1475 2892 1529 κᾶν
2918 1475 3121 1539 πάντες
3155 1475 3563 1547 παρακούσητε,

1984 1566 2111 1635 ἐμοὶ
2139 1565 2236 1635 μὲν
2262 1563 2463 1637 μείζων
2505 1567 2534 1619 6
2566 1563 2783 1635 μισθὸς,
2809 1565 2938 1632 ὑμῖν
2981 1565 3039 1618 δέ
3073 1564 3235 1618 πλέον
3263 1564 3324 1618 τὸ
3367 1567 3562 1636 κρίμα.

1987 1657 2084 1711 Ἰν’
2109 1654 2203 1712 οὖν
2239 1657 2315 1730 μὴ
2346 1658 2572 1729 γένηται
2617 1657 2800 1721 πλέον,
2846 1657 2943 1710 διὰ
2975 1656 3133 1711 τοῦτο
3174 1660 3232 1711 οὐ
3282 1659 3567 1729 παύσομαι

1983 1751 2157 1820 λέγων
2178 1769 2190 1781 ·
2234 1751 2361 1815 ἴσως
2387 1752 2516 1822 γάρ,
2554 1752 2685 1814 ἴσως
2712 1754 2780 1822 τῇ
2807 1751 3060 1824 συνεχείᾳ
3086 1750 3425 1821 καθάψομαι.
3476 1751 3569 1805 Διὸ

1980 1842 2306 1913 παρακαλῶ,
2333 1844 2420 1896 ῖνα
2455 1842 2531 1914 μὴ
2562 1844 2639 1906 είς
2667 1846 2842 1914 κρῖμα
2870 1841 3030 1896 τοῦτο
3067 1842 3330 1912 ποιῶμεν,
3362 1842 3571 1916 θρέψω-

1981 1952 2082 2004 μεν
2110 1938 2202 1989 τὸν
2231 1935 2498 2006 Χριστὸν,
2528 1934 2864 2005 ποτίσωμεν,
2901 1932 3208 2007 ἐνδύσωμεν
3228 1949 3241 1963 ·
3272 1932 3445 1989 ταῦτα
3469 1936 3570 2005 τῆς

1977 2026 2261 2099 τραπέζης
2318 2026 2538 2098 ἐκείνης
2594 2026 2743 2092 ἀξια.
2793 2026 3072 2088 Ἤκουσας
3131 2025 3317 2096 ὓμνων
3375 2025 3570 2096 ίερῶν;

1976 2114 2117 2185 εἶδες
2142 2120 2318 2190 γάμον
2352 2117 2752 2190 πνευματικόν;
2802 2117 3121 2181 ἀπέλαυσας
3164 2116 3450 2189 τραπέζης
3480 2116 3571 2187 βα-

1979 2214 2228 2285 σιλικῆς;
2268 2212 2610 2286 ἐνεπλήσθης
2657 2216 2974 2287 Πνεύματος
3004 2216 3198 2284 ἀγίου;
3248 2216 3570 2286 συνεκύρευ-

1979 2322 2076 2369 σας
2102 2309 2215 2371 τοῖς
2242 2308 2513 2379 Σεραφὶμ,
2561 2310 2817 2374 κοινωνὸς
2868 2310 3057 2378 ἐγένου
3096 2310 3205 2364 τῶν
3255 2310 3369 2364 ἀνω
3412 2308 3571 2363 δυνά-

1980 2413 2155 2466 μεων;
2193 2396 2280 2469 Μὴ
2334 2398 2497 2472 ῥίψῃς
2550 2399 2726 2470 χαράν
2762 2398 3059 2471 τοσαύτην,
3099 2398 3176 2470 μὴ
3228 2397 3426 2471 ἐκχέης
3474 2395 3570 2449 τὸν

1978 2489 2273 2563 θησαυρὸν,
2315 2491 2391 2563 μὴ
2420 2492 2796 2564 ἐπεισαγάγῃς
2843 2493 3017 2566 μέθην
3049 2493 3150 2566 τὴν
3182 2492 3283 2563 τῆς
3321 2490 3561 2562 ἀθυμίας

1982 2582 2213 2653 μητέρα,
2240 2583 2340 2655 τὴν
2369 2584 2464 2638 τοῦ
2502 2584 2750 2637 διαϐόλου
2778 2584 2976 2656 χαράν,
3008 2586 3108 2658 τὴν
3146 2585 3319 2657 μυρία
3350 2585 3568 2639 τίκτου-

1981 2691 2080 2728 σαν
2112 2676 2278 2729 κακά.
2329 2677 2441 2729 Καὶ
2479 2677 2588 2746 γὰρ
2616 2676 2783 2738 ὕπνος
2810 2675 3027 2747 θανάτῳ
3075 2674 3268 2740 ἐοικὼς
3311 2674 3563 2729 ἐντεῦθεν

1978 2770 2074 2822 καὶ
2103 2768 2441 2839 καρηϐαρίαι
2473 2770 2566 2822 καὶ
2611 2769 2760 2823 νόσοι
2798 2771 2892 2822 καὶ
2929 2769 3069 2841 λήθη
3114 2770 3208 2822 καὶ
3243 2769 3568 2840 νεκρότητος

1981 2858 2168 2913 εἰκών.
2212 2855 2347 2913 Εἶτα
2395 2861 2535 2931 φίλῳ
2566 2863 2664 2933 μὲν
2686 2863 2787 2915 οὐκ
2832 2862 2898 2915 ἂν
2926 2862 3070 2915 ἐλοιο
3099 2862 3381 2930 συντυχεῖν
3413 2861 3569 2912 οίνω-

1984 2952 2165 3023 μένος,
2197 2953 2288 3007 τὸν
2319 2953 2375 3005 δὲ
2406 2953 2642 3024 Χριστὸν
2672 2953 2821 3006 ἔνδον
2842 2952 2983 3023 ἔχων
3006 2952 3233 3025 τολμᾷς,
3280 2950 3403 3004 είπέ
3451 2967 3565 3021 μοι,

1979 3045 2249 3115 τοσαύτην
2296 3046 2625 3116 ἐπεμϐαλεῖν
2688 3045 2889 3117 μέθην;
2946 3044 3107 3098 Ἀλλά
3145 3044 3355 3116 τρυφῆς
3400 3043 3562 3115 ἐρᾷςό

1979 3138 2191 3191 Ούκοῦν
2225 3139 2312 3192 διὰ
2344 3138 2502 3192 τοῦτο
2540 3138 2745 3192 παῦσαι
2779 3139 3015 3210 μεθύων.
3064 3138 3175 3192 Καὶ
3208 3136 3317 3210 γὰρ
3351 3134 3461 3205 ἐγώ
3498 3151 3559 3188 σε

1981 3231 2241 3304 βούλομαι
2273 3232 2506 3304 τρυφᾷν,
2559 3230 2696 3284 ἀλλά
2725 3231 2825 3303 τὴν
2869 3232 3041 3296 ὅντως
3081 3230 3313 3304 τρυφὴν,
3341 3228 3439 3302 τὴν
3468 3229 3565 3282 ού-

1980 3325 2173 3381 δέποτε
2216 3326 2650 3396 μαραινομένην.
2684 3324 2781 3388 Τίς
2831 3322 2924 3379 οὖν
2954 3327 2987 3394 ή
3024 3325 3193 3389 ὅντως
3243 3323 3427 3396 τρυφὴ
3471 3323 3569 3377 καὶ

1983 3414 2250 3484 διηνεκῶς
2279 3415 2551 3481 ἀνθοῦσα;
2574 3416 2819 3469 Κάλεσον
2838 3416 2921 3468 ἐπ’
2950 3416 3171 3485 ἄριστον
3198 3415 3289 3469 τὸν
3310 3414 3567 3485 Χριστὸν,

1986 3507 2217 3577 μετάδος
2249 3506 2397 3577 αὐτῷ
2426 3507 2535 3561 τῶν
2567 3506 2697 3570 σῶν,
2733 3506 2934 3579 μᾶλλον
2958 3507 3015 3560 δὲ
3041 3507 3147 3559 τῶν
3179 3505 3346 3559 αὐτοῦ
3365 3522 3379 3537 ·
3410 3505 3570 3558 τοῦτο

1983 3598 2081 3666 τὴν
2123 3599 2316 3669 ἡδονὴν
2356 3584 2662 3669 ἀπέραντον
2696 3599 2808 3667 ἔχει
2856 3598 2949 3651 καὶ
2987 3598 3343 3668 ἀκμάζουσαν
3388 3597 3568 3666 διηνε-

1985 3689 2116 3752 κῶς.
2171 3690 2309 3742 ‘An’
2360 3693 2422 3743 ού
2472 3690 2539 3743 τὰ
2589 3690 2826 3760 αἰσθητὰ
2876 3690 3119 3754 τοιαῦτα,
3170 3688 3285 3741 ἀλλ’
3338 3687 3475 3758 ὁμοῦ
3507 3704 3568 3742 τε

1985 3783 2160 3852 ἐφάνη
2196 3783 2290 3835 καὶ
2327 3782 2627 3855 ἠφανίσθη,
2650 3783 2745 3836 καὶ
2773 3785 2802 3837 6
2832 3784 3116 3855 τρυφήσας
3154 3782 3306 3835 οὐδὲν
3345 3781 3568 3853 ἄμεινον

1985 3875 2316 3928 διακείσεται
2349 3876 2443 3929 τοῦ
2495 3877 2569 3949 μὴ
2602 3879 3001 3949 τρυφήσαντος,
3044 3876 3244 3949 μᾶλλον
3269 3876 3326 3930 δὲ
3358 3879 3561 3949 χεῖρον.

1998 3965 2056 4015 Ὀ
2087 3965 2185 4035 μὲν
2217 3965 2326 4038 γὰρ
2357 3966 2543 4039 ὥσπερ
2575 3970 2633 4022 ἐν
2657 3968 2835 4039 λιμένι
2871 3968 3129 4041 κάθηται,
3177 3961 3331 4032 οὗτος
3361 3967 3417 4023 δὲ
3448 3983 3564 4037 χει-

1990 4061 2236 4132 μάρρουν
2272 4062 2394 4116 τινὰ
2451 4064 2546 4117 καὶ
2596 4064 2914 4136 πολιορκίαν
2950 4065 3274 4137 νοσημάτων
3325 4065 3563 4132 ἐδέξατο,

1988 4154 2081 4219 καὶ
2131 4154 2251 4208 οὖδέ
2308 4155 2553 4223 ἐνεγκεῖν
2582 4158 2680 4227 τὴν
2716 4155 2885 4228 ζάλην
2932 4155 3138 4227 ταύτην
3179 4157 3421 4212 δύναται.
3470 4158 3566 4212 Ἰν⁹

1987 4241 2080 4298 οὖν
2116 4246 2191 4317 μὴ
2214 4245 2390 4300 ταῦτα
2442 4250 2686 4317 γένηται,
2729 4248 2828 4319 τὴν
2885 4247 3229 4318 συμμετρίαν
3252 4246 3562 4314 διώκωμεν.

1991 4337 2147 4391 Οὕτω
2180 4339 2290 4408 γὰρ
2342 4340 2435 4392 καὶ
2471 4338 2533 4392 τὸ
2576 4339 2735 4409 σῶμα
2780 4335 2839 4392 εὖ
2883 4337 3294 4409 διακεισόμεοα,
3346 4339 3440 4390 καὶ
3467 4338 3567 4406 τὴν

1987 4431 2166 4501 ψυχὴν
2214 4434 2272 4484 ἐν
2325 4431 2595 4500 ἀσφαλείᾳ
2623 4433 3061 4502 καταστήσομεν,
3102 4428 3331 4482 καὶτῶν
3367 4429 3567 4499 παρόν-

1983 4540 2091 4575 των
2124 4521 2215 4573 καὶ
2244 4519 2353 4572 τῶν
2382 4518 2685 4588 μελλόντων
2715 4516 3217 4591 ἀπαλλαγησόμεθα
3245 4516 3451 4570 κακῶψ
3493 4510 3569 4570 ὧν

1985 4614 2193 4682 γένοιτο
2243 4612 2452 4675 πάντας
2489 4612 2635 4682 ἡμᾶς
2680 4611 3114 4680 ἀπαλλαγέντας,
3159 4612 3256 4683 τῆς
3292 4610 3567 4682 βασιλείας

1994 4706 2288 4775 ἐπιτυχεῖν,
2366 4703 2549 4774 χάριτι
2610 4702 2703 4755 καὶ
2769 4701 3151 4774 φιλανθρωπία
3200 4700 3296 4756 τοῦ
3356 4700 3599 4772 Κυρίου,

1989 4795 2149 4865 ἡμῶν
2182 4794 2357 4866 Ἰησοῦ
2414 4792 2676 4865 Χριστοῦ,
2728 4791 2848 4863 μεθ’
2895 4788 2955 4846 οὗ
2994 4792 3073 4864 τῷ
3106 4794 3281 4866 Πατρὶ
3327 4794 3447 4863 ἅμα
3489 4790 3566 4863 τῷ

1991 4887 2130 4959 ἁγίῳ
2173 4887 2451 4957 Πνεύματι
2496 4886 2647 4952 δόξα,
2702 4886 2921 4957 κράτος,
2970 4885 3126 4956 τιμὴ,
3169 4885 3263 4939 νῦν
3316 4886 3412 4938 καὶ
3455 4884 3565 4951 ἀεὶ,

1991 4978 2086 5033 καὶ
2117 4981 2197 5043 είς
2230 4979 2356 5041 τοὺς
2392 4977 2596 5040 αἰῶνας
2619 4976 2728 5031 τῶν
2758 4977 2990 5031 αἰώνων.
3022 4978 3217 5048 ’Δμήν.

333 5139 3461 5172 ,_____________._________________________.._____.__..___

1672 5313 1823 5387 [τεο]
1858 5312 2097 5369 οΜιΑιΑ
2142 5314 2275 5367 1m.

256 5502 655 5580 Δοκιμαζέτω
709 5488 784 5555 δὲ
834 5500 1187 5580 ἑᾶιςθρωπος·
1217 5502 1456 5580 έαυτύς,
1530 5500 1628 5555 καὶ
1666 5502 1876 5580 ιοῦτως

322 5570 418 5633 ἐπί
434 5576 562 5632 τοῦ
607 5570 793 5641 ἄρτου
822 5571 1069 5626 ἐσθιέτω
1092 5572 1193 5628 καὶ
1223 5574 1290 5627 ἐκ
1326 5572 1432 5627 τοῦ
1461 5572 1752 5640 ποτηρίου
1778 5586 1878 5625 πι-

325 5650 516 5705 νὲτω.

1983 5501 2177 5571 ὥσπερ
2207 5498 2303 5554 καὶ
2335 5497 2647 5571 ἔμπροσθεν
2675 5496 2845 5569 ἐφθην
2880 5495 3067 5563 εἰπὼν,
3094 5497 3169 5568 μὴ
3197 5496 3356 5568 μόνον
3387 5498 3569 5550 ἐκεῖνα

1985 5584 2339 5657 ἐργάζεσθαι,
2367 5583 2510 5652 άπερ
2536 5580 2683 5652 αύτῷ
2721 5581 3056 5652 προκείμενά
3084 5582 3256 5647 ἐστιν,
3304 5578 3441 5631 ἀλλὰ
3463 5581 3567 5630 κάν

1987 5668 2172 5739 ἕτερος
2221 5667 2554 5737 παρεμπέσῃ
2611 5665 2767 5730 λόγος
2823 5668 2889 5734 τῇ
2948 5664 3222 5728 ὑποθέσει,
3269 5661 3364 5713 καὶ
3393 5659 3567 5729 τούτῳ

324 5756 495 5815 α’.Τῖ
515 5750 784 5825 βούλεται
805 5749 979 5806 ταῦτα
1002 5750 1069 5806 τὰ
1093 5753 1331 5823 ῥήματα,
1363 5752 1551 5822 ἐτέρας
1582 5753 1886 5814 ὑποθέσεως
1995 5751 2131 5821 μετὰ
2169 5750 2365 5820 πολλῆς
2428 5749 2702 5816 ἐπεξιέναι
2748 5748 2849 5818 τῆς
2900 5748 3154 5817 σπουδῆς,
3189 5748 3283 5799 καὶ
3332 5741 3567 5825 μάλιστα

254 5840 356 5908 ἐἰς
425 5836 831 5913 προκειμένης
898 5832 1097 5924 οῦσης;
1146 5834 1308 5900 Ἕθος
1363 5835 1625 5907 τοῦτοτῴ
1658 5838 1884 5913 Παύλῳ,

1992 5837 2118 5889 ὅταν
2156 5837 2282 5906 περὶ
2319 5835 2521 5907 σφόδρα
2562 5833 2878 5900 ἀναγκαίων
2920 5832 3011 5882 καὶ
3041 5827 3474 5894 κατεπειγόντων
3506 5821 3564 5901 ᾗ.
