3990 6168
416 279 537 333 ’2ῗῶ

1082 273 1143 330 S.
1182 274 1469 332 JOANNIS
1507 271 1997 333 CHRYSOSTOMI
2038 275 2364 335 ARCIIIEP.
2403 272 2955 333 CONSTANTINOP.

3575 272 3684 328 935

429 393 541 448 Καὶ
563 392 671 463 γὰρ
699 393 788 446 ὅτε
824 392 950 455 -τὸῖς
993 392 1337 462 γεγαμηκόσι
1371 391 1663 461 διελέγετο,
1710 394 1807 448 καὶ
1846 396 1874 448 ὁ
1903 396 2012 449 τῶν
2120 394 2301 450 οὐκέτι
2345 394 2454 449 ἀπὸ
2497 392 2701 464 ἑτέρων
2733 390 2802 445 τὰ
2842 386 3259 463 παραδείγματα
3291 382 3468 457 φέρει,
3497 386 3689 460 ὥσπερ

427 477 654 531 οἰκετῶν
698 474 847 547 αὑτῷ
875 474 1229 545 παρενέπεσε
1274 474 1450 543 λόγος,
1488 475 1696 547 σφόδρα
1737 478 2004 546 γενναίως

429 561 524 616 καί⁵
568 559 656 614 διὰ
714 558 928 611 πολλῶν
961 557 1125 610 αὑτὸν
1172 558 1545 612 κατεσκεύασε
1570 577 1582 590 ο
1627 560 1721 613 καὶ
1752 560 1840 614 ὅτε
1876 562 2002 631 περὶ⁵

427 642 520 696 τοῦ
555 643 630 712 μὴ
664 641 773 695 δεῖν
804 640 1085 711 κρίνεσθαι
1111 641 1293 705 ἐντοῖς
1319 642 1692 714 δικαστηρίοις
1713 642 1886 710 ἔλεγε,
1907 645 2002 697 καὶ

424 725 544 779 τότε
588 727 668 788 είς
707 724 807 794 τήν
854 725 984 794 περὶ
1031 720 1345 789 πλεονεξίας
1394 723 1654 795 ἐμπεσὼν
1695 726 1999 793 νουθεσίαν,

424 807 597 861 πολλά
651 810 744 861 καὶ
791 807 921 879 περὶ
949 806 1158 879 ταύτης
1187 807 1434 878 διελέχθη
1471 809 1567 878 τῆς
1606 806 1933 873 ὑποθέσεως·
1974 808 2002 861 δ

423 890 488 961 δὴ
521 890 614 943 καὶ
646 889 880 944 ἐνταῦθα
912 892 1233 959 πεποίηκεν.
1272 890 1490 960 Ἐπειδὴ
1549 891 1656 962 γὰρ
1708 890 1853 957 ἀπαξ
1903 893 2002 962 τῆς

418 973 530 1027 τῶν
589 972 902 1044 μυστηρίων
966 973 1161 1044 ἐδεήθη
1225 974 1472 1044 μνήμης,
1524 974 1823 1041 ἀναγκαῖον
1863 970 2001 1028 εἶναι

424 1056 678 1127 ἐνόμισεν
707 1055 1015 1121 ἐπεξελθεῖν
1041 1058 1109 1127 τῇ
1133 1055 1387 1110 ὑποθέσει
1407 1072 1420 1087 ·
1451 1056 1571 1109 ούδέ
1589 1055 1697 1126 γάρ
1720 1055 2001 1127 ήτυχοῦσα

420 1135 513 1211 ἦν.
544 1139 636 1192 Διὸ
669 1139 763 1192 καὶ
795 1138 1000 1210 σφόδρα
1023 1137 1270 1210 φοόερῶς
1298 1140 1426 1209 περὶ
1461 1139 1634 1207 αὐτῆς
1657 1139 1923 1208 διελέχθη,
1941 1139 2002 1192 τὸ

424 1221 722 1290 κεφάλαιον
752 1221 859 1275 τῶν
887 1221 1110 1290 ἀγαθῶν
1140 1221 1590 1286 κατασκευάζων,
1636 1220 1696 1273 τὸ
1735 1222 1872 1292 μετὰ
1899 1237 2001 1275 κα-

427 1304 596 1377 θαροῦ
649 1304 935 1377 προσιέναι
985 1304 1291 1369 συνειδότος
1327 1303 1534 1366 αὐτοῖς.
1556 1303 1718 1358 Ὅθεν
1743 1303 1862 1357 οὐδὲ
1888 1305 2002 1366 τοῖς

425 1389 738 1460 ἔμπροσθεν
794 1389 1109 1460 εἰρημένοις
1161 1387 1407 1458 ἠρκέσθη
1475 1388 1655 1458 μόνον,
1718 1386 1855 1442 ἀλλά
1908 1387 2001 1441 καὶ

359 1499 371 1515 ι
425 1471 599 1527 ταῦτα
620 1472 946 1544 προστίθησι
980 1471 1173 1539 λέγων’
1201 1468 1565 1540 Δοκιμαζέτω
1593 1468 1661 1523 δὲ
1692 1469 2002 1538 ἄνθρωπος

425 1555 675 1609 έιιυτόν’
707 1554 735 1607 ὂ
765 1553 858 1606 καὶ
882 1555 940 1606 ἐν
968 1556 1035 1623 τῇ
1077 1552 1306 1625 δευτέρᾳ
1335 1552 1518 1623 φησιν’
1557 1551 1843 1619 Ἑαυτοὺς
1876 1568 1999 1605 πει-

423 1635 649 1705 ράζετε,
690 1635 947 1701 ἑαυτοὺς
995 1633 1370 1704 δοκιμάζετε·
1415 1636 1476 1689 ού
1529 1634 1784 1706 καθάπερ
1838 1635 2001 1705 ⁴ἡμεῖς

426 1719 690 1788 ποιοῦμεν
725 1718 840 1781 νῦν,
881 1715 1060 1789 καιρῷ
1095 1718 1412 1789 προσιόντες
1453 1717 1673 1789 μᾶλλον,
1708 1718 1742 1787 ἢ
1795 1716 1999 1787 σπουδῇ

426 1800 673 1871 γνώμης.
718 1801 791 1854 Οὐ
849 1799 956 1871 γάρ
1006 1800 1154 1862 ὅπως
1203 1800 1717 1872 παρεσκευασμένοι
1784 1799 1878 1852 καὶ
1933 1798 2001 1852 τά

426 1887 573 1939 κακά
608 1882 815 1937 ἑαυτῶν
847 1881 1256 1954 ἐκκαθάραντες
1282 1883 1376 1936 καὶ
1410 1881 1755 1947 κατανύξεως
1781 1881 2003 1951 πληρωσ

427 1969 610 2029 θέντες
664 1965 1062 2038 προσέλθοιμεν
1110 1964 1446 2037 σκοποῦμεν,
1480 1964 1595 2018 ἀλλ’
1623 1965 1773 2028 ὅπως
1798 1962 1856 2017 ἐν
1881 1964 2001 2034 ἑορ-

426 2056 564 2116 ταῖς,
588 2052 683 2106 καὶ
713 2051 875 2121 ηνίκα
908 2048 976 2103 ἂν
1003 2049 1261 2112 ᾶπαντες.

509 2209 648 2262 Ἀλλ’
675 2208 773 2279 οὑχ
802 2207 976 2273 οὕτως
1005 2207 1032 2259 ὁ
1063 2206 1270 2271 Παῦλος
1288 2206 1594 2270 ἐκέλευσεν,
1628 2203 1743 2257 ἀλλ’
1768 2202 1862 2255 ἕνα
1885 2218 2002 2254 και-

427 2295 519 2366 ρὸν
545 2289 655 2346 οἶδε
686 2288 951 2363 προσόδου
981 2292 1073 2344 καὶ
1102 2290 1408 2354 κοινωνίας,
1450 2287 1545 2341 τοῦ
1579 2285 1879 2349 συνειδότος
1902 2284 2001 2355 τὴν

426 2375 794 2447 καθαρότητα.
849 2375 913 2427 Εἰ
944 2373 1053 2444 γάρ
1083 2371 1349 2443 αἰσθητῆς
1378 2370 1478 2424 οὑκ
1509 2372 1572 2425 ἄν
1599 2384 1729 2423 ποτε
1767 2367 1999 2440 μεταλά-

427 2460 614 2530 ϐοιμεν
646 2454 926 2529 τραπέζης
971 2455 1330 2526 πυρέττοντες
1386 2454 1482 2507 καὶ
1526 2452 1716 2526 χυμῶν
1741 2453 2001 2523 γέμοντες

426 2540 699 2615 πονηρῶν,
726 2540 868 2594 ὥστε
906 2537 981 2610 μὴ
1011 2537 1329 2593 ἀπολέσθαι⁸
1351 2535 1542 2615 ,πολλῷ
1569 2535 1768 2607 μᾶλλον
1799 2534 2003 2605 ταύτης

426 2613 695 2682 ἀπτεσθαι
725 2625 857 2695 ἡμῖν
886 2623 947 2675 οὑ
977 2621 1136 2693 θέμις
1173 2620 1311 2692 μετά
1340 2613 1645 2691 ἐπιθυμιῶν
1678 2619 1914 2683 ἀτόπων,
1945 2618 2002 2671 αῖ

427 2709 674 2781 πυρετῶν
732 2710 838 2761 είσι
912 2704 1309 2777 χαλεπώτεραι.
1357 2706 1526 2759 Ὅταν
1584 2703 1641 2757 δὲ
1711 2702 2002 2772 ἐπιθυμίας

427 2794 659 2856 ἀτόπους
693 2792 850 2855 εἴπω,
884 2790 979 2843 καὶ
1015 2788 1110 2852 τάς
1149 2786 1256 2841 τῶν
1290 2787 1560 2858 σωμάτων
1592 2785 1736 2855 λέγω
1778 2787 1873 2838 καὶ
1904 2787 2003 2845 τάς

410 2864 534 2929 ’τῶν
590 2873 886 2945 χρημάτων
950 2872 1045 2924 καὶ
1109 2870 1208 2932 τάς
1268 2872 1366 2940 τῆς
1415 2869 1585 2939 ὀργῆς
1624 2869 1719 2922 καὶ
1756 2867 1855 2931 τὰς
1902 2867 2002 2938 τῆς

431 2955 818 3029 μνησικακίας,
894 2954 988 3007 καὶ
1068 2953 1250 3015 πάσας
1324 2952 1510 3016 ἁπλῶς
1583 2951 1683 3014 τὰς
1741 2951 1997 3013 ἀτόπους.

428 3041 540 3095 Καὶ
566 3039 647 3091 δεῖ
677 3037 768 3091 τὸν
797 3036 1088 3107 προσιόντα
1110 3074 1124 3098 ,
1157 3035 1334 3089 πάντα
1363 3034 1763 3105 ἐξαντλῇσαντα
1791 3033 1963 3086 ταῦτα
1983 3072 1999 3095 ,

427 3122 569 3176 οὕτω
623 3121 723 3190 τῆς
770 3107 1013 3188 καθαρᾶς
1058 3115 1272 3187 ἐκείνης
1314 3114 1580 3170 ἅπτεσθαι
1639 3114 1861 3178 θυσίας,
1908 3115 2003 3168 καὶ

431 3205 568 3279 μήτε
649 3200 907 3274 ῥᾳθύμως
987 3199 1331 3269 διακείμενον
1421 3200 1516 3250 καὶ
1605 3196 1999 3279 ταλαιπώρως,

427 3276 833 3355 ἀναγκάζεσθαι
884 3281 975 3335 διά
1023 3281 1121 3353 τὴν
1158 3283 1352 3354 ἑορτὴν
1389 3280 1709 3351 προσιέναι,
1749 3280 1886 3351 μήτε
1934 3276 2000 3332 αὖ

427 3370 802 3440 κατανυγέντα
843 3367 937 3421 καὶ
973 3365 1526 3436 παρεσκευασμένον,
1560 3362 1862 3417 κωλύεσθαι
1916 3362 2002 3416 διά

427 3455 493 3508 τὸ
549 3454 622 3524 μὴ
677 3448 815 3504 εἶναι
869 3449 1084 3519 ἑορτήν.
1148 3446 1341 3518 Ἑορτὴ
1395 3445 1503 3518 γάρ
1558 3446 1736 3517 έργων
1785 3444 2003 3513 ἀγαθῶν

427 3542 575 3592 ἐστιν
611 3534 898 3599 ἐπίδειξις,
939 3534 1032 3587 καὶ
1069 3531 1249 3603 ψυχῆς
1280 3531 1554 3597 εὐλάϐεια,
1592 3530 1687 3583 καὶ
1726 3528 2004 3593 πολιτείας

426 3621 714 3692 ἀκρίϐεια·
766 3618 871 3672 κᾶν
933 3615 1108 3669 ταῦτα
1161 3614 1327 3686 ἔχῃς,
1377 3612 1669 3676 διαπαντὸς
1722 3610 2005 3684 ἑορτάζειν

427 3705 653 3775 δυνήσῃ,
688 3701 783 3755 καὶ
814 3698 1105 3761 διαπαντὸς
1145 3698 1448 3767 προσιέναι.
1492 3696 1591 3749 Διά
1638 3695 1798 3750 τοῦτό
1846 3712 2002 3765 φησι,

428 3782 783 3853 Δοκιμαζὲτω
815 3781 881 3833 δὲ
911 3780 1129 3834 ἑαυτὸν
1155 3779 1435 3845 ἕκαστος,
1468 3779 1563 3832 καὶ
1586 3776 1706 3832 τότε
1741 3777 2000 3847 προσίτω.

429 3868 541 3921 Καὶ
570 3865 668 3935 οὑχ
699 3864 884 3934 ἓτερον
914 3864 1084 3934 ἑτέρῳ
1114 3861 1323 3915 κελεύει
1353 3861 1646 3930 δοκιμάσαι
1678 3874 1728 3927 ιι,
1763 3860 1877 3913 ἀλλ’
1907 3861 2004 3912 αὑ-

428 3947 521 4003 τὸν
573 3946 797 4011 ἐαυτὸν,
855 3944 1245 4015 ἀδημοσίευτον
1295 3943 1465 3997 ποιῶν
1522 3944 1583 3996 τὸ
1632 3942 2000 4012 δικαστήριον,

429 4031 745 4103 ἀμάρτυρον
778 4026 866 4081 τὸν
900 4027 1143 4099 ἔλεγχον.
1185 4027 1238 4080 '0
1271 4028 1381 4096 γὰρ
1413 4026 1632 4079 ἐσθίων
1671 4026 1767 4078 καὶ
1814 4026 2006 4078 πίνων

430 4113 709 4179 ἀναξίως,
743 4109 892 4183 [251]
910 4110 1016 4165 τοῦ
1042 4109 1262 4178 Κυρίου
1285 4108 1460 4178 κρῖμα
1484 4106 1674 4173 ἐαυτῷ
1696 4108 1884 4162 ἐσθίει
1907 4107 2005 4161 καὶ

431 4197 609 4251 πίνει.
646 4196 710 4248 Τί
738 4194 952 4264 λέγεις;
985 4194 1106 4247 εἰπέ
1143 4209 1265 4264 μοι’
1297 4191 1637 4264 ήητοσούτων
1674 4189 1895 4259 ἀγαθῶν
1921 4193 2005 4244 αἰ-

427 4283 541 4346 τία,
597 4280 691 4334 καὶ
745 4277 889 4349 ζωὴν
949 4277 1190 4349 βρύουσα
1222 4276 1251 4316 δ
1304 4275 1572 4348 τράπεζα,
1632 4273 1772 4345 αῦτη
1831 4276 2004 4345 κρῖμα

429 4365 671 4434 γίνεταις
718 4362 792 4417 Ού
842 4360 993 4433 παρά
1040 4360 1140 4431 τὴν
1189 4359 1363 4430 αὑτῆς
1406 4358 1588 4429 φύσιν,
1633 4358 1819 4428 φησὶν,
1868 4356 2006 4411 ἀλλά

431 4448 584 4518 ποιρά
612 4446 708 4516 τὴν
738 4444 833 4499 τοῦ
865 4443 1182 4516 προσιόντος
1216 4442 1557 4514 προαίρεσιν.
1590 4442 1803 4511 Ὥσπερ
1829 4440 1938 4512 γὰρ
1970 4441 2004 4509 η

432 4528 706 4599 παρουσία
740 4528 927 4591 αὑτοῦ,
957 4530 991 4597 ή
1029 4527 1098 4579 τά
1133 4526 1345 4597 μεγάλα
1371 4526 1557 4578 ἐκεῖνα
1595 4524 1691 4577 καὶ
1718 4523 2007 4594 ἀπόρρητα

432 4611 705 4681 κομίσασα
754 4612 887 4680 ἡμῖν
943 4608 1142 4678 ἀγαθὰ,
1176 4610 1301 4670 τοὺς
1339 4607 1413 4677 μὴ
1465 4605 1791 4676 δεξαμένους
1836 4604 2005 4676 αὑτήν

398 4681 408 4693 ’
437 4693 638 4764 μᾶλλον
670 4690 988 4761 κατέκρινεν
1008 4709 1021 4722 ο
1062 4689 1204 4743 οὑτω
1235 4691 1328 4743 καὶ
1357 4689 1425 4742 τά
1457 4689 1731 4759 μυστήρια
1765 4687 2006 4757 μείζονος

435 4777 623 4845 ἐφόδια
648 4772 919 4836 κολάσεως
940 4772 1149 4841 γίνεται
1177 4774 1289 4834 τοῖς
1315 4768 1547 4836 ἀναξίως
1573 4768 1878 4840 μετέχουσι.
1911 4771 2006 4823 Διά

436 4861 489 4913 τί
520 4858 576 4912 δέ
607 4860 782 4929 κρῖμα
811 4855 988 4926 ἐαυτῷ
1018 4857 1219 4921 ἐσθίεις
1251 4854 1347 4924 Μὴ
1378 4854 1699 4923 διακρίνων
1725 4854 1792 4907 τό
1834 4852 2008 4924 σῶμα

438 4941 544 4997 τοῦ
570 4942 812 5008 Κυρίου.
841 4936 1123 5000 Τουτέστι,
1152 4939 1242 5009 Μή
1266 4937 1553 5005 ἐξετάζων,
1585 4937 1659 5008 μὴ
1687 4938 1900 5002 ἐννοῶν,
1930 4937 2006 5003 ὡς

438 5027 566 5098 χρὴ.
597 5027 660 5080 τὸ
691 5023 917 5096 μέγεθος
945 5022 1052 5075 τῶν
1086 5023 1460 5094 προκειμένων
1480 5062 1494 5086 ,
1542 5022 1620 5092 μὴ
1661 5021 2006 5093 λογιζόμενος

437 5112 527 5163 τὸν
554 5110 716 5178 δγκον
757 5109 856 5179 τῆς
887 5108 1117 5179 δωρεᾶς.
1159 5108 1222 5161 Εἰ
1258 5107 1367 5177 γὰρ
1401 5105 1593 5177 μάθοις
1633 5106 1875 5178 ἀκριϐῶς
1921 5107 2007 5170 τίς

439 5192 571 5244 ποτέ
600 5194 745 5244 ἐστιν
775 5193 803 5245 ό
836 5190 1212 5263 προκείμενος,
1243 5190 1337 5244 καὶ
1368 5189 1447 5253 τίς
1472 5188 1548 5242 ῶν
1576 5188 1683 5241 τίνι
1711 5187 1901 5242 ἑαυτὸν
1929 5187 2005 5240 δί-

437 5274 621 5335 δωσιν,
656 5273 865 5336 ούδενδς
912 5272 1098 5344 ἐτέρου
1149 5273 1314 5344 δεήσῃ
1356 5272 1540 5339 λόγου,
1584 5270 1699 5323 ἀλλ’
1732 5272 1893 5341 ἀρκεῖ
1924 5285 2004 5324 σοι

438 5357 597 5409 τοῦτο
626 5357 704 5418 είς
734 5356 948 5408 ἅπασαν
978 5356 1137 5427 νῆψιν
1159 5396 1174 5419 ,
1202 5357 1251 5408 εί
1302 5355 1376 5425 μὴ
1411 5353 1614 5424 σφόδρα
1642 5353 1756 5425 εἴης
1800 5354 2006 5406 ἀναπε-

438 5439 690 5502 πτωκώς.
730 5437 831 5493 Διὰ
862 5439 1037 5493 τοῦτο
1070 5436 1140 5492 ἐν
1165 5437 1312 5507 ὑμῖν
1345 5436 1565 5489 πολλοί
1596 5436 1872 5501 ἀσθενεῖς
1905 5436 2006 5488 καὶ

437 5523 748 5592 ἇρρωστοι,
778 5522 873 5576 καί
913 5520 1231 5591 κοιμῶνται
1262 5520 1475 5573 ἱκανοί.
1527 5518 1792 5572 Ἐνταῦθα
1821 5517 2005 5572 λοιπὸν

500 5713 525 5742 ι
548 5711 655 5774 Reg
678 5748 693 5774 ,
727 5714 941 5774 ἕκαστος,
963 5710 1214 5774 καὶοῦτ-ως
1236 5707 1446 5755 ἐσθιέτω.
1480 5710 1592 5774 ,Οὐχ
1614 5712 1830 5774 ἕτερον...
1873 5714 2003 5762 δοκι-

442 5773 611 5833 μάζειν.
627 5770 648 5774 ⁷
676 5773 704 5813 ι
722 5775 802 5823 Sic
826 5773 942 5835 Reg.
971 5778 1021 5819 et
1046 5770 1195 5821 Sasil.
1220 5781 1269 5817 In
1289 5781 1439 5832 marg.
1464 5771 1541 5820 Al.
1562 5770 1929 5833 ξωῆςβρύουσα.

2117 480 2211 533 ἐπὶ
2247 477 2356 533 τῶν
2389 475 2749 532 εἰδωλοθύτων
2781 473 3026 544 ἐποίησε,
3057 473 3155 536 τὰς
3193 469 3431 533 παλαιάς
3464 469 3688 543 amm-

2115 578 2274 633 μενος
2321 560 2562 632 ἱστορίας
2592 557 2809 620 καὶτὰς
2854 558 2912 610 ἐν
2943 558 3011 627 τῇ
3056 555 3249 627 ἐρήμῳ
3292 553 3534 624 πληγάς,
3571 553 3688 611 ἀλλ’

2112 647 2209 700 ἀπ’
2238 644 2418 699 αὑτῶν
2445 643 2554 697 τῶν
2591 640 2918 714 Κορινθίων,
2948 640 3086 709 ὅπερ
3118 638 3214 693 καὶ
3243 635 3688 710 πληκτικὼτερον

2112 728 2286 782 ἐποίει
2322 727 2412 781 τὸν
2449 726 2628 795 λόγον.
2674 723 2890 793 Ἐπειδὴ
2922 722 3031 793 γάρ
3067 721 3241 790 ἔλεγε,
3275 721 3466 794 Ιίρῖμα
3498 718 3689 787 ἑαυτῷ

2109 811 2316 873 ἐσθίει,
2344 810 2455 874 καὶ,
2495 808 2741 876 Ἐνοχός
2762 807 2955 870 ἐστιν,
2978 805 3063 859 ῖνα
3092 806 3171 875 μὴ
3199 804 3329 875 δοκῇ
3359 800 3579 875 ῥήματα
3603 803 3688 857 λέ·

2111 908 2248 962 γειν,
2284 892 2377 946 καὶ
2406 891 2545 962 ἔργα
2571 886 2808 942 δείκνυσι
2837 888 2932 943 καὶ
2967 886 3252 959 μάρτυρας
3280 884 3478 953 αὑτοὺς
3512 886 3685 950 καλεῖ,

2107 976 2245 1047 δπερ
2270 973 2469 1046 μᾶλλον
2487 972 2580 1026 τοῦ
2604 971 2899 1040 ἀπειλῆσαι
2924 970 3282 1035 καθικνεῖται,
3308 968 3388 1040 τῷ
3408 970 3578 1035 δεῖξαι
3608 971 3687 1033 είς

2109 1057 2268 1129 ἔργον
2318 1057 2417 1128 τὴν
2468 1054 2702 1125 ἀπειλὴν
2760 1052 3104 1120 ἐξελθοῦσαν.
3169 1052 3244 1105 Οὐ
3310 1052 3419 1125 μὴν
3476 1051 3688 1116 τούτοις

2108 1140 2353 1213 ἠρκέσθη
2404 1141 2605 1211 μόνοις,
2640 1137 2759 1192 ἀλλ’
2805 1138 2914 1190 ἀπὸ
2949 1136 3156 1190 τούτων
3188 1136 3280 1188 καλ⁵
3308 1135 3399 1188 τὸν
3430 1135 3557 1206 περὶ
3584 1135 3686 1205 τῆς

2108 1224 2333 1294 γεέννης
2367 1223 2634 1293 εἰσήγαγε
2676 1220 2770 1274 καὶ
2812 1218 3156 1275 ἐπιστώσατο
3206 1216 3394 1285 λόγον,
3440 1218 3684 1287 ἀμφοτέ-

2110 1307 2282 1378 ρωθεν
2312 1305 2512 1376 φοσῶν,
2547 1303 2640 1358 καὶ
2676 1302 2898 1376 ζήτημα
2930 1299 3207 1372 πανταχοῦ
3255 1299 3686 1372 περιφερόμενον

2108 1389 2271 1445 λύων.
2309 1388 2528 1459 Ἐπειδὴ
2571 1386 2681 1457 γὰρ
2722 1385 2908 1439 πολλοὶ
2941 1384 3077 1456 πρὸς
3106 1383 3369 1455 ἀλλήλους
3399 1382 3684 1454 ἀποροῦσι.

2110 1471 2275 1525 πόθεν
2294 1473 2343 1526 οί
2365 1471 2535 1541 ἄωροι
2561 1469 2803 1535 θάνατοι,
2830 1467 2994 1521 πόθεν
3021 1469 3077 1520 αί
3107 1465 3318 1539 μακραὶ
3343 1465 3513 1530 νόσοι,
3537 1464 3688 1533 λέγει

2109 1555 2191 1608 ὅτι
2234 1553 2295 1620 ἐξ
2338 1552 2756 1625 ἁμαρτημάτων
2802 1549 2969 1605 πολλά
3003 1542 3208 1605 τούτων
3255 1548 3364 1605 τῶν
3410 1548 3691 1620 ἀδοκήτων

2106 1639 2207 1708 τήν
2242 1638 2496 1693 ὑπόθεσιν
2534 1636 2668 1707 ἔχει.

2182 1795 2247 1867 β’.
2281 1795 2346 1848 Τί
2372 1789 2464 1849 οὑν
2493 1794 2541 1847 οἰ
2575 1786 2938 1861 ὑγιαίνοντες,
2971 1791 3125 1861 φησὶ,
3155 1790 3438 1860 διηνεκῶς,
3471 1791 3566 1844 καὶ
3608 1792 3694 1855 εἰς

2110 1880 2289 1951 γῆρας
2320 1879 2603 1951 ἐρχόμενοι
2628 1876 2879 1947 λιπαρὸν,
2906 1876 3004 1947 οὑχ
3032 1875 3436 1947 ἀμαρτάνουσι;
3470 1874 3581 1929 Καὶ
3607 1874 3690 1936 τίς

2110 1964 2176 2018 ἂν
2208 1963 2366 2016 τοῦτο
2397 1963 2574 2027 εἴποις
2617 1958 2743 2023 Πῶς
2782 1955 2898 2025 οὖν,
2936 1959 3102 2030 φησὶν
3121 2000 3135 2023 ,
3171 1957 3233 2011 ού
3264 1956 3471 2011 διδόασι
3500 1956 3689 2026 δίκην;

2111 2047 2234 2099 ’Ότι
2267 2046 2386 2099 ἐκεῖ
2406 2043 2637 2097 δώσουσι
2667 2041 3077 2113 χαλεπωτέραν.
3123 2040 3315 2111 Ἡμεῖς
3346 2040 3425 2105 δέ,
3457 2041 3508 2093 εἰ
3539 2037 3692 2092 ἐϐου-

2108 2126 2339 2199 λόμεθα,
2369 2127 2480 2181 οὐδ’
2517 2125 2583 2178 ἂν
2624 2124 2882 2190 ἐνταῦθα,
2916 2124 3024 2178 οὐδ’
3056 2122 3122 2179 ἀν
3160 2124 3340 2177 ἐκεῖσε
3381 2121 3687 2191 ἐδώκαμεν.

2108 2213 2181 2268 El
2212 2213 2320 2278 γὰρ
2350 2208 2604 2276 ἑαυτοὺς
2638 2210 2986 2279 ἐκρίνομεν,
3027 2208 3213 2280 φησιν,
3262 2209 3375 2261 οὐκ
3410 2204 3491 2261 ἂν
3538 2206 3693 2275 ἐκρι-

2106 2295 2346 2364 νόμεθα.
2377 2293 2490 2347 Καὶ
2533 2293 2632 2346 οὑκ
2661 2287 2835 2357 εἶπεν,
2869 2292 2932 2345 Εἰ
2964 2290 3295 2362 ἐκολάζομεν
3338 2288 3592 2352 ἑαυτοὺς.
3631 2286 3690 2341 Εἰ

2107 2373 2544 2447 ὲτιμωρούμεθα,
2569 2374 2704 2428 ἀλλά
2725 2378 2908 2445 μόνον,
2932 2374 2994 2427 Εἰ
3026 2373 3323 2443 ἐπιγνῶναι
3350 2373 3420 2426 τά
3438 2371 3692 2442 ἀμαρτή-

2112 2474 2255 2530 ματα
2284 2457 2675 2530 ἐϐουλήθημεν,
2707 2458 2755 2511 εί
2781 2457 3141 2511 καταδικάσαι
3166 2456 3413 2522 ἑαυτοὺς,
3444 2454 3492 2509 εί
3530 2472 3693 2510 κατα-

2108 2541 2308 2610 γνῶναι
2349 2540 2458 2594 τῶν
2496 2538 3067 2610 πεπλημμελημένων,
3089 2538 3477 2608 ἀπελλάγημεν
3505 2538 3570 2592 ἄν
3601 2538 3692 2590 καὶ

2107 2625 2210 2696 τῆς
2241 2623 2472 2678 ἐνταῦθα
2495 2624 2590 2677 καὶ
2619 2623 2720 2692 τῆς
2745 2624 2924 2676 ἐκεῖσε
2944 2621 3236 2695 τιμωρίας.
3284 2622 3344 2675 '0
3373 2622 3483 2693 γὰρ
3512 2636 3687 2675 καταο-

2108 2709 2271 2775 γνοὺς
2318 2705 2535 2771 ἐαυτοῦ,
2580 2705 2742 2776 διπλῇ
2781 2703 2871 2758 τὸν
2916 2704 3048 2758 Θεὸν
3084 2704 3422 2769 ἑξιλεοῦται,
3473 2705 3571 2758 καὶ

2109 2790 2409 2860 ἐπιγνῶναι
2441 2789 2511 2843 τά
2556 2789 2928 2860 ἁμαρτήματα
2949 2827 2963 2851 ,
2991 2788 3083 2842 καὶ
3112 2788 3190 2858 τῷ
3223 2789 3357 2859 πρὸς
3386 2787 3451 2841 τδ
3498 2787 3697 2859 μέλλον

2107 2875 2467 2946 ὀκνηρότερος
2491 2874 2759 2944 γίνεσθαι.
2799 2873 3018 2944 Ἐπειδὴ
3045 2873 3102 2926 δὲ
3128 2873 3252 2926 οὐδὲ
3279 2871 3441 2926 τοῦτο
3469 2873 3533 2926 τὺ
3563 2871 3693 2927 κοῦ-

2110 2975 2209 3027 φον
2259 2957 2557 3029 βουλόμεθα
2601 2960 2796 3022 ποιεῖν,
2837 2956 2912 3021 ὡς
2964 2956 3070 3028 χρὴ
3113 2958 3309 3020 ποιεῖν,
3356 2955 3481 3010 οὑδὲ
3520 2956 3696 3020 οὕτως

2109 3040 2256 3112 ἡμᾶς
2290 3041 2429 3112 μετά
2455 3042 2554 3113 τῆς
2583 3041 2909 3113 οἰκουμένης
2953 3040 3204 3106 κολάζειν
3247 3040 3525 3110 ἀνέχεται,
3557 3040 3695 3094 ἀλλά

2112 3127 2208 3180 καὶ
2233 3124 2376 3179 οὑτω
2405 3125 2668 3194 φείδεται,
2695 3122 2929 3179 ἐνταῦθα
2957 3123 3114 3194 δίκην
3138 3122 3409 3185 ἀπαιτῶν,
3436 3115 3496 3176 οὗ
3526 3123 3694 3195 πρόσ-

2111 3225 2299 3278 καιρος
2329 3210 2364 3279 ή
2404 3207 2644 3279 τιμωρία
2672 3208 2766 3262 καὶ
2805 3205 2974 3278 πολλὴ
3010 3207 3044 3277 ή
3075 3204 3423 3278 παραμυθία·
3459 3204 3555 3259 καὶ
3582 3207 3694 3278 γὰρ

2111 3291 2526 3363 ἁμαρτημάτων
2560 3287 2851 3361 ἀπαλλαγὴ
2880 3289 2942 3342 τὸ
2975 3289 3284 3360 γινόμενον,
3334 3288 3427 3342 καὶ
3474 3291 3697 3362 χρηστὴ

2109 3373 2219 3427 τῶν
2246 3373 2549 3445 μελλόντων
2574 3372 2729 3438 ἐλπὶς
2760 3370 3092 3442 κουφίζουσα
3120 3371 3190 3426 τά
3212 3370 3481 3443 παρόντα.
3504 3371 3694 3426 Ταῦτα

2109 3455 2166 3509 δέ
2189 3455 2356 3524 λέγει,
2382 3455 2517 3526 ὁμοῦ
2552 3455 2648 3526 μὲν
2675 3453 3171 3526 παραμυθούμενος
3200 3455 3327 3517 τοὺς
3349 3454 3691 3527 ἀρρώστους,

2110 3538 2245 3610 ὁμοῦ
2264 3539 2320 3592 δέ
2343 3539 2472 3602 τοὺς
2502 3538 2694 3602 ἄλλους
2720 3535 2870 3610 [252]
2902 3536 3357 3608 σπουδαιοτέρους
3379 3537 3576 3592 ποιῶν.
3605 3540 3693 3594 Διό

2112 3639 2264 3695 φησι·
2280 3622 2431 3677 Νυνὶ
2446 3621 2514 3675 δὲ
2533 3622 2887 3691 κρινόμενοι,
2900 3620 3021 3673 ὑπὸ
3036 3620 3259 3687 Κυρίου
3271 3620 3692 3691 παιδευόμεθα.

2112 3706 2225 3761 Ούκ
2248 3701 2390 3767 εἷπε,
2407 3703 2786 3774 Κολαζόμεθα,
2804 3703 2904 3757 οὑκ
2923 3697 3066 3769 εἷπε,
3085 3703 3517 3774 Τιμωρούμεθα,
3534 3704 3691 3767 ἀλλὰ,

2111 3783 2518 3852 Παιδευόμεθα
2541 3798 2553 3813 ·
2584 3782 2863 3845 νουθεσίας
2895 3782 3005 3851 γὰρ
3043 3780 3241 3851 μᾶλλόν
3273 3784 3420 3836 ἐστιν
3453 3783 3485 3854 ἢ
3521 3798 3694 3837 κατα-

2111 3867 2267 3937 δίκης
2294 3867 2353 3917 τδ
2383 3864 2686 3934 γινόμενον,
2714 3863 2956 3935 ἰατρείας
2979 3863 3012 3933 ἢ
3033 3864 3323 3934 τιμωρίας,
3354 3863 3694 3936 διορθώσεως

2111 3949 2145 4020 ἦ
2178 3949 2471 4009 κολάσεως,
2502 3947 2575 3999 Οὑ
2610 3945 2784 4017 ταύτῃ
2813 3946 2869 3998 δέ
2896 3945 3079 4015 μόνον,
3112 3945 3250 3999 ἀλλά
3274 3947 3368 4000 καὶ
3398 3950 3464 4017 τῇ
3496 3947 3694 4019 ἀπειλῇ

2111 4030 2206 4083 τοῦ
2245 4030 2486 4101 μείζονος
2515 4028 2714 4098 κοῦιρον
2742 4029 2803 4081 τὸ
2834 4029 3008 4100 παρὸν
3031 4032 3194 4092 ποιεῖ,
3219 4027 3418 4099 λέγων’
3457 4033 3582 4086 Ἵνα
3605 4033 3691 4101 μὴ

2113 4112 2234 4167 σὺν
2268 4109 2345 4178 τῷ
2377 4114 2582 4181 κόσμῳ
2609 4110 3071 4180 κατακριθῶμεν.
3120 4108 3274 4177 Εἶδες
3309 4114 3430 4179 πῶς
3468 4117 3564 4169 καὶ
3595 4116 3694 4187 τήν

2112 4197 2335 4266 γέενναν
2353 4196 2641 4266 ἐπέστησε,
2671 4196 2765 4249 καὶ
2787 4196 2847 4250 τὸ
2869 4195 3097 4265 φρικτὸν
3119 4198 3297 4250 ἐκεῖνο
3319 4197 3691 4271 δικαστήριον,

2113 4280 2206 4333 καὶ
2234 4280 2530 4346 ἀναγκαῖον
2550 4277 2717 4344 ἔδειξε
2739 4278 2832 4331 καὶ
2854 4278 3072 4341 πάντως
3091 4278 3358 4351 ἐσομένην
3379 4278 3480 4351 τὴν
3500 4280 3694 4347 ἐξέσται-

2114 4376 2198 4415 σιν
2223 4361 2438 4429 ἐκείνην
2466 4360 2562 4413 καὶ
2584 4360 2682 4429 τὴν
2707 4361 3016 4430 τιμωρίαν;
3049 4361 3112 4414 Εἰ
3139 4362 3249 4433 γὰρ
3282 4363 3331 4415 οί
3366 4364 3554 4417 πιστοὶ
3599 4367 3695 4420 καὶ

2112 4445 2190 4517 τῷ
2217 4445 2337 4515 Θεῴ
2370 4443 2823 4516 περισπούδαστοι
2842 4445 2938 4497 οὐκ
2970 4444 3280 4515 ἀτιμωρητὶ
3304 4445 3696 4516 διαφεύγουσιν

2114 4533 2171 4585 ἐν
2195 4526 2277 4594 οἷς
2308 4530 2374 4583 ἂν
2408 4528 2844 4599 πλημμελήσωσι
2864 4566 2879 4592 ,
2921 4528 3016 4582 καὶ
3047 4528 3209 4598 δῆλον
3238 4531 3302 4583 ἑκ
3330 4529 3438 4583 τῶν
3486 4532 3694 4605 παρόν-

2111 4630 2241 4678 των,
2274 4612 2453 4683 πολλῷ
2504 4611 2704 4683 μᾶλλον
2751 4611 2802 4665 οί
2843 4611 3060 4666 ἄπιστοι
3108 4613 3203 4665 καὶ
3230 4614 3283 4666 οἰ
3312 4612 3380 4666 τά
3409 4613 3692 4683 ἀνήκεστα

2113 4696 2206 4750 καὶ
2233 4696 2425 4751 ἀνίατα
2453 4696 2808 4767 ἁμαρτόντες.
2838 4695 3023 4750 Ὥστε
3046 4698 3481 4767 συνερχόμενοι
3508 4700 3597 4763 είς
3621 4701 3689 4752 τὸ

2112 4781 2342 4851 φαγεῖν,
2368 4782 2680 4846 ἀλλήλους
2702 4778 3045 4849 ἐκδέχεσθε.
3070 4782 3192 4835 Ἔτι
3215 4783 3327 4853 γὰρ
3348 4783 3694 4854 ἀκμάζοντος

2113 4863 2298 4926 αὑτοῖς
2329 4864 2421 4916 τοῦ
2456 4862 2644 4940 φόϐου,
2682 4865 2775 4916 καὶ
2803 4861 2897 4915 τοῦ
2932 4864 3133 4935 τρόμου
3170 4866 3425 4934 μένοντος
3456 4862 3550 4921 τοῦ
3589 4867 3693 4937 τῆς

2114 4945 2358 5016 γεέννης,
2392 4947 2638 5016 βούλεται
2682 4946 2843 5000 πάλιν
2870 4946 2968 5017 τήν
3000 4947 3142 5019 ὑπὲρ
3168 4946 3276 5001 τῶν
3302 4950 3548 5021 πενήτων
3575 4952 3694 5003 εἰσ-

2112 5032 2341 5096 αγαγεῖν
2395 5028 2751 5100 παραίνεσιν,
2800 5028 2867 5081 δι’
2900 5030 2966 5098 ἣν
3004 5030 3219 5084 ᾶπαντα
3249 5030 3426 5085 ταῦτα
3472 5033 3691 5103 εἴρηκε,

2111 5113 2325 5174 δεικνὺς
2369 5114 2452 5166 ὅτι
2485 5111 2643 5165 τοῦτο
2674 5113 2749 5182 μὴ
2780 5112 3071 5176 ποιοῦντας
3098 5114 3333 5180 ἀναξίως
3360 5115 3479 5167 ἐστὶ
3515 5132 3657 5186 μετα
3678 5147 3696 5158 -

2112 5193 2428 5263 λαμϐάνειν.
2465 5194 2524 5247 Εἰ
2557 5194 2616 5246 δὲ
2640 5194 2700 5246 τὸ
2728 5194 2802 5265 μὴ
2839 5194 3163 5265 μεταδοῦναι
3182 5196 3291 5249 τῶν
3318 5195 3487 5249 ὄντων
3513 5199 3695 5269 εἴργει

2111 5279 2209 5349 τῆς
2249 5278 2526 5348 τραπέζης
2558 5278 2794 5349 ἐκείνης,
2842 5277 3021 5348 πολλῷ
3058 5279 3256 5349 μᾶλλον
3296 5280 3357 5333 τὸ
3393 5280 3691 5351 ἁρπάζειν.

2111 5362 2222 5414 Καὶ
2274 5362 2375 5414 οὑκ
2414 5355 2589 5425 εἶπεν,
2641 5362 2806 5414 Ὥστε
2839 5362 3222 5432 συνερχόμενοι
3270 5361 3531 5431 μετάδοτε
3575 5367 3698 5429 τοῖς

2110 5439 2402 5509 δεομένοις,
2442 5439 2556 5492 ἀλλ’
2590 5440 2619 5493 δ
2652 5440 2977 5512 σεμνότερον
3017 5436 3107 5511 ἦν,
3160 5438 3490 5507 Ἁλλήλους
3520 5441 3699 5496 ἐκδέ-

2112 5526 2311 5589 χεσθε.
2342 5520 2513 5576 Τοῦτο
2536 5524 2647 5595 γὰρ
2675 5526 2770 5578 καὶ
2797 5527 2974 5578 έκεῖνο
3016 5523 3382 5587 κατεσκεύαζε
3416 5523 3515 5577 καὶ
3541 5524 3703 5595 ᾐνίτ-

2110 5621 2249 5670 τετο,
2282 5606 2376 5659 καὶ
2406 5605 2545 5677 μετά
2576 5606 2669 5661 τοῦ
2704 5608 3006 5679 πρέποντος
3034 5608 3312 5677 σχήματος
3355 5606 3455 5677 τὴν
3488 5607 3706 5676 παραίη-

2110 5706 2254 5743 νεσιν
2280 5690 2586 5763 εισήγαγεν.
2616 5686 2747 5744 Εἶτα
2775 5691 2960 5745 λοιπὸν
2986 5688 3374 5761 ἐντρεπτικῶς“
3405 5690 3477 5743 EI
3502 5687 3573 5742 δέ
3600 5706 3705 5755 τις

2111 5771 2303 5841 πεινᾷ,
2334 5777 2403 5829 ἐν
2444 5777 2587 5839 οἴκῳ
2625 5775 2887 5831 ἐσθιέτω.
2931 5772 3257 5845 Ἐπιτρὲψας
3287 5771 3563 5839 ἐκώλυσε,
3591 5776 3705 5829 καὶ
