3990 6168
255 429 359 488 253

1248 410 1312 466 lN
1352 408 1573 465 EPIST.
1616 406 1656 461 1.
1698 402 1791 459 AD
1830 400 1987 456 COii.
2033 400 2260 458 llOMlL.
2294 401 2533 459 XXVIII.

3426 397 3547 454 εἰμιι

256 560 374 603 rem
403 535 793 614 pertractavit:
824 539 1024 588 etcum
1050 525 1344 583 dissereret
1372 532 1426 578 et
1453 520 1705 592 probaret
1728 530 1835 571 non
1944 511 2208 571 Iudicium
2238 516 2333 573 sibi
2361 517 2668 582 inuaderet;
2712 525 2789 580 ct.
2810 515 2947 572 Reus
2975 525 3082 582 ut;
3122 531 3192 574 ne
3215 516 3374 573 verba
3404 532 3547 588 pro--

254 608 513 706 operuere
534 630 591 686 ia
610 625 821 698 iudiciis
839 622 1075 692 litigare,
1099 628 1225 673 tunc
1253 614 1496 671 incidens
1516 614 1572 667 in
1598 608 1836 666 admoui-

257 727 463 781 tiunem
493 722 632 777 circa
652 714 950 773 avaritiam.
982 711 1146 766 multa
1172 708 1240 763 de
1258 706 1363 762 hoc
1385 709 1701 775 argumento
1721 713 1844 769 pro-

259 816 379 870 tulit
411 832 424 868 :
457 812 510 867 id
536 807 678 880 quod
702 807 868 862 etiam
897 803 984 859 hic
1010 800 1154 858 iacit.
1181 798 1318 867 Quia
1343 797 1488 853 enim
1514 792 1682 849 semel
1711 805 1843 861 opus

260 909 451 968 fuerat,
476 913 539 959 ut
561 901 629 956 de
653 896 926 970 mysteriis
955 891 1317 953 meminisset,
1348 884 1718 943 necessarium
1744 895 1845 950 pu-

264 999 390 1054 tavit
413 1010 534 1053 esse
556 994 657 1049 hoc
675 988 926 1062 persequi
942 992 1337 1057 argumentum;
1355 993 1529 1048 neque
1549 976 1694 1034 enim
1716 973 1848 1029 levis

262 1088 516 1147 metuenti
564 1094 684 1151 est;
711 1082 941 1152 ideoque
968 1076 1255 1134 admodum
1283 1070 1600 1131 terribiliter
1639 1065 1707 1122 de
1752 1064 1847 1120 illo

265 1180 531 1247 disseruit,
553 1178 818 1233 bonorum
845 1178 1010 1243 caput
1036 1184 1159 1226 esse
1208 1166 1437 1237 probans
1458 1203 1475 1228 ,
1506 1161 1573 1216 ad
1617 1173 1679 1215 ca
1721 1172 1846 1213 cum

265 1288 393 1345 pura
415 1268 743 1328 conscientia
756 1264 1032 1322 accedere.
1051 1259 1203 1319 Unde
1223 1274 1328 1314 nou
1343 1261 1630 1345 contentus
1650 1250 1850 1320 iisque

266 1342 412 1436 1πίιιε
427 1363 658 1427 (“lem
681 1359 797 1414 haec
809 1368 1022 1427 quoque
1041 1350 1221 1421 adjicit
1242 1346 1444 1409 dicens,
1472 1342 1660 1436 Probet
1677 1347 1852 1436 autem

266 1433 490 1526 ieipsunt
514 1454 686 1518 homo;
705 1450 757 1506 id
770 1447 913 1520 quod
932 1437 1167 1503 etiamin
1190 1439 1423 1499 secunda
1442 1435 1672 1507 epktola
1688 1433 1849 1489 dicit:

279 1547 380 1602 l’os
399 1548 540 1617 ipsos
555 1551 757 1605 tentate.
771 1554 858 1596 eos
876 1540 1018 1608 ipsos
1040 1535 1268 1607 probate;
1288 1547 1396 1587 non
1416 1530 1559 1587 sient
1583 1542 1684 1584 nos
1711 1539 1854 1617 notae

270 1616 522 1702 facimus,
539 1643 778 1704 tempore
796 1631 1114 1687 conditionis
1129 1629 1306 1697 potius
1324 1623 1475 1687 moti,
1496 1633 1658 1692 quam
1675 1616 1855 1676 studio

271 1728 460 1784 animi.
481 1726 597 1785 Non
616 1725 761 1780 enim
777 1723 828 1777 id
846 1735 1118 1784 curamus,
1135 1728 1193 1771 ut
1213 1716 1404 1786 parati,
1423 1730 1452 1766 a
1474 1713 1627 1769 malis
1649 1710 1856 1783 purgati

272 1833 333 1877 et
350 1818 768 1890 conpunctione
800 1815 939 1886 pleni
966 1811 1281 1868 accedamus
1303 1849 1318 1872 ,
1342 1806 1436 1863 sed
1480 1813 1537 1861 ut
1578 1805 1630 1859 iu
1670 1802 1859 1859 diebus

277 1912 432 1968 testis
450 1921 506 1966 et
524 1924 650 1965 cum
678 1921 867 1963 omnes
895 1903 1177 1961 accedunt.

348 2002 682 2059 Conscientia
709 2001 905 2071 paritas
930 1993 1324 2053 communicanti
1346 1990 1647 2046 necessaria.
1670 2014 1740 2028 ο·-
1762 1987 1859 2043 Ve-

269 2112 391 2153 rum
419 2110 526 2150 nou
552 2096 625 2148 ita
645 2092 806 2163 jussit
830 2090 1060 2151 Paulus;
1089 2086 1181 2142 sed
1209 2101 1369 2140 unum
1401 2084 1545 2139 novit
1569 2080 1858 2137 accedendi

268 2199 326 2244 et
366 2183 795 2243 communicandi
828 2190 1184 2250 opportunum
1230 2185 1468 2247 tempus,
1514 2172 1859 2230 conscientia:

271 2292 470 2348 nempe
503 2275 805 2345 puritatem.
850 2270 980 2327 Nam
1021 2271 1065 2323 si
1111 2268 1210 2322 hac
1247 2266 1436 2323 scnsili
1476 2279 1659 2320 mensa
1701 2280 1859 2318 nunt.

268 2386 434 2443 quam
464 2368 692 2423 fruimur
721 2364 853 2420 febri
886 2361 1192 2418 laborantes
1219 2370 1313 2415 aut
1332 2356 1649 2412 humoribus
1681 2355 1859 2425 pleni,

271 2475 328 2519 ut
360 2478 434 2518 ne
462 2473 776 2532 pereamus;
806 2456 978 2513 multo
996 2454 1176 2509 minus
1204 2452 1343 2507 hanc
1371 2459 1590 2521 tangere
1620 2446 1774 2503 nobis
1803 2447 1864 2501 li-

268 2568 360 2614 cet
384 2571 512 2609 num
541 2553 719 2624 pravis
742 2545 1202 2619 concupiscentiis
1227 2585 1242 2609 ,
1272 2556 1395 2614 quae
1436 2541 1569 2597 febri
1595 2548 1722 2594 sunt
1746 2551 1865 2608 gra-

270 2650 479 2703 viores.
521 2644 654 2701 Cum
696 2651 874 2696 autem
912 2651 1106 2709 pravas
1149 2636 1271 2691 dico
1308 2631 1786 2703 concupiscendos,
1813 2640 1866 2683 ct

268 2752 566 2810 corporum
601 2735 725 2793 dico
762 2731 1082 2803 cupiditates
1106 2737 1163 2785 et
1199 2728 1544 2800 pecuniarum
1585 2733 1640 2780 et
1684 2724 1776 2779 irae
1813 2732 1867 2777 et

268 2831 595 2901 injuriarum
625 2825 1032 2889 recordationis,
1063 2831 1118 2879 et
1144 2835 1356 2888 omnes,
1382 2827 1440 2875 ut
1466 2834 1570 2876 uno
1593 2818 1756 2873 verbo
1784 2816 1868 2871 di-

267 2941 424 2992 cam,
467 2938 588 2994 qua
629 2933 804 2992 prava
832 2916 1186 2986 absurdeque
1228 2922 1371 2969 sunt.
1423 2911 1643 2981 Oportet
1687 2918 1866 2965 autem

266 3016 627 3073 accedentem
648 3050 665 3078 ,
696 3011 782 3068 his
798 3009 1053 3066 omnibus
1077 3005 1352 3063 exhaustis
1376 3018 1440 3059 ac
1465 3002 1743 3073 depositis.
1770 3017 1868 3071 pn-

270 3123 394 3162 rum
417 3105 557 3162 illud
583 3104 846 3174 attingere
869 3100 1222 3164 sacriﬁcium;
1251 3111 1428 3167 neque
1450 3096 1683 3164 segniter
1697 3102 1754 3149 et
1772 3094 1869 3149 mi-

268 3214 397 3255 sere
442 3197 698 3253 atl‘ectum
747 3203 967 3266 propter
1005 3191 1198 3247 festum
1234 3189 1353 3260 cogi
1378 3188 1445 3243 ad
1472 3186 1867 3248 accedendum;

268 3304 459 3359 neque
500 3301 692 3343 rursus
717 3292 1098 3354 compunctum
1122 3291 1172 3339 et
1201 3290 1442 3351 paratum
1470 3278 1775 3350 prohiberi,
1807 3292 1873 3333 eo

267 3382 430 3453 quod
464 3396 577 3435 non
606 3380 675 3434 sit
702 3379 817 3433 dies
840 3378 1030 3434 l‘estus.
1081 3375 1203 3430 Dies
1229 3374 1372 3430 enim
1403 3373 1569 3429 festus
1592 3381 1676 3427 est
1701 3372 1873 3426 bono-

264 3489 406 3528 rum
431 3486 660 3542 operum
682 3469 911 3525 exhibita
935 3468 1111 3538 copia,
1141 3466 1304 3521 animi
1332 3466 1503 3535 pietas
1521 3505 1537 3529 ,
1562 3473 1870 3519 accuratum

264 3566 409 3621 vita:
462 3562 767 3618 institutum
799 3579 812 3615 :
842 3562 885 3615 si
934 3562 1048 3616 btcc
1094 3559 1331 3624 habeas,
1378 3565 1636 3627 perpetuo
1682 3555 1873 3612 festum

262 3673 447 3728 agerc
492 3654 718 3726 poteris,
751 3662 805 3708 et
831 3666 1038 3723 semper
1073 3650 1351 3707 accedere.
1388 3649 1513 3703 Ideo
1540 3648 1615 3703 ait
1646 3664 1658 3699 :
1688 3646 1877 3701 Probet

259 3763 452 3807 autent
479 3750 708 3819 “ipsum
736 3747 1088 3817 unusquisque,
1111 3753 1165 3800 et
1196 3754 1320 3799 tunc
1349 3741 1587 3797 accedat.
1611 3738 1723 3795 Nec
1745 3756 1877 3809 pric~

260 3847 404 3916 cipit
431 3853 498 3900 ut
520 3843 665 3898 alter
688 3841 915 3896 alterum
943 3839 1152 3910 probet,
1177 3836 1270 3892 sed
1296 3844 1352 3890 ut
1370 3835 1595 3904 quisque
1617 3834 1874 3901 seipsum,

256 3938 547 4008 judicium
580 3943 823 3990 statuens
848 3930 990 4003 quod
1018 3947 1123 3985 non
1154 3931 1222 3984 sit
1247 3927 1519 3999 publicum
1540 3966 1554 3991 ,
1587 3934 1639 3982 et
1682 3926 1877 3996 proltao

262 4030 483 4085 tionem
514 4026 642 4083 sine
677 4024 921 4080 testibus.
956 4022 1047 4077 29.
1089 4020 1187 4087 Qui
1218 4021 1352 4075 enim
1389 4019 1658 4073 manducet
1687 4029 1734 4072 et
1762 4018 1878 4072 bibit

257 4120 510 4193 indigne,
534 4117 803 4189 judicium
832 4114 1040 4170 Domini
1066 4113 1159 4169 sibi
1182 4113 1450 4165 manducet
1479 4121 1524 4165 et
1550 4111 1688 4164 bibit.
1717 4109 1876 4176 Quid,

256 4228 483 4284 quaeso.
512 4208 702 4268 dicis?
735 4218 812 4263 tot
839 4209 1103 4263 bonorum
1128 4220 1286 4261 causa
1311 4247 1325 4271 ,
1360 4206 1629 4274 vitamque
1659 4204 1876 4273 proluu-

256 4308 407 4362 dcns
454 4317 686 4367 mensa,
716 4302 831 4372 ipsa
852 4300 1112 4371 judicium
1149 4298 1416 4355 efficitur?
1456 4297 1569 4352 Non
1598 4314 1663 4353 ex
1695 4307 1880 4351 natura

254 4412 391 4465 sua,
426 4394 643 4467 inquit,
676 4393 772 4448 sed
813 4406 876 4446 cx
919 4392 1036 4461 ejus
1076 4391 1164 4460 qui
1203 4390 1407 4446 accedit
1447 4388 1689 4444 arbitrio.
1735 4391 1885 4444 Sicut

253 4487 410 4543 enim
444 4484 754 4557 prasentia
793 4483 940 4552 ejus.
979 4498 1097 4553 qua:
1140 4496 1331 4552 inagna
1378 4481 1466 4537 illa
1505 4489 1559 4535 et
1598 4479 1884 4535 ineffabilia

256 4579 426 4633 nobis
458 4575 694 4633 confert
722 4575 882 4641 bona,
909 4588 1004 4629 eos
1032 4573 1121 4642 qui
1150 4587 1254 4627 non
1281 4571 1545 4642 accipiunt
1570 4571 1737 4641 magis
1758 4585 1887 4625 con-

254 4669 498 4726 demnat
534 4686 553 4723 :
581 4666 667 4722 sic
695 4672 753 4719 et
777 4663 1032 4736 mysteria
1057 4661 1126 4718 ad
1154 4660 1325 4729 majus
1349 4662 1666 4732 supplicium
1697 4661 1885 4715 viatica

254 4772 388 4816 sunt
421 4762 499 4816 iis
532 4759 637 4830 qui
672 4757 891 4827 indigne
914 4754 1251 4825 participant.
1281 4752 1390 4808 Cur
1417 4763 1595 4808 autem
1625 4753 1886 4824 judicium

252 4853 361 4909 sibi
393 4848 760 4908 manducet?
792 4846 914 4901 Non
933 4846 1218 4918 dijudicans
1237 4861 1419 4915 corpus
1447 4844 1672 4900 Domini.
1702 4847 1757 4902 id
1782 4855 1886 4911 est,

254 4961 367 4999 non
399 4942 781 5005 examinans,
815 4954 920 4993 non
950 4938 1214 5010 cogitans,
1242 4946 1300 4991 ut
1323 4946 1614 5007 oporteret,
1642 4938 1886 5007 preposi-

254 5046 447 5093 torum
497 5033 949 5106 magnitudinem
994 5040 1049 5087 et
1093 5029 1220 5087 doni
1264 5028 1657 5086 excellentiam.
1687 5028 1817 5084 Nam
1846 5030 1891 5083 si

254 5136 531 5184 accurate
564 5124 859 5189 didiceris,
889 5123 1009 5193 quis
1046 5123 1119 5176 sit
1163 5121 1252 5176 ille
1297 5119 1388 5190 qui
1432 5128 1657 5190 prostat,
1692 5131 1744 5175 et
1773 5120 1893 5190 quis

255 5233 384 5275 cum
437 5220 545 5286 sit,
608 5215 705 5272 cui
747 5213 841 5269 dat
880 5214 1137 5285 seipsum,
1177 5212 1323 5266 nullo
1351 5212 1459 5266 alio
1494 5225 1629 5281 opus
1673 5210 1895 5265 habebis

258 5324 579 5375 sermone;
614 5305 721 5361 sed
761 5306 863 5360 hoc
893 5304 986 5360 tibi
1015 5304 1146 5359 satis
1173 5303 1276 5359 erit
1302 5300 1370 5357 ad
1399 5301 1755 5372 vigilantiam,
1792 5301 1894 5355 nisi

259 5401 422 5457 valde
450 5401 671 5470 lapsus
703 5394 889 5450 fueris.
922 5393 1012 5451 30.
1039 5392 1168 5449 Ideo
1196 5394 1324 5449 inter
1347 5410 1433 5448 vos
1460 5393 1607 5446 multi
1631 5393 1822 5461 inﬁrmi
1850 5403 1896 5445 et

262 5492 582 5556 imbecilles,
612 5496 672 5544 et
694 5486 955 5541 dormiunt
982 5485 1148 5540 mulli.
1177 5485 1272 5540 Hic
1292 5485 1401 5556 jam
1430 5499 1534 5539 non
1562 5485 1630 5541 ab
1653 5485 1771 5540 aliis
1794 5483 1898 5539 fert

265 5583 528 5654 cserupla
561 5622 578 5647 ,
617 5586 691 5634 ut
715 5576 844 5633 fecit
873 5577 1014 5632 circa
1043 5592 1131 5641 ea,
1156 5591 1275 5646 qua:
1305 5576 1573 5630 immolata
1602 5586 1756 5631 erant
1780 5575 1895 5630 ido-

268 5675 353 5741 lis,
384 5686 625 5732 veteres
673 5685 905 5725 narrans
934 5669 1206 5733 historias,
1239 5680 1291 5723 et
1322 5668 1501 5738 plagas
1532 5670 1582 5721 in
1610 5669 1899 5725 solitudine

267 5779 552 5838 acceptas,
583 5760 700 5818 sed
728 5763 796 5817 ab
826 5761 956 5830 ipsis
978 5759 1288 5825 Corinthiis,
1319 5759 1367 5814 id
1399 5759 1539 5828 quod
1565 5760 1721 5814 etiam
1746 5762 1897 5815 vehe-

271 5861 619 5916 mentiorem
672 5851 935 5909 reddebat
962 5866 1283 5909 sermonem.
1327 5852 1459 5920 Quia
1488 5851 1629 5906 enim
1661 5853 1900 5908 diccbat:

1948 606 2087 662 ferte
2108 606 2371 673 videatur,
2403 607 2539 663 facta
2569 606 2775 677 adjicit,
2798 617 2855 663 et
2877 616 3041 663 testes
3061 608 3184 664 illos
3212 606 3458 671 advocat,
3483 609 3534 665 id

1948 697 2092 766 quod
2145 698 2315 768 magis
2360 713 2523 768 quain
2571 699 2915 754 comminatio
2966 700 3315 770 perstringit,
3362 702 3538 756 minus

1954 789 2231 858 proferens
2274 789 2329 843 in
2360 804 2496 857 Opus
2517 799 2795 847 exeuntes.
2837 790 3020 862 Neque
3052 790 3136 846 his
3167 801 3372 847 tantum
3403 808 3537 846 con-

1925 887 2152 948 tentus,
2180 882 2303 937 hinc
2333 898 2640 939 sermonem
2668 884 2737 940 de
2767 884 3009 955 gehenna
3039 886 3241 942 inducit
3264 887 3540 959 lideniqnc

1956 973 2116 1036 facit;
2148 974 2415 1044 utrimque
2436 987 2666 1035 terrens.
2698 986 2752 1030 cl
2778 977 3129 1045 quaestionem
3154 980 3388 1047 solvens,
3419 999 3542 1054 qua;

1953 1063 2150 1134 ubique
2191 1064 2664 1122 circumferebatur
2733 1068 2867 1135 Quia
2910 1072 3054 1125 enim
3100 1072 3255 1128 multi
3296 1075 3441 1133 inter
3482 1093 3542 1133 se

1954 1166 2222 1225 quammt,
2254 1159 2518 1213 undcuam
2550 1160 2849 1215 itnmatura:
2878 1172 3103 1231 mortes,
3133 1166 3275 1223 unde
3301 1169 3541 1227 diuturni

1958 1247 2151 1313 morbi,
2170 1248 2299 1304 dicit
2325 1248 2418 1305 illo
2441 1250 2604 1305 multa
2636 1253 2994 1323 inexspectata
3019 1267 3357 1324 peccatorum
3376 1276 3541 1319 causa

1956 1338 2218 1394 accidere.

2030 1432 2087 1486 Ξ.
2117 1433 2253 1501 Quid
2285 1449 2432 1504 ergo,
2460 1435 2694 1506 inquies,
2724 1438 2798 1492 illi
2830 1441 2919 1509 qui
2966 1452 3231 1514 perpetuo
3263 1445 3401 1504 bene
3449 1466 3538 1503 ra-

1957 1524 2091 1589 lent,
2119 1535 2175 1580 et
2198 1524 2269 1580 ad
2302 1535 2546 1596 vegetam
2591 1531 2912 1599 perveniunt
2958 1546 3296 1595 senectutem
3322 1581 3337 1604 ,
3360 1556 3538 1597 annon

1961 1617 2062 1687 ipsi
2110 1618 2377 1687 peccant?
2404 1618 2601 1690 Ecquis
2644 1620 2746 1677 hoc
2786 1623 3028 1680 dixerit?
3053 1628 3333 1694 Quoutodo
3374 1648 3545 1703 ergo.

1963 1708 2192 1777 inquies,
2222 1723 2326 1763 non
2357 1708 2486 1765 dant
2516 1714 2741 1781 pinnas?
2773 1715 2906 1781 Quia
2939 1716 3051 1773 illic
3069 1721 3348 1789 graviores
3368 1702 3547 1781 daturi

1963 1809 2108 1853 sunt.
2142 1799 2252 1855 Nos
2279 1809 2459 1856 autem
2486 1803 2531 1856 si
2564 1805 2824 1869 velimus,
2874 1823 3048 1877 neque
3084 1809 3173 1867 hic
3219 1828 3395 1884 neque
3438 1815 3546 1871 illic

1963 1890 2138 1945 daturi
2186 1906 2394 1947 sumus.
2437 1893 2528 1949 5i.
2568 1894 2630 1950 Si
2668 1898 2804 1951 enim
2851 1915 2943 1955 nos
2984 1900 3123 1969 ipsos
3160 1904 3548 1973 iudicaremus.

1965 1981 2170 2051 inquit,
2221 1998 2325 2037 non
2370 1984 2545 2055 utique
2579 1986 2953 2057 judicaremur.
2990 1990 3101 2049 Nec
3144 1994 3314 2063 dixit,
3345 1996 3403 2053 Si
3449 2014 3547 2055 nos

1964 2082 2111 2143 ipsos
2151 2082 2549 2144 corripercmus
2584 2086 2641 2133 et
2678 2082 3096 2151 castigaremus;
3120 2086 3212 2142 sed
3262 2097 3468 2146 tantum
3504 2093 3550 2146 si

1966 2177 2185 2237 peccata
2232 2186 2528 2240 agnoscere
2568 2175 2829 2232 vellemus
2853 2218 2868 2244 ,
2895 2181 2941 2234 si
2973 2194 3070 2237 nos
3111 2180 3257 2253 ipsos
3298 2184 3555 2242 damnare

1967 2266 2021 2311 et
2048 2258 2352 2329 improbare
2378 2265 2517 2319 mala
2544 2281 2732 2335 opera,
2758 2268 3113 2327 liberaremur
3153 2284 3208 2329 et
3235 2290 3264 2329 a
3300 2280 3551 2345 put-senti

1970 2356 2024 2403 et
2070 2364 2100 2403 a
2147 2348 2329 2407 futuro
2371 2356 2657 2424 supplicio.
2692 2357 2823 2413 Nam
2872 2362 2964 2432 qui
3007 2364 3244 2434 seipsum
3294 2368 3548 2432 damnat,

1969 2439 2252 2511 dupliciter
2296 2444 2462 2501 Deum
2519 2448 2727 2516 placat,
2760 2460 2815 2507 et
2867 2453 3009 2524 quod
3044 2466 3257 2525 peccata
3303 2472 3560 2530 agnoscat

1970 2539 2026 2586 et
2064 2534 2207 2602 quod
2256 2537 2307 2590 iu
2353 2535 2533 2591 futuro
2573 2542 2642 2594 sit
2689 2543 2756 2596 ad
2807 2546 3138 2613 peccandum
3172 2550 3393 2606 tardior.
3418 2553 3557 2620 Quia

1972 2637 2100 2678 vero
2141 2641 2210 2680 ne
2253 2627 2357 2683 hoc
2401 2629 2616 2699 quidem
2668 2634 2736 2688 ita
2785 2635 2905 2691 leve
2955 2638 3130 2693 facere
3168 2640 3447 2707 volumus,
3496 2658 3557 2699 ut

1972 2718 2145 2774 facere
2185 2729 2495 2791 Oportcret;
2526 2740 2593 2779 ne
2621 2726 2699 2779 sic
2732 2726 2947 2796 quidem
2979 2744 3078 2786 nos
3122 2732 3233 2785 vult
3259 2748 3381 2788 cum
3424 2737 3558 2791 orbe

1974 2820 2237 2867 terrarum
2256 2815 2467 2884 punire,
2496 2816 2590 2871 sed
2607 2818 2683 2873 sic
2698 2835 2912 2890 quoque
2941 2824 3130 2890 parcit,
3160 2823 3245 2878 hic
3266 2841 3451 2894 positas
3470 2844 3558 2883 re-

1978 2917 2199 2975 petens,
2232 2906 2320 2963 ubi
2364 2910 2683 2979 supplicium
2710 2923 2793 2967 est
2839 2923 3243 2984 temporaneum
3286 2928 3339 2973 et
3366 2932 3559 2990 magna

1974 2999 2275 3055 consolatio
2307 3016 2321 3052 :
2356 3016 2477 3056 nam
2505 3018 2537 3057 a
2577 3005 2808 3076 peccatis
2860 3006 3105 3063 liberntio
3155 3018 3238 3064 est
3269 3052 3284 3076 ,
3321 3019 3379 3065 et
3420 3012 3559 3067 bona

1977 3090 2279 3147 futurorum
2333 3108 2460 3163 spes
2502 3110 2623 3166 qua:
2669 3100 2952 3166 pricscntia
3001 3100 3186 3157 leniat.
3220 3101 3346 3159 llaec
3398 3118 3560 3174 porro

1977 3181 2144 3249 dicit,
2177 3185 2336 3241 simul
2368 3186 2610 3245 infirmos
2649 3192 2968 3259 consolans,
2997 3203 3054 3249 et
3098 3196 3236 3250 alios
3255 3197 3557 3268 diligentior

1979 3289 2066 3329 res
2092 3276 2341 3332 reddens.
2375 3276 2499 3335 Ideo
2525 3282 2598 3336 ait
2627 3302 2639 3337 :
2671 3284 2760 3339 5‘2.
2788 3284 2941 3339 Nunc
2979 3297 3147 3342 autem
3192 3306 3308 3343 cum
3347 3292 3561 3361 judica-

1980 3383 2092 3421 mur
2116 3411 2131 3434 ,
2181 3386 2211 3424 a
2241 3371 2463 3427 Domino
2509 3377 2824 3445 corripiatur.
2851 3377 2966 3433 Non
2997 3379 3130 3437 dixit
3155 3395 3168 3446 ι
3192 3383 3528 3455 Castigamur
3547 3428 3561 3449 .

1983 3476 2088 3515 non
2118 3460 2274 3529 dixit,
2302 3463 2579 3534 Supplicia
2601 3467 2891 3536 aiﬁcimur,
2909 3475 3027 3540 sed,
3051 3474 3370 3544 Corripimur
3396 3494 3416 3531 :
3441 3495 3562 3534 nam

1980 3553 2121 3623 quod
2153 3555 2209 3609 fit
2235 3558 2404 3626 magis
2442 3568 2525 3614 est
2554 3560 2934 3617 admonitionis
2984 3581 3144 3636 quam
3165 3568 3522 3626 damnationis
3547 3614 3563 3639 ,

1983 3645 2261 3701 medicina:
2290 3662 2449 3716 quam
2480 3651 2752 3721 supplicii,
2776 3657 3127 3712 correctionis
3154 3674 3312 3729 quam
3340 3664 3568 3734 castiga-

1985 3737 2166 3790 tionis.
2192 3737 2308 3792 Non
2344 3738 2445 3794 hoc
2471 3752 2649 3798 autem
2678 3750 3044 3801 tantummodo
3066 3791 3081 3815 ,
3127 3751 3219 3805 sed
3246 3763 3301 3807 et
3343 3760 3568 3809 contuni-

1984 3831 2202 3886 natione
2234 3832 2452 3899 majoris
2482 3850 2656 3904 paena:
2683 3837 2797 3893 leve
2826 3838 2999 3895 reddit
3026 3843 3149 3898 illud
3174 3887 3188 3910 ,
3220 3846 3405 3901 dicens
3432 3866 3445 3898 :
3498 3848 3566 3904 lit

1984 3936 2084 3972 non
2130 3938 2244 3975 cum
2288 3925 2480 3979 mundo
2526 3927 2843 3983 damnentur.
2885 3931 3359 4004 Viden’quommlo
3389 3950 3441 3994 cl
3467 3955 3565 4010 ge-

1986 4012 2218 4070 hennam
2261 4015 2567 4087 induxerit,
2615 4030 2669 4075 et
2698 4020 2957 4079 horribile
3005 4026 3135 4080 illud
3190 4029 3459 4096 tribunal,
3513 4042 3568 4085 et

1986 4108 2295 4163 necessario
2324 4108 2557 4165 futuram
2591 4114 2889 4170 ostenderit
2935 4117 3078 4171 illam
3128 4122 3567 4190 perquisitioucm

1986 4204 2038 4248 ct
2071 4198 2402 4265 punitionem
2425 4201 2447 4253 ?
2470 4200 2601 4255 Nam
2631 4203 2675 4257 si
2712 4204 2899 4259 ﬁdeles
2937 4217 2989 4260 ct
3011 4208 3097 4276 qui
3126 4208 3234 4263 Deo
3259 4225 3399 4263 curm
3420 4226 3567 4275 sunt,

1989 4303 2093 4340 non
2125 4288 2345 4359 impune
2371 4291 2574 4360 fugient
2605 4303 2945 4362 peccatorum
2973 4312 3159 4364 pinnas
3185 4340 3199 4359 ,
3250 4309 3304 4353 ut
3334 4317 3397 4355 ex
3431 4318 3571 4371 prm-

1989 4380 2234 4435 sentihus
2280 4381 2452 4450 palam
2484 4394 2607 4448 est,
2660 4385 2827 4438 multo
2877 4388 3052 4441 minus
3102 4389 3339 4445 inlidclcs
3384 4404 3437 4448 ct
3483 4396 3575 4464 qui

1991 4472 2170 4540 gravia
2204 4472 2628 4544 insanabiliaque
2670 4476 2874 4531 scelera
2923 4478 3228 4535 admittunt.
3258 4483 3573 4556 55.1mqm,

1993 4581 2110 4618 cum
2148 4566 2425 4621 convenitis
2453 4567 2522 4621 ad
2563 4570 2973 4624 manducandum
2994 4612 3009 4636 ,
3032 4573 3244 4628 invicem
3270 4590 3572 4647 exspectate.

1995 4658 2126 4712 Nam
2161 4659 2285 4714 dttm
2319 4661 2459 4730 viget
2498 4664 2658 4717 timor
2685 4673 2739 4718 et
2780 4666 3042 4734 gehennrc
3087 4676 3289 4725 tremor
3329 4686 3579 4741 persevc-

1997 4761 2116 4818 rat,
2151 4753 2261 4807 vult
2292 4754 2484 4809 iterum
2532 4771 2628 4825 pro
2670 4758 2988 4827 pauperibus
3029 4760 3447 4819 admonitionem
3495 4767 3578 4819 iu-

1998 4844 2229 4911 ducere,
2274 4846 2427 4915 cujus
2473 4862 2631 4901 causa
2678 4848 2792 4903 hinc
2836 4851 3013 4907 omnia
3061 4853 3234 4920 dixit,
3288 4857 3580 4912 ostendens

2000 4938 2143 5005 illus,
2175 4940 2217 4992 si
2248 4939 2298 4994 id
2330 4956 2436 4994 non
2464 4951 2703 5006 servent,
2739 4943 2983 5014 indignos
3009 4962 3132 5003 esse
3160 4947 3249 5016 qni
3282 4952 3580 5005 communi-

1999 5040 2143 5086 cent.
2169 5029 2323 5096 ρυοά
2370 5031 2414 5085 si
2444 5031 2512 5085 de
2560 5031 2901 5089 facultatibus
2956 5052 3059 5089 non
3091 5039 3343 5107 elargiri,
3376 5041 3443 5095 ab
3495 5041 3580 5096 illa

2003 5138 2186 5178 mensa
2210 5133 2393 5186 arcet;
2428 5124 2596 5177 multo
2627 5127 2795 5193 magis
2826 5142 3020 5195 rapere
3042 5141 3244 5185 arceat.
3274 5131 3381 5186 Nec
3406 5132 3571 5205 dixit,

2004 5212 2187 5283 itaque
2208 5215 2590 5269 cotivcuieutcs
2608 5213 2731 5269 date
2749 5217 2932 5286 egenis
2957 5235 2973 5283 ;
3014 5219 3107 5273 sed
3139 5221 3279 5291 quod
3309 5222 3586 5281 hom-suns

2003 5316 2144 5374 erat,
2178 5305 2321 5361 Alter
2349 5308 2567 5362 alterum
2594 5320 2897 5378 exspectate.
2922 5311 3032 5367 lloc
3052 5315 3192 5369 enim
3225 5317 3351 5373 illud
3377 5335 3588 5391 quoque

2008 5399 2306 5467 apparabat
2335 5410 2387 5455 et
2418 5401 2788 5457 subindicabat
2808 5445 2823 5468 ,
2852 5419 2916 5461 ac
2960 5414 3272 5479 congruenti
3306 5414 3467 5468 modo
3496 5415 3588 5467 ad—

2010 5492 2360 5547 monitionem
2382 5492 2610 5549 induxit.
2634 5495 2835 5552 Deinde
2852 5513 3035 5554 rursus
3055 5503 3311 5572 pudorem
3336 5505 3589 5558 inferens:

2009 5582 2097 5637 54.
2127 5582 2187 5637 Si
2216 5585 2328 5649 quis
2345 5595 2517 5640 autem
2539 5589 2718 5655 esurit,
2750 5589 2887 5643 domi
2918 5596 3201 5649 manducet.
3232 5595 3597 5650 Pcrmittendo

2011 5672 2289 5742 impedivit
2319 5676 2481 5731 etiam
2513 5679 2921 5743 vehementius,
2953 5698 3108 5751 quam
3141 5686 3183 5738 si
3216 5684 3573 5755 prohibuisset

2014 5762 2089 5818 Ex
2122 5765 2351 5822 ecclesia
2395 5771 2538 5826 enim
2574 5772 2730 5828 illum
2775 5773 2956 5828 eduxit
2983 5817 2996 5840 ,
3027 5784 3079 5829 et
3107 5777 3158 5829 in
3190 5775 3406 5829 domum
3435 5777 3588 5830 remi.

2017 5856 2079 5910 sit
2103 5874 2117 5926 ;
2142 5860 2236 5914 huc
2261 5862 2363 5917 ritu
2392 5864 2508 5920 illos
2539 5866 2889 5921 vehementer
2915 5867 3277 5933 perstringens
3302 5878 3457 5937 atque
3487 5875 3596 5920 tra-
