3990 6168
446 403 555 460 255

447 517 673 580 ducens,
698 509 849 583 quasi
867 505 1070 563 ventris
1089 518 1298 571 servos,
1315 502 1407 574 qui
1429 516 1528 557 nec
1552 499 1769 555 differre
1791 503 2032 568 possent.

449 609 634 679 Neque
670 605 814 660 enim
841 600 994 667 dixit,
1021 597 1078 654 Si
1100 597 1221 668 quis
1243 609 1510 667 pauperes
1535 591 1794 662 despicit;
1827 588 1944 652 sed,
1972 587 2036 641 Si

442 700 553 772 quis
569 695 742 760 esurit,
767 693 919 764 quasi
938 704 1134 763 pueros
1153 687 1346 743 famem
1362 701 1467 741 non
1488 686 1719 740 ferentes
1735 682 2032 752 alloquens,

440 803 714 862 tamquam
765 789 922 842 bruta
972 782 1146 839 ventri
1200 780 1513 837 servientis.
1545 776 1845 831 Ridiculum
1889 773 2031 828 enim

442 885 669 950 fuisset,
699 881 745 938 si
792 880 862 935 ob
893 877 1128 935 esuriem
1175 875 1320 930 domi
1364 872 1799 928 manducassent.
1828 867 1936 922 Sed
1978 874 2033 921 et

437 975 585 1031 aliud
625 972 917 1029 terribilius
966 968 1240 1039 subjunin
1261 1009 1276 1032 ,
1305 965 1491 1021 dicens
1526 981 1538 1018 :
1573 962 1641 1018 Ut
1679 978 1780 1015 non
1807 962 1861 1014 in
1878 959 2029 1030 judi-

441 1069 574 1121 cium
605 1064 952 1127 conveniatis;
980 1071 1037 1116 ut
1064 1075 1174 1115 non
1202 1058 1254 1113 in
1281 1055 1686 1126 castigationem
1710 1094 1724 1118 ,
1758 1060 1816 1106 ut
1840 1066 1944 1105 non
1975 1050 2025 1103 in

437 1159 761 1231 supplicium
783 1198 796 1221 ,
827 1155 956 1210 dum
995 1151 1282 1209 ecclesiam
1326 1147 1652 1205 contumelia
1692 1143 1904 1198 aflicitis
1925 1182 1942 1208 ,
1972 1151 2029 1196 et

438 1253 659 1309 fratrem
692 1251 746 1304 in
779 1247 1042 1319 pudorem
1063 1243 1352 1313 eonjicitis.
1385 1239 1518 1295 Nam
1549 1238 1670 1292 ideo
1697 1235 2022 1301 convenitis,

438 1344 648 1414 inquit,
676 1350 733 1395 ut
759 1354 858 1395 vos
888 1345 1074 1393 mutuo
1109 1334 1375 1404 diligatis,
1418 1340 1477 1385 ut
1501 1328 1762 1399 juvemini
1793 1334 1848 1382 et
1868 1327 2025 1395 juve-

438 1439 545 1492 tis:
576 1437 621 1492 si
668 1449 798 1489 vero
837 1429 1164 1487 contrarium
1205 1427 1329 1492 fiat,
1378 1424 1570 1479 melius
1617 1431 1762 1476 esset
1802 1421 1847 1475 si
1877 1417 2023 1473 domi

437 1528 814 1586 eomederetis.
838 1525 953 1580 lloe
977 1531 1154 1578 autem
1201 1519 1416 1576 dicebat
1436 1559 1452 1584 ,
1507 1525 1565 1572 ut
1592 1515 1713 1569 ill-os
1741 1513 1909 1583 magis
1935 1521 2023 1566 at-

438 1620 697 1677 traherct.
720 1617 845 1673 Ideo
869 1615 1014 1671 enim
1037 1614 1289 1669 damnum
1312 1610 1434 1666 inde
1461 1621 1741 1678 emergens
1765 1604 2018 1672 ostendit,

437 1724 494 1770 et
521 1714 732 1783 culpam
762 1710 897 1765 dixit
937 1723 1058 1764 esse
1098 1721 1206 1760 non
1234 1708 1509 1773 'parvam;
1552 1710 1714 1772 atque
1757 1699 1903 1754 omni
1947 1713 2018 1752 ex

435 1815 588 1877 parte
611 1801 871 1860 deterruit
902 1843 918 1868 ,
948 1815 978 1854 a
1011 1797 1309 1871 mysteriis,
1334 1796 1402 1850 ab
1432 1792 1676 1858 infirmis,
1703 1806 1730 1844 a
1759 1789 1982 1846 mortuis
2004 1831 2018 1855 ,

435 1898 505 1953 ab
532 1897 651 1952 aliis
678 1909 840 1964 supra
867 1892 1042 1948 dictis.
1077 1889 1277 1946 Deinde
1293 1888 1398 1942 alio
1417 1899 1631 1956 quoque
1657 1883 1816 1938 modo
1834 1889 2016 1946 terret,

432 1993 618 2047 dicens
648 2008 662 2044 :
690 1988 884 2043 thera
908 1996 1079 2040 autem
1126 2000 1240 2038 cum
1269 1997 1449 2035 venero
1480 1979 1793 2050 disponam,-
1821 1985 1912 2030 aut
1953 1974 2019 2028 ad

435 2081 679 2153 quaedam
710 2079 812 2133 alia
835 2117 850 2144 ,
878 2085 971 2131 aut
999 2075 1064 2129 ad
1104 2073 1205 2127 hoc
1248 2073 1444 2141 ipsum.
1471 2069 1606 2138 Quia
1637 2069 1782 2124 enim
1830 2067 2020 2121 verisi-

435 2174 564 2228 mile
593 2179 679 2226 est
723 2169 869 2240 ipsos
897 2166 1098 2221 dixisse
1140 2163 1274 2218 alias
1314 2176 1527 2231 quoque
1562 2174 1785 2224 causas,
1815 2168 1870 2213 et
1910 2173 2017 2212 non

432 2264 675 2336 potuisse
720 2259 898 2315 omnia
922 2271 1017 2327 per
1042 2255 1244 2309 litteras
1271 2252 1468 2322 corrigi
1503 2269 1517 2306 :
1545 2250 1676 2318 Quae
1723 2249 1973 2304 admonui
2001 2291 2015 2316 ,

352 2340 361 2345 ’
432 2354 641 2424 inquit,
672 2349 888 2404 interim
937 2353 1230 2401 serventur
1263 2361 1276 2398 :
1309 2344 1353 2397 si
1383 2341 1510 2413 quid
1555 2349 1734 2396 autem
1761 2340 1903 2396 aliud
1932 2341 2016 2394 di-

432 2443 662 2500 cendum
713 2439 1040 2503 habueritis,
1085 2435 1136 2492 id
1179 2448 1348 2506 usque
1391 2433 1459 2488 ad
1502 2433 1791 2488 adventum
1839 2447 2016 2486 meum

436 2543 718 2600 servetur;
743 2540 833 2587 aut
857 2531 924 2586 de
953 2530 1140 2584 haere
1167 2529 1414 2598 loquens,
1450 2535 1505 2581 ut
1533 2526 1662 2586 dixi,
1691 2535 1781 2580 aut
1803 2525 1870 2580 de
1897 2525 2017 2580 aliis

430 2625 770 2697 quibusdam,
803 2638 924 2694 qua:
951 2637 1056 2677 non
1082 2619 1368 2675 admodum
1398 2617 1677 2688 urgebant.
1699 2616 1812 2672 Hoc
1838 2625 2013 2670 autem

428 2717 574 2781 facit,
607 2727 662 2771 ut
691 2717 813 2770 illos
837 2714 960 2769 inde
984 2711 1335 2768 studiosiores
1366 2709 1556 2765 reddat
1587 2727 1600 2760 :
1633 2724 1753 2762 nam
1773 2708 1839 2762 de
1869 2708 2012 2761 illius

427 2812 659 2866 adventu
691 2807 944 2874 solliciti,
977 2816 1196 2876 peccata
1241 2802 1578 2860 emendaturi
1628 2811 1801 2856 erant.
1835 2800 2016 2870 Neque

426 2904 570 2958 enim
601 2901 734 2956 levis
762 2915 847 2954 res
873 2907 990 2954 erat
1008 2939 1023 2963 ,
1055 2896 1197 2968 quod
1229 2897 1426 2950 Paulus
1456 2910 1522 2948 eo
1543 2905 1802 2949 venturus
1827 2904 1971 2948 esset
1997 2909 2011 2957 ;

425 2995 586 3062 idque
611 2991 902 3046 ostendens
924 2989 1138 3044 dicebat
1168 3005 1181 3044 :
1217 2989 1289 3040 Ac
1316 2988 1360 3040 si
1385 3004 1499 3062 .non
1540 2997 1778 3040 venturus
1821 2986 1916 3040 sim
1947 2987 2014 3039 ad

425 3101 532 3147 vos,
560 3085 634 3136 sic
659 3083 845 3151 'inﬂati
879 3089 995 3135 sunt
1037 3079 1243 3148 quidam
1291 3079 1364 3147 (Ι.
1393 3078 1513 3132 Cor.
1546 3079 1597 3132 4.
1632 3079 1718 3147 ’18)
1745 3095 1756 3143 ;
1787 3087 1840 3132 et
1883 3078 2008 3132 alibi

425 3191 663 3240 rursum,
696 3172 816 3226 Non
846 3186 1104 3242 tamquam
1143 3171 1197 3226 in
1225 3172 1491 3241 prtesentia
1512 3187 1623 3225 mea
1661 3180 1859 3225 tantum
1880 3214 1892 3235 ,
1922 3171 2014 3225 sed

425 3266 586 3320 multo
617 3264 780 3335 magis
802 3265 857 3318 in
885 3263 1133 3330 absentia,
1153 3280 1267 3316 cum
1294 3264 1470 3317 timore
1495 3273 1541 3317 et
1568 3274 1780 3317 tremore
1801 3275 2011 3318 vestram

426 3358 640 3413 salutem
671 3356 946 3427 aperemini
971 3353 1231 3425 (Philipp.
1262 3354 1315 3408 2.
1346 3355 1460 3424 12).
1515 3354 1639 3409 Ideo
1685 3370 1792 3410 non
1837 3355 2010 3410 solum

423 3451 676 3521 promisit
705 3467 764 3506 se
791 3458 1077 3505 venturum
1108 3464 1228 3504 esse
1256 3491 1270 3515 ,
1302 3465 1369 3504 ne
1395 3463 1499 3503 non
1527 3449 1812 3504 crederent
1836 3459 1891 3504 ct
1920 3465 2012 3504 ne-

423 3545 774 3614 gligentiores
824 3541 1158 3607 evaderent;
1205 3542 1299 3596 sed
1350 3551 1406 3597 et
1453 3543 1816 3598 necessariam
1861 3543 2009 3598 addit

422 3637 690 3694 adventus
721 3651 941 3691 causam
981 3634 1194 3699 dicens,
1226 3633 1420 3688 Cretera
1464 3652 1578 3688 cum
1621 3651 1804 3690 venero
1834 3637 2010 3706 dispo-

423 3748 581 3795 nam;
620 3727 914 3783 ostendens
966 3735 1284 3781 caeterorum
1335 3729 1724 3782 correctionem
1752 3770 1766 3794 ,
1800 3728 2008 3782 etiamsi

424 3838 533 3878 non
586 3821 808 3876 omnino
872 3818 1181 3884 festinaret,
1234 3819 1405 3888 ipsum
1476 3821 1611 3874 istuc
1662 3829 2008 3874 attracturam

423 3914 608 3969 fuisse.

496 4008 550 4062 '5.
583 4003 801 4059 Marciis
838 4003 1143 4056 exhortatio.
1195 4001 1385 4056 Luctus
1433 4005 1796 4058 immoderatus
1835 4006 2008 4060 uitan-

425 4099 543 4152 dus.
567 4095 686 4150 Jobi
709 4094 956 4166 patientia
983 4093 1304 4147 describitur.
1332 4123 1401 4132 —
1429 4093 1553 4149 Hazc
1575 4109 1704 4165 ergo
1733 4094 2010 4152 audientes

421 4191 638 4254 omnia,
682 4198 734 4243 et
785 4199 1080 4257 pauperum
1127 4199 1372 4253 magnam
1415 4200 1597 4239 curam
1644 4199 1925 4255 geramus,
1958 4195 2011 4240 et

421 4293 664 4340 ventrem
703 4279 1048 4335 moderemur
1070 4319 1085 4343 ,
1118 4285 1278 4347 atque
1298 4277 1365 4331 ab
1389 4276 1651 4331 ebrietate
1693 4276 2006 4343 liberemur,

421 4385 480 4432 et
529 4372 798 4446 mysteriis
849 4369 1012 4439 digne
1058 4369 1381 4438 participare
1427 4369 1770 4433 Studeamus;
1799 4383 1860 4422 ea
1891 4383 2009 4438 qua:

422 4465 568 4536 passi
596 4463 855 4519 fuerimus
877 4503 890 4525 ,
920 4476 1024 4514 non
1055 4475 1199 4529 aegre
1228 4458 1462 4514 feramus
1481 4501 1494 4523 ,
1527 4475 1703 4530 neque
1733 4460 1784 4514 in
1813 4461 1968 4515 nobis
1990 4501 2006 4524 ,

427 4572 601 4626 neque
644 4555 696 4608 in
723 4555 843 4608 aliis
873 4571 887 4607 :
916 4553 1062 4606 verbi
1093 4552 1262 4622 gratia
1305 4568 1429 4606 cum
1459 4555 1758 4608 immaturae
1807 4563 2007 4609 mortes

424 4647 707 4709 accidunt,
740 4659 861 4698 cum
913 4642 1150 4697 diuturni
1199 4642 1391 4695 morbi.
1427 4642 1539 4696 Hoc
1569 4644 1709 4697 enim
1750 4653 1831 4698 cst
1871 4645 2009 4700 libe-

424 4737 562 4793 ratio
586 4751 616 4789 a
637 4733 933 4804 supplicio,
968 4733 1068 4787 hoc
1094 4732 1391 4796 correctio,
1426 4732 1528 4786 huc
1572 4733 1864 4788 admonitio
1909 4751 2008 4804 op—

425 4829 574 4882 tima.
606 4825 736 4894 Quis
767 4824 883 4878 hrec
908 4822 1070 4877 dicit?
1097 4823 1196 4890 Qui
1227 4821 1500 4877 Christum
1525 4822 1578 4876 in
1609 4838 1667 4879 se
1699 4825 2005 4894 loquentem

427 4919 676 4975 habebat.
709 4918 959 4972 Attamen
1007 4916 1168 4969 etiam
1218 4925 1337 4984 post
1368 4915 1483 4971 hate
1530 4917 1784 4973 mulieres
1829 4919 2010 4976 multa:

425 5012 499 5065 ita
531 5024 694 5066 sensu
722 5008 992 5063 destitutm
1034 5017 1194 5072 sunt,
1231 5017 1288 5060 ut
1318 5007 1369 5061 in
1418 5007 1591 5063 luctus
1634 5011 2009 5079 exsuperantia

424 5103 574 5171 ipsos
620 5101 782 5156 etiam
832 5099 1072 5154 infideles
1117 5109 1378 5168 superent
1420 5117 1435 5156 :
1476 5110 1530 5156 et
1577 5101 1695 5157 alia:
1733 5103 1949 5173 quidem
1979 5120 2009 5159 a

423 5193 573 5248 luctu
611 5193 761 5261 quasi
795 5192 1028 5248 tenebris
1077 5191 1284 5247 obrutas
1328 5192 1435 5248 hoc
1462 5193 1700 5249 faciunt:
1729 5195 1848 5250 alias
1878 5212 2006 5252 vero

426 5284 495 5338 ad
523 5286 936 5340 ostentationem
961 5327 975 5347 ,
1008 5293 1063 5338 et
1106 5293 1165 5339 ut
1189 5293 1536 5341 externorum
1581 5288 2009 5343 criminationem

425 5379 637 5442 vitent,
686 5390 819 5445 quas
859 5378 1003 5431 omni
1053 5378 1206 5431 venia
1255 5379 1485 5446 privatas
1531 5378 1670 5433 dico.
1697 5379 1766 5434 Ut
1807 5395 1875 5435 ne
1921 5381 2011 5435 ille

423 5473 550 5529 talis
579 5471 809 5536 incuset,
838 5469 1106 5539 inquiunt,
1128 5470 1336 5524 incuset
1363 5469 1507 5525 Deus
1531 5488 1544 5536 ;
1577 5480 1637 5525 ut
1668 5486 1735 5526 ne
1765 5471 2010 5526 homines

424 5565 595 5621 brutis
621 5561 946 5617 amentiores
973 5575 1073 5615 nos
1099 5559 1377 5624 damnent,
1409 5561 1495 5616 lex
1520 5562 1682 5632 Regis
1727 5563 2009 5617 universo-

424 5672 546 5712 rum
595 5655 962 5712 conculcetur.
989 5654 1054 5708 Et
1084 5661 1214 5724 quot
1235 5651 1554 5710 fulminibus
1578 5655 1694 5710 haec
1720 5656 1877 5725 digna
1903 5670 2006 5710 non

428 5747 661 5805 fuerint?
687 5748 742 5805 Si
766 5755 887 5820 post
909 5748 1110 5803 luctum
1143 5757 1194 5803 te
1220 5747 1482 5818 quispiam
1511 5749 1576 5804 ad
1597 5764 1803 5805 coenam
1833 5760 2006 5817 vocet,

418 5855 587 5899 nemo
613 5849 695 5896 est
723 5842 813 5912 qui
846 5852 1059 5906 renuat,
1092 5841 1212 5912 quia
1241 5840 1324 5895 lex
1346 5840 1576 5895 humana
1604 5841 1702 5897 hoc
1734 5843 2004 5912 pmcipit;

1163 393 1222 450 S.
1259 387 1538 448 JOANNIS
1571 382 2050 445 CIIRYSOSTOMI
2090 383 2408 441 ARCHIEP.
2435 385 2963 443 CONSTANTlNOP.

3622 392 3734 449 256

2152 497 2260 552 Deo
2298 506 2474 552 autem
2502 498 2570 552 de
2598 513 2704 553 non
2736 499 2966 568 lugendo
2992 497 3165 569 legem
3187 495 3415 559 ferente,
3446 505 3521 552 tta
3543 512 3728 556 omnes

2145 588 2536 644 contradicunt.
2574 589 2688 644 Non
2732 590 2934 660 cogitas
2979 589 3212 655 Jobum,
3255 603 3289 644 ο
3338 589 3577 644 mulier?
3621 606 3727 647 non

2144 681 2444 735 recordaris
2465 696 2654 736 vocum
2682 683 2799 752 ejus
2826 683 2878 736 in
2907 682 3212 736 calamitate
3237 683 3562 736 amissorum
3591 681 3726 738 filio-

2142 787 2282 836 rum,
2305 787 2424 841 quze
2451 773 2722 828 sexcentis
2747 773 2964 828 coronis
2993 787 3204 828 sacrum
3236 773 3368 826 illud
3395 782 3560 842 caput
3579 774 3725 828 redi-

2128 851 2392 928 'mierunt,
2422 871 2477 918 et
2501 862 2830 932 splendidius
2858 879 3016 933 quam
3060 863 3202 918 tubas
3229 863 3413 918 multa!
3457 864 3727 934 deprtcdi-

2139 953 2369 1007 carunt?
2395 969 2499 1008 non
2528 953 2731 1025 cogitas
2758 954 3083 1009 calamitatis
3123 955 3544 1025 magnitudinem
3567 998 3584 1023 ,
3629 973 3724 1012 no-

2138 1061 2262 1100 vum
2295 1047 2424 1101 illud
2455 1046 2790 1117 naufragium
2815 1089 2830 1113 ,
2861 1062 2924 1103 ac
2953 1063 3143 1102 novam
3183 1048 3486 1118 miramque
3524 1058 3722 1120 tragus-

2135 1136 2279 1190 diam
2301 1137 2326 1188 Ἰ
2353 1136 2486 1191 Nam
2516 1146 2571 1192 ιιι
2601 1137 2814 1208 quidem
2838 1153 3001 1192 unum
3026 1137 3327 1208 perdidisti,
3349 1148 3438 1193 aut
3462 1140 3717 1202 alterum,

2134 1236 2228 1282 aut
2259 1229 2507 1289 tertium:
2542 1229 2632 1283 ille
2657 1238 2838 1283 autem
2866 1239 2974 1284 tam
3003 1232 3198 1285 multos
3246 1241 3302 1286 et
3349 1241 3450 1286 tam
3498 1234 3714 1288 multas.

2135 1318 2203 1373 Et
2231 1320 2320 1389 qui
2352 1320 2547 1374 multos
2573 1319 2802 1375 habebat
2847 1321 3079 1386 liberos,
3106 1331 3334 1392 repente
3362 1324 3522 1377 orbus
3570 1323 3668 1378 fuit
3697 1341 3712 1388 ;

2133 1428 2306 1484 neque
2345 1413 2596 1482 paulatim
2637 1413 2841 1469 viscera
2896 1415 3014 1484 ejus
3055 1416 3508 1470 consumebantur
3532 1458 3546 1480 ,
3594 1417 3713 1482 sed,

2133 1504 2424 1574 derepente
2482 1503 2686 1562 fructus
2757 1515 2897 1562 totus
2970 1507 3368 1577 abripiebatur;
3419 1524 3593 1580 neque
3651 1526 3715 1563 ex

2131 1597 2403 1651 communi
2448 1597 2566 1668 lege
2609 1607 2849 1664 natum,
2894 1614 3067 1668 neque
3110 1614 3232 1654 cum
3263 1600 3332 1655 ad
3378 1610 3714 1656 senectutem

2131 1687 2522 1756 pervenissent,
2552 1688 2646 1744 sed
2675 1689 2957 1744 immatura
2983 1702 3037 1745 et
3058 1691 3289 1746 violenta
3311 1700 3507 1760 morte,
3529 1707 3716 1747 omnes

2130 1779 2327 1845 simul;
2360 1795 2532 1850 neque
2576 1790 2841 1850 praesente
2875 1781 2966 1836 illo
2990 1825 3004 1848 ,
3041 1797 3140 1838 nec
3191 1783 3468 1838 assidente
3495 1825 3509 1850 ,
3543 1793 3602 1838 ut
3631 1785 3716 1839 vel

2129 1882 2401 1928 extremas
2444 1887 2605 1928 voces
2631 1874 2853 1928 audiens
2880 1875 3110 1946 aliquam
3157 1877 3581 1932 consolationem
3622 1877 3717 1931 ha-

2127 1964 2280 2020 beret
2324 1964 2392 2020 de
2442 1973 2547 2019 tam
2596 1965 2789 2021 acerba
2843 1975 3050 2032 morte;
3107 1967 3204 2021 sed
3251 1977 3450 2037 praeter
3497 1984 3713 2024 onmem

2127 2073 2299 2128 spem,
2342 2073 2461 2112 cum
2490 2058 2620 2112 nihil
2663 2069 2936 2129 gestorum
2963 2061 3076 2130 ipse
3108 2061 3270 2117 sciret
3293 2103 3308 2127 ,
3337 2063 3495 2116 simul
3524 2078 3715 2118 omnes

2128 2163 2252 2205 sunt
2303 2151 2767 2218 obruti,‘fuitque
2818 2153 2921 2207 illis
2967 2152 3157 2208 domus
3187 2159 3252 2208 Et
3296 2155 3604 2224 sepulcrum
3660 2167 3713 2212 et

2127 2243 2368 2312 laqueus.
2397 2242 2582 2312 Neque
2613 2243 2896 2298 immatura
2927 2258 3080 2298 mors
3107 2253 3312 2299 tantum
3340 2287 3354 2312 ,
3404 2246 3500 2301 sed
3547 2248 3713 2302 etiam

2127 2333 2291 2387 multa
2323 2348 2443 2388 cum
2467 2334 2551 2388 illa
2565 2344 2720 2389 erant
2748 2349 2868 2404 qua:
2889 2335 3129 2390 doiorem
3161 2336 3416 2392 afferrent
3441 2355 3453 2389 :
3483 2347 3542 2392 ut
3569 2339 3712 2409 (μιθά

2125 2440 2312 2479 omnes
2351 2427 2402 2480 in
2433 2426 2564 2481 ﬂore
2590 2427 2890 2496 juventutis
2919 2439 3101 2484 essent
3123 2470 3138 2496 ,
3167 2435 3309 2500 quod
3343 2433 3538 2487 virtute
3571 2449 3713 2502 pne-

2125 2514 2219 2570 diti
2246 2551 2266 2581 ,
2334 2517 2474 2587 quod
2519 2519 2778 2573 amabiles
2798 2561 2812 2584 ,
2844 2519 2986 2589 quod
3015 2535 3204 2575 omnes
3229 2522 3422 2589 simul,
3467 2525 3610 2593 quod
3646 2540 3713 2579 ex

2127 2616 2352 2678 utroque
2401 2623 2534 2663 sexu
2585 2624 2653 2664 nc
2699 2625 2836 2664 unus
2877 2610 3092 2680 quidem
3135 2613 3375 2682 reliquus
3413 2615 3512 2678 sit;
3566 2617 3712 2684 quod

2123 2719 2227 2758 non
2258 2706 2528 2759 communi
2580 2706 2696 2776 lege
2746 2716 2973 2773 naturae,
3007 2707 3150 2777 quod
3197 2717 3321 2777 post
3366 2717 3573 2763 tantum
3615 2709 3714 2764 da-

2121 2813 2344 2860 mnum,
2375 2798 2519 2868 quod
2563 2813 2686 2854 cum
2720 2799 2917 2854 nullius
2953 2801 3076 2855 mali
3111 2801 3209 2856 sibi
3245 2803 3496 2857 conscius
3525 2815 3707 2869 esset,

2121 2906 2222 2945 nec
2270 2891 2343 2945 illi
2385 2893 2616 2961 peccatis
2664 2901 2844 2947 essent
2888 2893 3142 2960 obnoxii,
3189 2894 3304 2951 luce
3335 2905 3512 2950 tamen
3556 2908 3712 2968 pate-

2121 2993 2330 3038 rentur.
2366 2984 2566 3038 llorum
2598 2986 2806 3055 singula
2842 3001 2936 3056 per
2966 3002 3024 3042 se
3051 2998 3276 3056 possunt
3303 2989 3556 3056 turbare;
3587 3007 3708 3046 cum

2120 3086 2297 3130 antem
2319 3091 2422 3130 una
2440 3078 2619 3132 omnia
2645 3087 2996 3144 concurrunt,
3021 3081 3193 3149 cogita
3221 3091 3418 3150 quanta
3449 3081 3706 3138 fluctuum

2119 3166 2385 3231 altitudo,
2443 3184 2600 3238 quam
2661 3169 2848 3240 ingens
2893 3179 3186 3240 tempestas
3227 3184 3392 3227 esset.
3444 3174 3708 3244 Quodque

2120 3259 2290 3329 majus
2331 3269 2414 3314 est
2438 3269 2493 3314 et
2518 3261 2634 3330 ipso
2657 3262 2798 3316 luctu
2824 3262 3062 3318 deterius
3086 3305 3098 3325 ,
3125 3264 3262 3332 quod
3295 3266 3525 3319 nesciret
3559 3266 3704 3320 unde

2119 3352 2241 3406 talia
2270 3352 2608 3407 obvenirent.
2636 3353 2776 3416 Ideo,
2807 3370 2928 3409 cum
2959 3355 3157 3409 nullam
3191 3355 3386 3410 atl‘erre
3409 3367 3591 3426 posset
3618 3374 3706 3411 ca-

2118 3446 2373 3500 lamitatis
2415 3461 2628 3502 causam
2654 3489 2670 3514 ,
2701 3447 2768 3502 ad
2801 3448 2891 3503 Dei
2920 3449 3170 3518 placitum
3197 3452 3470 3518 ascendit,
3501 3463 3554 3507 et
3583 3455 3659 3507 ait
3689 3473 3704 3507 :

2119 3538 2368 3593 Dominus
2412 3540 2548 3592 dedit
2591 3579 2606 3602 ,
2680 3538 2928 3594 Dominus
2969 3541 3176 3594 abstulit
3228 3560 3241 3595 :
3291 3545 3424 3598 sicut
3486 3545 3702 3598 Domino

2118 3635 2310 3704 placuit
2335 3675 2348 3692 ,
2381 3633 2453 3687 ita
2480 3632 2673 3702 factum
2701 3645 2807 3695 est;
2833 3633 2897 3686 sit
2927 3649 3109 3688 nomen
3139 3632 3349 3689 Domini
3388 3637 3701 3691 benedictum

2116 3726 2168 3779 in
2203 3727 2392 3780 stecula
2413 3724 2532 3794 (Job
2556 3725 2607 3779 1.
2634 3723 2750 3796 21).
2781 3725 2850 3779 Et
2894 3724 3008 3781 haec
3055 3726 3222 3792 dixit,
3251 3743 3373 3783 cum
3419 3743 3478 3784 se
3522 3730 3573 3783 in
3603 3742 3695 3785 etr-

2119 3820 2304 3872 tremis
2336 3817 2565 3886 positum
2589 3817 2816 3880 videret,
2843 3818 2932 3887 qui
2956 3818 3208 3874 virtutem
3226 3833 3440 3874 omnem
3468 3830 3702 3876 sectatus

2119 3911 2330 3975 fuerat;
2368 3910 2630 3965 scelestos
2665 3919 2844 3965 autem
2887 3911 3132 3968 homines
3179 3922 3234 3968 et
3276 3915 3701 3984 prmstigialoms

2118 4018 2377 4074 prospere
2417 4011 2668 4073 agentes,
2699 4003 3013 4059 deliciantes
3043 4014 3096 4059 et
3125 4007 3514 4076 gloriabundos
3544 4007 3698 4061 undi-

2115 4112 2239 4167 que.
2264 4096 2447 4165 Neque
2471 4095 2605 4150 dixit
2623 4095 2892 4165 quidpiam
2912 4112 3118 4160 eorum,
3147 4113 3266 4168 qua:
3291 4099 3467 4153 solent
3486 4100 3700 4169 quidam

2117 4189 2439 4244 inﬁrmiores
2485 4187 2702 4244 dicere:
2735 4189 2813 4242 Ad
2863 4189 3071 4246 hancne
3107 4205 3219 4245 rem
3252 4190 3390 4247 filios
3431 4193 3659 4247 cnutrivi
3682 4232 3700 4258 ,

2115 4289 2168 4335 et
2212 4296 2331 4335 cum
2375 4281 2721 4336 accuratione
2761 4281 2906 4335 omni
2953 4281 3309 4337 educat-Had
3346 4299 3537 4340 eamne
3589 4301 3703 4340 rem

2113 4372 2331 4427 domum
2365 4374 2550 4441 aperui
2600 4374 3074 4443 praetereuntibus,
3108 4385 3161 4430 ut
3191 4385 3310 4446 post
3348 4378 3552 4433 multos
3582 4379 3702 4434 illos

2114 4480 2304 4520 cursus
2325 4480 2423 4534 pro
2449 4465 2652 4534 egenis,
2689 4480 2784 4534 pro
2813 4465 2970 4520 nudis
2990 4509 3003 4529 ,
3035 4481 3130 4535 pro
3155 4468 3365 4538 pupillis
3391 4480 3698 4539 susceptos,

2116 4555 2254 4610 hanc
2302 4556 2604 4610 mercedem
2661 4557 2975 4626 excipiam?
3025 4557 3129 4613 Sed
3191 4560 3380 4613 horum
3437 4561 3559 4615 loco
3613 4561 3697 4616 illa

2114 4647 2275 4702 verba
2311 4649 2557 4716 protulit,
2593 4649 2738 4701 omni
2764 4650 3031 4703 sacrificio
3055 4653 3450 4719 praestantiora,
3480 4653 3693 4708 dicens:

2117 4739 2305 4792 Nudus
2353 4755 2581 4808 egressus
2608 4757 2720 4793 sunt
2763 4741 2824 4793 de
2852 4751 2992 4794 utero
3032 4744 3209 4797 matris
3249 4761 3373 4798 mete
3396 4787 3409 4809 ,
3445 4755 3491 4798 et
3533 4747 3700 4798 nudus

2115 4840 2353 4884 revertar.
2380 4829 2532 4896 Quod
2579 4832 2623 4886 si
2669 4832 2985 4887 vestimenta
3033 4833 3344 4898 disciderit,
3387 4845 3440 4889 et
3489 4851 3699 4891 comam

2117 4922 2444 4989 totonderit,
2491 4938 2557 4978 ne
2608 4925 2857 4978 mireris:
2894 4934 3044 4994 pater
3085 4927 3228 4980 enim
3272 4939 3422 4990 erat.
3453 4940 3508 4984 et
3551 4941 3705 4999 pater

2116 5015 2282 5085 prolis
2304 5030 2508 5079 amans,
2531 5017 2918 5086 oportebatque
2941 5027 3142 5073 natum
3172 5021 3700 5076 commiserationcm

2116 5105 2378 5171 exhiberi,
2413 5107 2714 5176 mentisque
2736 5107 3151 5178 phi1050phiam.
3185 5111 3336 5178 Quod
3367 5113 3412 5165 si
3461 5112 3564 5166 hoc
3593 5127 3700 5167 non

2117 5197 2371 5264 fecisset,
2424 5198 2560 5253 forte
2606 5200 2871 5269 quispiam
2932 5203 3231 5271 putavisset
3277 5203 3414 5260 hanc
3463 5206 3704 5274 philoso.

2123 5290 2304 5358 phiam
2333 5305 2397 5343 ex
2427 5299 2645 5358 stupore
2675 5292 2959 5360 proficisci.
2985 5293 3110 5349 Ideo
3131 5304 3183 5348 et
3208 5311 3414 5350 viscera
3443 5297 3703 5360 ostendit.

2116 5391 2171 5435 et
2221 5382 2433 5451 pietatis
2483 5384 2922 5451 accurationem,
2973 5395 3027 5439 et
3079 5386 3270 5440 dolens
3323 5404 3429 5441 non
3479 5403 3713 5444 eversus

2115 5480 2232 5536 est;
2261 5471 2354 5526 sed
2381 5471 2538 5525 etiam
2565 5488 2685 5527 cum
2717 5476 2940 5531 ulterius
2969 5476 3086 5546 ejus
3117 5487 3392 5533 certamen
3436 5481 3714 5548 procede-

2117 5573 2234 5628 ret,
2269 5579 2455 5618 rursus
2499 5565 2618 5619 aliis
2671 5567 2952 5622 redimitur
3003 5570 3218 5624 coronis
3257 5585 3325 5625 ex
3369 5572 3552 5626 verbis
3584 5589 3718 5642 qiuc

2119 5653 2268 5707 uxori
2290 5653 2422 5708 dixit
2451 5675 2462 5708 :
2489 5656 2549 5710 Si
2571 5656 2703 5711 bona
2725 5662 3032 5729 suscepimus
3075 5679 3105 5712 a
3131 5660 3354 5714 Domino
3376 5704 3388 5726 ,
3419 5665 3557 5715 nmla
3606 5681 3723 5720 non

2117 5749 2469 5805 sustinebimus
2497 5751 2615 5824 (Job
2636 5753 2689 5805 2.
2722 5753 2805 5822 ιο)
2836 5754 2860 5805 ?
2890 5753 3019 5808 Nam
3050 5771 3184 5809 uxor
3210 5755 3323 5808 sola
3371 5755 3472 5823 ipsi
3515 5755 3726 5811 relicta

2123 5856 2199 5902 est
2225 5891 2236 5914 ,
2272 5846 2496 5901 sublatis
2524 5845 2793 5914 omnibus,
2818 5856 2871 5903 et
2897 5846 3018 5903 filiis
3041 5857 3095 5902 et
3122 5847 3333 5918 prtediis
3359 5857 3412 5902 et
3442 5847 3565 5915 ipso
3590 5864 3728 5902 eor-
