3990 6168
356 347 460 403 237

358 478 516 535 pore,
561 471 618 519 et
654 463 769 534 ipsa
812 462 860 517 ei
899 460 965 517 ad
992 461 1342 518 tentationem
1386 469 1444 517 et
1485 459 1707 516 insidias
1747 458 1936 515 relicta

358 565 462 612 est.
487 554 719 626 Ideoque
756 554 900 610 illam
942 568 1048 609 non
1089 568 1211 609 cum
1246 553 1370 609 liliis
1405 553 1623 609 sustulit
1655 551 1903 608 diabolus
1925 591 1942 617 ,

361 663 539 719 neque
587 646 754 719 ipsius
792 646 997 703 caedem
1030 646 1290 716 expetiit,
1336 647 1461 717 quia
1492 646 1749 716 sperabat
1796 644 1943 699 illam

361 757 611 811 magnam
650 740 753 796 sibi
795 756 952 810 opem
980 755 1103 796 esse
1136 741 1365 795 laturam
1390 739 1459 795 ad
1505 739 1727 794 insidias
1756 745 1943 793 sancto

362 834 486 889 huic
508 834 624 888 viro
658 832 943 901 parandas.
976 832 1210 903 Ideoque
1236 833 1405 902 ipsam
1428 873 1444 896 ,
1476 844 1749 903 tamquam
1778 831 1945 886 maxi-

362 941 508 980 mum
559 924 722 980 telum
776 924 879 979 sibi
955 933 1320 994 opportunum
1371 924 1608 994 reliquit.
1657 923 1715 978 Si
1760 923 1944 989 enim,

363 1018 567 1088 inquit,
596 1016 870 1073 hominem
899 1032 999 1087 per
1024 1018 1172 1072 illam
1216 1032 1282 1074 ex
1309 1016 1559 1087 paradiso
1583 1016 1748 1088 ejeci,
1781 1015 1948 1071 multo

362 1110 530 1181 magis
557 1111 610 1165 in
640 1109 990 1180 sterquilinio
1012 1118 1203 1180 potero
1227 1110 1589 1180 supplantare.

429 1204 483 1259 4.
525 1204 594 1258 Et
616 1202 739 1258 vide
760 1202 1128 1259 calliditatem.
1157 1201 1338 1273 Neque
1370 1202 1512 1257 enim
1544 1210 1825 1272 postquam
1852 1199 1949 1255 bo-

362 1310 453 1352 ves
481 1295 785 1367 perierant,
813 1294 954 1351 hanc
984 1293 1283 1350 machinam
1313 1292 1576 1360 adhibuit,
1605 1306 1782 1363 neque
1826 1300 1951 1363 post

361 1390 605 1445 sublatos
632 1389 811 1445 asinos
837 1388 926 1444 vel
968 1387 1202 1444 camelos
1225 1428 1242 1455 ,
1272 1402 1375 1443 nec
1403 1394 1528 1457 post
1553 1385 1817 1455 dejectam
1846 1383 1948 1439 do-

363 1497 513 1537 mum
538 1521 556 1546 ,
585 1496 757 1552 neque
798 1489 921 1550 post
948 1480 1166 1535 obrutos
1194 1478 1375 1544 ﬁlios;
1418 1476 1515 1534 sed
1546 1477 1759 1532 interim
1786 1475 1949 1530 silere

363 1585 420 1631 et
461 1574 696 1645 quietem
740 1588 900 1644 agere
933 1575 1057 1629 sivit
1078 1573 1335 1628 athletam
1379 1572 1603 1637 videns;
1635 1570 1725 1626 ubi
1768 1580 1946 1624 autem

367 1666 631 1722 vermium
671 1663 793 1720 fons
818 1666 1112 1731 scaturivit,
1151 1678 1275 1720 cum
1322 1673 1637 1734 putrescens
1663 1661 1816 1731 pellis
1843 1659 1948 1715 dil-

371 1757 601 1824 ﬂueret,
631 1769 689 1813 et
716 1767 1050 1828 consumptae
1074 1771 1273 1812 carnes
1288 1757 1491 1811 saniem
1515 1755 1859 1821 emitterent,
1886 1766 1949 1808 ac

371 1849 732 1919 sartaginibus
764 1847 1177 1919 fornacibusque
1205 1856 1261 1904 et
1284 1848 1472 1919 quavis
1502 1848 1714 1903 ﬂamma
1737 1847 1948 1918 gravior

370 1941 542 2009 ipsum
573 1938 770 1995 diaboli
805 1952 996 1995 manus
1023 1949 1402 2009 consumeret,
1447 1941 1635 2011 quavis
1663 1939 1771 1995 fera
1815 1938 1949 1995 elle-

365 2032 534 2086 ratior
564 2030 663 2100 ipsi
708 2045 905 2100 corpus
954 2030 1186 2102 ttndique
1211 2045 1535 2087 consumens
1556 2039 1612 2086 et
1638 2030 1902 2087 devorans
1929 2070 1945 2097 ,

362 2139 484 2179 eum
530 2124 583 2178 in
613 2124 712 2179 hac
735 2124 1040 2179 calamitate
1069 2124 1295 2178 multum
1325 2124 1581 2195 temporis
1620 2124 1948 2193 insumptum

362 2217 552 2272 fuisset
572 2258 588 2278 .
618 2225 746 2272 tunc
777 2232 1000 2272 uxorem
1027 2217 1092 2272 ad
1134 2215 1283 2273 illum
1312 2217 1530 2274 adducit
1569 2218 1680 2289 jam
1712 2219 1950 2274 exsicca-

363 2317 473 2364 tum
496 2317 550 2363 et
568 2308 890 2364 conloctum.
916 2308 973 2364 Si
1001 2309 1143 2364 enim
1174 2310 1328 2365 initio
1348 2311 1669 2365 calamitatis
1692 2302 1950 2367 accessis-

361 2408 475 2467 set,
508 2415 682 2469 neque
721 2399 792 2454 ita
843 2401 989 2455 illum
1035 2413 1351 2457 enervatum
1399 2402 1729 2473 reperisset,
1778 2417 1951 2472 neque

361 2493 721 2549 calamitatem
754 2493 893 2549 adeo
923 2493 1187 2563 potuisset
1211 2509 1540 2564 exaggerare
1563 2509 1627 2549 ac
1655 2494 1834 2550 verbis
1855 2510 1949 2551 ex-

362 2586 553 2641 tollere
594 2600 784 2641 :nunc
836 2594 1016 2641 autem
1065 2585 1157 2641 ubi
1205 2586 1340 2642 vidit
1384 2588 1532 2643 illum
1580 2586 1651 2643 ob
1698 2589 1951 2658 temporis

360 2676 773 2733 diuturnitatem
802 2676 1177 2733 liberationem
1207 2678 1361 2734 sitire
1402 2687 1458 2734 et
1483 2679 1749 2735 malorum
1788 2681 1949 2737 linem

360 2771 673 2829 desiderare
690 2813 710 2841 ,
736 2779 864 2828 tunc
889 2771 1179 2828 vehemens
1216 2771 1441 2829 accedit.
1469 2772 1600 2840 Quia
1627 2774 1770 2833 enim
1798 2774 1953 2830 valde

359 2863 641 2919 conlectus
670 2872 822 2929 erat,
868 2878 1043 2933 neque
1085 2864 1353 2932 respirare
1394 2865 1532 2920 ultra
1578 2874 1825 2935 poterat,
1856 2865 1952 2922 sed

361 2961 418 3010 et
447 2953 584 3009 mori
610 2954 881 3023 cupiebat.
910 2954 1031 3010 audi
1062 2954 1187 3026 quid
1219 2955 1555 3032 dicat:[Nam
1585 2958 1630 3012 si
1663 2958 1793 3013 mihi
1823 2974 1951 3029 pos-

362 3059 478 3103 sem
528 3062 745 3102 manum
795 3046 994 3102 inferre
1015 3088 1031 3112 ,
1063 3055 1156 3101 aut
1194 3048 1358 3103 alium
1404 3063 1630 3119 rogare,
1660 3049 1822 3105 etiam
1849 3048 1954 3107 hoc

360 3136 600 3193 facerem
637 3133 837 3208 (a).]Et
861 3136 983 3192 vide
1010 3138 1139 3193 mihi
1185 3138 1473 3209 nequitiam
1499 3140 1742 3195 mulieris
1768 3182 1782 3204 ,
1811 3141 1954 3198 unde

367 3229 551 3283 statim
600 3229 841 3283 ordiatur
882 3245 895 3281 :
928 3242 957 3282 a
1002 3228 1349 3285 diuturnitate
1398 3231 1692 3301 temporis,
1723 3232 1948 3290 dicens.

370 3316 645 3388 Quousque
667 3318 901 3373 tolerabis
926 3315 1046 3388 (Job
1068 3319 1122 3372 2.
1155 3320 1211 3390 9)
1230 3322 1252 3373 ?
1271 3321 1327 3376 Si
1353 3337 1582 3392 namque
1605 3337 1771 3393 smpe,
1793 3324 1953 3379 etiam

370 3424 498 3463 cum
519 3409 695 3477 gravia
718 3425 821 3463 non
851 3410 1112 3465 instarent
1136 3412 1371 3482 negotia,
1401 3414 1564 3469 verba
1592 3415 1765 3470 solum
1788 3414 1957 3470 emol—

376 3500 478 3554 Iire
508 3508 824 3569 potuerunt;
864 3502 1036 3572 cogita
1085 3503 1213 3573 quid
1258 3505 1622 3561 verisimiliter
1663 3507 1779 3575 ipse
1829 3516 1957 3562 tunc

373 3593 718 3665 patiebatur,
760 3610 875 3649 cum
902 3604 958 3651 et
997 3591 1112 3651 hmc
1151 3597 1314 3652 verba
1345 3607 1398 3651 et
1428 3612 1516 3653 res
1562 3598 1677 3668 ipse
1714 3599 1955 3656 dolorem

365 3687 474 3757 ipsi
525 3685 802 3742 inferrent.
854 3686 1113 3757 Quodque
1144 3688 1382 3742 omnium
1428 3689 1759 3744 teterrimum
1802 3700 1957 3760 erat,

365 3777 513 3848 quod
537 3787 593 3833 et
623 3792 756 3832 uxor
783 3777 898 3848 ejus
925 3778 1041 3833 lucc
1071 3779 1402 3848 loqueretur,
1436 3789 1490 3836 et
1518 3796 1652 3836 uxor
1679 3797 1798 3852 qua:
1831 3797 1961 3839 con-

366 3871 580 3926 ciderat
621 3876 679 3926 ct
720 3870 956 3926 animum
999 3870 1402 3940 dcspondebat;
1437 3873 1664 3945 ideoque
1711 3876 1962 3932 studebat

365 3970 423 4018 et
475 3963 653 4033 ipsum
700 3962 752 4015 in
798 3962 1227 4032 desperationem
1278 3965 1568 4034 conjicere.
1602 3967 1869 4023 Cmterum
1903 3978 1960 4025 ut

367 4062 563 4123 aperte
590 4051 867 4107 videamus
888 4050 1190 4109 machinam
1218 4055 1268 4108 in
1302 4055 1444 4111 hunc
1467 4073 1678 4113 murum
1704 4060 1960 4116 adaman-

368 4147 547 4202 tinum
577 4146 849 4202 admotam
871 4188 890 4214 ,
918 4148 1032 4217 ipsa
1064 4149 1221 4203 verba
1255 4150 1555 4205 audiamus.
1583 4152 1840 4218 Qumnam
1868 4154 1958 4209 illa

365 4240 543 4295 sunt?
589 4239 863 4310 Quousque
905 4241 1142 4297 tolerabis
1171 4243 1347 4297 dicens
1366 4285 1381 4308 ,
1414 4243 1546 4299 Ecce
1573 4248 1838 4315 pra'stolor
1861 4249 1959 4302 ad-

368 4331 473 4389 huc
500 4332 761 4387 modicum
791 4334 1032 4403 temporis
1071 4351 1210 4404 spem
1253 4335 1432 4389 salutis
1463 4336 1651 4391 habens
1694 4337 1855 4408 (Ibid.
1904 4341 1959 4394 in

370 4423 613 4494 Greco)?
641 4423 790 4488 Tua,
838 4425 1041 4496 inquit,
1092 4425 1256 4481 verba
1302 4425 1498 4482 rcl‘ellit
1545 4436 1787 4499 tempus,
1819 4432 1960 4501 quod

366 4514 679 4570 diuturnius
718 4515 914 4571 factum
936 4557 951 4581 ,
986 4517 1185 4571 nullam
1220 4518 1437 4573 exhibet
1462 4519 1804 4576 solutionem.
1837 4521 1961 4579 Ilmc

365 4615 554 4661 autem
586 4605 836 4672 dicebat,
865 4621 970 4661 non
1020 4607 1179 4661 niodo
1223 4609 1274 4663 in
1306 4608 1736 4680 desperationem
1786 4613 1960 4682 ipsum

366 4696 708 4767 conjiciens,
758 4698 854 4753 sed
885 4700 1220 4768 exprobrans
1265 4703 1312 4756 ei
1361 4714 1415 4757 et
1458 4704 1740 4761 traducens
1790 4707 1958 4762 illum.

373 4787 592 4843 Etenim
627 4788 717 4843 ille
742 4790 1041 4845 molestiam
1070 4800 1342 4847 creantem
1372 4793 1539 4864 ipsam
1570 4799 1878 4864 consolans,
1905 4809 1961 4855 et

364 4879 483 4948 ejus
513 4881 677 4935 verba
703 4879 1012 4952 depellens,
1040 4882 1165 4937 talia
1193 4883 1544 4955 loquebatur:
1574 4888 1836 4959 Exspecta
1862 4891 1961 4945 ad-

367 4970 475 5028 huc
521 4972 829 5042 paululum,
874 4982 930 5028 et
976 4974 1084 5029 cito
1111 4974 1230 5030 linis
1260 4977 1449 5030 borum
1478 4979 1674 5035 veniet.
1723 4982 1803 5036 Illi
1833 4998 1963 5054 ergo

366 5065 712 5135 exprobrans
736 5064 869 5121 dicit
895 5066 1010 5137 ipsa
1041 5085 1053 5121 :
1086 5069 1166 5122 An
1195 5084 1338 5123 nunc
1375 5084 1587 5139 quoque
1612 5072 1840 5142 idipsum
1872 5075 1958 5127 di-

365 5171 457 5210 ces
477 5155 500 5210 ?
524 5157 755 5211 multum
785 5158 926 5213 enim
959 5160 1213 5229 temporis
1242 5160 1353 5231 jam
1378 5163 1664 5231 praeteriit,
1692 5175 1747 5218 et
1776 5166 1961 5222 nullus

369 5249 567 5306 horum
601 5251 726 5305 linis
760 5248 907 5307 risus
932 5263 1033 5308 est.
1063 5253 1133 5308 Et
1156 5254 1276 5310 vide
1301 5256 1592 5326 nequitiam
1620 5275 1633 5312 :
1666 5272 1771 5311 non
1798 5260 1959 5314 boum

366 5343 668 5408 meminit,
723 5360 833 5399 non
881 5346 1103 5412 ovium,
1155 5364 1262 5404 non
1317 5349 1648 5405 camelorum
1687 5366 1701 5415 ;
1761 5354 1963 5408 sciebat

366 5437 509 5490 enim
544 5435 700 5491 illum
727 5451 836 5493 non
866 5437 1156 5495 admodum
1181 5439 1327 5497 hisee
1356 5440 1622 5509 morderi;
1661 5442 1756 5499 sed
1782 5445 1959 5499 statim

442 5623 517 5682 (a)
541 5620 713 5682 Verba
733 5618 927 5682 uncinis
960 5621 1157 5682 clausa,
1177 5631 1288 5680 quas
1311 5617 1623 5682 desperantis
1651 5630 1767 5682 esse
1793 5616 1966 5667 viden-

381 5679 482 5744 tur,
502 5679 560 5734 in
575 5679 848 5746 _hodiernis
871 5679 1243 5746 exemplaribus
1266 5692 1361 5728 non
1386 5679 1645 5746 habentur.
1660 5679 1874 5746 Possunt
1892 5686 1965 5746 ta:

379 5740 498 5809 men
518 5741 625 5793 alio
639 5756 789 5809 sensu
814 5741 1009 5793 mitiore
1026 5740 1268 5803 intelligi,
1290 5753 1492 5809 nempe:
1510 5740 1627 5789 Nam
1648 5743 1687 5808 si
1702 5740 1963 5809 μίξει-ριρεί

384 5806 454 5857 ias
477 5806 694 5868 esset,si
718 5803 826 5856 sine
848 5812 1053 5868 peccato
1074 5801 1265 5866 possem
1289 5801 1405 5851 inihi
1432 5815 1623 5850 manum
1646 5801 1849 5864 inferre,
1865 5807 1960 5850 etc.

1329 347 1395 404 IN
1434 343 1699 405 EPISTJ
1760 342 1853 399 AD
1889 338 2049 400 COIi.
2089 340 2325 400 HOMIL.
2365 345 2606 406 XXVIII.

3533 365 3644 423 εδδ

2051 459 2198 514 venit
2227 459 2293 517 ad
2342 471 2623 532 naturam,
2657 474 2713 521 et
2751 465 2888 523 alios
2915 467 2972 524 in
3014 471 3328 531 memoriam
3371 489 3590 535 revocat
3647 499 3661 532 :

2047 551 2255 607 viderat
2278 555 2423 609 enim
2450 555 2631 625 ipsum
2646 558 2859 615 amissis
2886 559 3011 617 ﬁliis
3052 573 3258 621 vestem
3301 566 3584 625 discidisse
3642 613 3655 634 ,

2049 649 2105 695 et
2128 655 2338 698 comam
2367 646 2684 704 tetendisse.
2712 649 2898 720 Neque
2944 651 3100 719 dixit,
3131 653 3254 712 Filii
3290 658 3367 713 tui
3401 660 3632 731 periere,

2048 733 2145 789 sed
2176 735 2339 791 modo
2376 736 2444 793 ad
2471 741 2999 800 commiserationem
3025 750 3325 818 composito
3353 770 3367 805 :
3403 750 3635 809 Detetum

2050 835 2124 880 est
2163 828 2456 884 memoriaie
2483 838 2626 885 tuum
2653 832 2717 888 de
2743 842 2878 889 terra
2896 877 2912 902 ,
2945 848 3170 911 propter
3198 842 3339 912 quod
3370 844 3465 899 lilii
3492 845 3639 901 desi-

2050 915 2320 974 derabiles
2347 929 2491 975 sunt.
2525 921 2740 979 Etenim
2763 926 2808 980 si
2839 928 2999 983 etiam
3029 946 3172 986 nunc
3195 975 3208 996 .
3238 947 3362 989 cum
3391 950 3637 991 resurre-

2050 1012 2161 1066 ctio
2192 1010 2365 1067 futura
2405 1015 2681 1082 creditur,
2726 1018 2851 1074 hinc
2902 1018 2996 1076 lilii
3042 1022 3428 1084 desiderabiles
3474 1039 3638 1096 sunt,

2051 1102 2195 1172 qttod
2252 1119 2440 1159 eorum
2486 1108 2575 1176 qui
2623 1107 2975 1165 decesserunt
3017 1117 3334 1172 memoriam
3380 1130 3641 1188 servent,

2052 1194 2222 1249 multo
2250 1196 2419 1267 magis
2450 1205 2596 1253 tunc.
2629 1197 2757 1254 Ideo
2784 1200 2911 1256 hinc
2941 1203 3251 1259 maledictio
3280 1209 3529 1265 acerbior
3557 1209 3643 1267 ef-

2053 1285 2248 1342 ﬁcitur.
2279 1286 2463 1358 Neque
2486 1290 2630 1345 enim
2658 1291 2747 1361 qui
2776 1292 2885 1348 illic
2904 1306 3218 1350 exsecratur
3240 1296 3370 1353 dicit
3396 1317 3409 1353 :
3449 1301 3645 1358 Exter-

2053 1378 2324 1434 minentur
2347 1378 2440 1435 lilii
2466 1422 2480 1447 ,
2510 1380 2606 1437 sed
2624 1423 2641 1449 ,
2673 1382 2972 1440 Hemoriale
3019 1387 3130 1457 ejus
3157 1404 3186 1442 e
3210 1397 3345 1443 terra
3380 1390 3505 1459 (Job
3531 1394 3598 1448 I8
3623 1436 3639 1451 .

2053 1471 2181 1541 I7),
2215 1488 2407 1544 nempe
2439 1474 2535 1529 lilii
2565 1476 2639 1529 tui
2665 1485 2722 1531 et
2746 1477 2868 1533 tilia:
2900 1487 3023 1533 tum.
3049 1478 3183 1535 Cum
3217 1481 3444 1539 dixisset
3472 1485 3642 1552 enim,

2055 1562 2356 1620 Memor-inte
2379 1608 2394 1633 ,
2423 1576 2671 1623 accurate
2695 1584 2882 1625 rursus
2903 1578 3188 1643 utrumque
3215 1588 3402 1630 sexum
3435 1592 3640 1631 mento—

2051 1667 2174 1711 rat:
2204 1657 2260 1712 Si
2288 1667 2465 1713 autem
2504 1659 2654 1726 hme,
2683 1661 2892 1732 inquit,
2924 1679 3032 1718 non
3063 1665 3155 1718 tibi
3182 1680 3327 1721 cura:
3356 1678 3479 1723 sunt
3505 1711 3520 1734 ,
3554 1686 3641 1723 me

2053 1750 2241 1805 saltent
2283 1759 2533 1819 spectes:
2584 1751 2629 1807 U
2637 1754 2730 1807 teri
2773 1756 2870 1808 mei
2913 1755 3113 1811 dolores
3149 1757 3471 1831 laboresque,
3516 1778 3642 1832 quos

2054 1846 2249 1916 frustra
2274 1861 2385 1899 sum
2414 1862 2679 1916 perpessa.
2714 1847 2768 1902 Id
2798 1857 2880 1903 est
2905 1888 2922 1915 ,
2965 1863 3084 1919 qua:
3127 1852 3386 1922 majorem
3419 1853 3512 1907 tuli
3542 1855 3640 1907 do-

2055 1934 2248 2003 Inrem,
2279 1936 2472 2007 injuria
2504 1948 2725 2008 prepter
2752 1949 2803 1994 te
2830 1938 3020 1995 atl‘ecta
3048 1956 3168 1997 sum
3193 1960 3206 1996 :
3236 1942 3454 2000 dolores
3478 1946 3638 2012 subii,

2054 2033 2110 2080 et
2138 2025 2397 2083 fructibus
2430 2042 2548 2083 sum
2575 2029 2805 2101 privata.
2838 2029 2905 2086 Et
2933 2031 3052 2088 vide
3076 2033 3349 2103 quomodo
3372 2034 3638 2105 jacturam

2054 2119 2403 2186 pecuniarum
2433 2136 2609 2192 neque
2638 2135 2904 2180 memoret
2928 2166 2944 2192 ,
2982 2141 3156 2197 neque
3186 2135 3359 2184 taceat
3382 2129 3467 2184 vel
3509 2146 3643 2201 prm-

2056 2217 2349 2279 tercnrrat,
2378 2212 2473 2268 sed
2504 2224 2561 2268 ut
2588 2214 2784 2270 licebat
2822 2218 2965 2272 illam
2992 2219 3373 2277 miserabiliter
3402 2230 3641 2291 tangere,

2054 2302 2223 2372 ipsam
2254 2305 2580 2361 subindicct.
2630 2305 2765 2362 Cum
2796 2309 2938 2363 enim
2970 2309 3138 2377 dicit,
3171 2309 3237 2364 Et
3267 2328 3359 2381 ego
3398 2312 3645 2366 errabun-

2057 2395 2123 2449 da
2173 2405 2220 2450 ct
2263 2412 2439 2463 serva,
2485 2414 2517 2451 a
2556 2397 2667 2453 loco
2696 2399 2749 2453 in
2779 2399 2944 2454 locum
2970 2442 2985 2466 ,
3021 2411 3063 2455 et
3103 2419 3136 2455 a
3176 2402 3407 2457 domoin
3437 2403 3642 2457 domum

2055 2486 2488 2555 circumcursans,
2522 2497 2575 2544 et
2616 2489 2880 2558 jacturam
2927 2491 3231 2547 subindicat
3257 2536 3271 2559 ,
3300 2504 3351 2549 et
3395 2510 3641 2565 magnam

2055 2575 2273 2632 exhibet
2312 2578 2830 2636 commiserationem
2860 2600 2874 2634 :
2908 2598 3030 2637 nam
3061 2584 3174 2654 ipsa
3224 2586 3386 2640 verba
3415 2596 3641 2657 possunt

2057 2669 2414 2726 calamitatem
2446 2672 2775 2743 amplificare
2805 2693 2819 2730 :
2851 2674 2931 2729 Ad
2964 2676 3191 2731 aliorum
3211 2719 3227 2744 ,
3260 2679 3434 2750 inquit
3460 2722 3475 2747 ,
3507 2681 3643 2735 ostia

2057 2762 2236 2817 venio.
2284 2761 2470 2832 Neque
2499 2764 2641 2819 enim
2673 2765 2849 2819 solum
2882 2765 3130 2822 mendico
3156 2809 3173 2835 ,
3205 2766 3298 2823 scd
3328 2769 3489 2823 etiam
3519 2785 3644 2824 erro

2057 2860 2114 2908 et
2143 2853 2455 2908 servitutem
2496 2856 2663 2910 subeo
2693 2871 2799 2911 non
2826 2866 3188 2927 exspectatam
3220 2867 3278 2915 et
3306 2875 3517 2922 novam,
3547 2876 3645 2912 un-

2057 2944 2218 3017 dique
2244 2947 2570 3003 circumiens
2595 2957 2650 3004 ct
2677 2949 3000 3005 calamitatis
3024 2951 3173 3021 signa
3216 2950 3601 3007 circumferens
3625 2994 3641 3019 ,

2057 3052 2351 3109 omnesque
2379 3038 2517 3093 mala
2563 3054 2684 3097 mea
2713 3039 2950 3107 docens;
2983 3040 3127 3112 quod
3168 3043 3407 3098 omnium
3449 3044 3643 3098 miser-
3706 3031 3713 3038 ’

2058 3131 2252 3186 rimum
2295 3141 2413 3199 est,
2444 3133 2663 3188 domum
2710 3132 3023 3205 frequenter
3066 3146 3293 3192 mutare.
3349 3135 3533 3208 Neque
3565 3137 3647 3192 hic

2058 3223 2381 3281 lamentandi
2413 3225 2571 3282 linem
2621 3227 2746 3283 fecit
2768 3269 2782 3292 ,
2812 3228 2906 3285 sed
2934 3229 3212 3298 subjunxit
3248 3229 3435 3286 dicens
3475 3249 3488 3284 :
3537 3230 3645 3285 Ea:-

2057 3325 2291 3386 spectans
2318 3317 2475 3372 solem
2503 3319 2708 3388 quando
2748 3320 2959 3386 occidet,
2985 3331 3032 3375 et
3062 3322 3370 3391 requiescant
3397 3341 3429 3376 α
3458 3324 3648 3376 labori-

2060 3407 2152 3462 bus
2179 3410 2301 3463 meis
2326 3419 2372 3464 et
2402 3427 2434 3463 a
2461 3410 2723 3466 doloribus
2763 3413 2849 3482 qui
2872 3429 2950 3466 me
2978 3415 3292 3468 circumdant
3321 3425 3367 3469 et
3404 3414 3647 3468 detinent.

2062 3498 2214 3565 Quod
2243 3501 2386 3553 enim
2413 3501 2535 3555 aliis
2564 3516 2730 3556 suave
2758 3512 2843 3557 est
2868 3543 2883 3567 ,
2926 3503 3097 3573 inquit
3121 3543 3139 3569 ,
3182 3504 3390 3558 radium
3422 3504 3603 3557 videre
3633 3544 3649 3566 ,

2064 3588 2169 3645 hoc
2196 3590 2323 3643 mihi
2356 3606 2517 3659 grave
2542 3609 2557 3657 ;
2587 3591 2972 3647 desiderabiles
2998 3602 3175 3649 autem
3206 3594 3337 3648 mihi
3375 3603 3501 3649 sunt
3546 3611 3652 3651 nox

2064 3692 2120 3739 et
2148 3682 2382 3737 tenebra:
2409 3698 2425 3745 ;
2466 3681 2549 3739 ba:
2580 3684 2708 3739 mihi
2739 3700 2769 3739 a
2806 3685 3094 3743 sudoribus
3121 3686 3355 3758 quietem
3397 3687 3611 3758 pariunt
3635 3730 3650 3752 .

2065 3775 2151 3830 hie
2179 3775 2313 3831 mihi
2365 3786 2492 3831 sunt
2536 3777 2588 3832 in
2633 3778 2786 3833 malis
2818 3780 3134 3836 consolatio.
3179 3780 3288 3837 Sed
3332 3781 3413 3835 dic
3453 3779 3654 3836 verbum

2065 3878 2243 3923 contra
2279 3867 2588 3934 Dominum,
2623 3879 2670 3924 ct
2702 3888 2916 3926 morere.

2159 3962 2212 4018 5.
2256 3962 2500 4019 Vidistin’
2551 3965 2639 4020 hic
2687 3981 2899 4035 quoque
2949 3967 3279 4038 nequitiam?
3334 3985 3442 4040 quo
3496 3976 3651 4038 pacto

2066 4051 2119 4107 in
2166 4054 2391 4109 consilio
2433 4070 2530 4110 suo
2579 4072 2685 4110 non
2737 4058 2916 4111 statim
2977 4059 3248 4115 induxerit
3294 4061 3650 4130 perniciosam

2064 4144 2524 4211 adhortationem,
2573 4147 2667 4203 sed
2722 4164 2842 4203 cum
2898 4152 3045 4221 prius
3101 4152 3435 4206 calamitates
3491 4152 3654 4205 misc-

2064 4235 2305 4291 rabiliter
2371 4247 2723 4303 enarrasset,
2782 4249 2835 4293 et
2901 4241 3212 4310 tragmdiam
3277 4239 3654 4309 cxtendisset,

2064 4328 2250 4397 paucis
2277 4328 2462 4383 verbis
2510 4328 2941 4384 adhortationem
2988 4332 3173 4399 ponit,
3209 4346 3380 4399 neque
3409 4329 3551 4384 clare
3597 4332 3660 4383 il-

2067 4420 2168 4474 lam
2198 4419 2423 4483 indicat,
2456 4419 2549 4474 sed
2577 4421 2923 4476 subindicans
2957 4423 3103 4477 illam
3132 4464 3148 4490 ,
3178 4424 3414 4479 maxime
3441 4423 3657 4479 deside-

2067 4512 2289 4567 rabilem
2333 4512 2430 4583 ipsi
2473 4515 2722 4583 proponit
2758 4515 3127 4571 liberationem
3155 4557 3171 4584 ,
3204 4526 3258 4570 et
3297 4527 3520 4571 mortem
3554 4516 3653 4571 de-

2072 4604 2316 4668 nuntiat,
2349 4621 2507 4675 quam
2536 4622 2881 4677 smnmoperc
2905 4609 3164 4678 optabat?
3194 4608 3261 4664 Et
3293 4610 3417 4665 hinc
3443 4628 3660 4681 quoque

2066 4697 2290 4751 observa
2338 4697 2536 4752 diaboli
2587 4698 2851 4752 vafritiem
2899 4709 2954 4754 et
2999 4700 3278 4757 malitiam.
3329 4702 3461 4771 Quia
3509 4705 3655 4758 enim

2068 4788 2269 4843 sciebat
2296 4787 2416 4843 Johi
2444 4805 2683 4844 amorem
2711 4807 2835 4860 erga
2863 4791 3046 4858 Deum,
3074 4810 3179 4849 non
3207 4795 3333 4850 sinit
3372 4796 3653 4850 mulierem

2068 4879 2234 4934 Deum
2278 4895 2568 4946 accusare,
2618 4896 2683 4937 ne
2725 4882 2812 4937 ille
2845 4891 2899 4937 ut
2949 4883 3215 4941 inimicam
3264 4886 3432 4955 ipsam
3473 4890 3656 4941 statim

2067 4983 2428 5029 aversaretur.
2465 4973 2590 5029 ldco
2631 4976 2748 5045 ejus
2778 4994 3036 5047 nusquam
3084 4980 3359 5047 meminit,
3395 4981 3487 5036 sed
3531 4999 3654 5052 qua:

2067 5066 2374 5121 acciderant
2419 5081 2511 5121 sus
2556 5066 2730 5137 deque
2777 5079 2974 5126 versat.
3030 5072 3109 5127 Tu
3157 5083 3373 5139 autem,
3418 5090 3540 5129 cum
3585 5077 3654 5130 iis

2066 5173 2185 5226 qtae
2207 5158 2345 5212 dicta
2378 5170 2502 5213 sunt
2528 5201 2542 5225 ,
2565 5160 2701 5215 adde
2728 5163 3009 5218 mulierem
3035 5164 3195 5221 fuisse
3227 5181 3347 5236 qua:
3369 5165 3470 5224 hoc
3494 5168 3655 5223 dabat

2067 5251 2353 5305 consilium
2381 5292 2396 5315 ,
2429 5251 2805 5309 vehementem
2855 5264 3124 5312 oratorem
3153 5259 3220 5313 ad
3251 5275 3343 5315 eos
3374 5262 3650 5331 pellicien-

2066 5340 2165 5395 dos
2191 5341 2281 5412 qui
2309 5358 2413 5396 non
2443 5343 2747 5400 attendunt.
2777 5345 2924 5401 Multi
2952 5358 3099 5404 certe
3140 5351 3300 5405 etiam
3327 5354 3528 5422 absque
3560 5367 3651 5405 ca-

2067 5433 2393 5490 lamitatibus
2423 5450 2451 5488 a
2480 5437 2596 5491 solo
2624 5437 2905 5494 mulierum
2937 5441 3166 5497 consilio
3191 5443 3382 5513 dejecti
3417 5444 3652 5495 luerunt.

2066 5524 2203 5591 Quid
2230 5526 2387 5596 igitur
2414 5526 2501 5582 hic
2527 5528 2607 5583 vir
2642 5529 2850 5597 beatus,
2879 5541 2931 5586 et
2953 5532 3234 5588 adamante
3256 5533 3478 5588 fortior?
3505 5532 3659 5582 Aeri-

2069 5626 2152 5671 ter
2181 5617 2324 5671 illam
2353 5617 2607 5686 intuitus,
2654 5634 2683 5675 a
2723 5621 2842 5676 solo
2871 5633 3086 5692 aspectu
3108 5665 3122 5689 ,
3154 5633 3434 5691 antequam
3467 5634 3657 5671 vocem

2067 5707 2368 5773 emitteret,
2400 5710 2677 5766 machinas
2721 5711 2947 5780 depulit.
2998 5713 3085 5766 Illa
3121 5714 3261 5768 enim
3293 5710 3546 5777 sperabat
3596 5722 3656 5761 sc

2068 5801 2427 5876 lacrymarum
2458 5805 2631 5863 fontes
2659 5813 2923 5861 moturam
2972 5819 3089 5861 esse
3135 5822 3148 5858 :
3199 5802 3284 5857 hic
3325 5816 3452 5855 vero
3499 5798 3672 5852 lenus
