3990 6168
339 340 447 392 ρπςι

348 442 725 498 vehementior
750 439 871 505 fuit,
899 439 974 493 ira
1019 444 1074 491 et
1136 434 1501 505 indignatione
1545 434 1734 504 plenus
1761 475 1776 497 ,
1825 449 1930 488 non

351 551 451 604 pro
491 535 559 588 iis
599 548 718 602 qua:
766 529 1102 601 patiebatur,
1151 527 1245 583 sed
1294 535 1512 596 propter
1555 527 1777 580 consilia
1816 541 1934 595 quie

348 625 613 681 diabolice
638 623 706 678 ab
734 622 824 676 illa
854 621 977 675 data
1005 629 1163 683 sunt;
1197 628 1253 674 et
1281 620 1396 690 ipso
1424 626 1643 689 aspectu
1690 618 1934 688 indigna-

350 717 552 770 tionem
579 711 839 769 exhibens
859 751 875 775 ,
915 710 1191 765 moderata
1223 710 1388 763 utitur
1419 709 1821 778 increpatione:
1853 719 1926 763 et-

350 807 493 862 enim
520 806 684 861 etiam
711 804 761 858 in
788 803 1184 859 calamitatibus
1208 802 1518 856 moderatus
1544 811 1677 855 erat.
1709 801 1774 854 Et
1806 801 1930 870 quid

346 898 465 953 ait?
492 897 598 954 Cur
638 899 767 952 sicut
796 914 895 951 una
923 913 986 951 ea:
1010 896 1362 961 insipientibus
1407 893 1697 947 mulieribus
1724 894 1933 960 (optum

349 1007 403 1046 es
447 989 567 1060 (Job
603 989 659 1042 2.
694 988 826 1057 10)?
869 987 983 1041 Non
1013 988 1091 1041 sic
1121 996 1171 1040 te
1200 984 1404 1039 erudiri
1433 1025 1448 1050 ,
1482 983 1687 1053 inquit.
1722 999 1825 1036 non
1857 985 1934 1036 sic

350 1091 401 1136 te
445 1080 664 1137 educavi
708 1096 721 1132 :
774 1079 913 1133 unde
965 1092 1062 1131 nec
1107 1086 1411 1131 consortem
1458 1089 1629 1127 meam
1676 1088 1929 1141 agnosco.

347 1172 476 1227 Haec
514 1172 709 1240 quippe
736 1169 878 1224 dicta
913 1177 1039 1222 sunt
1084 1168 1282 1220 insana:
1313 1165 1592 1227 mulieris,
1624 1172 1679 1218 et
1709 1162 1931 1216 furculis

345 1265 629 1319 consilium
672 1272 774 1317 est.
807 1260 997 1317 Videu‘
1023 1260 1315 1315 sectionem
1345 1257 1697 1319 moderatam,
1723 1256 1928 1325 plagam
1976 1316 1977 1319 η

348 1372 466 1425 quae
494 1364 674 1425 posset
703 1353 951 1407 morbum
976 1367 1185 1407 curare.
1229 1349 1430 1404 Deinde
1458 1357 1577 1417 post
1603 1346 1929 1414 increpatio-

348 1460 471 1500 uem
512 1444 792 1500 consilium
822 1457 1007 1497 rursus
1036 1440 1224 1506 all‘ert,
1251 1438 1394 1509 quod
1426 1438 1594 1509 possit
1624 1437 1764 1490 illam
1793 1451 1926 1490 eon-

345 1537 535 1599 solari,
567 1545 621 1591 et
666 1535 856 1590 rationi
887 1533 1043 1589 valde
1090 1540 1512 1588 consentaneum
1537 1571 1550 1593 ,
1581 1529 1763 1583 dicens
1811 1545 1825 1580 :
1868 1525 1930 1579 Si

345 1628 478 1681 bona
501 1627 815 1697 suscepimus
853 1626 916 1679 de
939 1641 1094 1678 manu
1132 1622 1344 1677 Domini
1367 1663 1382 1687 ,
1411 1622 1548 1675 mata
1578 1636 1679 1674 non
1705 1619 1925 1672 sustine-

345 1720 551 1774 bimus?
594 1717 898 1773 Recordare
922 1716 1099 1779 enim,
1131 1715 1336 1784 inquit,
1385 1714 1624 1783 priorum
1671 1711 1926 1775 illorum,

347 1822 402 1866 et
455 1822 629 1866 tecum
681 1819 867 1879 reputa
916 1815 1224 1872 auctorem,
1265 1815 1319 1860 et
1346 1804 1463 1859 haec
1511 1803 1719 1857 fortiter
1765 1801 1925 1855 feres.

349 1901 589 1955 Vidistiu‘
618 1899 1041 1956 moderationem
1090 1897 1228 1952 viri?
1278 1895 1387 1951 Nec
1429 1894 1576 1950 enim
1624 1889 1923 1946 fortitudini

340 2008 453 2048 sua:
478 1993 790 2063 patientiam
817 2005 970 2046 suam
994 1987 1273 2052 adscribit,
1309 1986 1405 2040 sed
1437 2000 1502 2040 ex
1530 1998 1708 2039 rerum
1731 1996 1925 2036 conse-

342 2086 559 2152 quentia
594 2084 757 2139 fuisse
786 2084 932 2138 illam
961 2082 1110 2137 dicit.
1158 2081 1264 2135 Pro
1294 2078 1610 2148 quibusnam
1655 2074 1799 2129 enim
1833 2073 1923 2127 illa

1091 318 1149 375 S.
1186 317 1462 374 JOANNlS
1498 314 1962 374 CIlliYSOSTOMl
2003 319 2312 377 AliCllll'lP.
2357 324 2883 386 CONSTAN'I'INOP.

3522 338 3625 396 2ίο

2045 435 2196 489 nobis
2218 436 2365 491 dedit
2395 440 2571 495 Deus?
2594 457 2752 513 quam
2774 445 3073 514 rependens
3094 452 3624 511 remunerationem?

2040 528 2279 595 Nullam;
2311 532 2404 586 sed
2445 548 2510 587 ex
2543 536 2653 589 Sola
2703 536 3027 608 benignitate
3052 555 3148 595 sua
3191 559 3205 594 :
3254 542 3452 599 donum
3482 549 3622 603 enim

2039 629 2173 685 erat,
2203 635 2306 675 non
2337 624 2655 691 retributio;
2686 629 2877 698 gratia,
2923 646 3027 683 non
3057 635 3441 689 remuneratio.
3480 638 3624 705 Ergo

2041 709 2156 763 lure
2185 711 2395 767 fortiter
2421 713 2674 770 feramus.
2708 717 2820 772 lloe
2851 729 2902 774 et
2932 721 3027 773 viri
3060 730 3115 775 ct
3142 723 3396 779 mulieres
3427 727 3623 782 inscri-

2040 811 2186 869 ptum
2213 803 2414 859 dictum
2446 806 2774 875 habeamus;
2806 811 2921 865 haec
2950 813 3109 867 verba
3135 814 3186 868 in
3213 828 3391 870 mente
3423 819 3625 874 inscul-

2041 907 2224 960 pamus
2245 934 2260 958 ,
2286 903 2341 949 et
2373 896 2486 951 hmc
2513 908 2565 953 et
2592 914 2655 954 ea
2683 916 2802 968 qua:
2830 903 3141 970 praecedunt
3185 923 3199 960 :
3246 917 3300 960 et
3343 907 3624 966 historiam

2039 978 2298 1039 malorum
2340 987 2491 1056 ejus,
2522 990 2668 1046 velut
2700 992 2986 1062 imaginem
3018 995 3071 1048 in
3112 1006 3347 1052 mentem
3380 1010 3620 1056 nostram

2040 1075 2423 1146 inscribentes,
2466 1081 2729 1151 jacturam
2772 1085 2891 1139 dico
2935 1089 3624 1157 pecuuiarum,tiliossub-

2032 1163 2174 1222 latos
2211 1211 2229 1237 ,
2302 1173 2546 1239 corporis
2595 1175 2844 1244 plagam,
2895 1179 3180 1247 approbria
3216 1221 3231 1245 ,
3281 1182 3552 1239 irrisiones
3596 1229 3611 1249 ,

2038 1260 2221 1313 uxoris
2248 1260 2522 1318 machinas
2541 1304 2556 1328 ,
2589 1264 2784 1320 diaboli
2817 1267 3068 1331 insidias,
3098 1285 3289 1325 omnes
3319 1288 3424 1326 uno
3452 1277 3614 1330 verba

2030 1348 2157 1416 justi
2188 1352 2518 1408 calamitates
2541 1396 2556 1421 ,
2590 1357 2741 1411 nobis
2784 1358 2834 1410 in
2868 1368 3078 1428 portum
3126 1362 3418 1418 maximum
3450 1380 3613 1434 appa-

2037 1456 2213 1497 remus
2241 1462 2253 1496 :
2292 1454 2349 1497 ut
2392 1447 2570 1500 omnia
2600 1446 2810 1503 fortiter
2835 1459 2889 1505 et
2935 1466 3056 1506 eum
3083 1455 3377 1523 gratiarum
3406 1460 3615 1514 actione

2036 1531 2266 1589 ferentes
2288 1576 2302 1596 ,
2332 1543 2388 1589 et
2428 1536 2478 1590 in
2527 1541 2773 1605 prresenti
2806 1541 2913 1595 vita
2944 1557 3230 1599 maerorem
3276 1562 3494 1603 omnem
3524 1550 3619 1605 de-

2036 1626 2294 1694 pellamus
2317 1668 2332 1692 ,
2360 1639 2414 1682 et
2445 1629 2511 1684 de
2538 1630 2639 1685 hac
2662 1631 3038 1690 benedictione
3068 1638 3375 1693 mercedem
3413 1641 3616 1695 refera-

2033 1731 2173 1780 mus,
2191 1719 2358 1787 gratia
2382 1729 2435 1773 et
2458 1720 2785 1792 benignitate
2817 1725 3026 1781 Domini
3049 1730 3219 1783 nostri
3239 1730 3368 1785 Jesu
3393 1732 3612 1801 Christi,

2031 1809 2246 1876 quicum
2291 1809 2433 1864 Patri
2464 1819 2519 1866 et
2548 1828 2651 1868 una
2699 1814 2919 1884 Spiritui
2966 1829 3153 1873 sancto
3195 1820 3405 1889 gloria,
3448 1823 3615 1891 impe-

2032 1899 2171 1953 rium
2196 1941 2209 1964 ,
2244 1899 2445 1968 honor,
2484 1919 2625 1959 nunc
2649 1915 2703 1960 et
2741 1921 2987 1978 seraper,
3028 1918 3085 1965 et
3124 1909 3177 1965 in
3216 1912 3413 1967 smcula
3440 1930 3613 1968 sate-u-

2031 1989 2226 2046 lurum.
2259 1993 2449 2049 Amen.

340 2193 3613 2224 MM

1674 2233 2022 2318 HOMILIA
2068 2257 2307 2323 XXIX.

337 2412 465 2468 Car.
506 2412 594 2467 12.
635 2428 686 2465 v.
730 2413 780 2466 l.
825 2410 900 2464 De
925 2408 1271 2479 spiritualibus
1300 2415 1463 2459 autent
1491 2444 1505 2469 ,
1537 2405 1720 2474 fratres
1743 2440 1758 2466 ,
1799 2398 1917 2453 nota

408 2523 493 2560 vos
518 2506 769 2576 ignorare.
798 2502 853 2556 2.
883 2502 1039 2556 Scitis
1060 2508 1228 2553 autent
1252 2497 1386 2568 quod
1405 2512 1516 2549 cum
1539 2503 1707 2565 gentes
1726 2493 1915 2556 essetis,

407 2600 475 2652 ad
500 2598 773 2653 simulacra
800 2604 936 2648 muta
965 2595 1112 2664 prout
1141 2591 1455 2645 ducebamini
1486 2598 1677 2642 euntes.

410 2692 459 2745 Ι.
506 2689 601 2744 llic
629 2698 770 2743 totus
795 2687 942 2741 locus
973 2684 1127 2739 Valde
1171 2681 1434 2738 obscurus
1462 2689 1545 2735 est
1575 2696 1586 2732 :
1620 2677 1918 2732 obscurita-

337 2793 442 2838 tem
471 2798 597 2837 vero
628 2780 765 2852 parit
813 2776 1074 2849 ignoratio
1103 2791 1286 2830 eorum
1321 2790 1437 2845 qua:
1477 2782 1602 2826 tunc
1641 2771 1916 2839 continge-

337 2875 495 2939 bant,
530 2889 669 2928 nunc
697 2882 872 2926 autem
903 2886 1006 2924 non
1043 2871 1194 2922 fiunt.
1229 2867 1295 2921 Et
1320 2882 1415 2920 cur
1437 2879 1578 2919 nunc
1609 2878 1713 2915 non
1743 2860 1918 2915 finiit?

336 2964 478 3020 Ecce
508 2979 735 3033 namque
773 2960 1115 3017 obscuritatis
1159 2973 1317 3013 Causa
1348 2956 1509 3009 aliam
1553 2952 1705 3007 nobis
1767 2965 1921 3020 qua:-

329 3055 562 3111 stionem
585 3055 809 3125 peperit.
852 3052 958 3108 Cur
1001 3051 1143 3105 enim
1177 3057 1299 3103 tunc
1330 3047 1563 3112 fiebant,
1605 3059 1748 3099 nunc
1785 3057 1916 3097 vero

333 3148 531 3204 secus?
561 3145 664 3201 Sed
694 3145 795 3199 hoc
821 3153 1005 3216 postea
1036 3140 1317 3197 dicendum
1347 3140 1620 3193 mittamus
1649 3155 1661 3190 :
1699 3136 1912 3191 interim

334 3256 464 3295 vero
488 3255 605 3310 qua:
637 3247 763 3292 tunc
796 3237 991 3292 fiebant
1021 3247 1416 3290 recenseamus.
1457 3230 1591 3296 Quid
1619 3245 1747 3299 ergo
1791 3239 1913 3282 tunc

332 3330 717 3401 contingebat?
761 3329 817 3385 Si
877 3328 994 3399 quis
1052 3327 1446 3396 baptizaretur,
1497 3322 1691 3393 linguis
1733 3320 1910 3376 statim

334 3424 648 3495 loquebatur
674 3463 689 3488 ,
716 3431 772 3477 et
800 3437 907 3476 non
940 3421 1133 3489 linguis
1161 3426 1363 3472 tantum
1391 3458 1405 3481 ,
1449 3415 1540 3473 sed
1573 3416 1731 3470 etiam
1759 3413 1910 3469 iltllltl

331 3515 739 3587 prophetabaut,
768 3513 983 3585 quidam
1010 3528 1137 3566 vero
1160 3511 1290 3565 alias
1309 3510 1486 3580 plures
1507 3508 1731 3563 virtutes
1761 3505 1912 3562 exhi-

328 3607 543 3663 bebant.
585 3605 719 3673 Quia
759 3606 900 3662 enim
943 3603 1011 3657 ab
1048 3602 1204 3658 idolis
1233 3600 1584 3665 accedentes,
1627 3615 1747 3654 cum
1780 3598 1909 3651 nihil

327 3698 472 3753 clare
513 3701 747 3763 scirent,
782 3712 955 3765 neque
987 3696 1037 3748 in
1067 3694 1298 3764 antiquis
1328 3693 1512 3748 Bibliis
1553 3701 1736 3747 essent
1774 3691 1877 3745 edn

327 3789 430 3843 cati
456 3830 471 3853 ,
501 3788 747 3856 haptizati
779 3789 956 3841 statim
987 3784 1622 3855 Spiritumaccipiebant,
1653 3783 1907 3853 Spiritum

326 3896 458 3935 vero
485 3896 588 3934 non
618 3878 906 3942 videbant,
951 3878 1232 3932 invisibilis
1261 3892 1382 3930 cum
1412 3877 1516 3940 sit;
1555 3876 1715 3930 dabat
1739 3876 1909 3944 gratia

327 3971 524 4025 sensile
581 3968 849 4039 quoddam
907 3978 1277 4039 argumentum
1336 3968 1478 4021 illius
1540 3969 1905 4036 Operatiunis;

326 4063 570 4132 aliusque
596 4061 806 4117 Persica
839 4105 852 4127 ,
881 4060 1017 4115 alius
1044 4058 1283 4114 Romana
1309 4101 1322 4125 ,
1352 4060 1487 4113 alius
1527 4058 1703 4114 Indica
1728 4100 1741 4122 ,
1775 4058 1909 4113 alius

325 4157 427 4211 alia
459 4155 633 4227 lingua
680 4154 856 4208 statim
905 4153 1216 4223 loquebatur
1256 4174 1268 4208 :
1301 4162 1356 4209 et
1400 4152 1501 4207 hoc
1529 4153 1766 4207 externis
1809 4164 1907 4204 no-

327 4259 437 4304 tum
461 4247 705 4314 faciebat,
729 4246 983 4317 Spiritum
1006 4255 1245 4301 sanetum
1270 4245 1321 4300 in
1345 4246 1460 4317 ipso
1487 4245 1737 4315 loquente
1765 4258 1905 4299 esse.

328 4342 451 4397 Ideo
497 4343 574 4399 sic
622 4341 791 4411 ipsum
840 4340 1074 4411 appellat
1120 4337 1305 4393 dicens
1351 4356 1363 4392 :
1415 4336 1696 4404 Unicuique
1742 4346 1909 4389 autent

324 4436 663 4507 manifestatio
696 4435 921 4506 Spiritus
949 4435 1102 4487 datur
1129 4434 1196 4485 ad
1224 4432 1493 4485 utilitatem
1516 4472 1532 4497 ,
1586 4429 1905 4487 charismata

326 4545 419 4582 seu
446 4528 585 4582 dona
609 4542 803 4582 vocans
826 4525 1307 4580 manifestatiuncm
1329 4522 1579 4593 Spiritus.
1606 4521 1737 4588 Quia
1765 4520 1907 4573 enim

326 4621 554 4691 apostoli
608 4620 709 4673 hoc
762 4619 991 4689 primum
1043 4619 1250 4687 signum
1295 4622 1661 4684 acceperunt,
1723 4613 1908 4667 fideles

268 4694 275 4701 ⁸
327 4725 541 4781 quoque
588 4719 915 4778 acceperunt
958 4710 1256 4779 linguarum
1306 4706 1539 4769 donum;
1592 4720 1762 4774 neque
1803 4704 1903 4758 hoc

328 4808 500 4858 solum
527 4843 543 4866 ,
593 4800 687 4856 sed
715 4810 768 4856 et
798 4801 898 4854 alia
932 4801 1175 4869 plurima.
1219 4799 1347 4854 Nam
1389 4806 1444 4854 et
1474 4807 1712 4851 mortuos
1753 4795 1903 4850 multi

326 4893 692 4960 suscitabaut,
734 4899 789 4947 et
830 4891 1102 4946 daemonas
1151 4889 1452 4959 pellebant,
1499 4897 1555 4943 et
1600 4887 1703 4941 alia
1736 4886 1902 4940 multa

328 4986 521 5040 similia
569 4986 884 5040 mirabiliter
920 4983 1279 5054 operahantur
1310 4999 1326 5038 :
1356 4982 1603 5052 donaque
1635 4981 1907 5037 habebant

327 5079 416 5131 alii
446 5078 659 5147 quidem
692 5078 937 5149 pauciora
959 5117 975 5139 ,
1019 5075 1110 5130 alii
1148 5090 1278 5131 vero
1306 5076 1476 5145 plura.
1520 5074 1687 5145 Magis
1730 5083 1905 5129 autem

328 5189 484 5243 quam
512 5173 613 5226 alia
647 5173 824 5227 omnia
856 5169 994 5242 apud
1024 5170 1144 5226 illos
1182 5177 1300 5225 erat
1346 5168 1544 5223 donum
1575 5168 1905 5238 linguarum.

401 5266 627 5337 Spiritus
670 5266 831 5318 sancti
873 5266 1006 5318 dona
1053 5279 1209 5318 causa
1249 5263 1552 5317 schismatis.
1593 5291 1662 5299 —
1697 5261 1763 5314 Et
1793 5260 1908 5315 hzec

328 5373 487 5413 causa
518 5355 820 5412 schismatis
863 5354 968 5408 illis
995 5354 1122 5417 fuit,
1176 5367 1281 5407 non
1311 5368 1377 5409 ex
1407 5362 1592 5407 natura
1636 5367 1729 5406 sua
1752 5392 1766 5415 ,
1813 5350 1908 5407 sed

327 5466 393 5503 ex
445 5447 652 5518 ingrato
698 5445 1070 5514 accipientium
1119 5445 1319 5497 animo.
1378 5444 1510 5498 Nam
1559 5444 1647 5513 qui
1705 5443 1906 5511 majora

331 5542 637 5605 habebant,
701 5536 1068 5594 olli-rebantur
1117 5536 1373 5590 adversus
1419 5551 1511 5590 eos
1559 5535 1647 5605 qui
1700 5535 1904 5588 minora

326 5633 673 5707 possidebant
700 5647 715 5689 :
745 5630 799 5686 hi
826 5645 952 5686 vero
982 5644 1165 5685 rursus
1187 5627 1440 5683 dolebant
1460 5670 1474 5695 ,
1505 5637 1558 5682 et
1588 5629 1651 5682 iis
1673 5628 1761 5697 qui
1794 5642 1905 5682 ma-

330 5728 447 5782 iora
498 5726 755 5785 haberent
796 5723 1103 5781 invidebant
1134 5742 1145 5778 :
1178 5721 1336 5783 idaue
1364 5722 1414 5779 in
1444 5719 1787 5789 sequentibus
1815 5718 1917 5776 os?

2033 2401 2195 2454 tendit
2225 2402 2337 2471 ipse
2364 2404 2573 2461 Paulus.
2618 2408 2748 2476 Quia
2784 2409 2941 2480 igitur
2970 2410 3090 2467 hinc
3124 2412 3339 2468 letalem
3369 2414 3603 2484 accipie-

2030 2492 2159 2547 bant
2206 2494 2455 2567 plagam,
2505 2498 2631 2553 dum
2687 2501 2737 2554 in
2792 2502 2871 2555 eis
2924 2504 3119 2558 caritas
3173 2503 3604 2570 dissolveretur,

2030 2587 2254 2641 multum
2298 2589 2532 2645 studium
2563 2593 2711 2662 ponit
2756 2604 2812 2647 ut
2858 2594 2908 2647 id
2949 2595 3200 2665 corrigat.
3241 2597 3479 2667 Contigit
3507 2598 3605 2652 hoc

2027 2678 2186 2732 etiam
2216 2678 2429 2746 Romae,
2462 2681 2554 2736 sed
2595 2698 2699 2737 non
2732 2683 2833 2737 hoc
2862 2686 3039 2738 modo.
3083 2688 3420 2761 Quapropter
3445 2688 3603 2742 etiam

2028 2772 2079 2825 in
2114 2772 2345 2842 Epistula
2396 2774 2462 2829 ad
2512 2776 2781 2831 Romanos
2825 2778 2954 2832 illud
2998 2770 3178 2834 movet
3207 2781 3420 2849 quidem
3449 2823 3465 2848 ,
3512 2782 3603 2835 sed

2025 2862 2338 2919 adumliratc
2365 2874 2419 2920 et
2448 2866 2700 2932 breviter,
2732 2869 2809 2922 sic
2834 2869 3018 2924 dicens
3049 2888 3062 2924 :
3099 2870 3248 2925 Sicut
3271 2873 3400 2924 enim
3431 2874 3483 2926 in
3508 2890 3605 2927 uno

2023 2971 2233 3025 corpore
2258 2956 2419 3010 nndta
2445 2958 2664 3011 membra
2693 2959 2931 3013 habemus
2955 3002 2969 3025 ,
3000 2962 3221 3014 membra
3246 2971 3414 3015 autent
3438 2964 3607 3017 omnia

2022 3064 2122 3101 non
2144 3049 2367 3102 eamdem
2386 3050 2566 3103 [tabent
2581 3053 2919 3119 Operationetn
2942 3069 2961 3105 :
2980 3053 3053 3106 sit!
3077 3054 3222 3107 multi
3243 3070 3401 3107 unum
3422 3071 3607 3125 corpus

2021 3157 2195 3195 sumus
2249 3143 2301 3196 in
2352 3142 2554 3198 Christo
2584 3184 2598 3209 ,
2652 3145 2839 3215 singuli
2884 3155 3050 3198 autent
3102 3145 3311 3200 invicem
3359 3147 3599 3200 membra.

2024 3230 2280 3285 [labentes
2316 3243 2485 3285 autem
2517 3234 2651 3288 dona
2676 3234 2949 3288 secundum
2980 3236 3197 3306 gratiant
3237 3252 3351 3306 qua:
3378 3238 3502 3290 data
3528 3247 3602 3291 est

2020 3325 2162 3378 nobis
2191 3323 2386 3378 diversa
2408 3340 2428 3387 ;
2458 3325 2558 3378 sive
2588 3326 2899 3395 prophetiam
2928 3368 2943 3393 ,
2991 3328 3271 3381 secundum
3311 3330 3601 3399 praportio-

2020 3432 2130 3469 nem
2157 3416 2278 3484 ﬁdei
2301 3459 2315 3484 ,
2347 3419 2450 3472 sire
2484 3420 2816 3474 ministerium
2841 3463 2855 3487 ,
2902 3422 2955 3475 in
2983 3424 3318 3477 ministrando
3338 3466 3353 3491 ,
3385 3426 3489 3477 sive
3516 3428 3602 3495 qui

2020 3510 2190 3575 docet,
2225 3508 2275 3563 in
2308 3511 2536 3566 doctrina
2563 3514 2580 3586 (
2607 3514 2751 3569 Rom.
2788 3515 2873 3570 1'2.
2907 3517 2960 3571 4.
2992 3516 3080 3584 7).
3124 3517 3275 3583 Quod
3308 3528 3490 3573 autem
3526 3521 3598 3574 illi

2017 3597 2140 3654 inde
2163 3602 2214 3654 in
2242 3605 2598 3672 arrogantiam
2628 3605 2941 3672 inciderent,
2971 3607 3019 3660 id
3044 3608 3095 3661 in
3125 3610 3387 3679 principio
3411 3612 3599 3665 subiu-

2016 3691 2211 3746 dieavit
2242 3694 2309 3747 ita
2337 3695 2521 3751 dicens
2554 3713 2566 3749 :
2600 3695 2728 3750 Dico
2759 3708 2924 3751 autem
2954 3699 3093 3752 vobis
3118 3716 3207 3769 per
3246 3701 3463 3770 gratiam
3488 3717 3601 3769 qua:

2018 3783 2138 3836 data
2179 3793 2250 3838 est
2296 3785 2419 3838 mihi
2439 3828 2451 3849 ,
2485 3787 2714 3841 omnibus
2752 3789 2837 3857 qui
2873 3798 2989 3842 sunt
3031 3790 3084 3842 in
3126 3790 3265 3844 vobis
3289 3831 3305 3857 ,
3349 3806 3451 3844 non
3483 3793 3596 3861 plus

2016 3889 2192 3942 sapere
2218 3891 2368 3943 quam
2397 3888 2589 3946 Oportet
2618 3894 2814 3946 sapere,
2844 3879 2933 3932 sed
2958 3896 3140 3947 sapere
3162 3880 3231 3933 ad
3250 3881 3593 3947 sobrietatem,

2015 3966 2285 4030 unicuique
2338 3977 2391 4020 ut
2445 3968 2583 4022 Deus
2626 3969 2879 4024 distribuit
2929 3988 3215 4026 mensuram
3261 3973 3384 4041 ﬁdei
3411 3973 3591 4045 (Ibid.

2015 4071 2069 4109 ν.
2111 4058 2208 4125 5).
2249 4057 2429 4128 Itaque
2474 4076 2595 4114 cum
2643 4060 2750 4116 illis
2779 4062 2796 4131 (
2828 4078 2999 4133 neque
3042 4064 3184 4118 enim
3231 4080 3457 4135 magnus
3482 4076 3598 4120 erat

2018 4146 2237 4202 morbus
2263 4149 2462 4205 dissidii
2488 4160 2541 4206 et
2560 4154 2914 4224 arrogantia)
2938 4155 3015 4210 sic
3033 4155 3286 4211 disseruit
3313 4173 3327 4210 :
3355 4156 3445 4214 hic
3469 4172 3595 4214 vero

2015 4252 2134 4291 cum
2166 4240 2332 4295 multo
2362 4241 2577 4307 studio;
2611 4259 2734 4301 nam
2767 4244 2986 4301 moibus
3012 4246 3168 4302 valde
3211 4247 3592 4302 invalescebat.

2017 4330 2087 4384 At
2107 4346 2210 4384 non
2232 4332 2332 4387 hoc
2360 4341 2564 4387 tantum
2589 4334 2708 4389 illos
2737 4337 3110 4403 conturbaltat,
3141 4337 3235 4392 sed
3260 4338 3408 4392 multi
3437 4347 3592 4393 erant

2016 4419 2134 4476 istic
2175 4422 2473 4479 divinantes
2495 4464 2510 4490 ,
2541 4425 2681 4494 quod
2711 4427 2837 4480 urbs
2881 4428 2968 4481 illa
2999 4426 3311 4483 Grmcorum
3340 4429 3585 4483 moribus

2013 4512 2221 4568 addicta
2248 4524 2409 4580 esset,
2440 4527 2493 4572 et
2520 4532 2641 4571 cum
2665 4517 2784 4573 aliis
2812 4517 2913 4573 hoc
2938 4534 3154 4589 quoque
3181 4520 3301 4579 illos
3330 4521 3589 4591 supplan-

2016 4607 2160 4661 tabat
2186 4616 2235 4662 et
2269 4608 2532 4663 turbabat.
2575 4609 2907 4681 Quapropter
2935 4611 3144 4666 orditur
3182 4619 3426 4666 statuens
3465 4611 3593 4680 quid

2014 4699 2296 4755 interesset
2321 4700 2645 4756 discriminis
2674 4702 3052 4757 divinationem
3085 4703 3226 4757 inter
3260 4711 3318 4756 et
3349 4704 3589 4772 prophe-

2016 4793 2163 4847 tiam.
2207 4792 2492 4863 Propterea
2521 4795 2681 4849 etiam
2719 4794 3072 4850 discretiones
3114 4794 3399 4865 spirituum
3435 4810 3592 4850 acce-

2015 4891 2241 4952 perunt,
2274 4892 2331 4937 ut
2357 4883 2726 4940 discernerent
2763 4893 2818 4939 et
2862 4885 3099 4951 scirent,
3134 4885 3253 4954 quis
3280 4885 3595 4954 loqueretur

2014 4990 2111 5044 per
2139 4976 2393 5030 uiundum
2438 4977 2679 5048 spiritum
2710 5020 2726 5045 ,
2773 4978 2891 5048 quis
2920 4994 3013 5048 per
3063 4977 3417 5033 immundum.
3460 4978 3593 5047 Quia

2013 5069 2154 5123 enim
2186 5085 2250 5124 ex
2281 5071 2394 5140 ipsa
2438 5086 2499 5126 re
2539 5087 2643 5125 non
2676 5080 2883 5140 poterat
2912 5071 3175 5126 dictorum
3202 5070 3594 5127 demonstratio

2015 5162 2239 5230 praaheri
2270 5162 2287 5233 (
2314 5162 2589 5233 prophetia
2619 5164 2758 5218 enim
2810 5180 2914 5219 non
2946 5165 3001 5219 in
3044 5173 3289 5235 tempore
3329 5182 3440 5236 quo
3467 5183 3592 5238 pro'

2015 5252 2217 5317 fertur,
2268 5254 2361 5309 sed
2409 5254 2464 5309 in
2512 5264 2752 5323 tempore
2795 5265 3018 5310 eventus
3066 5257 3425 5325 pronuntiata:
3473 5257 3550 5311 rei
3580 5297 3593 5321 ,

2014 5344 2254 5398 veritatis
2301 5360 2410 5399 sua:
2458 5355 2828 5415 argumentum
2884 5348 3166 5416 prazbet);
3214 5363 3391 5417 neque
3436 5348 3595 5404 facile

2013 5443 2129 5489 erat
2170 5436 2313 5490 illam
2358 5438 2724 5494 internoscere
2749 5480 2764 5504 ,
2805 5439 3089 5509 dicereque
3126 5440 3244 5509 quis
3288 5440 3551 5511 propheta
3576 5480 3594 5507 ,

2014 5525 2134 5594 quis
2173 5528 2397 5583 mendax
2438 5541 2580 5586 esset
2624 5530 2862 5603 (etenim
2911 5547 3031 5587 cum
3082 5533 3343 5586 scelestus
3391 5542 3446 5586 et
3491 5533 3594 5587 im-

2016 5617 2243 5674 mundus
2272 5619 2340 5674 sit
2365 5620 2645 5694 diabolus,
2696 5627 2748 5680 In
2789 5620 3074 5694 prophetas
3118 5637 3236 5678 sese
3281 5622 3553 5692 injiciehat
3579 5664 3595 5689 ,

2016 5712 2175 5769 falsos
2233 5715 2495 5774 inducetis
2538 5716 2869 5803 prophetas,
2923 5728 2983 5798 u_t_
3019 5718 3111 5789 qui
3164 5729 3217 5773 ct
3268 5715 3367 5786 ipsi
3419 5714 3597 5772 futura
