3990 6168
376 314 479 371 ειι

373 428 650 504 φητεύων,
681 428 765 494 τίς
800 425 857 482 δὲ
878 428 910 481 6
933 425 1263 497 ψευδόμενος
1295 425 1414 498 (καὶ
1449 425 1559 497 γάρ
1592 424 1788 498 μιαρδς
1814 423 1892 478 ὢν
1919 424 1947 478 6

371 514 620 578 διάϐολος
660 510 903 582 ἐπειοῄει
942 511 1058 573 τοῖς
1102 507 1531 579 προφητεύουσι,
1566 508 1949 579 ψευδοπροφή-

373 617 474 663 τας
495 598 732 666 είσάγων
759 593 842 659 ὡς
867 592 1028 664 δῆθεν
1046 591 1122 646 τά
1149 592 1416 663 μέλλοντα
1443 592 1810 663 προλέγοντας
1855 592 1952 645 καὶ

373 682 614 750 αὑτούς)·
643 675 764 734 εἶτα
795 677 984 749 ἐπειδὴ
1009 676 1148 740 τέως
1178 676 1447 732 ἀνεύθυνα
1472 672 1542 749 ἦν
1563 676 1631 731 τά
1658 675 1947 746 λεγόμενα,

372 764 527 819 οὔπω
549 763 660 817 τῶν
684 760 1023 834 πραγμάτων
1040 760 1318 815 ἐκϐάντων
1343 760 1472 832 περὶ
1501 755 1577 814 ῶν
1600 759 1946 831 προελέγετο,

374 845 470 901 καὶ
491 843 690 916 ῥᾳδίως
721 842 1093 916 παρεκρούετο
1113 842 1223 913 (τὸν
1246 843 1354 913 γάρ
1382 841 1712 913 ψευδόμενον
1741 840 1950 895 καὶτὸν

371 926 706 999 ἀληθεύοντα
735 926 798 980 τὸ
818 926 971 992 τέλος
1001 927 1290 998 ῆλεγχενΥ
1325 926 1412 980 ἵνα
1438 924 1502 997 δὴ
1544 924 1679 997 μηδέ
1718 923 1826 994 πρὸ
1852 921 1946 977 τοῦ

371 1009 561 1074 τέλους
587 1008 911 1063 ἀπατῶνται
941 1010 992 1062 οί
1028 1009 1317 1081 ἀκροαταὶ,
1363 1007 1586 1063 δίδωσιν
1613 1006 1799 1069 αὐτοῖς
1851 1022 1950 1076 ση-

376 1096 548 1166 μεῖον,
578 1092 607 1147 ὃ
627 1094 722 1147 καὶ
742 1093 849 1163 πρὸ
877 1094 976 1164 τῆς
1004 1093 1285 1156 ἐκϐάσεως
1316 1092 1525 1146 ἐδείκνυ
1560 1089 1747 1144 τοῦτον
1768 1089 1951 1143 κάκεῖ-

373 1194 482 1232 νον·
517 1176 614 1230 καὶ¹
637 1175 884 1229 ἐντεῦθεν
914 1174 1094 1229 λαϐὼν
1114 1173 1438 1228 ἀκολουθίαν
1458 1174 1554 1227 καὶ
1572 1172 1770 1244 ἀρχὴν,
1805 1168 1950 1224 οὕτω

374 1262 470 1315 καὶ
500 1262 579 1325 εἰς
618 1261 709 1314 τὸν
760 1259 1026 1331 περὶτῶν
1075 1259 1430 1331 χαρισμάτων
1473 1256 1716 1311 ἐκϐαίνει
1766 1254 1948 1324 λόγον,

376 1345 473 1400 καὶ
518 1343 617 1415 τὴν
664 1342 996 1413 φιλονεικίαν
1040 1341 1349 1414 διορθοῦται
1392 1343 1493 1413 τὴν
1544 1341 1640 1395 καὶ
1692 1339 1949 1394 ἐντεῦθεν

375 1428 687 1500 γινομένην.
715 1427 864 1491 Τέως
894 1426 1080 1496 μέντοι
1098 1424 1192 1479 τοῦ
1219 1425 1348 1497 περὶ
1375 1426 1485 1479 τῶν
1516 1424 1763 1496 μάντεων
1789 1423 1951 1494 ἀρχε-

377 1529 466 1568 ται
492 1511 654 1580 λόγου
706 1509 851 1564 οὕτω
880 1510 1079 1580 λέγων’
1115 1509 1258 1578 Περί
1288 1508 1358 1563 δὲ
1386 1505 1501 1564 τῶν
1529 1506 1952 1577 πνευματικῶν

374 1595 451 1651 οὐ
493 1594 647 1649 θέλω
682 1590 839 1662 ὑμᾶς
865 1593 1126 1662 ἀγνοεῖν,
1177 1592 1449 1662 ἀδελφοίι
1501 1589 1852 1662 πνευματικά
1881 1588 1951 1643 τὰ

378 1678 582 1746 σημεῖα
613 1673 817 1741 καλῶν,
843 1675 925 1729 ὅτι
968 1675 1142 1729 ταῦτα
1185 1675 1324 1747 ἔργα
1364 1674 1458 1728 τοῦ
1493 1672 1815 1745 Πνεύματος
1851 1672 1949 1742 μό·-

374 1774 494 1824 νου,
543 1757 694 1812 οὐδὲν
737 1757 1085 1829 ἀνθρωπίνης
1122 1757 1553 1829 ἐπεισφερούσης
1602 1754 1841 1825 σπουδῆς
1874 1755 1953 1819 εἰς

374 1839 437 1895 τδ
465 1839 535 1893 τά
558 1839 783 1894 τοιαῦτα
814 1839 1272 1912 θαυματουργεῖν.
1303 1838 1413 1895 Καὶ
1454 1838 1665 1911 μέλλων
1689 1839 1819 1909 περὶ
1849 1837 1949 1891 αύ-

374 1923 483 1977 τῶν
511 1921 875 1991 διαλέγεσθαι,
908 1922 1192 1995 πρότερον,
1220 1923 1355 1993 ὅπερ
1380 1920 1539 1994 ἔφην,
1571 1921 1670 1992 τῆς
1693 1918 1953 1992 μαντείας

374 2004 474 2079 τὴν
501 2004 765 2077 διαφοράν
796 2005 889 2058 καὶ
933 2007 1033 2076 τῆς
1061 2005 1401 2077 προφητείας
1430 2004 1666 2076 τίθησιν,
1695 2002 1839 2057 οὕτω
1865 2001 1953 2055 λέ-

376 2105 509 2159 γων·
548 2088 758 2143 Οτδατε
786 2087 876 2143 ὅτι
901 2087 1000 2142 ὅτε
1029 2088 1177 2159 ἔθνη
1205 2084 1334 2159 ἦτε,
1363 2088 1514 2157 πρὸς
1536 2087 1611 2141 τά
1636 2086 1855 2141 εἰδωλα
1878 2082 1953 2137 τὰ

376 2172 607 2243 ἄφωνα,
635 2173 716 2238 ὡς
755 2171 831 2227 ἂν
880 2171 1119 2240 ἤγεσθε,
1164 2172 1550 2242 ἀπαγόμενοι.
1588 2170 1654 2223 '0
1685 2168 1743 2223 δέ
1773 2168 1949 2236 λέγει,

375 2256 534 2310 τοῦτό
562 2258 731 2311 ἐστιν’
766 2255 856 2309 Ἐν
884 2257 998 2318 τοῖς
1027 2254 1263 2319 εἰδώλοις
1295 2267 1346 2320 ι,
1379 2255 1564 2324 φησιν,
1597 2252 1781 2305 εἰποτε
1813 2265 1952 2304 κατ-

377 2338 574 2412 εσχέθη
623 2356 708 2403 τις
764 2338 869 2393 ὑπὸ
920 2337 1231 2409 πνεύματος
1280 2335 1593 2408 ἀκαθάρτου
1638 2334 1736 2388 καὶ
1778 2332 1951 2404 ἐμαν-

376 2423 588 2488 τεύετο,
616 2423 805 2494 ὥσπερ
857 2421 1224 2491 ἀπαγόμενος,
1271 2419 1448 2483 οὕτως
1484 2418 1698 2473 εῖλκετο
1724 2417 1828 2471 ὑπὸ
1853 2415 1949 2470 τοῦ

379 2505 690 2577 πνεύματος
735 2504 1038 2576 δεδεμένος,
1084 2503 1236 2557 οὐδὲν
1268 2500 1428 2566 εἰδὼς
1462 2494 1539 2555 ὧν
1564 2500 1734 2570 λέγει.
1781 2498 1952 2553 Τοῦτο

278 2610 287 2623 τ
379 2591 491 2661 γάρ
518 2590 762 2661 μάντεως
788 2589 936 2652 ῐδιον,
967 2587 1028 2639 τὸ
1051 2586 1421 2656 ἐξεστηκέναι,
1458 2585 1516 2640 τὸ
1547 2586 1795 2656 ἀνάγκην
1818 2585 1953 2638 ὑπο-

383 2673 586 2746 μένειν,
612 2672 674 2727 τὸ
700 2670 979 2736 ὠθεῖσθαι,
1010 2669 1071 2723 τὸ
1097 2668 1374 2733 ἕλκεσθαι,
1400 2670 1460 2726 τὸ
1482 2669 1739 2741 σύρεσθαι
1764 2668 1952 2738 ὥσπερ

385 2755 730 2827 μαινόμενον.
778 2755 837 2808 '0
877 2753 938 2807 δὲ
972 2753 1259 2825 προφήτης
1286 2753 1386 2822 οὑχ
1416 2751 1608 2817 οὕτως,
1639 2751 1776 2806 ἀλλά
1814 2750 1953 2823 μετά

378 2839 618 2903 διανοίας
655 2835 953 2909 νηφούσης,
985 2836 1080 2889 καὶ
1112 2835 1499 2907 σωφρονούσης
1540 2836 1951 2898 καταστάσεως,

383 2923 479 2978 καὶ
512 2921 667 2984 εἰδὼς
715 2921 751 2975 ἀ
799 2921 1118 2989 φθέγγεται,
1172 2920 1337 2990 φησὶν
1370 2920 1607 2974 ἃπαντα.
1650 2920 1813 2973 Ὥστε
1860 2917 1956 2972 καὶ

384 3004 491 3075 πρὸ
515 3007 613 3073 τῆς
639 3002 913 3064 ἐκϐάσεως
938 3000 1234 3055 κάντεῦθεν
1263 3001 1497 3073 γνώριζε
1523 3002 1612 3055 τὸν
1646 3004 1838 3073 μάντιν
1861 3000 1955 3054 καὶ

382 3087 474 3139 τὸν
510 3086 812 3155 προφήτην.
854 3084 964 3136 Καὶ
998 3083 1188 3137 σκόπει
1213 3084 1328 3148 πῶς
1357 3083 1667 3139 ἀνύποπτον
1697 3087 1842 3138 ποιεῖ
1865 3085 1956 3137 τὸν

383 3168 559 3236 λόγον·
598 3168 794 3228 αὐτοὺς
827 3167 1109 3238 μάρτυρας
1156 3166 1312 3220 καλεῖ
1340 3169 1464 3233 τοὺς
1495 3170 1552 3221 ἐν
1576 3170 1641 3239 τῇ
1675 3170 1838 3239 πείρᾳ
1861 3168 1956 3221 τοῦ

385 3250 712 3322 πράγματος
765 3248 1110 3320 γενομένους.
1134 3250 1259 3303 Ὅτι
1289 3248 1397 3322 γάρ
1429 3252 1490 3304 οὑ
1527 3250 1816 3321 ψεύδομαι,
1851 3267 1956 3322 φη-

386 3341 494 3404 σὶν,
520 3338 642 3394 οὑδέ
694 3336 881 3400 ἀπλῶς
925 3335 1167 3407 διασύρω
1197 3336 1266 3390 τά
1294 3336 1402 3391 τῶν
1438 3335 1630 3402 ἐθνῶν,
1661 3334 1737 3399 ὡς
1765 3334 1957 3407 ἐχθρὸς

386 3423 657 3484 πλάττων,
702 3420 856 3475 αὐτοὶ
903 3418 1063 3491 ὑμεῖς
1115 3436 1205 3489 μοι
1256 3420 1665 3491 μαρτυρήσατε·
1716 3419 1812 3473 καὶ
1847 3418 1956 3488 γάρ

382 3505 566 3561 οῖδατε
615 3505 706 3557 ὅτε
732 3503 992 3575 ’Έλληνες
1032 3498 1154 3573 ἦτε,
1188 3501 1306 3566 πῶς
1357 3503 1639 3575 ἀπηγεσθε
1673 3500 1957 3570 ἑλκόμενοι

383 3589 528 3642 τότε.
570 3586 635 3641 Εἰ
675 3587 732 3641 δέ
778 3603 862 3650 τις
912 3586 1006 3639 καὶ
1038 3584 1260 3648 τούτους
1292 3585 1368 3649 ὡς
1412 3584 1641 3647 πιστοὺς
1681 3583 1959 3648 ὑπόπτους

384 3667 528 3726 εἰναι
544 3669 700 3740 φαίη,
720 3668 852 3739 φέρε
882 3670 977 3722 καὶ
1006 3669 1069 3721 ἐκ
1098 3668 1203 3722 τῶν
1230 3666 1429 3734 ἔξωθεν
1458 3665 1617 3720 τοῦτο
1646 3667 1774 3737 ὑμῖν
1802 3665 1959 3736 ποιή-

388 3771 468 3808 σω
504 3753 765 3822 φανερόν.
802 3752 1066 3805 ’Ἄκουσον
1103 3751 1233 3821 γοῦν
1276 3751 1560 3814 Πλάτωνος
1586 3751 1837 3819 λέγοντος
1864 3748 1951 3801 οῦ-

384 3853 494 3900 τως
515 3852 529 3866 ’
560 3836 768 3904 ’Ὠσπερ
791 3836 840 3886 οἱ
871 3833 1185 3903 χρησμῳδοὶ
1217 3833 1308 3885 καὶ
1327 3833 1376 3883 οἰ
1405 3832 1722 3902 θεομάντεις
1742 3832 1960 3900 λέγουσι

391 3918 492 3989 μὲν
509 3915 677 3969 πολλὰ
697 3914 791 3968 καὶ
808 3914 969 3977 καλά,
992 3915 1140 3967 ἴσασι
1161 3914 1217 3966 δὲ
1230 3914 1381 3966 οὐδὲν
1397 3910 1470 3967 ὧν
1484 3914 1643 3981 λέγου
1652 3915 1961 3967 σιν.”Ακου-

389 4017 483 4052 σον
511 3997 641 4068 γοῦν
667 3996 762 4050 καὶ
784 3996 972 4067 ἐτέρου
1009 3996 1233 4066 ποιητοῦ
1260 3995 1329 4048 τά
1357 3995 1496 4049 αὐτά
1526 3996 1956 4066 ἐνδεικνυμένου.

401 4081 620 4152 Ἐπειδὴ
642 4080 752 4151 γάρ
776 4076 1023 4141 τελεταῖς
1042 4095 1150 4131 τισι
1179 4078 1274 4131 καὶ
1305 4080 1666 4148 μαγγανείαις
1697 4080 1962 4151 κατέδησε

386 4165 618 4241 δαίμονά
659 4180 744 4226 τις
783 4163 864 4226 εἰς
909 4161 1215 4232 ἄνθρωπον,
1246 4161 1341 4214 καὶ
1374 4161 1703 4232 ἐμαντεύετο
1731 4163 1960 4226 ἐκεῖνος,

390 4252 484 4307 καὶ
516 4248 916 4321 μαντευόμενος
949 4246 1262 4317 ἐρριπτεῖτο
1304 4246 1400 4299 καὶ
1427 4247 1825 4316 ἐσπαράττετε,
1867 4252 1962 4301 καὶ

388 4334 633 4403 ἐνεγκεῖν
657 4330 751 4385 τοῦ
788 4328 1039 4399 δαίμονος
1091 4328 1191 4398 τὴν
1222 4328 1398 4401 ὁρμὴν
1425 4329 1524 4383 οὐκ
1562 4329 1815 4400 ἠδύνατο,
1843 4330 1960 4384 ἀλλ’

387 4416 541 4491 [260]
566 4414 755 4485 ἔμελλε
776 4411 1151 4483 διασπώμενος
1176 4410 1350 4477 οὕτως
1375 4412 1731 4479 ἀπόλλυσθαι,
1758 4417 1870 4478 τοῖς
1892 4413 1961 4468 τά

386 4499 610 4554 τοιαῦτα
639 4494 1046 4568 μαγγανεύουσί
1070 4510 1206 4564 φησι
1229 4509 1244 4525 ο

387 4664 629 4720 Λύσατε
653 4657 891 4722 λοιπὸν,
932 4657 1158 4711 ἄνακτα
1177 4658 1397 4728 ,βροτὸς
1431 4658 1572 4712 θεὸν
1610 4658 1811 4715 οὐκέτι
1848 4680 1963 4729 χω-

1828 4743 1961 4816 [θεῖ’

391 4894 490 4948 καὶ
519 4892 699 4958 πάλιν,

392 5039 631 5097 Λύσατε
674 5057 782 5111 μοι
830 5038 1195 5110 στεφάνους,
1243 5039 1346 5094 καί
1382 5059 1502 5111 μευ
1551 5043 1744 5108 πόδας
1792 5042 1964 5098 ὕδατι

406 5204 666 5271 ἰἰίνατε,
701 5205 797 5259 καί
846 5206 1113 5278 γραμμὰς
1148 5207 1547 5276 ἀπαλείψατε,
1601 5210 1701 5262 καί
1742 5123 1963 5278 afﬁgi

1756 5292 1960 5365 ίλοῖμι.

390 5439 577 5494 Ταῦτα
608 5436 717 5508 γάρ
765 5437 857 5491 καὶ
894 5436 963 5489 τά
1009 5437 1236 5492 τοιαῦτα
1292 5438 1409 5510 (καί
1456 5440 1563 5511 γάρ
1609 5440 1725 5495 ἐστι
1778 5442 1960 5512 πολλῷ

453 5664 477 5692 ⁸
503 5663 651 5713 εει-Η.
681 5667 817 5726 putat
859 5661 1127 5726 legendum
1165 5663 1436 5722 εἰδωλείοις.

1091 312 1150 368 S.
1187 307 1479 367 'JOANNIS
1506 302 2004 366 CHRYSOSTOMI
2042 305 2360 365 ARCHIEP.
2401 306 2959 368 CONSTANTINOP.

3511 307 3622 365 212

2056 422 2276 479 πλείονα
2324 425 2545 498 εἰπεῖν),
2579 427 2865 499 ἀμφότερα
2903 425 3075 480 ταῦτα
3104 421 3236 494 ἡμῖν
3264 422 3618 488 ἐνδείκνυται,

2060 508 2153 561 καὶ
2185 508 2285 580 τὴν
2326 509 2572 579 ἀνάγκην
2665 512 3015 581 κατεχόμενοι
3046 506 3391 562 δουλεύουσιν
3418 508 3469 561 οί
3504 508 3624 561 δαί-

2054 606 2233 659 μονες,
2267 591 2364 646 καὶ
2391 592 2491 664 τὴν
2513 592 2634 663 βίαν
2656 593 2724 664 ἢν
2749 593 3108 663 ὑπομένοντες
3134 592 3186 644 οἰ
3216 588 3476 655 καθάπαξ
3500 590 3625 643 ἐαυ-

2049 676 2175 738 τοὺς
2205 674 2452 739 ἐκδόντες
2475 676 2682 742 αὐτοῖς,
2706 677 2799 730 καὶ
2822 675 2930 730 τῶν
2958 673 3101 732 κατά
3126 672 3291 743 φύσιν
3314 671 3626 737 ἐξίστανται

2051 755 2284 826 φρενῶν.
2320 759 2432 812 Καὶ
2459 760 2492 829 ἠ
2524 758 2701 814 Πυθία
2719 758 2800 812 δέ’
2829 758 3214 827 ἀναγκάζομαι
3247 755 3359 826 γὰρ
3391 755 3489 808 καὶ
3510 755 3628 809 ἐτέ-

2054 858 2152 912 ραν
2183 841 2364 895 αὐτῶν
2393 842 2782 914 ἀσχημοσύνην
2823 839 3208 912 ἐκπομπεῦσαι
3225 838 3342 904 νῦν,
3366 839 3436 910 ἢν
3463 838 3628 893 καλὸν

2054 923 2153 994 μὲν
2191 918 2261 995 ἦν
2293 924 2581 996 παρελθεῖν
2606 924 2696 980 διὰ
2718 924 2780 979 τὸ
2809 926 2942 997 ἡμῖν
2974 922 3221 996 ἀπρεπὲς
3245 918 3388 976 εἰναι
3414 921 3484 975 τά
3512 938 3626 975 τοι·

2052 1004 2193 1058 αῦτα
2223 1003 2405 1075 λέγειν
2427 1023 2441 1037 ·
2478 1006 2619 1059 ὥστε
2647 1007 2705 1061 δέ
2739 1006 3074 1079 σαφέστερον
3099 1003 3279 1059 αὑτῶν
3306 1004 3501 1075 μαθεῖν
3524 1004 3626 1076 τὴν

2050 1086 2312 1160 αἰσχύνην
2333 1087 2384 1153 δ,
2412 1089 2707 1159 ἀναγκαῖον
2738 1090 2934 1153 εἰπεῖν,
2977 1087 3063 1142 ἵνα
3093 1085 3389 1141 κάντεῦθεν
3414 1087 3623 1158 μάθητε

2048 1171 2148 1241 τὴν
2177 1171 2495 1242 παράνοιαν,
2524 1172 2619 1225 καὶ
2639 1172 2732 1224 τὸν
2757 1170 2926 1225 πολὺν
2955 1169 3167 1239 γέλωτα
3193 1168 3306 1222 τῶν
3337 1172 3447 1232 τοῖς
3487 1169 3623 1239 μάν-

2048 1269 2165 1308 τεσι
2194 1254 2549 1327 κεχρημένων
2566 1270 2580 1285 ο
2617 1254 2837 1324 λέγεται
2865 1253 3044 1307 τοίνυν
3064 1251 3204 1324 αὕτη
3227 1253 3262 1324 η
3287 1250 3465 1307 Πυθία
3484 1253 3620 1324 γυνή

2050 1354 2136 1402 τις
2158 1334 2295 1393 οὖσα
2327 1337 2695 1410 ἐπικαθῆσθαι
2716 1336 2795 1409 τῷ
2818 1337 3032 1409 τρίποδί
3069 1353 3201 1390 ποτε
3232 1335 3329 1389 τοῦ
3355 1334 3623 1389 Ἀπόλλω-

2051 1435 2160 1485 νος,
2194 1418 2478 1492 διαιροῦσα
2507 1421 2576 1476 τά
2609 1420 2775 1492 σκέλη
2797 1436 2811 1449 ·
2846 1414 2948 1473 εἷθ’
2970 1417 3113 1473 οὕτω
3141 1415 3359 1489 πνεῦμα
3393 1416 3625 1487 πονηρὸν

2052 1501 2295 1559 κάτωθεν
2323 1503 2722 1575 ἀναδιδόμενον,
2746 1502 2846 1557 καὶ
2867 1501 2958 1557 διά
2977 1502 3084 1557 τῶν
3103 1498 3439 1571 γεννητικῶν
3456 1497 3627 1568 αὐτῆς

2048 1585 2394 1657 διαδυόμενον
2419 1586 2623 1659 μορίων
2640 1584 2881 1657 πληροῦν
2894 1585 2994 1657 τὴν
3017 1587 3252 1654 γυναῖκα
3274 1584 3375 1653 τῆς
3405 1583 3627 1654 μανίας,

2052 1669 2147 1723 καὶ
2172 1669 2378 1740 ταύτην
2400 1668 2499 1733 τὰς
2514 1667 2709 1741 τρίχας
2732 1668 2967 1723 λύουσαν
2989 1667 3175 1721 λοιπὸν
3192 1663 3627 1736 ἐκϐακχεύεσθαί

2050 1766 2133 1818 τε,
2189 1752 2284 1805 καὶ
2327 1751 2501 1825 ἀφρὸν
2532 1752 2598 1806 ἐκ
2625 1750 2720 1807 τοῦ
2759 1751 3028 1821 στόματος
3061 1749 3302 1819 ἀφιέναι,
3329 1749 3426 1803 καὶ
3454 1746 3628 1810 οὕτως

2054 1834 2113 1887 ἐν
2138 1834 2396 1908 παροινίᾳ
2419 1835 2719 1907 γενομένην
2742 1833 2814 1888 τά
2828 1834 2930 1905 τῆς
2961 1834 3156 1905 μανίας
3170 1830 3506 1903 φθέγγεσθαι
3533 1829 3629 1901 ῥή-

2056 1934 2225 1988 ματα.
2261 1913 2394 1972 Οἶδα
2445 1919 2528 1972 ὅτι
2571 1916 2877 1990 ᾐσχύνθητε
2923 1920 3018 1971 καὶ
3059 1915 3431 1989 ήρυθριάσατε
3454 1913 3626 1968 ταῦτα

2054 1999 2403 2065 ἀκούσαντεςο
2437 2000 2554 2056 ἀλλ’
2580 2002 2778 2056 ἐκεῖνοι
2804 2001 2902 2055 καὶ
2934 2000 3077 2071 μέγα
3121 1995 3380 2071 φρονοῦσι
3420 1997 3516 2051 καὶ
3539 1994 3627 2049 διά

2053 2085 2150 2157 τὴν
2172 2084 2561 2158 ἀσχημοσύνην
2587 2086 2684 2140 καὶ
2707 2085 2797 2141 διά
2826 2085 2926 2158 τὴν
2947 2084 3151 2158 μανίαν
3179 2081 3405 2153 ταύτην.

2124 2250 2190 2322 β’.
2207 2246 2397 2306 Ταῦτα
2410 2242 2500 2307 οῦν
2517 2250 2611 2307 καὶ
2630 2250 2699 2307 τά
2710 2247 2933 2306 τοιαῦτα
2947 2250 2975 2305 ό
2988 2248 3197 2315 Παῦλος
3215 2248 3428 2303 ἅπαντα
3441 2244 3626 2300 ἀνακι-

2052 2334 2160 2389 νῶν
2185 2333 2392 2403 ἐλεγενο
2430 2334 2662 2402 Οῑδατε,
2689 2334 2778 2389 ὅτι
2807 2334 2906 2388 ὅτε
2932 2336 3076 2402 ἔθνη
3100 2326 3227 2404 ἦτε,
3250 2330 3402 2408 ,πρὸς
3432 2328 3508 2383 τὰ
3541 2329 3624 2382 εῖ-

2052 2415 2214 2471 δωλα
2233 2420 2307 2472 τὰ
2327 2418 2554 2487 ἄφωνα,
2585 2419 2666 2485 ὡς
2704 2417 2782 2472 ἂν
2815 2417 3056 2487 ἤγεσθε,
3087 2416 3471 2485 ἀπαγόμενοι.
3517 2411 3626 2466 Καὶ

2053 2500 2240 2572 ἐπειδὴ
2278 2501 2415 2571 πρὸς
2443 2501 2650 2566 εἰδότας
2676 2501 2964 2569 διελέγετο,
2995 2501 3057 2554 οὑ
3078 2499 3258 2571 τίθησι
3283 2499 3462 2553 πάντα
3491 2495 3626 2567 μετά

2053 2582 2358 2655 ἀκριϐείας,
2399 2582 2473 2655 μὴ
2496 2581 2815 2657 βουλόμενος
2849 2583 3032 2646 αὐτοῖς
3061 2581 3318 2652 ἐνοχλεῖν,
3359 2579 3477 2633 ἀλλ’
3497 2578 3624 2631 ἀνα-

2057 2670 2266 2741 μνήσας
2298 2668 2457 2739 μόνον
2486 2670 2579 2722 καὶ
2608 2670 2686 2732 εἰς
2712 2667 2915 2721 ἔννοιαν
2940 2669 3197 2721 ἀπάντων
3242 2665 3444 2727 αὐτοὺς
3488 2663 3626 2731 ἀγα-

2055 2749 2186 2820 γὼν,
2235 2751 2637 2805 ἀπαλλάττεται
2686 2751 2918 2821 ταχέως,
2966 2749 3104 2820 πρὸς
3147 2749 3209 2801 τὸ
3265 2746 3629 2818 προκείμενον

2053 2834 2430 2903 ἐπειγόμενος.
2454 2834 2519 2887 Τί
2544 2834 2601 2887 δέ
2629 2835 2765 2898 ἐστι,
2785 2834 2941 2901 Πρὸς
2961 2832 3034 2886 τὰ
3062 2829 3282 2886 εἰδωλα
3306 2829 3378 2884 τὰ
3400 2829 3628 2897 ἀφωνίη

2056 2913 2216 2973 Οὗτοι
2248 2919 2297 2970 οἰ
2344 2919 2565 2989 μάντεις
2599 2918 2736 2989 πρὸς
2772 2918 2958 2971 ἐκεῖνα
3004 2918 3201 2988 ἦγον-το
3229 2914 3535 2984 ἑλκόμενοι.
3565 2912 3629 2964 Εἰ

2055 3000 2113 3053 δὲ
2144 3000 2284 3053 αὑτά
2313 3000 2526 3071 ἄφωνα,
2568 3000 2686 3064 πῶς
2713 2999 2941 3062 ἐκείνοις
2969 3000 3267 3069 ἐκέχρηντο
3300 3008 3322 3036 ο
3354 3014 3368 3062 ;
3398 2996 3543 3059 τίνος
3571 2993 3630 3047 δὲ

2056 3082 2242 3137 ἕνεκεν
2270 3079 2382 3147 τοῖς
2417 3083 2630 3150 ξοάνοις
2682 3083 2883 3146 αὐτοὺς
2932 3083 3211 3153 προσῆγεν
3239 3083 3266 3135 6
3312 3080 3526 3150 δαίμων
3553 3077 3628 3140 ὡς

2057 3165 2436 3236 αἰχμαλώτους
2462 3167 2555 3221 καὶ
2581 3167 2834 3237 δεσμίους
2858 3183 2872 3232 ;
2904 3165 3075 3237 Ὁμοῦ
3100 3166 3157 3218 δέ
3185 3164 3279 3221 καὶ
3296 3164 3397 3234 τὴν
3427 3162 3634 3229 πλάνην

2059 3251 2289 3321 πιθανὴν
2315 3251 2703 3325 ἐργαζόμενος.
2725 3251 2838 3305 Ἵνα
2862 3250 2972 3320 γὰρ
2995 3248 3070 3321 μὴ
3099 3248 3227 3321 δόξῃ
3250 3251 3278 3302 6
3307 3246 3456 3309 λίθος
3485 3246 3634 3313 ἄφω-

2059 3351 2148 3396 νος
2181 3331 2340 3401 εἶναι,
2372 3332 2702 3399 ἐσπούδαζεν
2743 3338 2853 3399 τοῖς
2897 3332 3138 3396 εἰδώλοις
3169 3330 3477 3403 προσηλοῦν
3508 3330 3638 3393 τοῦς

2059 3416 2402 3486 ἀνθρώπους,
2448 3417 2536 3471 ἵνα
2595 3418 2663 3472 τὰ
2721 3416 2903 3471 αὐτῶν
2954 3416 3183 3480 ἐκείνοις
3234 3414 3636 3485 ἐπιγράφηται.

2072 3500 2211 3554 Ἀλλ’
2241 3501 2301 3555 οῦ
2341 3500 2409 3554 τά
2458 3501 2702 3573 ἡμέτερα
2754 3499 3001 3556 τοιαῦτα.
3051 3500 3193 3553 Ἀλλ’
3232 3499 3333 3552 οὑκ
3371 3497 3535 3567 ἔθηκε
3570 3496 3640 3550 τά

2061 3583 2326 3653 ἡμέτερα.
2356 3583 2425 3636 τὰ
2450 3582 2560 3637 τῶν
2575 3581 2724 3656 [261]
2743 3584 3036 3655 προφητῶν
3061 3582 3223 3651 λέγω
3253 3581 3348 3635 καὶ
3369 3579 3480 3650 γάρ
3502 3578 3640 3650 δῆλα

2059 3661 2127 3736 ἦν
2157 3666 2339 3730 αὐτοῖς
2387 3663 2623 3732 ἅπαντα,
2673 3668 2766 3720 καὶ
2802 3667 2861 3719 ἐν
2900 3667 3081 3728 αὐτοῖς
3114 3665 3507 3736 προεφήτευον,
3564 3662 3640 3725 ὡς

2063 3750 2247 3811 αὑτοῖς
2283 3747 2492 3818 πρέπον
2538 3743 2627 3821 ἦν,
2679 3748 2819 3818 μετά
2869 3747 3137 3810 συνέσεως
3178 3748 3272 3801 καὶ
3318 3744 3639 3816 ἐλευθερίας

2064 3830 2304 3898 ἀπάσης.
2351 3833 2449 3884 Διά
2500 3848 2582 3883 τοι
2634 3831 2793 3885 τοῦτο
2820 3832 2917 3884 καὶ
2965 3830 3059 3883 τοῦ
3090 3832 3262 3884 εἰπεῖν
3305 3830 3402 3883 καὶ
3437 3827 3534 3883 τοῦ
3567 3827 3642 3899 μὴ

2064 3915 2240 3967 εἰπεῖν
2263 3911 2404 3985 ἦσαν
2436 3912 2615 3982 κύριοι
2635 3929 2649 3943 ο
2685 3915 2745 3967 οὐ
2776 3913 2885 3985 γάρ
2911 3914 3122 3984 ἀνάγκη
3155 3911 3493 3983 κατείχοντο,
3526 3910 3641 3965 ἀλλ’

2064 3996 2281 4067 ἐξουσίᾳ
2326 3992 2463 4066 ἦσαν
2510 3996 2884 4067 τετιμημένοι.
2941 3996 3040 4049 Διά
3090 3995 3251 4048 τοῦτο
3301 3994 3400 4050 καὶ
3453 3995 3643 4055 Ἰωνᾶς

2065 4078 2254 4147 ἔφυγε,
2285 4078 2374 4131 διά
2403 4076 2559 4132 τοῦτο
2587 4079 2683 4132 καὶ
2718 4077 2974 4149 Ἰεζεκιὴλ
3006 4077 3348 4142 ἀνεϐάλλετο,
3367 4076 3457 4129 διὰ
3483 4076 3644 4131 τοῦτο

2065 4162 2162 4216 καὶ
2191 4161 2457 4232 Ἱερεμίας
2488 4165 2801 4235 παρῃτεῖτο.
2847 4164 2904 4216 Ὀ
2946 4163 3001 4215 δὲ
3047 4161 3179 4225 Θεὸς
3208 4162 3267 4215 οὑ
3298 4159 3437 4231 μετά
3468 4161 3644 4228 ἀνάγ-

2066 4263 2169 4315 κης
2192 4245 2386 4309 αὐτοὺς
2407 4243 2557 4312 ὤθει,
2580 4245 2715 4300 ἀλλὰ
2738 4245 3140 4316 συμϐουλεύων,
3167 4244 3467 4316 παραινῶν,
3490 4244 3647 4299 ἀπει-

2064 4328 2192 4392 λῶν,
2209 4330 2270 4382 οὐ
2298 4330 2504 4383 σκυτῶν
2528 4331 2624 4401 τὴν
2657 4328 2910 4383 διάνοιαν.
2933 4328 3198 4397 Δαίμονος
3223 4327 3320 4397 μὲν
3347 4327 3454 4396 γὰρ
3484 4326 3643 4391 ἴδιον,

2065 4413 2124 4467 τὸ
2153 4413 2381 4485 θόρυϐον
2412 4413 2505 4467 καὶ
2539 4412 2735 4484 μανίαν
2788 4414 2961 4464 ποιεῖν
3003 4412 3095 4465 καὶ
3134 4411 3304 4464 πολὺν
3327 4410 3417 4463 τὸν
3447 4408 3641 4478 ζόφον,

2065 4496 2199 4551 Θεοῦ
2229 4497 2307 4561 δέ,
2334 4496 2395 4549 τὸ
2418 4495 2672 4566 φωτίζειν
2695 4496 2787 4549 καὶ
2816 4494 2953 4565 μετὰ
2972 4493 3241 4556 συνέσεως
3268 4493 3547 4547 διδάσκειν
3574 4492 3646 4544 τά

2012 4612 2018 4617 -
2064 4580 2267 4634 δέοντα.
2301 4579 2497 4651 Πρώτη
2544 4579 2646 4649 μὲν
2667 4574 2763 4632 οῦν
2794 4577 3027 4649 διαφορά
3065 4576 3203 4648 αῦτη
3251 4578 3502 4648 μάντεως
3551 4576 3648 4631 καὶ

2064 4663 2346 4733 προφήτου
2372 4677 2387 4691 ·
2423 4662 2656 4732 δευτέρα
2680 4661 2738 4715 δέ
2759 4660 2950 4731 ἑτέρα,
2980 4661 3049 4732 ἠν
3077 4659 3279 4731 ἐφεξῆς
3307 4659 3516 4731 τίθησι,
3555 4659 3649 4712 λέ-

2064 4762 2209 4814 γων·
2270 4745 2366 4799 Διὸ
2416 4744 2670 4815 γνωρίζω
2720 4745 2885 4813 ὑμῖν,
2936 4743 3026 4799 ὅτι
3077 4744 3280 4810 οὐδεὶς
3342 4746 3649 4818 Πνεύματι

2067 4829 2215 4884 Θεοῦ
2249 4828 2475 4893 λαλῶν,
2518 4827 2680 4898 λέγει
2727 4827 2996 4898 ἀνάθεμα
3050 4828 3306 4896 Ἰησοῦν.
3359 4823 3496 4881 Εἶτα
3551 4827 3647 4881 καὶ

2066 4912 2247 4983 ἐτέραο
2274 4912 2379 4966 Καὶ
2402 4910 2600 4976 οὐδεὶς
2614 4911 2862 4966 δύναται
2890 4911 3081 4966 εἰπεῖν
3119 4912 3339 4979 Κύριον
3372 4910 3644 4978 Ἰησοῦν,
3700 4952 3710 4959 .

2064 4998 2115 5051 εἰ
2140 4995 2227 5065 μὴ
2252 4995 2323 5050 ἐν
2336 4996 2631 5064 Πνεύματι
2655 4995 2821 5064 ἁγίῳ.
2847 4994 3017 5048 Ὅταν
3043 4995 3175 5067 ἴδῃς,
3203 4995 3388 5066 φησὶν.
3417 4993 3544 5048 τίνά
3571 4994 3647 5064 μὴ

2066 5077 2437 5149 φθεγγόμενον
2466 5078 2526 5131 τὸ
2550 5078 2721 5148 ὄνομα
2749 5078 2934 5142 αὑτοῦ,
2966 5078 3000 5149 ἢ
3032 5079 3123 5132 καὶ
3151 5075 3644 5148 ἀναθεματίζοντα,

2069 5162 2258 5232 μάντις
2300 5160 2434 5214 ἐστί.
2467 5160 2657 5226 Πάλιν,
2689 5160 2818 5213 ὅταν
2848 5160 2965 5231 ἴδῃς
2997 5159 3185 5230 ἕτερον
3232 5160 3370 5231 μετά
3397 5158 3497 5213 τοῦ
3530 5157 3650 5212 6V6-

2070 5260 2238 5314 ματος
2267 5242 2431 5298 αὑτοῦ
2483 5243 2662 5297 πάντα
2707 5241 3100 5313 φθεγγόμενον,
3141 5242 3336 5315 νόησον
3363 5244 3447 5296 ὅτι
3478 5259 3648 5296 πνευ-

2071 5326 2294 5397 ματικός
2330 5329 2465 5381 ἐστι.
2494 5327 2559 5378 Τί
2585 5322 2696 5390 οὖν,
2734 5327 2885 5397 φησί,
2919 5326 3050 5397 περὶ
3075 5325 3182 5380 τῶν
3212 5327 3649 5397 κατηχουμένων

2147 5545 2432 5618 ᾐδενὶιηριὶ
2463 5548 2737 5618 ηιιιτείιεςηι.
2765 5548 2915 5599 habet
2938 5547 3312 5618 jzgxmgqaéyﬂv,
3344 5546 3652 5618 quaa_lcctio

2067 5608 2246 5673 melici:
2289 5607 2527 5673 vidc_tur._
2572 5614 2595 5673 εἶ
2633 5608 2904 5673 Ἐκέχρητο.
2938 5607 3262 5661 Ειίῐῐίζὸεινὶί.
3306 5607 3419 5659 ωῐιι
3461 5609 3654 5660 Dum

2068 5675 2207 5731 putat
2232 5668 2495 5732 lt‘geudum
2517 5668 2789 5733 ἐκέχρηντο.
