3990 6168
343 307 439 363 2H

341 426 734 500 praedicerent)
765 445 779 482 :
811 426 1005 484 deinde
1029 428 1150 498 quia
1179 425 1249 483 de
1280 427 1344 482 tis
1368 468 1383 494 ,
1414 441 1534 498 quae
1563 424 1879 481 dicebantur
1903 464 1920 489 ,

341 534 451 574 non
499 527 712 589 poterat
757 518 891 574 ratio
941 517 1127 582 reddi,
1183 532 1306 574 cum
1345 532 1434 573 res
1483 531 1602 586 quae
1656 514 1927 583 praedicta:

343 610 559 666 fuerant
603 610 835 666 nondum
879 610 1227 677 evenissent,
1268 619 1324 664 et
1355 609 1510 665 facile
1550 606 1927 663 confutabatur

345 698 698 771 (mendaeem
742 701 885 755 enim
937 710 993 756 et
1040 714 1286 757 veracem
1350 700 1472 755 ﬁnis
1520 697 1924 771 comprobat):

342 803 415 845 ne
429 799 555 847 ante
576 790 736 846 ﬁnem
755 791 1030 847 auditores
1045 792 1442 863 deciperentur,
1465 791 1677 847 datillis
1692 791 1926 862 signum,

340 880 485 949 quod
512 883 671 936 etiam
712 892 837 939 ante
874 895 1127 939 eventum
1166 884 1309 940 hunc
1344 893 1403 939 et
1432 884 1583 939 illum
1623 884 1925 940 indicaret:

342 981 395 1026 et
422 971 545 1027 hinc
576 982 796 1043 accepta
824 975 1211 1044 consequentia
1235 986 1289 1030 et
1318 975 1604 1046 principio,
1632 974 1786 1030 sicin
1816 989 1932 1029 ser-

342 1077 557 1118 monem
581 1062 654 1119 de
695 1064 1111 1121 cltarismatibns
1152 1066 1380 1131 transit,
1427 1073 1484 1122 et
1527 1065 1928 1122 contentionem

341 1152 464 1208 inde
486 1154 767 1209 subortam
798 1156 1039 1226 corrigit.
1068 1155 1281 1211 Interim
1303 1172 1431 1211 vero
1455 1155 1523 1211 de
1542 1154 1931 1210 divinatoribus

341 1244 567 1315 loquens
594 1247 674 1301 sic
702 1246 914 1303 orditur
945 1266 958 1302 :
997 1246 1076 1302 De
1103 1247 1451 1319 spiritualibus
1489 1257 1657 1303 autem
1688 1246 1809 1301 nolo
1841 1262 1929 1301 vos

342 1339 579 1407 ignorare
598 1378 616 1406 ,
648 1341 870 1408 fratres;
898 1340 1191 1409 spiritualia
1218 1355 1415 1396 vocans
1438 1341 1589 1411 signa
1613 1380 1631 1407 ,
1681 1340 1804 1410 quia
1840 1340 1928 1394 illa

342 1430 576 1500 Spiritus
603 1432 766 1487 solius
793 1441 916 1488 sunt
942 1447 1126 1505 opera,
1156 1433 1391 1490 humano
1420 1434 1601 1489 studio
1626 1434 1760 1490 nihil
1788 1434 1925 1490 ασθ-

345 1532 503 1579 rente
528 1523 594 1578 ad
629 1525 752 1579 talia
777 1527 1032 1582 miracula
1076 1528 1358 1598 patranda.
1401 1528 1472 1584 Et
1495 1529 1564 1584 de
1603 1529 1711 1584 illis
1738 1527 1924 1599 dispu-

350 1623 596 1681 taturus,
630 1616 775 1682 prius
796 1657 813 1681 ,
852 1625 911 1671 ut
938 1616 1046 1671 dixi
1067 1658 1084 1684 ,
1125 1617 1508 1673 divinationem
1538 1619 1678 1674 inter
1715 1628 1772 1674 et
1801 1634 1930 1688 pro-

350 1705 590 1774 pltetiam
618 1704 976 1762 differentiam
1017 1709 1200 1777 ponit,
1247 1709 1327 1764 sic
1350 1709 1536 1765 dicens
1563 1726 1578 1763 :
1611 1710 1766 1765 Scitis
1793 1711 1930 1779 quod

353 1813 472 1852 cum
496 1807 669 1870 gentes
711 1798 915 1865 essetis,
953 1799 1024 1854 ad
1063 1800 1337 1855 simulacra
1372 1811 1512 1855 muta
1539 1811 1686 1869 prout
1713 1802 1930 1856 duceba-

353 1889 477 1942 mini
495 1899 685 1943 euntes.
714 1888 769 1944 ld
794 1898 876 1945 est
903 1908 918 1944 :
948 1891 1004 1945 in
1034 1891 1213 1959 idolis,
1243 1892 1434 1962 inquit,
1460 1892 1506 1947 si
1533 1893 1653 1962 quis
1677 1893 1930 1962 abreptus

347 1989 494 2036 esset
533 1996 563 2035 a
608 1983 800 2051 spiritu
854 1982 1167 2051 immundo,
1213 1994 1268 2039 et
1310 1986 1723 2051 vaticinaretur,
1775 1986 1928 2057 quasi

345 2074 608 2130 abductus
637 2075 717 2131 sic
760 2076 849 2132 ille
889 2076 1203 2131 trahebatur
1225 2092 1255 2131 a
1280 2078 1475 2147 spiritu
1505 2077 1714 2134 vinetus
1738 2120 1752 2143 ,
1797 2078 1931 2133 nihil

344 2166 523 2221 sciens
546 2173 733 2221 eorum
764 2181 882 2236 qua:
909 2166 1140 2222 dicebat.
1183 2166 1294 2223 Hoc
1320 2168 1463 2225 enim
1492 2168 1776 2225 divinatort
1804 2184 1931 2239 pro-

343 2259 519 2328 prium
551 2266 655 2325 est,
683 2268 742 2314 ut
766 2269 944 2316 mente
971 2261 1217 2323 excedat,
1248 2262 1355 2318 vim
1387 2264 1641 2333 patiatur,
1669 2265 1925 2335 pellatur,

344 2348 586 2405 trahatur
606 2391 627 2417 ,
654 2352 805 2418 quasi
834 2350 1051 2407 furens-
1076 2352 1342 2423 Propheta
1374 2369 1506 2410 vero
1534 2372 1640 2410 non
1670 2356 1749 2410 sic
1775 2398 1788 2419 ,
1832 2355 1928 2413 sed

341 2459 467 2498 cum
496 2444 641 2512 vigili
669 2455 848 2500 mente
867 2484 883 2510 ,
909 2462 1031 2501 cum
1062 2449 1380 2517 temperanti
1405 2450 1812 2516 constitutione,
1838 2453 1930 2508 illa

341 2538 523 2591 sciens
545 2553 666 2607 qua:
691 2537 822 2593 dicit
844 2579 860 2604 ,
893 2540 1073 2594 omnia
1106 2539 1364 2610 loquitur.
1399 2542 1583 2612 Itaque
1609 2543 1772 2599 etiam
1803 2554 1928 2601 ante

342 2638 595 2682 eventum
616 2628 742 2682 hinc
763 2628 1070 2685 internosee
1095 2640 1272 2686 vatem
1287 2639 1343 2686 et
1362 2631 1700 2703 prophetam.
1724 2634 1790 2690 Et
1810 2635 1932 2691 vide

339 2733 504 2788 quam
525 2734 631 2775 non
652 2729 960 2790 suspectum
989 2720 1223 2790 proterat
1245 2737 1548 2779 sermonem
1572 2743 1587 2779 :
1612 2725 1757 2796 ipsos
1778 2735 1933 2781 vocat

340 2816 533 2874 testes,
564 2810 654 2880 qui
682 2811 758 2865 rei
780 2811 1173 2880 experientiam
1199 2811 1444 2869 fecerint.
1475 2814 1628 2881 Quod
1658 2817 1799 2871 enim
1825 2832 1930 2872 non

337 2900 603 2966 mentiar,
630 2901 833 2969 inquit,
864 2917 1039 2973 neque
1066 2910 1269 2959 temere
1296 2919 1355 2960 ea
1387 2920 1507 2976 quae
1528 2906 1769 2977 gentium
1802 2917 1930 2964 sunt

341 2990 621 3046 traducam
643 3033 660 3058 ,
692 2991 897 3062 [ingens
925 3001 1196 3064 tamquam
1225 2995 1474 3051 inimicus
1498 3038 1514 3062 ,
1543 3012 1639 3053 vos
1668 2998 1767 3067 ipsi
1799 2994 1929 3053 mihi

341 3082 534 3139 feratis
578 3085 943 3141 testimonium
988 3104 1003 3141 :
1048 3088 1246 3143 etenim
1286 3088 1385 3159 ipsi
1430 3090 1580 3146 scitis
1622 3093 1929 3162 quomodo,

341 3190 465 3231 cum
487 3177 680 3232 essetis
698 3176 893 3242 Graeci,
926 3179 1077 3233 tracti
1106 3179 1527 3237 abduceremini.
1558 3182 1711 3252 Quod
1741 3185 1783 3238 si
1811 3186 1932 3255 quis

342 3265 446 3321 hzts
471 3308 489 3333 ,
540 3276 723 3335 utpote
766 3267 990 3337 ﬁdeles,
1042 3281 1321 3338 suspectos
1361 3287 1482 3328 esse
1527 3273 1760 3340 dixerit;
1795 3291 1930 3347 age,

343 3358 515 3411 etiam
560 3357 628 3413 ab
667 3358 905 3415 externis
955 3358 1056 3416 hoc
1101 3360 1252 3416 Vobis
1301 3361 1641 3418 manifestum
1687 3365 1930 3421 reddam.

348 3446 493 3500 Audi
522 3462 649 3517 ergo
677 3449 947 3504 Platonem
978 3451 1055 3505 sic
1081 3452 1387 3522 loquentem
1424 3472 1439 3508 :
1472 3454 1933 3522 Quemadmodum

348 3537 683 3593 divinatorcs
707 3551 758 3594 et
781 3549 924 3597 vates
951 3543 1116 3597 nntlta
1147 3543 1363 3613 quidem
1387 3554 1442 3600 et
1468 3545 1686 3614 pulchra
1712 3548 1932 3614 dicunt;

345 3644 542 3684 eorum
590 3645 715 3685 vero
759 3647 872 3701 qua:
916 3633 1194 3702 proferunt
1247 3635 1382 3689 nihil
1429 3636 1608 3691 sciunt
1652 3636 1749 3709 (α).
1793 3639 1935 3694 Audi

341 3722 513 3776 alium
544 3736 758 3791 quoque
786 3734 989 3792 poetam
1015 3726 1203 3781 eadem
1236 3726 1349 3796 ipsa
1380 3726 1728 3784 indicantem.
1773 3728 1932 3786 Post-

340 3828 507 3882 quam
539 3813 853 3883 quibusdam
886 3815 1273 3878 initiationibus
1310 3827 1366 3874 et
1408 3819 1687 3890 praestigiis
1726 3821 1931 3877 da-mo-

339 3919 469 3960 nem
502 3905 627 3973 quis
654 3904 854 3961 homini
879 3907 1221 3978 alligaverat,
1253 3910 1341 3966 ille
1367 3926 1495 3966 vero
1520 3911 1932 3981 vaticinabatur,

339 3997 583 4066 dumque
613 3997 992 4053 vaticinaretur
1017 4000 1106 4055 ille
1127 4041 1142 4063 ,
1174 4001 1483 4070 raptabatur
1512 4011 1566 4058 et
1595 4003 1932 4075 discerpcba-

339 4095 427 4141 tur
452 4130 471 4156 ,
507 4103 574 4143 ac
595 4089 856 4144 ila-monis
883 4092 1136 4160 impetum
1163 4092 1303 4149 ferre
1326 4108 1432 4148 non
1466 4105 1704 4165 poterat,
1733 4091 1934 4156 sed'sic

338 4189 588 4247 raptatus
634 4182 900 4251 periturus
943 4194 1095 4250 erat;
1151 4185 1214 4241 iis
1265 4186 1355 4256 qui
1403 4187 1596 4245 talibus
1646 4193 1935 4263 praestigiis

336 4271 547 4328 dabant
576 4289 796 4344 operam
825 4275 955 4331 dicit
983 4292 998 4331 ε

336 4380 543 4439 Soluite
569 4385 771 4440 demum
794 4403 814 4441 :
843 4403 1008 4458 regem
1036 4393 1182 4444 deum
1215 4392 1441 4446 mortalis
1469 4410 1569 4448 non
1597 4396 1731 4449 ultra
1756 4398 1929 4465 capit;

332 4506 387 4552 ct
413 4513 638 4554 rursum
670 4519 683 4555 :

330 4612 543 4671 Soluite
561 4627 695 4671 serta
714 4620 859 4685 mihi,
884 4629 1033 4682 atque
1052 4621 1200 4688 pedes
1219 4623 1470 4693 aspergite
1489 4625 1697 4695 lympha
1718 4627 1926 4694 munda,

330 4704 400 4758 Et
427 4718 797 4778 expungzmtur
824 4710 950 4762 mitti
974 4710 1120 4765 linea:
1137 4751 1152 4776 ,
1187 4721 1238 4764 ut
1263 4713 1437 4768 adesse
1464 4716 1649 4785 possim
1674 4717 1770 4788 (ὑ).

393 4837 471 4909 (a_)
486 4845 605 4889 Haec
627 4837 1006 4909 Platonisverba
1026 4841 1268 4909 habentur
1282 4845 1331 4893 iu
1342 4843 1576 4909 Apologia
1594 4850 1804 4909 socratis
1821 4849 1929 4901 edi-

332 4898 483 4969 tionis
494 4901 893 4969 _He_nriciStepb.
911 4914 1038 4969 anno
1064 4904 1202 4969 1578,
1228 4912 1373 4969 Temo
1386 4898 1527 4969 '1,ng
1550 4908 1627 4957 22.

394 4921 483 4949 rtus
508 4921 713 4951 nutriet
728 4921 893 4964 atcpu.
911 4921 1038 4953 anno
1064 4921 1202 4965 lato,
1229 4921 1373 4955 'tomo
1399 4921 1445 4969 1,
1509 4943 1521 4955 .
1550 4921 1627 4957 22.

394 4960 468 5035 (tt)
494 4961 557 5035 In
580 4963 691 5011 btec
703 4965 922 5035 segnitia
946 4964 1057 5035 haec.
1069 4965 1212 5035 docte
1234 4966 1431 5035 disserit
1450 4921 1682 5035 igalesius
1716 4973 1763 5021 in
1800 4976 1930 5023 notis

328 5022 610 5099 savilianis,
632 5036 685 5099 ρζ
702 5023 826 5099 Ξῖβε
844 5034 1019 5099 Versus
1037 5024 1150 5077 istos
1171 5028 1305 5099 apud
1323 5036 1569 5099 poetarum
1595 5032 1806 5099 aliquem
1827 5022 1930 5099 mi;

328 5090 432 5132 stra
442 5085 727 5154 (imitaris.
750 5087 1062 5154 Quomobrem
1081 5102 1192 5154 cum
1203 5085 1591 5154 b_l_z_t'ysostomunt
1609 5085 1784 5146 audias
1808 5085 1931 5147 tinn-

327 5154 477 5223 φέρῃ
496 5160 526 5197 e
553 5152 704 5223 poeta
719 5149 1055 5223 prora-tentem
1073 5185 1088 5207 ,
1131 5148 1343 5215 intellege
1380 5151 1672 5223 Pbtrbadem
1716 5169 1812 5223 seu
1832 5167 1926 5223 Py-

545 5202 674 5259 Suttt
704 5202 834 5259 enini
877 5202 1223 5274 petpltieorum
1261 5202 1571 5274 uinculorum
1601 5202 1927 5271 ὶὸὶιεὶίςῖάτῆδ

328 5270 586 5345 ingrederis,
611 5270 1214 5345 tecesqw'dwmattis-sibi
1233 5273 1440 5345 abetmeli
1463 5277 1672 5345 gratiam
1693 5278 1806 5343 fieri
1842 5270 1926 5345 po;

325 5329 574 5404 statuatis.
602 5329 823 5404 Prinnt'rtt
838 5331 1012 5404 norunt
1035 5334 1178 5404 habes
1199 5338 1331 5404 apud
1360 5329 1705 5404 Τήεόᾅρνειιιηί
1724 5329 1923 5404 εαρἶιὶε

327 5392 580 5465 gremiis,
593 5398 649 5465 et
670 5394 806 5465 apud
831 5393 1086 5465 Eusebium
1105 5392 1280 5465 libro!»
1295 5400 1595 5465 Etvtngelica:
1607 5392 1926 5465 ρνωραὶεαιίοέ

327 5411 580 5460 uruanas,
599 5411 649 5443 et
670 5411 805 5455 apua
831 5411 1086 5464 nusquam
1105 5411 1230 5447 uero
1250 5411 1280 5450 5
1295 5411 1595 5513 Et‘ttngettca:
1607 5411 1925 5465 praeparatio-

326 5454 1050 5532 tittksinpttttfttntdentcttcnn‘
1067 5458 1417 5532 Eusebiumjta
1449 5475 1501 5513 es
1522 5469 1758 5532 posterius
1780 5465 1925 5517 disti-

328 5510 627 5588 {Wﬁrguod
650 5516 878 5588 quoniam
914 5524 983 5568 est
1005 5518 1270 5588 obscurius,
1296 5510 1663 5588 t‘istttitfp'avt—tcis
1680 5510 1920 5588 iiiiefb32£,_

326 5575 439 5651 tari.
454 5575 460 5576 “
473 5575 925 5651 olim
941 5575 1301 5651 superstitiones
1330 5575 1565 5645 quasdam
1587 5575 1918 5651 ridiculosque

326 5640 632 5710 ferentarius
649 5680 663 5700 ,
689 5640 1171 5710 quibuscredebant
1191 5640 1438 5710 dicereeas
1458 5648 1666 5710 euocari,
1688 5658 1734 5700 et
1756 5640 1917 5701 vet'ad

325 5699 513 5773 privata
534 5699 797 5773 colloquia,
823 5702 897 5773 vel
916 5703 982 5752 ad
1005 5703 1202 5773 oracula
1225 5705 1415 5755 edenda
1433 5706 1608 5773 pellia.
1625 5699 1917 5762 r'eretnoniis

326 5759 427 5812 istis
445 5768 637 5815 tamtam
656 5759 814 5817 etme
835 5763 949 5826 vim,
970 5777 1053 5816 seu
1076 5765 1248 5831 potius,
1275 5773 1323 5817 ut
1347 5759 1537 5823 mollius
1561 5759 1771 5838 loquitur
1782 5759 1922 5828 Per;

1364 304 1429 361 IN
1468 301 1681 360 EPIST.
1714 303 1733 358 Ι
1797 302 1889 358 AD
1925 300 2081 359 COB.
2124 301 2355 359 HOMIL.
2394 301 2590 363 XXIX.

3520 312 3629 370 ’ἓνιῖ

2039 421 2164 479 lites
2189 422 2333 481 enim
2365 433 2421 480 et
2446 423 2639 483 similia
2660 421 2682 493 (
2705 436 2827 479 nam
2854 422 3012 496 longe
3037 423 3188 495 plura
3220 424 3328 482 dici
3363 441 3579 498 possent
3607 435 3626 501 )

2036 527 2260 588 utraque
2285 516 2442 574 nobis
2462 516 2754 574 ostendunt
2774 525 2831 573 et
2855 518 3228 575 necessitatem
3253 533 3357 591 qua
3381 522 3627 578 serviunt

2036 608 2125 679 qui
2152 608 2459 665 detinentur
2482 608 2758 666 daemones
2782 649 2799 676 ,
2831 618 2887 664 et
2911 609 3016 665 vim
3043 624 3201 680 quam
3230 610 3560 668 sustinentes
3588 614 3625 668 it

2035 701 2123 771 qui
2145 700 2313 755 semel
2338 714 2399 756 se
2425 700 2555 771 ipsis
2579 699 2922 769 dediderunt,
2940 710 2995 756 et
3017 716 3045 755 a
3070 703 3296 758 naturali
3327 719 3419 758 sua
3447 713 3626 760 metite

2034 789 2319 846 excedunt.
2355 791 2541 862 Pythia
2571 806 2698 846 vero
2729 791 2914 863 (cogor
2937 793 3081 849 enim
3106 793 3269 849 aliam
3296 809 3508 866 quoque
3535 811 3627 850 eo-

2036 896 2169 937 rum'
2199 880 2580 951 turpiiudinem
2625 882 2909 939 traducere
2931 924 2947 945 .
2974 897 3134 954 quam
3177 884 3373 940 bonum
3409 885 3623 955 quidem

2034 982 2180 1027 esset
2224 973 2634 1042 pnetcrmittere
2660 1015 2674 1038 ,
2701 973 2844 1043 quod
2875 973 3190 1029 indecorum
3219 976 3375 1031 nobis
3402 976 3470 1030 sit
3503 978 3624 1031 talia

2036 1062 2317 1133 proferre;
2363 1073 2423 1118 ut
2450 1073 2628 1119 autem
2661 1064 2872 1120 illorum
2902 1063 3138 1120 dedeetts
3168 1066 3363 1122 clarius
3392 1069 3625 1136 evadat,

2036 1156 2397 1209 necessarium
2437 1164 2520 1210 est
2551 1154 2767 1222 dicere;
2800 1166 2858 1210 ut
2898 1154 3021 1210 hinc
3050 1156 3268 1214 discatis
3292 1159 3579 1214 amentiam
3608 1201 3625 1226 ,

2035 1253 2089 1299 et
2114 1244 2333 1300 ridicula
2361 1253 2508 1316 gesta
2533 1261 2721 1301 eorum
2745 1246 2836 1316 qui
2863 1247 3068 1301 vatibus
3095 1248 3201 1303 illis
3225 1249 3483 1319 utuntur)
3508 1268 3521 1302 :
3547 1251 3629 1304 di-

2034 1338 2172 1393 citur
2192 1354 2320 1406 ergo
2343 1338 2528 1410 Pythia
2556 1339 2749 1394 mulier
2771 1338 3003 1395 insidere
3025 1340 3218 1412 tripodi
3243 1342 3508 1412 Apollinis
3527 1343 3624 1416 (α),

2035 1429 2340 1485 divaricatis
2385 1430 2675 1485 cruribus:
2711 1430 2905 1486 deinde
2954 1432 3150 1487 malum
3202 1433 3409 1489 inferne
3455 1434 3624 1489 emitti

2034 1521 2299 1591 spiritum,
2330 1529 2384 1576 et
2412 1536 2508 1591 per
2531 1521 2791 1591 genimles
2818 1522 2934 1590 ejus
2957 1533 3136 1593 partes
3162 1530 3505 1589 subeuntem,
3538 1525 3626 1579 fu-

2034 1628 2158 1667 rore
2177 1613 2455 1668 mulierem
2479 1613 2707 1682 replere,
2725 1622 2780 1669 et
2805 1612 2943 1671 hanc
2963 1615 3212 1686 deinceps
3235 1618 3402 1686 passis
3418 1617 3625 1685 capi’lis

2034 1703 2352 1760 debacchari
2379 1714 2433 1758 et
2471 1719 2714 1773 spumam
2743 1721 2807 1759 ex
2838 1721 2932 1760 ore
2959 1706 3235 1771 emittere;
3264 1717 3319 1761 et
3347 1709 3424 1762 sic
3455 1717 3625 1762 temu-

2035 1796 2234 1850 lentam
2266 1796 2409 1851 illaut
2441 1796 2637 1853 furoris
2666 1798 2827 1852 verba
2857 1798 3115 1868 proferre.
3149 1798 3274 1854 Scio
3301 1815 3394 1855 vos
3425 1803 3625 1868 pudore

2034 1886 2254 1942 affectos
2283 1887 2604 1942 erubescere
2637 1887 2751 1943 lnrc
2778 1888 3059 1944 audientes
3086 1908 3098 1943 :
3128 1905 3309 1945 verum
3346 1891 3421 1945 illi
3456 1892 3622 1946 altum

2035 1979 2246 2047 sapiunt
2275 1978 2343 2033 ob
2371 1979 2749 2048 turpitudinem
2779 1990 2833 2035 et
2861 1981 3119 2036 insaniam
3149 1992 3367 2037 tantam.

2105 2068 2163 2123 2.
2206 2069 2332 2124 llmc
2375 2069 2535 2140 igitur
2570 2080 2624 2124 et
2664 2070 2856 2124 similia
2894 2072 3070 2126 omnia
3114 2072 3306 2129 Paulus
3342 2074 3625 2144 exagitans

2034 2158 2247 2215 dicebat
2275 2177 2288 2213 :
2328 2159 2484 2215 Scitis
2522 2161 2657 2231 quod
2684 2177 2798 2216 cum
2824 2172 2994 2232 gentes
3021 2165 3191 2218 essetis
3214 2205 3231 2232 ,
3258 2165 3327 2218 ad
3351 2165 3625 2221 simulacra

2034 2259 2177 2304 muta
2219 2250 2591 2305 inducebamini
2630 2251 2854 2307 abducti.
2894 2253 2958 2308 Et
2993 2254 3114 2324 quia
3142 2270 3264 2310 cum
3292 2256 3356 2310 iis
3386 2258 3475 2327 qui
3508 2273 3621 2313 rem

2035 2339 2203 2410 probe
2225 2349 2485 2397 noverant
2508 2341 2826 2409 disserebat,
2851 2359 2956 2397 non
2978 2346 3157 2401 omnia
3178 2357 3425 2401 accurate
3452 2349 3621 2419 ponit,

2035 2446 2103 2486 ne
2139 2431 2246 2486 illis
2282 2431 2580 2487 moleStiam
2611 2441 2797 2501 creet;
2837 2434 2932 2490 sed
2979 2436 3030 2489 in
3077 2439 3387 2493 memoriam
3417 2449 3620 2495 tantum

2037 2537 2294 2579 revocans
2318 2524 2498 2579 omnia
2523 2565 2540 2591 ,
2572 2526 2681 2581 cito
2727 2527 2972 2591 recedit,
3002 2528 3067 2581 ad
3098 2531 3428 2600 propositum
3468 2532 3589 2587 festi
3608 2562 3623 2574 ‹

2037 2628 2191 2667 nans.
2219 2613 2356 2679 Quid
2383 2621 2469 2669 est
2492 2624 2692 2678 autem,
2717 2616 2797 2670 Ad
2822 2618 3096 2672 simulacra
3122 2622 3301 2675 muta?
3336 2623 3424 2677 Isti
3472 2634 3618 2680 vates

2036 2704 2102 2758 ad
2149 2704 2235 2758 illa
2286 2704 2439 2759 tracti
2485 2705 2836 2762 ducebantur.
2864 2706 2918 2763 Si
2968 2724 3096 2765 vero
3145 2720 3291 2767 muta
3337 2714 3619 2785 sint,quo-

2037 2796 2196 2852 tnodo
2230 2797 2334 2852 illis
2375 2798 2698 2854 utebantur?
2728 2814 2829 2870 qua
2869 2799 2936 2856 de
2966 2816 3124 2856 causa
3163 2802 3230 2857 ad
3266 2812 3466 2858 statuas
3501 2804 3623 2860 illos

2035 2888 2244 2943 daemon
2275 2887 2573 2943 adducebat
2616 2899 2882 2961 tamquam
2914 2890 3154 2960 captivos
3182 2901 3236 2946 et
3261 2892 3503 2949 vinctos?
3532 2894 3619 2949 Si-

2037 2981 2145 3034 mul
2173 2995 2410 3036 errorem
2444 2980 2675 3037 reddens
2700 2980 3052 3054 probabilem.
3084 2982 3160 3039 Ne
3188 2984 3453 3039 videretur
3474 3000 3619 3040 enim

2036 3073 2169 3143 lapis
2197 3086 2316 3128 esse
2344 3083 2520 3128 mutus
2542 3115 2557 3139 ,
2587 3074 2879 3130 conabatur
2909 3073 3152 3131 homines
3181 3076 3335 3130 idolis
3360 3075 3575 3147 afﬁgere
3601 3121 3617 3145 ,

2036 3174 2094 3219 ut
2116 3181 2234 3236 qua:
2261 3165 2496 3236 ipsorum
2527 3176 2680 3222 erant
2705 3167 2810 3224 illis
2833 3169 3285 3226 adscriberentur.
3308 3169 3411 3227 Sed
3436 3181 3620 3227 nostra

2038 3273 2142 3312 non
2173 3267 2299 3313 sunt
2338 3259 2663 3330 bujusmodi.
2702 3260 2894 3316 Nostra
2923 3271 3102 3318 autem
3138 3279 3245 3318 non
3285 3265 3460 3334 posuit
3490 3266 3578 3320 ille
3601 3307 3619 3332 ,

2037 3366 2157 3420 qua:
2187 3351 2571 3422 prophetarum
2601 3362 2727 3408 sunt
2751 3354 2874 3409 dico
2901 3373 2913 3407 :
2942 3356 3049 3411 illis
3077 3358 3221 3412 enim
3246 3359 3422 3413 omnia
3454 3360 3622 3413 mani-

2040 3443 2172 3499 festa
2203 3454 2377 3508 erant,
2404 3456 2456 3501 et
2488 3446 2539 3499 in
2569 3447 2671 3501 illis
2702 3448 3091 3516 prophetabant
3115 3458 3176 3504 ut
3206 3451 3348 3518 ipsos
3374 3450 3619 3516 decebat,

2038 3552 2159 3590 eum
2206 3536 2552 3606 intelligentia
2590 3546 2644 3592 et
2681 3535 2928 3594 libertate
2958 3540 3126 3594 omni.
3156 3540 3281 3595 ldeo
3308 3555 3471 3611 penes
3501 3542 3627 3597 illos

2038 3635 2154 3682 erat
2188 3636 2243 3682 et
2282 3627 2424 3697 loqui
2466 3637 2519 3683 et
2565 3643 2672 3683 non
2714 3629 2858 3700 loqui
2888 3647 2902 3683 :
2932 3645 3105 3701 neque
3133 3632 3275 3687 enim
3304 3634 3624 3690 necessitate

2041 3717 2358 3772 tenebantur
2379 3759 2393 3784 ,
2423 3718 2517 3774 sed
2549 3720 2825 3789 potestatis
2851 3720 3056 3799 honore
3083 3723 3265 3779 donati
3292 3736 3465 3780 erant.
3498 3726 3621 3781 ldco

2038 3808 2202 3863 Jonas
2230 3808 2387 3877 fugit,
2422 3809 2543 3865 ideo
2570 3810 2817 3867 Ezechiel
2844 3812 3068 3877 distulit,
3102 3814 3222 3870 ideo
3248 3815 3507 3872 Jeremias
3538 3834 3624 3873 re-

2038 3899 2276 3954 cusabat.
2299 3900 2440 3956 Deus
2457 3917 2582 3957 vero
2599 3917 2703 3957 non
2725 3917 2848 3958 eum
2869 3906 3187 3962 neceSsitate
3209 3906 3430 3977 impellit
3453 3907 3619 3978 ipsos,

2037 3990 2131 4046 sed
2149 3990 2410 4058 consiliis,
2431 3991 2822 4049 bortationibus
2837 4003 2891 4050 et
2909 3998 3411 4053 comminationibus
3434 4000 3627 4065 utitur,

2037 4093 2271 4139 mentem
2302 4084 2535 4140 tenebris
2563 4101 2669 4140 non
2695 4085 2996 4143 oll'undens.
3027 4087 3295 4144 Diemonis
3320 4092 3467 4147 enim
3492 4108 3623 4160 νεου-

2035 4176 2209 4247 prium
2235 4186 2318 4232 est
2345 4186 2398 4231 et
2424 4178 2706 4232 tumultum
2739 4184 2793 4233 et
2821 4177 3056 4235 furorem
3086 4190 3141 4235 et
3168 4182 3387 4241 multam
3418 4183 3620 4239 inunit-

2038 4274 2150 4321 tcre
2178 4266 2494 4336 caliginem;
2530 4266 2623 4321 Dei
2654 4283 2780 4322 vero
2809 4280 2891 4322 est
2917 4268 3235 4334 illuminare,
3262 4278 3317 4323 et
3342 4284 3461 4339 quae
3487 4285 3626 4344 opus

2036 4366 2117 4410 est
2152 4370 2272 4410 cum
2312 4356 2658 4424 intelligentia
2691 4357 2908 4412 docere.
2941 4356 3117 4411 Prima
3153 4372 3281 4428 ergo
3309 4356 3624 4415 divinatoris

2036 4454 2090 4499 et
2128 4443 2405 4515 prophetae
2443 4445 2740 4500 dill'erentia
2782 4447 2898 4502 hinc
2933 4456 3058 4500 est:
3094 4447 3333 4503 secunda
3370 4464 3500 4503 vero
3538 4462 3625 4507 est

2036 4535 2157 4602 alia,
2182 4550 2339 4606 quam
2369 4534 2621 4605 deinceps
2648 4536 2797 4605 ponit
2822 4536 3006 4592 dicens
3030 4556 3044 4593 :
3067 4538 3121 4593 3.
3146 4538 3272 4593 Ideo
3293 4551 3465 4594 notum
3490 4541 3625 4599 vobis

2034 4625 2168 4695 [acia
2192 4665 2206 4690 ,
2235 4624 2370 4696 quod
2406 4641 2553 4680 nemo
2576 4625 2629 4679 in
2654 4626 2836 4695 spiritu
2868 4626 2961 4682 Dei
2988 4628 3195 4700 loquens
3215 4672 3230 4699 ,
3258 4630 3378 4685 dicit
3405 4633 3621 4687 artat/te-

2036 4733 2119 4769 ma
2156 4715 2356 4771 Jesttm.
2388 4718 2588 4773 Deinde
2615 4718 2774 4774 etiam
2803 4719 2906 4773 alia
2932 4762 2946 4784 ,
2976 4719 3043 4775 Et
3089 4739 3233 4778 nemo
3261 4735 3423 4795 potest
3458 4727 3624 4781 dicere

2036 4808 2312 4864 Dominum
2338 4808 2539 4876 Jesum,
2570 4811 2669 4865 nisi
2694 4812 2747 4865 in
2778 4811 2982 4883 Spiritu
3011 4826 3205 4871 sancto.
3234 4817 3367 4872 Cum
3403 4819 3618 4887 videris,

2035 4906 2240 4978 inquit,
2267 4907 2570 4977 quempiam
2598 4923 2704 4963 non
2732 4909 3093 4979 proferentem
3113 4927 3306 4967 nomen
3335 4914 3452 4983 ejus
3472 4956 3485 4979 ,
3512 4915 3623 4969 imo

2031 5098 2252 5210 pagi-ius,
2277 5113 2509 5163 πιιοινάττην
2540 5101 2876 5172 opinabantur,
2924 5112 2975 5154 ut
3007 5119 3103 5157 non
3132 5117 3381 5160 evocarent
3412 5116 3619 5174 tantum,

2031 5176 2081 5210 se
2141 5169 2283 5210 ettam
2296 5171 2487 5210 evocata
2504 5164 2745 5210 da’moma
2758 5165 3040 5210 detinerent-
3060 5167 3293 5210 mmmrliu
3312 5172 3407 5210 mni
3421 5187 3613 5210 "mnum

2030 5164 2115 5210 sed
2140 5164 2283 5237 etiam
2296 5171 2487 5237 evocata
2504 5164 2745 5233 da’ptom‘a
2758 5164 3041 5237 detinerent,
3056 5167 3293 5237 quamdiu
3312 5172 3407 5221 vati
3419 5164 3613 5237 magoué

2030 5229 2151 5297 esset
2172 5221 2376 5297 libitum.
2401 5222 2478 5273 sic
2512 5224 2641 5297 enim
2662 5229 2797 5288 apud
2825 5221 3151 5292 Porphyrtiun
3174 5221 3619 5297 Pythagorusr‘t'th—o-

2031 5286 2159 5342 dius,
2167 5296 2232 5347 οὐχ
2239 5292 2434 5344 (damni
2445 5295 2668 5354 ὶληιζόεξινοι
2681 5286 2737 5337 ιὲὶ
2745 5303 2826 5346 ταις
2850 5286 3084 5349 θυσίακῖιὴ
3097 5286 3236 5354 ἂνάγιιζ
3259 5302 3299 5346 δι
3316 5286 3386 5345 “tiu
3405 5308 3602 5345 ἀιθλθυοίσ.
3616 5324 3627 5351 ς

2031 5359 2218 5416 συρόειινςιξ
2256 5359 2510 5418 παρ-γίνονται
2526 5383 2554 5418 ξ-
2586 5349 2676 5396 [106
2709 5355 2785 5397 ρει
2796 5364 2825 5418 ιε
2851 5358 2954 5418 1V0)!-
2996 5356 3108 5402 ([808
3286 5356 3335 5405 in
3359 5357 3619 5418 sacrificiis

2029 5412 2236 5476 evocari,
2255 5415 2339 5457 sed
2357 5412 2655 5476 necessitate
2679 5412 2888 5470 quadam
2910 5412 3197 5476 obsequendi
3238 5417 3382 5466 tracti
3408 5412 3614 5465 veniunt.

2029 5469 2196 5539 Apollo
2217 5469 2318 5539 ipse
2341 5470 2473 5531 apud
2504 5468 2859 5534 theodoretum,
2903 5482 2998 5525 etc.
3031 5468 3154 5539 'qum
3178 5480 3424 5527 l‘usissime
3448 5489 3621 5538 perse-

2028 5532 2195 5594 quitur
2218 5537 2472 5594 Dounzetts.

2091 5594 2167 5653 (α)
2202 5592 2457 5657 |)e__Pytbia
2477 5592 2609 5642 etde
2629 5595 2818 5657 tripode
2840 5597 2949 5646 vide
2960 5600 3243 5648 Strabonem
3268 5598 3350 5646 liti.
3371 5597 3420 5655 9,
3435 5610 3483 5656 p.
3505 5595 3615 5643 “9.

2028 5652 2242 5716 seq.’ed.
2269 5652 2470 5705 (lasani).
2494 5692 2507 5715 ,
2537 5661 2619 5716 qut
2642 5652 3025 5716 descriptionem
3049 5660 3252 5716 trimdis
3272 5652 3419 5705 affert
3437 5652 3495 5703 et
3524 5670 3609 5703 att-

2028 5716 2089 5763 tri
2124 5716 2174 5763 in
2206 5729 2304 5778 quo
2346 5717 2532 5781 positus
2568 5722 2690 5781 erat.
2736 5716 2825 5767 Sed
2859 5733 2968 5781 quac
2994 5716 3205 5781 turpiora
3230 5719 3309 5766 hic
3332 5717 3615 5767 referuntur

2031 5790 2263 5840 nusquam
2286 5780 2487 5829 memini
2510 5791 2588 5828 me
2610 5778 2802 5840 legere.
