3990 6168
326 322 425 378 ξιτ,

324 452 498 507 ipsum
544 427 1119 491 anathematizantem,
1163 422 1209 476 is
1254 428 1337 475 est
1378 416 1661 474 divinator.
1702 414 1909 469 Rursus

322 546 443 583 cum
467 526 662 593 videris
681 523 839 576 alium
862 530 983 574 cum
1007 512 1223 570 nomine
1240 510 1358 579 ejus
1380 507 1557 563 omnia
1578 508 1906 578 loquentem,

322 624 496 693 cogita
530 619 676 672 illum
708 626 827 670 esse
852 604 1204 680 spiritualem.
1236 600 1373 671 Quid
1399 614 1545 670 ergo,
1580 598 1809 693 inquies,
1840 596 1909 652 de

321 688 720 766 caleobumcnis
744 697 1077 758 dixerimus?
1103 696 1149 751 si
1172 694 1314 750 enim
1344 706 1502 747 nemo
1527 699 1703 761 potest
1726 688 1908 744 dicere

326 802 603 857 Dominum
628 796 831 856 Iesum,
855 791 957 847 nisi
982 790 1037 844 in
1062 787 1264 858 Spiritu
1288 793 1494 845 sancto,
1519 782 1643 852 quid
1666 781 1908 836 dicemus

322 894 390 950 de
416 892 516 957 his,
543 890 633 961 qui
661 887 776 959 ejus
802 883 1014 955 quidem
1044 894 1238 935 nomen
1268 876 1561 948 proferunt,
1587 872 1787 944 Spiritu
1814 888 1909 926 au-

322 998 428 1041 tem
460 980 769 1056 privamur?
796 976 904 1034 Sed
933 975 1001 1031 de
1030 974 1114 1029 his
1144 985 1285 1027 nunc
1315 970 1404 1025 ille
1430 983 1536 1023 non
1562 967 1707 1038 agit:
1733 980 1905 1035 neque

324 1079 464 1133 enim
512 1086 635 1130 tunc
676 1068 1045 1128 catecltnmeni
1089 1075 1282 1122 erant:
1326 1063 1418 1118 sed
1465 1062 1533 1117 de
1571 1060 1812 1115 fidelibus
1851 1066 1906 1112 et

321 1167 647 1225 inlidclibus.
674 1162 812 1231 Quid
839 1159 1000 1230 ergo?
1028 1156 1271 1212 nullusne
1302 1154 1510 1208 (idimon
1541 1152 1706 1206 Deum
1734 1150 1908 1204 nomi-

322 1259 454 1315 nat?
482 1272 661 1312 annon
690 1253 938 1311 dicebant
963 1247 1276 1305 dannoniaci
1304 1263 1316 1298 :
1346 1243 1594 1298 Nouimus
1621 1251 1669 1296 te
1691 1240 1802 1311 quis
1827 1255 1900 1303 es,

322 1352 491 1407 Filius
517 1349 612 1404 Dei
634 1346 825 1420 (Marc.
852 1347 900 1400 l.
926 1341 1066 1413 Si)?
1097 1354 1275 1395 annon
1302 1337 1466 1393 Paulo
1491 1333 1741 1391 dicebant
1768 1353 1782 1388 :
1811 1333 1906 1388 Isti

320 1442 548 1497 homines
593 1438 719 1493 servi
766 1435 859 1489 Dei
899 1430 1131 1487 altissimi
1172 1437 1286 1484 sunt
1316 1428 1335 1494 (
1366 1426 1475 1480 Act.
1509 1426 1595 1480 l6.
1629 1424 1693 1479 Π
1729 1425 1766 1493 ).
1796 1422 1901 1478 Sed

320 1532 570 1605 ﬂagellati
597 1575 610 1597 ,
640 1528 735 1584 sed
775 1526 982 1590 coacti;
1012 1531 1205 1594 sponte
1243 1531 1421 1575 autem
1461 1527 1514 1573 et
1556 1532 1661 1572 non
1689 1517 1901 1581 coacti,

324 1638 631 1694 nuutquam.
664 1620 761 1675 llic
796 1618 905 1689 jam
945 1614 1187 1685 apposite
1226 1620 1523 1682 quaeratur,
1556 1624 1653 1664 cur
1691 1608 1900 1663 dmmon

318 1717 436 1771 tunc
457 1716 784 1786 loqueretur,
809 1720 862 1764 ct
882 1723 978 1763 cur
1002 1703 1199 1762 Paulus
1221 1702 1592 1773 increpaverit.
1621 1700 1900 1755 Ductorem

317 1824 512 1880 nempe
550 1821 703 1862 suum
745 1803 1000 1858 imitatus.
1040 1797 1176 1854 Nam
1202 1805 1254 1853 et
1279 1796 1524 1852 Christus
1566 1792 1899 1862 increpavit:

318 1903 531 1959 nolebat
580 1900 722 1955 enim
764 1895 832 1951 ab
866 1894 970 1949 illis
1015 1890 1211 1948 habere
1257 1888 1637 1945 testimonium.
1686 1884 1902 1951 Quare?

316 1997 535 2052 Daemon
597 1992 697 2047 hoc
771 1989 991 2061 agebat,
1041 2000 1221 2042 rerum
1278 1982 1520 2037 ordinem
1575 1978 1902 2034 confundere

313 2090 531 2152 volens,
563 2094 618 2141 et
641 2082 1006 2154 apostolorum
1035 2078 1282 2146 abripere
1320 2072 1689 2127 auctoritatem
1716 2109 1732 2135 ,
1758 2068 1899 2124 mul-

314 2183 488 2250 tisque
516 2175 835 2247 persuadere
861 2182 916 2227 ut
941 2170 1040 2226 sibi
1062 2166 1400 2224 attenderem
1426 2163 1600 2234 :quod
1628 2162 1675 2218 si
1704 2162 1898 2215 factum

313 2282 455 2327 esset
482 2311 495 2334 ,
525 2282 646 2324 cum
675 2265 779 2320 fide
803 2263 945 2333 digni
973 2259 1344 2330 apparuissent
1370 2299 1385 2322 ,
1418 2256 1575 2311 facile
1602 2269 1695 2310 sua
1726 2254 1897 2308 intro-

312 2363 611 2417 duxissent.
641 2357 718 2412 Ne
746 2357 848 2410 hoc
870 2367 1001 2423 ergo
1031 2351 1178 2407 lieret
1208 2392 1222 2414 ,
1256 2363 1428 2419 neque
1456 2346 1661 2402 fallacia
1691 2346 1897 2400 initium

311 2455 571 2513 duceret,
601 2449 760 2503 etiam
795 2460 915 2500 cum
944 2456 1070 2498 vera
1104 2440 1452 2511 quuercntur
1475 2481 1489 2506 ,
1520 2453 1611 2493 ora
1644 2438 1772 2507 ipsis
1797 2437 1899 2492 ob-

314 2541 502 2605 struit,
534 2547 592 2594 ut
640 2539 692 2592 in
739 2536 882 2591 falsis
922 2549 1081 2589 nemo
1126 2533 1254 2603 ipsis
1298 2532 1534 2586 animum
1579 2530 1894 2598 adhiberet,

313 2632 409 2688 sed
453 2631 517 2685 ad
557 2646 617 2686 ea
650 2644 768 2700 qua:
796 2627 863 2681 ab
892 2626 1019 2697 ipsis
1048 2625 1351 2680 dicerentur
1389 2638 1545 2677 aures
1571 2621 1893 2677 Obstrueret.

311 2725 599 2794 Postquam
636 2735 765 2791 ergo
793 2730 943 2774 vates
981 2728 1034 2773 et
1073 2715 1359 2788 prophetas
1403 2713 1718 2770 distinxerat
1748 2722 1802 2768 et
1830 2728 1893 2768 ex

312 2817 488 2884 priore
527 2824 579 2868 et
623 2827 686 2868 ex
733 2809 968 2867 secundo
1014 2808 1200 2878 signo,
1244 2806 1459 2862 demum
1507 2806 1577 2861 de
1625 2805 1896 2861 miraculis

307 2907 557 2971 disserit;
592 2919 692 2960 nec
720 2903 835 2958 siue
861 2916 1020 2957 causa
1049 2899 1116 2955 ad
1147 2899 1248 2953 hoc
1277 2905 1649 2968 argumentum
1683 2897 1892 2964 transit,

308 2998 401 3052 sed
433 3005 492 3051 ut
517 2994 909 3051 dissensionem
939 2992 1062 3046 inde
1092 2990 1362 3045 subortam
1391 2989 1560 3057 tollat,
1588 2996 1645 3044 et
1670 3002 1894 3058 persua-

306 3090 431 3142 deat
471 3089 534 3142 iis
574 3087 662 3156 qui
709 3086 884 3139 minus
927 3083 1161 3146 habent,
1208 3097 1276 3136 ne
1319 3081 1574 3145 doleant,
1604 3090 1659 3135 et
1700 3080 1767 3134 iis
1805 3080 1895 3150 qui

307 3166 511 3248 majora
537 3175 840 3248 possident,
872 3188 941 3229 ne
971 3172 1278 3228 efferantur.
1315 3171 1436 3226 Ideo
1464 3170 1541 3225 sic
1569 3172 1767 3241 incepit
1794 3186 1809 3226 :
1836 3173 1890 3227 4.

305 3272 589 3326 Diuisioues
618 3285 733 3324 vero
760 3267 1042 3338 gratiarum
1071 3276 1189 3321 sunt
1212 3306 1228 3331 ,
1262 3265 1395 3318 idem
1425 3273 1590 3317 autem
1623 3264 1893 3335 Spiritus;

304 3365 583 3434 primoque
607 3368 756 3415 curat
785 3359 933 3414 illum
964 3357 1053 3429 qui
1080 3356 1259 3412 minus
1284 3354 1443 3410 habet
1468 3358 1667 3410 donum
1692 3396 1707 3422 ,
1740 3355 1892 3412 idco-

302 3472 411 3527 que
435 3456 597 3511 dolet.
632 3455 738 3510 (Zur
766 3453 907 3510 enim
928 3497 943 3520 ,
975 3453 1176 3523 inquit,
1206 3452 1458 3522 angoris?
1482 3452 1604 3521 quia
1635 3467 1740 3507 non
1773 3460 1893 3507 tan-

306 3561 414 3603 tum
460 3566 602 3621 acccl
624 3550 707 3605 isti
749 3559 1004 3620 quantum
1046 3548 1219 3603 alius?
1258 3547 1351 3603 sed
1396 3548 1569 3619 cogita
1612 3546 1739 3601 illud
1772 3560 1893 3602 esse

302 3643 522 3712 dontnn,
550 3660 655 3698 non
680 3642 943 3708 debitum,
962 3652 1020 3697 et
1040 3641 1465 3697 consolationem
1491 3640 1740 3708 accipies.
1766 3639 1892 3693 Ideo

300 3738 480 3790 statim
526 3736 603 3789 sic
645 3735 879 3804 loquitur
906 3750 921 3788 :
948 3732 1233 3788 Divisioues
1279 3749 1394 3787 t-ero
1436 3733 1714 3803 gratiarum
1751 3742 1888 3786 sunt.

301 3825 485 3895 Neque
528 3823 662 3878 dixit
708 3825 981 3894 signorum
1008 3865 1023 3889 ,
1073 3837 1247 3893 neque
1288 3822 1667 3877 miraculorum
1692 3865 1708 3889 ,
1754 3822 1887 3890 sed,

305 3915 635 3978 Gratiarum;
665 3913 881 3969 nomine
902 3913 1027 3967 doni
1056 3912 1384 3983 persuadens
1412 3911 1486 3966 illi
1517 3920 1570 3967 ut
1597 3927 1702 3968 non
1732 3913 1891 3967 modo

302 4022 408 4061 non
432 4006 629 4068 doleat,
651 4005 744 4061 sed
765 4014 818 4061 et
838 4005 1060 4077 gratiam
1083 4005 1294 4060 habeat.
1321 4006 1526 4060 Etcum
1552 4007 1669 4073 hoc,
1696 4006 1886 4077 inquit,

303 4096 432 4153 illud
464 4114 675 4169 quoque
707 4108 881 4154 tecum
912 4106 1099 4168 reputa
1119 4138 1134 4165 ,
1163 4097 1301 4169 quod
1330 4096 1538 4153 etiamsi
1565 4099 1615 4152 in
1640 4112 1889 4154 mensura

302 4190 426 4245 doni
456 4190 632 4245 minus
663 4189 896 4257 habeas;
930 4193 984 4245 in
1014 4204 1080 4245 eo
1108 4188 1248 4260 quod
1277 4189 1520 4260 dignatus
1548 4190 1624 4245 sis
1651 4189 1773 4245 inde
1801 4205 1886 4246 ac-

301 4285 479 4354 cipere
499 4326 512 4349 ,
543 4282 683 4340 unde
711 4285 755 4339 is
779 4283 983 4353 accepit
1014 4282 1103 4353 qui
1133 4281 1251 4352 plus
1280 4281 1438 4336 habet
1464 4322 1477 4347 ,
1508 4296 1691 4351 parem
1723 4280 1889 4337 habes

300 4374 582 4430 honorem.
629 4375 815 4446 Neque
858 4374 1000 4431 enim
1044 4373 1226 4429 dicere
1266 4372 1472 4443 possis,
1518 4372 1594 4426 illi
1632 4371 1887 4443 Spiritum

301 4466 533 4534 dedisse,
559 4467 649 4522 tibi
673 4483 802 4522 vero
823 4466 1071 4538 angelum
1096 4483 1108 4517 :
1132 4481 1252 4520 nam
1279 4474 1334 4520 et
1361 4463 1450 4519 tibi
1478 4474 1531 4519 et
1558 4464 1633 4519 illi
1660 4463 1889 4535 Spiritus

302 4559 471 4613 dedit.
503 4557 627 4612 ideo
653 4558 944 4627 subiunxit,
981 4556 1127 4611 fdem
1153 4567 1317 4610 autem
1350 4554 1599 4624 Spiritus.

376 4650 429 4703 5.
472 4649 651 4717 Itaque
678 4648 885 4702 etiamsi
917 4648 971 4701 in
995 4647 1138 4702 dono
1163 4644 1463 4701 differentia
1490 4644 1558 4697 sit
1579 4687 1593 4711 ,
1621 4653 1676 4699 at
1700 4660 1806 4700 non
1835 4646 1887 4700 in

301 4755 366 4794 eo
395 4740 482 4810 qui
511 4738 656 4792 dedit
689 4755 702 4791 :
733 4753 800 4792 ex
844 4736 1033 4791 eodem
1078 4750 1307 4805 namque
1336 4734 1481 4789 fonte
1515 4742 1571 4789 et
1615 4744 1670 4788 tu
1705 4745 1759 4790 et
1798 4737 1888 4792 ille

302 4828 574 4884 hausistis.
605 4829 657 4884 5.
695 4826 759 4880 Et
802 4826 1070 4881 divisiones
1116 4824 1536 4880 ministrationum
1573 4833 1722 4890 sunt,
1754 4825 1889 4879 idem

302 4932 467 4975 mitem
512 4918 784 4974 Dominus.
830 4917 963 4974 Nam
1002 4918 1421 4973 consolationem
1466 4916 1642 4972 adhuc
1682 4917 1888 4987 placide

303 5028 502 5082 augens
527 5054 544 5080 ,
571 5021 626 5066 et
655 5010 845 5066 Filium
873 5018 928 5066 et
968 5009 1180 5065 Patrem
1206 5007 1409 5077 adjicit.
1441 5007 1671 5079 Alioque
1699 5023 1887 5063 rursus

304 5104 518 5158 nomine
545 5104 658 5159 lucc
682 5103 821 5159 dona
851 5111 1024 5171 vocat,
1057 5102 1312 5172 majorem
1340 5100 1499 5156 etiam
1526 5101 1649 5157 inde
1674 5103 1888 5172 excogi-

306 5207 425 5250 tans
449 5196 869 5252 consolationem
897 5215 910 5251 :
941 5196 1063 5254 ideo
1109 5196 1189 5252 sic
1232 5195 1392 5262 dicit,
1422 5193 1704 5250 Divisioues
1732 5195 1887 5249 mini-

309 5287 601 5341 strationum
621 5298 759 5352 sunt,
782 5290 913 5343 idem
936 5300 1102 5343 autent
1125 5288 1393 5342 Dominus.
1420 5286 1550 5341 Nam
1574 5288 1664 5359 qui
1685 5287 1883 5343 donum

303 5376 487 5441 audit,
516 5386 570 5432 et
594 5377 773 5433 minus
796 5381 1035 5449 accepit,
1071 5379 1298 5434 fortasse
1330 5378 1594 5445 doluerit;
1634 5380 1724 5449 qui
1755 5393 1886 5434 vero

301 5470 748 5528 ministratimtem
777 5472 1000 5540 accepit,
1030 5483 1136 5525 non
1165 5470 1290 5525 item
1322 5488 1335 5525 :
1365 5485 1452 5525 res
1477 5472 1617 5526 enim
1647 5471 1887 5526 laborem

302 5563 501 5619 indicat
525 5571 579 5618 et
604 5561 875 5617 sudorem.
908 5560 1044 5629 Quid
1070 5576 1199 5631 ergo
1224 5560 1395 5628 doles,
1422 5562 1621 5633 inquit,
1649 5563 1693 5617 si
1723 5561 1886 5617 alium

300 5655 421 5726 plus
461 5656 702 5713 laborare
744 5654 943 5726 jussit,
988 5655 1080 5711 tibi
1121 5656 1387 5725 parcens?
1425 5655 1480 5712 6.
1521 5653 1590 5709 Et
1619 5656 1885 5710 divisiones

304 5751 651 5820 operationum
681 5759 795 5806 sunt
815 5791 829 5818 ,
871 5749 1000 5804 idem
1030 5765 1141 5808 vero
1169 5748 1304 5806 Dens
1328 5752 1415 5822 qui
1452 5763 1690 5825 aperatur
1714 5754 1885 5808 omnia

1028 309 1084 366 S.
1122 304 1399 365 JOANNIS
1433 298 1905 358 CllRYSOSTUMl
1943 297 2257 357 ARCIIIEP.
2300 295 2832 357 CONSTANTINOP.

3508 286 3615 359 sti

2022 414 2076 468 in
2119 412 2370 468 omnibus.
2422 415 2474 467 7.
2529 410 2810 482 Unicuique
2852 422 3017 467 autent
3067 412 3218 467 datur
3266 405 3607 486 maniliistatio

2021 505 2249 576 Spiritus
2276 507 2346 560 ad
2371 507 2655 560 utilitatem.
2689 507 2754 560 Et
2781 506 2908 575 quid
2938 515 3023 560 est
3050 506 3330 577 operatio?
3355 508 3481 577 quid
3511 508 3606 562 do-

2019 598 2188 653 num?
2217 598 2459 668 inquies;
2502 597 2628 667 quid
2669 597 3028 653 ministratio?
3069 597 3356 652 Nominum
3403 608 3607 656 tantum

2018 698 2141 743 sunt
2167 686 2502 755 dilferentiaa,
2525 689 2648 757 quia
2674 701 2762 743 res
2781 687 2984 742 eandem
3011 697 3156 742 sunt.
3181 687 3334 754 Quod
3357 689 3501 744 enim
3525 697 3609 757 est

2017 779 2216 835 donum
2243 820 2259 845 ,
2294 778 2423 835 illud
2452 780 2624 850 ipsum
2655 788 2739 835 est
2766 779 3118 846 ministratio;
3161 780 3266 836 hoc
3290 783 3453 836 etiam
3477 782 3609 839 dicit

2017 870 2382 940 operationem
2412 888 2429 926 :
2458 886 2580 927 nam
2619 871 2692 926 ait
2723 889 2737 926 :
2767 870 3108 926 Ministerium
3136 881 3279 926 tuum
3321 873 3479 944 imple
3507 874 3603 945 (2.

2018 962 2152 1017 Tim.
2180 965 2235 1018 4.
2267 964 2352 1034 5);
2378 973 2452 1033 et,
2484 963 2825 1020 Ministerium
2850 980 3017 1019 meum
3045 965 3276 1036 glori/ica
3304 966 3483 1036 (Item.
3514 969 3602 1023 ll.

2017 1056 2130 1125 l5).
2163 1055 2229 1110 Et
2258 1056 2541 1113 Timotheo
2570 1058 2815 1114 scribens
2843 1057 3006 1123 dicit,
3039 1057 3260 1129 Propter
3282 1076 3434 1130 quam
3469 1077 3597 1115 cau-

2013 1162 2123 1200 sam
2148 1148 2393 1202 admoneo
2422 1159 2470 1201 te
2489 1189 2503 1214 ,
2532 1160 2588 1202 ut
2623 1149 2829 1203 suscites
2856 1150 3070 1220 gratiam
3104 1147 3205 1203 Dei
3238 1166 3350 1221 quae
3376 1160 3445 1206 est
3471 1152 3522 1205 in
3549 1163 3598 1206 te

2015 1236 2093 1307 (2.
2118 1236 2252 1292 Tim.
2278 1239 2330 1293 1.
2356 1238 2435 1311 ϐ);
2465 1249 2519 1294 ει
2541 1240 2609 1295 ad
2634 1238 2849 1296 Galatas
2875 1256 3061 1296 rursus
3085 1241 3327 1297 scribens
3352 1242 3591 1299 dicebat:

2016 1331 2117 1397 Qui
2146 1332 2277 1386 enim
2311 1344 2549 1402 aper-atus
2577 1343 2652 1388 est
2679 1333 2835 1389 Petro
2868 1335 2922 1389 in
2957 1336 3332 1405 apostolatum,
3365 1347 3596 1407 operatus

2013 1433 2088 1478 est
2112 1433 2158 1478 et
2187 1425 2312 1479 mihi
2338 1425 2469 1480 inter
2486 1434 2655 1497 gentes
2679 1424 2820 1496 (Gal.
2840 1425 2896 1481 2.
2920 1426 2997 1498 8).
3028 1426 3210 1483 Viden’
3235 1427 3377 1498 quod
3402 1429 3593 1485 nullam

2011 1516 2366 1573 differentiam
2391 1518 2637 1574 ostendat
2662 1519 2715 1573 in
2744 1519 2899 1576 donis
2927 1519 3101 1575 Patris
3126 1529 3180 1576 et
3203 1520 3323 1576 Filii
3352 1530 3407 1576 et
3429 1522 3600 1592 Spiri-

2014 1618 2098 1664 tus
2132 1610 2337 1665 sancti?
2374 1625 2480 1666 non
2518 1610 2834 1681 bypostases
2871 1609 3207 1666 confundens
3230 1653 3246 1679 ,
3288 1611 3461 1677 absit,
3503 1613 3594 1668 sed

2010 1700 2323 1756 substantia:
2371 1715 2552 1770 parem
2605 1701 2866 1756 honorem
2912 1702 3222 1757 ostendens.
3273 1702 3407 1758 Nam
3453 1704 3596 1774 quod

2010 1791 2240 1862 Spiritus
2286 1792 2546 1864 largitur,
2582 1795 2682 1848 hoc
2717 1803 2773 1848 et
2811 1793 2979 1848 Deum
3023 1795 3274 1863 operari,
3312 1804 3367 1849 et
3402 1795 3595 1851 Filium

2010 1884 2261 1940 ordinare
2285 1899 2350 1939 ac
2378 1884 2615 1954 prmbere
2641 1884 2788 1940 dicit.
2819 1886 2978 1956 Atqui
3004 1886 3051 1942 si
3080 1886 3181 1942 hoc
3205 1896 3348 1943 esset
3378 1887 3470 1942 illo
3498 1889 3596 1942 mi-

2008 1989 2110 2029 nus
2130 2015 2146 2042 ,
2175 1984 2230 2029 et
2254 1974 2386 2029 illud
2409 1974 2512 2030 isto
2531 2016 2547 2041 ,
2577 1990 2684 2029 non
2712 1976 2791 2030 sic
2816 1975 2945 2031 illud
2972 1977 3261 2046 posuisset,
3290 1993 3466 2049 neque
3495 1979 3593 2035 hac

2009 2066 2216 2120 ratione
2254 2065 2524 2122 dolentem
2564 2067 2875 2122 consolatus
2904 2076 3066 2123 esset.
3106 2067 3235 2124 Post
3275 2068 3391 2124 haec
3416 2080 3591 2127 autem

2007 2156 2115 2212 alio
2153 2172 2366 2227 quoque
2409 2157 2568 2213 modo
2609 2158 2784 2229 ipsum
2828 2159 3173 2227 consolatur;
3217 2161 3361 2231 quod
3403 2178 3594 2234 nempe

2007 2247 2130 2303 data
2166 2263 2413 2303 mensura
2456 2249 2555 2319 ipsi
2584 2250 2855 2316 conferat,
2885 2250 3094 2305 etiamsi
3134 2252 3309 2308 minor
3332 2253 3423 2309 sit.
3458 2253 3589 2309 Cum

2006 2340 2234 2395 dixisset
2272 2342 2415 2396 enim
2440 2384 2454 2409 ,
2483 2341 2630 2397 Idem
2663 2343 2890 2413 Spiritus
2911 2385 2926 2411 ,
2968 2345 3103 2400 idem
3142 2345 3390 2401 Dominus
3412 2389 3429 2414 ,
3457 2348 3589 2402 idem

2006 2431 2177 2499 Deus,
2206 2440 2263 2487 et
2293 2431 2391 2487 hac
2418 2432 2625 2488 ratione
2651 2434 2824 2504 ipsum
2852 2447 3183 2501 recreasset;
3217 2437 3374 2493 aliam
3408 2453 3591 2495 rursus

2004 2523 2274 2594 subiungit
2300 2524 2720 2581 consolationem
2747 2527 2824 2582 sic
2855 2526 3040 2582 dicens
3068 2544 3082 2582 :
3114 2527 3399 2598 Unicuique
3423 2543 3590 2586 autem

2003 2614 2344 2687 ittartifestatio
2372 2614 2601 2685 Spiritus
2626 2616 2781 2671 datur
2799 2618 2867 2671 ad
2890 2617 3180 2674 utilitatem.
3206 2618 3285 2675 Ne
3307 2620 3428 2692 quis
3446 2621 3586 2676 enim

2003 2707 2208 2764 diceret
2233 2750 2247 2773 ,
2276 2707 2415 2776 Quid
2440 2709 2581 2763 enim
2603 2749 2619 2775 ,
2649 2711 2695 2764 si
2722 2709 2863 2765 idem
2896 2710 3151 2767 Dominus
3175 2723 3230 2768 et
3257 2712 3397 2769 idem
3423 2713 3589 2785 Spiri-

2003 2808 2089 2855 tus
2112 2810 2167 2854 ct
2191 2800 2331 2855 idem
2356 2800 2529 2856 Deus?
2555 2811 2609 2855 at
2634 2816 2734 2871 ego
2753 2802 2931 2857 minus
2953 2804 3135 2874 accepi
3156 2819 3172 2868 ;
3193 2804 3268 2859 ait
3288 2806 3424 2876 ipse,
3447 2807 3589 2878 quod

2002 2893 2075 2947 ita
2117 2892 2404 2949 conferret.
2458 2893 2937 2950 Manifestationem
2982 2911 3113 2951 vero
3161 2896 3394 2968 Spiritus
3440 2900 3589 2971 signa

2002 2995 2189 3050 vocat;
2237 2995 2291 3040 et
2332 2985 2544 3040 merito.
2583 2984 2709 3039 Mihi
2739 2986 2882 3041 enim
2923 2986 3064 3042 lideli
3095 2987 3412 3045 manifestus
3437 3001 3521 3047 est
3548 2993 3591 3047 is

1998 3077 2090 3148 qui
2120 3076 2280 3133 habet
2304 3076 2558 3147 Spiritum
2584 3118 2599 3145 ,
2631 3092 2696 3134 eo
2723 3078 2866 3149 quod
2906 3066 2977 3134 sit
3016 3080 3354 3151 baptizatus;
3387 3083 3588 3141 inﬁdeli

2000 3181 2177 3228 autem
2206 3188 2273 3228 ex
2302 3173 2447 3228 nulla
2475 3188 2535 3228 re
2562 3172 2663 3227 hoc
2690 3174 2793 3228 erit
2820 3173 3187 3244 conspicuum,
3220 3176 3322 3232 nisi
3345 3191 3376 3231 a
3401 3177 3586 3249 signis.

2000 3262 2183 3335 itaque
2226 3263 2350 3319 inde
2383 3265 2543 3320 etiam
2581 3279 2688 3320 non
2718 3279 2879 3334 parva
2907 3265 3203 3322 consolatio
3233 3276 3335 3323 est.
3367 3267 3586 3325 Etiamsi

1999 3357 2141 3413 enim
2166 3357 2305 3413 dona
2332 3358 2441 3413 sint
2464 3357 2694 3425 diversa,
2719 3374 2822 3413 una
2850 3366 3027 3415 tamen
3054 3367 3134 3413 est
3157 3358 3547 3417 demonstratio
3571 3380 3586 3418 :

1999 3468 2122 3508 nam
2160 3453 2273 3508 sive
2311 3453 2536 3507 multum
2576 3454 2688 3508 sive
2729 3469 2949 3522 parvum
2994 3453 3196 3510 habeas
3219 3497 3234 3520 ,
3275 3455 3501 3526 perinde
3527 3470 3588 3512 es

1998 3546 2330 3602 manifestus.
2376 3546 2560 3617 Itaque
2596 3547 2643 3622 si
2684 3545 2814 3601 illud
2858 3547 3143 3603 ostendere
3177 3549 3414 3620 satagis,
3445 3548 3587 3620 quod

1998 3636 2257 3707 Spiritum
2304 3638 2503 3694 habeas
2525 3680 2540 3706 ,
2574 3638 2921 3695 sufﬁcientem
2959 3640 3124 3696 habes
3164 3641 3583 3698 demonstratio-

1997 3745 2140 3784 nem.
2169 3728 2302 3784 Cum
2331 3744 2459 3800 ergo
2482 3739 2536 3784 et
2560 3745 2698 3784 unus
2727 3730 2795 3784 sit
2819 3730 2907 3800 qui
2931 3730 3099 3796 dedit,
3124 3744 3179 3785 et
3203 3733 3490 3803 gratuitum
3517 3734 3585 3788 sit

1997 3820 2196 3875 donum
2222 3861 2237 3885 ,
2266 3830 2320 3875 et
2361 3821 2723 3875 manifestatio
2752 3821 2878 3876 hinc
2914 3822 3005 3876 fiat
3026 3864 3040 3888 ,
3074 3832 3128 3877 et
3159 3822 3261 3879 hoc
3296 3824 3390 3879 tibi
3419 3826 3583 3896 magis

1996 3914 2269 3979 conferat;
2321 3928 2391 3968 ne
2417 3912 2602 3968 doleas
2628 3914 2778 3984 quasi
2810 3913 3115 3984 despectus.
3145 3915 3330 3986 Neque
3359 3918 3501 3972 enim
3531 3926 3583 3973 te

1996 4004 2260 4061 dedecore
2284 4004 2524 4060 afficiens
2544 4004 2707 4071 Deus,
2734 4020 2911 4074 neque
2933 4006 3105 4062 altero
3129 4007 3391 4063 minorem
3416 4007 3583 4063 decla-

1995 4111 2120 4153 rans
2157 4097 2260 4152 hoe
2286 4096 2433 4164 facit,
2462 4096 2555 4152 sed
2589 4097 2681 4152 tibi
2714 4111 2966 4166 parcens,
2992 4107 3048 4153 et
3079 4097 3133 4154 id
3164 4108 3413 4169 spectans
3441 4099 3580 4171 quod

1996 4189 2091 4245 tibi
2137 4188 2269 4244 utile
2300 4198 2460 4245 esset.
2500 4188 2633 4244 Nam
2674 4189 2846 4258 majus
2875 4191 3146 4261 quidpiam
3189 4193 3431 4263 accipere
3460 4208 3579 4249 eum

1994 4280 2086 4350 qui
2113 4278 2257 4336 ferre
2284 4296 2388 4335 non
2417 4280 2601 4350 possit,
2619 4279 2722 4335 hoc
2746 4288 2890 4335 esset
2916 4281 3124 4350 inutile,
3144 4283 3360 4337 noxium
3381 4292 3435 4338 et
3456 4298 3579 4338 ma:-

1993 4387 2118 4428 rore
2144 4371 2379 4443 dignum.
2413 4372 2467 4428 8.
2512 4370 2652 4425 Nam
2681 4371 2771 4426 alii
2799 4373 2997 4444 quidem
3027 4389 3115 4444 per
3146 4374 3398 4446 Spiritum
3425 4373 3582 4429 datur

1993 4481 2157 4521 sermo
2193 4466 2494 4536 sapientius,
2524 4464 2614 4518 alii
2653 4473 2818 4519 autem
2856 4482 3020 4520 sermo
3058 4467 3280 4521 aciemin:
3305 4465 3581 4521 secundum

1996 4556 2225 4610 eumdem
2249 4556 2536 4627 Spiritunt;
2562 4556 2615 4611 9.
2647 4557 2794 4611 alteri
2818 4557 2944 4627 ﬁdes
2970 4558 3021 4611 in
3044 4557 3216 4612 eodem
3245 4555 3466 4628 Spiritu,
3492 4559 3584 4614 alii

1993 4657 2161 4700 autem
2186 4646 2351 4718 gratia
2374 4648 2693 4701 curationum
2717 4648 2769 4701 in
2794 4648 2968 4702 eodem
2998 4647 3221 4718 Spiritu.
3243 4646 3433 4703 Viden‘
3453 4664 3583 4721 quo-

1994 4737 2155 4793 modo
2205 4736 2401 4808 ubique
2444 4737 2549 4794 hoe
2590 4738 3008 4794 additamentum
3051 4739 3248 4807 faciat,
3298 4737 3369 4794 In
3409 4742 3580 4795 eodem

1996 4830 2194 4901 Spiritu
2222 4828 2429 4897 dicens,
2462 4839 2517 4884 ει
2535 4871 2551 4898 ,
2582 4828 2875 4885 Secundum
2905 4833 3134 4885 eumdem
3163 4831 3457 4902 Spiritum?
3478 4830 3579 4886 scit

1994 4923 2138 4978 enim
2170 4920 2295 4976 hinc
2330 4935 2576 4991 magnam
2607 4921 2734 4976 oriri
2762 4922 3203 4977 consolationem.
3234 4922 3323 4978 lo.
3355 4920 3460 4977 Alii
3486 4936 3579 4973 au-

1994 5024 2092 5070 tem
2115 5016 2433 5084 operationes
2460 5015 2720 5080 virtutum,
2748 5015 2838 5069 alii
2869 5014 3168 5085 prophetica,
3196 5014 3287 5068 alii
3315 5014 3581 5069 discretio-

1993 5125 2081 5164 ues
2110 5108 2408 5178 spirituum,
2438 5108 2527 5161 alii
2556 5123 2741 5178 genera
2768 5106 3088 5177 linguarum,
3121 5108 3210 5161 alii
3238 5107 3583 5178 interpretatio

1994 5217 2301 5256 sermonum.
2330 5200 2464 5267 Quia
2492 5198 2632 5254 enim
2663 5199 2716 5252 in
2744 5197 2847 5253 hoe
2869 5199 3034 5253 altum
3061 5197 3359 5267 sapiebant,
3382 5197 3504 5253 ideo
3528 5197 3581 5251 id

1996 5301 2321 5363 postremum
2352 5291 2552 5363 posuit,
2580 5298 2636 5345 et
2665 5290 2935 5358 subjunin
2967 5306 2983 5342 :
3012 5290 3097 5343 ll.
3130 5287 3256 5343 ιιωσ
3284 5298 3455 5343 autem
3482 5305 3581 5342 om-

1995 5385 2081 5436 nia
2117 5393 2356 5454 0peratur
2393 5399 2523 5436 unus
2563 5391 2608 5437 et
2652 5381 2786 5435 idem
2827 5380 3075 5449 Spiritus.
3121 5379 3475 5434 Pharmacqu
3514 5379 3578 5435 ad

1996 5488 2207 5529 omnem
2229 5473 2649 5528 consolationem
2672 5481 2853 5540 aptum
2880 5487 2893 5523 :
2914 5469 3054 5540 quod
3077 5484 3143 5523 cx
3165 5468 3353 5526 eadem
3378 5469 3579 5533 radice.

1997 5580 2062 5619 ex
2086 5563 2272 5618 iisdem
2296 5562 2581 5628 thesauris,
2598 5577 2664 5618 ex
2686 5562 2875 5619 iisdem
2897 5560 3109 5616 ﬂuentis
3128 5574 3320 5616 omnes
3337 5561 3579 5631 accipere

1998 5653 2221 5726 possint.
2244 5652 2368 5709 ideo
2391 5653 2698 5722 lrequemer
2718 5652 2989 5717 hauriens,
3014 5650 3115 5705 hoc
3138 5650 3307 5709 verbo
3323 5666 3443 5708 eam
3462 5666 3579 5723 quze

2001 5745 2280 5804 videbatur
2302 5759 2423 5801 esse
2452 5744 2864 5816 mzequalitatem
2894 5749 3141 5812 exaequat
3167 5750 3224 5799 et
3248 5741 3574 5802 consolatur.
