3990 6168
320 234 426 290 ἳίὸ

1295 228 1360 282 IN
1401 226 1615 283 ENST.
1657 225 1677 279 1
1715 224 1803 278 AD
1839 222 2000 279 (ΞΟΠ.
2043 223 2274 282 HOMIL.
2306 229 2495 287 XXIX.

3472 232 3577 285 εει

321 354 388 408 ἂν
416 352 695 422 εῖποιμενς
748 352 796 403 εἰ
838 349 944 420 γάρ
987 348 1164 412 οὐδεὶς
1202 347 1421 402 δύναται
1471 345 1643 396 εἰπεῖν
1682 339 1887 411 Κύριον
1993 340 2046 393 τί
2072 342 2126 394 δὲ
2156 344 2433 417 χάρισμα;
2464 348 2619 419 φησί·
2650 349 2702 401 τί
2728 348 2784 402 δέ
2816 348 3096 415 διακονία;
3134 348 3443 419 Ὀνομάτων
3468 348 3581 401 διας

333 435 572 505 Ἰησοῦν,
612 436 661 487 εἰ
695 435 766 505 μὴ
800 435 857 485 ἐν
904 432 1183 503 Πνεῦματι
1220 432 1379 501 ἁγίῳ,
1424 429 1478 482 τί
1533 428 1601 480 ἀν
1644 425 1894 493 εἴποιμεν

322 519 458 590 περὶ
504 518 732 580 τούτων,
796 515 1172 587 ὀνομαζόντων
1228 515 1326 586 μὲν
1374 510 1541 566 αὐτοῦ
1586 509 1649 563 τὸ
1701 509 1894 590 ὄνομα,

324 588 645 672 Πνεῦματος
677 600 732 654 δὲ
768 599 1262 670 άπεστερημένωνς
1301 596 1442 649 Ἀλλ’
1480 596 1542 648 06
1588 593 1719 662 περὶ
1771 588 1897 643 τού-

323 704 435 738 των
460 687 489 737 6
530 684 688 753 λόγος
728 682 876 753 αὐτῷ
930 682 1046 736 νῦν*
1085 682 1147 735 06
1180 681 1290 751 γάρ
1318 675 1457 749 ἦσαν
1500 673 1899 746 κατηχούμενοι

317 767 467 821 τότε·
505 765 640 820 ἀλλά
674 766 802 837 περὶ
831 765 1038 819 πιστῶν
1076 765 1171 817 καὶ
1203 763 1466 817 ἀπίστων.
1501 760 1568 812 Τί
1596 754 1691 811 οὖν
1728 756 1901 818 οὐδεὶς

323 851 534 920 δαίμων
558 850 815 920 ὀνομάζει
844 849 935 903 τὸν
963 849 1134 914 Θεόν;
1165 848 1287 917 οὐχὶ
1313 847 1362 899 οί
1391 841 1752 914 δαιμονῶντες
1788 839 1902 892 ξλε-

323 951 438 1003 γον,
494 934 747 1004 οῖδαμέν
796 951 872 988 σε
909 935 999 1000 τίς
1024 929 1098 997 εἶ,
1145 935 1178 986 ὀ
1209 931 1344 996 Υἱὸς
1380 928 1488 982 τοῦ
1535 924 1727 989 Θεοῦ;
1784 923 1904 992 οὐχὶ

326 1018 522 1087 Παύλῳ
584 1018 793 1085 ἔλεγον,
842 1012 1019 1073 Οὗτοι
1073 1019 1126 1069 oi
1172 1014 1470 1080 ἄνθρωποι
1523 1009 1732 1063 δοῦλοι
1797 1006 1902 1061 τοῦ

327 1101 472 1155 Θεοῦ
525 1099 635 1154 τοῦ
688 1100 956 1168 ὑψίστου
1010 1099 1209 1161 εἰσίν;
1265 1095 1425 1149 Ἀλλά
1489 1091 1901 1164 μαστιζόμενοι,

327 1183 439 1237 ἀλλ’
464 1182 923 1252 ἀναγκαζόμενοι·
953 1181 1169 1244 ἑκόντες
1197 1180 1254 1233 δὲ
1291 1180 1386 1233 καὶ
1417 1177 1491 1249 μὴ
1530 1172 1903 1247 μαστιγούμε-

328 1282 430 1329 νοι,
456 1265 720 1336 οὐδαμοῦ.
749 1264 933 1329 ’Ἄξιον
962 1264 1017 1318 δὲ
1046 1262 1278 1318 ἐνταῦθα
1309 1261 1563 1332 ζητῆσαι,
1594 1257 1683 1312 διὰ
1712 1258 1766 1310 τί
1810 1256 1906 1310 καὶ

328 1351 356 1402 6
390 1350 605 1419 δαίμων
641 1350 814 1403 ταῦτα
863 1348 1181 1418 ἐφθέγγετο,
1214 1348 1309 1401 καὶ
1338 1344 1549 1408 Παῦλος
1579 1341 1901 1412 ἐπετίμησε.

329 1433 434 1485 Τὸν
457 1432 778 1486 διδάσκαλον
801 1433 892 1486 τὸν
925 1431 1116 1485 ἐαυτοῦ
1156 1430 1324 1502 μιμοῦ
1334 1446 1490 1500 μενος
1513 1445 1527 1459 ·
1563 1428 1659 1490 καὶ
1680 1426 1787 1496 γάρ
1811 1424 1907 1478 καὶ

329 1518 360 1568 6
388 1515 623 1585 Χριστὸς
648 1514 993 1585 ἐπετίμησενο
1034 1513 1151 1567 οὐδὲ
1182 1513 1289 1585 γάρ
1321 1512 1572 1565 ἐϐούλετο
1600 1509 1730 1578 παρ’
1761 1507 1906 1562 ἐκεί-

334 1615 440 1650 νων
468 1598 569 1666 τὴν
603 1597 906 1668 μαρτυρίαν
939 1596 1103 1666 ἔχειν.
1137 1597 1293 1658 Τίνος
1322 1595 1380 1648 δέ
1402 1595 1590 1649 ἕνεκεν
1612 1594 1707 1647 καὶ
1738 1594 1767 1645 6
1789 1589 1906 1645 δαί-

340 1697 456 1749 μων
480 1678 656 1734 ἐποίει
681 1679 869 1742 τοῦτο;
917 1679 1244 1749 Βουλόμενος
1271 1680 1489 1749 συγχεῖν
1514 1676 1623 1731 τῶν
1648 1674 1906 1747 πραγμά-

228 1766 243 1778 ‘
339 1780 447 1815 των
471 1763 571 1833 τὴν
595 1762 770 1826 τάξιν,
794 1762 888 1816 καὶ
912 1762 1155 1833 ἁρπάσαι
1177 1761 1286 1815 τῶν
1307 1761 1621 1816 ἀποστόλων
1653 1760 1712 1813 τὸ
1740 1757 1905 1823 ἀξίω-

342 1862 440 1913 μα.
468 1846 564 1898 καὶ
593 1849 780 1898 πεῖσαι
803 1845 1028 1908 πολλοὺς
1050 1844 1338 1916 προσέχειν
1359 1843 1529 1915 αὐτῷ·
1559 1844 1697 1913 ὅπερ
1724 1844 1772 1896 εί
1794 1844 1908 1910 ἐγε-

336 1928 504 1994 γόνει.
535 1927 733 1998 ῥαδίως
768 1928 837 1982 ἂν
864 1927 1115 1981 ἐντεῦθεν
1161 1927 1461 1991 ἀξιόπιστοι
1493 1926 1773 1996 φανέντες,
1813 1927 1908 1979 καὶ

329 2009 403 2062 τά
434 2010 566 2080 παρ’
595 2009 806 2063 ἑαυτῶν
848 2011 1216 2080 ἐπεισήγαγον
1261 2010 1347 2064 ἀν.
1391 2010 1486 2065 Ἶν’
1519 2005 1613 2064 οὖν
1639 2009 1715 2082 μὴ
1749 2008 1909 2062 τοῦτο

329 2092 562 2162 γένηται
602 2092 739 2163 μηδέ
767 2092 943 2163 ἀρχὴν
982 2095 1016 2163 ἡ
1074 2093 1258 2162 ἀπάτη
1301 2092 1461 2165 λάϐῃ,
1496 2094 1591 2147 καὶ
1619 2094 1688 2148 τά
1729 2090 1908 2162 ἀληθῆ

327 2173 587 2243 λέγοντας
635 2174 996 2245 ἐπιστομίζει,
1050 2174 1192 2229 ὥστε
1238 2177 1298 2229 ἐν
1343 2180 1455 2239 τοῖς
1505 2176 1731 2245 ψεύδεσι
1783 2174 1908 2245 μηδ’

325 2257 470 2321 ὅλως
506 2256 630 2310 τινὰ
667 2256 848 2321 αὐτοῖς
883 2259 1194 2328 προσέχειν,
1236 2258 1371 2313 ἁλλά
1400 2259 1633 2312 καθόλου
1671 2257 1809 2329 πρὸς
1841 2258 1911 2311 τά

324 2343 597 2412 λεγόμενα
628 2343 757 2412 παρ’
790 2340 968 2395 αὐτῶν
997 2341 1366 2411 ἀποφράττειν
1384 2342 1483 2405 τὰς
1502 2342 1691 2404 ἀκοάς.
1710 2340 1912 2413 Δήλους

323 2425 511 2479 τοίνυν
544 2427 775 2497 ποιήσας
811 2425 938 2488 τοὺς
973 2425 1194 2494 μάντεις
1224 2424 1317 2497 καὶ
1345 2424 1471 2487 τοὺς
1496 2427 1781 2496 προφήτας
1804 2424 1912 2476 ἀπό

322 2524 387 2560 τε
424 2507 524 2561 τοῦ
565 2508 833 2579 προτέρου
884 2508 980 2560 καὶ
1008 2506 1102 2559 τοῦ
1134 2506 1388 2574 δευτέρου
1435 2506 1684 2576 σημείου,
1726 2504 1911 2558 λοιπὸν

327 2591 461 2660 περὶ
488 2589 597 2644 τῶν
624 2589 922 2660 θαυμάτων
956 2589 1288 2656 διαλέγεται,
1333 2590 1430 2659 οὐχ
1468 2589 1653 2652 ἁπλῶς
1678 2589 1757 2652 εἰς
1783 2588 1910 2642 τοῦ-

321 2690 418 2726 τον
447 2671 739 2744 παρελθὼν
768 2673 859 2726 τὸν
892 2672 1074 2742 λόγον,
1107 2673 1223 2726 ἀλλ’
1248 2672 1387 2725 ὥστε
1416 2671 1514 2743 τήν
1536 2673 1784 2726 ἐντεῦθεν
1821 2690 1912 2742 γε-

321 2757 566 2827 νομένην
600 2758 880 2812 διάστασιν
920 2757 1152 2822 ἀνελεῖν,
1195 2758 1290 2811 καὶ
1338 2758 1518 2809 πεῖσαι
1567 2756 1661 2809 καὶ
1697 2756 1823 2820 τοὺς
1850 2756 1911 2809 τὸ

317 2839 558 2894 ἔλαττον
586 2839 808 2912 έχοντας
840 2840 915 2911 μὴ
938 2841 1151 2908 ἀλγεῖν,
1182 2841 1273 2894 καὶ
1302 2841 1427 2903 τοὺς
1464 2839 1534 2893 τὰ
1564 2840 1789 2910 μείζονα
1819 2857 1911 2893 κε-

321 2922 641 2993 κτημένους
688 2922 765 2994 μὴ
815 2922 1161 2993 ἐπαίρεσθαι.
1209 2922 1299 2975 Διὸ
1328 2922 1419 2976 καὶ⁵
1460 2921 1631 2985 οὕτως
1670 2922 1907 2992 ἤρξατοο

319 3004 660 3075 Διαιρέσεις
700 3005 763 3060 δὲ
806 3005 1190 3075 χαρισμάτων
1205 3005 1345 3069 εἰσί,
1368 3005 1435 3058 τὸ
1458 3004 1526 3058 δὲ
1543 3007 1690 3060 αὐτὸ
1720 3007 1911 3061 Πνεῦ-

312 3106 441 3156 μαο
492 3089 590 3141 καὶ
640 3088 935 3159 θεραπεύει
968 3088 1186 3160 πρῶτον
1214 3088 1304 3142 τὸν
1337 3087 1398 3141 τὸ
1443 3087 1664 3141 ἔλαττον
1718 3088 1911 3159 ἔχοντα

318 3171 602 3241 χάρισμα,
649 3173 747 3225 καὶ
791 3171 879 3225 διά
929 3169 1080 3243 [262]
1109 3170 1266 3225 τοῦτο
1300 3169 1590 3241 ἀλγοῦντα.
1617 3172 1773 3235 Τίνος
1802 3174 1911 3244 γάρ

315 3253 543 3319 ἕνεκεν,
567 3256 750 3325 φησὶν,
780 3254 1044 3324 ἀθυμεῖς;
1078 3256 1160 3308 ὅτι
1189 3255 1287 3308 06x
1325 3254 1516 3318 ἔλαϐες
1545 3254 1666 3308 ὅσον
1703 3254 1909 3326 ἓτεροςς

318 3338 448 3390 ἀλλ’
492 3338 748 3407 ἐννόησον
775 3340 857 3394 ὃτι
877 3338 1124 3408 χάρισμά
1149 3339 1284 3400 ἐστι,
1321 3339 1415 3392 καὶ
1443 3338 1543 3391 οὐκ
1577 3339 1788 3407 ὀφειλὴ,
1817 3339 1912 3392 καὶ

317 3421 712 3492 παραμυθήση
751 3422 846 3492 τὴν
894 3420 1103 3492 ὀδύνην.
1162 3421 1262 3474 Διά
1307 3419 1464 3474 τοῦτο
1513 3420 1715 3484 εὐθέως
1759 3417 1913 3475 εἶπεν

314 3503 501 3558 οὕτω·
543 3504 868 3572 Διαιρέσεις
920 3504 989 3558 δὲ
1032 3503 1419 3574 χαρισμάτων
1462 3505 1604 3569 εἰσί,
1656 3506 1768 3559 Καὶ
1813 3506 1914 3559 οὐκ

310 3582 472 3654 εἷπε,
513 3588 783 3658 σημείων,
810 3589 948 3652 οὐδὲ,
971 3588 1284 3659 θαυμάτων,
1316 3586 1471 3650 ἀλλά,
1504 3587 1909 3656 χαρισμάτων,

308 3669 396 3741 τῷ
424 3670 668 3741 ὀνόματι
704 3671 801 3741 τῆς
823 3672 1026 3743 δωρεᾶς
1064 3672 1268 3725 πείθων
1307 3671 1380 3741 μὴ
1414 3670 1574 3741 μόνον
1606 3670 1680 3741 μὴ
1703 3669 1908 3738 ἀλγεῖν,

307 3755 454 3809 άλλὰ
501 3755 604 3810 καὶ
659 3755 818 3827 χάριν
847 3756 1064 3811 εἰδέναι.
1097 3756 1207 3810 Καὶ
1262 3758 1400 3825 μετὰ
1451 3752 1642 3807 τούτου
1690 3754 1912 3808 κάκεῖνο

304 3837 570 3907 λογίζου,
618 3839 804 3907 φησὶν,
851 3839 934 3892 ὃτι
959 3841 1006 3893 εί
1041 3839 1134 3892 καὶ
1163 3838 1241 3908 τῷ
1267 3839 1452 3909 μέτρῳ
1472 3837 1781 3907 ὴλάττωσαι
1815 3837 1909 3892 τοῦ

302 3921 603 3986 δοθέντος,
630 3921 708 3991 τῷ
743 3922 1142 3991 καταξιωθῆναι
1179 3921 1362 3975 λαϐεῖν
1404 3919 1633 3986 ἐκεῖθεν,
1667 3920 1787 3975 ὅθεν
1817 3921 1910 3974 καὶ

300 4004 331 4057 6
366 4004 434 4059 τὺ
466 3995 648 4059 πλέον
670 4004 874 4067 λαϐὼν,
906 4005 1005 4073 τὴν
1030 4005 1150 4075 ἴσην
1172 4003 1315 4074 ἔχεις
1347 4007 1532 4075 τιμήν.
1574 4004 1649 4058 Οὐ
1688 4002 1799 4075 γάρ
1842 4004 1905 4075 δή

302 4106 415 4141 που
470 4088 637 4159 ἔχοις
679 4087 745 4140 ἂν
792 4089 987 4151 εἰπεῖν,
1018 4087 1100 4139 ὅτι
1138 4088 1331 4158 ἐκείνῳ
1377 4089 1472 4157 μὲν
1509 4088 1803 4157 ἐχαρίσατο
1848 4089 1909 4142 τὸ

299 4170 577 4242 Πνεῦμα,
621 4169 707 4222 σοὶ
757 4169 811 4221 δὲ
855 4169 1122 4237 ἄγγελοςο
1168 4170 1260 4222 καὶ
1288 4169 1396 4240 γὰρ
1445 4170 1526 4222 σοὶ
1560 4171 1801 4239 κάκείνῳ
1848 4171 1908 4224 τὸ

299 4254 577 4325 Πνεῦμα.
616 4252 712 4305 Διὸ
738 4253 1005 4323 ἐπήγαγε,
1046 4252 1117 4307 T6
1149 4252 1217 4304 δὲ
1259 4254 1403 4306 αὐτὸ
1443 4254 1702 4323 Πνεῦμα.

369 4461 450 4523 γ’.
490 4457 678 4509 Ὥστε
709 4456 756 4515 εἰ
775 4457 867 4509 καὶ
890 4457 947 4508 ἐν
961 4459 1026 4527 τῇ
1045 4456 1188 4510 δόσει
1208 4457 1457 4527 διαφορά,
1476 4456 1590 4510 ἀλλ’
1614 4458 1715 4511 οὐκ
1744 4459 1801 4511 ἐν
1833 4460 1910 4529 τῷ

289 4537 570 4594 δεδωκότι
600 4539 849 4610 διαφορά
868 4555 883 4569 ·
913 4540 1021 4592 ἀπὸ
1045 4539 1155 4611 γὰρ
1181 4540 1281 4610 τῆς
1311 4541 1482 4611 αὐτῆς
1518 4542 1702 4612 πηγῆς
1728 4543 1823 4597 καὶ
1845 4545 1907 4596 σὺ

287 4623 564 4685 κάκεῖνος
598 4621 866 4690 ἀρύεσθε.
895 4621 1005 4676 Καὶ
1033 4621 1350 4690 διαιρέσεις
1384 4623 1699 4678 διακονιῶν
1728 4627 1905 4690 εἰσιν,

284 4707 324 4758 ό
355 4705 432 4759 δὲ
458 4706 678 4769 αὐτὸς
705 4706 933 4771 Κύριος.
971 4707 1247 4760 Λιπαίνων
1274 4708 1380 4778 γάρ
1408 4707 1506 4779 τὴν
1534 4710 1905 4779 παραμυθίαν,

286 4790 388 4842 καὶ
415 4791 520 4843 τὸν
551 4787 702 4842 Υίὸν
727 4790 821 4842 καὶ
841 4790 932 4841 τὸν
956 4790 1174 4861 Πατέρα
1207 4792 1553 4862 προστίθησι.
1584 4794 1691 4846 Καὶ
1735 4793 1908 4864 ἑτέρῳ

288 4875 466 4928 πάλιν
507 4875 762 4944 ὀνόματι
822 4873 977 4927 καλεῖ
1022 4874 1122 4938 τὰς
1167 4873 1378 4944 δωρεὰς
1421 4875 1644 4938 ταύτας,
1689 4876 1909 4931 πλείονα

290 4957 621 5012 κάντεῦθεν
652 4956 1010 5026 παραμυθίαν
1038 4957 1288 5011 ἐπινοῶν·
1320 4957 1401 5010 6:6
1430 4959 1524 5012 καὶ
1561 4957 1733 5020 οὕτως
1763 4956 1904 5023 εἷπε,

291 5041 663 5110 Διαιρέσεις
707 5038 1028 5093 διακονιῶν
1056 5043 1233 5104 εἰσιν,
1281 5043 1312 5094 ό
1347 5038 1417 5092 δὲ
1458 5040 1640 5105 αὐτὸς
1672 5042 1903 5108 Κύριος.

304 5122 365 5177 ⁸0
410 5124 524 5195 μὲν
557 5123 685 5193 γὰρ
726 5121 974 5194 χάρισμα
1006 5122 1263 5189 ἀκούσας,
1317 5123 1412 5176 καὶ
1463 5121 1685 5175 ἔλαττον
1706 5121 1905 5190 λαϐὼν,

294 5205 431 5270 ἴσως
453 5206 531 5261 ἂν
551 5205 789 5276 ἀλγήσῃ
811 5221 824 5234 ·
870 5208 898 5259 ὀ
940 5205 997 5258 δὲ
1026 5206 1320 5270 διακονίαν,
1357 5205 1454 5274 οὐχ
1479 5202 1681 5273 ὁμοίως
1699 5220 1713 5235 ο
1746 5205 1905 5258 πόνου

291 5290 407 5362 γὰρ
434 5287 805 5344 ἐνδεικτικὸν
833 5287 895 5340 τὸ
932 5289 1162 5359 πρᾶγμα
1196 5288 1289 5340 καὶ⁵
1343 5287 1584 5358 ἱδρῶτος.
1630 5286 1695 5339 Τί
1726 5286 1906 5341 τοίνυν

290 5373 516 5442 ἀλγεῖς,
554 5371 764 5441 φησὶν,
806 5372 854 5423 εί
892 5370 1076 5440 ἕτερον
1110 5370 1330 5423 πλείονα
1368 5369 1598 5439 πονῆσαι
1634 5368 1904 5437 ἐκέλευσε,

296 5455 393 5507 σοῦ
422 5455 830 5523 φεισάμενοςς
879 5452 986 5506 Καὶ
1017 5451 1338 5518 διαιρέσεις
1365 5450 1780 5520 ἐνεργημάτων
1824 5455 1904 5505 εί-

297 5538 423 5602 alr,
457 5540 495 5591 ό
527 5534 608 5589 δὲ
645 5534 838 5600 αὐτὸς
866 5536 1010 5600 Θεὸς
1048 5538 1079 5589 ό
1115 5531 1372 5602 ἐνεργῶν
1394 5534 1465 5586 τὰ
1491 5534 1684 5586 πάντα
1708 5534 1777 5587 ὲν
1803 5534 1909 5588 πᾶ-

297 5639 426 5677 σιν.
462 5621 766 5684 Ἐκὰστῳ
791 5619 859 5673 δέ
892 5619 1181 5685 δίδοταιῆ
1215 5616 1550 5686 φανέρωσις
1575 5618 1680 5670 τοῦ
1720 5620 1904 5672 Πνεύ-

295 5722 495 5775 ματος
535 5700 713 5773 πρὸς
744 5700 808 5755 τὸ
837 5700 1164 5773 συμφέρον.
1196 5701 1303 5756 Καὶ
1337 5699 1389 5755 τί
1418 5700 1561 5753 ἐστιν
1588 5701 1897 5772 ἐνέργημα;

1998 428 2162 496 φοραὶ
2197 430 2382 498 μόνον,
2429 433 2551 485 ἐπεὶ
2583 433 2891 504 πράγματα
2921 433 2989 487 τά
3021 433 3180 487 αὐτά.
3209 435 3275 486 ’0
3308 433 3416 502 γάρ
3459 433 3579 484 ἐστι

1995 509 2264 581 χάρισμα,
2287 513 2451 567 τοῦτο
2466 514 2738 579 διακονία,
2775 516 2935 570 τοῦτο
2957 515 3052 569 καὶ
3078 516 3367 587 ἐνέργειαν
3406 514 3575 581 λέγει’

2002 592 2122 657 Τὴν
2180 594 2289 665 γὰρ
2328 596 2642 650 διακονίαν
2676 615 2818 664 σου,
2865 600 3021 670 φησὶ,
3070 599 3574 667 ιτληροεριξιγησον⁹

1997 675 2113 740 καὶ,
2170 677 2288 745 Τὴν
2338 678 2658 735 διακονίαν
2704 699 2824 751 μου
2877 681 3121 746 δοξάζω.
3166 682 3277 735 Καὶ
3327 680 3579 752 Τιμοθέῳ

1998 758 2231 827 γράφων
2291 763 2456 831 φησί’
2516 765 2597 818 Δι’
2648 763 2730 830 ἣν
2780 766 2980 821 αἰτίαν
3018 764 3455 834 ἀναμιμνήσκω
3505 777 3581 815 σε

2000 842 2404 912 ἀναζωπυρεῖν
2432 847 2496 899 τὸ
2533 848 2799 916 χάρισμα
2856 848 2964 901 τοῦ
3021 848 3190 911 Θεοῦ,
3239 847 3272 900 ὅ
3307 847 3480 901 ἐστιν
3510 845 3581 898 έν

2000 926 2137 979 σοι·
2187 928 2282 980 καὶ
2318 929 2591 994 Γαλάταις
2641 932 2805 985 πάλιν
2857 931 3190 985 ἐπιστέλλων
3234 931 3452 999 ἔλεγεν
3515 930 3580 981 '0

2003 1009 2113 1079 γὰρ
2139 1010 2478 1081 ἐνεργήσας
2512 1014 2716 1081 Πέτρῳ
2755 1017 2844 1080 είς
2871 1014 3248 1081 ἀποστολὴν,
3275 1014 3581 1083 ἐνήργησε

2003 1095 2282 1163 κάμοίείς
2313 1097 2384 1149 τὰ
2403 1096 2570 1164 ἔθνη.
2589 1098 2750 1168 ὐρᾷς
2779 1097 2859 1151 ὃτι
2889 1097 3142 1167 οὐδεμίαν
3162 1096 3424 1168 διαφορὰν
3475 1096 3570 1150 δεί-

2005 1195 2197 1232 κνυσιν
2221 1181 2279 1232 ἐν
2299 1182 2418 1243 ταῖς
2436 1180 2669 1247 δωρεαῖς
2688 1180 2902 1250 Πατρὸς
2924 1181 3019 1234 καλ⁸
3052 1178 3193 1234 Πνεύ
3203 1196 3372 1249 ματος
3391 1179 3578 1246 ἁγίους

2004 1261 2067 1314 06
2092 1260 2188 1324 τὰς
2211 1262 2539 1325 ὑποστάσεις
2567 1262 2927 1332 συναλείφων,
2964 1262 3038 1333 μὴ
3070 1261 3299 1331 γένοιτο,
3320 1261 3458 1315 ἀλλά
3481 1260 3582 1327 τῆς

2003 1345 2193 1409 οὐσίας
2224 1346 2323 1417 τὴν
2346 1346 2634 1417 ὀμοτιμίαν
2658 1346 2957 1417 ἐμφαίνων.
2988 1346 3167 1416 Ὅπερ
3193 1344 3302 1414 γὰρ
3324 1343 3386 1396 τὸ
3411 1341 3583 1396 Πνεῦ-

2008 1446 2084 1499 μα
2138 1428 2440 1499 χαρίζεται.
2484 1429 2644 1483 τοῦτο
2691 1431 2785 1482 καὶ
2825 1431 2918 1482 τὸν
2953 1427 3086 1481 Θεὸν
3129 1430 3393 1496 ἐνεργεῖν,
3425 1424 3585 1478 τοῦτο

2007 1511 2219 1566 καὶτὸν
2247 1512 2375 1565 Υἱὸν
2422 1513 2729 1567 διατάττειν
2766 1513 2863 1567 καὶ
2903 1512 3163 1582 παρέχειν
3195 1510 3348 1580 φησί.
3389 1510 3583 1564 Καίτοι

2005 1612 2069 1665 γε
2097 1597 2147 1648 εί
2177 1594 2397 1649 ἔλαττον
2424 1592 2492 1667 ἦν
2522 1596 2681 1650 τοῦτο
2713 1595 2946 1657 ἐκείνου,
2977 1596 3009 1666 ἧ
3034 1597 3211 1648 ἐκεῖνο
3238 1593 3448 1657 τούτου,
3482 1593 3585 1646 οὐκ

2006 1677 2073 1733 ἂν
2119 1678 2293 1744 οὕτως
2326 1681 2459 1734 αὐτὸ
2506 1681 2771 1744 τέθεικεν,
2807 1680 2914 1733 οὐδ’
2943 1679 3011 1733 ἂν
3049 1678 3220 1748 ταύτῃ
3262 1675 3588 1746 παρεμυθήσ-

2009 1781 2141 1817 σατο
2164 1763 2255 1818 τὸν
2297 1763 2585 1833 ἀλγοῦντα.
2630 1763 2784 1817 Μετά
2832 1761 2889 1816 δὲ
2932 1761 3105 1814 ταῦτα
3145 1761 3239 1813 καὶ
3277 1760 3448 1829 ἑτέρῳ
3478 1758 3585 1812 τινὶ

2007 1848 2194 1919 τρόπῳ
2229 1848 2391 1902 αὐτὸν
2422 1847 2752 1919 παρακαλεῖ,
2781 1845 2861 1916 τῷ
2900 1845 2995 1899 καὶ
3026 1841 3324 1914 συμφέρειν
3354 1842 3502 1913 αὑτῷ
3524 1842 3586 1895 τὺ

2007 1932 2158 1986 δοθὲν
2188 1933 2402 2003 μέτρον,
2437 1934 2480 1986 εἰ
2508 1934 2602 1986 καὶ
2627 1932 2844 1987 ἔλαττον
2874 1931 2982 1999 εἴη.
3014 1927 3199 1984 Εἰπὼν
3230 1928 3360 1997 γάρ,
3397 1927 3477 1980 ὅτι
3509 1925 3587 1980 Τὸ

2008 2016 2156 2069 αὐτὸ
2182 2015 2446 2086 Πνεῦμα,
2482 2015 2583 2070 καί
2634 2017 2666 2069 ό
2706 2015 2889 2080 αὐτὸς
2917 2014 3152 2080 Κύριος,
3198 2012 3295 2065 καὶ
3338 2014 3370 2065 ό
3402 2009 3587 2075 αὐτὸς

2012 2099 2176 2164 Θεὸς,
2205 2102 2299 2152 καὶ
2326 2100 2496 2171 ταύτῃ
2526 2099 2688 2153 αὐτὸν
2713 2097 3183 2168 ἀνακτησάμενος,
3209 2095 3403 2163 ἐπάγει
3425 2093 3588 2149 πάλιν

2011 2186 2203 2255 ἑτέραν
2229 2184 2594 2256 παράκλησιν,
2631 2181 2774 2236 οὓτω
2799 2181 2995 2248 λέγων,
3038 2176 3303 2245 Ἐκιίστῳ
3324 2178 3394 2232 δὲ
3416 2180 3455 2246 ἠ
3475 2194 3588 2247 50a-

2009 2268 2261 2336 νέρωσις
2291 2270 2394 2323 τοῦ
2425 2269 2770 2335 Πνεύματος
2814 2264 3041 2319 δίδοται
3072 2262 3220 2331 πρὸς
3249 2262 3313 2317 τὸ
3354 2261 3589 2332 συμφέ-

2002 2368 2136 2418 ρον.
2165 2352 2280 2406 ’Ἱνα
2314 2352 2420 2422 γὰρ
2451 2351 2526 2421 μὴ
2559 2350 2692 2422 λέγῃ
2725 2343 2835 2413 τιςξ
2872 2348 2937 2401 Τί
2975 2346 3117 2417 γὰρ,
3145 2347 3194 2400 εί
3230 2346 3325 2400 καὶ
3361 2348 3389 2399 6
3426 2344 3588 2409 αὐτὸς

2010 2433 2234 2504 Κύριος,
2276 2435 2368 2488 καὶ
2408 2434 2468 2487 τὸ
2513 2433 2645 2486 αὐτὸ
2698 2430 2943 2501 Πνεῦμα,
2996 2431 3091 2486 καὶ
3138 2432 3166 2483 ὁ
3214 2429 3375 2493 αὑτὸς
3419 2428 3585 2491 Θεός;

2012 2516 2124 2569 ἀλλ’
2154 2515 2265 2583 ἐγὼ
2295 2516 2516 2569 ἔλαττον
2541 2514 2731 2568 ἔλαϐον
2751 2531 2763 2545 ·
2795 2517 2978 2585 φησιν,
3011 2516 3092 2568 ὄτι
3127 2512 3268 2566 οὕτω
3299 2511 3585 2582 συνέφερε.

2009 2597 2317 2669 Φανέρωσιν
2348 2598 2498 2669 [263]
2534 2599 2590 2652 δέ
2621 2596 2935 2667 Πνεύματος
2965 2597 3033 2650 τά
3064 2599 3265 2667 σημεῖα
3304 2595 3477 2655 καλεῖ,
3511 2595 3589 2646 εί-

2009 2682 2203 2745 κότως.
2259 2681 2413 2750 Ἐμοὶ
2463 2681 2560 2750 μὲν
2598 2680 2708 2751 γὰρ
2747 2679 2826 2749 τῷ
2876 2680 3052 2749 πιστῷ
3090 2679 3246 2749 δῆλος
3291 2680 3319 2732 6
3364 2676 3589 2745 Πνεῦμα

2009 2763 2148 2833 ἔχων
2177 2762 2397 2816 ἀπὸτοῦ
2428 2762 2820 2833 βαπτισθῆναι·
2851 2761 3012 2833 τῷδε
3046 2762 3261 2831 ἀπίστῳ
3290 2758 3589 2827 οὐδαμόθεν

2011 2845 2162 2900 ἔσται
2201 2845 2359 2899 τοῦτο
2402 2844 2733 2915 καταφανὲς,
2768 2845 2884 2899 ἀλλ’
2933 2846 2966 2915 ἢ
3014 2843 3123 2898 ἀπὸ
3150 2844 3257 2898 τῶν
3304 2841 3586 2913 σημείων*

2010 2928 2149 2983 ὥστε
2184 2928 2477 2982 κάντεῦθεν
2514 2928 2675 2983 πάλιν
2700 2929 2761 2982 06
2800 2928 2972 3000 μικρά
3011 2925 3352 2997 παραμυθία.
3396 2923 3588 2994 Είγὰρ

2011 3012 2105 3066 καὶ
2124 3012 2194 3066 τά
2221 3012 2537 3084 χαρίσματα
2572 3012 2826 3083 διάφορα,
2861 3011 3036 3081 ἀλλ”ὴ
3069 3009 3294 3075 ἔνδειξις
3326 3006 3425 3079 μία
3444 3024 3457 3038 ·
3485 3007 3588 3060 κᾶν

2010 3095 2120 3168 γὰρ
2153 3097 2289 3151 πολὺ
2332 3097 2481 3167 ἔχῃς.
2523 3098 2624 3152 κᾶν
2662 3095 2862 3165 ὀλίγον,
2899 3096 3098 3165 ὁμοίως
3131 3091 3182 3148 ιῐ
3208 3093 3387 3164 δῆλος.
3421 3093 3586 3145 ’Ὥστε

2011 3180 2061 3232 εἰ
2089 3179 2245 3233 τοῦτο
2276 3178 2595 3244 σπουδάζεις
2629 3179 3024 3244 ἐπιδείξασθαι,
3057 3178 3141 3232 ὅτι
3168 3176 3392 3247 Πνεῦμα
3420 3176 3584 3246 ἔχεις,

2011 3261 2287 3332 ἀρκοῦσαν
2315 3262 2458 3333 ἔχεις
2501 3264 2598 3332 τὴν
2629 3263 2924 3329 ἀπόδειξιν.
2961 3262 3130 3315 Ὅταν
3166 3257 3260 3314 οὖν
3300 3260 3395 3313 καὶ
3439 3254 3519 3322 εἷς
3559 3260 3589 3311 6

2010 3345 2257 3408 δεδωκὼς
2362 3347 2455 3399 καὶ
2496 3346 2742 3417 χάρισμα
2770 3345 2832 3398 τὸ
2859 3344 3035 3404 δοθὲν.
3070 3344 3165 3396 καὶ
3197 3345 3230 3413 ἡ
3282 3343 3589 3412 φανέρωσις

2012 3427 2306 3480 κάντεῦθεν
2328 3428 2543 3496 γίνηται
2564 3438 2605 3489 ⁸,
2635 3429 2729 3482 καὶ
2757 3426 2916 3480 τοῦτο
2943 3425 3143 3495 μᾶλλόν
3175 3441 3253 3477 σοι
3309 3424 3586 3494 συμφέρῃ,

2015 3512 2090 3582 μὴ
2116 3510 2270 3578 άλγει
2301 3511 2376 3573 ὡς
2410 3510 2860 3581 καταφρονηθείς.
2904 3510 2979 3563 Οὐ
3010 3511 3122 3580 γὰρ
3154 3507 3436 3578 ἀτιμάζων
3478 3524 3536 3559 σε
3560 3509 3590 3558 6

2012 3593 2163 3658 Θεὸς,
2197 3593 2317 3646 οὑδέ
2348 3593 2766 3662 καταδεέστερον
2807 3592 2995 3663 ἑτέρου
3044 3590 3361 3661 ἀποφαίνων
3398 3588 3588 3658 ἐποίη-

2012 3695 2124 3742 σεν,
2153 3676 2291 3731 ἀλλά
2318 3676 2630 3747 φειδόμενός
2665 3693 2781 3739 σου,
2820 3675 2998 3730 καὶτὸ
3029 3674 3309 3737 λυσιτελές
3338 3691 3419 3726 σοι
3460 3689 3588 3725 σκο-

2012 3762 2148 3815 πῶν.
2177 3761 2251 3814 Τὸ
2284 3761 2395 3832 γάρ
2423 3761 2605 3830 μεῖζον
2633 3760 2813 3815 λαϐεῖν
2864 3761 2955 3813 τὸν
2987 3761 3048 3814 οὒ
3085 3760 3382 3830 δυνάμενον
3434 3759 3586 3823 ἐνεγ-

2012 3850 2148 3909 κεῖν,
2177 3846 2337 3899 τοῦτο
2357 3846 2452 3899 καὶ
2473 3844 2791 3915 ἀσύμφορον
2815 3844 2911 3899 καὶ
2947 3843 3149 3915 βλάϐην
3181 3842 3304 3914 ἔχον
3333 3842 3429 3896 καὶ
3456 3840 3587 3894 ἀθυ-

2015 3931 2139 4001 μίας
2161 3927 2329 3994 ἄξιον.
2363 3922 2437 3999 τῼ
2460 3928 2705 3998 μὲνγὰρ
2733 3927 2830 3982 διὰ
2863 3927 2971 3982 τοῦ
2994 3928 3339 3997 Πνεύματος
3358 3924 3585 3978 δίδοται

2007 4015 2191 4083 λόγος
2221 4014 2462 4081 σοφίας,
2496 4012 2663 4079 ἄλλῳ
2699 4011 2768 4064 δὲ
2794 4014 2979 4081 λόγος
3001 4011 3301 4081 γνώσεως.
3336 4009 3487 4063 κατὰ
3518 4006 3586 4063 τό

2008 4097 2154 4151 αὐτὸ
2205 4097 2486 4165 Πνεῦμα’
2537 4096 2714 4163 ἑτέρῳ
2768 4095 2837 4147 δὲ
2886 4096 3088 4159 πίστις
3116 4132 3131 4156 ,
3184 4094 3255 4146 ἐν
3294 4091 3374 4157 τῷ
3427 4091 3588 4156 αὑτῷ

2010 4180 2304 4248 Πνεύμιιτι
2348 4195 2361 4207 ·
2409 4178 2577 4244 ἄλλῳ
2610 4178 2677 4230 δὲ
2705 4179 3043 4245 χαρίσματα
3086 4174 3369 4244 ἰαμάτων,
3393 4174 3464 4226 ἐν
3506 4172 3587 4238 τῷ

2009 4262 2167 4326 αὐτῷ
2194 4263 2510 4329 Πνεύματι.
2553 4260 2715 4330 Ὁρᾷς
2743 4260 2860 4322 πῶς
2881 4256 3159 4327 πανταχοῦ
3186 4255 3388 4325 ταύτην
3411 4258 3587 4307 ποιεῖ-

2008 4363 2097 4397 ται
2125 4343 2223 4414 τὴν
2248 4344 2586 4414 προσθήκην,
2621 4343 2718 4394 Ἐν
2750 4339 2828 4405 τῷ
2848 4339 3007 4405 αὐτῷ
3035 4340 3356 4408 Πνεύματι,
3387 4338 3584 4406 λέγων,

2010 4428 2123 4492 καὶ,
2158 4428 2316 4481 Κατὰ
2342 4426 2407 4479 τὸ
2447 4425 2592 4480 αὐτὸ
2621 4424 2899 4493 Πνεῦμα;
2933 4419 3042 4477 οἶδε
3073 4423 3180 4493 γάρ
3213 4422 3454 4493 μεγάλην
3492 4418 3586 4475 06-

2012 4529 2109 4564 σαν
2134 4511 2230 4579 τὴν
2255 4509 2499 4563 ἐντεῦθεν
2519 4507 2880 4580 παράκλησιν.
2910 4508 3112 4572 Ἄλλῳ
3127 4506 3195 4559 δὲ
3215 4504 3583 4574 ἐνεργήματα

2008 4592 2334 4662 δυνάμεων,
2366 4592 2535 4658 ἄλλῳ
2557 4591 2627 4645 δὲ
2656 4590 3024 4661 προφητεῖαι,
3055 4589 3223 4655 ἄλλῳ
3260 4590 3329 4643 δὲ
3359 4589 3581 4657 διακρί-

2007 4692 2137 4740 σεις
2167 4675 2538 4745 πνευμάτων,
2571 4675 2749 4742 ἑτέρῳ
2785 4673 2854 4727 δὲ
2890 4673 3035 4743 γένη
3068 4671 3384 4743 γλωσσῶν,
3413 4672 3582 4738 άνῖλῳ

2007 4760 2074 4812 δὲ
2101 4760 2380 4828 ἑρμηνεία
2410 4757 2720 4829 γλωσσῶν.
2770 4756 2985 4827 Ἐπειδὴ
3008 4756 3116 4827 γὰρ
3139 4759 3195 4810 ἐν
3233 4755 3405 4826 τούτῳ
3436 4755 3580 4826 μέγα

2008 4845 2284 4912 ἐφρόνουν,
2316 4843 2404 4896 διὰ
2441 4841 2599 4895 τοῦτο
2632 4840 2764 4893 αὐτὸ
2798 4839 3023 4911 ὕστερον
3057 4839 3288 4903 τέθεικε,
3316 4840 3411 4892 καὶ
3439 4839 3578 4909 ἐπή-

2008 4944 2144 4995 γαγε
2170 4945 2183 4957 ·
2227 4926 2429 4979 Πάντα
2479 4924 2551 4977 δὲ
2600 4923 2786 4977 ταῦτα
2823 4922 3057 4991 ἐνεργεῖ
3090 4921 3160 4975 ἓν
3197 4922 3292 4975 καὶ
3331 4921 3399 4974 τὸ
3436 4924 3580 4976 αὐτὸ

2008 5008 2269 5077 Πνεῦμα.
2293 5008 2365 5060 T6
2387 5007 2675 5076 φάρμακον
2692 5006 2750 5058 τὸ
2770 5005 3057 5058 καθολικδν
3079 5005 3178 5073 τῆς
3207 5002 3580 5073 παραμυθίας,

2007 5092 2067 5144 τὸ
2093 5094 2155 5143 ἐκ
2180 5091 2278 5160 τῆς
2300 5089 2468 5157 αὐτῆς
2503 5087 2677 5157 ῥίζης,
2706 5090 2769 5141 ἐκ
2796 5087 2906 5139 τῶν
2947 5086 3124 5140 αὐτῶν
3165 5086 3476 5157 θησαυρῶν,
3516 5088 3578 5141 ἐκ

2005 5172 2114 5225 τῶν
2143 5171 2321 5224 αὐτῶν
2352 5171 2606 5239 ναμάτων
2638 5170 2840 5232 πάντας
2873 5168 3188 5238 λαμϐάνειν.
3220 5169 3310 5222 Διὸ
3349 5168 3442 5222 καὶ
3467 5187 3584 5223 συν-

2008 5255 2146 5327 εχῶς
2169 5254 2445 5308 ἐπαντλῶν
2481 5252 2557 5323 τῷ
2592 5255 2794 5324 ματι
2819 5254 2997 5323 τούτῳ
3022 5254 3122 5325 τὴν
3144 5253 3405 5307 δοκοῦσαν
3441 5254 3582 5307 ἀνω-

2011 5337 2206 5408 μαλίαν
2234 5331 2393 5398 εἶναι,
2429 5334 2597 5400 ἐξισοῖ
2620 5337 2713 5389 καὶ
2738 5336 3159 5407 παραμυθεῖται.
3192 5338 3301 5390 Καὶ
3323 5335 3583 5403 ἀνωτέρω

2011 5421 2107 5491 μὲν
2131 5419 2222 5472 καὶ
2252 5419 2312 5471 τὸ
2339 5417 2561 5487 Πνεῦμα
2581 5420 2673 5472 καὶ
2695 5420 2785 5473 τὸν
2825 5420 2949 5473 Υίὸν
2978 5420 3071 5473 καὶ
3095 5419 3185 5473 τὸν
3218 5420 3438 5487 Πατέρα
3465 5415 3577 5467 δεί-

2070 5649 2234 5763 “trime
2254 5647 2304 5700 in
2326 5648 2498 5700 Morel.
2527 5654 2783 5711 corrupta,
2821 5659 2882 5695 ex
2927 5647 3085 5707 Regio
3138 5640 3304 5691 codice
3347 5637 3570 5686 restituta

2070 5725 2098 5760 n

2008 5724 2098 5761 δυη
