  <div class='ocr_page' id='page_1' title='image "/cluster/home/n/w/nwhite01/storage/ocr_20150623/61/mdp.39015008622618/251.png"; bbox 0 0 3990 6168; ppageno 0'>
   <div class='ocr_carea' id='block_1_1' title="bbox 380 276 488 331">
    <p class='ocr_par' dir='ltr' id='par_1_1' title="bbox 380 276 488 331">
     <span class='ocr_line' id='line_1_1' title="bbox 380 276 488 331; baseline 0.009 -1"><span class='ocrx_word' id='word_1_1' title='bbox 380 276 488 331; x_wconf 59' lang='grc' dir='ltr'>9..ίῦ</span> 
     </span>
    </p>
   </div>
   <div class='ocr_carea' id='block_1_2' title="bbox 381 387 1966 463">
    <p class='ocr_par' dir='ltr' id='par_1_2' title="bbox 381 387 1966 463">
     <span class='ocr_line' id='line_1_2' title="bbox 381 387 1966 463; baseline -0.003 -17"><span class='ocrx_word' id='word_1_2' title='bbox 381 407 539 446; x_wconf 82' lang='grc' dir='ltr'>κνυσι</span> <span class='ocrx_word' id='word_1_3' title='bbox 596 389 935 463; x_wconf 79' lang='grc' dir='ltr'>χορηγοῦντα</span> <span class='ocrx_word' id='word_1_4' title='bbox 981 391 1050 445; x_wconf 79' lang='grc' dir='ltr'>τὰ</span> <span class='ocrx_word' id='word_1_5' title='bbox 1100 390 1415 462; x_wconf 77' lang='grc' dir='ltr'>χαρίσματα</span> <span class='ocrx_word' id='word_1_6' title='bbox 1446 405 1461 420; x_wconf 95' lang='grc'>·</span> <span class='ocrx_word' id='word_1_7' title='bbox 1515 387 1752 444; x_wconf 88' lang='grc' dir='ltr'>ἐνταῦθα</span> <span class='ocrx_word' id='word_1_8' title='bbox 1805 389 1862 442; x_wconf 73' lang='grc' dir='ltr'>δὲ</span> <span class='ocrx_word' id='word_1_9' title='bbox 1903 389 1966 443; x_wconf 86' lang='lat'>16</span> 
     </span>
    </p>
   </div>
   <div class='ocr_carea' id='block_1_3' title="bbox 385 471 1967 545">
    <p class='ocr_par' dir='ltr' id='par_1_3' title="bbox 385 471 1967 545">
     <span class='ocr_line' id='line_1_3' title="bbox 385 471 1967 545; baseline -0.002 -15"><span class='ocrx_word' id='word_1_10' title='bbox 385 474 612 545; x_wconf 81' lang='grc' dir='ltr'>Πνεῦμα</span> <span class='ocrx_word' id='word_1_11' title='bbox 640 475 809 527; x_wconf 82' lang='grc' dir='ltr'>εἰπὼν</span> <span class='ocrx_word' id='word_1_12' title='bbox 834 474 1102 544; x_wconf 80' lang='grc' dir='ltr'>ήρκέσθη,</span> <span class='ocrx_word' id='word_1_13' title='bbox 1143 474 1229 528; x_wconf 80' lang='grc' dir='ltr'>ἵνα</span> <span class='ocrx_word' id='word_1_14' title='bbox 1259 473 1438 545; x_wconf 80' lang='grc' dir='ltr'>μάθῃς</span> <span class='ocrx_word' id='word_1_15' title='bbox 1476 471 1773 527; x_wconf 86' lang='grc' dir='ltr'>κάντεῦθεν</span> <span class='ocrx_word' id='word_1_16' title='bbox 1802 472 1967 528; x_wconf 83' lang='grc' dir='ltr'>πάλιν</span> 
     </span>
    </p>
   </div>
   <div class='ocr_carea' id='block_1_4' title="bbox 384 553 1970 628">
    <p class='ocr_par' dir='ltr' id='par_1_4' title="bbox 384 553 1970 628">
     <span class='ocr_line' id='line_1_4' title="bbox 384 553 1970 628; baseline 0.01 -21"><span class='ocrx_word' id='word_1_17' title='bbox 384 558 484 627; x_wconf 79' lang='grc' dir='ltr'>τὴν</span> <span class='ocrx_word' id='word_1_18' title='bbox 521 557 688 628; x_wconf 81' lang='grc' dir='ltr'>αὐτὴν</span> <span class='ocrx_word' id='word_1_19' title='bbox 719 556 877 622; x_wconf 82' lang='grc' dir='ltr'>ἀξίαν</span> <span class='ocrx_word' id='word_1_20' title='bbox 910 553 1096 611; x_wconf 81' lang='grc' dir='ltr'>οὖσαν.</span> <span class='ocrx_word' id='word_1_21' title='bbox 1134 556 1198 610; x_wconf 88' lang='grc' dir='ltr'>Τί</span> <span class='ocrx_word' id='word_1_22' title='bbox 1231 558 1287 611; x_wconf 85' lang='grc' dir='ltr'>δέ</span> <span class='ocrx_word' id='word_1_23' title='bbox 1316 559 1454 621; x_wconf 89' lang='grc' dir='ltr'>ἐστι,</span> <span class='ocrx_word' id='word_1_24' title='bbox 1478 557 1672 625; x_wconf 80' lang='grc' dir='ltr'>Λόγος</span> <span class='ocrx_word' id='word_1_25' title='bbox 1703 556 1970 624; x_wconf 71' lang='grc' dir='ltr'>σοφίαςὶ</span> 
     </span>
    </p>
   </div>
   <div class='ocr_carea' id='block_1_5' title="bbox 391 636 1972 710">
    <p class='ocr_par' dir='ltr' id='par_1_5' title="bbox 391 636 1972 710">
     <span class='ocr_line' id='line_1_5' title="bbox 391 636 1972 710; baseline -0.001 -19"><span class='ocrx_word' id='word_1_26' title='bbox 391 643 487 693; x_wconf 83' lang='grc' dir='ltr'>Ὃν</span> <span class='ocrx_word' id='word_1_27' title='bbox 509 637 654 710; x_wconf 85' lang='grc' dir='ltr'>εἶχεν</span> <span class='ocrx_word' id='word_1_28' title='bbox 693 641 721 693; x_wconf 92' lang='lat'>6</span> <span class='ocrx_word' id='word_1_29' title='bbox 767 638 1000 704; x_wconf 82' lang='grc' dir='ltr'>Παῦλος,</span> <span class='ocrx_word' id='word_1_30' title='bbox 1051 639 1110 693; x_wconf 84' lang='grc' dir='ltr'>ὃν</span> <span class='ocrx_word' id='word_1_31' title='bbox 1145 636 1291 710; x_wconf 75' lang='grc' dir='ltr'>εἶχεν</span> <span class='ocrx_word' id='word_1_32' title='bbox 1345 639 1601 709; x_wconf 82' lang='grc' dir='ltr'>Ἰωάννης</span> <span class='ocrx_word' id='word_1_33' title='bbox 1645 640 1674 691; x_wconf 89' lang='lat'>6</span> <span class='ocrx_word' id='word_1_34' title='bbox 1722 639 1838 701; x_wconf 84' lang='grc' dir='ltr'>υίὸς</span> <span class='ocrx_word' id='word_1_35' title='bbox 1869 637 1972 708; x_wconf 83' lang='grc' dir='ltr'>τῆς</span> 
     </span>
    </p>
   </div>
   <div class='ocr_carea' id='block_1_6' title="bbox 385 717 1968 794">
    <p class='ocr_par' dir='ltr' id='par_1_6' title="bbox 385 717 1968 794">
     <span class='ocr_line' id='line_1_6' title="bbox 385 717 1968 794; baseline -0.001 -18"><span class='ocrx_word' id='word_1_36' title='bbox 385 724 633 794; x_wconf 83' lang='grc' dir='ltr'>βροντῆς.</span> <span class='ocrx_word' id='word_1_37' title='bbox 668 723 732 775; x_wconf 92' lang='grc' dir='ltr'>Τί</span> <span class='ocrx_word' id='word_1_38' title='bbox 761 723 840 788; x_wconf 89' lang='grc' dir='ltr'>δὲ,</span> <span class='ocrx_word' id='word_1_39' title='bbox 858 724 1048 793; x_wconf 75' lang='grc' dir='ltr'>Λόγος</span> <span class='ocrx_word' id='word_1_40' title='bbox 1078 723 1386 794; x_wconf 68' lang='grc' dir='ltr'>γνώσεωςς</span> <span class='ocrx_word' id='word_1_41' title='bbox 1415 726 1510 777; x_wconf 88' lang='grc' dir='ltr'>Ὃν</span> <span class='ocrx_word' id='word_1_42' title='bbox 1533 717 1678 792; x_wconf 80' lang='grc' dir='ltr'>εἶχον</span> <span class='ocrx_word' id='word_1_43' title='bbox 1705 723 1752 776; x_wconf 84' lang='grc' dir='ltr'>οἱ</span> <span class='ocrx_word' id='word_1_44' title='bbox 1782 721 1968 776; x_wconf 75' lang='grc' dir='ltr'>πολλοὶ</span> 
     </span>
    </p>
   </div>
   <div class='ocr_carea' id='block_1_7' title="bbox 381 805 1970 877">
    <p class='ocr_par' dir='ltr' id='par_1_7' title="bbox 381 805 1970 877">
     <span class='ocr_line' id='line_1_7' title="bbox 381 805 1970 877; baseline -0.001 -18"><span class='ocrx_word' id='word_1_45' title='bbox 381 806 491 859; x_wconf 84' lang='grc' dir='ltr'>τῶν</span> <span class='ocrx_word' id='word_1_46' title='bbox 513 805 741 873; x_wconf 80' lang='grc' dir='ltr'>πιστῶν,</span> <span class='ocrx_word' id='word_1_47' title='bbox 769 805 972 875; x_wconf 90' lang='grc' dir='ltr'>γνῶσιν</span> <span class='ocrx_word' id='word_1_48' title='bbox 1003 807 1102 877; x_wconf 83' lang='grc' dir='ltr'>μὲν</span> <span class='ocrx_word' id='word_1_49' title='bbox 1134 807 1370 877; x_wconf 82' lang='grc' dir='ltr'>ἔχοντες,</span> <span class='ocrx_word' id='word_1_50' title='bbox 1403 806 1674 859; x_wconf 80' lang='grc' dir='ltr'>διδάσκειν</span> <span class='ocrx_word' id='word_1_51' title='bbox 1712 806 1768 859; x_wconf 90' lang='grc' dir='ltr'>δέ</span> <span class='ocrx_word' id='word_1_52' title='bbox 1796 805 1970 870; x_wconf 73' lang='grc' dir='ltr'>οὕτως</span> 
     </span>
    </p>
   </div>
   <div class='ocr_carea' id='block_1_8' title="bbox 381 888 1966 962">
    <p class='ocr_par' dir='ltr' id='par_1_8' title="bbox 381 888 1966 962">
     <span class='ocr_line' id='line_1_8' title="bbox 381 888 1966 962; baseline 0 -21"><span class='ocrx_word' id='word_1_53' title='bbox 381 889 443 942; x_wconf 88' lang='grc' dir='ltr'>οὐ</span> <span class='ocrx_word' id='word_1_54' title='bbox 485 889 793 959; x_wconf 87' lang='grc' dir='ltr'>δυνάμενοι,</span> <span class='ocrx_word' id='word_1_55' title='bbox 842 890 966 942; x_wconf 86' lang='grc' dir='ltr'>οὐδὲ</span> <span class='ocrx_word' id='word_1_56' title='bbox 1007 893 1086 953; x_wconf 84' lang='grc' dir='ltr'>εἰς</span> <span class='ocrx_word' id='word_1_57' title='bbox 1123 892 1310 962; x_wconf 74' lang='grc' dir='ltr'>ἕτερον</span> <span class='ocrx_word' id='word_1_58' title='bbox 1355 889 1594 952; x_wconf 82' lang='grc' dir='ltr'>εὐκόλως</span> <span class='ocrx_word' id='word_1_59' title='bbox 1638 888 1966 957; x_wconf 78' lang='grc' dir='ltr'>ἐξενεγκεῖν,</span> 
     </span>
    </p>
   </div>
   <div class='ocr_carea' id='block_1_9' title="bbox 385 971 1970 1044">
    <p class='ocr_par' dir='ltr' id='par_1_9' title="bbox 385 971 1970 1044">
     <span class='ocr_line' id='line_1_9' title="bbox 385 971 1970 1044; baseline -0.001 -19"><span class='ocrx_word' id='word_1_60' title='bbox 385 973 524 1042; x_wconf 62' lang='grc' dir='ltr'>ειπερ</span> <span class='ocrx_word' id='word_1_61' title='bbox 562 973 774 1044; x_wconf 64' lang='grc' dir='ltr'>ᾔδεσαν.</span> <span class='ocrx_word' id='word_1_62' title='bbox 830 973 1044 1042; x_wconf 85' lang='grc' dir='ltr'>Ἐτέρῳ</span> <span class='ocrx_word' id='word_1_63' title='bbox 1073 973 1140 1026; x_wconf 85' lang='lat'>66</span> <span class='ocrx_word' id='word_1_64' title='bbox 1171 974 1409 1036; x_wconf 81' lang='grc' dir='ltr'>πίστις·</span> <span class='ocrx_word' id='word_1_65' title='bbox 1447 972 1629 1026; x_wconf 87' lang='grc' dir='ltr'>πίστιν</span> <span class='ocrx_word' id='word_1_66' title='bbox 1669 974 1730 1025; x_wconf 81' lang='grc' dir='ltr'>οὐ</span> <span class='ocrx_word' id='word_1_67' title='bbox 1763 971 1970 1042; x_wconf 82' lang='grc' dir='ltr'>ταύτην</span> 
     </span>
    </p>
   </div>
   <div class='ocr_carea' id='block_1_10' title="bbox 379 1056 1966 1128">
    <p class='ocr_par' dir='ltr' id='par_1_10' title="bbox 379 1056 1966 1128">
     <span class='ocr_line' id='line_1_10' title="bbox 379 1056 1966 1128; baseline -0.001 -18"><span class='ocrx_word' id='word_1_68' title='bbox 379 1057 554 1125; x_wconf 69' lang='grc' dir='ltr'>ὶεγων</span> <span class='ocrx_word' id='word_1_69' title='bbox 595 1058 694 1128; x_wconf 80' lang='grc' dir='ltr'>τὴν</span> <span class='ocrx_word' id='word_1_70' title='bbox 741 1058 848 1112; x_wconf 87' lang='grc' dir='ltr'>τῶν</span> <span class='ocrx_word' id='word_1_71' title='bbox 880 1058 1186 1128; x_wconf 85' lang='grc' dir='ltr'>δογμάτων,</span> <span class='ocrx_word' id='word_1_72' title='bbox 1237 1057 1372 1111; x_wconf 87' lang='grc' dir='ltr'>ἀλλά</span> <span class='ocrx_word' id='word_1_73' title='bbox 1411 1057 1512 1128; x_wconf 79' lang='grc' dir='ltr'>τὴν</span> <span class='ocrx_word' id='word_1_74' title='bbox 1549 1056 1658 1112; x_wconf 77' lang='grc' dir='ltr'>τῶν</span> <span class='ocrx_word' id='word_1_75' title='bbox 1700 1057 1966 1128; x_wconf 80' lang='grc' dir='ltr'>σημείων,</span> 
     </span>
    </p>
   </div>
   <div class='ocr_carea' id='block_1_11' title="bbox 381 1135 1969 1213">
    <p class='ocr_par' dir='ltr' id='par_1_11' title="bbox 381 1135 1969 1213">
     <span class='ocr_line' id='line_1_11' title="bbox 381 1135 1969 1213; baseline -0.001 -20"><span class='ocrx_word' id='word_1_76' title='bbox 381 1143 511 1212; x_wconf 76' lang='grc' dir='ltr'>περὶ</span> <span class='ocrx_word' id='word_1_77' title='bbox 538 1135 606 1213; x_wconf 85' lang='grc' dir='ltr'>ἦς</span> <span class='ocrx_word' id='word_1_78' title='bbox 645 1144 672 1194; x_wconf 97' lang='lat'>6</span> <span class='ocrx_word' id='word_1_79' title='bbox 713 1141 946 1210; x_wconf 84' lang='grc' dir='ltr'>Χριστός</span> <span class='ocrx_word' id='word_1_80' title='bbox 983 1157 1178 1211; x_wconf 80' lang='grc' dir='ltr'>φησιν·</span> <span class='ocrx_word' id='word_1_81' title='bbox 1218 1140 1359 1194; x_wconf 83' lang='grc' dir='ltr'>Ἐὰν</span> <span class='ocrx_word' id='word_1_82' title='bbox 1406 1141 1586 1209; x_wconf 79' lang='grc' dir='ltr'>ἔχητε</span> <span class='ocrx_word' id='word_1_83' title='bbox 1635 1140 1845 1194; x_wconf 82' lang='grc' dir='ltr'>πίστιν</span> <span class='ocrx_word' id='word_1_84' title='bbox 1887 1139 1969 1205; x_wconf 83' lang='grc' dir='ltr'>ὡς</span> 
     </span>
    </p>
   </div>
   <div class='ocr_carea' id='block_1_12' title="bbox 381 1223 1967 1294">
    <p class='ocr_par' dir='ltr' id='par_1_12' title="bbox 381 1223 1967 1294">
     <span class='ocr_line' id='line_1_12' title="bbox 381 1223 1967 1294; baseline -0.001 -14"><span class='ocrx_word' id='word_1_85' title='bbox 381 1228 606 1280; x_wconf 79' lang='grc' dir='ltr'>κόκκον</span> <span class='ocrx_word' id='word_1_86' title='bbox 635 1227 956 1292; x_wconf 81' lang='grc' dir='ltr'>σινάπεως,</span> <span class='ocrx_word' id='word_1_87' title='bbox 989 1226 1174 1294; x_wconf 83' lang='grc' dir='ltr'>ἐρεῖτε</span> <span class='ocrx_word' id='word_1_88' title='bbox 1199 1223 1274 1290; x_wconf 85' lang='grc' dir='ltr'>τῷ</span> <span class='ocrx_word' id='word_1_89' title='bbox 1301 1225 1420 1294; x_wconf 80' lang='grc' dir='ltr'>ὄρει</span> <span class='ocrx_word' id='word_1_90' title='bbox 1448 1227 1656 1292; x_wconf 76' lang='grc' dir='ltr'>τούτῳ,</span> <span class='ocrx_word' id='word_1_91' title='bbox 1700 1224 1967 1292; x_wconf 76' lang='grc' dir='ltr'>Μετάϐη-</span> 
     </span>
    </p>
   </div>
   <div class='ocr_carea' id='block_1_13' title="bbox 382 1309 1969 1380">
    <p class='ocr_par' dir='ltr' id='par_1_13' title="bbox 382 1309 1969 1380">
     <span class='ocr_line' id='line_1_13' title="bbox 382 1309 1969 1380; baseline -0.002 -16"><span class='ocrx_word' id='word_1_92' title='bbox 382 1314 457 1372; x_wconf 79' lang='grc' dir='ltr'>θι,</span> <span class='ocrx_word' id='word_1_93' title='bbox 495 1311 589 1364; x_wconf 78' lang='grc' dir='ltr'>καὶ</span> <span class='ocrx_word' id='word_1_94' title='bbox 614 1311 1036 1380; x_wconf 79' lang='grc' dir='ltr'>μεταϐήσεται.</span> <span class='ocrx_word' id='word_1_95' title='bbox 1075 1311 1186 1363; x_wconf 67' lang='grc' dir='ltr'>Καὶ</span> <span class='ocrx_word' id='word_1_96' title='bbox 1221 1311 1270 1362; x_wconf 77' lang='grc' dir='ltr'>οἱ</span> <span class='ocrx_word' id='word_1_97' title='bbox 1306 1310 1594 1363; x_wconf 72' lang='grc' dir='ltr'>ἀπόστολοι</span> <span class='ocrx_word' id='word_1_98' title='bbox 1621 1310 1677 1362; x_wconf 88' lang='grc' dir='ltr'>δέ</span> <span class='ocrx_word' id='word_1_99' title='bbox 1714 1309 1844 1380; x_wconf 72' lang='grc' dir='ltr'>περὶ</span> <span class='ocrx_word' id='word_1_100' title='bbox 1873 1309 1969 1362; x_wconf 84' lang='grc' dir='ltr'>αὐ-</span> 
     </span>
    </p>
   </div>
   <div class='ocr_carea' id='block_1_14' title="bbox 381 1391 1966 1463">
    <p class='ocr_par' dir='ltr' id='par_1_14' title="bbox 381 1391 1966 1463">
     <span class='ocr_line' id='line_1_14' title="bbox 381 1391 1966 1463; baseline -0.001 -18"><span class='ocrx_word' id='word_1_101' title='bbox 381 1393 482 1463; x_wconf 74' lang='grc' dir='ltr'>τῆς</span> <span class='ocrx_word' id='word_1_102' title='bbox 523 1394 708 1463; x_wconf 75' lang='grc' dir='ltr'>ἠξίουν</span> <span class='ocrx_word' id='word_1_103' title='bbox 752 1393 1023 1461; x_wconf 84' lang='grc' dir='ltr'>λέγοντες,</span> <span class='ocrx_word' id='word_1_104' title='bbox 1069 1395 1337 1461; x_wconf 83' lang='grc' dir='ltr'>Πρόσθες</span> <span class='ocrx_word' id='word_1_105' title='bbox 1367 1393 1512 1460; x_wconf 72' lang='grc' dir='ltr'>ἡμῖν</span> <span class='ocrx_word' id='word_1_106' title='bbox 1544 1393 1773 1446; x_wconf 78' lang='grc' dir='ltr'>πίστιν.</span> <span class='ocrx_word' id='word_1_107' title='bbox 1817 1391 1966 1463; x_wconf 80' lang='grc' dir='ltr'>Αὕτη</span> 
     </span>
    </p>
   </div>
   <div class='ocr_carea' id='block_1_15' title="bbox 383 1477 1969 1549">
    <p class='ocr_par' dir='ltr' id='par_1_15' title="bbox 383 1477 1969 1549">
     <span class='ocr_line' id='line_1_15' title="bbox 383 1477 1969 1549; baseline 0 -20"><span class='ocrx_word' id='word_1_108' title='bbox 383 1480 492 1549; x_wconf 78' lang='grc' dir='ltr'>γαρ</span> <span class='ocrx_word' id='word_1_109' title='bbox 538 1481 720 1549; x_wconf 82' lang='grc' dir='ltr'>μήτηρ</span> <span class='ocrx_word' id='word_1_110' title='bbox 750 1478 858 1531; x_wconf 90' lang='grc' dir='ltr'>τῶν</span> <span class='ocrx_word' id='word_1_111' title='bbox 894 1478 1136 1548; x_wconf 77' lang='grc' dir='ltr'>σημείων</span> <span class='ocrx_word' id='word_1_112' title='bbox 1166 1479 1332 1532; x_wconf 86' lang='grc' dir='ltr'>ἐστίν.</span> <span class='ocrx_word' id='word_1_113' title='bbox 1373 1479 1753 1549; x_wconf 81' lang='grc' dir='ltr'>Ἑνεργήματα</span> <span class='ocrx_word' id='word_1_114' title='bbox 1795 1477 1852 1530; x_wconf 83' lang='grc' dir='ltr'>δὲ</span> <span class='ocrx_word' id='word_1_115' title='bbox 1879 1477 1969 1530; x_wconf 88' lang='grc' dir='ltr'>δυ-</span> 
     </span>
    </p>
   </div>
   <div class='ocr_carea' id='block_1_16' title="bbox 382 1557 1968 1633">
    <p class='ocr_par' dir='ltr' id='par_1_16' title="bbox 382 1557 1968 1633">
     <span class='ocr_line' id='line_1_16' title="bbox 382 1557 1968 1633; baseline -0.002 -17"><span class='ocrx_word' id='word_1_116' title='bbox 382 1565 598 1632; x_wconf 78' lang='grc' dir='ltr'>νάμεων</span> <span class='ocrx_word' id='word_1_117' title='bbox 623 1562 943 1630; x_wconf 81' lang='grc' dir='ltr'>κεκτῆσθαι,</span> <span class='ocrx_word' id='word_1_118' title='bbox 975 1563 1070 1615; x_wconf 78' lang='grc' dir='ltr'>καὶ</span> <span class='ocrx_word' id='word_1_119' title='bbox 1099 1563 1415 1632; x_wconf 81' lang='grc' dir='ltr'>χαρίσματα</span> <span class='ocrx_word' id='word_1_120' title='bbox 1444 1557 1709 1633; x_wconf 81' lang='grc' dir='ltr'>ἰαμάτων,</span> <span class='ocrx_word' id='word_1_121' title='bbox 1731 1563 1830 1616; x_wconf 86' lang='grc' dir='ltr'>οὐκ</span> <span class='ocrx_word' id='word_1_122' title='bbox 1853 1561 1968 1614; x_wconf 75' lang='grc' dir='ltr'>ἐστι</span> 
     </span>
    </p>
   </div>
   <div class='ocr_carea' id='block_1_17' title="bbox 380 1645 1968 1718">
    <p class='ocr_par' dir='ltr' id='par_1_17' title="bbox 380 1645 1968 1718">
     <span class='ocr_line' id='line_1_17' title="bbox 380 1645 1968 1718; baseline 0 -20"><span class='ocrx_word' id='word_1_123' title='bbox 380 1646 598 1699; x_wconf 85' lang='grc' dir='ltr'>ταύτόν.</span> <span class='ocrx_word' id='word_1_124' title='bbox 650 1647 709 1698; x_wconf 85' lang='lat' dir='ltr'>&#39;U</span> <span class='ocrx_word' id='word_1_125' title='bbox 736 1645 834 1715; x_wconf 67' lang='grc' dir='ltr'>μὲν</span> <span class='ocrx_word' id='word_1_126' title='bbox 878 1646 988 1717; x_wconf 76' lang='grc' dir='ltr'>γὰρ</span> <span class='ocrx_word' id='word_1_127' title='bbox 1022 1645 1160 1716; x_wconf 78' lang='grc' dir='ltr'>ἔχων</span> <span class='ocrx_word' id='word_1_128' title='bbox 1188 1646 1432 1718; x_wconf 79' lang='grc' dir='ltr'>χάρισμα</span> <span class='ocrx_word' id='word_1_129' title='bbox 1473 1647 1742 1717; x_wconf 74' lang='grc' dir='ltr'>ἰαμάτων,</span> <span class='ocrx_word' id='word_1_130' title='bbox 1778 1645 1968 1716; x_wconf 80' lang='grc' dir='ltr'>ἐθερά-</span> 
     </span>
    </p>
   </div>
   <div class='ocr_carea' id='block_1_18' title="bbox 382 1718 1966 1805">
    <p class='ocr_par' dir='ltr' id='par_1_18' title="bbox 382 1718 1966 1805">
     <span class='ocr_line' id='line_1_18' title="bbox 382 1718 1966 1805; baseline 0 -23"><span class='ocrx_word' id='word_1_131' title='bbox 382 1747 514 1805; x_wconf 73' lang='grc' dir='ltr'>πευε</span> <span class='ocrx_word' id='word_1_132' title='bbox 551 1730 709 1800; x_wconf 79' lang='grc' dir='ltr'>μόνον</span> <span class='ocrx_word' id='word_1_133' title='bbox 725 1718 748 1758; x_wconf 70' lang='grc'>’⁸</span> <span class='ocrx_word' id='word_1_134' title='bbox 774 1733 802 1782; x_wconf 90' lang='lat'>6</span> <span class='ocrx_word' id='word_1_135' title='bbox 825 1729 883 1782; x_wconf 76' lang='grc' dir='ltr'>δέ</span> <span class='ocrx_word' id='word_1_136' title='bbox 914 1731 1264 1800; x_wconf 81' lang='grc' dir='ltr'>ἐνεργήματα</span> <span class='ocrx_word' id='word_1_137' title='bbox 1290 1731 1575 1800; x_wconf 83' lang='grc' dir='ltr'>δυνάμεων</span> <span class='ocrx_word' id='word_1_138' title='bbox 1605 1748 1774 1800; x_wconf 83' lang='grc' dir='ltr'>κεκτη</span> <span class='ocrx_word' id='word_1_139' title='bbox 1786 1730 1966 1799; x_wconf 81' lang='grc' dir='ltr'>μένος,</span> 
     </span>
    </p>
   </div>
   <div class='ocr_carea' id='block_1_19' title="bbox 381 1811 1966 1886">
    <p class='ocr_par' dir='ltr' id='par_1_19' title="bbox 381 1811 1966 1886">
     <span class='ocr_line' id='line_1_19' title="bbox 381 1811 1966 1886; baseline 0 -20"><span class='ocrx_word' id='word_1_140' title='bbox 381 1815 476 1866; x_wconf 80' lang='grc' dir='ltr'>καὶ</span> <span class='ocrx_word' id='word_1_141' title='bbox 501 1815 846 1884; x_wconf 80' lang='grc' dir='ltr'>ἐτιμωρεῖτο.</span> <span class='ocrx_word' id='word_1_142' title='bbox 894 1811 1142 1884; x_wconf 79' lang='grc' dir='ltr'>Δύναμις</span> <span class='ocrx_word' id='word_1_143' title='bbox 1182 1815 1289 1886; x_wconf 84' lang='grc' dir='ltr'>γάρ</span> <span class='ocrx_word' id='word_1_144' title='bbox 1324 1816 1472 1867; x_wconf 81' lang='grc' dir='ltr'>ἐστιν</span> <span class='ocrx_word' id='word_1_145' title='bbox 1500 1815 1560 1868; x_wconf 87' lang='grc' dir='ltr'>οὐ</span> <span class='ocrx_word' id='word_1_146' title='bbox 1606 1815 1667 1867; x_wconf 80' lang='grc' dir='ltr'>τὸ</span> <span class='ocrx_word' id='word_1_147' title='bbox 1716 1814 1966 1869; x_wconf 82' lang='grc' dir='ltr'>ἰάσασθαι</span> 
     </span>
    </p>
   </div>
   <div class='ocr_carea' id='block_1_20' title="bbox 383 1888 1971 1969">
    <p class='ocr_par' dir='ltr' id='par_1_20' title="bbox 383 1888 1971 1969">
     <span class='ocr_line' id='line_1_20' title="bbox 383 1888 1971 1969; baseline 0 -21"><span class='ocrx_word' id='word_1_148' title='bbox 383 1888 564 1968; x_wconf 85' lang='grc' dir='ltr'>μόνον,</span> <span class='ocrx_word' id='word_1_149' title='bbox 599 1896 736 1949; x_wconf 85' lang='grc' dir='ltr'>ἀλλά</span> <span class='ocrx_word' id='word_1_150' title='bbox 780 1895 875 1950; x_wconf 79' lang='grc' dir='ltr'>καὶ</span> <span class='ocrx_word' id='word_1_151' title='bbox 914 1897 976 1950; x_wconf 84' lang='grc' dir='ltr'>τὸ</span> <span class='ocrx_word' id='word_1_152' title='bbox 1025 1897 1272 1961; x_wconf 78' lang='grc' dir='ltr'>κολάσαι,</span> <span class='ocrx_word' id='word_1_153' title='bbox 1311 1897 1499 1969; x_wconf 81' lang='grc' dir='ltr'>ὥσπερ</span> <span class='ocrx_word' id='word_1_154' title='bbox 1534 1899 1562 1950; x_wconf 89' lang='lat'>6</span> <span class='ocrx_word' id='word_1_155' title='bbox 1601 1897 1810 1961; x_wconf 88' lang='grc' dir='ltr'>Παῦλος</span> <span class='ocrx_word' id='word_1_156' title='bbox 1843 1897 1971 1968; x_wconf 67' lang='grc' dir='ltr'>ἐπήν</span> 
     </span>
    </p>
   </div>
   <div class='ocr_carea' id='block_1_21' title="bbox 383 1978 1967 2052">
    <p class='ocr_par' dir='ltr' id='par_1_21' title="bbox 383 1978 1967 2052">
     <span class='ocr_line' id='line_1_21' title="bbox 383 1978 1967 2052; baseline 0 -19"><span class='ocrx_word' id='word_1_157' title='bbox 383 1997 578 2052; x_wconf 85' lang='grc' dir='ltr'>ρωσεν,</span> <span class='ocrx_word' id='word_1_158' title='bbox 609 1978 799 2051; x_wconf 84' lang='grc' dir='ltr'>ῶσπερ</span> <span class='ocrx_word' id='word_1_159' title='bbox 829 1981 863 2032; x_wconf 86' lang='lat'>6</span> <span class='ocrx_word' id='word_1_160' title='bbox 882 1979 1090 2052; x_wconf 79' lang='grc' dir='ltr'>Πέτρος</span> <span class='ocrx_word' id='word_1_161' title='bbox 1122 1982 1352 2034; x_wconf 89' lang='grc' dir='ltr'>ἀνεῖλεν.</span> <span class='ocrx_word' id='word_1_162' title='bbox 1402 1984 1606 2048; x_wconf 73' lang='grc' dir='ltr'>Ἄλλῳ</span> <span class='ocrx_word' id='word_1_163' title='bbox 1630 1980 1698 2033; x_wconf 97' lang='lat'>66</span> <span class='ocrx_word' id='word_1_164' title='bbox 1734 1997 1967 2049; x_wconf 64' lang='grc' dir='ltr'>προφηο</span> 
     </span>
    </p>
   </div>
   <div class='ocr_carea' id='block_1_22' title="bbox 380 2061 1968 2136">
    <p class='ocr_par' dir='ltr' id='par_1_22' title="bbox 380 2061 1968 2136">
     <span class='ocr_line' id='line_1_22' title="bbox 380 2061 1968 2136; baseline -0.002 -19"><span class='ocrx_word' id='word_1_165' title='bbox 380 2064 547 2128; x_wconf 70' lang='grc' dir='ltr'>τεῖαι,</span> <span class='ocrx_word' id='word_1_166' title='bbox 603 2062 774 2130; x_wconf 64' lang='grc' dir='ltr'>ἄλλῳ</span> <span class='ocrx_word' id='word_1_167' title='bbox 806 2061 884 2117; x_wconf 75' lang='grc' dir='ltr'>.ὁέ</span> <span class='ocrx_word' id='word_1_168' title='bbox 921 2062 1253 2132; x_wconf 78' lang='grc' dir='ltr'>διακρίσεις</span> <span class='ocrx_word' id='word_1_169' title='bbox 1289 2063 1436 2136; x_wconf 60' lang='grc'>[264]</span> <span class='ocrx_word' id='word_1_170' title='bbox 1473 2063 1847 2132; x_wconf 79' lang='grc' dir='ltr'>πνευμάτων.</span> <span class='ocrx_word' id='word_1_171' title='bbox 1902 2062 1968 2115; x_wconf 88' lang='grc' dir='ltr'>Τί</span> 
     </span>
    </p>
   </div>
   <div class='ocr_carea' id='block_1_23' title="bbox 381 2147 1969 2218">
    <p class='ocr_par' dir='ltr' id='par_1_23' title="bbox 381 2147 1969 2218">
     <span class='ocr_line' id='line_1_23' title="bbox 381 2147 1969 2218; baseline -0.001 -16"><span class='ocrx_word' id='word_1_172' title='bbox 381 2149 538 2213; x_wconf 75' lang='grc' dir='ltr'>ἐστι,</span> <span class='ocrx_word' id='word_1_173' title='bbox 599 2150 937 2218; x_wconf 81' lang='grc' dir='ltr'>Διακρίσεις</span> <span class='ocrx_word' id='word_1_174' title='bbox 988 2147 1386 2218; x_wconf 80' lang='grc' dir='ltr'>πνευμάτων;</span> <span class='ocrx_word' id='word_1_175' title='bbox 1440 2148 1512 2200; x_wconf 88' lang='lat' dir='ltr'>T6</span> <span class='ocrx_word' id='word_1_176' title='bbox 1563 2148 1761 2201; x_wconf 70' lang='grc' dir='ltr'>εἰδέναι</span> <span class='ocrx_word' id='word_1_177' title='bbox 1806 2147 1888 2211; x_wconf 91' lang='grc' dir='ltr'>τίς</span> <span class='ocrx_word' id='word_1_178' title='bbox 1940 2148 1969 2200; x_wconf 89' lang='lat'>6</span> 
     </span>
    </p>
   </div>
   <div class='ocr_carea' id='block_1_24' title="bbox 381 2230 1971 2303">
    <p class='ocr_par' dir='ltr' id='par_1_24' title="bbox 381 2230 1971 2303">
     <span class='ocr_line' id='line_1_24' title="bbox 381 2230 1971 2303; baseline -0.002 -17"><span class='ocrx_word' id='word_1_179' title='bbox 381 2233 776 2303; x_wconf 81' lang='grc' dir='ltr'>πνευματικὸς,</span> <span class='ocrx_word' id='word_1_180' title='bbox 819 2233 914 2286; x_wconf 75' lang='grc' dir='ltr'>καὶ</span> <span class='ocrx_word' id='word_1_181' title='bbox 957 2233 1040 2296; x_wconf 91' lang='grc' dir='ltr'>τίς</span> <span class='ocrx_word' id='word_1_182' title='bbox 1082 2234 1110 2286; x_wconf 90' lang='lat'>6</span> <span class='ocrx_word' id='word_1_183' title='bbox 1143 2231 1218 2302; x_wconf 78' lang='grc' dir='ltr'>μὴ</span> <span class='ocrx_word' id='word_1_184' title='bbox 1247 2232 1644 2302; x_wconf 80' lang='grc' dir='ltr'>πνευματικός·</span> <span class='ocrx_word' id='word_1_185' title='bbox 1677 2230 1759 2293; x_wconf 88' lang='grc' dir='ltr'>τίς</span> <span class='ocrx_word' id='word_1_186' title='bbox 1787 2233 1814 2284; x_wconf 86' lang='grc' dir='ltr'>ὁ</span> <span class='ocrx_word' id='word_1_187' title='bbox 1843 2247 1971 2302; x_wconf 82' lang='grc' dir='ltr'>προ-</span> 
     </span>
    </p>
   </div>
   <div class='ocr_carea' id='block_1_25' title="bbox 381 2313 1967 2388">
    <p class='ocr_par' dir='ltr' id='par_1_25' title="bbox 381 2313 1967 2388">
     <span class='ocr_line' id='line_1_25' title="bbox 381 2313 1967 2388; baseline -0.002 -18"><span class='ocrx_word' id='word_1_188' title='bbox 381 2319 582 2388; x_wconf 81' lang='grc' dir='ltr'>φήτης,</span> <span class='ocrx_word' id='word_1_189' title='bbox 621 2317 716 2370; x_wconf 74' lang='grc' dir='ltr'>καὶ</span> <span class='ocrx_word' id='word_1_190' title='bbox 759 2315 841 2378; x_wconf 85' lang='grc' dir='ltr'>τίς</span> <span class='ocrx_word' id='word_1_191' title='bbox 874 2318 902 2368; x_wconf 89' lang='lat'>6</span> <span class='ocrx_word' id='word_1_192' title='bbox 937 2313 1188 2368; x_wconf 79' lang='grc' dir='ltr'>ἀπατεὼν</span> <span class='ocrx_word' id='word_1_193' title='bbox 1217 2333 1232 2344; x_wconf 94' lang='grc'>·</span> <span class='ocrx_word' id='word_1_194' title='bbox 1272 2314 1300 2366; x_wconf 87' lang='lat'>6</span> <span class='ocrx_word' id='word_1_195' title='bbox 1339 2316 1433 2367; x_wconf 75' lang='grc' dir='ltr'>καὶ</span> <span class='ocrx_word' id='word_1_196' title='bbox 1484 2313 1967 2367; x_wconf 84' lang='grc' dir='ltr'>Θεσσαλονικεῦσιν</span> 
     </span>
    </p>
   </div>
   <div class='ocr_carea' id='block_1_26' title="bbox 379 2395 1969 2469">
    <p class='ocr_par' dir='ltr' id='par_1_26' title="bbox 379 2395 1969 2469">
     <span class='ocr_line' id='line_1_26' title="bbox 379 2395 1969 2469; baseline -0.003 -17"><span class='ocrx_word' id='word_1_197' title='bbox 379 2399 555 2469; x_wconf 79' lang='grc' dir='ltr'>ἔλεγε,</span> <span class='ocrx_word' id='word_1_198' title='bbox 590 2398 962 2468; x_wconf 65' lang='grc' dir='ltr'>Προφητείας</span> <span class='ocrx_word' id='word_1_199' title='bbox 988 2397 1074 2466; x_wconf 79' lang='grc' dir='ltr'>μὴ</span> <span class='ocrx_word' id='word_1_200' title='bbox 1111 2396 1481 2462; x_wconf 71' lang='grc' dir='ltr'>ἐξουθενεῖτε</span> <span class='ocrx_word' id='word_1_201' title='bbox 1507 2415 1523 2428; x_wconf 93' lang='grc'>·</span> <span class='ocrx_word' id='word_1_202' title='bbox 1559 2395 1760 2450; x_wconf 80' lang='grc' dir='ltr'>πάντα</span> <span class='ocrx_word' id='word_1_203' title='bbox 1784 2395 1853 2448; x_wconf 87' lang='grc' dir='ltr'>δὲ</span> <span class='ocrx_word' id='word_1_204' title='bbox 1873 2396 1969 2449; x_wconf 85' lang='lat' dir='ltr'>6o-</span> 
     </span>
    </p>
   </div>
   <div class='ocr_carea' id='block_1_27' title="bbox 382 2478 1966 2553">
    <p class='ocr_par' dir='ltr' id='par_1_27' title="bbox 382 2478 1966 2553">
     <span class='ocr_line' id='line_1_27' title="bbox 382 2478 1966 2553; baseline -0.004 -16"><span class='ocrx_word' id='word_1_205' title='bbox 382 2483 744 2553; x_wconf 78' lang='grc' dir='ltr'>κιμάζοντες,</span> <span class='ocrx_word' id='word_1_206' title='bbox 796 2481 862 2535; x_wconf 82' lang='grc' dir='ltr'>τὸ</span> <span class='ocrx_word' id='word_1_207' title='bbox 901 2481 1095 2535; x_wconf 82' lang='grc' dir='ltr'>καλὸν</span> <span class='ocrx_word' id='word_1_208' title='bbox 1128 2481 1429 2549; x_wconf 80' lang='grc' dir='ltr'>κατέχετε.</span> <span class='ocrx_word' id='word_1_209' title='bbox 1484 2480 1595 2534; x_wconf 78' lang='grc' dir='ltr'>Καὶ</span> <span class='ocrx_word' id='word_1_210' title='bbox 1646 2479 1756 2551; x_wconf 87' lang='grc' dir='ltr'>γὰρ</span> <span class='ocrx_word' id='word_1_211' title='bbox 1797 2478 1966 2550; x_wconf 81' lang='grc' dir='ltr'>πολλὴ</span> 
     </span>
    </p>
   </div>
   <div class='ocr_carea' id='block_1_28' title="bbox 379 2561 1965 2636">
    <p class='ocr_par' dir='ltr' id='par_1_28' title="bbox 379 2561 1965 2636">
     <span class='ocr_line' id='line_1_28' title="bbox 379 2561 1965 2636; baseline -0.004 -16"><span class='ocrx_word' id='word_1_212' title='bbox 379 2569 503 2620; x_wconf 84' lang='grc' dir='ltr'>τότε</span> <span class='ocrx_word' id='word_1_213' title='bbox 522 2567 632 2619; x_wconf 82' lang='grc' dir='ltr'>τῶν</span> <span class='ocrx_word' id='word_1_214' title='bbox 651 2564 1114 2636; x_wconf 76' lang='grc' dir='ltr'>ψευδοπροφητῶν</span> <span class='ocrx_word' id='word_1_215' title='bbox 1145 2561 1212 2635; x_wconf 84' lang='grc' dir='ltr'>ἦν</span> <span class='ocrx_word' id='word_1_216' title='bbox 1237 2563 1502 2636; x_wconf 78' lang='grc' dir='ltr'>διαφθορὰ</span> <span class='ocrx_word' id='word_1_217' title='bbox 1519 2575 1568 2628; x_wconf 77' lang='grc' dir='ltr'>ι,</span> <span class='ocrx_word' id='word_1_218' title='bbox 1597 2564 1691 2616; x_wconf 87' lang='grc' dir='ltr'>τοῦ</span> <span class='ocrx_word' id='word_1_219' title='bbox 1719 2561 1965 2616; x_wconf 75' lang='grc' dir='ltr'>διαϐόλου</span> 
     </span>
    </p>
   </div>
   <div class='ocr_carea' id='block_1_29' title="bbox 384 2643 1964 2720">
    <p class='ocr_par' dir='ltr' id='par_1_29' title="bbox 384 2643 1964 2720">
     <span class='ocr_line' id='line_1_29' title="bbox 384 2643 1964 2720; baseline -0.003 -17"><span class='ocrx_word' id='word_1_220' title='bbox 384 2650 818 2720; x_wconf 76' lang='grc' dir='ltr'>φιλονεικοῦντος</span> <span class='ocrx_word' id='word_1_221' title='bbox 853 2651 1268 2719; x_wconf 82' lang='grc' dir='ltr'>παρυποστῆσαι</span> <span class='ocrx_word' id='word_1_222' title='bbox 1298 2650 1364 2719; x_wconf 82' lang='grc' dir='ltr'>τῇ</span> <span class='ocrx_word' id='word_1_223' title='bbox 1402 2647 1633 2718; x_wconf 78' lang='grc' dir='ltr'>ἀληθεία</span> <span class='ocrx_word' id='word_1_224' title='bbox 1662 2646 1722 2699; x_wconf 77' lang='grc' dir='ltr'>τὸ</span> <span class='ocrx_word' id='word_1_225' title='bbox 1749 2643 1964 2714; x_wconf 66' lang='grc' dir='ltr'>ψεῦδος.</span> 
     </span>
    </p>
   </div>
   <div class='ocr_carea' id='block_1_30' title="bbox 382 2728 1972 2810">
    <p class='ocr_par' dir='ltr' id='par_1_30' title="bbox 382 2728 1972 2810">
     <span class='ocr_line' id='line_1_30' title="bbox 382 2728 1972 2810; baseline -0.004 -22"><span class='ocrx_word' id='word_1_226' title='bbox 382 2736 590 2799; x_wconf 70' lang='grc' dir='ltr'>’Ἄλλῳ</span> <span class='ocrx_word' id='word_1_227' title='bbox 645 2733 712 2788; x_wconf 84' lang='grc' dir='ltr'>δὲ</span> <span class='ocrx_word' id='word_1_228' title='bbox 773 2734 918 2802; x_wconf 76' lang='grc' dir='ltr'>γένη</span> <span class='ocrx_word' id='word_1_229' title='bbox 981 2731 1296 2810; x_wconf 47' lang='grc' dir='ltr'>γλωσσῶν,</span> <span class='ocrx_word' id='word_1_230' title='bbox 1352 2731 1522 2798; x_wconf 71' lang='grc' dir='ltr'>ἄλλῳ</span> <span class='ocrx_word' id='word_1_231' title='bbox 1578 2730 1639 2783; x_wconf 83' lang='grc' dir='ltr'>δὲ</span> <span class='ocrx_word' id='word_1_232' title='bbox 1684 2728 1972 2799; x_wconf 71' lang='grc' dir='ltr'>ἑρμηνεία</span> 
     </span>
    </p>
   </div>
   <div class='ocr_carea' id='block_1_31' title="bbox 383 2813 1968 2887">
    <p class='ocr_par' dir='ltr' id='par_1_31' title="bbox 383 2813 1968 2887">
     <span class='ocr_line' id='line_1_31' title="bbox 383 2813 1968 2887; baseline -0.005 -15"><span class='ocrx_word' id='word_1_233' title='bbox 383 2818 701 2887; x_wconf 64' lang='grc' dir='ltr'>γλωσσῶν.</span> <span class='ocrx_word' id='word_1_234' title='bbox 741 2818 797 2870; x_wconf 85' lang='lat'>&#39;0</span> <span class='ocrx_word' id='word_1_235' title='bbox 824 2817 920 2886; x_wconf 82' lang='grc' dir='ltr'>μὲν</span> <span class='ocrx_word' id='word_1_236' title='bbox 947 2815 1054 2887; x_wconf 83' lang='grc' dir='ltr'>γὰρ</span> <span class='ocrx_word' id='word_1_237' title='bbox 1077 2815 1190 2886; x_wconf 81' lang='grc' dir='ltr'>ᾔδει</span> <span class='ocrx_word' id='word_1_238' title='bbox 1221 2815 1282 2867; x_wconf 85' lang='grc' dir='ltr'>τὸ</span> <span class='ocrx_word' id='word_1_239' title='bbox 1305 2814 1356 2867; x_wconf 87' lang='grc' dir='ltr'>τί</span> <span class='ocrx_word' id='word_1_240' title='bbox 1379 2813 1563 2883; x_wconf 78' lang='grc' dir='ltr'>ἔλεγεν</span> <span class='ocrx_word' id='word_1_241' title='bbox 1585 2813 1765 2878; x_wconf 73' lang='grc' dir='ltr'>αὐτὸς,</span> <span class='ocrx_word' id='word_1_242' title='bbox 1799 2814 1968 2884; x_wconf 77' lang='grc' dir='ltr'>ἐτέριρ</span> 
     </span>
    </p>
   </div>
   <div class='ocr_carea' id='block_1_32' title="bbox 380 2895 1967 2973">
    <p class='ocr_par' dir='ltr' id='par_1_32' title="bbox 380 2895 1967 2973">
     <span class='ocr_line' id='line_1_32' title="bbox 380 2895 1967 2973; baseline -0.004 -17"><span class='ocrx_word' id='word_1_243' title='bbox 380 2903 438 2956; x_wconf 81' lang='grc' dir='ltr'>δὲ</span> <span class='ocrx_word' id='word_1_244' title='bbox 467 2901 803 2973; x_wconf 78' lang='grc' dir='ltr'>ἑρμηνεῦσαι</span> <span class='ocrx_word' id='word_1_245' title='bbox 823 2900 922 2952; x_wconf 86' lang='grc' dir='ltr'>οὐκ</span> <span class='ocrx_word' id='word_1_246' title='bbox 945 2899 1176 2969; x_wconf 69' lang='grc' dir='ltr'>ἠδύνατο</span> <span class='ocrx_word' id='word_1_247' title='bbox 1195 2916 1208 2928; x_wconf 95' lang='grc'>·</span> <span class='ocrx_word' id='word_1_248' title='bbox 1235 2899 1262 2951; x_wconf 89' lang='lat'>6</span> <span class='ocrx_word' id='word_1_249' title='bbox 1284 2898 1339 2951; x_wconf 81' lang='grc' dir='ltr'>δὲ</span> <span class='ocrx_word' id='word_1_250' title='bbox 1368 2897 1461 2951; x_wconf 76' lang='grc' dir='ltr'>καὶ</span> <span class='ocrx_word' id='word_1_251' title='bbox 1481 2897 1769 2969; x_wconf 76' lang='grc' dir='ltr'>ἀμφότερα</span> <span class='ocrx_word' id='word_1_252' title='bbox 1793 2895 1967 2950; x_wconf 81' lang='grc' dir='ltr'>ταῦτα</span> 
     </span>
    </p>
   </div>
   <div class='ocr_carea' id='block_1_33' title="bbox 383 2982 1234 3054">
    <p class='ocr_par' dir='ltr' id='par_1_33' title="bbox 383 2982 1234 3054">
     <span class='ocr_line' id='line_1_33' title="bbox 383 2982 1234 3054; baseline -0.001 -18"><span class='ocrx_word' id='word_1_253' title='bbox 383 2983 728 3054; x_wconf 48' lang='grc' dir='ltr'>ἐκέκτητο,ςῆ</span> <span class='ocrx_word' id='word_1_254' title='bbox 761 2982 964 3036; x_wconf 86' lang='grc' dir='ltr'>τούτων</span> <span class='ocrx_word' id='word_1_255' title='bbox 988 2982 1234 3052; x_wconf 85' lang='grc' dir='ltr'>θάτερον.</span> 
     </span>
    </p>
   </div>
   <div class='ocr_carea' id='block_1_34' title="bbox 456 3057 1969 3134">
    <p class='ocr_par' dir='ltr' id='par_1_34' title="bbox 456 3057 1969 3134">
     <span class='ocr_line' id='line_1_34' title="bbox 456 3057 1969 3134; baseline -0.001 -18"><span class='ocrx_word' id='word_1_256' title='bbox 456 3065 518 3119; x_wconf 82' lang='lat'>6&#39;.</span> <span class='ocrx_word' id='word_1_257' title='bbox 557 3065 764 3118; x_wconf 81' lang='grc' dir='ltr'>Ἐδόκει</span> <span class='ocrx_word' id='word_1_258' title='bbox 787 3065 843 3117; x_wconf 85' lang='grc' dir='ltr'>δὲ</span> <span class='ocrx_word' id='word_1_259' title='bbox 861 3064 1018 3117; x_wconf 91' lang='grc' dir='ltr'>τοῦτο</span> <span class='ocrx_word' id='word_1_260' title='bbox 1047 3065 1292 3134; x_wconf 87' lang='grc' dir='ltr'>χάρισμα</span> <span class='ocrx_word' id='word_1_261' title='bbox 1319 3061 1466 3131; x_wconf 79' lang='grc' dir='ltr'>μέγα</span> <span class='ocrx_word' id='word_1_262' title='bbox 1479 3057 1641 3127; x_wconf 79' lang='grc' dir='ltr'>εἶναι,</span> <span class='ocrx_word' id='word_1_263' title='bbox 1663 3059 1850 3132; x_wconf 80' lang='grc' dir='ltr'>ἐπειδὴ</span> <span class='ocrx_word' id='word_1_264' title='bbox 1874 3062 1969 3114; x_wconf 71' lang='grc' dir='ltr'>καὶ</span> 
     </span>
    </p>
   </div>
   <div class='ocr_carea' id='block_1_35' title="bbox 385 3146 1968 3219">
    <p class='ocr_par' dir='ltr' id='par_1_35' title="bbox 385 3146 1968 3219">
     <span class='ocr_line' id='line_1_35' title="bbox 385 3146 1968 3219; baseline -0.003 -17"><span class='ocrx_word' id='word_1_265' title='bbox 385 3149 603 3219; x_wconf 85' lang='grc' dir='ltr'>πρῶτον</span> <span class='ocrx_word' id='word_1_266' title='bbox 629 3147 762 3200; x_wconf 82' lang='grc' dir='ltr'>αὐτὸ</span> <span class='ocrx_word' id='word_1_267' title='bbox 801 3147 992 3201; x_wconf 73' lang='grc' dir='ltr'>ἔλαϐον</span> <span class='ocrx_word' id='word_1_268' title='bbox 1019 3148 1067 3201; x_wconf 81' lang='grc' dir='ltr'>οἱ</span> <span class='ocrx_word' id='word_1_269' title='bbox 1113 3147 1420 3210; x_wconf 80' lang='grc' dir='ltr'>ἀπόστολοι,</span> <span class='ocrx_word' id='word_1_270' title='bbox 1463 3147 1556 3200; x_wconf 75' lang='grc' dir='ltr'>καὶ</span> <span class='ocrx_word' id='word_1_271' title='bbox 1591 3146 1742 3214; x_wconf 70' lang='grc' dir='ltr'>παρὰ</span> <span class='ocrx_word' id='word_1_272' title='bbox 1773 3146 1968 3216; x_wconf 79' lang='grc' dir='ltr'>Κοριν-</span> 
     </span>
    </p>
   </div>
   <div class='ocr_carea' id='block_1_36' title="bbox 384 3229 1966 3300">
    <p class='ocr_par' dir='ltr' id='par_1_36' title="bbox 384 3229 1966 3300">
     <span class='ocr_line' id='line_1_36' title="bbox 384 3229 1966 3300; baseline -0.004 -13"><span class='ocrx_word' id='word_1_273' title='bbox 384 3234 519 3298; x_wconf 85' lang='grc' dir='ltr'>θίοις</span> <span class='ocrx_word' id='word_1_274' title='bbox 548 3235 596 3286; x_wconf 86' lang='grc' dir='ltr'>οί</span> <span class='ocrx_word' id='word_1_275' title='bbox 629 3231 846 3295; x_wconf 86' lang='grc' dir='ltr'>πλείους</span> <span class='ocrx_word' id='word_1_276' title='bbox 879 3231 1038 3284; x_wconf 87' lang='grc' dir='ltr'>τοῦτο</span> <span class='ocrx_word' id='word_1_277' title='bbox 1069 3232 1393 3300; x_wconf 81' lang='grc' dir='ltr'>ἐκέκτηντο·</span> <span class='ocrx_word' id='word_1_278' title='bbox 1436 3232 1464 3283; x_wconf 89' lang='grc' dir='ltr'>ὁ</span> <span class='ocrx_word' id='word_1_279' title='bbox 1501 3230 1556 3282; x_wconf 86' lang='grc' dir='ltr'>δὲ</span> <span class='ocrx_word' id='word_1_280' title='bbox 1581 3229 1682 3299; x_wconf 81' lang='grc' dir='ltr'>τῆς</span> <span class='ocrx_word' id='word_1_281' title='bbox 1709 3229 1966 3281; x_wconf 79' lang='grc' dir='ltr'>διδασκαο</span> 
     </span>
    </p>
   </div>
   <div class='ocr_carea' id='block_1_37' title="bbox 381 3311 1963 3386">
    <p class='ocr_par' dir='ltr' id='par_1_37' title="bbox 381 3311 1963 3386">
     <span class='ocr_line' id='line_1_37' title="bbox 381 3311 1963 3386; baseline -0.006 -14"><span class='ocrx_word' id='word_1_282' title='bbox 381 3318 503 3383; x_wconf 85' lang='grc' dir='ltr'>λίας</span> <span class='ocrx_word' id='word_1_283' title='bbox 532 3317 686 3385; x_wconf 81' lang='grc' dir='ltr'>λόγος</span> <span class='ocrx_word' id='word_1_284' title='bbox 706 3317 803 3386; x_wconf 84' lang='grc' dir='ltr'>οὐχ</span> <span class='ocrx_word' id='word_1_285' title='bbox 832 3315 993 3370; x_wconf 86' lang='grc' dir='ltr'>οῦτω.</span> <span class='ocrx_word' id='word_1_286' title='bbox 1028 3315 1116 3368; x_wconf 72' lang='grc' dir='ltr'>Διὸ</span> <span class='ocrx_word' id='word_1_287' title='bbox 1151 3316 1327 3368; x_wconf 85' lang='grc' dir='ltr'>ἐκεῖνο</span> <span class='ocrx_word' id='word_1_288' title='bbox 1355 3317 1452 3384; x_wconf 87' lang='grc' dir='ltr'>μὲν</span> <span class='ocrx_word' id='word_1_289' title='bbox 1478 3313 1694 3384; x_wconf 84' lang='grc' dir='ltr'>πρῶτον</span> <span class='ocrx_word' id='word_1_290' title='bbox 1729 3311 1963 3382; x_wconf 84' lang='grc' dir='ltr'>τίθησιν,</span> 
     </span>
    </p>
   </div>
   <div class='ocr_carea' id='block_1_38' title="bbox 384 3394 1967 3473">
    <p class='ocr_par' dir='ltr' id='par_1_38' title="bbox 384 3394 1967 3473">
     <span class='ocr_line' id='line_1_38' title="bbox 384 3394 1967 3473; baseline -0.005 -18"><span class='ocrx_word' id='word_1_291' title='bbox 384 3401 611 3473; x_wconf 76' lang='grc' dir='ltr'>ὕστερον</span> <span class='ocrx_word' id='word_1_292' title='bbox 642 3399 698 3453; x_wconf 87' lang='grc' dir='ltr'>δέ</span> <span class='ocrx_word' id='word_1_293' title='bbox 732 3400 908 3452; x_wconf 87' lang='grc' dir='ltr'>τοῦτο.</span> <span class='ocrx_word' id='word_1_294' title='bbox 949 3398 1058 3452; x_wconf 72' lang='grc' dir='ltr'>Καὶ</span> <span class='ocrx_word' id='word_1_295' title='bbox 1093 3399 1202 3469; x_wconf 73' lang='grc' dir='ltr'>γάρ</span> <span class='ocrx_word' id='word_1_296' title='bbox 1236 3395 1514 3450; x_wconf 76' lang='grc' dir='ltr'>καὶτοῦτο</span> <span class='ocrx_word' id='word_1_297' title='bbox 1534 3395 1602 3449; x_wconf 85' lang='grc' dir='ltr'>δι’</span> <span class='ocrx_word' id='word_1_298' title='bbox 1632 3398 1828 3459; x_wconf 88' lang='grc' dir='ltr'>ἐκεῖνο,</span> <span class='ocrx_word' id='word_1_299' title='bbox 1872 3394 1967 3448; x_wconf 72' lang='grc' dir='ltr'>καὶ</span> 
     </span>
    </p>
   </div>
   <div class='ocr_carea' id='block_1_39' title="bbox 381 3474 1965 3553">
    <p class='ocr_par' dir='ltr' id='par_1_39' title="bbox 381 3474 1965 3553">
     <span class='ocr_line' id='line_1_39' title="bbox 381 3474 1965 3553; baseline -0.005 -15"><span class='ocrx_word' id='word_1_300' title='bbox 381 3487 451 3539; x_wconf 74' lang='grc' dir='ltr'>τὰ</span> <span class='ocrx_word' id='word_1_301' title='bbox 471 3486 604 3540; x_wconf 85' lang='grc' dir='ltr'>ἀλλα</span> <span class='ocrx_word' id='word_1_302' title='bbox 642 3485 840 3546; x_wconf 86' lang='grc' dir='ltr'>πάντα,</span> <span class='ocrx_word' id='word_1_303' title='bbox 872 3484 967 3537; x_wconf 71' lang='grc' dir='ltr'>καὶ</span> <span class='ocrx_word' id='word_1_304' title='bbox 998 3479 1324 3553; x_wconf 75' lang='grc' dir='ltr'>προφητεῖαι</span> <span class='ocrx_word' id='word_1_305' title='bbox 1357 3481 1451 3534; x_wconf 81' lang='grc' dir='ltr'>καὶ</span> <span class='ocrx_word' id='word_1_306' title='bbox 1481 3479 1832 3550; x_wconf 70' lang='grc' dir='ltr'>ἐνεργήματα</span> <span class='ocrx_word' id='word_1_307' title='bbox 1873 3474 1965 3530; x_wconf 84' lang='grc' dir='ltr'>δυ-</span> 
     </span>
    </p>
   </div>
   <div class='ocr_carea' id='block_1_40' title="bbox 382 3561 1964 3642">
    <p class='ocr_par' dir='ltr' id='par_1_40' title="bbox 382 3561 1964 3642">
     <span class='ocr_line' id='line_1_40' title="bbox 382 3561 1964 3642; baseline -0.008 -17"><span class='ocrx_word' id='word_1_308' title='bbox 382 3572 602 3642; x_wconf 84' lang='grc' dir='ltr'>νάμεων</span> <span class='ocrx_word' id='word_1_309' title='bbox 625 3570 719 3624; x_wconf 83' lang='grc' dir='ltr'>καὶ</span> <span class='ocrx_word' id='word_1_310' title='bbox 739 3569 872 3638; x_wconf 80' lang='grc' dir='ltr'>γένη</span> <span class='ocrx_word' id='word_1_311' title='bbox 915 3565 1178 3636; x_wconf 79' lang='grc' dir='ltr'>γλωσσῶν</span> <span class='ocrx_word' id='word_1_312' title='bbox 1221 3566 1318 3618; x_wconf 69' lang='grc' dir='ltr'>καλ⁵</span> <span class='ocrx_word' id='word_1_313' title='bbox 1361 3564 1631 3635; x_wconf 75' lang='grc' dir='ltr'>ἑρμηνεία</span> <span class='ocrx_word' id='word_1_314' title='bbox 1666 3561 1964 3630; x_wconf 81' lang='grc' dir='ltr'>γλωσσῶν·</span> 
     </span>
    </p>
   </div>
   <div class='ocr_carea' id='block_1_41' title="bbox 382 3645 1968 3724">
    <p class='ocr_par' dir='ltr' id='par_1_41' title="bbox 382 3645 1968 3724">
     <span class='ocr_line' id='line_1_41' title="bbox 382 3645 1968 3724; baseline -0.008 -15"><span class='ocrx_word' id='word_1_315' title='bbox 382 3656 534 3709; x_wconf 76' lang='grc' dir='ltr'>οὐδὲν</span> <span class='ocrx_word' id='word_1_316' title='bbox 564 3654 673 3724; x_wconf 82' lang='grc' dir='ltr'>γὰρ</span> <span class='ocrx_word' id='word_1_317' title='bbox 724 3652 916 3705; x_wconf 87' lang='grc' dir='ltr'>τούτου</span> <span class='ocrx_word' id='word_1_318' title='bbox 959 3651 1107 3704; x_wconf 78' lang='grc' dir='ltr'>ἴσον·</span> <span class='ocrx_word' id='word_1_319' title='bbox 1155 3649 1236 3702; x_wconf 79' lang='grc' dir='ltr'>διὺ</span> <span class='ocrx_word' id='word_1_320' title='bbox 1273 3650 1368 3703; x_wconf 76' lang='grc' dir='ltr'>καὶ</span> <span class='ocrx_word' id='word_1_321' title='bbox 1405 3648 1611 3716; x_wconf 74' lang='grc' dir='ltr'>ἔλεγεν,</span> <span class='ocrx_word' id='word_1_322' title='bbox 1661 3648 1725 3699; x_wconf 81' lang='grc' dir='ltr'>Οἱ</span> <span class='ocrx_word' id='word_1_323' title='bbox 1767 3645 1968 3711; x_wconf 75' lang='grc' dir='ltr'>καλῶς</span> 
     </span>
    </p>
   </div>
   <div class='ocr_carea' id='block_1_42' title="bbox 384 3728 1967 3806">
    <p class='ocr_par' dir='ltr' id='par_1_42' title="bbox 384 3728 1967 3806">
     <span class='ocr_line' id='line_1_42' title="bbox 384 3728 1967 3806; baseline -0.006 -15"><span class='ocrx_word' id='word_1_324' title='bbox 384 3736 756 3806; x_wconf 82' lang='grc' dir='ltr'>προεστῶτες</span> <span class='ocrx_word' id='word_1_325' title='bbox 812 3735 1221 3800; x_wconf 80' lang='grc' dir='ltr'>πρεσϐύτεροι,</span> <span class='ocrx_word' id='word_1_326' title='bbox 1283 3728 1503 3797; x_wconf 72' lang='grc' dir='ltr'>διπλῆς</span> <span class='ocrx_word' id='word_1_327' title='bbox 1559 3728 1734 3797; x_wconf 80' lang='grc' dir='ltr'>τιμῆς</span> <span class='ocrx_word' id='word_1_328' title='bbox 1767 3729 1967 3793; x_wconf 82' lang='grc' dir='ltr'>ἀξιού-</span> 
     </span>
    </p>
   </div>
   <div class='ocr_carea' id='block_1_43' title="bbox 384 3811 1966 3884">
    <p class='ocr_par' dir='ltr' id='par_1_43' title="bbox 384 3811 1966 3884">
     <span class='ocr_line' id='line_1_43' title="bbox 384 3811 1966 3884; baseline -0.006 -11"><span class='ocrx_word' id='word_1_329' title='bbox 384 3823 654 3882; x_wconf 82' lang='grc' dir='ltr'>σθωσαν,</span> <span class='ocrx_word' id='word_1_330' title='bbox 683 3815 952 3884; x_wconf 82' lang='grc' dir='ltr'>μάλιστα</span> <span class='ocrx_word' id='word_1_331' title='bbox 990 3818 1044 3868; x_wconf 77' lang='grc' dir='ltr'>οὶ</span> <span class='ocrx_word' id='word_1_332' title='bbox 1079 3812 1407 3878; x_wconf 76' lang='grc' dir='ltr'>κοπιῶντες</span> <span class='ocrx_word' id='word_1_333' title='bbox 1449 3813 1522 3864; x_wconf 83' lang='grc' dir='ltr'>ἐν</span> <span class='ocrx_word' id='word_1_334' title='bbox 1558 3813 1719 3881; x_wconf 76' lang='grc' dir='ltr'>λόγῳ</span> <span class='ocrx_word' id='word_1_335' title='bbox 1749 3813 1847 3864; x_wconf 76' lang='grc' dir='ltr'>καί</span> <span class='ocrx_word' id='word_1_336' title='bbox 1881 3811 1966 3864; x_wconf 80' lang='grc' dir='ltr'>δι·-</span> 
     </span>
    </p>
   </div>
   <div class='ocr_carea' id='block_1_44' title="bbox 383 3894 1969 3967">
    <p class='ocr_par' dir='ltr' id='par_1_44' title="bbox 383 3894 1969 3967">
     <span class='ocr_line' id='line_1_44' title="bbox 383 3894 1969 3967; baseline -0.005 -13"><span class='ocrx_word' id='word_1_337' title='bbox 383 3900 708 3965; x_wconf 70' lang='grc' dir='ltr'>δασκαιλίςι.</span> <span class='ocrx_word' id='word_1_338' title='bbox 728 3899 835 3951; x_wconf 70' lang='grc' dir='ltr'>Καὶ</span> <span class='ocrx_word' id='word_1_339' title='bbox 854 3896 932 3967; x_wconf 81' lang='grc' dir='ltr'>τῷ</span> <span class='ocrx_word' id='word_1_340' title='bbox 955 3896 1206 3966; x_wconf 82' lang='grc' dir='ltr'>Τιμοθέῳ</span> <span class='ocrx_word' id='word_1_341' title='bbox 1236 3895 1526 3948; x_wconf 83' lang='grc' dir='ltr'>ἐπέστελλε</span> <span class='ocrx_word' id='word_1_342' title='bbox 1551 3894 1745 3962; x_wconf 81' lang='grc' dir='ltr'>λέγων·</span> <span class='ocrx_word' id='word_1_343' title='bbox 1774 3895 1969 3962; x_wconf 85' lang='grc' dir='ltr'>Πρόσ-</span> 
     </span>
    </p>
   </div>
   <div class='ocr_carea' id='block_1_45' title="bbox 385 3975 1963 4054">
    <p class='ocr_par' dir='ltr' id='par_1_45' title="bbox 385 3975 1963 4054">
     <span class='ocr_line' id='line_1_45' title="bbox 385 3975 1963 4054; baseline -0.006 -17"><span class='ocrx_word' id='word_1_344' title='bbox 385 4001 413 4038; x_wconf 88' lang='grc' dir='ltr'>ε</span> <span class='ocrx_word' id='word_1_345' title='bbox 418 4001 486 4054; x_wconf 85' lang='grc' dir='ltr'>χε</span> <span class='ocrx_word' id='word_1_346' title='bbox 500 3981 571 4050; x_wconf 76' lang='grc' dir='ltr'>τῇ</span> <span class='ocrx_word' id='word_1_347' title='bbox 585 3979 939 4050; x_wconf 77' lang='grc' dir='ltr'>ἀναγνώσει,</span> <span class='ocrx_word' id='word_1_348' title='bbox 958 3976 1032 4046; x_wconf 80' lang='grc' dir='ltr'>τῇ</span> <span class='ocrx_word' id='word_1_349' title='bbox 1051 3976 1450 4046; x_wconf 70' lang='grc' dir='ltr'>παρακλήσει,</span> <span class='ocrx_word' id='word_1_350' title='bbox 1473 3975 1547 4044; x_wconf 79' lang='grc' dir='ltr'>τῇ</span> <span class='ocrx_word' id='word_1_351' title='bbox 1565 3976 1931 4042; x_wconf 72' lang='grc' dir='ltr'>διδασκαλίᾳ</span> <span class='ocrx_word' id='word_1_352' title='bbox 1949 3993 1963 4006; x_wconf 98' lang='grc'>·</span> 
     </span>
    </p>
   </div>
   <div class='ocr_carea' id='block_1_46' title="bbox 380 4059 1968 4136">
    <p class='ocr_par' dir='ltr' id='par_1_46' title="bbox 380 4059 1968 4136">
     <span class='ocr_line' id='line_1_46' title="bbox 380 4059 1968 4136; baseline -0.005 -16"><span class='ocrx_word' id='word_1_353' title='bbox 380 4069 466 4136; x_wconf 75' lang='grc' dir='ltr'>μὴ</span> <span class='ocrx_word' id='word_1_354' title='bbox 497 4065 705 4134; x_wconf 69' lang='grc' dir='ltr'>ἀμέλει</span> <span class='ocrx_word' id='word_1_355' title='bbox 734 4065 842 4116; x_wconf 82' lang='grc' dir='ltr'>τοῦ</span> <span class='ocrx_word' id='word_1_356' title='bbox 863 4062 933 4115; x_wconf 82' lang='grc' dir='ltr'>ἐν</span> <span class='ocrx_word' id='word_1_357' title='bbox 969 4061 1068 4115; x_wconf 78' lang='grc' dir='ltr'>σοὶ</span> <span class='ocrx_word' id='word_1_358' title='bbox 1098 4062 1486 4129; x_wconf 84' lang='grc' dir='ltr'>χαρίσματος.</span> <span class='ocrx_word' id='word_1_359' title='bbox 1537 4060 1698 4129; x_wconf 80' lang='grc' dir='ltr'>Ὁρᾷς</span> <span class='ocrx_word' id='word_1_360' title='bbox 1731 4059 1848 4122; x_wconf 84' lang='grc' dir='ltr'>πῶς</span> <span class='ocrx_word' id='word_1_361' title='bbox 1873 4059 1968 4112; x_wconf 79' lang='grc' dir='ltr'>καὶ</span> 
     </span>
    </p>
   </div>
   <div class='ocr_carea' id='block_1_47' title="bbox 383 4140 1966 4221">
    <p class='ocr_par' dir='ltr' id='par_1_47' title="bbox 383 4140 1966 4221">
     <span class='ocr_line' id='line_1_47' title="bbox 383 4140 1966 4221; baseline -0.006 -17"><span class='ocrx_word' id='word_1_362' title='bbox 383 4152 630 4221; x_wconf 81' lang='grc' dir='ltr'>χάρισμα</span> <span class='ocrx_word' id='word_1_363' title='bbox 661 4146 793 4200; x_wconf 85' lang='grc' dir='ltr'>αὐτὸ</span> <span class='ocrx_word' id='word_1_364' title='bbox 815 4143 1004 4209; x_wconf 77' lang='grc' dir='ltr'>καλεῖς</span> <span class='ocrx_word' id='word_1_365' title='bbox 1041 4140 1172 4196; x_wconf 83' lang='grc' dir='ltr'>Εἶτα</span> <span class='ocrx_word' id='word_1_366' title='bbox 1209 4143 1276 4213; x_wconf 83' lang='grc' dir='ltr'>ἣν</span> <span class='ocrx_word' id='word_1_367' title='bbox 1310 4143 1568 4213; x_wconf 79' lang='grc' dir='ltr'>ἀνωτέρω</span> <span class='ocrx_word' id='word_1_368' title='bbox 1605 4142 1818 4194; x_wconf 79' lang='grc' dir='ltr'>τέθεικε</span> <span class='ocrx_word' id='word_1_369' title='bbox 1859 4159 1966 4196; x_wconf 88' lang='grc' dir='ltr'>πα-</span> 
     </span>
    </p>
   </div>
   <div class='ocr_carea' id='block_1_48' title="bbox 386 4227 1965 4306">
    <p class='ocr_par' dir='ltr' id='par_1_48' title="bbox 386 4227 1965 4306">
     <span class='ocr_line' id='line_1_48' title="bbox 386 4227 1965 4306; baseline -0.005 -18"><span class='ocrx_word' id='word_1_370' title='bbox 386 4232 661 4306; x_wconf 85' lang='grc' dir='ltr'>ραμυθίαν</span> <span class='ocrx_word' id='word_1_371' title='bbox 694 4230 885 4295; x_wconf 76' lang='grc' dir='ltr'>εἰπὼν,</span> <span class='ocrx_word' id='word_1_372' title='bbox 934 4230 1004 4284; x_wconf 80' lang='grc' dir='ltr'>Τὸ</span> <span class='ocrx_word' id='word_1_373' title='bbox 1043 4229 1190 4282; x_wconf 81' lang='grc' dir='ltr'>αὐτὸ</span> <span class='ocrx_word' id='word_1_374' title='bbox 1223 4229 1485 4299; x_wconf 79' lang='grc' dir='ltr'>Πνεῦμα,</span> <span class='ocrx_word' id='word_1_375' title='bbox 1515 4227 1718 4297; x_wconf 85' lang='grc' dir='ltr'>ταύτην</span> <span class='ocrx_word' id='word_1_376' title='bbox 1749 4227 1844 4281; x_wconf 68' lang='grc' dir='ltr'>καὶ</span> <span class='ocrx_word' id='word_1_377' title='bbox 1877 4229 1965 4281; x_wconf 81' lang='grc' dir='ltr'>ἐν-</span> 
     </span>
    </p>
   </div>
   <div class='ocr_carea' id='block_1_49' title="bbox 381 4311 1967 4386">
    <p class='ocr_par' dir='ltr' id='par_1_49' title="bbox 381 4311 1967 4386">
     <span class='ocr_line' id='line_1_49' title="bbox 381 4311 1967 4386; baseline -0.004 -14"><span class='ocrx_word' id='word_1_378' title='bbox 381 4319 557 4372; x_wconf 86' lang='grc' dir='ltr'>ταῦθα</span> <span class='ocrx_word' id='word_1_379' title='bbox 600 4317 782 4386; x_wconf 88' lang='grc' dir='ltr'>τίθησι</span> <span class='ocrx_word' id='word_1_380' title='bbox 827 4314 1030 4383; x_wconf 87' lang='grc' dir='ltr'>λέγων·</span> <span class='ocrx_word' id='word_1_381' title='bbox 1079 4313 1281 4366; x_wconf 86' lang='grc' dir='ltr'>Πάντα</span> <span class='ocrx_word' id='word_1_382' title='bbox 1314 4312 1382 4366; x_wconf 79' lang='grc' dir='ltr'>δὲ</span> <span class='ocrx_word' id='word_1_383' title='bbox 1414 4312 1599 4367; x_wconf 85' lang='grc' dir='ltr'>ταῦτα</span> <span class='ocrx_word' id='word_1_384' title='bbox 1637 4311 1869 4382; x_wconf 73' lang='grc' dir='ltr'>ἐνεργεῖ</span> <span class='ocrx_word' id='word_1_385' title='bbox 1898 4311 1967 4365; x_wconf 78' lang='grc' dir='ltr'>ἓν</span> 
     </span>
    </p>
   </div>
   <div class='ocr_carea' id='block_1_50' title="bbox 381 4397 1962 4468">
    <p class='ocr_par' dir='ltr' id='par_1_50' title="bbox 381 4397 1962 4468">
     <span class='ocr_line' id='line_1_50' title="bbox 381 4397 1962 4468; baseline -0.003 -13"><span class='ocrx_word' id='word_1_386' title='bbox 381 4404 478 4456; x_wconf 77' lang='grc' dir='ltr'>καὶ</span> <span class='ocrx_word' id='word_1_387' title='bbox 544 4402 608 4454; x_wconf 87' lang='grc' dir='ltr'>τὸ</span> <span class='ocrx_word' id='word_1_388' title='bbox 666 4400 811 4455; x_wconf 78' lang='grc' dir='ltr'>αὐτὸ</span> <span class='ocrx_word' id='word_1_389' title='bbox 866 4399 1139 4468; x_wconf 83' lang='grc' dir='ltr'>Πνεῦμα,</span> <span class='ocrx_word' id='word_1_390' title='bbox 1193 4397 1465 4466; x_wconf 68' lang='grc' dir='ltr'>διαιροῦν</span> <span class='ocrx_word' id='word_1_391' title='bbox 1516 4397 1634 4466; x_wconf 70' lang='grc' dir='ltr'>ἰδίᾳ</span> <span class='ocrx_word' id='word_1_392' title='bbox 1701 4397 1962 4465; x_wconf 73' lang='grc' dir='ltr'>ἑκάστῳ,</span> 
     </span>
    </p>
   </div>
   <div class='ocr_carea' id='block_1_51' title="bbox 383 4487 916 4552">
    <p class='ocr_par' dir='ltr' id='par_1_51' title="bbox 383 4487 916 4552">
     <span class='ocr_line' id='line_1_51' title="bbox 383 4487 916 4552; baseline -0.006 -11"><span class='ocrx_word' id='word_1_393' title='bbox 383 4488 573 4552; x_wconf 82' lang='grc' dir='ltr'>καθὼς</span> <span class='ocrx_word' id='word_1_394' title='bbox 609 4487 916 4551; x_wconf 75' lang='grc' dir='ltr'>βούλεται.</span> 
     </span>
    </p>
   </div>
   <div class='ocr_carea' id='block_1_52' title="bbox 453 4566 1964 4638">
    <p class='ocr_par' dir='ltr' id='par_1_52' title="bbox 453 4566 1964 4638">
     <span class='ocr_line' id='line_1_52' title="bbox 453 4566 1964 4638; baseline -0.001 -16"><span class='ocrx_word' id='word_1_395' title='bbox 453 4573 529 4622; x_wconf 89' lang='grc' dir='ltr'>Οὐ</span> <span class='ocrx_word' id='word_1_396' title='bbox 561 4567 967 4638; x_wconf 82' lang='grc' dir='ltr'>παραμυθεῖται</span> <span class='ocrx_word' id='word_1_397' title='bbox 1004 4567 1063 4620; x_wconf 81' lang='grc' dir='ltr'>δὲ</span> <span class='ocrx_word' id='word_1_398' title='bbox 1104 4569 1284 4638; x_wconf 80' lang='grc' dir='ltr'>μόνον,</span> <span class='ocrx_word' id='word_1_399' title='bbox 1316 4566 1454 4620; x_wconf 79' lang='grc' dir='ltr'>ἀλλά</span> <span class='ocrx_word' id='word_1_400' title='bbox 1483 4567 1576 4619; x_wconf 73' lang='grc' dir='ltr'>καὶ</span> <span class='ocrx_word' id='word_1_401' title='bbox 1623 4566 1964 4637; x_wconf 78' lang='grc' dir='ltr'>ἐπιστομίζει</span> 
     </span>
    </p>
   </div>
   <div class='ocr_carea' id='block_1_53' title="bbox 381 4649 1966 4720">
    <p class='ocr_par' dir='ltr' id='par_1_53' title="bbox 381 4649 1966 4720">
     <span class='ocr_line' id='line_1_53' title="bbox 381 4649 1966 4720; baseline -0.002 -14"><span class='ocrx_word' id='word_1_402' title='bbox 381 4655 472 4706; x_wconf 71' lang='grc' dir='ltr'>τὸν</span> <span class='ocrx_word' id='word_1_403' title='bbox 503 4652 846 4720; x_wconf 76' lang='grc' dir='ltr'>ἀντιλέγοντα</span> <span class='ocrx_word' id='word_1_404' title='bbox 877 4650 1108 4704; x_wconf 86' lang='grc' dir='ltr'>ἐνταῦθα</span> <span class='ocrx_word' id='word_1_405' title='bbox 1139 4651 1334 4718; x_wconf 84' lang='grc' dir='ltr'>λέγων,</span> <span class='ocrx_word' id='word_1_406' title='bbox 1367 4651 1640 4717; x_wconf 79' lang='grc' dir='ltr'>Διαιροῦν</span> <span class='ocrx_word' id='word_1_407' title='bbox 1673 4649 1794 4716; x_wconf 79' lang='grc' dir='ltr'>ὶδίᾳ</span> <span class='ocrx_word' id='word_1_408' title='bbox 1830 4649 1966 4703; x_wconf 81' lang='grc' dir='ltr'>ἐκά-</span> 
     </span>
    </p>
   </div>
   <div class='ocr_carea' id='block_1_54' title="bbox 382 4732 1964 4804">
    <p class='ocr_par' dir='ltr' id='par_1_54' title="bbox 382 4732 1964 4804">
     <span class='ocr_line' id='line_1_54' title="bbox 382 4732 1964 4804; baseline -0.003 -14"><span class='ocrx_word' id='word_1_409' title='bbox 382 4753 527 4801; x_wconf 83' lang='grc' dir='ltr'>στῳ,</span> <span class='ocrx_word' id='word_1_410' title='bbox 570 4736 760 4798; x_wconf 82' lang='grc' dir='ltr'>καθὼς</span> <span class='ocrx_word' id='word_1_411' title='bbox 780 4734 1089 4797; x_wconf 76' lang='grc' dir='ltr'>βούλεται.</span> <span class='ocrx_word' id='word_1_412' title='bbox 1117 4737 1208 4786; x_wconf 91' lang='grc' dir='ltr'>Δεῖ</span> <span class='ocrx_word' id='word_1_413' title='bbox 1236 4734 1344 4804; x_wconf 70' lang='grc' dir='ltr'>γὰρ</span> <span class='ocrx_word' id='word_1_414' title='bbox 1377 4734 1470 4786; x_wconf 71' lang='grc' dir='ltr'>καὶ</span> <span class='ocrx_word' id='word_1_415' title='bbox 1499 4732 1838 4800; x_wconf 77' lang='grc' dir='ltr'>ἐπιστύφειν,</span> <span class='ocrx_word' id='word_1_416' title='bbox 1871 4733 1964 4786; x_wconf 87' lang='grc' dir='ltr'>οὐ-</span> 
     </span>
    </p>
   </div>
   <div class='ocr_carea' id='block_1_55' title="bbox 383 4815 1965 4892">
    <p class='ocr_par' dir='ltr' id='par_1_55' title="bbox 383 4815 1965 4892">
     <span class='ocr_line' id='line_1_55' title="bbox 383 4815 1965 4892; baseline -0.002 -19"><span class='ocrx_word' id='word_1_417' title='bbox 383 4821 439 4892; x_wconf 73' lang='grc' dir='ltr'>χὶ</span> <span class='ocrx_word' id='word_1_418' title='bbox 474 4818 796 4890; x_wconf 84' lang='grc' dir='ltr'>θεραπεύειν</span> <span class='ocrx_word' id='word_1_419' title='bbox 839 4817 1022 4888; x_wconf 79' lang='grc' dir='ltr'>μόνον,</span> <span class='ocrx_word' id='word_1_420' title='bbox 1071 4817 1260 4888; x_wconf 85' lang='grc' dir='ltr'>ῶσπερ</span> <span class='ocrx_word' id='word_1_421' title='bbox 1310 4817 1404 4870; x_wconf 68' lang='grc' dir='ltr'>καὶ</span> <span class='ocrx_word' id='word_1_422' title='bbox 1443 4817 1502 4869; x_wconf 87' lang='grc' dir='ltr'>ἐν</span> <span class='ocrx_word' id='word_1_423' title='bbox 1536 4818 1599 4887; x_wconf 76' lang='grc' dir='ltr'>τῇ</span> <span class='ocrx_word' id='word_1_424' title='bbox 1641 4816 1778 4887; x_wconf 73' lang='grc' dir='ltr'>πρὸς</span> <span class='ocrx_word' id='word_1_425' title='bbox 1832 4815 1965 4870; x_wconf 82' lang='grc' dir='ltr'>Ῥω-</span> 
     </span>
    </p>
   </div>
   <div class='ocr_carea' id='block_1_56' title="bbox 387 4895 1966 4974">
    <p class='ocr_par' dir='ltr' id='par_1_56' title="bbox 387 4895 1966 4974">
     <span class='ocr_line' id='line_1_56' title="bbox 387 4895 1966 4974; baseline -0.004 -16"><span class='ocrx_word' id='word_1_426' title='bbox 387 4905 578 4974; x_wconf 84' lang='grc' dir='ltr'>μαίους</span> <span class='ocrx_word' id='word_1_427' title='bbox 606 4903 768 4970; x_wconf 85' lang='grc' dir='ltr'>ποιεῖ,</span> <span class='ocrx_word' id='word_1_428' title='bbox 793 4902 922 4958; x_wconf 84' lang='grc' dir='ltr'>ὅταν</span> <span class='ocrx_word' id='word_1_429' title='bbox 955 4901 1088 4974; x_wconf 74' lang='grc' dir='ltr'>λέγῃ</span> <span class='ocrx_word' id='word_1_430' title='bbox 1113 4919 1127 4934; x_wconf 93' lang='grc'>·</span> <span class='ocrx_word' id='word_1_431' title='bbox 1168 4900 1250 4954; x_wconf 84' lang='grc' dir='ltr'>Σὺ</span> <span class='ocrx_word' id='word_1_432' title='bbox 1281 4901 1370 4965; x_wconf 86' lang='grc' dir='ltr'>τίς</span> <span class='ocrx_word' id='word_1_433' title='bbox 1402 4895 1474 4965; x_wconf 72' lang='grc' dir='ltr'>εἷ,</span> <span class='ocrx_word' id='word_1_434' title='bbox 1517 4903 1554 4952; x_wconf 78' lang='grc' dir='ltr'><em>ὁ</em></span> <span class='ocrx_word' id='word_1_435' title='bbox 1609 4899 1966 4967; x_wconf 78' lang='grc' dir='ltr'>ἀνταποκρι-</span> 
     </span>
    </p>
   </div>
   <div class='ocr_carea' id='block_1_57' title="bbox 382 4990 1964 5065">
    <p class='ocr_par' dir='ltr' id='par_1_57' title="bbox 382 4990 1964 5065">
     <span class='ocr_line' id='line_1_57' title="bbox 382 4990 1964 5065; baseline -0.004 -15"><span class='ocrx_word' id='word_1_436' title='bbox 382 5013 635 5065; x_wconf 86' lang='grc' dir='ltr'>νομενος</span> <span class='ocrx_word' id='word_1_437' title='bbox 673 4993 753 5060; x_wconf 86' lang='grc' dir='ltr'>τῷ</span> <span class='ocrx_word' id='word_1_438' title='bbox 778 4992 936 5060; x_wconf 84' lang='grc' dir='ltr'>Θεῷ;</span> <span class='ocrx_word' id='word_1_439' title='bbox 975 4993 1132 5047; x_wconf 87' lang='grc' dir='ltr'>Οῦτω</span> <span class='ocrx_word' id='word_1_440' title='bbox 1152 4993 1245 5045; x_wconf 76' lang='grc' dir='ltr'>καὶ</span> <span class='ocrx_word' id='word_1_441' title='bbox 1269 4991 1519 5058; x_wconf 84' lang='grc' dir='ltr'>ἐνταῦθα,</span> <span class='ocrx_word' id='word_1_442' title='bbox 1545 4992 1822 5060; x_wconf 86' lang='grc' dir='ltr'>Διαιροῦν</span> <span class='ocrx_word' id='word_1_443' title='bbox 1843 4990 1964 5058; x_wconf 76' lang='grc' dir='ltr'>ὶδιᾳ</span> 
     </span>
    </p>
   </div>
   <div class='ocr_carea' id='block_1_58' title="bbox 381 5073 1959 5148">
    <p class='ocr_par' dir='ltr' id='par_1_58' title="bbox 381 5073 1959 5148">
     <span class='ocr_line' id='line_1_58' title="bbox 381 5073 1959 5148; baseline 0.001 -18"><span class='ocrx_word' id='word_1_444' title='bbox 381 5079 636 5145; x_wconf 74' lang='grc' dir='ltr'>ἑκάστῳ,</span> <span class='ocrx_word' id='word_1_445' title='bbox 686 5077 881 5142; x_wconf 83' lang='grc' dir='ltr'>καθὼς</span> <span class='ocrx_word' id='word_1_446' title='bbox 912 5077 1223 5141; x_wconf 70' lang='grc' dir='ltr'>βούλεται.</span> <span class='ocrx_word' id='word_1_447' title='bbox 1273 5073 1379 5127; x_wconf 85' lang='grc' dir='ltr'>Καί</span> <span class='ocrx_word' id='word_1_448' title='bbox 1426 5073 1453 5127; x_wconf 84' lang='lat'>6</span> <span class='ocrx_word' id='word_1_449' title='bbox 1488 5073 1581 5127; x_wconf 87' lang='grc' dir='ltr'>τοῦ</span> <span class='ocrx_word' id='word_1_450' title='bbox 1620 5075 1834 5147; x_wconf 70' lang='grc' dir='ltr'>Πατρδς</span> <span class='ocrx_word' id='word_1_451' title='bbox 1869 5073 1959 5148; x_wconf 81' lang='grc' dir='ltr'>ἦν,</span> 
     </span>
    </p>
   </div>
   <div class='ocr_carea' id='block_1_59' title="bbox 379 5159 1962 5232">
    <p class='ocr_par' dir='ltr' id='par_1_59' title="bbox 379 5159 1962 5232">
     <span class='ocr_line' id='line_1_59' title="bbox 379 5159 1962 5232; baseline 0.001 -20"><span class='ocrx_word' id='word_1_452' title='bbox 379 5160 538 5213; x_wconf 86' lang='grc' dir='ltr'>τοῦτο</span> <span class='ocrx_word' id='word_1_453' title='bbox 570 5162 661 5213; x_wconf 70' lang='grc' dir='ltr'>καὶ</span> <span class='ocrx_word' id='word_1_454' title='bbox 686 5161 777 5214; x_wconf 89' lang='grc' dir='ltr'>τοῦ</span> <span class='ocrx_word' id='word_1_455' title='bbox 802 5160 1115 5230; x_wconf 88' lang='grc' dir='ltr'>Πνεύματος</span> <span class='ocrx_word' id='word_1_456' title='bbox 1139 5159 1338 5226; x_wconf 73' lang='grc' dir='ltr'>ἔδειξεν</span> <span class='ocrx_word' id='word_1_457' title='bbox 1363 5159 1441 5212; x_wconf 81' lang='grc' dir='ltr'>δν.</span> <span class='ocrx_word' id='word_1_458' title='bbox 1467 5159 1678 5229; x_wconf 79' lang='grc' dir='ltr'>Ὠσπερ</span> <span class='ocrx_word' id='word_1_459' title='bbox 1700 5159 1807 5230; x_wconf 82' lang='grc' dir='ltr'>γὰρ</span> <span class='ocrx_word' id='word_1_460' title='bbox 1834 5161 1962 5232; x_wconf 81' lang='grc' dir='ltr'>περὶ</span> 
     </span>
    </p>
   </div>
   <div class='ocr_carea' id='block_1_60' title="bbox 383 5242 1964 5313">
    <p class='ocr_par' dir='ltr' id='par_1_60' title="bbox 383 5242 1964 5313">
     <span class='ocr_line' id='line_1_60' title="bbox 383 5242 1964 5313; baseline 0.001 -16"><span class='ocrx_word' id='word_1_461' title='bbox 383 5242 548 5297; x_wconf 87' lang='grc' dir='ltr'>αὐτοῦ</span> <span class='ocrx_word' id='word_1_462' title='bbox 576 5260 760 5313; x_wconf 83' lang='grc' dir='ltr'>φησιν,</span> <span class='ocrx_word' id='word_1_463' title='bbox 796 5247 856 5296; x_wconf 88' lang='lat'>&#39;0</span> <span class='ocrx_word' id='word_1_464' title='bbox 885 5245 952 5297; x_wconf 90' lang='lat'>66</span> <span class='ocrx_word' id='word_1_465' title='bbox 977 5246 1159 5311; x_wconf 83' lang='grc' dir='ltr'>αὐτὸς</span> <span class='ocrx_word' id='word_1_466' title='bbox 1178 5243 1321 5310; x_wconf 82' lang='grc' dir='ltr'>Θεὸς</span> <span class='ocrx_word' id='word_1_467' title='bbox 1347 5247 1378 5297; x_wconf 85' lang='grc' dir='ltr'><em>ό</em></span> <span class='ocrx_word' id='word_1_468' title='bbox 1401 5243 1660 5312; x_wconf 78' lang='grc' dir='ltr'>ἐνεργῶν</span> <span class='ocrx_word' id='word_1_469' title='bbox 1675 5247 1746 5298; x_wconf 86' lang='grc' dir='ltr'>τὰ</span> <span class='ocrx_word' id='word_1_470' title='bbox 1767 5245 1964 5299; x_wconf 82' lang='grc' dir='ltr'>πάντα</span> 
     </span>
    </p>
   </div>
   <div class='ocr_carea' id='block_1_61' title="bbox 383 5320 1962 5399">
    <p class='ocr_par' dir='ltr' id='par_1_61' title="bbox 383 5320 1962 5399">
     <span class='ocr_line' id='line_1_61' title="bbox 383 5320 1962 5399; baseline 0.001 -19"><span class='ocrx_word' id='word_1_471' title='bbox 383 5329 453 5380; x_wconf 85' lang='grc' dir='ltr'>ἐν</span> <span class='ocrx_word' id='word_1_472' title='bbox 498 5320 716 5390; x_wconf 56' lang='grc' dir='ltr'>πᾶσιν,</span> <span class='ocrx_word' id='word_1_473' title='bbox 760 5327 900 5379; x_wconf 84' lang='grc' dir='ltr'>οῦτω</span> <span class='ocrx_word' id='word_1_474' title='bbox 941 5330 1035 5381; x_wconf 68' lang='grc' dir='ltr'>καὶ</span> <span class='ocrx_word' id='word_1_475' title='bbox 1071 5331 1198 5399; x_wconf 68' lang='grc' dir='ltr'>περὶ</span> <span class='ocrx_word' id='word_1_476' title='bbox 1239 5327 1334 5381; x_wconf 89' lang='grc' dir='ltr'>τοῦ</span> <span class='ocrx_word' id='word_1_477' title='bbox 1375 5328 1727 5397; x_wconf 80' lang='grc' dir='ltr'>Πνεῦματος·</span> <span class='ocrx_word' id='word_1_478' title='bbox 1761 5325 1962 5382; x_wconf 84' lang='grc' dir='ltr'>Πάντα</span> 
     </span>
    </p>
   </div>
   <div class='ocr_carea' id='block_1_62' title="bbox 383 5409 1957 5480">
    <p class='ocr_par' dir='ltr' id='par_1_62' title="bbox 383 5409 1957 5480">
     <span class='ocr_line' id='line_1_62' title="bbox 383 5409 1957 5480; baseline 0 -17"><span class='ocrx_word' id='word_1_479' title='bbox 383 5409 453 5463; x_wconf 88' lang='lat'>66</span> <span class='ocrx_word' id='word_1_480' title='bbox 509 5409 692 5462; x_wconf 86' lang='grc' dir='ltr'>ταῦτα</span> <span class='ocrx_word' id='word_1_481' title='bbox 771 5409 1003 5479; x_wconf 74' lang='grc' dir='ltr'>ἐνεργεῖ</span> <span class='ocrx_word' id='word_1_482' title='bbox 1073 5410 1142 5465; x_wconf 80' lang='grc' dir='ltr'>ἒν</span> <span class='ocrx_word' id='word_1_483' title='bbox 1212 5410 1307 5461; x_wconf 82' lang='grc' dir='ltr'>καὶ</span> <span class='ocrx_word' id='word_1_484' title='bbox 1369 5409 1432 5462; x_wconf 86' lang='grc' dir='ltr'>τὸ</span> <span class='ocrx_word' id='word_1_485' title='bbox 1496 5410 1641 5463; x_wconf 82' lang='grc' dir='ltr'>αὺτό</span> <span class='ocrx_word' id='word_1_486' title='bbox 1697 5410 1957 5480; x_wconf 82' lang='grc' dir='ltr'>Πνεῦμα.</span> 
     </span>
    </p>
   </div>
   <div class='ocr_carea' id='block_1_63' title="bbox 393 5491 1958 5564">
    <p class='ocr_par' dir='ltr' id='par_1_63' title="bbox 393 5491 1958 5564">
     <span class='ocr_line' id='line_1_63' title="bbox 393 5491 1958 5564; baseline 0 -18"><span class='ocrx_word' id='word_1_487' title='bbox 393 5493 531 5546; x_wconf 82' lang='grc' dir='ltr'>Ἀλλ’</span> <span class='ocrx_word' id='word_1_488' title='bbox 561 5493 974 5564; x_wconf 85' lang='grc' dir='ltr'>ἐνεργούμενον,</span> <span class='ocrx_word' id='word_1_489' title='bbox 1009 5494 1193 5563; x_wconf 72' lang='grc' dir='ltr'>φησὶν,</span> <span class='ocrx_word' id='word_1_490' title='bbox 1235 5493 1340 5545; x_wconf 70' lang='grc' dir='ltr'>ὐπὸ</span> <span class='ocrx_word' id='word_1_491' title='bbox 1373 5493 1463 5545; x_wconf 88' lang='grc' dir='ltr'>τοῦ</span> <span class='ocrx_word' id='word_1_492' title='bbox 1489 5491 1644 5547; x_wconf 83' lang='grc' dir='ltr'>Θεοῦ.</span> <span class='ocrx_word' id='word_1_493' title='bbox 1688 5493 1828 5546; x_wconf 78' lang='grc' dir='ltr'>Ἀλλ’</span> <span class='ocrx_word' id='word_1_494' title='bbox 1869 5493 1958 5546; x_wconf 83' lang='grc' dir='ltr'>οὐ-</span> 
     </span>
    </p>
   </div>
   <div class='ocr_carea' id='block_1_64' title="bbox 442 5750 1301 5818">
    <p class='ocr_par' dir='ltr' id='par_1_64' title="bbox 442 5750 1301 5818">
     <span class='ocr_line' id='line_1_64' title="bbox 442 5750 1301 5818; baseline -0.005 -16"><span class='ocrx_word' id='word_1_495' title='bbox 442 5753 467 5783; x_wconf 82' lang='grc'><strong><em>⁸</em></strong></span> <span class='ocrx_word' id='word_1_496' title='bbox 489 5750 560 5804; x_wconf 72' lang='lat' dir='ltr'>lu</span> <span class='ocrx_word' id='word_1_497' title='bbox 589 5755 706 5818; x_wconf 64' lang='lat' dir='ltr'>Reg.</span> <span class='ocrx_word' id='word_1_498' title='bbox 745 5752 876 5804; x_wconf 75' lang='lat' dir='ltr'>Edlti</span> <span class='ocrx_word' id='word_1_499' title='bbox 898 5765 1032 5807; x_wconf 70' lang='lat' dir='ltr'>vero.</span> <span class='ocrx_word' id='word_1_500' title='bbox 1061 5751 1301 5816; x_wconf 29' lang='grc' dir='ltr'>διαφορά..</span> 
     </span>
    </p>
   </div>
   <div class='ocr_carea' id='block_1_65' title="bbox 1096 239 2980 332">
    <p class='ocr_par' dir='ltr' id='par_1_65' title="bbox 1096 239 2980 332">
     <span class='ocr_line' id='line_1_65' title="bbox 1096 239 2980 332; baseline -0.001 -2"><span class='ocrx_word' id='word_1_501' title='bbox 1096 275 1153 330; x_wconf 90' lang='lat' dir='ltr'>S.</span> <span class='ocrx_word' id='word_1_502' title='bbox 1193 271 1482 330; x_wconf 67' lang='lat' dir='ltr'>JOANNIS</span> <span class='ocrx_word' id='word_1_503' title='bbox 1511 271 2010 330; x_wconf 76' lang='lat' dir='ltr'>CHRYSOSTOMI</span> <span class='ocrx_word' id='word_1_504' title='bbox 2053 239 2373 332; x_wconf 72' lang='lat' dir='ltr'>ARCHIEP.</span> <span class='ocrx_word' id='word_1_505' title='bbox 2411 270 2980 331; x_wconf 59' lang='lat' dir='ltr'>CONSTANTINOPJ</span> 
     </span>
    </p>
   </div>
   <div class='ocr_carea' id='block_1_66' title="bbox 3540 273 3647 330">
    <p class='ocr_par' dir='ltr' id='par_1_66' title="bbox 3540 273 3647 330">
     <span class='ocr_line' id='line_1_66' title="bbox 3540 273 3647 330; baseline -0.019 0"><span class='ocrx_word' id='word_1_506' title='bbox 3540 273 3647 330; x_wconf 66' lang='grc' dir='ltr'>ειο</span> 
     </span>
    </p>
   </div>
   <div class='ocr_carea' id='block_1_67' title="bbox 2071 385 3652 462">
    <p class='ocr_par' dir='ltr' id='par_1_67' title="bbox 2071 385 3652 462">
     <span class='ocr_line' id='line_1_67' title="bbox 2071 385 3652 462; baseline -0.002 -18"><span class='ocrx_word' id='word_1_507' title='bbox 2071 390 2244 462; x_wconf 87' lang='grc' dir='ltr'>δαμοῦ</span> <span class='ocrx_word' id='word_1_508' title='bbox 2267 389 2424 445; x_wconf 89' lang='grc' dir='ltr'>τοῦτο</span> <span class='ocrx_word' id='word_1_509' title='bbox 2449 392 2691 462; x_wconf 76' lang='grc' dir='ltr'>εἴρηκεν,</span> <span class='ocrx_word' id='word_1_510' title='bbox 2730 391 2866 447; x_wconf 86' lang='grc' dir='ltr'>ἀλλά</span> <span class='ocrx_word' id='word_1_511' title='bbox 2897 393 2962 447; x_wconf 71' lang='grc' dir='ltr'>σὺ</span> <span class='ocrx_word' id='word_1_512' title='bbox 2991 386 3148 444; x_wconf 82' lang='grc' dir='ltr'>τοῦτο</span> <span class='ocrx_word' id='word_1_513' title='bbox 3177 385 3454 449; x_wconf 86' lang='grc' dir='ltr'>πλάττεις.</span> <span class='ocrx_word' id='word_1_514' title='bbox 3488 386 3652 441; x_wconf 82' lang='grc' dir='ltr'>Ὅταν</span> 
     </span>
    </p>
   </div>
   <div class='ocr_carea' id='block_1_68' title="bbox 2069 468 3658 547">
    <p class='ocr_par' dir='ltr' id='par_1_68' title="bbox 2069 468 3658 547">
     <span class='ocr_line' id='line_1_68' title="bbox 2069 468 3658 547; baseline -0.003 -18"><span class='ocrx_word' id='word_1_515' title='bbox 2069 475 2178 546; x_wconf 85' lang='grc' dir='ltr'>γὰρ</span> <span class='ocrx_word' id='word_1_516' title='bbox 2198 475 2355 547; x_wconf 84' lang='grc' dir='ltr'>λέγῃ,</span> <span class='ocrx_word' id='word_1_517' title='bbox 2402 475 2467 528; x_wconf 88' lang='lat'>&#39;0</span> <span class='ocrx_word' id='word_1_518' title='bbox 2497 474 2758 545; x_wconf 76' lang='grc' dir='ltr'>ἐνεργῶν</span> <span class='ocrx_word' id='word_1_519' title='bbox 2781 477 2854 532; x_wconf 81' lang='grc' dir='ltr'>τὰ</span> <span class='ocrx_word' id='word_1_520' title='bbox 2874 475 3073 530; x_wconf 82' lang='grc' dir='ltr'>πάντα</span> <span class='ocrx_word' id='word_1_521' title='bbox 3101 473 3171 527; x_wconf 80' lang='grc' dir='ltr'>ἐν</span> <span class='ocrx_word' id='word_1_522' title='bbox 3197 468 3371 534; x_wconf 74' lang='grc' dir='ltr'>πᾶσι,</span> <span class='ocrx_word' id='word_1_523' title='bbox 3405 469 3536 538; x_wconf 73' lang='grc' dir='ltr'>περὶ</span> <span class='ocrx_word' id='word_1_524' title='bbox 3560 470 3658 524; x_wconf 65' lang='grc' dir='ltr'>ἀνι</span> 
     </span>
    </p>
   </div>
   <div class='ocr_carea' id='block_1_69' title="bbox 2070 551 3655 630">
    <p class='ocr_par' dir='ltr' id='par_1_69' title="bbox 2070 551 3655 630">
     <span class='ocr_line' id='line_1_69' title="bbox 2070 551 3655 630; baseline -0.003 -20"><span class='ocrx_word' id='word_1_525' title='bbox 2070 557 2304 629; x_wconf 84' lang='grc' dir='ltr'>θρώπων</span> <span class='ocrx_word' id='word_1_526' title='bbox 2332 556 2493 612; x_wconf 89' lang='grc' dir='ltr'>τοῦτο</span> <span class='ocrx_word' id='word_1_527' title='bbox 2529 556 2707 627; x_wconf 78' lang='grc' dir='ltr'>λέγει·</span> <span class='ocrx_word' id='word_1_528' title='bbox 2751 561 2810 612; x_wconf 89' lang='grc' dir='ltr'>οὐ</span> <span class='ocrx_word' id='word_1_529' title='bbox 2859 560 3033 630; x_wconf 82' lang='grc' dir='ltr'>δήπου</span> <span class='ocrx_word' id='word_1_530' title='bbox 3059 558 3088 597; x_wconf 71' lang='grc' dir='ltr'>ι)</span> <span class='ocrx_word' id='word_1_531' title='bbox 3131 555 3268 627; x_wconf 84' lang='grc' dir='ltr'>μετά</span> <span class='ocrx_word' id='word_1_532' title='bbox 3304 553 3414 608; x_wconf 91' lang='grc' dir='ltr'>τῶν</span> <span class='ocrx_word' id='word_1_533' title='bbox 3442 551 3655 623; x_wconf 80' lang='grc' dir='ltr'>ἀνθρώ-</span> 
     </span>
    </p>
   </div>
   <div class='ocr_carea' id='block_1_70' title="bbox 2068 633 3658 713">
    <p class='ocr_par' dir='ltr' id='par_1_70' title="bbox 2068 633 3658 713">
     <span class='ocr_line' id='line_1_70' title="bbox 2068 633 3658 713; baseline -0.004 -19"><span class='ocrx_word' id='word_1_534' title='bbox 2068 657 2189 695; x_wconf 84' lang='grc' dir='ltr'>πων</span> <span class='ocrx_word' id='word_1_535' title='bbox 2216 643 2308 694; x_wconf 76' lang='grc' dir='ltr'>καὶ</span> <span class='ocrx_word' id='word_1_536' title='bbox 2335 642 2395 694; x_wconf 87' lang='lat'>16</span> <span class='ocrx_word' id='word_1_537' title='bbox 2425 641 2648 711; x_wconf 82' lang='grc' dir='ltr'>Πνεῦμα</span> <span class='ocrx_word' id='word_1_538' title='bbox 2670 642 2917 713; x_wconf 83' lang='grc' dir='ltr'>ἀριθμεῖ,</span> <span class='ocrx_word' id='word_1_539' title='bbox 2949 641 3054 695; x_wconf 80' lang='grc' dir='ltr'>κᾶν</span> <span class='ocrx_word' id='word_1_540' title='bbox 3091 653 3351 711; x_wconf 79' lang='grc' dir='ltr'>μυριάκις</span> <span class='ocrx_word' id='word_1_541' title='bbox 3376 633 3446 710; x_wconf 81' lang='grc' dir='ltr'>ᾗς</span> <span class='ocrx_word' id='word_1_542' title='bbox 3479 651 3658 704; x_wconf 87' lang='grc' dir='ltr'>παρα-</span> 
     </span>
    </p>
   </div>
   <div class='ocr_carea' id='block_1_71' title="bbox 2069 716 3652 797">
    <p class='ocr_par' dir='ltr' id='par_1_71' title="bbox 2069 716 3652 797">
     <span class='ocr_line' id='line_1_71' title="bbox 2069 716 3652 797; baseline -0.004 -20"><span class='ocrx_word' id='word_1_543' title='bbox 2069 725 2268 790; x_wconf 83' lang='grc' dir='ltr'>παίων,</span> <span class='ocrx_word' id='word_1_544' title='bbox 2293 726 2398 780; x_wconf 78' lang='grc' dir='ltr'>κᾶν</span> <span class='ocrx_word' id='word_1_545' title='bbox 2431 726 2690 797; x_wconf 85' lang='grc' dir='ltr'>μυριάκις</span> <span class='ocrx_word' id='word_1_546' title='bbox 2730 727 3072 796; x_wconf 78' lang='grc' dir='ltr'>μαινόμενος.</span> <span class='ocrx_word' id='word_1_547' title='bbox 3132 721 3349 791; x_wconf 81' lang='grc' dir='ltr'>Ἐπειδὴ</span> <span class='ocrx_word' id='word_1_548' title='bbox 3376 719 3488 790; x_wconf 84' lang='grc' dir='ltr'>γὰρ</span> <span class='ocrx_word' id='word_1_549' title='bbox 3514 716 3652 785; x_wconf 82' lang='grc' dir='ltr'>εἷπε,</span> 
     </span>
    </p>
   </div>
   <div class='ocr_carea' id='block_1_72' title="bbox 2067 803 3657 878">
    <p class='ocr_par' dir='ltr' id='par_1_72' title="bbox 2067 803 3657 878">
     <span class='ocr_line' id='line_1_72' title="bbox 2067 803 3657 878; baseline -0.003 -18"><span class='ocrx_word' id='word_1_550' title='bbox 2067 806 2170 860; x_wconf 86' lang='grc' dir='ltr'>Διά</span> <span class='ocrx_word' id='word_1_551' title='bbox 2208 808 2314 863; x_wconf 90' lang='grc' dir='ltr'>τοῦ</span> <span class='ocrx_word' id='word_1_552' title='bbox 2355 810 2726 878; x_wconf 84' lang='grc' dir='ltr'>Πνεύματος,</span> <span class='ocrx_word' id='word_1_553' title='bbox 2768 810 2856 863; x_wconf 76' lang='grc' dir='ltr'>ἵνα</span> <span class='ocrx_word' id='word_1_554' title='bbox 2887 809 2949 861; x_wconf 82' lang='grc' dir='ltr'>τὸ</span> <span class='ocrx_word' id='word_1_555' title='bbox 2990 806 3089 860; x_wconf 79' lang='grc' dir='ltr'>διὰ</span> <span class='ocrx_word' id='word_1_556' title='bbox 3121 804 3282 858; x_wconf 88' lang='grc' dir='ltr'>τοῦτο</span> <span class='ocrx_word' id='word_1_557' title='bbox 3323 804 3397 875; x_wconf 78' lang='grc' dir='ltr'>μή</span> <span class='ocrx_word' id='word_1_558' title='bbox 3427 803 3657 874; x_wconf 78' lang='grc' dir='ltr'>νομίσῃς</span> 
     </span>
    </p>
   </div>
   <div class='ocr_carea' id='block_1_73' title="bbox 2067 888 3653 965">
    <p class='ocr_par' dir='ltr' id='par_1_73' title="bbox 2067 888 3653 965">
     <span class='ocr_line' id='line_1_73' title="bbox 2067 888 3653 965; baseline -0.002 -24"><span class='ocrx_word' id='word_1_559' title='bbox 2067 889 2420 954; x_wconf 79' lang='grc' dir='ltr'>ἐλαττώσεως</span> <span class='ocrx_word' id='word_1_560' title='bbox 2453 890 2588 965; x_wconf 75' lang='grc' dir='ltr'>εἶναι</span> <span class='ocrx_word' id='word_1_561' title='bbox 2624 893 2757 962; x_wconf 87' lang='grc' dir='ltr'>μηδέ</span> <span class='ocrx_word' id='word_1_562' title='bbox 2805 891 2899 946; x_wconf 88' lang='grc' dir='ltr'>τοῦ</span> <span class='ocrx_word' id='word_1_563' title='bbox 2932 889 3312 961; x_wconf 87' lang='grc' dir='ltr'>ἐνεργεῖσθαι,</span> <span class='ocrx_word' id='word_1_564' title='bbox 3349 888 3653 956; x_wconf 86' lang='grc' dir='ltr'>ἐπήγαγεν,</span> 
     </span>
    </p>
   </div>
   <div class='ocr_carea' id='block_1_74' title="bbox 2064 970 3658 1046">
    <p class='ocr_par' dir='ltr' id='par_1_74' title="bbox 2064 970 3658 1046">
     <span class='ocr_line' id='line_1_74' title="bbox 2064 970 3658 1046; baseline -0.004 -19"><span class='ocrx_word' id='word_1_565' title='bbox 2064 973 2148 1027; x_wconf 82' lang='grc' dir='ltr'>ὅτι</span> <span class='ocrx_word' id='word_1_566' title='bbox 2187 975 2452 1046; x_wconf 77' lang='grc' dir='ltr'>Ἐνεργεῖ</span> <span class='ocrx_word' id='word_1_567' title='bbox 2468 975 2535 1029; x_wconf 88' lang='grc' dir='ltr'>τὸ</span> <span class='ocrx_word' id='word_1_568' title='bbox 2561 975 2825 1043; x_wconf 78' lang='grc' dir='ltr'>Πνεῦμα,</span> <span class='ocrx_word' id='word_1_569' title='bbox 2849 973 2947 1028; x_wconf 87' lang='grc' dir='ltr'>οὐκ</span> <span class='ocrx_word' id='word_1_570' title='bbox 2973 976 3299 1044; x_wconf 84' lang='grc' dir='ltr'>ἐνεργεῖται,</span> <span class='ocrx_word' id='word_1_571' title='bbox 3321 971 3417 1025; x_wconf 77' lang='grc' dir='ltr'>καὶ</span> <span class='ocrx_word' id='word_1_572' title='bbox 3443 970 3658 1040; x_wconf 79' lang='grc' dir='ltr'>ἐνεργεῖ</span> 
     </span>
    </p>
   </div>
   <div class='ocr_carea' id='block_1_75' title="bbox 2065 1055 3658 1127">
    <p class='ocr_par' dir='ltr' id='par_1_75' title="bbox 2065 1055 3658 1127">
     <span class='ocr_line' id='line_1_75' title="bbox 2065 1055 3658 1127; baseline -0.003 -18"><span class='ocrx_word' id='word_1_573' title='bbox 2065 1056 2142 1119; x_wconf 84' lang='grc' dir='ltr'>ώς</span> <span class='ocrx_word' id='word_1_574' title='bbox 2174 1057 2444 1127; x_wconf 86' lang='grc' dir='ltr'>βούλεται,</span> <span class='ocrx_word' id='word_1_575' title='bbox 2472 1059 2532 1112; x_wconf 86' lang='grc' dir='ltr'>οὐ</span> <span class='ocrx_word' id='word_1_576' title='bbox 2565 1058 2748 1121; x_wconf 85' lang='grc' dir='ltr'>καθὼς</span> <span class='ocrx_word' id='word_1_577' title='bbox 2780 1058 3085 1111; x_wconf 82' lang='grc' dir='ltr'>κελεύεται.</span> <span class='ocrx_word' id='word_1_578' title='bbox 3127 1055 3395 1125; x_wconf 80' lang='grc' dir='ltr'>Καθάπερ</span> <span class='ocrx_word' id='word_1_579' title='bbox 3423 1055 3533 1124; x_wconf 79' lang='grc' dir='ltr'>γὰρ</span> <span class='ocrx_word' id='word_1_580' title='bbox 3558 1067 3658 1105; x_wconf 62' lang='grc' dir='ltr'>πει</span> 
     </span>
    </p>
   </div>
   <div class='ocr_carea' id='block_1_76' title="bbox 2068 1138 3655 1212">
    <p class='ocr_par' dir='ltr' id='par_1_76' title="bbox 2068 1138 3655 1212">
     <span class='ocr_line' id='line_1_76' title="bbox 2068 1138 3655 1212; baseline -0.002 -18"><span class='ocrx_word' id='word_1_581' title='bbox 2068 1143 2124 1211; x_wconf 71' lang='grc' dir='ltr'>ρὶ</span> <span class='ocrx_word' id='word_1_582' title='bbox 2153 1142 2247 1194; x_wconf 85' lang='grc' dir='ltr'>τοῦ</span> <span class='ocrx_word' id='word_1_583' title='bbox 2279 1144 2486 1212; x_wconf 72' lang='grc' dir='ltr'>Πατρδς</span> <span class='ocrx_word' id='word_1_584' title='bbox 2535 1146 2563 1197; x_wconf 87' lang='lat'>6</span> <span class='ocrx_word' id='word_1_585' title='bbox 2589 1143 2717 1205; x_wconf 72' lang='grc' dir='ltr'>Υἱὸς</span> <span class='ocrx_word' id='word_1_586' title='bbox 2749 1142 2919 1211; x_wconf 80' lang='grc' dir='ltr'>λέγει,</span> <span class='ocrx_word' id='word_1_587' title='bbox 2949 1143 3034 1195; x_wconf 85' lang='grc' dir='ltr'>ὅτι</span> <span class='ocrx_word' id='word_1_588' title='bbox 3093 1139 3340 1210; x_wconf 77' lang='grc' dir='ltr'>Ἐγείρει</span> <span class='ocrx_word' id='word_1_589' title='bbox 3372 1138 3514 1202; x_wconf 88' lang='grc' dir='ltr'>τοὺς</span> <span class='ocrx_word' id='word_1_590' title='bbox 3553 1154 3655 1192; x_wconf 85' lang='grc' dir='ltr'>νε-</span> 
     </span>
    </p>
   </div>
   <div class='ocr_carea' id='block_1_77' title="bbox 2065 1219 3652 1294">
    <p class='ocr_par' dir='ltr' id='par_1_77' title="bbox 2065 1219 3652 1294">
     <span class='ocr_line' id='line_1_77' title="bbox 2065 1219 3652 1294; baseline -0.003 -16"><span class='ocrx_word' id='word_1_591' title='bbox 2065 1225 2250 1292; x_wconf 84' lang='grc' dir='ltr'>κροὺς</span> <span class='ocrx_word' id='word_1_592' title='bbox 2283 1226 2381 1279; x_wconf 80' lang='grc' dir='ltr'>καὶ</span> <span class='ocrx_word' id='word_1_593' title='bbox 2420 1225 2704 1288; x_wconf 80' lang='grc' dir='ltr'>ζωοποιεῖ,</span> <span class='ocrx_word' id='word_1_594' title='bbox 2752 1226 2954 1294; x_wconf 84' lang='grc' dir='ltr'>ὁμοίως</span> <span class='ocrx_word' id='word_1_595' title='bbox 2989 1223 3084 1277; x_wconf 77' lang='grc' dir='ltr'>καὶ</span> <span class='ocrx_word' id='word_1_596' title='bbox 3133 1224 3264 1294; x_wconf 69' lang='grc' dir='ltr'>περὶ</span> <span class='ocrx_word' id='word_1_597' title='bbox 3309 1219 3521 1282; x_wconf 87' lang='grc' dir='ltr'>ἐαυτοῦ,</span> <span class='ocrx_word' id='word_1_598' title='bbox 3569 1221 3652 1274; x_wconf 84' lang='grc' dir='ltr'>ὅτι</span> 
     </span>
    </p>
   </div>
   <div class='ocr_carea' id='block_1_78' title="bbox 2069 1303 3648 1376">
    <p class='ocr_par' dir='ltr' id='par_1_78' title="bbox 2069 1303 3648 1376">
     <span class='ocr_line' id='line_1_78' title="bbox 2069 1303 3648 1376; baseline -0.004 -16"><span class='ocrx_word' id='word_1_599' title='bbox 2069 1307 2189 1374; x_wconf 75' lang='grc' dir='ltr'>Οὓς</span> <span class='ocrx_word' id='word_1_600' title='bbox 2218 1308 2377 1362; x_wconf 75' lang='grc' dir='ltr'>θέλει</span> <span class='ocrx_word' id='word_1_601' title='bbox 2409 1307 2702 1369; x_wconf 77' lang='grc' dir='ltr'>ζωοποιεῖ·</span> <span class='ocrx_word' id='word_1_602' title='bbox 2736 1307 2878 1360; x_wconf 88' lang='grc' dir='ltr'>οῦτω</span> <span class='ocrx_word' id='word_1_603' title='bbox 2899 1308 2992 1360; x_wconf 68' lang='grc' dir='ltr'>καὶ</span> <span class='ocrx_word' id='word_1_604' title='bbox 3024 1306 3154 1376; x_wconf 74' lang='grc' dir='ltr'>περὶ</span> <span class='ocrx_word' id='word_1_605' title='bbox 3185 1305 3280 1358; x_wconf 85' lang='grc' dir='ltr'>τοῦ</span> <span class='ocrx_word' id='word_1_606' title='bbox 3311 1303 3648 1372; x_wconf 86' lang='grc' dir='ltr'>Πνεύματος,</span> 
     </span>
    </p>
   </div>
   <div class='ocr_carea' id='block_1_79' title="bbox 2065 1385 3652 1461">
    <p class='ocr_par' dir='ltr' id='par_1_79' title="bbox 2065 1385 3652 1461">
     <span class='ocr_line' id='line_1_79' title="bbox 2065 1385 3652 1461; baseline -0.004 -18"><span class='ocrx_word' id='word_1_607' title='bbox 2065 1390 2302 1460; x_wconf 82' lang='grc' dir='ltr'>ἀλλαχοῦ</span> <span class='ocrx_word' id='word_1_608' title='bbox 2343 1391 2442 1461; x_wconf 84' lang='grc' dir='ltr'>μὲν</span> <span class='ocrx_word' id='word_1_609' title='bbox 2469 1393 2549 1444; x_wconf 76' lang='grc' dir='ltr'>ὅτι</span> <span class='ocrx_word' id='word_1_610' title='bbox 2595 1394 2711 1461; x_wconf 82' lang='grc' dir='ltr'>μετ’</span> <span class='ocrx_word' id='word_1_611' title='bbox 2743 1390 2992 1456; x_wconf 79' lang='grc' dir='ltr'>ἐξουσίας</span> <span class='ocrx_word' id='word_1_612' title='bbox 3033 1389 3214 1443; x_wconf 82' lang='grc' dir='ltr'>πάντα</span> <span class='ocrx_word' id='word_1_613' title='bbox 3255 1390 3420 1449; x_wconf 89' lang='grc' dir='ltr'>ποιεῖ,</span> <span class='ocrx_word' id='word_1_614' title='bbox 3470 1387 3563 1439; x_wconf 75' lang='grc' dir='ltr'>καὶ</span> <span class='ocrx_word' id='word_1_615' title='bbox 3592 1385 3652 1437; x_wconf 83' lang='lat'>16</span> 
     </span>
    </p>
   </div>
   <div class='ocr_carea' id='block_1_80' title="bbox 2067 1469 3652 1548">
    <p class='ocr_par' dir='ltr' id='par_1_80' title="bbox 2067 1469 3652 1548">
     <span class='ocr_line' id='line_1_80' title="bbox 2067 1469 3652 1548; baseline -0.004 -21"><span class='ocrx_word' id='word_1_616' title='bbox 2067 1475 2275 1527; x_wconf 88' lang='grc' dir='ltr'>κωλύον</span> <span class='ocrx_word' id='word_1_617' title='bbox 2307 1475 2458 1528; x_wconf 82' lang='grc' dir='ltr'>οὐδέν</span> <span class='ocrx_word' id='word_1_618' title='bbox 2499 1477 2580 1543; x_wconf 86' lang='lat'>(16</span> <span class='ocrx_word' id='word_1_619' title='bbox 2602 1475 2732 1548; x_wconf 82' lang='grc' dir='ltr'>γὰρ,</span> <span class='ocrx_word' id='word_1_620' title='bbox 2769 1476 2952 1528; x_wconf 79' lang='grc' dir='ltr'>Ὅπου</span> <span class='ocrx_word' id='word_1_621' title='bbox 2983 1474 3145 1528; x_wconf 71' lang='grc' dir='ltr'>θέλει</span> <span class='ocrx_word' id='word_1_622' title='bbox 3170 1471 3328 1535; x_wconf 81' lang='grc' dir='ltr'>πνεῖ,</span> <span class='ocrx_word' id='word_1_623' title='bbox 3357 1472 3406 1524; x_wconf 87' lang='grc' dir='ltr'>εί</span> <span class='ocrx_word' id='word_1_624' title='bbox 3433 1469 3526 1523; x_wconf 83' lang='grc' dir='ltr'>καί</span> <span class='ocrx_word' id='word_1_625' title='bbox 3555 1485 3652 1520; x_wconf 61' lang='grc' dir='ltr'>περ</span> 
     </span>
    </p>
   </div>
   <div class='ocr_carea' id='block_1_81' title="bbox 2070 1552 3651 1629">
    <p class='ocr_par' dir='ltr' id='par_1_81' title="bbox 2070 1552 3651 1629">
     <span class='ocr_line' id='line_1_81' title="bbox 2070 1552 3651 1629; baseline -0.004 -19"><span class='ocrx_word' id='word_1_626' title='bbox 2070 1558 2125 1627; x_wconf 85' lang='grc' dir='ltr'>ρί</span> <span class='ocrx_word' id='word_1_627' title='bbox 2143 1557 2236 1610; x_wconf 81' lang='grc' dir='ltr'>τοῦ</span> <span class='ocrx_word' id='word_1_628' title='bbox 2252 1559 2451 1628; x_wconf 79' lang='grc' dir='ltr'>ἀνέμου</span> <span class='ocrx_word' id='word_1_629' title='bbox 2477 1559 2717 1629; x_wconf 78' lang='grc' dir='ltr'>εἴρηται,</span> <span class='ocrx_word' id='word_1_630' title='bbox 2739 1559 2930 1611; x_wconf 82' lang='grc' dir='ltr'>τούτου</span> <span class='ocrx_word' id='word_1_631' title='bbox 2956 1558 3072 1610; x_wconf 70' lang='grc' dir='ltr'>ἐστὶ</span> <span class='ocrx_word' id='word_1_632' title='bbox 3094 1552 3651 1621; x_wconf 79' lang='grc' dir='ltr'>κατασκευαστικὸν)·</span> 
     </span>
    </p>
   </div>
   <div class='ocr_carea' id='block_1_82' title="bbox 2065 1637 3655 1716">
    <p class='ocr_par' dir='ltr' id='par_1_82' title="bbox 2065 1637 3655 1716">
     <span class='ocr_line' id='line_1_82' title="bbox 2065 1637 3655 1716; baseline -0.002 -24"><span class='ocrx_word' id='word_1_633' title='bbox 2065 1639 2302 1694; x_wconf 81' lang='grc' dir='ltr'>ἐνταῦθα</span> <span class='ocrx_word' id='word_1_634' title='bbox 2326 1642 2404 1707; x_wconf 84' lang='grc' dir='ltr'>δὲ,</span> <span class='ocrx_word' id='word_1_635' title='bbox 2435 1644 2515 1695; x_wconf 82' lang='grc' dir='ltr'>ὅτι</span> <span class='ocrx_word' id='word_1_636' title='bbox 2541 1642 2741 1696; x_wconf 83' lang='grc' dir='ltr'>Πάντα</span> <span class='ocrx_word' id='word_1_637' title='bbox 2771 1641 2922 1716; x_wconf 71' lang='lat'>[265]</span> <span class='ocrx_word' id='word_1_638' title='bbox 2953 1640 3187 1710; x_wconf 80' lang='grc' dir='ltr'>ἐνεργεῖ</span> <span class='ocrx_word' id='word_1_639' title='bbox 3214 1639 3410 1704; x_wconf 82' lang='grc' dir='ltr'>καθὼς</span> <span class='ocrx_word' id='word_1_640' title='bbox 3432 1637 3655 1702; x_wconf 73' lang='grc' dir='ltr'>βούλε-</span> 
     </span>
    </p>
   </div>
   <div class='ocr_carea' id='block_1_83' title="bbox 2065 1720 3656 1796">
    <p class='ocr_par' dir='ltr' id='par_1_83' title="bbox 2065 1720 3656 1796">
     <span class='ocr_line' id='line_1_83' title="bbox 2065 1720 3656 1796; baseline -0.005 -18"><span class='ocrx_word' id='word_1_641' title='bbox 2065 1741 2181 1779; x_wconf 84' lang='grc' dir='ltr'>ται.</span> <span class='ocrx_word' id='word_1_642' title='bbox 2237 1727 2345 1779; x_wconf 81' lang='grc' dir='ltr'>Καὶ</span> <span class='ocrx_word' id='word_1_643' title='bbox 2390 1725 2658 1796; x_wconf 82' lang='grc' dir='ltr'>ἑτέρωθεν</span> <span class='ocrx_word' id='word_1_644' title='bbox 2701 1727 2757 1780; x_wconf 78' lang='grc' dir='ltr'>δὲ</span> <span class='ocrx_word' id='word_1_645' title='bbox 2802 1728 2884 1780; x_wconf 87' lang='grc' dir='ltr'>ὃτι</span> <span class='ocrx_word' id='word_1_646' title='bbox 2927 1725 3048 1795; x_wconf 67' lang='grc' dir='ltr'>οὐχὶ</span> <span class='ocrx_word' id='word_1_647' title='bbox 3101 1724 3207 1778; x_wconf 91' lang='grc' dir='ltr'>τῶν</span> <span class='ocrx_word' id='word_1_648' title='bbox 3241 1720 3656 1795; x_wconf 72' lang='grc' dir='ltr'>ἐνεργουμένων</span> 
     </span>
    </p>
   </div>
   <div class='ocr_carea' id='block_1_84' title="bbox 2066 1805 3657 1882">
    <p class='ocr_par' dir='ltr' id='par_1_84' title="bbox 2066 1805 3657 1882">
     <span class='ocr_line' id='line_1_84' title="bbox 2066 1805 3657 1882; baseline -0.003 -20"><span class='ocrx_word' id='word_1_649' title='bbox 2066 1808 2235 1876; x_wconf 70' lang='grc' dir='ltr'>ἐστὶν,</span> <span class='ocrx_word' id='word_1_650' title='bbox 2296 1810 2434 1863; x_wconf 88' lang='grc' dir='ltr'>ἀλλά</span> <span class='ocrx_word' id='word_1_651' title='bbox 2479 1810 2587 1863; x_wconf 89' lang='grc' dir='ltr'>τῶν</span> <span class='ocrx_word' id='word_1_652' title='bbox 2633 1812 3020 1882; x_wconf 76' lang='grc' dir='ltr'>ἐνεργούντων,</span> <span class='ocrx_word' id='word_1_653' title='bbox 3088 1806 3348 1878; x_wconf 85' lang='grc' dir='ltr'>μάνθανε.</span> <span class='ocrx_word' id='word_1_654' title='bbox 3404 1805 3500 1870; x_wconf 79' lang='grc' dir='ltr'>Τίς</span> <span class='ocrx_word' id='word_1_655' title='bbox 3547 1805 3657 1872; x_wconf 59' lang='grc' dir='ltr'>γὰρ</span> 
     </span>
    </p>
   </div>
   <div class='ocr_carea' id='block_1_85' title="bbox 2065 1885 3657 1963">
    <p class='ocr_par' dir='ltr' id='par_1_85' title="bbox 2065 1885 3657 1963">
     <span class='ocr_line' id='line_1_85' title="bbox 2065 1885 3657 1963; baseline -0.004 -19"><span class='ocrx_word' id='word_1_656' title='bbox 2065 1887 2211 1955; x_wconf 78' lang='grc' dir='ltr'>οἶδε,</span> <span class='ocrx_word' id='word_1_657' title='bbox 2264 1893 2417 1963; x_wconf 66' lang='grc' dir='ltr'>φησι,</span> <span class='ocrx_word' id='word_1_658' title='bbox 2464 1892 2536 1947; x_wconf 87' lang='grc' dir='ltr'>τὰ</span> <span class='ocrx_word' id='word_1_659' title='bbox 2568 1894 2677 1948; x_wconf 78' lang='grc' dir='ltr'>τοῦ</span> <span class='ocrx_word' id='word_1_660' title='bbox 2705 1893 3050 1962; x_wconf 76' lang='grc' dir='ltr'>ἀνθρώπου,</span> <span class='ocrx_word' id='word_1_661' title='bbox 3099 1893 3151 1945; x_wconf 81' lang='grc' dir='ltr'>εί</span> <span class='ocrx_word' id='word_1_662' title='bbox 3196 1888 3277 1955; x_wconf 78' lang='grc' dir='ltr'>μὴ</span> <span class='ocrx_word' id='word_1_663' title='bbox 3311 1887 3378 1942; x_wconf 85' lang='grc' dir='ltr'>τὸ</span> <span class='ocrx_word' id='word_1_664' title='bbox 3418 1885 3657 1955; x_wconf 80' lang='grc' dir='ltr'>πνεῦμα</span> 
     </span>
    </p>
   </div>
   <div class='ocr_carea' id='block_1_86' title="bbox 2066 1964 3656 2044">
    <p class='ocr_par' dir='ltr' id='par_1_86' title="bbox 2066 1964 3656 2044">
     <span class='ocr_line' id='line_1_86' title="bbox 2066 1964 3656 2044; baseline -0.004 -17"><span class='ocrx_word' id='word_1_665' title='bbox 2066 1975 2173 2029; x_wconf 84' lang='grc' dir='ltr'>τοῦ</span> <span class='ocrx_word' id='word_1_666' title='bbox 2196 1975 2550 2044; x_wconf 73' lang='grc' dir='ltr'>ἀνθρώπους</span> <span class='ocrx_word' id='word_1_667' title='bbox 2579 1978 2744 2033; x_wconf 82' lang='grc' dir='ltr'>οὕτω</span> <span class='ocrx_word' id='word_1_668' title='bbox 2777 1977 2875 2031; x_wconf 80' lang='grc' dir='ltr'>καί</span> <span class='ocrx_word' id='word_1_669' title='bbox 2907 1977 2979 2030; x_wconf 78' lang='grc' dir='ltr'>τὰ</span> <span class='ocrx_word' id='word_1_670' title='bbox 3017 1973 3122 2028; x_wconf 87' lang='grc' dir='ltr'>τοῦ</span> <span class='ocrx_word' id='word_1_671' title='bbox 3149 1972 3300 2026; x_wconf 78' lang='grc' dir='ltr'>Θεοῦ</span> <span class='ocrx_word' id='word_1_672' title='bbox 3333 1969 3538 2034; x_wconf 79' lang='grc' dir='ltr'>οὐδεὶς</span> <span class='ocrx_word' id='word_1_673' title='bbox 3565 1964 3656 2022; x_wconf 84' lang='grc' dir='ltr'>οῖ·-</span> 
     </span>
    </p>
   </div>
   <div class='ocr_carea' id='block_1_87' title="bbox 2064 2051 3655 2130">
    <p class='ocr_par' dir='ltr' id='par_1_87' title="bbox 2064 2051 3655 2130">
     <span class='ocr_line' id='line_1_87' title="bbox 2064 2051 3655 2130; baseline -0.003 -20"><span class='ocrx_word' id='word_1_674' title='bbox 2064 2055 2192 2126; x_wconf 81' lang='grc' dir='ltr'>δεν,</span> <span class='ocrx_word' id='word_1_675' title='bbox 2221 2061 2273 2112; x_wconf 76' lang='grc' dir='ltr'>εἰ</span> <span class='ocrx_word' id='word_1_676' title='bbox 2296 2059 2382 2129; x_wconf 73' lang='grc' dir='ltr'>μὴ</span> <span class='ocrx_word' id='word_1_677' title='bbox 2404 2060 2470 2113; x_wconf 80' lang='grc' dir='ltr'>τὸ</span> <span class='ocrx_word' id='word_1_678' title='bbox 2497 2061 2742 2130; x_wconf 80' lang='grc' dir='ltr'>Πνεῦμα</span> <span class='ocrx_word' id='word_1_679' title='bbox 2775 2060 2880 2114; x_wconf 88' lang='grc' dir='ltr'>τοῦ</span> <span class='ocrx_word' id='word_1_680' title='bbox 2909 2058 3078 2113; x_wconf 82' lang='grc' dir='ltr'>Θεοῦ.</span> <span class='ocrx_word' id='word_1_681' title='bbox 3111 2057 3234 2110; x_wconf 85' lang='grc' dir='ltr'>’Ότι</span> <span class='ocrx_word' id='word_1_682' title='bbox 3261 2055 3318 2108; x_wconf 85' lang='grc' dir='ltr'>δὲ</span> <span class='ocrx_word' id='word_1_683' title='bbox 3347 2053 3409 2106; x_wconf 82' lang='lat'>16</span> <span class='ocrx_word' id='word_1_684' title='bbox 3433 2051 3655 2122; x_wconf 74' lang='grc' dir='ltr'>πνεῦμα</span> 
     </span>
    </p>
   </div>
   <div class='ocr_carea' id='block_1_88' title="bbox 2064 2139 3653 2216">
    <p class='ocr_par' dir='ltr' id='par_1_88' title="bbox 2064 2139 3653 2216">
     <span class='ocr_line' id='line_1_88' title="bbox 2064 2139 3653 2216; baseline -0.004 -22"><span class='ocrx_word' id='word_1_685' title='bbox 2064 2141 2160 2195; x_wconf 86' lang='grc' dir='ltr'>τοῦ</span> <span class='ocrx_word' id='word_1_686' title='bbox 2204 2143 2522 2216; x_wconf 83' lang='grc' dir='ltr'>ἀνθρώπου,</span> <span class='ocrx_word' id='word_1_687' title='bbox 2553 2146 2852 2211; x_wconf 80' lang='grc' dir='ltr'>τουτέστιν,</span> <span class='ocrx_word' id='word_1_688' title='bbox 2897 2145 2929 2212; x_wconf 88' lang='grc' dir='ltr'>ή</span> <span class='ocrx_word' id='word_1_689' title='bbox 2963 2142 3134 2212; x_wconf 73' lang='grc' dir='ltr'>ψυχὴ,</span> <span class='ocrx_word' id='word_1_690' title='bbox 3173 2141 3234 2193; x_wconf 89' lang='grc' dir='ltr'>οὐ</span> <span class='ocrx_word' id='word_1_691' title='bbox 3275 2139 3452 2192; x_wconf 80' lang='grc' dir='ltr'>δεῖται</span> <span class='ocrx_word' id='word_1_692' title='bbox 3496 2139 3653 2204; x_wconf 86' lang='grc' dir='ltr'>ἐνερ-</span> 
     </span>
    </p>
   </div>
   <div class='ocr_carea' id='block_1_89' title="bbox 2065 2219 3654 2301">
    <p class='ocr_par' dir='ltr' id='par_1_89' title="bbox 2065 2219 3654 2301">
     <span class='ocr_line' id='line_1_89' title="bbox 2065 2219 3654 2301; baseline -0.005 -22"><span class='ocrx_word' id='word_1_693' title='bbox 2065 2227 2240 2296; x_wconf 88' lang='grc' dir='ltr'>γείας,</span> <span class='ocrx_word' id='word_1_694' title='bbox 2275 2229 2363 2282; x_wconf 82' lang='grc' dir='ltr'>ἵνα</span> <span class='ocrx_word' id='word_1_695' title='bbox 2392 2230 2506 2301; x_wconf 77' lang='grc' dir='ltr'>εἰδῇ</span> <span class='ocrx_word' id='word_1_696' title='bbox 2534 2230 2602 2284; x_wconf 83' lang='grc' dir='ltr'>τά</span> <span class='ocrx_word' id='word_1_697' title='bbox 2632 2230 2854 2300; x_wconf 81' lang='grc' dir='ltr'>ἑαυτῆς,</span> <span class='ocrx_word' id='word_1_698' title='bbox 2893 2226 3054 2282; x_wconf 86' lang='grc' dir='ltr'>παντί</span> <span class='ocrx_word' id='word_1_699' title='bbox 3083 2243 3186 2279; x_wconf 85' lang='grc' dir='ltr'>που</span> <span class='ocrx_word' id='word_1_700' title='bbox 3214 2222 3380 2292; x_wconf 82' lang='grc' dir='ltr'>δῆλον</span> <span class='ocrx_word' id='word_1_701' title='bbox 3405 2238 3420 2253; x_wconf 93' lang='grc'>·</span> <span class='ocrx_word' id='word_1_702' title='bbox 3455 2219 3654 2273; x_wconf 85' lang='grc' dir='ltr'>οὐκοῦν</span> 
     </span>
    </p>
   </div>
   <div class='ocr_carea' id='block_1_90' title="bbox 2062 2308 3655 2392">
    <p class='ocr_par' dir='ltr' id='par_1_90' title="bbox 2062 2308 3655 2392">
     <span class='ocr_line' id='line_1_90' title="bbox 2062 2308 3655 2392; baseline -0.006 -23"><span class='ocrx_word' id='word_1_703' title='bbox 2062 2317 2267 2370; x_wconf 80' lang='grc' dir='ltr'>οὐδὲτὸ</span> <span class='ocrx_word' id='word_1_704' title='bbox 2289 2319 2512 2390; x_wconf 83' lang='grc' dir='ltr'>Πνεῦμα</span> <span class='ocrx_word' id='word_1_705' title='bbox 2533 2320 2593 2373; x_wconf 84' lang='lat'>16</span> <span class='ocrx_word' id='word_1_706' title='bbox 2627 2319 2801 2388; x_wconf 83' lang='grc' dir='ltr'>ἆγιον,</span> <span class='ocrx_word' id='word_1_707' title='bbox 2833 2319 2920 2372; x_wconf 82' lang='grc' dir='ltr'>ἵνα</span> <span class='ocrx_word' id='word_1_708' title='bbox 2949 2317 3062 2387; x_wconf 84' lang='grc' dir='ltr'>εἰδῇ</span> <span class='ocrx_word' id='word_1_709' title='bbox 3091 2315 3159 2369; x_wconf 82' lang='grc' dir='ltr'>τά</span> <span class='ocrx_word' id='word_1_710' title='bbox 3187 2313 3282 2368; x_wconf 88' lang='grc' dir='ltr'>τοῦ</span> <span class='ocrx_word' id='word_1_711' title='bbox 3300 2310 3468 2392; x_wconf 65' lang='grc' dir='ltr'>βεοῦ.</span> <span class='ocrx_word' id='word_1_712' title='bbox 3497 2308 3655 2362; x_wconf 85' lang='grc' dir='ltr'>Οῦτω</span> 
     </span>
    </p>
   </div>
   <div class='ocr_carea' id='block_1_91' title="bbox 2065 2393 3654 2472">
    <p class='ocr_par' dir='ltr' id='par_1_91' title="bbox 2065 2393 3654 2472">
     <span class='ocr_line' id='line_1_91' title="bbox 2065 2393 3654 2472; baseline -0.009 -13"><span class='ocrx_word' id='word_1_713' title='bbox 2065 2401 2174 2471; x_wconf 76' lang='grc' dir='ltr'>γάρ</span> <span class='ocrx_word' id='word_1_714' title='bbox 2211 2418 2376 2472; x_wconf 74' lang='grc' dir='ltr'>φησι·</span> <span class='ocrx_word' id='word_1_715' title='bbox 2415 2403 2457 2455; x_wconf 93' lang='grc' dir='ltr'><strong>Τ</strong></span> <span class='ocrx_word' id='word_1_716' title='bbox 2461 2403 2495 2457; x_wconf 82' lang='grc' dir='ltr'>ἀ</span> <span class='ocrx_word' id='word_1_717' title='bbox 2521 2404 2614 2457; x_wconf 91' lang='grc' dir='ltr'>τοῦ</span> <span class='ocrx_word' id='word_1_718' title='bbox 2655 2403 2790 2456; x_wconf 83' lang='grc' dir='ltr'>Θεοῦ</span> <span class='ocrx_word' id='word_1_719' title='bbox 2822 2399 2959 2456; x_wconf 77' lang='grc' dir='ltr'>οἶδεν</span> <span class='ocrx_word' id='word_1_720' title='bbox 3002 2399 3292 2472; x_wconf 74' lang='grc' dir='ltr'>ἀπόρρητα</span> <span class='ocrx_word' id='word_1_721' title='bbox 3336 2394 3399 2448; x_wconf 87' lang='lat'>16</span> <span class='ocrx_word' id='word_1_722' title='bbox 3427 2393 3654 2462; x_wconf 81' lang='grc' dir='ltr'>Πνεῦμα</span> 
     </span>
    </p>
   </div>
   <div class='ocr_carea' id='block_1_92' title="bbox 2061 2476 3656 2559">
    <p class='ocr_par' dir='ltr' id='par_1_92' title="bbox 2061 2476 3656 2559">
     <span class='ocr_line' id='line_1_92' title="bbox 2061 2476 3656 2559; baseline -0.005 -22"><span class='ocrx_word' id='word_1_723' title='bbox 2061 2484 2124 2537; x_wconf 79' lang='lat'>16</span> <span class='ocrx_word' id='word_1_724' title='bbox 2155 2477 2330 2552; x_wconf 73' lang='grc' dir='ltr'>ἅγιον,</span> <span class='ocrx_word' id='word_1_725' title='bbox 2360 2485 2436 2550; x_wconf 85' lang='grc' dir='ltr'>ὡς</span> <span class='ocrx_word' id='word_1_726' title='bbox 2468 2488 2500 2556; x_wconf 86' lang='grc' dir='ltr'><strong>ἡ</strong></span> <span class='ocrx_word' id='word_1_727' title='bbox 2539 2487 2687 2559; x_wconf 71' lang='grc' dir='ltr'>ψυχὴ</span> <span class='ocrx_word' id='word_1_728' title='bbox 2717 2485 2812 2540; x_wconf 86' lang='grc' dir='ltr'>τοῦ</span> <span class='ocrx_word' id='word_1_729' title='bbox 2854 2484 3143 2556; x_wconf 82' lang='grc' dir='ltr'>ἀνθρώπου</span> <span class='ocrx_word' id='word_1_730' title='bbox 3173 2480 3244 2536; x_wconf 77' lang='grc' dir='ltr'>τὰ</span> <span class='ocrx_word' id='word_1_731' title='bbox 3272 2479 3565 2551; x_wconf 73' lang='grc' dir='ltr'>ἀπόρρητα</span> <span class='ocrx_word' id='word_1_732' title='bbox 3586 2476 3656 2529; x_wconf 72' lang='grc' dir='ltr'>τὰ</span> 
     </span>
    </p>
   </div>
   <div class='ocr_carea' id='block_1_93' title="bbox 2066 2559 3656 2639">
    <p class='ocr_par' dir='ltr' id='par_1_93' title="bbox 2066 2559 3656 2639">
     <span class='ocr_line' id='line_1_93' title="bbox 2066 2559 3656 2639; baseline -0.006 -18"><span class='ocrx_word' id='word_1_733' title='bbox 2066 2569 2286 2639; x_wconf 75' lang='grc' dir='ltr'>ἑαυτῆς.</span> <span class='ocrx_word' id='word_1_734' title='bbox 2318 2569 2381 2622; x_wconf 74' lang='lat' dir='ltr'>El</span> <span class='ocrx_word' id='word_1_735' title='bbox 2407 2569 2463 2622; x_wconf 84' lang='grc' dir='ltr'>δὲ</span> <span class='ocrx_word' id='word_1_736' title='bbox 2493 2571 2588 2634; x_wconf 85' lang='grc' dir='ltr'>είς-</span> <span class='ocrx_word' id='word_1_737' title='bbox 2609 2571 2766 2624; x_wconf 88' lang='grc' dir='ltr'>τοῦτο</span> <span class='ocrx_word' id='word_1_738' title='bbox 2797 2572 2898 2623; x_wconf 85' lang='grc' dir='ltr'>οὐκ</span> <span class='ocrx_word' id='word_1_739' title='bbox 2935 2569 3260 2638; x_wconf 82' lang='grc' dir='ltr'>ἐνεργεῖται,</span> <span class='ocrx_word' id='word_1_740' title='bbox 3299 2563 3483 2632; x_wconf 79' lang='grc' dir='ltr'>πολλῷ</span> <span class='ocrx_word' id='word_1_741' title='bbox 3521 2559 3656 2632; x_wconf 81' lang='grc' dir='ltr'>μᾶλ-</span> 
     </span>
    </p>
   </div>
   <div class='ocr_carea' id='block_1_94' title="bbox 2064 2647 3652 2723">
    <p class='ocr_par' dir='ltr' id='par_1_94' title="bbox 2064 2647 3652 2723">
     <span class='ocr_line' id='line_1_94' title="bbox 2064 2647 3652 2723; baseline -0.005 -19"><span class='ocrx_word' id='word_1_742' title='bbox 2064 2651 2153 2707; x_wconf 88' lang='grc' dir='ltr'>λον</span> <span class='ocrx_word' id='word_1_743' title='bbox 2179 2651 2239 2705; x_wconf 83' lang='grc' dir='ltr'>τὸ</span> <span class='ocrx_word' id='word_1_744' title='bbox 2267 2653 2632 2723; x_wconf 86' lang='grc' dir='ltr'>ἐπιστάμενον</span> <span class='ocrx_word' id='word_1_745' title='bbox 2657 2653 2752 2706; x_wconf 89' lang='grc' dir='ltr'>τοῦ</span> <span class='ocrx_word' id='word_1_746' title='bbox 2793 2653 2926 2706; x_wconf 84' lang='grc' dir='ltr'>Θεοῦ</span> <span class='ocrx_word' id='word_1_747' title='bbox 2959 2652 3028 2704; x_wconf 87' lang='grc' dir='ltr'>τά</span> <span class='ocrx_word' id='word_1_748' title='bbox 3057 2649 3220 2720; x_wconf 78' lang='grc' dir='ltr'>βάθη,</span> <span class='ocrx_word' id='word_1_749' title='bbox 3262 2648 3356 2702; x_wconf 72' lang='grc' dir='ltr'>καὶ</span> <span class='ocrx_word' id='word_1_750' title='bbox 3381 2648 3481 2700; x_wconf 84' lang='grc' dir='ltr'>οὐκ</span> <span class='ocrx_word' id='word_1_751' title='bbox 3509 2647 3652 2715; x_wconf 65' lang='grc' dir='ltr'>ἐνερι</span> 
     </span>
    </p>
   </div>
   <div class='ocr_carea' id='block_1_95' title="bbox 2064 2728 3649 2807">
    <p class='ocr_par' dir='ltr' id='par_1_95' title="bbox 2064 2728 3649 2807">
     <span class='ocr_line' id='line_1_95' title="bbox 2064 2728 3649 2807; baseline 0.002 -20"><span class='ocrx_word' id='word_1_752' title='bbox 2064 2735 2334 2806; x_wconf 84' lang='grc' dir='ltr'>γούμενον</span> <span class='ocrx_word' id='word_1_753' title='bbox 2375 2739 2453 2798; x_wconf 85' lang='grc' dir='ltr'>εἰς</span> <span class='ocrx_word' id='word_1_754' title='bbox 2482 2737 2542 2789; x_wconf 84' lang='lat'>16</span> <span class='ocrx_word' id='word_1_755' title='bbox 2580 2735 2763 2790; x_wconf 88' lang='grc' dir='ltr'>δοῦναι</span> <span class='ocrx_word' id='word_1_756' title='bbox 2802 2736 3120 2807; x_wconf 82' lang='grc' dir='ltr'>χαρίσματα</span> <span class='ocrx_word' id='word_1_757' title='bbox 3165 2733 3276 2796; x_wconf 81' lang='grc' dir='ltr'>τοῖς</span> <span class='ocrx_word' id='word_1_758' title='bbox 3309 2728 3649 2790; x_wconf 64' lang='grc' dir='ltr'>ἀποστόλοις,</span> 
     </span>
    </p>
   </div>
   <div class='ocr_carea' id='block_1_96' title="bbox 2065 2817 3649 2895">
    <p class='ocr_par' dir='ltr' id='par_1_96' title="bbox 2065 2817 3649 2895">
     <span class='ocr_line' id='line_1_96' title="bbox 2065 2817 3649 2895; baseline -0.003 -21"><span class='ocrx_word' id='word_1_759' title='bbox 2065 2823 2346 2894; x_wconf 85' lang='grc' dir='ltr'>ἐνεργείας</span> <span class='ocrx_word' id='word_1_760' title='bbox 2375 2825 2476 2878; x_wconf 87' lang='grc' dir='ltr'>οὐκ</span> <span class='ocrx_word' id='word_1_761' title='bbox 2514 2823 2579 2877; x_wconf 81' lang='grc' dir='ltr'>ἂν</span> <span class='ocrx_word' id='word_1_762' title='bbox 2615 2817 2830 2895; x_wconf 79' lang='grc' dir='ltr'>ἐδεήθη.</span> <span class='ocrx_word' id='word_1_763' title='bbox 2866 2823 3051 2893; x_wconf 70' lang='grc' dir='ltr'>Χωρὶς</span> <span class='ocrx_word' id='word_1_764' title='bbox 3080 2821 3135 2874; x_wconf 81' lang='grc' dir='ltr'>δὲ</span> <span class='ocrx_word' id='word_1_765' title='bbox 3167 2818 3372 2872; x_wconf 80' lang='grc' dir='ltr'>τούτων</span> <span class='ocrx_word' id='word_1_766' title='bbox 3405 2817 3649 2878; x_wconf 78' lang='grc' dir='ltr'>κάκεῖνο,</span> 
     </span>
    </p>
   </div>
   <div class='ocr_carea' id='block_1_97' title="bbox 2065 2898 3650 2978">
    <p class='ocr_par' dir='ltr' id='par_1_97' title="bbox 2065 2898 3650 2978">
     <span class='ocr_line' id='line_1_97' title="bbox 2065 2898 3650 2978; baseline -0.006 -19"><span class='ocrx_word' id='word_1_767' title='bbox 2065 2907 2202 2978; x_wconf 77' lang='grc' dir='ltr'>ὅπερ</span> <span class='ocrx_word' id='word_1_768' title='bbox 2230 2906 2541 2977; x_wconf 76' lang='grc' dir='ltr'>ἔμπροσθεν</span> <span class='ocrx_word' id='word_1_769' title='bbox 2569 2903 2742 2971; x_wconf 75' lang='grc' dir='ltr'>εἷπον,</span> <span class='ocrx_word' id='word_1_770' title='bbox 2773 2906 2882 2977; x_wconf 84' lang='grc' dir='ltr'>ἐρῶ</span> <span class='ocrx_word' id='word_1_771' title='bbox 2907 2908 3001 2959; x_wconf 69' lang='grc' dir='ltr'>καὶ</span> <span class='ocrx_word' id='word_1_772' title='bbox 3029 2903 3145 2959; x_wconf 86' lang='grc' dir='ltr'>νῦν.</span> <span class='ocrx_word' id='word_1_773' title='bbox 3177 2903 3336 2956; x_wconf 83' lang='grc' dir='ltr'>Ποῖον</span> <span class='ocrx_word' id='word_1_774' title='bbox 3357 2901 3422 2970; x_wconf 83' lang='grc' dir='ltr'>δὴ</span> <span class='ocrx_word' id='word_1_775' title='bbox 3457 2898 3650 2963; x_wconf 74' lang='grc' dir='ltr'>τοῦτ-ος</span> 
     </span>
    </p>
   </div>
   <div class='ocr_carea' id='block_1_98' title="bbox 2066 2981 3652 3060">
    <p class='ocr_par' dir='ltr' id='par_1_98' title="bbox 2066 2981 3652 3060">
     <span class='ocr_line' id='line_1_98' title="bbox 2066 2981 3652 3060; baseline -0.005 -18"><span class='ocrx_word' id='word_1_776' title='bbox 2066 2987 2189 3042; x_wconf 85' lang='grc' dir='ltr'>’Ὁτι</span> <span class='ocrx_word' id='word_1_777' title='bbox 2220 2991 2267 3041; x_wconf 89' lang='grc' dir='ltr'>εί</span> <span class='ocrx_word' id='word_1_778' title='bbox 2299 2990 2518 3042; x_wconf 78' lang='grc' dir='ltr'>ἔλαττον</span> <span class='ocrx_word' id='word_1_779' title='bbox 2549 2991 2610 3043; x_wconf 81' lang='lat'>16</span> <span class='ocrx_word' id='word_1_780' title='bbox 2643 2989 2867 3060; x_wconf 88' lang='grc' dir='ltr'>Πνεῦμα</span> <span class='ocrx_word' id='word_1_781' title='bbox 2903 2989 2996 3042; x_wconf 71' lang='grc' dir='ltr'>καὶ</span> <span class='ocrx_word' id='word_1_782' title='bbox 3025 2988 3220 3059; x_wconf 75' lang='grc' dir='ltr'>ἐτέρας</span> <span class='ocrx_word' id='word_1_783' title='bbox 3258 2985 3468 3048; x_wconf 79' lang='grc' dir='ltr'>οὐσίας,</span> <span class='ocrx_word' id='word_1_784' title='bbox 3496 2981 3652 3036; x_wconf 83' lang='grc' dir='ltr'>οὐδὲν</span> 
     </span>
    </p>
   </div>
   <div class='ocr_carea' id='block_1_99' title="bbox 2065 3065 3652 3145">
    <p class='ocr_par' dir='ltr' id='par_1_99' title="bbox 2065 3065 3652 3145">
     <span class='ocr_line' id='line_1_99' title="bbox 2065 3065 3652 3145; baseline -0.004 -18"><span class='ocrx_word' id='word_1_785' title='bbox 2065 3073 2131 3127; x_wconf 82' lang='grc' dir='ltr'>ἂν</span> <span class='ocrx_word' id='word_1_786' title='bbox 2169 3072 2378 3145; x_wconf 87' lang='grc' dir='ltr'>ῶνησεν</span> <span class='ocrx_word' id='word_1_787' title='bbox 2416 3076 2448 3143; x_wconf 80' lang='grc' dir='ltr'><strong>ἡ</strong></span> <span class='ocrx_word' id='word_1_788' title='bbox 2485 3075 2832 3145; x_wconf 83' lang='grc' dir='ltr'>παραμυθία,</span> <span class='ocrx_word' id='word_1_789' title='bbox 2873 3073 2994 3126; x_wconf 84' lang='grc' dir='ltr'>οὐδέ</span> <span class='ocrx_word' id='word_1_790' title='bbox 3033 3073 3093 3125; x_wconf 86' lang='lat'>16</span> <span class='ocrx_word' id='word_1_791' title='bbox 3135 3070 3371 3125; x_wconf 83' lang='grc' dir='ltr'>ἀκοῦσαι</span> <span class='ocrx_word' id='word_1_792' title='bbox 3411 3069 3473 3122; x_wconf 82' lang='grc' dir='ltr'>τὸ</span> <span class='ocrx_word' id='word_1_793' title='bbox 3519 3065 3652 3121; x_wconf 77' lang='grc' dir='ltr'>αὐτὸ</span> 
     </span>
    </p>
   </div>
   <div class='ocr_carea' id='block_1_100' title="bbox 2067 3152 3652 3230">
    <p class='ocr_par' dir='ltr' id='par_1_100' title="bbox 2067 3152 3652 3230">
     <span class='ocr_line' id='line_1_100' title="bbox 2067 3152 3652 3230; baseline -0.005 -19"><span class='ocrx_word' id='word_1_794' title='bbox 2067 3158 2312 3228; x_wconf 82' lang='grc' dir='ltr'>Πνεῦμα.</span> <span class='ocrx_word' id='word_1_795' title='bbox 2360 3158 2418 3212; x_wconf 85' lang='lat'>&#39;0</span> <span class='ocrx_word' id='word_1_796' title='bbox 2449 3159 2547 3229; x_wconf 82' lang='grc' dir='ltr'>μὲν</span> <span class='ocrx_word' id='word_1_797' title='bbox 2573 3158 2682 3230; x_wconf 82' lang='grc' dir='ltr'>γὰρ</span> <span class='ocrx_word' id='word_1_798' title='bbox 2713 3158 2864 3230; x_wconf 86' lang='grc' dir='ltr'>παρά</span> <span class='ocrx_word' id='word_1_799' title='bbox 2894 3155 2987 3211; x_wconf 86' lang='grc' dir='ltr'>τοῦ</span> <span class='ocrx_word' id='word_1_800' title='bbox 3032 3155 3300 3226; x_wconf 77' lang='grc' dir='ltr'>βασιλέως</span> <span class='ocrx_word' id='word_1_801' title='bbox 3347 3152 3529 3207; x_wconf 76' lang='grc' dir='ltr'>λαϐὼν</span> <span class='ocrx_word' id='word_1_802' title='bbox 3557 3168 3652 3222; x_wconf 86' lang='grc' dir='ltr'>με·</span> 
     </span>
    </p>
   </div>
   <div class='ocr_carea' id='block_1_101' title="bbox 2065 3235 3650 3314">
    <p class='ocr_par' dir='ltr' id='par_1_101' title="bbox 2065 3235 3650 3314">
     <span class='ocr_line' id='line_1_101' title="bbox 2065 3235 3650 3314; baseline -0.003 -20"><span class='ocrx_word' id='word_1_803' title='bbox 2065 3241 2258 3312; x_wconf 88' lang='grc' dir='ltr'>γίστην</span> <span class='ocrx_word' id='word_1_804' title='bbox 2284 3241 2350 3295; x_wconf 82' lang='grc' dir='ltr'>ἂν</span> <span class='ocrx_word' id='word_1_805' title='bbox 2375 3242 2580 3314; x_wconf 83' lang='grc' dir='ltr'>ταύτην</span> <span class='ocrx_word' id='word_1_806' title='bbox 2609 3243 2760 3314; x_wconf 83' lang='grc' dir='ltr'>σχοίη</span> <span class='ocrx_word' id='word_1_807' title='bbox 2790 3239 3170 3313; x_wconf 83' lang='grc' dir='ltr'>παραμυθίαν,</span> <span class='ocrx_word' id='word_1_808' title='bbox 3203 3242 3286 3293; x_wconf 84' lang='grc' dir='ltr'>ὅτι</span> <span class='ocrx_word' id='word_1_809' title='bbox 3313 3238 3481 3300; x_wconf 78' lang='grc' dir='ltr'>αὐτὸς</span> <span class='ocrx_word' id='word_1_810' title='bbox 3502 3235 3650 3306; x_wconf 81' lang='grc' dir='ltr'>αὐτῷ</span> 
     </span>
    </p>
   </div>
   <div class='ocr_carea' id='block_1_102' title="bbox 2065 3320 3647 3396">
    <p class='ocr_par' dir='ltr' id='par_1_102' title="bbox 2065 3320 3647 3396">
     <span class='ocr_line' id='line_1_102' title="bbox 2065 3320 3647 3396; baseline -0.002 -20"><span class='ocrx_word' id='word_1_811' title='bbox 2065 3325 2266 3380; x_wconf 74' lang='grc' dir='ltr'>ἔδωκεν</span> <span class='ocrx_word' id='word_1_812' title='bbox 2296 3341 2309 3355; x_wconf 93' lang='grc'>·</span> <span class='ocrx_word' id='word_1_813' title='bbox 2337 3327 2365 3378; x_wconf 80' lang='grc' dir='ltr'><em>ὁ</em></span> <span class='ocrx_word' id='word_1_814' title='bbox 2406 3326 2462 3378; x_wconf 85' lang='grc' dir='ltr'>δὲ</span> <span class='ocrx_word' id='word_1_815' title='bbox 2501 3325 2652 3396; x_wconf 86' lang='grc' dir='ltr'>παρά</span> <span class='ocrx_word' id='word_1_816' title='bbox 2694 3325 2787 3378; x_wconf 80' lang='grc' dir='ltr'>τοῦ</span> <span class='ocrx_word' id='word_1_817' title='bbox 2820 3325 3031 3388; x_wconf 88' lang='grc' dir='ltr'>δούλου,</span> <span class='ocrx_word' id='word_1_818' title='bbox 3079 3325 3201 3378; x_wconf 83' lang='grc' dir='ltr'>τότε</span> <span class='ocrx_word' id='word_1_819' title='bbox 3243 3323 3444 3393; x_wconf 79' lang='grc' dir='ltr'>μᾶλλον</span> <span class='ocrx_word' id='word_1_820' title='bbox 3474 3320 3647 3387; x_wconf 80' lang='grc' dir='ltr'>ἀλγεῖ,</span> 
     </span>
    </p>
   </div>
   <div class='ocr_carea' id='block_1_103' title="bbox 2065 3403 3650 3480">
    <p class='ocr_par' dir='ltr' id='par_1_103' title="bbox 2065 3403 3650 3480">
     <span class='ocr_line' id='line_1_103' title="bbox 2065 3403 3650 3480; baseline -0.001 -20"><span class='ocrx_word' id='word_1_821' title='bbox 2065 3409 2192 3461; x_wconf 79' lang='grc' dir='ltr'>ὅταν</span> <span class='ocrx_word' id='word_1_822' title='bbox 2236 3408 2394 3462; x_wconf 81' lang='grc' dir='ltr'>τοῦτό</span> <span class='ocrx_word' id='word_1_823' title='bbox 2436 3427 2520 3472; x_wconf 88' lang='grc' dir='ltr'>τις</span> <span class='ocrx_word' id='word_1_824' title='bbox 2563 3409 2711 3480; x_wconf 84' lang='grc' dir='ltr'>αὐτῴ</span> <span class='ocrx_word' id='word_1_825' title='bbox 2753 3410 3094 3480; x_wconf 78' lang='grc' dir='ltr'>προσενέγκῃ</span> <span class='ocrx_word' id='word_1_826' title='bbox 3119 3423 3132 3438; x_wconf 82' lang='grc'><em>’</em></span> <span class='ocrx_word' id='word_1_827' title='bbox 3180 3407 3321 3462; x_wconf 81' lang='grc' dir='ltr'>ὥστε</span> <span class='ocrx_word' id='word_1_828' title='bbox 3357 3403 3650 3461; x_wconf 83' lang='grc' dir='ltr'>κάντεῦθεν</span> 
     </span>
    </p>
   </div>
   <div class='ocr_carea' id='block_1_104' title="bbox 2064 3489 3650 3564">
    <p class='ocr_par' dir='ltr' id='par_1_104' title="bbox 2064 3489 3650 3564">
     <span class='ocr_line' id='line_1_104' title="bbox 2064 3489 3650 3564; baseline -0.003 -19"><span class='ocrx_word' id='word_1_829' title='bbox 2064 3491 2244 3561; x_wconf 79' lang='grc' dir='ltr'>δῆλον,</span> <span class='ocrx_word' id='word_1_830' title='bbox 2264 3492 2342 3545; x_wconf 80' lang='grc' dir='ltr'>ὃτι</span> <span class='ocrx_word' id='word_1_831' title='bbox 2372 3492 2431 3544; x_wconf 88' lang='grc' dir='ltr'>οὐ</span> <span class='ocrx_word' id='word_1_832' title='bbox 2458 3492 2556 3563; x_wconf 81' lang='grc' dir='ltr'>τῆς</span> <span class='ocrx_word' id='word_1_833' title='bbox 2577 3492 2846 3564; x_wconf 85' lang='grc' dir='ltr'>δουλικῆς,</span> <span class='ocrx_word' id='word_1_834' title='bbox 2874 3493 3008 3547; x_wconf 82' lang='grc' dir='ltr'>ἀλλά</span> <span class='ocrx_word' id='word_1_835' title='bbox 3029 3491 3129 3563; x_wconf 84' lang='grc' dir='ltr'>τῆς</span> <span class='ocrx_word' id='word_1_836' title='bbox 3151 3490 3439 3562; x_wconf 80' lang='grc' dir='ltr'>βασιλικῆς</span> <span class='ocrx_word' id='word_1_837' title='bbox 3466 3489 3650 3551; x_wconf 86' lang='grc' dir='ltr'>οὐσίας</span> 
     </span>
    </p>
   </div>
   <div class='ocr_carea' id='block_1_105' title="bbox 2065 3573 3650 3648">
    <p class='ocr_par' dir='ltr' id='par_1_105' title="bbox 2065 3573 3650 3648">
     <span class='ocr_line' id='line_1_105' title="bbox 2065 3573 3650 3648; baseline -0.004 -19"><span class='ocrx_word' id='word_1_838' title='bbox 2065 3577 2125 3629; x_wconf 87' lang='grc' dir='ltr'>τὸ</span> <span class='ocrx_word' id='word_1_839' title='bbox 2152 3576 2378 3646; x_wconf 88' lang='grc' dir='ltr'>Πνεῦμα</span> <span class='ocrx_word' id='word_1_840' title='bbox 2406 3575 2467 3629; x_wconf 80' lang='lat'>16</span> <span class='ocrx_word' id='word_1_841' title='bbox 2493 3575 2666 3645; x_wconf 71' lang='grc' dir='ltr'>ἅγιον.</span> <span class='ocrx_word' id='word_1_842' title='bbox 2701 3579 2899 3647; x_wconf 79' lang='grc' dir='ltr'>Διόπερ</span> <span class='ocrx_word' id='word_1_843' title='bbox 2931 3577 3184 3648; x_wconf 80' lang='grc' dir='ltr'>καθάπερ</span> <span class='ocrx_word' id='word_1_844' title='bbox 3219 3573 3650 3647; x_wconf 85' lang='grc' dir='ltr'>παρεμυθήσατο</span> 
     </span>
    </p>
   </div>
   <div class='ocr_carea' id='block_1_106' title="bbox 2066 3657 3649 3729">
    <p class='ocr_par' dir='ltr' id='par_1_106' title="bbox 2066 3657 3649 3729">
     <span class='ocr_line' id='line_1_106' title="bbox 2066 3657 3649 3729; baseline -0.004 -15"><span class='ocrx_word' id='word_1_845' title='bbox 2066 3662 2263 3724; x_wconf 81' lang='grc' dir='ltr'>αὐτοὺς</span> <span class='ocrx_word' id='word_1_846' title='bbox 2315 3659 2506 3721; x_wconf 77' lang='grc' dir='ltr'>εἰπὼν.</span> <span class='ocrx_word' id='word_1_847' title='bbox 2553 3662 2632 3714; x_wconf 82' lang='lat'>6::</span> <span class='ocrx_word' id='word_1_848' title='bbox 2671 3660 3000 3729; x_wconf 86' lang='grc' dir='ltr'>Διαιρέσεις</span> <span class='ocrx_word' id='word_1_849' title='bbox 3037 3659 3358 3714; x_wconf 82' lang='grc' dir='ltr'>διακονιῶν</span> <span class='ocrx_word' id='word_1_850' title='bbox 3389 3660 3570 3719; x_wconf 77' lang='grc' dir='ltr'>εἰσιν,</span> <span class='ocrx_word' id='word_1_851' title='bbox 3617 3657 3649 3708; x_wconf 82' lang='grc' dir='ltr'><em>ὁ</em></span> 
     </span>
    </p>
   </div>
   <div class='ocr_carea' id='block_1_107' title="bbox 2065 3740 3650 3813">
    <p class='ocr_par' dir='ltr' id='par_1_107' title="bbox 2065 3740 3650 3813">
     <span class='ocr_line' id='line_1_107' title="bbox 2065 3740 3650 3813; baseline -0.003 -17"><span class='ocrx_word' id='word_1_852' title='bbox 2065 3742 2134 3796; x_wconf 84' lang='lat'>66</span> <span class='ocrx_word' id='word_1_853' title='bbox 2159 3743 2342 3811; x_wconf 84' lang='grc' dir='ltr'>αὐτὸς</span> <span class='ocrx_word' id='word_1_854' title='bbox 2390 3745 2635 3813; x_wconf 77' lang='grc' dir='ltr'>Κύριος·</span> <span class='ocrx_word' id='word_1_855' title='bbox 2667 3745 2764 3798; x_wconf 79' lang='grc' dir='ltr'>καί</span> <span class='ocrx_word' id='word_1_856' title='bbox 2796 3744 3118 3813; x_wconf 81' lang='grc' dir='ltr'>διαιρέσεις</span> <span class='ocrx_word' id='word_1_857' title='bbox 3145 3740 3581 3812; x_wconf 74' lang='grc' dir='ltr'>ἐνεργημάτων,</span> <span class='ocrx_word' id='word_1_858' title='bbox 3617 3741 3650 3792; x_wconf 82' lang='grc' dir='ltr'><em>ὀ</em></span> 
     </span>
    </p>
   </div>
   <div class='ocr_carea' id='block_1_108' title="bbox 2067 3825 3649 3899">
    <p class='ocr_par' dir='ltr' id='par_1_108' title="bbox 2067 3825 3649 3899">
     <span class='ocr_line' id='line_1_108' title="bbox 2067 3825 3649 3899; baseline -0.001 -20"><span class='ocrx_word' id='word_1_859' title='bbox 2067 3826 2135 3879; x_wconf 84' lang='lat'>66</span> <span class='ocrx_word' id='word_1_860' title='bbox 2167 3829 2349 3894; x_wconf 84' lang='grc' dir='ltr'>αὐτὸς</span> <span class='ocrx_word' id='word_1_861' title='bbox 2378 3829 2553 3894; x_wconf 81' lang='grc' dir='ltr'>Θεός·</span> <span class='ocrx_word' id='word_1_862' title='bbox 2598 3827 2742 3881; x_wconf 86' lang='grc' dir='ltr'>οῦτω</span> <span class='ocrx_word' id='word_1_863' title='bbox 2773 3831 2868 3881; x_wconf 77' lang='grc' dir='ltr'>καὶ</span> <span class='ocrx_word' id='word_1_864' title='bbox 2913 3828 3174 3899; x_wconf 82' lang='grc' dir='ltr'>ἀνωτέρω</span> <span class='ocrx_word' id='word_1_865' title='bbox 3203 3826 3395 3886; x_wconf 71' lang='grc' dir='ltr'>εἰπὼν.</span> <span class='ocrx_word' id='word_1_866' title='bbox 3433 3825 3649 3894; x_wconf 81' lang='grc' dir='ltr'>Διαιρέ-</span> 
     </span>
    </p>
   </div>
   <div class='ocr_carea' id='block_1_109' title="bbox 2067 3905 3649 3980">
    <p class='ocr_par' dir='ltr' id='par_1_109' title="bbox 2067 3905 3649 3980">
     <span class='ocr_line' id='line_1_109' title="bbox 2067 3905 3649 3980; baseline -0.003 -18"><span class='ocrx_word' id='word_1_867' title='bbox 2067 3924 2200 3975; x_wconf 89' lang='grc' dir='ltr'>σεις</span> <span class='ocrx_word' id='word_1_868' title='bbox 2236 3910 2620 3979; x_wconf 79' lang='grc' dir='ltr'>χαρισμάτων</span> <span class='ocrx_word' id='word_1_869' title='bbox 2662 3911 2802 3975; x_wconf 71' lang='grc' dir='ltr'>εἶσί,</span> <span class='ocrx_word' id='word_1_870' title='bbox 2847 3912 2914 3964; x_wconf 84' lang='grc' dir='ltr'>τὸ</span> <span class='ocrx_word' id='word_1_871' title='bbox 2951 3909 3018 3964; x_wconf 79' lang='grc' dir='ltr'>δὲ</span> <span class='ocrx_word' id='word_1_872' title='bbox 3061 3910 3207 3965; x_wconf 84' lang='grc' dir='ltr'>αὐτὸ</span> <span class='ocrx_word' id='word_1_873' title='bbox 3239 3909 3484 3980; x_wconf 81' lang='grc' dir='ltr'>Πνεῦμα</span> <span class='ocrx_word' id='word_1_874' title='bbox 3509 3925 3524 3939; x_wconf 97' lang='grc'>·</span> <span class='ocrx_word' id='word_1_875' title='bbox 3556 3905 3649 3958; x_wconf 78' lang='grc' dir='ltr'>καὶ</span> 
     </span>
    </p>
   </div>
   <div class='ocr_carea' id='block_1_110' title="bbox 2071 3985 3654 4064">
    <p class='ocr_par' dir='ltr' id='par_1_110' title="bbox 2071 3985 3654 4064">
     <span class='ocr_line' id='line_1_110' title="bbox 2071 3985 3654 4064; baseline -0.002 -20"><span class='ocrx_word' id='word_1_876' title='bbox 2071 3991 2212 4064; x_wconf 79' lang='grc' dir='ltr'>μετὰ</span> <span class='ocrx_word' id='word_1_877' title='bbox 2232 3993 2407 4046; x_wconf 83' lang='grc' dir='ltr'>ταῦτα</span> <span class='ocrx_word' id='word_1_878' title='bbox 2441 3992 2601 4045; x_wconf 77' lang='grc' dir='ltr'>πάλιν</span> <span class='ocrx_word' id='word_1_879' title='bbox 2628 3991 2818 4059; x_wconf 81' lang='grc' dir='ltr'>εἰπὼν,</span> <span class='ocrx_word' id='word_1_880' title='bbox 2857 3993 3061 4047; x_wconf 85' lang='grc' dir='ltr'>Πάντα</span> <span class='ocrx_word' id='word_1_881' title='bbox 3090 3992 3158 4046; x_wconf 80' lang='grc' dir='ltr'>δὲ</span> <span class='ocrx_word' id='word_1_882' title='bbox 3190 3992 3378 4047; x_wconf 86' lang='grc' dir='ltr'>ταῦτα</span> <span class='ocrx_word' id='word_1_883' title='bbox 3423 3985 3654 4060; x_wconf 75' lang='grc' dir='ltr'>ἐνεργεῖ</span> 
     </span>
    </p>
   </div>
   <div class='ocr_carea' id='block_1_111' title="bbox 2067 4074 3650 4145">
    <p class='ocr_par' dir='ltr' id='par_1_111' title="bbox 2067 4074 3650 4145">
     <span class='ocr_line' id='line_1_111' title="bbox 2067 4074 3650 4145; baseline -0.001 -17"><span class='ocrx_word' id='word_1_884' title='bbox 2067 4074 2137 4129; x_wconf 80' lang='grc' dir='ltr'>ἓν</span> <span class='ocrx_word' id='word_1_885' title='bbox 2173 4075 2270 4128; x_wconf 79' lang='grc' dir='ltr'>καὶ</span> <span class='ocrx_word' id='word_1_886' title='bbox 2323 4075 2386 4127; x_wconf 88' lang='grc' dir='ltr'>τὸ</span> <span class='ocrx_word' id='word_1_887' title='bbox 2429 4075 2575 4128; x_wconf 78' lang='grc' dir='ltr'>αὐτὸ</span> <span class='ocrx_word' id='word_1_888' title='bbox 2639 4075 2899 4145; x_wconf 81' lang='grc' dir='ltr'>Πνεῦμα,</span> <span class='ocrx_word' id='word_1_889' title='bbox 2949 4075 3221 4144; x_wconf 80' lang='grc' dir='ltr'>διαιροῦν</span> <span class='ocrx_word' id='word_1_890' title='bbox 3255 4076 3375 4144; x_wconf 77' lang='grc' dir='ltr'>ίδίςι</span> <span class='ocrx_word' id='word_1_891' title='bbox 3415 4075 3650 4140; x_wconf 76' lang='grc' dir='ltr'>ἑκάστῳ</span> 
     </span>
    </p>
   </div>
   <div class='ocr_carea' id='block_1_112' title="bbox 2067 4155 3645 4230">
    <p class='ocr_par' dir='ltr' id='par_1_112' title="bbox 2067 4155 3645 4230">
     <span class='ocr_line' id='line_1_112' title="bbox 2067 4155 3645 4230; baseline -0.003 -16"><span class='ocrx_word' id='word_1_892' title='bbox 2067 4160 2578 4224; x_wconf 69' lang='grc' dir='ltr'>καθὼςβούλεται.</span> <span class='ocrx_word' id='word_1_893' title='bbox 2597 4160 2686 4230; x_wconf 80' lang='grc' dir='ltr'>Μὴ</span> <span class='ocrx_word' id='word_1_894' title='bbox 2718 4159 2892 4213; x_wconf 82' lang='grc' dir='ltr'>τοίνυν</span> <span class='ocrx_word' id='word_1_895' title='bbox 2908 4159 3184 4230; x_wconf 85' lang='grc' dir='ltr'>ἀλύωμεν,</span> <span class='ocrx_word' id='word_1_896' title='bbox 3203 4161 3359 4230; x_wconf 68' lang='grc' dir='ltr'>φησὶ,</span> <span class='ocrx_word' id='word_1_897' title='bbox 3392 4159 3529 4230; x_wconf 81' lang='grc' dir='ltr'>μηδέ</span> <span class='ocrx_word' id='word_1_898' title='bbox 3551 4155 3645 4211; x_wconf 84' lang='grc' dir='ltr'>ἀλ-</span> 
     </span>
    </p>
   </div>
   <div class='ocr_carea' id='block_1_113' title="bbox 2067 4241 3642 4312">
    <p class='ocr_par' dir='ltr' id='par_1_113' title="bbox 2067 4241 3642 4312">
     <span class='ocr_line' id='line_1_113' title="bbox 2067 4241 3642 4312; baseline -0.001 -17"><span class='ocrx_word' id='word_1_899' title='bbox 2067 4242 2255 4312; x_wconf 91' lang='grc' dir='ltr'>γῶμεν</span> <span class='ocrx_word' id='word_1_900' title='bbox 2281 4241 2554 4309; x_wconf 80' lang='grc' dir='ltr'>λέγοντες,</span> <span class='ocrx_word' id='word_1_901' title='bbox 2584 4242 2683 4295; x_wconf 88' lang='grc' dir='ltr'>Διά</span> <span class='ocrx_word' id='word_1_902' title='bbox 2713 4243 2764 4295; x_wconf 89' lang='grc' dir='ltr'>τί</span> <span class='ocrx_word' id='word_1_903' title='bbox 2803 4243 2863 4295; x_wconf 83' lang='lat'>:6</span> <span class='ocrx_word' id='word_1_904' title='bbox 2888 4243 3076 4296; x_wconf 73' lang='grc' dir='ltr'>ἔλαϐον</span> <span class='ocrx_word' id='word_1_905' title='bbox 3098 4244 3192 4297; x_wconf 67' lang='grc' dir='ltr'>καὶ</span> <span class='ocrx_word' id='word_1_906' title='bbox 3216 4244 3274 4296; x_wconf 88' lang='grc' dir='ltr'>τὸ</span> <span class='ocrx_word' id='word_1_907' title='bbox 3296 4244 3396 4296; x_wconf 86' lang='grc' dir='ltr'>οὐκ</span> <span class='ocrx_word' id='word_1_908' title='bbox 3427 4241 3642 4303; x_wconf 71' lang='grc' dir='ltr'>ἐλαϐονς</span> 
     </span>
    </p>
   </div>
   <div class='ocr_carea' id='block_1_114' title="bbox 2070 4325 3646 4399">
    <p class='ocr_par' dir='ltr' id='par_1_114' title="bbox 2070 4325 3646 4399">
     <span class='ocr_line' id='line_1_114' title="bbox 2070 4325 3646 4399; baseline -0.003 -18"><span class='ocrx_word' id='word_1_909' title='bbox 2070 4328 2206 4399; x_wconf 88' lang='grc' dir='ltr'>μηδέ</span> <span class='ocrx_word' id='word_1_910' title='bbox 2241 4325 2472 4390; x_wconf 83' lang='grc' dir='ltr'>εὐθύνας</span> <span class='ocrx_word' id='word_1_911' title='bbox 2503 4326 2826 4396; x_wconf 88' lang='grc' dir='ltr'>ἀπαιτῶμεν</span> <span class='ocrx_word' id='word_1_912' title='bbox 2873 4327 2934 4381; x_wconf 89' lang='lat'>16</span> <span class='ocrx_word' id='word_1_913' title='bbox 2979 4327 3206 4396; x_wconf 87' lang='grc' dir='ltr'>Πνεῦμα</span> <span class='ocrx_word' id='word_1_914' title='bbox 3251 4327 3313 4380; x_wconf 83' lang='lat'>16</span> <span class='ocrx_word' id='word_1_915' title='bbox 3356 4327 3534 4394; x_wconf 85' lang='grc' dir='ltr'>ἆγιον.</span> <span class='ocrx_word' id='word_1_916' title='bbox 3588 4325 3646 4378; x_wconf 85' lang='grc' dir='ltr'>Εἰ</span> 
     </span>
    </p>
   </div>
   <div class='ocr_carea' id='block_1_115' title="bbox 2066 4407 3645 4485">
    <p class='ocr_par' dir='ltr' id='par_1_115' title="bbox 2066 4407 3645 4485">
     <span class='ocr_line' id='line_1_115' title="bbox 2066 4407 3645 4485; baseline -0.003 -19"><span class='ocrx_word' id='word_1_917' title='bbox 2066 4412 2174 4484; x_wconf 84' lang='grc' dir='ltr'>γὰρ</span> <span class='ocrx_word' id='word_1_918' title='bbox 2206 4407 2352 4476; x_wconf 76' lang='grc' dir='ltr'>οἶδας</span> <span class='ocrx_word' id='word_1_919' title='bbox 2393 4413 2474 4465; x_wconf 84' lang='grc' dir='ltr'>ὅτι</span> <span class='ocrx_word' id='word_1_920' title='bbox 2513 4411 2620 4465; x_wconf 85' lang='grc' dir='ltr'>ἀπὸ</span> <span class='ocrx_word' id='word_1_921' title='bbox 2658 4411 2987 4482; x_wconf 85' lang='grc' dir='ltr'>κηδεμονίας</span> <span class='ocrx_word' id='word_1_922' title='bbox 3027 4413 3341 4485; x_wconf 83' lang='grc' dir='ltr'>ἐχαρίσατο,</span> <span class='ocrx_word' id='word_1_923' title='bbox 3386 4411 3645 4480; x_wconf 85' lang='grc' dir='ltr'>ἐννοήσας</span> 
     </span>
    </p>
   </div>
   <div class='ocr_carea' id='block_1_116' title="bbox 2065 4493 3640 4565">
    <p class='ocr_par' dir='ltr' id='par_1_116' title="bbox 2065 4493 3640 4565">
     <span class='ocr_line' id='line_1_116' title="bbox 2065 4493 3640 4565; baseline -0.004 -15"><span class='ocrx_word' id='word_1_924' title='bbox 2065 4497 2148 4550; x_wconf 82' lang='grc' dir='ltr'>ὅτι</span> <span class='ocrx_word' id='word_1_925' title='bbox 2169 4494 2278 4548; x_wconf 72' lang='grc' dir='ltr'>ἀπὸ</span> <span class='ocrx_word' id='word_1_926' title='bbox 2311 4494 2410 4564; x_wconf 76' lang='grc' dir='ltr'>τῆς</span> <span class='ocrx_word' id='word_1_927' title='bbox 2438 4495 2608 4565; x_wconf 76' lang='grc' dir='ltr'>αὐτῆς</span> <span class='ocrx_word' id='word_1_928' title='bbox 2649 4495 2976 4565; x_wconf 85' lang='grc' dir='ltr'>κηδεμονίας</span> <span class='ocrx_word' id='word_1_929' title='bbox 3006 4495 3100 4548; x_wconf 69' lang='grc' dir='ltr'>καὶ</span> <span class='ocrx_word' id='word_1_930' title='bbox 3130 4495 3190 4548; x_wconf 84' lang='grc' dir='ltr'>τὸ</span> <span class='ocrx_word' id='word_1_931' title='bbox 3218 4495 3415 4565; x_wconf 83' lang='grc' dir='ltr'>μέτρον</span> <span class='ocrx_word' id='word_1_932' title='bbox 3450 4493 3640 4555; x_wconf 70' lang='grc' dir='ltr'>ἔδωκε,</span> 
     </span>
    </p>
   </div>
   <div class='ocr_carea' id='block_1_117' title="bbox 2069 4573 3644 4653">
    <p class='ocr_par' dir='ltr' id='par_1_117' title="bbox 2069 4573 3644 4653">
     <span class='ocr_line' id='line_1_117' title="bbox 2069 4573 3644 4653; baseline -0.003 -20"><span class='ocrx_word' id='word_1_933' title='bbox 2069 4579 2383 4653; x_wconf 66' lang='grc' dir='ltr'>στέργεκαὶ</span> <span class='ocrx_word' id='word_1_934' title='bbox 2410 4581 2565 4648; x_wconf 82' lang='grc' dir='ltr'>χαῖρε</span> <span class='ocrx_word' id='word_1_935' title='bbox 2591 4580 2730 4649; x_wconf 79' lang='grc' dir='ltr'>ὑπὲρ</span> <span class='ocrx_word' id='word_1_936' title='bbox 2752 4573 2828 4633; x_wconf 82' lang='grc' dir='ltr'>ὧν</span> <span class='ocrx_word' id='word_1_937' title='bbox 2854 4579 3074 4643; x_wconf 74' lang='grc' dir='ltr'>ἔλαθες⁸</span> <span class='ocrx_word' id='word_1_938' title='bbox 3099 4580 3196 4634; x_wconf 81' lang='grc' dir='ltr'>καὶ</span> <span class='ocrx_word' id='word_1_939' title='bbox 3222 4579 3300 4650; x_wconf 84' lang='grc' dir='ltr'>μὴ</span> <span class='ocrx_word' id='word_1_940' title='bbox 3322 4578 3644 4649; x_wconf 76' lang='grc' dir='ltr'>δυσχέραινι</span> 
     </span>
    </p>
   </div>
   <div class='ocr_carea' id='block_1_118' title="bbox 2067 4655 3643 4734">
    <p class='ocr_par' dir='ltr' id='par_1_118' title="bbox 2067 4655 3643 4734">
     <span class='ocr_line' id='line_1_118' title="bbox 2067 4655 3643 4734; baseline -0.002 -19"><span class='ocrx_word' id='word_1_941' title='bbox 2067 4662 2209 4733; x_wconf 81' lang='grc' dir='ltr'>ὑπὲρ</span> <span class='ocrx_word' id='word_1_942' title='bbox 2229 4655 2302 4714; x_wconf 80' lang='grc' dir='ltr'>ὧν</span> <span class='ocrx_word' id='word_1_943' title='bbox 2328 4661 2429 4714; x_wconf 84' lang='grc' dir='ltr'>οὐκ</span> <span class='ocrx_word' id='word_1_944' title='bbox 2462 4663 2714 4733; x_wconf 69' lang='grc' dir='ltr'>εἴληφας,</span> <span class='ocrx_word' id='word_1_945' title='bbox 2747 4663 2881 4717; x_wconf 84' lang='grc' dir='ltr'>ἀλλά</span> <span class='ocrx_word' id='word_1_946' title='bbox 2918 4665 3013 4718; x_wconf 78' lang='grc' dir='ltr'>καὶ</span> <span class='ocrx_word' id='word_1_947' title='bbox 3057 4663 3308 4732; x_wconf 73' lang='grc' dir='ltr'>ὁμολόγει</span> <span class='ocrx_word' id='word_1_948' title='bbox 3339 4663 3524 4734; x_wconf 81' lang='grc' dir='ltr'>χάριν,</span> <span class='ocrx_word' id='word_1_949' title='bbox 3565 4663 3643 4714; x_wconf 84' lang='grc' dir='ltr'>ὅτι</span> 
     </span>
    </p>
   </div>
   <div class='ocr_carea' id='block_1_119' title="bbox 2069 4744 3358 4817">
    <p class='ocr_par' dir='ltr' id='par_1_119' title="bbox 2069 4744 3358 4817">
     <span class='ocr_line' id='line_1_119' title="bbox 2069 4744 3358 4817; baseline -0.012 -5"><span class='ocrx_word' id='word_1_950' title='bbox 2069 4747 2144 4816; x_wconf 85' lang='grc' dir='ltr'>μὴ</span> <span class='ocrx_word' id='word_1_951' title='bbox 2178 4744 2402 4816; x_wconf 69' lang='grc' dir='ltr'>μείζονα</span> <span class='ocrx_word' id='word_1_952' title='bbox 2427 4745 2621 4809; x_wconf 74' lang='grc' dir='ltr'>ἔλαϐες</span> <span class='ocrx_word' id='word_1_953' title='bbox 2659 4747 2758 4816; x_wconf 82' lang='grc' dir='ltr'>τῆς</span> <span class='ocrx_word' id='word_1_954' title='bbox 2790 4748 3073 4816; x_wconf 86' lang='grc' dir='ltr'>δυνάμεως</span> <span class='ocrx_word' id='word_1_955' title='bbox 3098 4748 3197 4817; x_wconf 79' lang='grc' dir='ltr'>τῆς</span> <span class='ocrx_word' id='word_1_956' title='bbox 3238 4747 3358 4815; x_wconf 83' lang='grc' dir='ltr'>σῆς.</span> 
     </span>
    </p>
   </div>
   <div class='ocr_carea' id='block_1_120' title="bbox 2131 4827 3640 4901">
    <p class='ocr_par' dir='ltr' id='par_1_120' title="bbox 2131 4827 3640 4901">
     <span class='ocr_line' id='line_1_120' title="bbox 2131 4827 3640 4901; baseline -0.001 -20"><span class='ocrx_word' id='word_1_957' title='bbox 2131 4827 2279 4901; x_wconf 31' lang='grc' dir='ltr'>ε’.-Εἰ</span> <span class='ocrx_word' id='word_1_958' title='bbox 2291 4829 2345 4882; x_wconf 88' lang='grc' dir='ltr'>δέ</span> <span class='ocrx_word' id='word_1_959' title='bbox 2358 4832 2415 4882; x_wconf 89' lang='grc' dir='ltr'>ἐν</span> <span class='ocrx_word' id='word_1_960' title='bbox 2441 4833 2552 4892; x_wconf 86' lang='grc' dir='ltr'>τοῖς</span> <span class='ocrx_word' id='word_1_961' title='bbox 2563 4833 2955 4900; x_wconf 82' lang='grc' dir='ltr'>πνευματικοῖς</span> <span class='ocrx_word' id='word_1_962' title='bbox 2965 4830 3025 4882; x_wconf 89' lang='grc' dir='ltr'>οὐ</span> <span class='ocrx_word' id='word_1_963' title='bbox 3038 4848 3069 4899; x_wconf 88' lang='grc' dir='ltr'>χ</span> <span class='ocrx_word' id='word_1_964' title='bbox 3079 4831 3144 4901; x_wconf 78' lang='grc' dir='ltr'>ρὴ</span> <span class='ocrx_word' id='word_1_965' title='bbox 3161 4827 3640 4901; x_wconf 82' lang='grc' dir='ltr'>περιεργάζεσθαι,</span> 
     </span>
    </p>
   </div>
   <div class='ocr_carea' id='block_1_121' title="bbox 2066 4897 3644 4983">
    <p class='ocr_par' dir='ltr' id='par_1_121' title="bbox 2066 4897 3644 4983">
     <span class='ocr_line' id='line_1_121' title="bbox 2066 4897 3644 4983; baseline -0.003 -18"><span class='ocrx_word' id='word_1_966' title='bbox 2066 4897 2246 4982; x_wconf 73' lang='grc' dir='ltr'>πολλῷ</span> <span class='ocrx_word' id='word_1_967' title='bbox 2273 4912 2472 4982; x_wconf 82' lang='grc' dir='ltr'>μᾶλλον</span> <span class='ocrx_word' id='word_1_968' title='bbox 2504 4915 2562 4966; x_wconf 90' lang='grc' dir='ltr'>ἐν</span> <span class='ocrx_word' id='word_1_969' title='bbox 2583 4917 2694 4976; x_wconf 84' lang='grc' dir='ltr'>τοῖς</span> <span class='ocrx_word' id='word_1_970' title='bbox 2707 4897 3024 4982; x_wconf 73' lang='grc' dir='ltr'>σαρκικοῖς,</span> <span class='ocrx_word' id='word_1_971' title='bbox 3039 4897 3168 4967; x_wconf 72' lang='grc' dir='ltr'>ἀλλ’</span> <span class='ocrx_word' id='word_1_972' title='bbox 3201 4897 3524 4983; x_wconf 65' lang='grc' dir='ltr'>ἡσυχάζειν,</span> <span class='ocrx_word' id='word_1_973' title='bbox 3551 4910 3644 4964; x_wconf 78' lang='grc' dir='ltr'>καὶ</span> 
     </span>
    </p>
   </div>
   <div class='ocr_carea' id='block_1_122' title="bbox 2068 4995 3643 5068">
    <p class='ocr_par' dir='ltr' id='par_1_122' title="bbox 2068 4995 3643 5068">
     <span class='ocr_line' id='line_1_122' title="bbox 2068 4995 3643 5068; baseline -0.001 -19"><span class='ocrx_word' id='word_1_974' title='bbox 2068 4995 2143 5067; x_wconf 85' lang='grc' dir='ltr'>μὴ</span> <span class='ocrx_word' id='word_1_975' title='bbox 2169 4996 2703 5068; x_wconf 78' lang='grc' dir='ltr'>πολυπραγμονεῖνο,</span> <span class='ocrx_word' id='word_1_976' title='bbox 2737 4997 2824 5049; x_wconf 84' lang='grc' dir='ltr'>διὰ</span> <span class='ocrx_word' id='word_1_977' title='bbox 2853 4997 2904 5049; x_wconf 89' lang='grc' dir='ltr'>τί</span> <span class='ocrx_word' id='word_1_978' title='bbox 2927 4999 2955 5051; x_wconf 87' lang='lat'>6</span> <span class='ocrx_word' id='word_1_979' title='bbox 2977 4997 3126 5051; x_wconf 83' lang='grc' dir='ltr'>δεῖνα</span> <span class='ocrx_word' id='word_1_980' title='bbox 3154 4997 3430 5060; x_wconf 81' lang='grc' dir='ltr'>πλούσιος,</span> <span class='ocrx_word' id='word_1_981' title='bbox 3455 4998 3482 5049; x_wconf 82' lang='lat'>6</span> <span class='ocrx_word' id='word_1_982' title='bbox 3501 4995 3643 5048; x_wconf 79' lang='grc' dir='ltr'>δεῖνα</span> 
     </span>
    </p>
   </div>
   <div class='ocr_carea' id='block_1_123' title="bbox 2063 5077 3642 5152">
    <p class='ocr_par' dir='ltr' id='par_1_123' title="bbox 2063 5077 3642 5152">
     <span class='ocr_line' id='line_1_123' title="bbox 2063 5077 3642 5152; baseline -0.003 -18"><span class='ocrx_word' id='word_1_983' title='bbox 2063 5081 2119 5134; x_wconf 85' lang='grc' dir='ltr'>δὲ</span> <span class='ocrx_word' id='word_1_984' title='bbox 2150 5081 2339 5152; x_wconf 87' lang='grc' dir='ltr'>πένης.</span> <span class='ocrx_word' id='word_1_985' title='bbox 2387 5081 2640 5136; x_wconf 86' lang='grc' dir='ltr'>Μάλιστα</span> <span class='ocrx_word' id='word_1_986' title='bbox 2682 5082 2780 5150; x_wconf 71' lang='grc' dir='ltr'>μὲν</span> <span class='ocrx_word' id='word_1_987' title='bbox 2809 5081 2918 5151; x_wconf 68' lang='grc' dir='ltr'>γὰρ</span> <span class='ocrx_word' id='word_1_988' title='bbox 2953 5083 3053 5152; x_wconf 85' lang='grc' dir='ltr'>οὐχ</span> <span class='ocrx_word' id='word_1_989' title='bbox 3101 5081 3336 5144; x_wconf 77' lang='grc' dir='ltr'>ἕκαστος</span> <span class='ocrx_word' id='word_1_990' title='bbox 3368 5080 3478 5134; x_wconf 83' lang='grc' dir='ltr'>ἀπὸ</span> <span class='ocrx_word' id='word_1_991' title='bbox 3505 5077 3642 5132; x_wconf 82' lang='grc' dir='ltr'>Θεοῦ</span> 
     </span>
    </p>
   </div>
   <div class='ocr_carea' id='block_1_124' title="bbox 2064 5162 3644 5236">
    <p class='ocr_par' dir='ltr' id='par_1_124' title="bbox 2064 5162 3644 5236">
     <span class='ocr_line' id='line_1_124' title="bbox 2064 5162 3644 5236; baseline -0.002 -18"><span class='ocrx_word' id='word_1_992' title='bbox 2064 5165 2304 5231; x_wconf 83' lang='grc' dir='ltr'>πλουτεῖ,</span> <span class='ocrx_word' id='word_1_993' title='bbox 2331 5165 2466 5219; x_wconf 83' lang='grc' dir='ltr'>ἀλλά</span> <span class='ocrx_word' id='word_1_994' title='bbox 2501 5164 2686 5218; x_wconf 78' lang='grc' dir='ltr'>πολλοὶ</span> <span class='ocrx_word' id='word_1_995' title='bbox 2708 5165 2804 5217; x_wconf 79' lang='grc' dir='ltr'>καὶ</span> <span class='ocrx_word' id='word_1_996' title='bbox 2823 5164 2885 5229; x_wconf 78' lang='grc' dir='ltr'>ἐξ</span> <span class='ocrx_word' id='word_1_997' title='bbox 2902 5165 3115 5230; x_wconf 76' lang='grc' dir='ltr'>ἀδικίας</span> <span class='ocrx_word' id='word_1_998' title='bbox 3137 5166 3233 5219; x_wconf 87' lang='grc' dir='ltr'>καί</span> <span class='ocrx_word' id='word_1_999' title='bbox 3259 5166 3521 5236; x_wconf 68' lang='grc' dir='ltr'>ἁρπαγῆς</span> <span class='ocrx_word' id='word_1_1000' title='bbox 3553 5162 3644 5216; x_wconf 70' lang='grc' dir='ltr'>καὶ</span> 
     </span>
    </p>
   </div>
   <div class='ocr_carea' id='block_1_125' title="bbox 2064 5245 3644 5319">
    <p class='ocr_par' dir='ltr' id='par_1_125' title="bbox 2064 5245 3644 5319">
     <span class='ocr_line' id='line_1_125' title="bbox 2064 5245 3644 5319; baseline -0.003 -17"><span class='ocrx_word' id='word_1_1001' title='bbox 2064 5248 2396 5313; x_wconf 79' lang='grc' dir='ltr'>πλεονεξίας.</span> <span class='ocrx_word' id='word_1_1002' title='bbox 2455 5249 2514 5300; x_wconf 84' lang='grc' dir='ltr'>Ὀ</span> <span class='ocrx_word' id='word_1_1003' title='bbox 2555 5248 2665 5317; x_wconf 81' lang='grc' dir='ltr'>γὰρ</span> <span class='ocrx_word' id='word_1_1004' title='bbox 2693 5245 2958 5311; x_wconf 85' lang='grc' dir='ltr'>κελεύσας</span> <span class='ocrx_word' id='word_1_1005' title='bbox 2988 5248 3062 5319; x_wconf 82' lang='grc' dir='ltr'>μὴ</span> <span class='ocrx_word' id='word_1_1006' title='bbox 3099 5248 3370 5311; x_wconf 80' lang='grc' dir='ltr'>πλουτεῖν,</span> <span class='ocrx_word' id='word_1_1007' title='bbox 3419 5246 3536 5308; x_wconf 84' lang='grc' dir='ltr'>πῶς</span> <span class='ocrx_word' id='word_1_1008' title='bbox 3578 5245 3644 5298; x_wconf 71' lang='grc' dir='ltr'>ἂν</span> 
     </span>
    </p>
   </div>
   <div class='ocr_carea' id='block_1_126' title="bbox 2063 5330 3646 5404">
    <p class='ocr_par' dir='ltr' id='par_1_126' title="bbox 2063 5330 3646 5404">
     <span class='ocr_line' id='line_1_126' title="bbox 2063 5330 3646 5404; baseline -0.002 -19"><span class='ocrx_word' id='word_1_1009' title='bbox 2063 5333 2262 5388; x_wconf 70' lang='grc' dir='ltr'>ἔδωκεν</span> <span class='ocrx_word' id='word_1_1010' title='bbox 2290 5335 2426 5404; x_wconf 78' lang='grc' dir='ltr'>ὅπερ</span> <span class='ocrx_word' id='word_1_1011' title='bbox 2455 5331 2698 5386; x_wconf 83' lang='grc' dir='ltr'>ἐκώλυσε</span> <span class='ocrx_word' id='word_1_1012' title='bbox 2730 5331 2804 5402; x_wconf 77' lang='grc' dir='ltr'>μὴ</span> <span class='ocrx_word' id='word_1_1013' title='bbox 2828 5331 3047 5397; x_wconf 74' lang='grc' dir='ltr'>λαϐεῖνς</span> <span class='ocrx_word' id='word_1_1014' title='bbox 3085 5330 3202 5385; x_wconf 77' lang='grc' dir='ltr'>Ἶνα</span> <span class='ocrx_word' id='word_1_1015' title='bbox 3223 5331 3280 5382; x_wconf 84' lang='grc' dir='ltr'>δέ</span> <span class='ocrx_word' id='word_1_1016' title='bbox 3299 5332 3368 5384; x_wconf 80' lang='grc' dir='ltr'>ἐκ</span> <span class='ocrx_word' id='word_1_1017' title='bbox 3398 5330 3646 5392; x_wconf 77' lang='grc' dir='ltr'>πλείονος</span> 
     </span>
    </p>
   </div>
   <div class='ocr_carea' id='block_1_127' title="bbox 2063 5413 3645 5487">
    <p class='ocr_par' dir='ltr' id='par_1_127' title="bbox 2063 5413 3645 5487">
     <span class='ocr_line' id='line_1_127' title="bbox 2063 5413 3645 5487; baseline -0.001 -19"><span class='ocrx_word' id='word_1_1018' title='bbox 2063 5417 2400 5487; x_wconf 84' lang='grc' dir='ltr'>ἐπιστομίσω</span> <span class='ocrx_word' id='word_1_1019' title='bbox 2431 5415 2532 5485; x_wconf 83' lang='grc' dir='ltr'>τῆς</span> <span class='ocrx_word' id='word_1_1020' title='bbox 2563 5416 2876 5486; x_wconf 77' lang='grc' dir='ltr'>περιουσίας</span> <span class='ocrx_word' id='word_1_1021' title='bbox 2917 5416 3043 5477; x_wconf 84' lang='grc' dir='ltr'>τοὺς</span> <span class='ocrx_word' id='word_1_1022' title='bbox 3078 5414 3220 5485; x_wconf 76' lang='grc' dir='ltr'>’ὑπὲρ</span> <span class='ocrx_word' id='word_1_1023' title='bbox 3252 5413 3464 5470; x_wconf 86' lang='grc' dir='ltr'>τούτων</span> <span class='ocrx_word' id='word_1_1024' title='bbox 3499 5415 3645 5466; x_wconf 85' lang='grc' dir='ltr'>ἀντι-</span> 
     </span>
    </p>
   </div>
   <div class='ocr_carea' id='block_1_128' title="bbox 2128 5666 3644 5743">
    <p class='ocr_par' dir='ltr' id='par_1_128' title="bbox 2128 5666 3644 5743">
     <span class='ocr_line' id='line_1_128' title="bbox 2128 5666 3644 5743; baseline -0.001 -28"><span class='ocrx_word' id='word_1_1025' title='bbox 2128 5670 2154 5708; x_wconf 74' lang='grc' dir='ltr'>ιι</span> <span class='ocrx_word' id='word_1_1026' title='bbox 2184 5666 2464 5730; x_wconf 71' lang='lat' dir='ltr'>Legebalur,</span> <span class='ocrx_word' id='word_1_1027' title='bbox 2490 5669 2712 5720; x_wconf 77' lang='grc' dir='ltr'>οὐδέπου.</span> <span class='ocrx_word' id='word_1_1028' title='bbox 2783 5681 2805 5710; x_wconf 76' lang='grc' dir='ltr'><strong>ο</strong></span> <span class='ocrx_word' id='word_1_1029' title='bbox 2833 5669 2980 5734; x_wconf 64' lang='lat'><strong>£03..</strong></span> <span class='ocrx_word' id='word_1_1030' title='bbox 3010 5669 3090 5743; x_wconf 71' lang='grc' dir='ltr'>καὶ</span> <span class='ocrx_word' id='word_1_1031' title='bbox 3115 5669 3179 5729; x_wconf 78' lang='grc' dir='ltr'>μή</span> <span class='ocrx_word' id='word_1_1032' title='bbox 3206 5666 3644 5731; x_wconf 65' lang='grc' dir='ltr'>πολυπραγμονεῖν,</span> 
     </span>
    </p>
   </div>
   <div class='ocr_carea' id='block_1_129' title="bbox 2070 5750 2602 5812">
    <p class='ocr_par' dir='ltr' id='par_1_129' title="bbox 2070 5750 2602 5812">
     <span class='ocr_line' id='line_1_129' title="bbox 2070 5750 2602 5812; baseline 0.006 -14"><span class='ocrx_word' id='word_1_1033' title='bbox 2070 5750 2220 5812; x_wconf 76' lang='lat' dir='ltr'>Edili,</span> <span class='ocrx_word' id='word_1_1034' title='bbox 2241 5752 2321 5798; x_wconf 80' lang='grc' dir='ltr'>καὶ</span> <span class='ocrx_word' id='word_1_1035' title='bbox 2346 5752 2411 5812; x_wconf 83' lang='grc' dir='ltr'>μὴ</span> <span class='ocrx_word' id='word_1_1036' title='bbox 2429 5751 2602 5801; x_wconf 80' lang='grc' dir='ltr'>ἀλύειν.</span> 
     </span>
    </p>
   </div>
  </div>
