3990 6168
320 297 427 354 9&5

320 413 388 469 Et
413 413 663 484 superius
683 411 898 484 quidem
922 410 1206 482 Spiritum,
1226 410 1418 466 Filium
1445 420 1500 463 et
1527 409 1737 462 Patrem
1763 412 1903 461 (ιιιιιι

319 505 536 576 elargiri
564 504 801 562 ostendit
828 522 842 559 :
872 503 958 560 hic
990 519 1118 558 vero
1145 502 1402 572 Spiritum
1431 500 1629 555 dixisse
1653 497 1784 552 satis
1810 496 1904 550 ha-

319 596 438 652 buit
457 639 474 664 ,
506 606 566 652 ut
596 596 720 653 hinc
746 596 904 655 etiam
931 596 1105 651 discas
1132 593 1380 650 eamdem
1407 606 1536 650 esse.
1566 589 1900 660 dignitatem.

319 690 459 756 Quid
484 699 567 746 est
588 700 767 746 autem
793 689 975 746 Sermo
998 688 1300 761 sapientiai?
1325 687 1496 756 Quem
1520 684 1746 740 habebat
1769 683 1905 739 Pau-

317 781 424 842 lus.
447 799 604 852 quem
632 783 858 838 habebat
877 781 1106 837 Joannes
1129 782 1270 836 filius
1291 780 1527 834 tonitrui.
1559 776 1696 844 Quid
1718 775 1898 831 Sermo

316 875 575 929 scientiis?
598 875 768 944 Quem
814 874 1048 930 fidelium
1089 874 1242 929 multi
1284 871 1592 934 habebant,
1620 868 1897 924 scientiam

316 968 531 1037 quidem
560 968 843 1036 habentes,
873 969 1071 1025 docere
1097 976 1274 1023 autem
1305 981 1411 1022 non
1439 965 1700 1024 valentes,
1731 974 1904 1030 neque

316 1059 471 1115 facile
489 1075 554 1114 ea
577 1076 699 1131 quae
724 1060 968 1116 sciebant
991 1060 1112 1116 aliis
1133 1061 1432 1115 enuntiare.
1456 1055 1558 1112 Alii
1583 1069 1693 1108 vero
1714 1052 1867 1121 [idem
1881 1067 1902 1116 ;

313 1148 470 1206 iidem
505 1165 614 1207 non
659 1151 801 1207 hanc
836 1151 1058 1218 dicens,
1087 1165 1206 1218 quae
1236 1149 1484 1220 dogmata
1521 1153 1766 1216 Spectat,
1804 1141 1900 1198 sed

313 1241 470 1298 iidem
497 1243 778 1314 signorum
798 1284 814 1309 ,
840 1243 908 1299 de
933 1258 1038 1313 qua
1063 1241 1308 1297 Christus
1335 1241 1463 1296 dicit
1492 1260 1505 1296 :
1537 1238 1598 1293 Si
1625 1235 1901 1290 habueritis

309 1335 464 1405 fidem
505 1347 562 1390 ut
601 1353 818 1407 granum
855 1337 1047 1405 sinapis
1071 1377 1086 1400 ,
1125 1334 1298 1388 dicetis
1335 1332 1451 1385 huic
1488 1333 1680 1394 monti,
1715 1326 1901 1382 Transi

309 1427 427 1482 hinc
452 1470 469 1494 ,
499 1437 548 1483 et
575 1429 806 1482 transibit
845 1428 864 1500 (
891 1427 1074 1483 Matth.
1106 1427 1194 1482 17.
1225 1424 1292 1483 19
1320 1424 1359 1495 ).
1391 1424 1457 1478 Et
1486 1422 1621 1476 hanc
1649 1419 1902 1490 petebant

309 1520 543 1591 apostoli
588 1517 870 1575 dicentes:
900 1519 1045 1573 Adde
1091 1516 1233 1572 nobis
1279 1515 1430 1585 ﬁdem
1459 1512 1627 1583 (Luc.
1666 1511 1752 1565 17.
1795 1509 1830 1564 5
1855 1510 1896 1576 ).

311 1611 441 1667 Haec
487 1611 632 1666 enim
677 1621 848 1666 mater
890 1611 1162 1679 signorum
1201 1617 1304 1664 est.
1346 1606 1694 1674 Operationes
1722 1611 1897 1655 autem

311 1705 573 1758 virtutum
605 1701 805 1756 habere
829 1743 844 1765 ,
874 1710 928 1754 et
958 1701 1183 1770 gratiam
1212 1698 1546 1753 curationum
1577 1737 1592 1759 ,
1625 1708 1730 1748 non
1761 1691 1899 1746 idem

316 1793 494 1864 ipsum
540 1805 646 1848 est.
693 1793 824 1848 Nam
862 1793 951 1861 qui
993 1792 1219 1862 gratiam
1259 1793 1589 1844 curationum
1635 1783 1896 1845 habebat,

317 1885 634 1940 medebatur
679 1891 924 1946 tantum;
970 1881 1060 1950 qui
1103 1894 1232 1934 vero
1271 1877 1608 1948 operationes
1649 1875 1897 1928 virtutum

313 1974 662 2047 possidebat,
691 1975 853 2050 etiam
882 1972 1193 2043 castigabat.
1235 1971 1478 2026 Potestas
1512 1971 1653 2024 enim
1683 1976 1765 2022 est
1790 1982 1895 2022 non

307 2066 536 2122 sanandi
566 2064 759 2129 modo,
793 2064 885 2118 sed
914 2063 1072 2119 etiam
1100 2062 1386 2134 puniendi;
1417 2071 1474 2116 ut
1497 2061 1691 2116 Paulus
1719 2073 1896 2114 exote-

304 2161 490 2226 cavit,
524 2159 820 2228 Petrusque
846 2157 1128 2212 interfecit.
1176 2157 1276 2209 Alii
1313 2171 1427 2210 uero
1463 2155 1739 2224 prophetia:
1762 2195 1777 2217 ,
1806 2152 1896 2206 alii

301 2254 636 2308 discretiones
661 2251 952 2321 spirituum.
986 2249 1119 2318 Quid
1149 2250 1250 2303 sibi
1281 2249 1392 2304 vult
1418 2247 1543 2303 illud
1568 2287 1586 2313 ,
1618 2247 1896 2300 Discretio-

301 2359 394 2398 nes
431 2341 749 2411 spirituum?
793 2340 943 2396 Scire
971 2340 1090 2410 quis
1137 2339 1208 2394 sit
1255 2339 1580 2409 Spiritualis,
1624 2337 1744 2408 quis
1786 2349 1891 2391 non

297 2435 631 2506 spiritualis;
678 2436 794 2504 quis
837 2433 1095 2505 propheta
1124 2474 1140 2500 ,
1181 2433 1302 2503 quis
1339 2431 1634 2500 deceptor:
1663 2431 1713 2485 id
1753 2429 1894 2500 quod

299 2525 879 2585 Thessalonicensibus
919 2525 1174 2580 dicebat:
1206 2522 1510 2591 Prophetias
1544 2522 1697 2578 nolite
1733 2523 1894 2593 negli—

299 2636 423 2693 gere
448 2635 466 2674 :
492 2621 665 2674 omnia
690 2627 860 2673 autem
886 2617 1155 2684 probantes
1177 2658 1191 2680 ,
1221 2617 1356 2685 quod
1387 2616 1572 2670 bonum
1597 2624 1666 2670 est
1689 2657 1704 2680 ,
1737 2624 1894 2668 tenete

298 2715 398 2784 (1.
431 2713 606 2769 Thess.
634 2713 689 2768 5.
717 2711 810 2766 20.
838 2711 960 2781 21).
990 2709 1124 2766 Nam
1163 2710 1328 2765 multa
1362 2719 1486 2764 tunc
1512 2717 1628 2763 erat
1663 2707 1893 2777 pseudo-

297 2805 692 2877 prophetarum
748 2803 1062 2874 corruptio,
1123 2801 1340 2858 diabolo
1385 2801 1744 2858 contendente
1797 2817 1892 2871 pro

295 2900 532 2956 veritate
570 2897 899 2952 substituere
945 2895 1304 2959 mendacium.
1353 2894 1458 2950 Alii
1499 2905 1669 2950 autem
1709 2911 1893 2964 genera

299 2991 596 3063 linguarum
617 3031 634 3056 ,
665 2990 757 3043 alii
782 2989 1126 3058 interpretatio
1149 3004 1456 3043 sermonum.
1488 2987 1618 3042 Nam
1650 2987 1742 3042 ille
1769 2987 1892 3056 qui.

299 3083 425 3140 dem
465 3083 672 3140 sciebat
695 3080 839 3152 quod
871 3082 986 3150 ipse
1012 3079 1255 3143 diceret,
1285 3080 1436 3134 alteri
1467 3093 1598 3134 vero
1627 3078 1677 3133 id
1724 3080 1891 3132 inter-

299 3177 505 3248 pretari
534 3191 638 3232 non
666 3183 875 3246 poterat
895 3193 907 3229 :
929 3173 1066 3228 alius
1091 3187 1219 3229 vero
1244 3173 1360 3229 haec
1379 3172 1538 3228 ambo
1565 3172 1887 3242 possidebat,

300 3271 387 3328 vel
414 3271 758 3326 alterutrum.

377 3364 437 3418 4.
477 3361 766 3416 Videbatur
801 3368 979 3416 autem
1024 3360 1128 3416 hoc
1177 3359 1376 3416 donum
1421 3373 1541 3415 esse
1586 3374 1880 3429 magnum,

305 3455 567 3525 quoniam
596 3453 768 3523 ipsum
799 3455 1025 3524 primum
1050 3453 1280 3525 apostoli
1305 3463 1644 3522 acceperunt,
1667 3463 1722 3508 et
1749 3453 1888 3520 apud

305 3546 625 3604 Corinthios
650 3547 859 3616 plurimi
888 3548 988 3603 hoc
1015 3563 1240 3602 munere
1269 3547 1518 3600 instructi
1541 3555 1696 3600 erant
1719 3563 1733 3600 :
1757 3546 1890 3601 doc-

302 3640 466 3695 trina:
491 3648 672 3694 autem
701 3638 916 3694 verbum
959 3653 1066 3694 non
1098 3639 1192 3693 ita.
1229 3637 1354 3691 Ideo
1383 3636 1509 3690 illud
1539 3635 1753 3704 quidem
1781 3637 1890 3706 pri-

298 3746 450 3786 mum
471 3731 662 3802 ponit,
694 3729 796 3785 hoc
812 3746 938 3787 vero
955 3739 1306 3801 postremum.
1328 3727 1462 3782 Nam
1480 3727 1653 3781 ethoc
1676 3736 1892 3796 propter

298 3823 430 3879 illud
455 3832 541 3878 est
560 3863 576 3889 ,
613 3836 716 3878 nec
730 3837 835 3876 non
857 3821 959 3876 alia
983 3820 1186 3885 omnia,
1211 3817 1526 3888 prophetiae,
1555 3817 1890 3886 operationes

299 3916 584 3977 virtutum,
615 3928 813 3984 genera
852 3913 1173 3983 linguarum,
1204 3920 1259 3966 et
1289 3909 1654 3980 interpretatio
1685 3910 1888 3979 lingua-

296 4017 417 4060 rum
451 4023 469 4061 :
503 4004 634 4061 nihil
661 4006 804 4059 enim
835 4005 958 4059 huic
983 4018 1082 4074 par
1111 4011 1232 4066 est;
1260 4001 1487 4072 ideoque
1507 4001 1717 4056 diccbat
1746 4017 1761 4055 :
1790 4000 1890 4066 Qui

295 4097 421 4153 bene
467 4108 696 4167 praesunt
742 4097 1015 4167 presbyteri
1048 4138 1062 4162 ,
1091 4096 1284 4166 duplici
1331 4097 1523 4149 honore
1565 4095 1704 4165 digni
1733 4104 1885 4162 sunt,

295 4192 528 4246 maxime
560 4191 646 4262 qui
685 4190 916 4244 laborant
946 4191 998 4242 in
1028 4188 1173 4242 uerbo
1202 4198 1249 4241 et
1286 4188 1517 4242 doctrina
1559 4187 1642 4256 (1.
1667 4187 1801 4242 Tim.
1831 4189 1883 4243 5.

296 4281 409 4353 17).
444 4281 522 4337 Et
546 4280 828 4336 Timotheo
869 4279 1085 4349 scripsit
1128 4278 1312 4333 dicens
1337 4318 1350 4341 ,
1398 4277 1611 4331 Attende
1653 4279 1884 4343 lectioni,

295 4374 646 4428 exhortationi
669 4413 684 4438 ,
711 4373 956 4426 doctrina:
983 4387 1002 4425 :
1031 4371 1136 4424 noli
1167 4370 1416 4440 negligere
1443 4369 1661 4439 gratiam
1698 4385 1810 4439 qua:
1836 4370 1887 4422 in

296 4475 346 4520 te
372 4477 446 4520 est
480 4466 563 4536 (1.
607 4464 742 4520 Tim.
770 4466 824 4519 4.
854 4465 944 4520 13.
973 4462 1082 4534 li).
1118 4460 1307 4516 Viden‘
1342 4459 1608 4531 quomodo
1637 4461 1736 4515 hoc
1765 4475 1888 4530 gra-

293 4558 425 4612 tiam
453 4557 659 4612 vocet?
688 4555 890 4611 Deinde
933 4569 1092 4625 quam
1137 4551 1385 4622 superius
1429 4555 1604 4620 posuit
1646 4552 1890 4605 consola-

294 4651 502 4705 tionem
535 4648 742 4715 dicens,
773 4645 922 4700 Idem
954 4645 1180 4712 Spiritus
1203 4685 1219 4708 ,
1258 4645 1396 4696 hanc
1432 4650 1486 4696 et
1538 4642 1624 4695 hic
1662 4642 1885 4708 adjicit,

296 4741 484 4796 dicens
519 4757 534 4794 :
571 4738 700 4793 Hac
739 4748 908 4791 autem
949 4737 1119 4791 omnia
1156 4742 1395 4802 aperatur
1422 4747 1553 4786 unus
1580 4743 1729 4804 atque
1752 4733 1887 4787 idem

299 4831 553 4903 Spiritus,
584 4829 813 4884 dividens
835 4829 1047 4899 singulis
1073 4835 1219 4897 prout
1247 4823 1374 4880 vult.

368 4924 568 4984 Contra
600 4923 1116 4979 Pneumatomachos.
1140 4919 1340 4974 —Non
1369 4918 1530 4973 modo
1555 4927 1729 4972 autem
1755 4932 1884 4972 con-

297 5020 526 5088 solatur,
579 5018 857 5075 sedetiam
897 5032 960 5072 os
985 5015 1213 5071 obstruit
1254 5010 1638 5067 contradicenti
1682 5010 1768 5065 hic
1809 5012 1891 5065 di-

299 5127 426 5169 cens
453 5129 470 5168 :
503 5111 751 5166 Diuidens
773 5109 986 5180 singulis
1017 5117 1167 5179 prout
1201 5107 1326 5160 uult.
1370 5105 1595 5174 Oportet
1624 5105 1765 5158 enim
1796 5104 1890 5159 ad-

298 5207 589 5279 stringere,
624 5219 725 5259 nec
751 5204 923 5258 solum
953 5201 1152 5256 mederi
1180 5217 1195 5266 ;
1228 5201 1364 5254 sicut
1393 5207 1447 5252 et
1473 5197 1526 5251 in
1555 5197 1790 5266 Epistula
1822 5198 1888 5252 ad

302 5297 584 5354 Romanos
609 5294 757 5359 facit,
783 5311 906 5350 cum
931 5293 1056 5348 dicit
1081 5309 1096 5346 :
1127 5291 1206 5346 Tu
1229 5292 1342 5362 quis
1369 5306 1437 5353 es,
1468 5291 1553 5359 qui
1583 5289 1889 5358 respondeas

303 5389 411 5446 Deo
438 5389 624 5460 (Rom.
652 5388 707 5443 9.
738 5386 828 5456 20)
855 5386 876 5438 ?
909 5386 980 5439 Ita
1008 5385 1166 5439 etiam
1213 5384 1298 5436 hic
1328 5423 1344 5446 ,
1385 5380 1629 5434 Diuidens
1673 5377 1890 5450 singulis

303 5484 606 5556 promouit.
640 5482 708 5538 Et
735 5479 874 5551 quod
911 5479 1084 5535 Patris
1119 5484 1235 5530 erat
1265 5516 1280 5540 ,
1311 5475 1472 5530 etiam
1515 5472 1747 5544 Spiritus
1771 5486 1891 5528 esse

305 5577 563 5632 Ostendit.
597 5573 748 5629 Sicut
791 5572 934 5626 enim
961 5571 1030 5624 de
1069 5568 1161 5621 illo
1186 5567 1258 5620 ait
1286 5582 1300 5619 :
1329 5561 1475 5618 Idem
1497 5572 1664 5619 autem
1692 5561 1831 5617 Deus
1869 5604 1886 5630 ,

304 5671 390 5736 qui
415 5677 660 5742 operatur
703 5664 871 5720 omnia
914 5663 969 5716 in
1010 5658 1242 5714 omnibus
1269 5671 1288 5720 ,'
1315 5656 1393 5710 sic
1429 5663 1484 5710 et
1523 5655 1594 5710 de
1639 5654 1838 5725 Spiritu
1872 5672 1887 5708 :

315 5757 436 5816 Bac
461 5774 618 5833 porro
647 5757 817 5812 omnia
841 5759 1082 5824 operatur
1107 5762 1236 5801 unus
1263 5756 1309 5799 et
1336 5745 1466 5800 idem
1503 5742 1744 5812 Spiritus.
1778 5743 1883 5800 Sed

639 5855 905 5914 ΡΑτιιοι..
953 5851 1067 5911 Gn.
1120 5844 1275 5910 LXI.

1315 289 1380 344 lN
1420 287 1633 344 EPlST.
1684 289 1704 343 Ι
1764 288 1858 342 AD
1893 287 2052 343 COR.
2096 287 2325 346 HOMlL.
2368 289 2560 347 XXIX.

3487 303 3595 357 2‘6

2019 415 2219 474 motus,
2245 405 2451 478 inquies
2477 450 2493 474 ,
2521 424 2551 463 a
2578 409 2708 464 Deo.
2743 411 2936 466 Verum
2966 411 3067 467 hoc
3108 427 3367 485 nusquam
3419 417 3593 486 dixit,

2013 497 2112 554 sed
2143 509 2198 554 ιιι
2225 500 2354 555 illud
2383 499 2613 572 efﬁngis.
2636 503 2861 568 Quando
2885 505 3026 560 enim
3055 505 3201 570 dicit,
3233 508 3332 576 Qui
3359 522 3597 580 operatur

2011 593 2184 646 omnia
2206 594 2260 647 in
2283 595 2537 660 omnibus,
2566 594 2633 650 de
2654 595 2961 652 hominibus
2988 597 3090 652 hoc
3112 595 3241 654 dicit
3262 617 3278 654 :
3305 617 3592 672 numquam

2009 705 2130 745 cum
2160 690 2466 747 hominibus
2503 691 2759 763 Spiritum
2787 705 3105 750 annumerat
3124 737 3138 762 ,
3165 696 3374 751 etiamsi
3401 697 3598 754 millies

2008 791 2252 837 amenter
2293 782 2529 852 loquaris
2555 793 2612 840 et
2655 785 2910 842 insanias.
2939 785 3075 854 Quia
3102 789 3244 844 enim
3271 787 3444 856 dixit,
3492 787 3597 844 Per

2009 872 2307 942 Spiritum;
2335 883 2392 930 ut
2420 892 2488 930 ne
2516 888 2671 946 putes
2698 877 2827 932 illud
2849 918 2866 944 ,
2901 896 2992 949 per
3014 919 3029 943 ,
3063 879 3452 935 imminutionis
3477 894 3598 936 esse

2009 980 2220 1033 vocem,
2249 982 2348 1023 nec
2379 969 2526 1023 illum
2560 971 2770 1026 moveri
2797 971 2864 1026 ad
2885 972 3276 1042 operationem,
3303 973 3598 1044 subjungit,

2013 1056 2232 1128 Operari
2261 1060 2549 1130 Spiritum,
2582 1079 2688 1117 non
2739 1063 2806 1118 ad
2852 1065 3220 1134 operationem
3268 1067 3512 1131 moveri,
3544 1074 3600 1121 et

2009 1151 2219 1220 operari
2288 1161 2346 1207 ut
2386 1152 2540 1220 vult,
2585 1168 2692 1209 non
2733 1167 2792 1210 ut
2838 1154 3073 1224 iubetur.
3131 1157 3590 1225 Quemadmodum

2007 1240 2151 1296 enim
2172 1241 2240 1298 de
2261 1241 2420 1298 Patre
2441 1243 2609 1298 Filius
2625 1245 2776 1311 dicit,
2801 1244 3007 1300 Excitat
3028 1257 3252 1302 mortuos
3271 1259 3318 1304 et
3339 1250 3598 1318 uiuiﬁcat;

2008 1341 2064 1386 et
2082 1332 2329 1388 similiter
2349 1333 2416 1388 de
2438 1335 2636 1405 seipso,
2660 1338 2797 1402 Quos
2821 1339 2926 1392 uult
2945 1339 3163 1405 viuiﬁcat
3183 1337 3364 1410 (Joan.
3389 1339 3552 1411 5.2l)
3579 1357 3592 1393 :

2008 1422 2085 1477 sic
2113 1435 2168 1478 et
2199 1423 2268 1478 de
2295 1423 2495 1494 Spiritu
2521 1466 2536 1489 ,
2581 1427 2705 1482 alibi
2737 1429 2948 1497 quidem
2976 1429 3120 1499 quod
3162 1445 3284 1484 cum
3331 1441 3596 1501 poteState

2007 1518 2183 1570 omnia
2214 1517 2374 1572 iaciat
2395 1560 2411 1585 ,
2437 1529 2492 1574 et
2521 1519 2651 1574 nihil
2679 1522 2751 1576 sit
2776 1523 2916 1590 quod
2943 1523 3196 1592 impediat
3225 1524 3382 1593 (illud
3413 1525 3554 1578 enim
3575 1565 3590 1588 ,

2011 1606 2107 1662 Ubi
2137 1610 2240 1664 vult
2273 1612 2434 1679 spirat
2488 1611 2650 1683 (Ibid.
2679 1615 2732 1668 5.
2765 1614 2842 1682 8),
2872 1615 3078 1670 etiamsi
3107 1615 3174 1670 de
3202 1625 3363 1670 vento
3389 1616 3590 1670 dictum

2008 1703 2196 1768 fuerit,
2231 1703 2296 1758 ad
2342 1706 2442 1760 hoc
2481 1707 2620 1776 quod
2660 1707 2887 1762 dicimus
2913 1710 3051 1762 viam
3096 1711 3310 1780 parat):
3343 1709 3429 1764 hic
3464 1725 3593 1765 vero

2005 1792 2156 1860 dicit,
2182 1792 2366 1849 Omnia
2389 1808 2628 1866 operatur
2646 1809 2794 1868 prout
2822 1801 2945 1854 uult.
2967 1801 3035 1856 Et
3055 1801 3272 1858 aliunde
3288 1803 3434 1858 disce
3450 1803 3592 1872 quod

2015 1901 2119 1938 non
2138 1886 2294 1940 silex
2314 1887 2398 1953 iis,
2421 1889 2508 1957 qui
2539 1905 2636 1958 per
2664 1893 3030 1960 operationem
3057 1904 3358 1960 moventur,
3381 1895 3473 1949 sed
3500 1898 3588 1966 Qui

2004 1986 2315 2044 operantur,
2331 1977 2453 2034 hinc
2468 1979 2644 2035 disce:
2671 1982 2795 2048 Quis
2811 1984 2941 2036 enim
2959 1984 3114 2050 novit,
3135 1985 3326 2056 inquit,
3339 2001 3453 2055 qua:
3473 1996 3592 2040 sunt

2004 2065 2223 2122 hominis
2247 2109 2267 2134 ,
2312 2069 2410 2124 nisi
2437 2070 2648 2140 spiritus
2684 2072 2902 2126 hominis
2923 2075 2948 2128 ?
2972 2073 3063 2129 Sic
3105 2084 3155 2130 et
3194 2092 3310 2144 quin
3338 2075 3432 2130 Dei
3471 2088 3589 2132 sunt

2003 2175 2149 2212 nemo
2176 2161 2311 2214 novit
2333 2201 2347 2225 ,
2391 2163 2490 2216 nisi
2528 2163 2753 2231 Spiritus
2783 2163 2878 2219 Dei
2904 2164 2980 2236 (1.
3013 2166 3132 2220 Cor.
3172 2165 3229 2223 2.
3276 2170 3388 2238 11).
3433 2169 3587 2236 Quod

2001 2259 2180 2306 autem
2206 2253 2427 2323 Spiritus
2449 2254 2700 2321 hominis,
2728 2255 2779 2310 id
2806 2267 2910 2321 est,
2936 2258 3136 2326 anima,
3161 2274 3268 2314 non
3292 2270 3444 2330 egi-at
3461 2277 3588 2331 ope-

2003 2342 2208 2397 ratione
2229 2383 2245 2408 ,
2280 2353 2336 2397 ut
2375 2359 2472 2398 sua
2499 2355 2826 2416 cognoscat,
2869 2349 3068 2403 nemini
3111 2366 3218 2404 non
3248 2361 3432 2408 notum
3457 2363 3540 2414 est
3570 2371 3583 2404 :

2003 2445 2133 2501 ergo
2159 2448 2259 2488 nec
2301 2434 2531 2506 Spiritus
2559 2449 2776 2493 sanctus
2799 2480 2814 2506 ,
2845 2449 2904 2493 ut
2941 2450 3227 2510 cognoscat
3256 2457 3320 2497 ea
3344 2459 3463 2513 qum
3491 2444 3580 2499 Dei

2001 2533 2147 2578 sunt.
2197 2525 2286 2580 Sic
2322 2527 2465 2582 enim
2515 2530 2630 2583 ait:
2665 2530 2872 2586 Arcana
2922 2531 3014 2586 Dei
3065 2535 3314 2603 cognovit
3357 2537 3586 2606 Spiritus

2000 2625 2238 2682 sanctus,
2271 2619 2409 2673 sicut
2438 2621 2614 2674 anima
2663 2623 2894 2678 hominis
2932 2638 3125 2679 arcana
3169 2640 3284 2679 sua.
3317 2625 3371 2680 Si
3405 2637 3582 2682 autem

1999 2708 2067 2761 ad
2111 2711 2210 2764 hoc
2250 2711 2353 2765 alia
2383 2715 2696 2782 operatione
2737 2732 2841 2770 non
2890 2727 3174 2784 movetur,
3207 2721 3371 2775 multo
3415 2724 3584 2793 magis

1999 2801 2087 2866 qui
2118 2803 2218 2855 scit
2247 2803 2506 2871 profunda
2537 2807 2666 2872 Dei,
2695 2816 2748 2862 et
2776 2823 2881 2862 non
2913 2809 3090 2880 aliqua
3115 2812 3433 2880 operatione
3465 2830 3582 2866 Inn-

2001 2902 2153 2944 vetnr
2173 2892 2239 2946 ad
2265 2893 2501 2948 dandum
2529 2896 2850 2952 charismata
2879 2901 3156 2969 apostolis,
3177 2901 3282 2955 alia
3313 2918 3417 2958 non
3448 2918 3581 2972 opus

2000 2981 2245 3038 habuerit
2283 2988 2614 3055 operatione.
2658 2989 2860 3046 Prmtcr
2901 2992 3015 3048 haec
3045 3001 3224 3050 autem
3270 2995 3413 3050 aliud
3441 3012 3584 3056 nunc

1999 3076 2169 3133 dicam
2191 3121 2205 3144 ,
2240 3081 2380 3149 quod
2433 3083 2578 3151 prius
2623 3084 2750 3138 dixi.
2797 3085 2965 3154 Quale
3003 3086 3178 3142 illud?
3208 3088 3264 3143 Si
3312 3090 3488 3144 minor
3513 3091 3583 3145 sit

1998 3169 2226 3242 Spiritus
2253 3183 2308 3228 et
2335 3175 2556 3232 alterius
2581 3177 2915 3241 substantiae,
2943 3180 3077 3234 nihil
3131 3183 3418 3252 profuisset
3441 3197 3573 3238 con-

1997 3264 2207 3330 Solatio,
2235 3281 2407 3336 neque
2431 3268 2701 3324 audivisse
2726 3271 2977 3326 eumdem
3003 3286 3123 3346 esse
3144 3273 3420 3344 Spiritum.
3447 3274 3581 3330 Nam

1996 3357 2085 3426 qui
2116 3372 2144 3411 a
2175 3374 2299 3428 rege
2324 3361 2548 3430 accepit,
2580 3361 2716 3416 hanc
2743 3365 3030 3419 maximam
3061 3366 3302 3422 habuerit
3322 3372 3572 3424 consola-

1999 3449 2237 3516 tionem,
2273 3451 2412 3520 quod
2453 3451 2564 3520 ipse
2617 3453 2666 3507 ei
2709 3453 2954 3517 dederit;
2987 3457 3078 3524 qui
3127 3468 3307 3512 autem
3350 3473 3381 3512 a
3427 3475 3580 3514 εει-ιο

1997 3541 2224 3611 accipit,
2271 3550 2396 3596 tunc
2439 3544 2608 3612 magis
2653 3543 2833 3612 dolet,
2863 3546 3078 3617 quando
3106 3549 3370 3617 quispiam
3407 3549 3509 3605 hoc
3531 3555 3578 3605 ei

1997 3631 2273 3686 obtulerit.
2304 3633 2486 3702 itaque
2513 3634 2636 3688 hinc
2662 3635 2822 3690 etiam
2851 3637 3024 3706 palam
3053 3647 3136 3693 est
3158 3638 3418 3707 Spiritum
3451 3656 3574 3696 san-

1996 3733 2140 3778 ctum
2173 3740 2278 3778 non
2303 3725 2533 3789 servilis,
2562 3725 2654 3780 sed
2685 3728 2845 3798 regia:
2867 3743 2987 3784 esse
3015 3728 3350 3785 substantia).
3381 3730 3583 3787 Idcirco

1997 3814 2135 3868 sicut
2163 3816 2469 3870 consolatus
2495 3825 2578 3871 est
2603 3817 2722 3873 illos
2747 3818 2933 3874 dicens
2951 3861 2966 3884 ,
3002 3818 3286 3875 Divisiones
3317 3822 3577 3879 ministru-

1998 3907 2192 3960 tionum
2219 3916 2358 3974 sunt,
2382 3907 2515 3961 idem
2543 3917 2712 3962 autem
2738 3907 3028 3980 Dominus;
3058 3921 3128 3979 et,
3159 3913 3436 3968 Divisiones
3460 3931 3580 3986 ape-

1994 3999 2248 4052 rationum
2274 4039 2288 4064 ,
2319 3999 2451 4053 idem
2476 4011 2644 4054 autem
2672 3999 2809 4056 Deus
2835 4018 2852 4056 :
2877 4005 2955 4058 sic
2983 4018 3104 4059 cum
3133 4007 3381 4075 superius
3407 4007 3576 4070 dixit,

1993 4086 2282 4144 Divisiones
2299 4091 2582 4160 gratiarum
2605 4101 2743 4159 sunt,
2763 4093 2896 4147 idem
2921 4108 3088 4149 autem
3118 4096 3340 4166 Spiritus
3361 4114 3381 4162 ,'
3403 4108 3456 4152 et
3479 4101 3580 4152 sub

1995 4178 2110 4235 hmc
2158 4181 2320 4236 etiam
2369 4182 2534 4249 dicit,
2590 4182 2716 4237 Hice
2763 4195 2930 4238 autem
2974 4187 3142 4240 omnia
3178 4199 3415 4258 operatur
3449 4205 3579 4243 unus

1995 4283 2141 4341 atque
2176 4273 2309 4326 idem
2350 4273 2576 4343 Spiritus
2601 4315 2614 4338 ,
2646 4275 2875 4329 dividens
2919 4277 3133 4345 singulis
3163 4288 3311 4345 prout
3344 4278 3469 4331 uult.
3502 4279 3578 4334 Ne

1995 4363 2170 4432 itaque
2204 4378 2460 4432 angamur
2483 4405 2498 4430 ,
2532 4363 2719 4432 inquit,
2756 4380 2928 4434 neque
2970 4365 3248 4419 doleamus
3289 4367 3530 4422 dicentes
3554 4411 3571 4433 ,

1993 4451 2102 4507 Cur
2131 4453 2233 4507 hoc
2272 4453 2501 4522 accepi,
2546 4452 2650 4508 hoc
2703 4469 2807 4508 non
2855 4454 3084 4525 accepi?
3115 4469 3288 4526 neque
3334 4458 3572 4513 rationes

1995 4543 2271 4613 exigamus
2299 4559 2329 4598 a
2369 4545 2571 4614 Spiritu
2599 4554 2806 4600 sancto.
2844 4545 2977 4600 Nam
3019 4548 3062 4601 si
3110 4549 3287 4616 nosti,
3321 4549 3372 4604 id
3404 4549 3574 4619 ipsum

1995 4636 2242 4706 largitum
2278 4652 2399 4692 esse
2442 4637 2584 4708 quod
2616 4639 2689 4692 tui
2718 4653 2900 4693 curam
2924 4651 3113 4711 gerat;
3143 4642 3383 4712 cogitans
3429 4645 3575 4699 illum

1994 4729 2236 4783 eamdem
2281 4745 2464 4784 curam
2509 4739 2781 4800 gerentem
2832 4748 3136 4788 mensuram
3175 4734 3424 4800 dedisse,
3457 4753 3575 4791 am—

1994 4822 2226 4891 plectere
2253 4830 2306 4876 et
2343 4821 2614 4891 gaude-ob
2656 4837 2718 4876 ea
2750 4838 2869 4892 quin
2906 4825 3198 4894 accepisti;
3227 4836 3282 4881 et
3328 4842 3396 4881 ne
3435 4843 3577 4898 aegre

1997 4917 2134 4970 teras
2161 4915 2302 4986 quod
2331 4915 2434 4970 alia
2472 4930 2576 4968 non
2614 4918 2918 4986 acceperis;
2945 4917 3053 4970 imo
3080 4919 3280 4988 gratias
3322 4920 3530 4975 reddito
3555 4963 3572 4987 ,

1994 5008 2138 5078 quod
2169 5023 2275 5062 non
2303 5007 2504 5075 majora
2534 5023 2691 5076 quam
2722 5009 2861 5064 ferre
2888 5024 3074 5080 posses
3100 5014 3393 5079 acceperis.

2065 5100 2119 5153 5.
2159 5098 2214 5152 Si
2251 5105 2429 5152 autem
2458 5098 2508 5151 in
2547 5097 2915 5167 spiritualibus
2957 5117 3062 5154 non
3109 5110 3318 5170 oportet
3362 5104 3572 5160 curiose

1997 5189 2264 5259 inquirere
2290 5230 2302 5250 ,
2335 5189 2501 5243 multo
2524 5191 2690 5258 inagis
2719 5190 2768 5242 in
2803 5191 3106 5244 carnalibus
3131 5207 3145 5256 ;
3175 5192 3270 5247 sed
3298 5197 3576 5264 quiescere

1997 5292 2050 5336 et
2075 5296 2180 5335 non
2211 5280 2419 5336 curiose
2450 5281 2675 5336 scrutari
2726 5295 2821 5336 cur
2868 5281 2958 5336 ille
3001 5282 3149 5338 dives
3174 5327 3189 5352 ,
3237 5286 3325 5342 ille
3351 5304 3568 5360 pauper.

1997 5373 2137 5428 Sane
2166 5373 2382 5444 quidem
2410 5388 2514 5426 non
2545 5372 2739 5442 singuli
2771 5388 2801 5426 a
2835 5373 2943 5429 Deo
2971 5375 3184 5432 divitias
3223 5377 3447 5444 habent,
3480 5380 3575 5434 sed

1997 5465 2150 5521 multi
2171 5481 2237 5520 ex
2269 5465 2550 5534 injustitia,
2570 5479 2635 5520 ex
2665 5469 2848 5535 rapina
2871 5476 2925 5522 et
2950 5482 3016 5523 ex
3041 5472 3284 5526 avaritia.
3311 5472 3411 5538 Qui
3431 5472 3574 5525 enim

1992 5555 2154 5628 jussit
2183 5572 2286 5610 non
2313 5554 2491 5620 ditari,
2516 5558 2786 5626 quomodo
2812 5558 3050 5614 dedisset
3069 5576 3156 5628 ea,
3192 5578 3310 5633 qua:
3331 5563 3577 5630 accipere

2000 5648 2287 5720 prohibet?
2315 5647 2385 5703 Ut
2424 5657 2605 5703 autem
2644 5649 2874 5704 validius
2903 5649 3174 5706 confutem
3206 5667 3331 5718 eos,
3359 5654 3446 5721 qui
3474 5649 3575 5703 hao

2007 5741 2060 5795 in
2092 5756 2150 5795 re
2183 5737 2554 5795 contradicunt
2598 5741 2789 5808 nobis;
2827 5755 3254 5812 age,sermonem
3283 5741 3437 5794 altius
3481 5741 3580 5792 du.

3148 5848 3217 5907 iii
