3990 6168
405 304 408 306 ⁷
450 301 552 358 947

452 429 654 480 camus,
682 412 750 469 ab
768 423 841 484 eo
857 417 1098 484 tempore
1119 423 1227 481 quo
1248 409 1389 464 Deus
1413 407 1629 462 divitias
1647 407 1901 476 elargitus
1923 416 2023 471 est,

453 517 507 560 et
532 505 794 575 reSponde
817 483 947 558 inihi
973 483 986 556 ξ
1011 501 1189 570 Quare
1215 499 1365 554 dives
1395 507 1510 554 erat
1540 496 1834 560 Abraham.
1866 497 2033 552 Jacob

454 609 628 654 autem
662 599 822 654 etiam
855 611 991 667 pane
1020 592 1256 664 egebat?
1281 608 1459 646 annon
1504 592 1751 646 similiter
1788 601 1842 644 et
1871 589 1958 645 hic
1980 598 2036 643 et

454 692 545 747 ille
571 691 743 759 justus
764 688 922 742 erat?
949 702 1128 741 annon
1151 685 1400 740 similiter
1423 684 1490 738 de
1518 684 1686 738 tribus
1716 683 1850 737 dixit
1879 701 1894 738 :
1927 683 2038 752 Ego

456 785 595 838 Deus
632 781 890 836 Abraham
929 790 978 834 et
1019 778 1170 834 Isaac
1206 787 1250 832 et
1285 777 1446 831 Iacob
1476 776 1495 849 (
1515 776 1683 830 Exod.
1718 777 1773 831 5.
1802 774 1914 844 6)?
1940 789 2031 827 cur

453 889 582 946 ergo
613 873 700 930 ille
727 873 880 928 dives
905 881 1040 937 erat,
1071 871 1158 926 hic
1184 871 1430 926 mercede
1455 868 1897 924 conducebatur?
1926 867 2034 920 imo

453 970 650 1035 potius,
682 965 790 1021 Cur
814 965 959 1020 Esaii
993 965 1204 1034 iniquus
1225 978 1344 1017 cum
1368 971 1511 1017 esset
1534 970 1586 1016 et
1613 961 1882 1014 fratricida
1909 1001 1922 1023 ,
1953 958 2034 1013 di-

451 1075 546 1115 ves
573 1068 688 1115 erat
710 1101 724 1122 .
768 1058 854 1114 hic
880 1073 1008 1113 vero
1037 1058 1090 1112 in
1131 1057 1386 1112 servitute
1415 1062 1562 1110 tanto
1611 1062 1853 1124 tempore
1893 1050 2036 1106 fuit?

453 1165 550 1207 cur
573 1166 760 1206 rursus
789 1151 934 1204 lsaac
965 1148 1246 1218 tranquille
1277 1155 1423 1201 tanto
1461 1155 1702 1215 tempore
1730 1144 1902 1210 vixit,
1945 1143 2036 1198 Ja-

454 1241 555 1297 cob
583 1250 758 1296 autem
789 1241 840 1295 in
863 1239 1136 1295 laboribus
1165 1248 1219 1293 et
1248 1237 1520 1292 miseriis?
1548 1236 1774 1305 ideoque
1798 1234 2031 1298 dicebat,

455 1333 620 1390 Pauci
661 1343 708 1388 et
736 1333 862 1388 mali
893 1333 999 1387 dies
1037 1333 1133 1386 mei
1167 1331 1320 1405 (Gen.
1353 1331 1443 1385 47.
1476 1328 1556 1400 9).
1585 1328 1694 1383 Cur
1742 1327 1902 1382 David
1943 1328 2032 1396 qui

456 1424 716 1495 propheta
740 1433 795 1479 et
823 1422 1078 1487 refluit,
1105 1431 1271 1476 totum
1302 1421 1422 1475 vitae
1449 1429 1657 1489 tempus
1678 1418 1731 1473 in
1763 1417 2035 1473 laboribus

456 1517 752 1587 transegit;
784 1515 1038 1571 Salomon
1065 1522 1246 1569 autem
1275 1511 1415 1568 [ilius
1436 1512 1550 1581 ejus
1574 1527 1668 1580 per
1688 1511 2033 1580 quadraginta

457 1623 627 1663 annos
656 1608 898 1663 securius
943 1622 1098 1676 quam
1130 1604 1354 1676 quilibet
1396 1603 1671 1658 hominum
1699 1603 1835 1657 vixit
1859 1644 1874 1668 ,
1904 1616 2033 1673 pro-

403 1717 406 1719 λ
457 1697 620 1754 funda
651 1698 834 1754 fruens
867 1711 994 1768 pace
1016 1739 1032 1765 ,
1063 1712 1224 1752 omne
1248 1710 1418 1768 genus
1442 1696 1624 1767 gloriae
1647 1737 1662 1763 ,
1716 1693 1936 1750 honoris
1980 1703 2035 1749 et

457 1792 748 1862 voluptatis
775 1789 1043 1861 adeptus?
1075 1806 1172 1846 cur
1213 1790 1266 1845 in
1309 1788 1586 1860 prephetis
1636 1789 1773 1844 alius
1824 1789 2032 1858 magis,

453 1886 591 1941 alius
617 1885 794 1940 minus
833 1881 1211 1956 aiﬂigebatur?
1239 1881 1502 1950 Quoniam
1523 1882 1602 1937 sic
1629 1880 1912 1952 unicuique
1939 1896 2035 1936 ex-

452 1979 720 2050 pediebat.
1719 2029 1722 2031 λ

526 2070 624 2125 Dei
644 2072 952 2143 dispensatio
964 2087 1064 2124 non
1080 2070 1229 2124 nimis
1243 2065 2035 2135 examinanda.—Quamobrcm

454 2162 597 2217 circa
623 2163 866 2231 singulos
880 2160 1164 2218 dicendum
1186 2169 1289 2227 est,
1307 2159 1515 2214 Iudicia
1541 2169 1625 2213 tua
1653 2159 1860 2229 abyssus
1877 2158 2038 2211 multa

457 2253 474 2319 (
505 2249 648 2305 Psal.
685 2251 773 2306 55.
803 2253 834 2305 7
858 2250 898 2319 ).
927 2250 1061 2305 Nam
1103 2252 1150 2305 si
1189 2265 1414 2320 magnos
1445 2251 1566 2305 illos
1600 2259 1657 2304 et
1686 2249 2036 2304 admirabiles

458 2345 606 2398 viros
634 2359 738 2398 non
763 2343 1008 2399 similiter
1035 2345 1320 2399 exercebat
1347 2344 1506 2407 Deus,
1531 2344 1624 2398 sed
1657 2343 1797 2398 hunc
1822 2343 2036 2414 quidem

460 2451 558 2506 per
586 2445 949 2506 paupertatem
967 2478 981 2502 ,
1007 2438 1170 2492 alium
1201 2453 1297 2508 per
1317 2437 1566 2504 divitias;
1597 2439 1739 2494 hunc
1764 2455 1862 2509 per
1890 2449 2039 2494 tran-

460 2528 776 2598 quillitatem
797 2569 813 2597 ,
855 2529 1002 2585 illum
1032 2545 1127 2601 per
1149 2545 1416 2586 aerumnas
1447 2548 1460 2586 :
1490 2531 1659 2587 multo
1700 2531 1867 2602 magis
1897 2547 2038 2587 nunc

459 2621 563 2676 hoc
591 2629 806 2692 oportet
831 2623 1088 2694 cogitare.
1121 2622 1251 2680 Cum
1297 2622 1400 2679 hoc
1434 2633 1612 2680 autem
1657 2623 1788 2678 illud
1827 2639 2038 2695 quoque

459 2727 640 2770 secum
666 2725 915 2786 reputare
940 2723 1392 2787 oportet,'nempe
1416 2716 1578 2770 multa
1610 2730 1675 2771 ex
1709 2714 1774 2770 iis
1800 2732 1919 2785 quae.
1951 2730 2041 2770 ac-

460 2809 642 2864 cidunt
671 2823 774 2863 non
803 2824 868 2864 ex
896 2809 1038 2865 illius
1064 2811 1328 2866 sententia
1356 2809 1472 2866 fieri
1497 2851 1511 2878 ,
1543 2809 1638 2865 sed
1669 2824 1768 2879 per
1797 2819 2035 2864 nostram

463 2902 753 2972 nequitiam
782 2902 1020 2958 evenire.
1040 2902 1114 2958 Ne
1137 2904 1314 2973 itaque
1338 2901 1508 2968 dicas,
1531 2903 1637 2958 Cur
1659 2901 1747 2957 hic
1764 2901 1913 2957 dives
1932 2909 2035 2969 est,

462 3009 584 3047 cum
617 3008 845 3063 nequam
874 2995 975 3060 sit;
1008 2994 1099 3049 ille
1127 3009 1255 3049 vero
1295 3008 1498 3063 pauper
1529 3035 1543 3060 ,
1571 3009 1690 3050 cum
1719 2994 1790 3049 sit
1815 2994 1990 3063 justus
2015 2995 2038 3049 ?

463 3085 665 3140 Horum
692 3087 887 3156 quippe
913 3086 1180 3142 rationem
1205 3086 1334 3141 dare
1361 3087 1487 3142 licet
1516 3129 1530 3153 ,
1563 3103 1626 3142 ac
1653 3087 1832 3143 dicere
1858 3105 1870 3139 :
1899 3087 2034 3155 Quia

459 3179 824 3248 nequejustus
849 3193 880 3233 a
907 3189 1218 3250 paupertate
1248 3179 1475 3246 laeditur,
1505 3181 1612 3235 imo
1640 3180 1895 3250 majorem
1923 3180 2038 3234 cla-

460 3270 635 3324 ritatis
675 3269 835 3325 habet
873 3270 1276 3337 accessionem;
1319 3280 1375 3326 et
1404 3270 1678 3341 improbus
1709 3270 1867 3325 habet
1904 3270 2038 3324 divi-

463 3363 565 3418 tias
593 3362 836 3432 supplicii
865 3363 1136 3428 viaticum,
1162 3363 1263 3417 nisi
1289 3371 1666 3418 convertatur:
1690 3372 1848 3433 atque
1873 3362 2034 3418 etiam

462 3465 588 3512 ante
633 3457 950 3527 supplicium
997 3456 1196 3512 divitiae
1245 3457 1319 3511 illi
1376 3456 1636 3510 malorum
1679 3456 2037 3526 complurium

459 3563 618 3604 causa
649 3550 817 3618 fuere,
849 3559 902 3606 et
925 3551 975 3604 in
1007 3550 1154 3605 mille
1178 3549 1427 3605 barathra
1457 3548 1746 3606 deduxere.
1777 3550 1916 3605 Deus
1943 3564 2040 3604 au-

462 3653 570 3697 tem
593 3641 645 3697 id
667 3644 749 3713 agi
778 3643 938 3708 sinit,
975 3643 1134 3698 simul
1166 3643 1391 3698 liberum
1423 3643 1706 3697 arbitrium
1751 3643 2039 3697 voluntatis

403 3747 406 3750 ’
461 3734 772 3800 ostendens,
805 3745 859 3788 et
885 3735 1020 3789 alios
1045 3734 1244 3790 docens
1287 3751 1355 3790 ne
1401 3735 1570 3789 insani
1613 3744 1667 3789 et
1705 3733 1941 3790 furentes
1970 3734 2036 3787 ad

463 3825 716 3893 pecunias
747 3825 1002 3880 ferantur.
1044 3825 1181 3892 Quid
1217 3841 1346 3896 ergo
1373 3867 1388 3891 ,
1435 3826 1643 3895 inquies
1675 3865 1690 3890 ,
1719 3839 1838 3881 cum
1865 3826 2039 3880 malus

465 3916 728 3986 quispiam
771 3916 921 3972 dives
957 3917 1088 3972 nihil
1134 3918 1256 3971 mali
1311 3917 1557 3986 patitur?
1588 3934 1706 3972 nam
1746 3918 1791 3972 si
1837 3919 2036 3988 probus

464 4023 584 4065 cum
608 4007 710 4072 sit,
738 4007 886 4062 dives
916 4017 997 4063 est
1017 4049 1032 4075 ,
1051 4008 1172 4077 jure
1199 4008 1424 4072 merito;
1457 4008 1537 4062 sin
1570 4009 1738 4063 malus
1766 4008 1834 4064 sit
1862 4051 1875 4073 ,
1911 4010 2037 4080 quid

464 4099 748 4153 dicemus?
777 4099 927 4167 Quod
954 4101 1017 4155 sit
1038 4101 1196 4154 etiam
1220 4099 1320 4154 hac
1346 4099 1548 4154 ratione
1573 4100 1890 4156 miserabilis
1919 4118 1932 4152 :
1957 4102 2038 4155 di-

463 4193 606 4247 vitim
637 4192 778 4247 enim
807 4192 873 4247 ad
905 4192 1192 4262 nequitiam
1214 4192 1478 4263 adjuncta:
1505 4191 1700 4246 malum
1726 4201 2034 4262 aggravant.

461 4283 564 4341 Sed
610 4284 780 4340 bonus
819 4295 897 4340 est
923 4327 938 4352 ,
967 4296 1023 4340 et
1071 4293 1246 4339 tamen
1295 4283 1618 4354 pauper?At
1647 4282 1780 4338 nihil
1808 4283 2034 4339 lzeditur.

460 4376 568 4432 Sed
589 4375 760 4431 malus
786 4386 863 4432 est
893 4385 945 4430 et
977 4391 1178 4448 pauper
1205 4377 1228 4431 ‘l
1263 4376 1402 4453 Ergo
1427 4377 1572 4445 juste
1596 4385 1650 4430 et
1679 4392 1772 4446 pro
1799 4378 1991 4432 merito
2020 4418 2034 4440 ,

465 4469 574 4525 imo
611 4478 666 4524 et
701 4469 764 4524 ad
796 4470 1074 4524 utilitatem
1112 4484 1284 4523 suam.
1325 4467 1520 4522 Verum
1559 4466 1650 4523 ille
1679 4479 1693 4532 ,‘
1724 4468 1930 4539 inquies
1962 4509 1976 4534 ,
2010 4484 2038 4522 a

463 4562 756 4630 majoribus
783 4561 994 4615 divitias
1025 4561 1252 4630 accepit,
1278 4569 1332 4613 ct
1357 4559 1615 4630 dispergit
1635 4560 1754 4614 illas
1783 4559 2038 4614 meretri-

465 4651 618 4704 cibus
642 4661 694 4704 et
725 4651 992 4719 parasitis,
1026 4649 1266 4721 nihilque
1292 4649 1416 4702 mali
1445 4648 1661 4717 patitur.
1693 4650 1828 4715 Quid
1856 4650 1989 4704 dicis
2018 4650 2041 4703 ἲ

464 4739 758 4796 fornicatur
786 4751 836 4795 et
864 4741 992 4794 nihil
1042 4742 1164 4796 mali
1197 4741 1395 4811 patitur
1424 4741 1448 4794 ?
1478 4740 1770 4796 inebriatur
1801 4751 1855 4796 et
1885 4751 2040 4810 putas

466 4833 638 4902 ipsum
669 4831 907 4887 deliciari
930 4833 954 4885 ?
974 4833 1038 4886 ad
1068 4833 1195 4887 nihil
1218 4833 1469 4887 decorum
1493 4833 1744 4902 pecunias
1763 4833 2037 4903 expendit,

461 4936 516 4981 ct
545 4937 698 4998 putas
731 4927 900 4996 ipsum
931 4927 1267 4980 :emulatione
1294 4925 1552 4996 dignum?
1574 4935 1628 4982 et
1651 4925 1778 4996 quid
1807 4926 2041 4980 deterius

463 5019 558 5074 illo
573 5001 766 5084 rfuerit,
793 5017 881 5088 qui
909 5017 1098 5071 animae
1126 5032 1234 5070 sum
1261 5018 1477 5072 exitium
1507 5016 1704 5071 affert?
1730 5015 1805 5070 'l‘n
1828 5031 1975 5078 vero,
1997 5017 2038 5070 si

466 5127 589 5166 eum
613 5111 869 5166 membris
889 5116 1190 5165 contortum
1210 5116 1266 5164 et
1293 5109 1534 5163 mutilum
1563 5107 1792 5170 videres,
1823 5108 2042 5162 inﬁnitis

471 5203 618 5256 illum
671 5203 917 5276 lacrymis
963 5202 1178 5273 dignum
1225 5214 1345 5256 esse
1385 5213 1677 5262 censeres;
1710 5213 1830 5253 cum
1863 5209 2039 5252 autem

468 5295 700 5350 animam
730 5296 847 5365 ejus
876 5305 1040 5350 totam
1066 5294 1304 5349 mutilam
1335 5291 1506 5358 vides,
1532 5291 1741 5346 beatum
1768 5290 1916 5344 illum
1950 5305 2043 5343 ex-

468 5389 716 5446 istimas?
747 5391 814 5443 At
844 5403 948 5442 non
974 5389 1135 5443 sentit
1157 5427 1172 5451 ,
1203 5387 1430 5456 inquies.
1460 5385 1528 5439 Et
1547 5384 1668 5440 ideo
1697 5382 2041 5439 commisera-

467 5482 614 5536 tioae
660 5479 850 5551 dignus
877 5487 960 5534 est
991 5519 1006 5544 ,
1038 5487 1095 5532 ut
1123 5478 1210 5547 qui
1243 5477 1531 5530 insaniunt.
1567 5475 1698 5530 Nam
1736 5474 1824 5546 qui
1852 5473 1953 5529 scit
1981 5488 2040 5528 se

467 5580 731 5645 aegrotare
759 5614 773 5638 ,
813 5569 1075 5625 medicum
1120 5583 1338 5639 prorsus
1371 5569 1603 5638 requiret
1627 5607 1642 5629 ,
1671 5575 1724 5620 et
1757 5565 2039 5636 pharmaca
2078 5591 2086 5602 ι

389 5651 392 5654 ’
469 5666 569 5721 sibi
597 5664 710 5721 dari
733 5667 958 5735 patietur
989 5679 1002 5727 ;
1033 5661 1118 5734 qui
1150 5675 1275 5716 vero
1316 5660 1560 5730 ignorat,
1593 5672 1878 5727 numquam
1910 5656 2038 5710 libe-

467 5755 572 5813 rari
610 5755 820 5827 poterit.
871 5753 1140 5810 Hunccine
1166 5795 1181 5819 ,
1231 5765 1410 5822 quceso
1440 5791 1455 5819 ,
1505 5750 1714 5805 beatum
1749 5748 2040 5820 praedicas?
2081 5767 2085 5774 ι

1213 294 1252 352 S
1310 288 1584 349 JOANNIS
1607 286 2077 346 CHRYSOSTOMI
2120 287 2433 347 ARCHIEP.
2472 287 2999 354 CONSTANTINOP.

3617 295 3718 351 ‘238

2145 406 2250 461 Sed
2283 409 2411 461 nihil
2452 409 2643 463 mirum
2673 427 2686 464 :
2717 421 2842 465 sunt
2865 411 3009 466 enim
3040 407 3343 480 complures
3362 409 3718 483 philosophia:

2143 500 2393 570 imperiti.
2429 500 2551 556 Ideo
2579 511 2845 559 extremas
2869 503 3054 559 damus
3078 518 3266 574 poenas
3288 546 3303 568 ,
3332 512 3392 559 ut
3415 506 3502 575 qui
3527 506 3718 576 punia-

2143 609 2262 647 mur
2287 609 2386 648 nec
2413 594 2704 649 liberemur
2730 613 2760 650 a
2791 597 3092 667 supplicio:
3133 597 3256 652 ideo
3280 597 3373 652 ira:
3407 640 3420 660 ,
3453 613 3718 654 maerores

2142 697 2196 740 et
2223 687 2648 752 perturbationes
2668 688 3010 758 frequentes;
3035 689 3156 759 quia
3179 705 3302 743 cum
3332 689 3496 743 vitam
3525 690 3712 745 dolore

2105 786 2112 798 “
2139 791 2361 831 vacuam
2390 777 2542 831 nobis
2573 778 2823 834 ostendat
2847 779 2987 834 Deus
3007 821 3022 845 ,
3055 780 3193 833 vium
3223 795 3421 848 nempe
3447 780 3515 834 ad
3546 782 3716 835 virtu—

2143 870 2514 937 tem,nos,illa
2537 871 2744 938 relicta,
2777 872 2932 926 aliam
2962 873 3098 926 viam
3130 873 3480 942 ingredimur,
3505 874 3718 929 divitia-

2141 976 2259 1016 rum
2288 977 2478 1028 uempe
2499 972 2553 1018 et
2576 965 2832 1032 pecuniae,
2866 965 3162 1020 innumeris
3190 965 3402 1034 plenam
3434 967 3590 1022 malis
3623 983 3638 1021 :
3666 976 3721 1022 et

2101 1059 2248 1108 "non
2303 1069 2460 1110 secus
2510 1055 2768 1122 facimus,
2795 1072 2858 1111 ac
2909 1057 2952 1110 si
2997 1059 3116 1127 quis
3162 1073 3445 1127 corporum
3491 1059 3718 1114 formam

2141 1147 2446 1204 discernere
2469 1163 2574 1203 non
2601 1149 2808 1214 valens,
2838 1150 2931 1205 sed
2961 1160 3127 1206 totum
3156 1152 3396 1207 tribuens
3420 1153 3720 1207 vestimen-

2141 1241 2208 1294 tis
2246 1249 2300 1296 et
2332 1241 2711 1310 circumposito
2757 1243 2966 1296 ornatui
2997 1284 3011 1304 ,
3047 1242 3333 1297 formosam
3381 1245 3667 1300 mulierem
3698 1285 3716 1309 ,

2140 1333 2364 1387 naturali
2395 1332 2787 1402 pulchritudine
2828 1334 3108 1404 praeditam
3150 1334 3338 1390 videns
3365 1337 3716 1405 praeteriret.

2143 1431 2347 1493 turpem
2370 1433 2546 1479 autem
2567 1466 2582 1490 ,
2616 1424 2910 1480 deformem
2941 1437 2994 1480 et
3022 1440 3251 1496 corpore
3279 1426 3519 1482 mutilam
3551 1469 3568 1494 ,
3597 1427 3720 1497 pul-

2141 1514 2286 1569 chris
2315 1525 2556 1569 ornatam
2589 1515 2831 1572 vestibus
2859 1517 3126 1585 aspiciens
3154 1556 3168 1582 ,
3201 1533 3422 1572 uxorem
3469 1517 3716 1574 duceret.

2142 1603 2271 1658 Tale
2319 1605 2588 1674 quidpiam
2637 1621 2780 1661 nunc
2831 1606 2970 1661 circa
3025 1608 3271 1661 virtutem
3325 1617 3380 1662 ct
3425 1609 3720 1678 nequitiam

2142 1694 2289 1748 multi
2323 1695 2592 1763 patiuntur
2624 1713 2634 1746 :
2667 1706 2871 1763 turpem
2921 1699 3061 1752 illam
3091 1699 3350 1753 adeuntes
3380 1709 3602 1769 propter
3621 1716 3724 1756 ex-

2140 1787 2393 1840 teriorem
2417 1797 2684 1852 ornatum,
2714 1788 3001 1844 formosam
3033 1799 3209 1844 autem
3241 1800 3295 1845 et
3326 1791 3610 1859 pulchram
3634 1808 3718 1848 re-

2143 1887 2397 1946 spuentes
2435 1887 2655 1948 propter
2695 1881 2891 1935 nudam
2925 1881 3068 1936 illius
3106 1882 3556 1951 pulchritudinem
3585 1923 3603 1950 ,
3647 1885 3718 1940 ob

2141 1983 2302 2038 quam
2330 1969 2497 2038 ipsam
2530 1970 2760 2026 maxime
2786 1971 2945 2043 deligi
2966 1973 3269 2039 oportebat.

2213 2061 2266 2115 6.
2298 2059 2502 2117 Divitiaz
2524 2064 2898 2133 ﬂama—Ideo
2915 2081 3000 2120 me
3027 2065 3224 2136 pudet,
3255 2067 3396 2138 quod
3423 2082 3542 2123 cum
3571 2067 3712 2139 apud

2143 2153 2357 2210 Grtecos
2389 2155 2506 2210 illos
2533 2157 2751 2212 insanos
2769 2158 2984 2228 quidam
3003 2159 3108 2213 sint
3125 2160 3214 2230 qui
3241 2162 3318 2214 sic
3341 2161 3721 2231 philosophan-

2108 2265 2110 2268 ν
2145 2255 2230 2300 tur
2255 2287 2270 2312 ,
2313 2247 2523 2302 etiamsi
2552 2263 2660 2302 non
2693 2264 2751 2303 re
2775 2291 2790 2315 ,
2839 2258 3072 2304 attamen
3100 2253 3364 2306 sententia
3395 2294 3410 2315 ,
3442 2262 3498 2308 et
3523 2251 3716 2308 “rixam

2145 2353 2326 2394 rerum
2373 2343 2714 2410 prtesentium
2757 2342 3119 2400 conditionem
3171 2355 3406 2410 norunt;
3439 2347 3580 2415 apud
3623 2363 3718 2400 nos

2143 2433 2358 2502 quidam
2399 2449 2466 2489 ne
2516 2435 2602 2489 illa
2658 2435 2871 2506 quidem
2920 2437 3137 2503 norint,
3191 2437 3285 2492 sed
3329 2446 3383 2492 et
3423 2439 3594 2507 ipsum
3637 2439 3723 2509 ju—

2143 2523 2340 2579 dicium
2365 2536 2676 2596 corruptum
2707 2528 2938 2583 habeant
2962 2547 2976 2583 :
3000 2543 3120 2584 cum
3151 2528 3265 2584 lucc
3285 2530 3464 2583 omnia
3487 2540 3594 2584 tam
3616 2531 3723 2585 ire-

2142 2625 2368 2685 quentcr
2397 2616 2668 2688 Scriptura
2706 2618 2823 2674 haec
2861 2620 3016 2675 nobis
3049 2620 3298 2676 decantet
3339 2631 3397 2676 et
3435 2621 3618 2677 dicat:
3646 2617 3726 2675 Ad

2143 2707 2358 2760 nihilum
2392 2707 2639 2764 deductus
2685 2719 2758 2765 est
2795 2711 2848 2764 in
2875 2722 3141 2782 conspectu
3181 2713 3289 2782 eius
3327 2714 3586 2784 malignus
3615 2755 3630 2774 .
3664 2717 3726 2767 ti-

2143 2806 2332 2851 mentes
2358 2809 2525 2853 autent
2553 2799 2804 2856 Dominus
2832 2802 3084 2873 glori/icui
3113 2803 3286 2874 (Psal.
3313 2804 3401 2858 M.
3433 2806 3515 2875 4).
3553 2804 3726 2859 Timor

2145 2886 2352 2942 Domini
2381 2892 2551 2944 omnia
2570 2895 2824 2961 superavit
2849 2892 3033 2964 (Eccli.
3060 2894 3150 2949 ‘25.
3180 2895 3292 2963 14).
3317 2894 3484 2948 Deum
3510 2897 3650 2959 time,
3679 2906 3725 2950 et

2095 3003 2100 3008 ·
2145 2982 2386 3036 mandata
2407 2985 2518 3052 ejus
2538 2986 2733 3039 custodi
2763 3001 2782 3040 :
2813 2992 2906 3040 hoc
2919 2997 2994 3041 est
3015 2989 3148 3041 enim
3169 2991 3330 3043 omnis
3347 2990 3498 3042 homo
3525 2989 3722 3062 (Ecale.
3815 2973 3818 2980 l

2144 3074 2232 3129 12.
2263 3076 2378 3145 15).
2408 3075 2536 3130 Noli
2555 3079 2785 3132 annulari
2801 3079 2853 3132 in
2882 3080 3295 3150 malignantibus.
3332 3079 3417 3134 Ne
3449 3083 3680 3136 timueris
3705 3123 3723 3149 ,

2097 3201 2102 3206 ο
2143 3184 2259 3222 cum
2287 3169 2423 3223 dives
2444 3169 2608 3239 {actus
2639 3172 2790 3242 fuerit
2819 3173 2968 3225 homo
3010 3174 3027 3241 (
3059 3170 3204 3226 Psal.
3235 3172 3327 3227 48.
3360 3173 3426 3226 Π
3453 3175 3495 3242 ).
3547 3173 3724 3228 Omnis

2145 3277 2264 3315 caro
2293 3265 2484 3333 [mnum
2517 3303 2530 3327 ,
2561 3271 2606 3316 et
2627 3264 2789 3317 omnis
2826 3264 2990 3334 gloria
3034 3264 3250 3317 hominis
3291 3265 3434 3334 quasi
3471 3266 3567 3333 ﬂos
3603 3265 3725 3334 [ωπὶ

2145 3353 2299 3421 (Isai.
2329 3354 2418 3409 40.
2451 3355 2529 3426 6).
2553 3354 2680 3410 Haec
2704 3355 2851 3411 enim
2892 3367 2944 3411 et
2982 3357 3102 3410 talia
3131 3357 3366 3426 quotidie
3399 3358 3680 3412 audientes
3705 3401 3720 3422 ,

2145 3445 2320 3500 adhuc
2345 3455 2501 3501 teme
2529 3445 2814 3515 aliigimur.
2845 3447 2912 3502 Et
2951 3449 3398 3517 quemadmodum
3435 3450 3587 3518 pueri
3629 3451 3725 3504 im-

2146 3536 2300 3606 periti
2330 3536 2640 3606 frequenter
2663 3537 2922 3593 elementa
2947 3539 3236 3605 discentes,
3258 3541 3476 3609 quando
3497 3542 3722 3610 Sparsim

2146 3628 2513 3689 illornmordo
2533 3631 2887 3694 examinatur,
2921 3631 3022 3684 alia
3055 3645 3152 3700 pro
3175 3632 3292 3684 aliis
3315 3632 3559 3686 dicentes
3585 3631 3723 3686 mul-

2147 3729 2255 3774 ttun
2285 3723 2521 3776 excitant
2561 3725 2728 3776 risum
2757 3741 2769 3776 :
2803 3723 2882 3776 sic
2911 3731 2960 3775 et
2993 3736 3087 3776 vos
3108 3763 3123 3788 ,
3155 3723 3370 3792 quando
3401 3723 3490 3776 illa
3518 3723 3605 3778 hic
3631 3738 3723 3778 or-

2145 3811 2270 3866 dine
2315 3827 2657 3866 numeramus
2688 3854 2702 3879 ,
2738 3823 3022 3882 utcumque
3076 3814 3467 3882 assequimini;
3511 3815 3724 3885 quando

2145 3913 2321 3956 autem
2363 3917 2458 3955 vos
2489 3902 2619 3956 foris
2661 3904 2886 3971 sparsim
2935 3904 3363 3974 interrogamus,
3390 3921 3512 3975 quin
3556 3907 3723 3975 prima

2145 3993 2273 4058 sint,
2293 4009 2411 4063 qua}
2436 3993 2666 4048 secunda
2687 3995 2935 4048 harumce
2964 4011 3139 4048 rerum
3169 3994 3434 4050 collocare
3456 4006 3719 4065 oporteat,

2146 4094 2200 4138 et
2261 4101 2502 4154 qua-nam
2562 4093 2684 4155 post
2730 4085 2831 4138 alia
2887 4086 3179 4148 tacentur;
3224 4102 3346 4141 eum
3399 4088 3581 4143 dicere
3629 4103 3723 4141 ne-

2146 4177 2348 4241 sciatis,
2383 4177 2591 4233 ridiculi
2619 4178 2771 4232 estis.
2805 4180 3019 4244 Annon,
3063 4195 3278 4248 quteso,
3306 4181 3476 4236 multo
3502 4185 3614 4236 risu
3641 4181 3724 4235 di-

2147 4285 2305 4339 gnum
2334 4278 2416 4324 est
2444 4309 2458 4335 ,
2493 4270 2633 4340 quod
2665 4285 2785 4324 cum
2817 4271 3270 4326 immortalitatem
3298 4283 3675 4343 exspectemus
3704 4314 3720 4338 ,

2146 4372 2200 4418 et
2240 4363 2375 4417 bona
2407 4405 2422 4427 ,
2451 4378 2572 4432 quae
2600 4378 2698 4418 nec
2721 4364 2907 4418 oculus
2940 4363 3070 4418 vidit
3096 4379 3193 4419 nec
3219 4366 3361 4420 auris
3381 4366 3591 4422 audivit
3627 4383 3726 4422 nec

2148 4455 2200 4508 iu
2244 4469 2337 4509 eor
2394 4455 2624 4509 hominis
2681 4454 3043 4510 ascenderunt
3074 4497 3089 4522 ,
3132 4456 3201 4510 de
3249 4458 3404 4511 rebus
3454 4471 3580 4526 qua:
3639 4456 3722 4512 hic

2147 4557 2366 4602 manent
2394 4547 2783 4601 contendamus
2809 4589 2823 4612 ,
2849 4558 2903 4602 et
2933 4548 3045 4617 ipsa
3074 4549 3416 4604 simulatione
3440 4548 3604 4619 digna
3633 4564 3726 4605 ex-

2149 4639 2442 4693 istimemus
2463 4638 2486 4690 ‘?
2512 4637 2643 4692 Nam
2672 4640 2714 4692 si
2745 4638 2920 4693 adlmc
2965 4639 3078 4693 haec
3115 4654 3252 4708 epus
3277 4639 3446 4695 habes
3470 4640 3678 4697 discere
3705 4682 3722 4707 ,

2145 4727 2291 4797 quod
2315 4726 2514 4781 divitiae
2543 4728 2673 4782 nihil
2698 4744 2946 4798 magnum
2978 4730 3084 4783 sint
3105 4769 3118 4792 ,
3143 4728 3284 4798 quod
3314 4745 3404 4785 res
3435 4741 3725 4800 praesentes

2146 4819 2253 4872 sint
2279 4817 2463 4870 umbra
2493 4826 2547 4872 et
2570 4819 2833 4872 somnium
2863 4860 2879 4886 ,
2908 4820 3049 4890 quod
3074 4818 3205 4873 futui
3239 4820 3729 4879 instardissolvan-

2151 4919 2235 4962 tur
2259 4919 2312 4964 et
2333 4910 2547 4964 avolent
2571 4926 2584 4973 ;
2616 4909 2714 4964 ista
2743 4912 2956 4966 interim
2979 4921 3131 4965 extra
3158 4911 3338 4982 adyta,
3369 4913 3420 4966 in
3449 4914 3726 4968 vestibulis

2150 5019 2342 5057 mane:
2375 5005 2609 5058 nondum
2638 5004 2781 5058 enim
2815 5005 3058 5073 ingressu
3101 5003 3168 5058 ad
3209 5020 3496 5072 supernam
3526 5008 3724 5076 regiam

2147 5098 2337 5167 dignus
2359 5113 2436 5152 cs.
2461 5097 2517 5152 Si
2539 5099 2680 5152 enim
2709 5109 2950 5152 naturam
2975 5115 3158 5154 eorum
3189 5100 3496 5156 instabilem
3527 5114 3584 5158 et
3612 5119 3731 5172 per-

2144 5199 2308 5257 petuo
2349 5190 2602 5242 liuentem
2651 5189 2960 5245 discernere
2999 5193 3170 5246 nescis
3201 5232 3215 5253 ,
3258 5194 3600 5262 quandonam
3642 5195 3731 5248 illa

2146 5279 2427 5348 despicere
2470 5280 2669 5347 poteris
2697 5280 2718 5332 ?
2760 5282 2802 5334 si
2837 5291 2886 5335 te
2907 5282 3046 5335 scire
3074 5281 3220 5336 dicas
3251 5323 3266 5344 ,
3301 5283 3488 5340 desine
3515 5286 3734 5340 curiose

2148 5374 2374 5427 scrutari
2401 5382 2454 5426 et
2483 5371 2751 5440 inquirere
2779 5411 2791 5436 ,
2822 5387 2918 5426 cur
2943 5373 3032 5427 ille
3058 5373 3127 5426 sit
3155 5374 3305 5428 dives
3335 5415 3350 5438 ,
3388 5390 3486 5429 cur
3528 5376 3616 5430 hic
3664 5377 3737 5429 sit

2150 5482 2366 5535 pauper.
2405 5465 2632 5519 Perinde
2664 5465 2806 5519 enim
2837 5465 2970 5519 facis
2999 5468 3112 5519 lucc
3155 5466 3494 5537 interrogans
3524 5507 3541 5529 .
3570 5477 3736 5540 atque

2149 5561 2192 5611 si
2224 5558 2542 5612 circumiens
2568 5571 2784 5627 rogares
2817 5598 2830 5620 ,
2867 5573 2965 5610 cur
2994 5557 3082 5609 ille
3122 5557 3276 5610 albus
3317 5566 3372 5612 et
3419 5558 3511 5612 ille
3540 5560 3731 5628 niger;

2153 5650 2241 5703 ille
2271 5649 2504 5717 aquilino
2534 5663 2684 5712 naso,
2716 5647 2801 5703 ille
2823 5649 3008 5701 simus.
3035 5647 3182 5702 Sicut
3207 5649 3353 5704 enim
3374 5650 3466 5710 illa
3497 5651 3632 5705 nihil
3659 5648 3733 5703 ad

2155 5759 2270 5808 nos,
2302 5758 2366 5795 au
2400 5742 2525 5807 isto,
2555 5756 2621 5795 an
2646 5741 2737 5795 illo
2761 5740 2918 5796 modo
2943 5754 3000 5795 se
3022 5739 3252 5796 habeant
3272 5757 3284 5792 :
3305 5741 3383 5795 sic
3409 5759 3584 5812 neque
3607 5755 3732 5796 esse
