3990 6168
368 275 471 332 ’ΞΠ

359 485 527 555 ἡνίκα
556 490 706 559 παρὰ
733 490 825 545 τοῦ
852 490 982 543 θεοῦ
1014 495 1043 547 6
1071 493 1299 556 πλοῦτος
1319 493 1544 558 ἐδίδοτο,
1570 493 1664 547 καὶ
1692 488 1921 554 ἀπόκρι-

362 569 452 649 νᾳί
485 588 576 638 μοι
595 588 608 601 ⁸
642 572 786 635 τίνος
813 574 996 629 ἕνεκεν
1018 577 1045 630 ὁ
1089 578 1340 649 Ἀϐραὰμ
1373 576 1644 639 ἐπλούτει,
1673 577 1701 632 ό
1726 574 1785 626 δὲ
1825 573 1930 624 Ἰα-

362 648 482 729 κὼϐ
512 654 603 708 καὶ
627 654 789 728 ἄρτου
818 657 1019 726 ἐδεῖτο,
1047 661 1167 730 οὑχί
1201 661 1409 724 δίκαιος
1430 660 1525 714 καὶ
1550 653 1705 721 οὗτος
1727 651 1819 725 ἦν·
1835 653 1930 707 καὶ

364 735 604 802 ἐκεῖνος;
639 737 754 807 οὐχὶ
793 738 995 809 ὁμοίως
1018 745 1144 814 περὶ
1169 744 1277 797 τῶν
1301 742 1469 813 τριῶν
1500 758 1687 810 φησιν,
1731 735 1873 805 Ὲτὼ
1897 737 1929 788 ό

367 818 511 883 Θεὸς
545 819 786 890 Ἀϐραὰμ
818 825 917 877 καὶ
966 826 1171 880 Ἰσαὰκ
1208 825 1308 880 καὶ
1353 826 1561 881 Ἰακώϐ
1578 842 1596 890 ;
1624 823 1714 876 διὰ
1744 819 1795 875 τί
1824 817 1932 871 τοί-

362 916 457 951 νυν
483 903 511 953 ὁ
535 900 633 969 μὲν
657 902 929 971 ἐπλούτει,
959 909 986 960 6
1015 908 1072 962 δὲ
1099 909 1357 978 ἐθήτευε;
1390 907 1588 978 μᾶλλον
1621 905 1678 958 δὲ
1710 902 1797 957 διὰ
1826 901 1878 954 τί
1901 902 1930 953 6

364 981 460 1049 μὲν
479 980 625 1054 [266]
650 985 818 1040 Ἠσαῦ
843 988 1112 1055 ἐπλούτει,
1131 991 1311 1054 ἄδικος
1327 992 1401 1043 ὢν
1417 991 1509 1043 καὶ
1522 985 1926 1057 ἀδελφοκτόνος,

359 1059 509 1127 οὗτος
537 1066 593 1119 δὲ
623 1069 681 1120 ὲν
716 1069 933 1142 δουλείᾳ
960 1069 1028 1142 ἦν
1066 1074 1256 1143 χρόνον
1284 1073 1536 1130 τοσοῦτον
1562 1089 1577 1136 ;
1609 1071 1695 1123 διά
1732 1070 1783 1124 τί
1824 1068 1930 1121 πά-

361 1147 443 1203 λιν
474 1150 502 1201 6
531 1149 631 1219 μὲν
674 1153 857 1212 Ἰσαάκ
889 1156 1025 1225 μετά
1056 1158 1233 1220 ἀδείας
1258 1156 1418 1226 ἔζησε
1450 1157 1538 1211 τὸν
1564 1156 1775 1211 ἅπαντα
1808 1153 1931 1224 XPd‘

344 1248 469 1293 -νον,
499 1235 527 1286 6
563 1232 621 1291 δὲ
671 1234 868 1290 Ἰακὼϐ
901 1239 961 1291 ἐν
994 1238 1214 1309 μόχθοις
1253 1241 1348 1295 καὶ
1388 1240 1783 1309 ταλαιπωρίαις
1809 1252 1823 1266 ·
1849 1235 1929 1289 διὸ

361 1314 456 1367 καὶ
493 1314 669 1381 ἔλεγε,
702 1319 912 1386 Μικραὶ
935 1321 1033 1376 καί
1060 1322 1309 1391 πονηραὶ
1338 1325 1398 1378 αὶ
1428 1321 1640 1391 ἡμέραι
1664 1339 1806 1390 μου.
1834 1319 1931 1373 Διά

361 1395 414 1449 τί
441 1399 468 1450 ὁ
502 1396 604 1468 μὲν
627 1399 785 1453 Δαυῖδ
817 1405 1097 1476 προφήτης
1122 1404 1198 1465 ὢν
1231 1407 1323 1459 καῖ⁸
1349 1405 1619 1475 βασιλεὺς,
1644 1405 1741 1457 καὶ
1767 1400 1930 1463 αὐτὸς

341 1477 454 1561 ’τδν
478 1478 692 1561 ᾶπαντα
719 1483 905 1553 χρόνον
927 1488 983 1539 ἐν
1007 1488 1191 1553 πόνοις
1223 1489 1437 1561 ἔζησεν·
1471 1490 1499 1541 6
1521 1488 1579 1540 δὲ
1618 1484 1871 1556 Σολομὼν

364 1556 481 1619 υίὸς
496 1559 686 1633 τούτου
699 1565 1098 1637 τεσσαράκοντα
1118 1566 1214 1637 ἐτη
1230 1556 1444 1622 πάντων
1461 1568 1556 1621 ἀνθ
1567 1565 1760 1638 ρώπων
1778 1556 1928 1618 ἀδεέὲ

367 1656 563 1711 στερον
613 1642 831 1714 διῆγεν,
868 1649 1091 1720 είρήνης
1140 1651 1426 1703 ἀπολαύων
1462 1650 1704 1720 βαθείας,
1751 1648 1928 1716 δόξης,

363 1725 555 1794 τιμῆς,
592 1727 687 1779 καὶ
711 1731 917 1802 τρυφῆς
943 1731 1087 1787 ἅπαν
1114 1733 1281 1791 ἐπιὼν
1310 1729 1481 1800 εἷδος;
1521 1733 1572 1787 τί
1608 1733 1807 1800 δήποτε
1840 1731 1932 1790 καὶ

366 1806 427 1859 ἐν
449 1810 564 1871 τοῖς
600 1815 906 1883 προφήταις
940 1815 969 1867 6
1020 1816 1122 1886 μὲν
1168 1817 1450 1888 μειζόνως,
1494 1819 1521 1871 6
1551 1816 1606 1869 δὲ
1641 1815 1933 1876 ἐλαττόνως

363 1889 644 1959 ἐθλίϐετο;
675 1894 796 1949 Ὅτι
833 1898 1046 1969 ἑκάστῳ
1067 1899 1208 1954 οὔτω
1231 1900 1505 1972 συμφέρον
1526 1896 1614 1972 ἦν.

429 1973 523 2027 Διὸ
573 1976 791 2049 ἑκάστῳ
840 1980 1141 2049 ἀντιλέγειν
1196 1982 1322 2054 χρὴ,
1387 1983 1464 2037 Τὰ
1518 1981 1770 2051 κρίματα
1813 1993 1931 2033 σου

355 2056 634 2127 ἄϐυσσος
660 2063 882 2131 πολλή.
911 2065 977 2119 El
1001 2066 1111 2136 γὰρ
1127 2069 1254 2127 τοὺς
1282 2066 1549 2137 μεγάλους
1573 2066 1813 2128 ἐκείνους
1838 2064 1932 2117 καὶ

358 2141 709 2214 θαυμαστοὺς
743 2146 840 2218 οὐχ
866 2150 1066 2218 ὁμοίως
1102 2150 1406 2221 ἐγύμναζεν
1437 2153 1468 2205 6
1501 2150 1652 2214 Θεὸς.
1687 2147 1826 2204 ἀλλά
1840 2147 1932 2201 τὸν

357 2226 461 2298 μὲν
495 2226 586 2281 διὰ
622 2229 832 2295 πενίας,
866 2231 957 2284 τὸν
984 2232 1040 2285 δὲ
1077 2231 1164 2286 διὰ
1196 2233 1448 2300 πλούτου,
1477 2235 1570 2287 καὶ
1605 2234 1697 2287 τὸν
1738 2232 1836 2302 μὲν
1862 2229 1930 2285 δι’

352 2307 614 2374 ἀνέσεως,
638 2310 730 2364 τὸν
761 2312 819 2365 δὲ
846 2313 931 2367 διά
951 2314 1203 2384 θλίψεως,
1234 2315 1413 2387 πολλῷ
1443 2317 1641 2387 μᾶλλον
1671 2315 1766 2370 νῦν
1798 2313 1932 2370 ταῦ-

351 2407 420 2446 τα
448 2394 655 2446 ἐννοεῖν
688 2396 816 2466 χρή.
864 2397 1020 2450 Μετά
1046 2398 1106 2450 δὲ
1136 2398 1327 2453 τούτου
1356 2400 1577 2455 κάκεῖνο
1622 2396 1934 2467 λογίζεσθαι

350 2472 451 2539 δεῖ,
484 2475 569 2528 ὅτι
603 2476 775 2531 πολλά
799 2478 908 2532 τῶν
940 2481 1346 2551 συμϐαινόντων
1376 2482 1437 2535 οὐ
1465 2481 1606 2536 κατά
1634 2481 1733 2551 τὴν
1766 2477 1932 2535 αὐτοῦ

351 2557 563 2625 γίνεται
591 2560 842 2633 γνώμην,
890 2563 1004 2617 ἀλλ’
1035 2564 1141 2619 ἀπὸ
1168 2568 1266 2637 τῆς
1292 2565 1567 2639 ἡμετέρας
1596 2564 1814 2628 κακίας.
1842 2562 1932 2634 Μὴ

353 2642 528 2697 τοίνυν
557 2642 707 2713 λέγε,
738 2646 839 2699 Διά
872 2647 924 2699 τί
960 2648 989 2700 6
1019 2648 1117 2718 μὲν
1146 2649 1398 2713 πλούσιος
1444 2648 1644 2717 φαῦλος
1677 2647 1773 2712 ὦν,
1814 2650 1842 2701 ό
1875 2647 1932 2700 δὲ

352 2725 523 2798 πένης
549 2727 761 2793 δίκαιος
798 2728 907 2795 ὥν;
936 2731 1187 2786 Μάλιστα
1216 2734 1312 2802 μὲν
1336 2734 1445 2805 γάρ
1467 2732 1561 2787 καὶ
1587 2732 1790 2786 τούτων
1816 2729 1930 2785 ἔστι

350 2810 536 2866 δοῦναι
567 2813 746 2882 λόγον,
773 2815 866 2867 καὶ
894 2816 1089 2869 εἰπεῖν·
1122 2817 1241 2871 Ὅτι
1266 2817 1392 2873 οὔτε
1414 2820 1441 2872 6
1465 2817 1669 2881 δίκαιος
1699 2818 1806 2870 ἀπὸ
1831 2816 1932 2886 τῆς

352 2897 542 2960 πενίας
581 2897 696 2969 ἔχει
737 2917 789 2954 τι
813 2898 1029 2969 βλάϐος,
1070 2900 1205 2955 ἀλλὰ
1230 2902 1325 2954 καὶ
1361 2901 1586 2972 μείζονα
1617 2901 1932 2973 προσθήκην

353 2978 782 3054 εὐδοκιμήσεως,
823 2983 920 3037 καὶ
967 2986 997 3038 6
1043 2986 1213 3048 κακὸς
1255 2986 1465 3054 ἐφόδιον
1511 2985 1783 3057 τιμωρίας
1840 2984 1932 3038 τὸν

352 3064 602 3131 πλοῦτον,
627 3066 695 3120 ἃν
726 3066 802 3137 μὴ
828 3067 1215 3138 μεταϐάληται,
1249 3072 1532 3139 κέκτηται·
1572 3071 1666 3123 καὶ
1704 3069 1809 3140 πρὸ
1832 3069 1934 3139 τῆς

353 3148 626 3213 κολάσεως
665 3149 724 3203 δέ
759 3149 1021 3215 πολλάκις
1055 3151 1239 3206 κακῶν
1271 3153 1443 3216 αἴτιος
1469 3151 1618 3222 αὐτῷ
1646 3152 1869 3221 γέγονεν
1905 3154 1934 3204 6

354 3230 581 3296 πλοῦτος
604 3232 835 3300 πολλῶν,
857 3233 951 3287 καὶ
983 3235 1063 3298 είς
1094 3233 1263 3305 μύρια
1282 3235 1458 3305 ἧγαγε
1489 3234 1756 3307 βάραθρα.
1800 3235 1856 3289 Ὁ
1875 3235 1934 3289 δὲ

356 3313 486 3378 Θεὸς
533 3317 778 3385 ἀφίησιν,
818 3315 955 3387 ὁμοῦ
1008 3333 1067 3370 τε
1106 3317 1319 3383 δεικνὺς
1356 3318 1418 3373 16
1453 3319 1796 3384 αὐτεξούσιον
1834 3320 1932 3389 τῆς

361 3397 754 3468 προαιρέσεως,
783 3399 917 3469 ὁμοῦ
938 3416 998 3453 τε
1021 3399 1149 3463 τοὺς
1181 3400 1372 3464 ἄλλους
1402 3401 1671 3456 παιδεύων
1708 3401 1783 3473 μὴ
1807 3402 1932 3472 μαί-

363 3480 551 3534 νεσθαι
591 3482 724 3551 μηδὲ
755 3482 949 3555 λυττᾷν
979 3486 1108 3555 περὶ
1138 3484 1208 3538 τά
1239 3490 1520 3557 χρήματα.
1554 3487 1619 3539 Τί
1652 3483 1775 3552 οὖν,
1803 3487 1932 3541 ὅταν

362 3563 602 3633 πονηρός
630 3580 712 3626 τις
738 3563 812 3617 ὢν
839 3565 1059 3638 πλουτῇ,
1088 3569 1182 3621 καὶ
1212 3568 1377 3638 μηδὲν
1406 3569 1587 3639 πάσχῃ
1609 3569 1805 3634 δεινόν;
1831 3587 1932 3639 φη-

360 3646 447 3699 σίν
466 3663 481 3678 ·
511 3646 580 3700 ἂν
617 3646 720 3717 μὲν
750 3646 857 3719 γὰρ
894 3650 1092 3719 ἀγαθὸς
1123 3650 1197 3704 ὢν
1228 3651 1458 3722 πλουτῇ.
1500 3652 1742 3716 δικαίως·
1784 3654 1849 3707 ἂν
1877 3654 1933 3707 δὲ

353 3730 618 3800 πονηρὸς,
653 3730 707 3783 τί
726 3731 987 3802 ἐροῦμεν;
1015 3736 1136 3788 ’Ότι
1170 3735 1262 3787 καὶ
1289 3734 1460 3807 ταύτῃ
1493 3736 1745 3798 ἐλεεινός·
1777 3736 1934 3790 πλοῦ-

351 3830 445 3876 τος
477 3815 589 3885 γὰρ
626 3817 860 3887 πονηρίᾳ
888 3819 1314 3887 προσγινόμενος
1351 3817 1621 3888 ἐπιτρίϐει
1647 3819 1709 3872 16
1739 3820 1929 3883 πάθος.

363 3896 508 3951 Ἀλλ’
537 3898 742 3966 ἀγαθός
765 3900 902 3961 ἐστι,
939 3901 1034 3954 καὶ
1065 3901 1316 3967 πένεται;
1352 3902 1490 3956 Ἀλλ’
1518 3902 1670 3956 οὐδὲν
1698 3902 1931 3973 βλάπτε-

347 3996 464 4037 ται.
525 3980 687 4037 Ἀλλὰ
734 3984 968 4054 πονηρός
1010 3984 1147 4048 ἐστι,
1182 3986 1277 4039 καὶ
1320 3985 1568 4051 πένεται;
1606 3985 1814 4040 Οὐκοῦν
1853 3986 1932 4040 δι-

349 4064 524 4128 καίως
545 4064 641 4118 καὶ
665 4067 785 4120 κατ’
802 4066 979 4132 ἀξίαν,
1009 4067 1208 4137 μᾶλλον
1240 4068 1297 4122 δὲ
1328 4069 1423 4122 καὶ
1449 4069 1734 4140 χρησίμως
1758 4069 1928 4139 αὐτῷ.

360 4147 510 4201 Ἀλλ’
530 4150 567 4217 ,ὁ
598 4147 766 4210 δεῖνα,
815 4150 970 4219 φησὶ,
1016 4150 1168 4220 παρὰ
1206 4152 1485 4222 προγόνων
1519 4153 1733 4216 ἐδέξατο
1765 4152 1930 4207 πλοῦ-

346 4247 463 4299 τον,
501 4231 598 4285 καὶ¹
634 4233 917 4303 σκορπίζει
967 4233 1155 4288 τοῦτον
1197 4237 1275 4298 είς
1318 4235 1519 4305 πόρνας
1563 4237 1657 4289 καὶ⁸
1696 4236 1932 4307 παρασί-

347 4332 500 4381 τους,
531 4316 627 4370 καὶ
653 4315 807 4371 οὐδὲν
829 4317 1026 4388 πάσχει
1050 4318 1240 4373 δεινόν.
1276 4319 1340 4371 Τί
1374 4318 1512 4389 φῄς;
1544 4319 1814 4389 πορνεύει,
1840 4320 1931 4375 καὶ

346 4399 552 4469 λέγεις,
572 4400 740 4454 Οὐδὲν
764 4400 959 4472 πάσχει
980 4402 1185 4470 δεινόνς
1217 4402 1423 4472 μεθύει,
1452 4404 1546 4457 καὶ
1570 4405 1809 4474 νομίζεις
1832 4404 1931 4457 αύ-

346 4483 441 4537 τδν
470 4486 723 4554 τρυφᾷνς
756 4487 837 4549 είς
868 4485 1019 4539 οὐδὲν
1046 4486 1163 4539 δέον
1197 4487 1428 4558 δαπανᾷ,
1456 4488 1546 4541 καὶ
1573 4487 1810 4556 ζηλωτὸν
1834 4488 1932 4541 αὐ·

344 4566 440 4621 τὸν
471 4561 622 4620 εἶναι
651 4569 755 4640 φῄς
785 4580 849 4633 ι;
886 4568 981 4621 καὶ
1006 4569 1059 4622 τί
1083 4572 1263 4640 χεῖρον
1290 4570 1488 4637 γένοιτ’
1512 4570 1577 4624 ἂν
1619 4571 1808 4624 τούτου
1837 4569 1930 4624 τοῦ

344 4651 447 4722 τὴν
471 4650 656 4722 ψυχὴν
693 4651 1087 4722 λυμαινομένου
1112 4653 1230 4720 ;λΣὺ
1259 4654 1336 4717 δὲ,
1374 4656 1422 4707 εί
1453 4654 1551 4724 μὲν
1577 4654 1637 4707 τὸ
1662 4655 1820 4725 σῶμα
1854 4654 1930 4707 δι-

345 4733 630 4805 έστραπτο
664 4734 758 4788 καὶ
797 4737 1113 4806 πεπήρωτο,
1148 4738 1357 4808 μυρίων
1390 4738 1454 4791 ἂν
1490 4738 1625 4809 ἔφης
1652 4738 1800 4801 ἄξιον
1830 4738 1931 4791 αύ-

344 4815 437 4869 τδν
471 4811 621 4870 εἶναι
649 4816 921 4888 δακρύων,
952 4819 1050 4890 τὴν
1075 4820 1131 4872 δὲ
1156 4819 1334 4890 ψυχὴν
1364 4820 1528 4874 αὐτοῦ
1555 4823 1733 4875 πᾶσαν
1757 4839 1934 4891 πεπη-

320 4901 613 4971 ρωμένην
656 4901 819 4971 ὁρῶν,
870 4903 965 4955 καὶ
1014 4902 1279 4973 μακάριον
1333 4903 1599 4973 νομίζειςς
1646 4905 1786 4958 Ἀλλ’
1830 4906 1932 4959 οὐκ

350 4983 695 5046 αἰσθάνεται,
720 4984 870 5052 φησί.
914 4984 1024 5038 Καὶ
1067 4985 1133 5038 δι’
1166 4985 1298 5039 αὐτὸ
1333 4986 1432 5056 μὲν
1456 4983 1549 5039 οὖν
1585 4987 1742 5047 τοῦτο
1769 4987 1931 5043 πάλιν

348 5065 612 5130 ἐλεεινὸς,
645 5064 832 5137 ὥσπερ
864 5069 912 5119 οί
942 5069 1361 5138 παραπαίοντες.
1396 5069 1455 5123 ’0
1486 5070 1584 5139 μὲν
1615 5071 1723 5142 γὰρ
1750 5071 1927 5135 είδὼς,

348 5149 429 5202 ὅτι
472 5151 646 5213 νοσεῖ,
692 5151 785 5202 καὶ
820 5149 910 5205 τὸν
966 5151 1146 5221 ἰατρὸν
1185 5151 1503 5222 ἐπιζητήσει
1558 5153 1795 5217 πάντως,
1839 5157 1926 5208 καὶ

348 5234 667 5304 φαρμάκων
705 5231 973 5296 ἀνέξεται·
1005 5235 1034 5286 6
1068 5234 1123 5286 δὲ
1158 5234 1382 5302 ἀγνοῶν,
1407 5234 1527 5287 οὐδὲ
1555 5234 1934 5306 ἀπαλλαγῆναι

347 5315 874 5386 δυνήσεται.Τοῦτω
890 5313 983 5371 οὖν
1000 5317 1317 5388 μακαρίζεις
1332 5336 1345 5381 ;
1361 5319 1481 5371 είπέ
1500 5337 1610 5388 μοι.
1631 5319 1767 5371 Ἀλλ’
1782 5320 1932 5373 οὐδὲν

349 5398 691 5470 θαυμαστόν·
726 5400 1043 5470 φιλοσοφίας
1070 5400 1178 5470 γὰρ
1207 5403 1257 5453 οἱ
1281 5401 1494 5466 πλείους
1521 5403 1667 5474 [267]
1692 5403 1929 5476 ἄπειροι.

348 5482 449 5538 Διά
497 5482 661 5537 τοῦτο
703 5485 804 5555 τὴν
837 5483 1070 5555 ἐσχάτην
1106 5485 1322 5553 τίνομεν
1351 5485 1524 5557 δίκην,
1558 5487 1927 5558 κολαζόμενοι,

398 5742 439 5791 ,³
471 5741 737 5808 teget-amr
764 5742 845 5788 καὶ
863 5741 1062 5800 νομίζεις
1085 5741 1224 5787 αὐτὸν
1246 5744 1281 5795 ζ.
1314 5740 1449 5789 εἷναι.-

1355 294 1419 348 ΙΝ
1457 289 1673 346 EPIST.
1713 284 1852 342 IAD
1888 282 2048 339 COR.
2089 282 2323 341 H011").
2351 286 2543 341 XXIX.

360 403 617 471 λέγοντας
644 407 799 476 ἡμῖν,
841 408 970 481 φέρε
1008 410 1262 481 ἀνωτέρω
1284 412 1375 463 τὸν
1422 411 1581 478 λόγον
1607 409 1925 477 ἀγάγωμεν,
1970 423 1989 450 ί

3494 275 3600 336 218

2037 406 2129 458 καὶ
2183 405 2304 458 οὐδὲ
2353 403 2814 473 ἀπαλλαττόμενοι
2851 401 2950 471 τῆς
3000 401 3303 468 τιμωρίας·
3326 392 3417 449 διὰ
3445 395 3604 447 τοῦτο

2036 486 2196 557 θυμοὶ
2216 489 2309 542 καὶ
2341 489 2568 560 ἀθυμίαι
2604 487 2700 545 καὶ
2725 484 2943 558 θόρυϐοι
2963 484 3248 553 διηνεκεῖς,
3272 476 3462 548 ἐπειδὴ
3492 474 3604 547 βίον

2033 570 2237 625 ἄλυπον
2277 572 2549 638 δείξαντος
2580 573 2711 642 ἡμῖν
2753 568 2846 622 τοῦ
2893 565 3058 631 Θεοῦ,
3102 564 3192 618 τὸν
3229 566 3329 634 τῆς
3371 563 3603 634 ἀρετῆς,

2033 655 2195 724 ἡμεῖς
2235 655 2438 725 ταύτην
2482 654 2745 723 ἀφέντες,
2794 651 2985 721 ἑτέραν
3035 649 3301 718 τέμνομεν
3344 647 3462 703 666v
3506 646 3605 716 τὴν

2036 738 2125 790 τοῦ
2155 738 2384 792 πλούτου
2422 740 2515 793 καὶ
2548 737 2655 791 τῶν
2682 736 3001 807 χρημάτων,
3033 732 3131 803 τὴν
3167 730 3372 802 μυρίων
3404 729 3607 800 γέμου-

2035 836 2132 873 σαν
2175 820 2380 873 κακῶν·
2435 821 2528 874 καὶ
2560 820 2751 873 ταύτὸν
2788 816 3067 886 ποιοῦμεν,
3105 813 3294 884 ὥσπερ
3335 812 3400 866 ἂν
3445 811 3606 874 εἴτις

2033 905 2301 974 σωμάτων
2343 904 2444 957 οὐκ
2477 900 2630 966 εἰδὼς
2668 900 2960 972 διακρίνειν
2989 896 3203 962 κάλλος,
3240 894 3376 949 ἀλλὰ
3403 895 3464 953 τὸ
3501 898 3610 948 πᾶν

2031 991 2143 1050 τοῖς
2169 986 2406 1057 ἱματίοις
2435 985 2713 1056 τιθέμενος
2757 984 2851 1039 καὶ
2881 982 2959 1052 τῷ
2989 980 3356 1051 περικειμένῳ
3395 978 3607 1049 κόσμῳ,

2022 1071 2129 1142 ,τὴν
2173 1072 2269 1141 μὲν
2304 1069 2509 1142 ὡραίαν
2537 1071 2771 1137 γυναῖκα
2812 1067 2909 1119 καλ⁸
2939 1066 3166 1134 φυσικὸν
3192 1064 3386 1126 κάλλος
3411 1079 3611 1132 κεκτη-

2035 1154 2203 1224 μένην
2232 1152 2353 1208 ίδὼν
2392 1152 2773 1223 παραδράμοι·
2802 1148 2900 1220 τὴν
2929 1150 2986 1205 δὲ
3011 1149 3243 1223 αἰσχρὰν
3277 1149 3372 1201 καὶ
3396 1144 3609 1215 δυσειδῆ

2034 1238 2128 1290 καλ⁵
2153 1237 2214 1289 16
2245 1236 2401 1306 σῶμα
2434 1235 2735 1305 ἀνάπηρον,
2763 1232 2903 1289 κο.λά
2935 1232 3126 1301 ἱμάτια
3154 1231 3380 1300 ἔχουσαν
3414 1226 3613 1283 θεασά-

2034 1336 2212 1390 μενος,
2240 1322 2472 1386 γυναῖκα
2510 1320 2786 1387 ἀγάγοιτο.
2820 1315 3073 1372 Τοιοῦτόν
3117 1332 3168 1368 τι
3215 1313 3306 1366 καὶ
3344 1311 3439 1365 νῦν
3484 1309 3611 1381 περὶ

2018 1403 2128 1473 ,τὴν
2156 1402 2355 1473 ἀρετὴν
2383 1403 2476 1457 καὶ
2512 1402 2608 1471 τὴν
2643 1402 2841 1457 κακίαν
2883 1401 3180 1468 πάσχουσιν
3201 1396 3249 1449 οί
3277 1393 3483 1457 πολλοὶ,
3510 1393 3611 1465 τὴν

2034 1488 2132 1557 μὲν
2156 1487 2386 1558 αἰσχρὰν
2413 1488 2572 1556 φύσει
2599 1489 2950 1559 προσιέμενοι
2978 1486 3067 1538 διά
3095 1488 3187 1539 τὸν
3209 1482 3407 1547 ἔξωθεν
3436 1480 3611 1551 αὐτῆς

2031 1573 2256 1640 κόσμον,
2286 1572 2383 1643 τὴν
2411 1572 2468 1626 δὲ
2496 1572 2701 1645 ὡραίαν
2728 1572 2821 1626 καὶ
2841 1570 3116 1641 εὔμορφον
3141 1567 3610 1638 ἀποστρεφόμενοι

2029 1658 2117 1711 διὰ
2162 1657 2225 1711 16
2268 1658 2475 1728 γυμνὸν
2516 1659 2690 1729 αὐτῆς
2742 1658 2957 1723 κάλλος,
2986 1658 3055 1711 δι’
3088 1657 3116 1709 ὃ
3159 1656 3393 1726 μάλιστα
3439 1652 3610 1725 αὐτὴν

2030 1740 2247 1799 ἑλέσθαι
2276 1742 2466 1813 ἐχρῆν.

2105 1830 2181 1889 ς’.
2203 1824 2301 1879 Διά
2336 1824 2493 1879 τοῦτο
2506 1825 2851 1896 αἰσχύνομαι,
2874 1825 2956 1879 ὅτι
2981 1826 3111 1894 παρ’
3128 1824 3352 1894 Ἕλλησι
3380 1821 3479 1894 μὲν
3497 1822 3611 1884 τοῖς

2030 1908 2280 1979 ἀνοήτοις
2321 1909 2457 1965 εἰσὶν
2503 1910 2553 1961 οἱ
2592 1908 2767 1964 ταῦτα
2818 1909 3251 1977 φιλοσοφοῦντες,
3300 1910 3349 1961 εί
3389 1907 3483 1960 καὶ
3535 1904 3612 1977 μὴ

2032 1992 2370 2061 πράγμασιν,
2405 1992 2542 2046 ἀλλά
2564 1995 2629 2063 τῇ
2652 1993 2845 2065 γνώμῃ
2866 1993 2996 2060 γοῦν
3017 1994 3176 2059 τέως,
3207 1993 3300 2047 καὶ
3322 1991 3523 2055 εἰδότες
3549 1989 3612 2043 16

2028 2076 2141 2128 τῶν
2189 2076 2471 2147 παρόντων
2523 2077 2821 2147 ἐπίκηρον·
2884 2079 3013 2148 παρ’
3051 2077 3184 2146 ἡμῖν
3223 2076 3281 2129 δὲ
3318 2074 3450 2129 ἔνιοι
3488 2072 3613 2127 οὐδὲ

2028 2158 2203 2212 ταῦτα
2226 2159 2562 2223 ἐπίστανται,
2586 2158 2722 2213 ἀλλὰ
2741 2160 2834 2214 καὶ
2855 2160 2953 2232 τὴν
2976 2161 3157 2228 κρίσιν
3176 2158 3344 2228 αὐτὴν
3363 2155 3615 2227 διεφθαρ-

2035 2243 2207 2312 μένην
2246 2241 2447 2312 έχουσι,
2484 2243 2579 2296 καὶ
2618 2243 2793 2297 ταῦτα
2825 2244 2937 2298 ἄνω
2961 2243 3056 2296 καὶ
3084 2243 3235 2295 κάτω
3259 2242 3359 2310 τῆς
3383 2240 3612 2310 Γραφῆς

2031 2325 2335 2397 ἐπᾳδούσης
2382 2328 2515 2396 ἡμῖν
2565 2328 2660 2381 καὶ
2708 2326 2991 2398 λεγούσης·
3046 2323 3487 2397 Ἐίῖουδιίνωιναι⁹
3509 2322 3611 2376 ἐν·

2028 2408 2215 2463 ὡπιον
2264 2409 2451 2464 αὐτοῦ
2493 2410 2991 2479 εονηρευόμενος,
3032 2408 3174 2474 τοὺς
3212 2407 3285 2461 δὲ
3322 2403 3611 2476 φοϐουμέ-

2030 2510 2177 2558 νους
2199 2493 2305 2545 τὸν
2327 2493 2546 2560 Κύριον
2566 2491 2814 2557 δοξάζει.
2844 2494 3032 2558 Φόϐος
3056 2491 3278 2559 Κυρίου
3303 2488 3457 2556 ὑπὲρ
3486 2486 3611 2544 πᾶν

2029 2575 2381 2644 ὑπερέϐαλε.
2417 2576 2527 2630 Τὸν
2554 2577 2704 2630 Θεὸν
2730 2578 2938 2646 φοϐοῦ,
2969 2577 3066 2630 καί
3101 2574 3209 2640 τὰς
3228 2574 3482 2639 ἐντολὰς
3505 2572 3608 2626 αὐ-

2030 2658 2138 2714 τοῦ
2205 2660 2508 2728 φύλασσε,
2570 2659 2661 2713 ὅτι
2710 2659 2888 2713 τοῦτο
2939 2658 3057 2724 πᾶς
3111 2658 3442 2725 ἄνθρωπος.
3511 2652 3610 2723 Μὴ

2030 2739 2374 2811 παραζήλου
2428 2741 2500 2794 ἐν
2548 2741 2675 2807 τοῖς
2721 2740 3258 2809 πονηρευομένοις·
3278 2756 3281 2757 ⁷
3302 2739 3389 2808 μὴ
3421 2738 3612 2805 φοϐοῦ

2030 2824 2178 2879 ὅταν
2213 2822 2534 2893 πλουτήσῃ
2567 2824 2899 2891 ἅνθρωπος.
2936 2822 3110 2877 Πᾶσα
3166 2821 3337 2890 σὰρξ·
3373 2821 3610 2890 χόρτος.

2030 2910 2129 2963 καί
2192 2907 2361 2964 πᾶσα
2411 2908 2563 2973 δόξα
2621 2907 2935 2974 ἀνθρώπου
2987 2905 3070 2972 ὡς
3127 2905 3312 2971 ἀνθος
3370 2905 3609 2973 χόρτου.

2029 2991 2218 3046 Ταῦτα
2244 2993 2352 3063 γὰρ
2386 2992 2481 3045 καὶ
2517 2990 2586 3044 τά
2619 2989 2843 3044 τοιαῦτα
2888 2988 3010 3044 καθ’
3040 2988 3279 3059 ἑκάστην
3324 2986 3613 3049 ἀκούοντες

2030 3075 2132 3147 τὴν
2161 3076 2395 3147 ἡμέραν,
2421 3075 2501 3128 ἔτι
2542 3076 2609 3146 τῇ
2648 3076 2718 3145 γῇ
2753 3072 3173 3146 προσηλώμεθα.
3212 3073 3322 3126 Καὶ
3360 3071 3613 3143 καθάπερ

2030 3159 2220 3212 παιδία
2243 3159 2433 3229 ἀμαθῆ
2460 3157 2698 3229 συνεχῶς
2720 3158 2789 3211 τὰ
2812 3160 3052 3228 στοιχεῖα
3075 3156 3433 3227 μανθάνοντα,
3460 3157 3612 3210 ἐπει-

2028 3240 2128 3294 δάν
2154 3240 2571 3312 διεσπαρμένως
2597 3238 2917 3311 ἐξετάζηται
2959 3243 3090 3312 περὶ
3123 3241 3222 3311 τῆς
3249 3239 3475 3293 ἐκείνων
3510 3236 3611 3291 τά·

2031 3323 2187 3388 ξεως,
2215 3324 2379 3395 ἔτερα
2411 3323 2526 3376 ἀνθ’
2555 3325 2744 3395 ἐτέρου
2781 3325 3008 3393 λέγοντα
3032 3325 3200 3383 πολὺν
3232 3325 3371 3377 κινεῖ
3392 3322 3484 3376 τὸν
3512 3320 3608 3389 γέ-

2029 3406 2197 3461 λωτα·
2223 3406 2366 3460 οὕτω
2396 3406 2490 3460 καὶ
2519 3407 2697 3475 ὑμεῖς,
2723 3407 2853 3460 ὅταν
2885 3407 2984 3476 μὲν
3015 3406 3250 3465 ἐνταῦθα
3281 3404 3425 3458 κατὰ
3456 3404 3611 3468 τάξιν

2031 3489 2172 3547 αὐτὰ
2213 3490 2343 3560 ύμῖν
2397 3488 2813 3560 καταλέξωμεν,
2871 3490 3226 3558 ὁπωσδήποτε
3268 3488 3611 3558 παρακολου-

2030 3574 2194 3627 θεῖτε·
2226 3574 2352 3626 ὅταν
2380 3572 2436 3624 δὲ
2474 3570 2580 3636 ἔξω
2604 3571 3016 3642 διεσπαρμένως
3046 3572 3191 3642 ὑμᾶς
3222 3571 3611 3640 ἐρωτήσωμεν,

2032 3658 2160 3709 ποῖα
2194 3655 2293 3724 μὲν
2317 3653 2530 3724 πρῶτα,
2563 3656 2694 3707 ποῖα
2738 3654 2795 3707 δὲ
2838 3653 3064 3725 δεύτερα
3105 3653 3216 3707 τῶν
3265 3651 3610 3724 πραγμάτων

2029 3739 2244 3793 τάττειν
2273 3736 2441 3803 ἄξιον,
2472 3736 2568 3789 καὶ
2595 3737 2716 3790 τίνα
2767 3737 2903 3806 μετά
2958 3736 3099 3800 τίνα,
3152 3737 3254 3790 οὐκ
3282 3734 3486 3797 ειδότες
3530 3736 3611 3788 εί-

2031 3824 2174 3885 πεῖν,
2213 3819 2605 3887 καταγέλαστοι
2637 3820 2871 3888 γίνεσθε.
2904 3815 2980 3873 Ἦ
3009 3821 3070 3873 οὐ
3117 3818 3313 3873 πολλοῦ
3350 3819 3608 3888 γέλωτος,
3652 3878 3656 3893 λ

2031 3904 2152 3961 εἰπέ
2191 3922 2300 3976 μοι,
2333 3904 2629 3958 ἀθανασίαν
2659 3904 3090 3974 προσδοκῶντας,
3120 3905 3216 3960 καὶ
3244 3904 3315 3959 τά
3342 3900 3544 3972 ἀγαθὰ,
3571 3904 3613 3958 ἃ

2030 3987 2155 4042 οὕτε
2175 3987 2448 4058 ὀφθαλμὸς
2464 3984 2623 4051 εἶδεν,
2643 3988 2766 4041 οὔτε
2799 3983 2892 4050 οὖς
2919 3988 3168 4059 ἧκουσεν,
3205 3985 3331 4041 οὔτε
3352 3987 3442 4040 ἐπὶ
3470 4001 3610 4058 καρ-

2030 4071 2148 4125 δίαν
2185 4070 2471 4141 ἁνθρώπου
2511 4071 2700 4143 ἀνέϐη,
2752 4072 2881 4141 περὶ
2926 4071 3034 4124 τῶν
3070 4070 3304 4125 ἐνταῦθα
3339 4069 3610 4141 μενόντων

2032 4154 2375 4223 φιλονεικεῖν,
2410 4156 2503 4207 καὶ
2527 4153 2743 4222 ζηλωτά
2774 4153 2914 4208 αὐτὰ
2941 4150 3079 4206 εἶναι
3115 4153 3388 4224 νομίζειν;
3414 4154 3474 4205 Et
3499 4151 3610 4222 γὰρ

2032 4237 2110 4290 ἔτι
2161 4237 2333 4291 ταῦτα
2375 4238 2563 4307 χρείαν
2618 4236 2758 4306 ἔχεις
2817 4236 3129 4303 μανθάνειν,
3169 4237 3250 4287 ὅτι
3276 4234 3430 4286 οὐδὲν
3466 4234 3610 4302 μέγα

2031 4321 2280 4384 πλοῦτος,
2316 4321 2398 4373 ὃτι
2436 4320 2561 4372 σκιά
2589 4318 2660 4371 τά
2692 4319 2936 4389 παρόντα
2968 4318 3061 4371 καὶ
3094 4317 3250 4387 ὄναρ,
3290 4317 3372 4369 ὅτι
3401 4317 3609 4370 καπνοῦ

2029 4403 2183 4468 δίκην
2209 4401 2479 4455 διαλύεται
2506 4402 2600 4453 καὶ
2620 4400 2940 4469 ἀφίπταται·
2968 4399 3072 4462 ἐξω
3096 4398 3202 4452 τῶν
3221 4398 3430 4451 ἀδύτων
3454 4399 3609 4468 στῆθι

2031 4485 2190 4551 τέως,
2218 4486 2275 4537 ἐν
2308 4486 2420 4546 τοῖς
2459 4482 2812 4553 προπυλαίοις
2857 4482 3006 4553 μένε·
3040 4481 3191 4535 οὔπω
3227 4481 3337 4553 γὰρ
3366 4481 3471 4552 -τῆς
3496 4483 3611 4535 είσ-

2032 4568 2154 4622 όδου
2181 4568 2282 4637 τῆς
2309 4568 2444 4638 πρὸς
2471 4567 2539 4619 τὰ
2561 4566 2672 4619 ἄνω
2704 4566 2946 4637 βασίλεια
2972 4565 3120 4633 ἄξιος
3139 4566 3387 4635 γέγονας.
3415 4567 3477 4619 El
3502 4566 3610 4636 γὰρ

2033 4651 2131 4723 τὴν
2177 4650 2339 4720 φύσιν
2367 4650 2544 4731 αὐτῷν
2572 4648 2869 4719 διακρίνειν
2918 4650 3018 4702 οὐκ
3066 4644 3222 4702 οἶσθα
3249 4649 3348 4720 τὴν
3377 4649 3610 4703 ἄστατον

2033 4736 2127 4791 καὶ
2147 4733 2410 4805 διηνεκῶς
2439 4733 2688 4804 ῥέουσαν,
2713 4732 2844 4785 πότε
2870 4733 3048 4785 αὐτῶν
3074 4732 3349 4803 ὑπεριδεῖν
3367 4730 3607 4804 δυνήσῃ;

2033 4820 2159 4875 εἰδὲ
2178 4819 2356 4885 λέγεις
2381 4817 2600 4878 ειδέναι,
2622 4814 2828 4868 παῦσαι
2849 4814 3317 4887 πολυπραγμονῶν
3348 4815 3439 4869 καὶ
3462 4831 3612 4886 περι-

2032 4904 2416 4976 εργαζόμενος,
2444 4901 2496 4953 τί
2526 4901 2726 4969 δήποτε
2751 4903 2782 4953 6
2811 4900 2958 4954 δεῖνα
2985 4900 3258 4963 πλούσιος,
3295 4902 3386 4953 καὶ
3412 4900 3440 4951 ὁ
3464 4898 3611 4952 δεῖνα

2032 4987 2222 5056 πένης.
2271 4984 2477 5037 Ταύτδν
2520 4983 2630 5053 γὰρ
2671 4985 2845 5046 ποιεῖς
2895 4983 3067 5041 ταῦτα
3123 4982 3363 5054 ἐρωτῶν,
3410 4982 3611 5035 ὡσανεὶ

2032 5068 2263 5141 περιιὼν
2306 5066 2628 5130 ἐπυνθάνου,
2660 5067 2807 5138 [⁸268]
2852 5069 2905 5120 τί
2947 5067 3143 5136 δήποτε
3186 5069 3214 5117 ὁ
3239 5066 3385 5120 δεῖνα
3420 5064 3610 5127 λευκὸς

2031 5156 2125 5208 καὶ
2163 5157 2191 5206 6
2215 5153 2363 5207 δεῖνα
2409 5151 2592 5222 μέλας,
2622 5151 2654 5221 ἢ
2687 5153 2715 5203 ὁ
2748 5151 2893 5204 δεῖνα
2923 5151 3130 5220 γρυπὸς
3165 5150 3259 5203 καὶ
3292 5153 3321 5203 ὀ
3350 5149 3499 5203 δεῖνα
3529 5165 3613 5202 σι-

2036 5239 2153 5309 μός.
2191 5239 2401 5306 ’Ὠσπερ
2440 5235 2548 5304 γάρ
2585 5234 2736 5287 οὐδὲν
2778 5234 2947 5286 ταῦτα
2979 5236 3112 5303 ἡμῖν
3156 5233 3421 5305 διαφέρει,
3455 5235 3522 5289 ἄν
3545 5250 3609 5288 τε

2032 5320 2225 5385 οὕτως,
2250 5321 2313 5373 ἄν
2338 5335 2398 5371 τε
2426 5317 2649 5380 ἐκείνως
2671 5316 2790 5387 ἔχῃ,
2815 5315 2985 5380 οὕτως
3013 5317 3132 5369 οὐδὲ
3154 5317 3214 5370 16
3241 5317 3496 5371 πένεσθαι
3512 5317 3610 5369 καὶ

2035 5404 2305 5469 πλουτεῖν,
2345 5401 2439 5454 καὶ
2475 5400 2655 5470 πολλῷ
2689 5399 2884 5471 μᾶλλον
2917 5400 2948 5470 ἢ
2985 5402 3186 5454 ἐκεῖνα·
3223 5400 3360 5454 ἀλλά
3406 5401 3466 5452 16
3500 5402 3608 5453 πᾶν

2033 5488 2184 5559 παρὰ
2221 5487 2313 5539 τὸν
2349 5484 2447 5554 τῆς
2493 5485 2740 5555 χρήσεως
2779 5483 2985 5550 γίνεται
3025 5485 3242 5555 τρόπον.
3277 5484 3398 5538 Κᾶν
3438 5481 3607 5550 πένης

2032 5567 2122 5644 ᾗς,
2177 5570 2399 5624 δύνασαι
2450 5570 2587 5638 μετά
2644 5567 2906 5636 εὐθυμίας
2954 5567 3053 5638 ζῇν
3113 5564 3437 5635 φιλοσοφῶν·
3500 5559 3605 5644 κᾶν

2036 5643 2290 5716 πλούσιος
2326 5649 2411 5725 ᾗς,
2442 5654 2658 5706 πάντων
2694 5650 3018 5718 ἀθλιώτερος
3048 5646 3096 5703 εἷ
3132 5650 3346 5716 φεύγων
3377 5643 3598 5725 ἀρετήν.

2037 5741 2117 5795 Τά
2142 5738 2250 5807 γὰρ
2274 5724 2590 5808 διαφέροντα
2626 5737 2759 5806 ἡμῖν
2786 5734 2975 5797 ταῦτα,
3008 5734 3074 5786 τά
3108 5733 3208 5800 τῆς
3240 5728 3435 5799 ἀρετῆς
3457 5741 3470 5754 ·
3498 5724 3604 5786 κᾶν
