3990 6168
412 285 520 338 αιυ

412 395 584 450 ταῦτα
620 394 694 468 μὴ
717 396 917 467 προσῇ,
945 393 1055 449 τῶν
1076 392 1250 448 ἄλλων
1281 393 1432 446 οὐδὲν
1455 394 1664 462 ὄφελος.
1697 392 1794 445 Διά
1830 389 1984 444 τοῦτο

414 481 509 534 καὶ
539 480 597 533 αἱ
622 481 822 532 πυκναὶ
854 471 1014 532 αὗται
1053 478 1368 548 ἐρωτήσεις,
1393 478 1476 530 ὅτι
1497 478 1567 529 τὰ
1598 477 1692 547 μέν
1722 474 1987 542 ἀδιάφορα

411 561 688 631 διαφέρειν
713 562 896 623 αὐτοῖς
920 559 1229 630 νομίζουσιν
1258 560 1306 611 οί
1335 558 1538 623 πολλοὶ,
1575 557 1682 612 τῶν
1713 557 1769 609 δὲ
1803 557 1988 623 διαφε-

414 643 615 713 ρόντων
661 641 853 696 οὐδένα
912 641 1186 695 ποιοῦνται
1235 641 1410 710 λόγον.
1458 641 1531 694 Τὸ
1580 642 1688 711 7&9
1733 640 1986 710 διαφέρον

411 726 566 796 ἡμῖν,
599 723 770 795 ἀρετὴ
801 723 895 777 καὶ
927 724 1232 794 φιλοσοφία.
1274 724 1425 778 Ἐπεὶ
1452 719 1545 777 οὖν
1570 723 1770 791 ταύτης
1799 722 1988 792 πόρῤω

412 824 516 860 που
556 807 650 860 καὶ
681 807 899 879 μακράν
930 809 1193 880 ἑστήκατε
1230 812 1272 873 ⁶,
1307 809 1394 862 διὰ
1438 809 1596 862 τοῦτο
1625 807 1851 879 θόρυϐος
1878 805 1986 858 τῶν

412 889 712 960 λογισμῶν,
746 891 834 944 διά
864 890 1022 944 τοῦτο
1054 891 1123 944 τά
1155 891 1326 944 πολλά
1373 891 1611 960 κύματα,
1644 892 1731 945 διά
1769 889 1924 943 10610
1951 891 1984 960 ἡ

413 971 571 1043 ζάλη.
605 972 774 1026 Ὅταν
807 973 914 1046 7&9
954 973 1052 1044 τῆς
1100 975 1212 1028 ἄνω
1243 974 1399 1045 δόξης
1433 973 1702 1028 ἐκπέσωσι
1753 973 1846 1027 καὶ⁸
1891 972 1985 1026 106

411 1055 524 1107 τῶν
549 1055 791 1125 οὐρανῶν
818 1054 1039 1127 ἔρωτος,
1062 1058 1160 1126 τῆς
1193 1056 1469 1128 παρούσης
1491 1057 1750 1125 ἐφίενται,
1778 1057 1870 1110 καὶ
1899 1055 1986 1125 γί-

413 1153 593 1190 νονται
623 1136 798 1190 δοῦλοι
826 1139 921 1191 καί
949 1139 1298 1208 αἰχμάλωτοι.
1326 1139 1431 1192 Καὶ
1474 1139 1633 1192 πόθεν
1663 1140 1866 1210 ταύτης
1893 1140 1990 1208 ἐφ-

419 1218 629 1289 ιέμεθα,
653 1220 849 1291 φησίν;
881 1221 1012 1274 Ἀπὸ
1037 1219 1128 1273 τοῦ
1163 1220 1238 1292 μὴ
1262 1222 1462 1293 σφόδρα
1489 1224 1700 1295 ἐκείνης
1724 1222 1986 1292 ἐφίεσθαι.

416 1302 556 1356 Αὐτὸ
575 1303 632 1357 δέ
649 1302 806 1358 10610
840 1304 1001 1358 πόθεν
1033 1304 1356 1376 συμϐαίνει;
1398 1306 1529 1358 Ἀπὸ
1558 1304 1846 1377 ρᾳθυμίαςο
1879 1306 1990 1376 ἠδὲ

420 1385 662 1455 ῥᾳθυμία
695 1385 893 1451 πόθεν;
934 1387 1065 1440 Ἀπὸ
1123 1390 1596 1461 καταφρονήσεως·
1649 1390 1682 1461 ἡ
1721 1388 1776 1442 δὲ
1824 1406 1991 1442 καταο

481 1558 506 1588 ⁸
520 1554 666 1614 303.,
689 1556 872 1619 μακρὰν
889 1556 1199 1614 ἐσκήνωνται.

1135 278 1195 335 S.
1233 275 1522 334 JOANNIS
1559 268 2044 332 CHRYSOSTOMI
2081 269 2401 328 ARCHIEP.
2442 268 2993 326 CONSTANTINOP.

3544 261 3653 320 250

2035 411 2040 414 ·
2086 388 2345 459 φρόνησις
2393 387 2588 454 πόθεν;
2624 385 2713 452 Ἐξ
2765 385 2950 449 ἀνοίας
2989 382 3083 438 καὶ
3127 379 3221 436 106
3261 379 3374 443 τοῖς
3423 377 3660 448 παροῦσι

2085 472 2531 542 προστετηκέναι,
2585 471 2681 525 καὶ
2729 470 2803 540 μὴ
2851 467 3131 539 βούλεσθαι
3174 463 3284 518 τῶν
3317 461 3661 542 πραγμάτων

2087 541 2360 622 ἐξετάζειν
2409 555 2548 625 μετὰ
2577 552 2862 624 ἀκριϐείας
2889 550 2987 622 τὴν
3015 549 3196 620 φύσιν.
3226 545 3368 601 Αὐτὸ
3406 543 3465 597 δέ
3504 541 3666 596 τοῦτο

2088 639 2249 691 πόθεν
2295 637 2580 709 συμϐαίνει
2623 636 2818 699 πάλιν;
2864 635 2960 687 Ἐκ
2987 631 3080 688 τοῦ
3109 631 3248 703 μήτε
3269 627 3502 700 Γραφῶν
3531 627 3663 680 ἀνα-

2085 719 2282 788 γνώσει
2317 721 2626 792 προσέχειν,
2660 721 2798 791 μήτε
2829 718 3053 787 ἀνδράσι
3083 711 3434 784 συγγίνεσθαι
3463 710 3661 778 ἁγίοις,

2086 805 2180 858 καὶ
2204 807 2328 868 τούς
2353 805 2463 858 τῶν
2495 805 2744 875 πονηρῶν
2767 799 3054 871 συλλόγους
3085 799 3323 853 διώκειν.
3345 797 3442 850 Ἵν’
3471 792 3564 850 οὖν
3589 796 3664 867 μὴ

2085 887 2173 941 ἀεὶ
2194 886 2353 940 τοῦτο
2380 887 2618 958 γίνηται,
2645 887 2737 940 καὶ
2770 885 2989 956 κύματα
3013 887 3076 938 ἐκ
3104 883 3364 954 κυμάτων
3395 879 3546 951 ἡμᾶς
3575 879 3666 932 δε-

2087 970 2293 1040 χόμενα
2320 973 2398 1034 εἰς
2416 970 2478 1024 τὸ
2503 969 2735 1038 πέλαγος
2764 970 3025 1040 ἀπαγάγῃ
3047 965 3156 1020 τῶν
3178 964 3364 1020 κακῶν
3383 963 3476 1017 καὶ
3498 977 3667 1016 κατα-

2088 1053 2248 1126 πνίξῃ
2277 1053 2367 1106 καὶ
2387 1053 2628 1127 ἀπολέσῃ
2653 1052 2848 1124 πάντῃ,
2871 1052 2974 1115 ἓως
3000 1051 3114 1104 ἐστὶ
3135 1047 3346 1120 καιρὸς,
3369 1045 3668 1127 ἀνενέγκω-

2091 1154 2208 1208 μεν,
2237 1138 2330 1190 καὶ⁵
2365 1137 2457 1190 ἐπὶ
2483 1137 2581 1208 τῆς
2603 1126 2809 1207 πέτρας
2842 1135 3085 1199 στάντες,
3138 1131 3248 1186 τῶν
3279 1129 3373 1184 106
3411 1127 3545 1182 Θεοῦ
3573 1126 3662 1179 δο-

2087 1221 2311 1290 γμάτων
2364 1220 2508 1289 λέγω
2559 1221 2654 1274 καὶ
2686 1219 2882 1289 λόγων,
2915 1217 3222 1287 κατίδωμεν
3255 1215 3348 1268 τὸν
3380 1214 3537 1268 σάλον
3564 1209 3662 1264 106

2090 1304 2352 1374 παρόντος
2380 1303 2515 1373 βίου.
2549 1303 2704 1355 Οῢτω
2731 1304 2840 1371 γὰρ
2873 1303 2968 1354 καὶ
2994 1301 3150 1354 αὐτοὶ
3176 1298 3366 1352 τοῦτον
3385 1292 3666 1366 διαφευξό-

2093 1388 2251 1458 μεθα,
2300 1388 2394 1440 καὶ
2430 1388 2649 1458 ἐτέρους
2688 1385 3058 1452 ναυαγούντας
3097 1383 3520 1453 ἀνιμησάμενοι,
3560 1377 3667 1432 τῶν

2093 1471 2395 1543 μελλόντων
2429 1471 2823 1540 ἐπιτευξόμεθα
2864 1469 3104 1539 ἀγαθῶν,
3133 1469 3314 1540 χάριτι
3357 1466 3452 1518 καὶ
3480 1463 3672 1534 φιλαν-

2094 1554 2330 1626 θρωπίᾳ,
2357 1554 2446 1608 καὶ
2475 1553 2544 1607 τά
2571 1553 2716 1623 ἐξῆς.

1918 1903 2162 1958 ΟΜΙΛΙΑ
2202 1904 2280 1959 Λ’.

422 2030 694 2099 Καθάπερ
737 2025 848 2101 γὰρ
889 2029 1168 2101 τὸ-ο-ῶμα
1215 2031 1454 2101 ἕνέστι,
1505 2031 1603 2086 καὶ
1659 2031 1814 2101 μέλη
1869 2034 1993 2101 ἔχει

488 2101 708 2161 πολλὰ.
735 2099 931 2171 πάντα
956 2099 1024 2171 δέ
1051 2101 1124 2153 τὰ
1149 2100 1306 2170 μέλη
1337 2101 1444 2155 τοῦ
1483 2099 1757 2171 σώματος
1793 2099 1995 2158 πολλὰ

490 2172 657 2237 ὄντα,
679 2171 749 2225 ἓν
775 2169 907 2224 ἐστι
933 2168 1122 2237 σῶμα·
1151 2168 1303 2224 οὕτω
1329 2172 1428 2226 καί
1454 2175 1487 2226 ὁ
1521 2168 1793 2240 Χριστός.

493 2367 566 2424 α’.
585 2367 1130 2440 Παιριμυθησάμενος
1147 2367 1214 2422 ἐκ
1246 2365 1339 2421 τοῦ
1372 2369 1546 2421 εἰπεῖν
1563 2379 1588 2409 ι
1596 2369 1836 2439 χάρισμα
1860 2363 1997 2422 εἶναι

426 2455 486 2508 τὸ
520 2453 819 2523 διδόμενον,
850 2453 914 2504 ἐκ
944 2451 1040 2505 τοῦ
1092 2450 1270 2505 πάντα
1308 2451 1366 2518 ἐξ
1417 2451 1534 2516 ἐνὸς
1569 2452 1664 2506 καὶ
1699 2452 1795 2507 τοῦ
1835 2453 1999 2507 αὐτοῦ

428 2535 745 2606 Πνεύματος
775 2534 1095 2604 λαμϐάνειν,
1135 2535 1198 2588 ἐκ
1227 2531 1321 2587 106
1353 2534 1488 2605 πρὸς
1525 2535 1587 2587 τὸ
1617 2536 1896 2606 συμφέρον
1919 2535 2002 2588 δί-

427 2621 630 2686 δοσθαι,
655 2620 720 2674 ἐκ
735 2619 826 2672 106
850 2617 939 2672 διὰ
956 2617 1065 2672 τῶν
1090 2617 1387 2672 ἐλαττόνων
1409 2617 1714 2690 φανέρωσιν
1736 2617 1999 2687 γίνεσθαι,

427 2705 522 2760 καί
549 2703 687 2774 μετά
712 2701 916 2756 τούτων
945 2701 1039 2756 καὶ
1065 2701 1424 2771 ἐπιστομίσας
1470 2704 1534 2755 ἐκ
1558 2700 1650 2755 τοῦ
1687 2702 1798 2755 δεῖν
1827 2717 2005 2775 παρα-

428 2788 628 2859 χωρεῖν
677 2788 744 2858 τῇ
802 2785 1023 2856 ἐξουσίᾳ
1084 2784 1179 2838 106
1233 2785 1583 2855 Πνεύματοςο
1635 2783 1838 2839 Πάντα
1896 2785 2006 2856 γάρ

429 2872 638 2934 ταῦτα,
669 2871 854 2941 φησὶν,
884 2869 1116 2938 ἐνεργεῖ
1139 2868 1210 2922 ἐν
1238 2870 1337 2922 καὶ
1369 2869 1435 2922 τὸ
1461 2867 1610 2923 αὐτὸ
1638 2869 1900 2937 Πνεῦμα,
1929 2868 2008 2922 δι-

430 2955 642 3022 αιροῦν
697 2953 818 3021 ἰδίᾳ
870 2951 1124 3017 ἑκάστῳ,
1170 2951 1365 3017 καθὼς
1425 2951 1732 3016 βούλεται·
1773 2952 1853 3007 διὸ
1889 2952 2007 3006 οὐδὲ

433 3036 895 3109 περιεργάζεσθαι
922 3035 1080 3105 θέμις
1099 3051 1114 3067 ο
1142 3033 1238 3088 καὶ
1271 3033 1330 3099 ἐξ
1359 3033 1545 3104 ἐτέρου
1583 3033 1768 3088 λοιπὸν
1812 3035 2010 3098 αὐτοὺς

435 3119 843 3190 παραμυθεῖται
897 3117 1079 3171 κοινοῦ
1127 3117 1588 3188 παραδείγματος,
1642 3117 1734 3171 καὶ
1782 3118 1875 3171 ἐπὶ
1911 3117 2009 3188 τὴν

436 3204 601 3272 φύσιν
657 3203 827 3273 αὐτὴν
875 3199 1232 3270 καταφεύγει,
1290 3200 1425 3272 ὅπερ
1481 3199 1632 3271 [269]
1691 3199 1811 3264 ἐθος
1863 3199 2012 3271 αὐτῷ

439 3287 632 3339 ποιεῖν.
664 3285 774 3339 Καὶ
802 3284 910 3357 7&9
932 3284 1095 3356 ἡνίκα
1124 3285 1252 3356 περὶ
1280 3284 1381 3355 τῆς
1409 3283 1586 3354 κόμης
1611 3283 1882 3350 διελέγετο
1902 3282 2012 3336 τῶν

439 3369 648 3440 ἀνδρῶν
682 3369 776 3422 καὶ
814 3369 925 3422 τῶν
947 3367 1243 3434 γυναικῶν,
1282 3366 1418 3438 μετὰ
1443 3365 1512 3420 τά
1543 3366 1677 3420 ἀλλα
1706 3367 1800 3420 καὶ
1829 3366 2014 3420 ἐντεῦ-

440 3453 530 3506 θεν
562 3452 760 3515 αὐτοὺς
789 3451 1096 3513 ἐπαίδευσε,
1137 3450 1331 3518 λέγων’
1358 3445 1434 3506 Ἦ
1469 3448 1613 3504 οὐδὲ
1637 3448 1790 3517 αὐτὴ
1830 3451 1869 3518 ὴ
1907 3449 2018 3518 φύ-

440 3551 540 3601 σις
568 3532 724 3604 ὑμᾶς
744 3533 1034 3596 διδάσκει,
1064 3534 1154 3588 ὅτι
1180 3532 1336 3600 ἀνὴρ
1352 3533 1469 3602 μὲν
1488 3531 1597 3586 ἐὰν
1619 3530 1792 3602 κομᾷ,
1817 3532 2018 3600 ἀτιμία

441 3618 602 3684 αὑτῷ
630 3619 779 3684 ἐστι,
818 3618 974 3688 γυνὴ
1014 3617 1083 3671 δὲ
1108 3618 1216 3673 ἐὰν
1244 3616 1416 3686 κομᾷ,
1452 3616 1602 3681 δόξα
1636 3615 1827 3684 αὐτῆς
1852 3617 2018 3679 ἑστι;

444 3702 554 3757 Καὶ
590 3703 678 3755 ὅτε
710 3702 840 3772 περὶ
870 3701 980 3755 τῶν
1014 3701 1378 3754 εἰδωλοθύτων
1409 3700 1614 3768 ἔλεγεν,
1661 3699 2020 3769 ἀπαγορεύων

445 3784 624 3839 αὐτῶν
649 3783 938 3847 ἅπτεσθαι,
961 3785 1055 3836 καὶ
1079 3784 1185 3837 ἀπὸ
1207 3784 1316 3836 τῶν
1343 3781 1539 3848 ἔξωθεν
1561 3782 2020 3854 παραδειγμάτων

446 3866 720 3939 ἐπεχείρει
745 3866 822 3936 τῷ
845 3867 1009 3935 λόγῳ,
1045 3865 1388 3936 Ὀλυμπικῶν
1428 3883 1488 3918 τε
1535 3866 1761 3933 ἀγώνων
1812 3883 2020 3936 μεμνη-

453 3948 634 4021 μένος,
680 3949 776 4002 καὶ
817 3948 1013 4016 λέγων,
1047 3948 1127 4001 δτι
1186 3951 1250 4001 Ol
1302 3949 1372 4002 ἐν
1422 3948 1645 4015 σταδίῳ
1688 3948 2020 4016 τρέχοντες,

451 4031 672 4098 πάντες
705 4030 822 4100 μὲν
857 4030 1194 4098 τρέχουσιν,
1223 4025 1311 4096 εἷς
1345 4030 1414 4084 δὲ
1451 4029 1738 4097 λαμϐάνει
1788 4029 1854 4082 τὸ
1879 4030 2027 4097 ,Βρα-

452 4115 636 4173 σεῒονο
671 4113 768 4168 καὶ
799 4113 908 4168 ἀπὸ
937 4113 1208 4183 ποιμένων
1233 4115 1327 4167 καὶ
1350 4111 1699 4185 στρατιωτῶν
1732 4110 1826 4164 καί¹
1851 4127 2026 4182 γεωρ-

450 4199 562 4270 γῶν
586 4196 762 4252 ταῦτα
783 4196 1227 4262 κατασκευάζων.
1261 4195 1352 4249 Διὸ
1381 4196 1442 4266 δὴ
1469 4195 1563 4250 καὶ
1585 4193 1821 4248 ἐνταῦθα
1851 4194 2027 4247 κοινὸν

453 4283 759 4352 ὑπόδειγμα
810 4281 891 4343 είς
947 4280 1109 4350 μέσον
1173 4280 1352 4350 φέρει,
1403 4278 1469 4331 δι’
1525 4270 1586 4332 οὗ
1641 4277 1883 4348 βιάζεται
1935 4276 2028 4330 καὶ

453 4366 746 4438 φιλονεικεῖ
773 4363 939 4428 δεῖξαι
968 4363 1157 4417 οὐδένα
1193 4361 1592 4433 ἠλαττωμένον,
1625 4361 1653 4413 ὃ
1689 4361 1785 4414 καὶ
1817 4359 2030 4430 θαυμα-

455 4450 579 4504 στὸν
613 4443 683 4519 ἦν
715 4447 810 4502 καὶ
837 4447 1138 4517 παράδοξον
1159 4446 1453 4517 δυνηθῆναι
1483 4444 1910 4509 κατασκευάσαι,
1938 4444 2032 4497 καὶ

452 4532 580 4591 τοὺς
612 4528 1005 4600 ἀφελεστέρους
1035 4530 1217 4583 ίκανὸν
1245 4528 1675 4599 ἀνακτήσασθαι,
1707 4528 1768 4580 τὸ
1795 4526 1888 4580 τοῦ
1921 4525 2028 4579 σώ-

460 4629 628 4683 ματος
654 4612 816 4680 λέγω.
851 4612 956 4665 Τὸν
994 4612 1102 4682 γὰρ
1135 4611 1467 4682 μικρόψυχον
1512 4611 1607 4664 καὶ
1649 4611 2028 4681 ἠλαττωμένον

457 4695 608 4749 οὐδὲν
637 4691 780 4748 οὕτω
809 4694 1207 4765 παραμυθεῖται
1248 4695 1342 4747 καὶ
1371 4693 1546 4746 πείθει
1593 4693 1668 4764 μὴ
1716 4693 1925 4762 ἀλγεῖν,
1954 4694 2031 4758 ὠς

457 4779 520 4832 τὸ
580 4777 772 4848 μαθεῖν
827 4778 909 4830 ὅτι
956 4777 1056 4830 οὐκ
1115 4779 1438 4847 ἠλάττωται.
1488 4776 1688 4847 Διόπερ
1735 4777 1828 4830 καὶ
1871 4777 2032 4841 αὐτὸς

459 4860 886 4925 κατασκευάζων
923 4861 1085 4920 αὐτὸ,
1114 4862 1256 4914 οὓτω
1283 4860 1433 4931 φησί·
1486 4860 1765 4927 Καθάπερ
1814 4860 1922 4929 γὰρ
1963 4860 2032 4914 τὸ

461 4941 632 5013 σῶμα
653 4943 724 4998 ἓν
747 4944 898 5008 ἐστι,
934 4942 1034 4996 καὶ
1050 4941 1207 5011 μέλη
1234 4943 1356 5010 ἔχει
1379 4942 1599 4996 πολλά.
1627 4938 1782 5006 Εἶδες
1816 4942 2033 4997 σύνεσιν

460 5025 886 5098 ἡκριϐωμένηνς
928 5025 1002 5078 Τὸ
1042 5024 1174 5078 αὐτὸ
1207 5027 1300 5078 καὶ
1334 5023 1412 5087 ἓν,
1441 5026 1536 5080 καὶ
1573 5024 1746 5079 πολλά
1771 5025 2031 5082 δείκνυσι.

463 5108 555 5161 Διὸ
599 5109 693 5160 καὶ
741 5109 957 5176 ἐπάγει,
1007 5107 1264 5179 μειζόνως
1299 5107 1769 5178 ἐπαγωνιζόμενος
1791 5108 1869 5178 τῷ
1899 5125 2035 5178 προ-

465 5189 721 5260 κειμένῳο
779 5191 978 5246 Πάντα
1025 5191 1093 5245 δὲ
1143 5191 1218 5246 τὰ
1250 5190 1408 5259 μέλη
1456 5191 1562 5244 τοῦ
1605 5190 1878 5261 σώματος
1929 5190 2038 5245 τοῦ

466 5271 606 5338 ἑνός
641 5273 841 5326 πολλά
864 5273 1029 5340 ὄντα,
1059 5273 1129 5327 ἓν
1149 5273 1281 5328 ἐστι
1306 5272 1498 5342 σῶμα.
1531 5274 1646 5327 Οὐκ
1691 5269 1834 5339 εἷπε,
1861 5273 2039 5326 Πολλά

467 5353 598 5408 δντα
624 5353 718 5407 106
745 5353 862 5417 ἐνός
885 5357 1002 5408 ἐστι
1034 5355 1302 5424 σώματος.
1335 5356 1470 5419 ἀλλ’,
1498 5357 1638 5410 Αὐτὸ
1659 5357 1719 5410 τὸ
1741 5357 1800 5410 ἐν
1827 5356 1984 5426 σῶμα
2009 5354 2038 5393 δ

470 5435 646 5490 πολλά
676 5438 813 5496 ἐστι.
849 5438 1074 5490 κάκεῖνα
1093 5438 1164 5491 τά
1189 5438 1360 5492 πολλά
1389 5439 1523 5508 μέλη
1553 5439 1714 5493 τοῦτό
1733 5442 1848 5492 ἐστι
1875 5439 1935 5492 τὸ
1959 5439 2036 5492 ἐν.

474 5523 537 5576 El
563 5522 745 5575 τοίνυν
772 5521 830 5575 ἐν
873 5523 988 5576 ἐστι
1019 5520 1091 5574 τά
1135 5521 1326 5585 πολλά,
1358 5523 1450 5574 καὶ
1481 5521 1542 5576 τὸ
1567 5522 1624 5574 ἐν
1649 5522 1839 5585 πολλὰ,
1881 5521 1983 5575 ποῦ
2007 5523 2041 5591 ἡ

2095 2038 2224 2108 γὰρ,
2253 2037 2437 2106 φησὶν,
2462 2035 2532 2090 ἓν
2550 2035 2702 2100 ἐστι,
2730 2035 2824 2090 καὶ
2845 2034 2944 2106 οὐχ
2971 2032 3156 2096 ἁπλῶς
3177 2030 3258 2095 ἓν,
3284 2029 3423 2084 ἀλλά
3445 2030 3587 2084 κατά
3612 2030 3676 2084 τὸ

2095 2121 2436 2194 κυριώτερον
2499 2121 2883 2192 ἐξεταζόμενα,
2947 2119 3089 2174 κατά
3150 2117 3232 2183 τὸ,
3281 2115 3444 2186 σῶμα
3515 2112 3676 2178 εἶναι,

2096 2206 2274 2258 πάντα
2321 2204 2633 2275 εὑρίσκεται
2663 2205 2721 2258 ἓν
2747 2206 2896 2258 ὄντα.
2922 2204 3094 2256 Ὅταν
3124 2201 3181 2255 δὲ
3221 2198 3283 2254 τὸ
3306 2197 3448 2252 κατά
3491 2197 3676 2269 μέρος,

2096 2289 2217 2342 τότε
2255 2290 2288 2358 ἡ
2323 2287 2553 2359 διαφορά
2576 2330 2591 2353 ,
2642 2290 2737 2343 καὶ
2780 2291 2812 2359 ἡ
2860 2285 3094 2358 διαφορά
3151 2287 3210 2338 ἐν
3249 2285 3416 2338 πᾶσιν
3455 2282 3676 2352 ὁμοίως.

2099 2371 2265 2426 Οὐδὲν
2292 2372 2402 2444 7&9
2446 2374 2624 2427 αὐτῶν
2666 2373 2788 2428 καθ’
2822 2373 2980 2427 ἐαυτὸ
3026 2371 3186 2441 σῶμα
3226 2368 3454 2423 δύναται
3483 2370 3678 2424 ποιεῖν.

2100 2457 2216 2511 ἀλλ’
2244 2457 2444 2527 ὁμοίως
2496 2459 2726 2512 ἕκαστον
2772 2459 3017 2511 λείπεται
3063 2457 3145 2519 είς
3180 2453 3243 2508 τὸ
3289 2455 3466 2507 ποιεῖν
3500 2451 3676 2520 σῶμα,

2101 2541 2196 2595 καὶ
2221 2541 2303 2594 δεῖ
2331 2541 2430 2612 τῆς
2461 2541 2709 2596 συνόδου.
2745 2541 2913 2595 Ὅταν
2961 2541 3070 2610 7&9
3111 2537 3180 2591 1&
3221 2535 3391 2591 πολλά
3431 2535 3490 2588 ἓν
3531 2534 3681 2602 γίνη-

2101 2641 2213 2688 ται,
2242 2624 2364 2678 τότε
2389 2624 2536 2677 ἐστὶν
2557 2624 2616 2678 ἐν
2646 2623 2824 2694 σῶμα.
2859 2623 2951 2676 Διὸ
2983 2623 3076 2676 καὶ
3100 2620 3232 2674 αὐτὸ
3254 2617 3415 2674 10610
3446 2615 3678 2672 αἰνιττό-

2107 2725 2284 2778 μενος,
2339 2707 2519 2777 ἐλεγεο
2564 2707 2765 2762 Πάντα
2809 2707 2878 2760 δὲ
2923 2707 2996 2760 τὰ
3036 2705 3194 2776 μέλη
3243 2703 3352 2758 τοῦ
3407 2703 3681 2773 σώματος

2104 2791 2303 2844 πολλὰ
2340 2789 2503 2855 ὄντα,
2556 2789 2626 2843 ἓν
2685 2791 2816 2844 ἐστι
2865 2789 3056 2858 σῶμα.
3110 2789 3219 2842 Καὶ
3271 2789 3373 2842 οὐκ
3419 2783 3564 2851 εἷπε,
3602 2784 3684 2838 Τά

2106 2873 2440 2944 ὑπερέχοντα
2469 2874 2563 2927 καὶ
2602 2872 2672 2926 τά
2705 2873 2982 2939 ἐλάττονα,
3024 2870 3181 2933 ἀλλὰ.
3219 2871 3427 2925 Πολλὰ
3456 2871 3622 2932 ὄντα,
3653 2869 3681 2922 ὃ

2107 2957 2284 3012 κοινὸν
2313 2957 2478 3012 πᾶσίν
2507 2959 2672 3012 ἐστιν.
2703 2957 2813 3010 Καὶ
2841 2956 2956 3020 πῶς
2981 2956 3204 3010 δυνατὸν
3228 2957 3286 3009 ἓν
3309 2951 3448 3010 εἷναι
3473 2972 3488 3020 ;
3517 2956 3682 3007 Ὅταν

2106 3041 2203 3113 τὴν
2242 3041 2504 3113 διαφοράν
2547 3041 2792 3095 ἐκϐαλὼν
2831 3041 2940 3094 τῶν
2979 3039 3175 3110 μελῶν,
3197 3040 3258 3094 τὸ
3296 3041 3453 3111 σῶμα
3501 3037 3683 3106 ἐξετά-

2109 3125 2227 3196 ζῃς.
2267 3125 2444 3195 Ὅπερ
2491 3124 2602 3196 γάρ
2654 3125 2801 3177 ἐστιν
2850 3123 3148 3193 ὀφθαλμὸς,
3189 3122 3348 3176 τοῦτο
3384 3123 3479 3177 καὶ
3529 3121 3680 3183 ποῦς.

2110 3207 2254 3262 κατά
2287 3207 2370 3269 τὸ,
2403 3207 2561 3276 μέλος
2601 3203 2740 3260 εἶναι
2785 3202 3063 3276 καὶσῶμα
3093 3209 3287 3260 ποιεῖν·
3321 3205 3552 3276 οὐδεμία
3579 3204 3684 3274 γάρ

2113 3290 2347 3345 ἐνταῦθα
2372 3290 2624 3361 διαφορά.
2659 3290 2784 3343 Οὐδ’
2819 3289 2886 3344 ἂν
2931 3287 3077 3358 ἔχοις
3126 3291 3320 3352 εἰπεῖν,
3365 3289 3448 3342 ὅτι
3492 3289 3554 3342 τὸ
3591 3287 3686 3359 μὲν

2113 3372 2222 3425 τῶν
2271 3375 2447 3444 μελῶν
2491 3376 2638 3426 ποιεῖ
2669 3373 2829 3444 σῶμα
2861 3372 2982 3426 καθ’
3023 3371 3201 3435 ἑαυτὸ,
3229 3373 3291 3427 τὸ
3327 3373 3386 3426 δέ
3429 3373 3492 3426 οὐ
3524 3373 3684 3426 ποιεῖ’

2117 3459 2293 3514 πάντα
2314 3459 2422 3531 7&9
2445 3457 2618 3523 ἰσάζει
2651 3458 2709 3510 ἐν
2729 3457 2922 3528 τούτῳ,
2949 3455 3136 3528 ἐπειδὴ
3166 3457 3260 3510 καὶ
3283 3457 3462 3513 πάντα
3489 3457 3550 3512 ἒν
3577 3459 3688 3511 ἐστι

2121 3559 2198 3595 σω
2205 3561 2299 3612 μα.

2191 3700 2376 3754 Είπὼν
2422 3700 2478 3752 δὲ
2519 3697 2699 3760 10610.
2748 3700 2842 3754 καὶ
2887 3699 3177 3765 ἀποδείξας
3218 3701 3406 3771 σαφῶς
3439 3700 3545 3754 ἀπὸ
3589 3701 3690 3769 τῆς

2122 3786 2302 3855 κοινῆς
2334 3785 2588 3838 ἀπάντων
2615 3785 2820 3854 ψήφου,
2851 3785 3155 3854 ἐπήγαγεν·
3177 3785 3342 3840 Οὕτω
3375 3784 3474 3838 καὶ
3501 3788 3532 3838 ὁ
3561 3786 3690 3851 Χρι-

2122 3872 2290 3935 στός.
2322 3869 2431 3921 Καὶ
2453 3867 2570 3920 δέον
2599 3868 2792 3928 είπεῖν,
2817 3866 2972 3921 Οὕτω
2999 3868 3090 3922 καὶ
3116 3869 3148 3939 ἡ
3192 3867 3490 3938 Ἐκκλησία
3521 3867 3693 3938 (10610

2123 3955 2231 4024 γὰρ
2257 3951 2549 4006 ἀκόλουθον
2573 3948 2685 4022 ἦν),
2717 3951 2874 4005 τοῦτο
2911 3951 3010 4022 μὲν
3035 3953 3097 4005 οὐ
3131 3951 3316 4022 φησὶν,
3342 3951 3458 4005 ἀντ’
3483 3949 3695 4018 ἐκείνης

2125 4039 2181 4092 δὲ
2216 4037 2310 4090 τὸν
2339 4035 2489 4108 [270]
2529 4037 2763 4107 Χριστὸν
2791 4036 3024 4107 τίθησιν,
3065 4037 3146 4100 είς
3183 4035 3316 4106 ὕψος
3347 4035 3568 4103 ἀνάγων
3604 4032 3697 4086 τὸν

2125 4122 2302 4191 λόγον,
2349 4121 2441 4174 καὶ
2473 4119 2734 4189 μειζόνως
2765 4119 2856 4172 τόν
2896 4119 3169 4190 ἀκροατὴν
3202 4119 3502 4190 ἐντρέπων.
3545 4120 3612 4170 '0
3639 4116 3698 4171 δέ

2127 4207 2295 4276 λέγει,
2325 4204 2484 4258 τοῦτό
2516 4207 2683 4258 ἐστιν·
2719 4204 2877 4258 Οὕτω
2906 4206 3001 4258 καὶ
3027 4205 3122 4258 106
3158 4203 3396 4275 Χριστοῦ
3423 4203 3485 4256 τὸ
3517 4203 3696 4273 σῶμα,

2128 4293 2265 4363 ὅπερ
2302 4291 2448 4344 ἐστὶν
2489 4291 2521 4358 ἡ
2569 4288 2888 4359 Ἐκκλησία.
2937 4288 3204 4358 Καθάπερ
3246 4289 3355 4357 7&9
3392 4288 3486 4339 καὶ
3539 4287 3700 4354 σῶμα

2130 4377 2225 4429 καὶ
2257 4373 2467 4444 κεφαλὴ
2501 4367 2579 4434 εἷς
2611 4375 2760 4425 ἐστιν
2791 4371 3095 4442 ἄνθρωπος,
3129 4369 3271 4423 οὕτω
3311 4370 3408 4440 τὴν
3460 4369 3702 4434 Ἐκκλησ-

2131 4460 2254 4512 σίαν
2295 4457 2389 4510 καὶ
2431 4455 2522 4509 τὸν
2553 4454 2786 4526 Χριστὸν
2819 4454 2874 4507 ἒν
2906 4453 3119 4528 ἔφησεν.
3141 4449 3301 4507 εἶναι.
3334 4453 3424 4506 Διὸ
3469 4453 3570 4506 καὶ
3611 4455 3702 4507 τὸν

2132 4541 2366 4612 Χριστὸν
2399 4539 2520 4594 ἀντὶ
2549 4540 2648 4608 τῆς
2694 4539 3021 4608 Ἐκκλησίας
3049 4537 3294 4602 τέθεικε,
3330 4537 3391 4591 τὸ
3421 4536 3584 4605 σῶμα
3610 4538 3705 4591 αὐ-

2129 4626 2223 4680 106
2250 4623 2421 4687 οὕτως
2453 4620 2754 4690 ὀνομάζων.
2785 4622 2999 4692 ’Ὠσπερ
3029 4617 3144 4681 οὖν.
3177 4622 3370 4692 φησὶν,
3400 4621 3460 4674 ἐν
3490 4638 3544 4674 τι
3587 4621 3705 4674 ἐστὶ

2131 4709 2191 4762 τὸ
2213 4707 2480 4778 ἡμέτερον
2505 4705 2684 4775 σῶμα,
2709 4706 2756 4758 εί
2783 4706 2876 4759 καὶ
2905 4706 2968 4758 ἐκ
2997 4704 3205 4757 πολλῶν
3228 4703 3534 4771 σύγκειται·
3563 4702 3704 4757 οὕτω

2132 4793 2229 4846 καὶ
2257 4792 2313 4844 ἐν
2336 4791 2402 4860 τῇ
2441 4787 2736 4860 Ἐκκλησία
2759 4788 2817 4841 ἐν
2846 4805 2900 4840 τι
2929 4788 3126 4850 πάντες
3157 4787 3343 4857 ἐσμέν.
3377 4788 3438 4840 Εἰ
3469 4788 3581 4857 7&9
3613 4787 3705 4839 καὶ

2133 4876 2198 4928 ἐκ
2242 4873 2453 4927 πολλῶν
2482 4871 2621 4942 αὐτη
2673 4871 2959 4937 σύγκειται
3007 4869 3203 4940 μελῶν,
3256 4868 3392 4923 ἀλλά
3430 4870 3498 4922 τὰ
3536 4867 3706 4922 πολλά

2131 4955 2307 5011 ταῦτα
2335 4957 2392 5008 ἓν
2415 4955 2624 5024 γίνεται
2655 4953 2836 5023 σῶμα.
2888 4952 3365 5022 ’Δνακτησάμενος
3400 4952 3584 5005 τοίνυν
3613 4952 3706 5006 καὶ

2135 5038 2425 5109 ἀναγαγὼν
2455 5038 2546 5091 τὸν
2578 5035 2842 5090 δοκοῦντα
2871 5035 3245 5105 ἡλλαττῶσθαι
3269 5034 3379 5088 ἀπὸ
3399 5035 3494 5088 τοῦ
3526 5032 3704 5088 κοινοῦ

2135 5126 2324 5181 τούτου
2356 5121 2820 5193 παραδείγματος,
2855 5119 3018 5174 πάλιν
3047 5118 3147 5190 τὴν
3189 5118 3376 5189 κοινὴν
3420 5119 3707 5189 συνήθειαν

2136 5209 2354 5278 ἀφίησι,
2381 5207 2478 5260 καὶ
2502 5205 2587 5275 ἐφ’
2609 5203 2795 5274 ἕτερον
2828 5201 3048 5274 ἔρχεται
3077 5203 3374 5272 κεφάλαιον
3406 5219 3707 5272 πνευματι-

2138 5293 2237 5346 κὸν
2289 5290 2510 5362 μείζονα
2553 5287 2718 5357 φέρον
2767 5285 2868 5357 τὴν
2920 5285 3303 5358 παράκλησιν,
3360 5286 3456 5341 καὶ
3508 5285 3707 5355 πολλῆς

2144 5375 2410 5438 ίσοτιμίας
2437 5373 2496 5426 δν
2537 5370 2884 5425 ἐνδεικτικόν.
2922 5371 3080 5423 Ποῖον
3115 5370 3180 5441 δὴ
3211 5369 3406 5433 τοῦτο;
3439 5368 3549 5422 Καὶ
3599 5369 3706 5437 γὰρ

2141 5459 2209 5512 ἐν
2239 5455 2329 5512 ἑνὶ
2359 5456 2674 5524 Πνεύματι,
2706 5453 2861 5524 φησὶ,
2881 5451 3102 5514 πάντες
3132 5451 3304 5521 ἡμεῖς
3331 5455 3415 5518 είς
3444 5450 3516 5504 ἐν
3539 5452 3707 5519 σῶμα

2142 5539 2600 5605 ἐϐαπτίσθημεν,
2628 5535 2747 5590 εἴτε
2783 5533 3068 5596 Ἰουδαῖοι,
3091 5534 3209 5587 εἴτε
3235 5532 3559 5599 Ἕλληνες.
3591 5534 3708 5586 εἴτε

473 5605 739 5677 διαφοράῖ
783 5605 886 5660 ποῦ
922 5604 984 5660 τδ
1011 5603 1306 5678 ὑπερέχονῖ
1339 5603 1444 5658 ποῦ
1472 5604 1533 5658 τδ
1560 5605 1811 5672 ἔλαττονῖ
1841 5605 2044 5660 Πάντα
2143 5622 2369 5684 δοῦλοι,
2403 5603 2523 5674 εἴτε
2553 5619 2871 5686 ἐλεύθεροι.
2907 5618 2971 5669 Ὃ
2999 5617 3054 5670 δὲ
3082 5617 3249 5684 λέγει,
3279 5616 3438 5670 τοῦτό
3471 5619 3609 5668 ἐστι*
3637 5615 3709 5666 Τὸ

547 5813 571 5842 ι
599 5803 770 5855 Aberat
793 5807 956 5856 εἰπεῖν.
1023 5804 1046 5846 ἱ·
1078 5804 1151 5856 Ita
1169 5805 1292 5869 Reg.
1315 5801 1445 5854 Εόίιὶ
1470 5813 1605 5862 vero,
1627 5801 1740 5850 αὐτὸ
1763 5802 1816 5850 τὸ
1843 5804 1999 5864 σῶμα.

2146 5704 2559 5759 κατασκευάσειν
2590 5703 2738 5774 ἡμᾶς
2767 5700 2826 5753 ἓν
2853 5697 3010 5769 σῶμα
3047 5699 3320 5767 γενέσθαι,
3353 5699 3447 5752 καὶ
3485 5699 3712 5766 ἀναγεν-

2148 5790 2316 5860 νῆσαν
2359 5788 2527 5859 ἡμᾶς,
2564 5785 2621 5840 ἓν
2664 5787 2778 5837 ἐστι
2813 5782 3054 5853 Πνεῦμα·
3082 5783 3143 5835 οὐ
3188 5782 3297 5854 γάρ
3336 5783 3394 5836 ἐν
3439 5780 3584 5850 ἄλλῳ
3615 5780 3715 5849 μὲν
