3990 6168
318 295 426 352 Ξὶ9

314 406 464 460 illum
516 398 819 472 quempiam
864 408 1152 466 pauperem
1194 388 1276 447 vel
1324 388 1590 450 divitem;
1621 386 1730 440 imo
1769 382 1889 440 ιιωο

320 496 499 550 minus
537 507 695 563 quam
728 490 814 543 illa
842 485 1165 557 quaerenda;
1208 480 1302 537 sed
1330 489 1498 535 totum
1528 477 1592 531 ad
1625 491 1779 531 usum
1804 491 1892 533 re-

316 588 448 644 ferri
476 586 653 641 debet.
679 580 893 638 Etiamsi
921 592 1121 649 pauper
1146 576 1242 641 sis,
1278 580 1427 643 potes
1452 585 1573 626 cum
1603 568 1745 623 bono
1770 582 1889 620 ant-

319 697 409 737 rno
438 680 615 734 vivere
639 676 684 730 si
721 669 1151 743 philosopheris:
1183 666 1392 721 etiamsi
1431 663 1584 717 dives
1624 660 1699 715 sis
1725 700 1739 723 ,
1770 672 1890 711 om-

319 776 466 827 nium
498 786 555 825 es
592 768 925 823 miserrimus
954 803 970 828 ,
1011 763 1056 816 si
1102 761 1351 814 virtutem
1382 756 1571 827 fugias.
1618 752 1750 807 Nam
1780 752 1892 804 lucc

318 864 476 918 nobis
500 858 750 915 sectanda
790 864 916 910 sunt
949 896 965 920 ,
996 868 1114 923 quae
1155 850 1221 903 ad
1259 848 1508 901 virtutem
1539 850 1818 913 spectant:
1845 840 1890 894 si

320 954 433 1007 ltth
460 968 564 1006 non
592 949 790 1011 adsint,
819 947 1043 1001 aliorum
1073 941 1218 996 nulla
1242 939 1457 994 utilitas.
1491 935 1615 991 Ideo
1639 936 1891 1001 frequen-

320 1054 400 1099 tes
426 1044 531 1097 illze
563 1039 1012 1109 interrogationes
1040 1075 1055 1099 ,
1080 1034 1204 1104 quia
1244 1028 1394 1085 multi
1430 1042 1494 1082 ea
1536 1041 1655 1095 qua:
1687 1022 1896 1077 inditfe—

318 1136 489 1193 rentia
510 1141 635 1188 sunt
664 1132 730 1186 ad
757 1146 816 1186 se
840 1139 1083 1199 spectare
1112 1132 1296 1194 putant
1324 1137 1339 1185 ;
1362 1120 1429 1177 de
1445 1120 1510 1173 iis
1533 1131 1662 1171 vero
1682 1130 1801 1184 qua:
1827 1112 1893 1166 ad

256 1201 269 1217 ’
322 1242 380 1281 se
407 1234 649 1296 spectant
688 1233 742 1278 et
767 1222 867 1277 sibi
900 1222 1046 1274 utilia
1089 1227 1257 1282 sunt,
1286 1214 1485 1269 nullam
1510 1209 1771 1265 rationem
1803 1206 1893 1260 ha-

321 1319 470 1374 bent.
501 1316 634 1372 Nam
661 1330 780 1386 quae
819 1321 1001 1368 nostra
1032 1312 1295 1366 intersunt
1324 1348 1340 1370 ,
1374 1307 1537 1360 virtus
1575 1312 1629 1358 et
1661 1302 1897 1372 philoso-

325 1411 447 1482 phia
479 1417 621 1463 sunt.
652 1407 784 1474 Quia
806 1419 931 1476 ergo
952 1396 1017 1457 ab
1040 1403 1128 1456 illa
1151 1402 1311 1471 longo
1338 1396 1623 1452 intervallo
1647 1390 1846 1447 abestis
1866 1426 1882 1456 ,

325 1504 449 1558 ideo
478 1500 854 1571 cogitationum
884 1494 1213 1567 perturbatio
1239 1533 1253 1558 ,
1287 1491 1408 1545 ideo
1450 1488 1643 1542 (luctus
1694 1482 1846 1539 multi
1877 1520 1894 1547 ,

329 1592 451 1647 ideo
472 1598 780 1660 tempestas.
817 1588 947 1642 Cum
986 1585 1128 1639 enim
1166 1598 1196 1637 a
1226 1595 1457 1651 superna
1487 1576 1653 1648 gloria
1686 1572 1897 1629 excide-

329 1681 476 1745 rint,
524 1688 578 1734 et
601 1694 631 1734 a
652 1678 903 1732 caelorum
930 1688 1114 1729 amore
1143 1713 1158 1738 ,
1203 1677 1521 1743 praesentem
1550 1664 1773 1737 gloriam
1808 1678 1899 1717 cu-

334 1772 489 1843 piunt
514 1771 749 1841 fiuntque
772 1767 911 1824 servi
949 1775 1007 1822 et
1040 1764 1255 1835 captivi.
1286 1762 1354 1817 Et
1382 1761 1523 1817 unde
1552 1760 1611 1813 ﬁt
1644 1799 1659 1825 ,
1692 1756 1894 1827 inquit,

1364 270 1429 327 IN
1470 269 1681 328 EPIST.
1722 270 1745 325 l
1808 269 1899 326 AD
1936 268 2088 325 C0“.
2133 266 2361 322 HOMIL.
2405 264 2574 323 XXX.

3461 260 3567 317 ,ἕω

1993 392 2049 437 ut
2074 382 2210 436 hanc
2232 381 2571 454 appetamus‘l
2594 380 2728 450 Quia
2752 394 2860 436 non
2882 381 3105 435 multum
3138 378 3282 435 illam
3308 382 3563 451 concupi-

1991 475 2209 529 scimus.
2256 473 2369 529 Hoc
2407 482 2587 529 autem
2627 472 2803 543 ipsum
2850 470 2991 527 unde
3034 471 3267 527 accidit?
3296 470 3373 526 Ex
3403 472 3569 542 negli-

1992 566 2286 635 gentiazet
2328 564 2648 637 negligentia
2690 564 2875 621 unde?
2918 564 2995 620 Ex
3041 572 3350 634 contemptu
3390 581 3405 619 :
3439 580 3571 620 eon-

1994 667 2230 728 temptus
2271 658 2454 714 unde?
2493 648 2574 713 Ex
2616 656 2850 715 amentia
2880 696 2898 725 ,
2940 663 2996 715 et
3035 656 3176 727 quod
3218 656 3571 727 prmsentibus

1995 750 2262 807 inhiemus
2287 791 2304 818 ,
2332 759 2387 804 et
2409 751 2554 820 quod
2594 766 2771 805 rerum
2797 760 3040 806 naturam
3068 750 3298 805 nolimus
3320 758 3572 806 accurate

1994 842 2327 897 examinare.
2353 841 2466 895 Hoc
2491 856 2619 896 vero
2641 840 2909 896 undenam
2933 840 3217 911 procedit?
3242 840 3394 909 Quod
3426 840 3573 897 Scri-

1997 944 2272 1005 pturarum
2299 933 2517 988 lectioni
2548 948 2652 989 non
2680 933 3019 988 attendamus
3048 974 3066 1000 ,
3104 949 3279 1004 neque
3306 949 3427 989 cum
3446 934 3577 989 viris

1998 1027 2195 1079 sanctis
2234 1040 2513 1080 versemur
2535 1066 2550 1089 ,
2590 1034 2647 1080 et
2676 1024 3039 1094 improborum
3070 1034 3243 1080 costus
3271 1022 3579 1095 frequente-

1999 1131 2139 1169 mus.
2167 1114 2246 1170 Ne
2275 1116 2436 1184 igitur
2454 1114 2553 1170 hoc
2583 1124 2842 1186 perpetuo
2865 1115 2956 1169 flat
2973 1155 2990 1182 ,
3013 1124 3067 1170 et
3088 1131 3154 1169 ne
3180 1114 3373 1170 ﬂuctus
3395 1113 3577 1171 ﬂucti-

2000 1207 2098 1262 bus
2122 1206 2473 1262 succedentes
2492 1248 2508 1273 ,
2542 1221 2643 1260 nos
2674 1206 2727 1259 in
2770 1206 3035 1260 malorum
3063 1206 3283 1276 pelagus
3311 1206 3581 1261 abducant

2002 1308 2054 1353 et
2071 1297 2330 1353 suifocent
2348 1296 2689 1367 funditnsque
2711 1295 2964 1366 perdant;
2986 1296 3159 1351 donec
3178 1304 3387 1364 tempus
3403 1296 3578 1360 adest,

1998 1402 2375 1457 exsurgamus,
2399 1396 2454 1441 et
2480 1401 2638 1456 supra
2667 1396 2871 1455 petram
2902 1395 3132 1451 stantes,
3160 1385 3250 1440 Dei
3269 1385 3578 1455 dogmatum

2002 1478 2121 1534 dico
2172 1487 2227 1533 et
2278 1478 2563 1532 verborum
2590 1518 2606 1539 .
2651 1478 2998 1547 respiciamus
3040 1484 3412 1545 tempestatem
3459 1474 3583 1529 vitae

2004 1569 2305 1639 prmsentis.
2352 1568 2425 1623 lta
2450 1569 2591 1623 enim
2618 1577 2673 1623 et
2696 1584 2793 1623 nos
2823 1568 2993 1637 ipsam
3015 1566 3350 1639 effugiemus,
3377 1574 3429 1620 et
3449 1565 3584 1620 alios

2004 1662 2335 1732 naufragium
2383 1661 2647 1731 patientes
2687 1661 3033 1716 extrahemus
3063 1702 3078 1727 ,
3129 1662 3296 1730 gratia
3339 1667 3394 1714 et
3432 1656 3584 1713 beni-

2005 1757 2235 1823 gnitate,
2266 1762 2373 1807 ctc.

362 1860 3577 1897 ΜΝ

1683 1918 2028 1984 HOMILIA
2067 1918 2283 1979 XXX.

332 2066 458 2121 CAP.
489 2063 578 2119 12.
621 2078 674 2115 v.
712 2058 799 2116 12.
828 2058 972 2113 Sicut
1000 2055 1129 2111 enim
1153 2069 1334 2123 corpus
1364 2067 1519 2105 unum
1543 2058 1636 2113 est,
1664 2056 1711 2101 et
1740 2061 1902 2099 mem-

401 2157 492 2211 bra
512 2154 658 2208 habet
685 2149 883 2214 multa;
912 2148 1083 2203 omnia
1107 2156 1272 2199 autem
1297 2141 1519 2198 membra
1535 2139 1761 2210 corporis
1786 2151 1904 2190 cum

401 2252 500 2307 sint
530 2247 712 2311 multa,
731 2260 887 2299 unum
906 2253 1072 2296 tamen
1099 2254 1282 2309 corpus
1305 2245 1421 2290 sunt
1445 2250 1463 2289 :
1483 2235 1555 2287 ita
1580 2242 1627 2287 et
1651 2229 1902 2287 Christus.

402 2347 455 2399 1.
499 2343 630 2397 Cum
679 2336 1101 2394 consolationem
1154 2331 1474 2402 przebuisset
1533 2343 1600 2383 ex
1645 2339 1712 2380 eo
1763 2320 1906 2394 quod

327 2436 617 2507 gratuitum
643 2437 791 2487 esset
814 2428 1013 2483 donum
1034 2466 1051 2490 ,
1108 2440 1177 2480 ex
1234 2438 1301 2479 eo
1325 2421 1467 2492 quod
1507 2418 1687 2474 omnia
1709 2431 1774 2470 ex
1802 2427 1909 2469 uno

328 2527 627 2595 eodemque
677 2520 881 2593 Spiritu
913 2522 1219 2589 acciperent
1243 2557 1259 2582 ,
1282 2530 1350 2571 ex
1375 2528 1442 2568 eo
1463 2509 1604 2582 quod
1624 2508 1692 2563 ad
1715 2507 1911 2561 utilita-

332 2629 439 2673 tem
470 2615 729 2672 darentur
760 2652 777 2678 ,
807 2628 877 2667 ex
904 2626 971 2665 eo
1000 2608 1140 2679 quod
1172 2622 1270 2677 per
1298 2605 1506 2659 minora
1550 2597 1911 2656 manifestatio

334 2710 489 2764 fleret
516 2725 529 2760 :
554 2706 623 2761 ad
654 2705 770 2759 haec
797 2701 960 2759 etiam
988 2715 1110 2755 cum
1140 2713 1202 2753 os
1243 2710 1429 2753 eorum
1462 2691 1817 2749 obstrinxisset
1845 2704 1912 2743 ex

337 2816 404 2857 eo
459 2798 603 2870 quod
652 2804 898 2867 Oporteat
947 2790 1192 2864 potestati
1231 2788 1459 2859 Spiritus
1500 2784 1728 2847 cedere;
1789 2780 1913 2835 Htcc

334 2894 479 2948 enim
532 2889 703 2943 omnia
724 2927 742 2955 ,
770 2885 960 2956 inquit,
992 2891 1227 2953 operatur
1251 2895 1381 2933 unus
1410 2887 1559 2947 atque
1586 2874 1720 2929 idem
1740 2871 1914 2943 Spiri-

337 2999 438 3053 tus,
468 2985 695 3040 dividens
724 2979 935 3052 singulis
963 2985 1113 3047 prout
1147 2975 1254 3028 vult
1277 2989 1296 3037 ;
1325 2986 1492 3042 quare
1517 2984 1624 3023 non
1660 2966 1787 3021 licet
1816 2979 1915 3019 cu-

339 3080 485 3133 riose
506 3074 781 3145 inquirere
806 3088 820 3125 :
849 3086 914 3126 ex
941 3068 1049 3123 alio
1074 3081 1259 3122 rursus
1290 3064 1407 3119 illos
1426 3061 1736 3118 consolatur
1764 3072 1915 3113 com-

340 3168 489 3222 muni
534 3164 825 3235 exemplo:
856 3170 911 3217 et
939 3159 1007 3215 ad
1047 3168 1289 3213 naturam
1329 3157 1500 3226 ipsam
1548 3150 1829 3220 confugit,
1861 3155 1920 3202 ut

342 3259 520 3313 facere
534 3257 690 3312 solet.
706 3254 839 3310 Nam
864 3251 1077 3325 quando
1098 3248 1392 3304 disserebat
1411 3246 1479 3301 de
1505 3259 1656 3300 coma
1684 3245 1919 3297 virorum

348 3364 412 3403 ac
434 3349 736 3414 mulierum,
766 3353 883 3416 post
907 3343 1008 3398 alia
1033 3342 1157 3397 hinc
1181 3354 1394 3412 quoque
1414 3338 1537 3393 illos
1560 3335 1808 3400 erudivit,
1835 3332 1921 3387 di-

354 3454 480 3495 cens
504 3456 519 3493 :
550 3442 728 3493 Annon
748 3440 857 3509 ipsa
877 3446 1060 3490 natura
1077 3450 1162 3487 vos
1188 3434 1365 3498 docet,
1387 3430 1521 3502 quod
1546 3430 1621 3482 vir
1645 3428 1847 3498 quidem
1878 3424 1923 3478 si

358 3547 555 3585 comam
580 3530 781 3593 nutriat,
813 3527 1087 3599 ignominia
1109 3534 1180 3579 est
1205 3523 1282 3577 illi
1308 3538 1327 3587 ,'
1354 3522 1533 3575 mulier
1560 3529 1728 3572 autem
1763 3517 1806 3571 si
1832 3531 1922 3569 co-

357 3638 493 3674 mam
520 3620 709 3674 nutriat
736 3659 752 3683 ,
778 3618 871 3689 ipsi
896 3627 966 3673 est
991 3616 1156 3688 gloria
1181 3614 1201 3685 (
1226 3611 1413 3668 LCor.
1442 3611 1530 3665 11.
1562 3610 1647 3663 id.
1678 3608 1744 3662 15
1773 3608 1793 3677 )
1819 3606 1926 3661 ?Et

352 3728 474 3769 cum
513 3711 584 3767 de
615 3710 920 3781 idolothytis
945 3708 1156 3764 dicebat
1185 3746 1201 3771 ,
1233 3704 1524 3775 prohibens
1551 3701 1635 3755 illa
1666 3709 1883 3769 tangere
1905 3737 1924 3763 ,

350 3806 510 3860 etiam
542 3804 613 3858 ab
636 3802 873 3858 externis
898 3799 1160 3869 exemplis
1189 3809 1493 3852 sermonem
1524 3793 1692 3859 texit,
1735 3790 1925 3863 Olym-

350 3897 463 3965 pica
503 3896 799 3950 certamina
843 3905 1151 3948 memorans
1191 3899 1243 3945 et
1282 3887 1468 3945 dicens
1498 3903 1511 3941 :
1540 3884 1638 3953 Qui
1667 3886 1719 3939 in
1762 3882 1928 3937 stadio

350 3997 557 4043 currunt
584 4029 602 4056 ,
633 4004 803 4043 omnes
842 3987 1043 4057 quidem
1090 3992 1297 4039 currunt
1325 4022 1339 4047 ,
1368 3998 1499 4035 unus
1532 3990 1697 4034 autent
1744 3977 1929 4043 accipit

350 4078 578 4134 bravium
605 4078 777 4148 (Ibid.
808 4078 865 4133 9.
894 4076 1005 4147 24)
1035 4092 1051 4132 :
1080 4086 1239 4145 atque
1280 4088 1309 4127 a
1362 4072 1664 4143 pastoribus
1693 4110 1707 4135 ,
1739 4068 1928 4125 militi-

350 4168 448 4225 bus
489 4181 543 4227 et
593 4168 839 4240 agricolis
886 4167 973 4222 illa
1004 4167 1116 4236 ipsa
1148 4165 1397 4235 probans.
1431 4161 1555 4217 Ideo
1600 4162 1689 4216 hic
1716 4173 1932 4231 quoque

350 4278 639 4319 commune
664 4261 962 4332 exemplum
986 4260 1038 4313 in
1060 4258 1294 4314 medium
1318 4256 1492 4322 affert,
1512 4270 1620 4325 quo
1643 4255 1929 4310 admodum

353 4354 634 4411 contendit
677 4363 736 4408 ut
779 4350 1026 4406 ostendat
1060 4350 1327 4405 neminem
1376 4348 1554 4402 minus
1594 4360 1755 4415 quam
1798 4345 1932 4401 alios

357 4446 567 4513 habere,
612 4446 665 4501 id
693 4445 834 4515 quod
863 4443 1106 4499 mirabile
1134 4443 1319 4497 fuisset
1343 4449 1396 4496 et
1423 4440 1645 4509 probatu
1669 4437 1883 4493 difficile
1910 4478 1929 4505 ,

360 4549 643 4611 tamenque
691 4536 1042 4606 simpliciores
1087 4544 1271 4605 posset
1316 4529 1692 4588 recrearezde
1721 4530 1786 4585 iis
1814 4545 1936 4600 quas

358 4630 422 4685 ad
444 4646 638 4701 corpus
666 4636 911 4698 spectant
933 4626 1071 4682 dico.
1092 4625 1491 4681 Pusillanimem
1513 4636 1744 4692 namque
1758 4629 1813 4677 et
1831 4622 1935 4676 mi-

362 4738 459 4777 nus
484 4723 776 4780 habentem
813 4721 944 4776 nihil
974 4721 1043 4774 ita
1069 4720 1375 4775 consolatur
1400 4727 1456 4772 et
1496 4716 1564 4772 ad
1593 4730 1701 4773 non
1748 4714 1937 4771 dolen-

362 4817 482 4872 dum
512 4816 765 4881 inducit,
792 4824 851 4870 ut
886 4828 1012 4870 cum
1052 4811 1212 4868 discit
1253 4826 1317 4867 se
1358 4825 1466 4865 non
1495 4809 1670 4864 minus
1714 4808 1935 4865 habere.

362 4907 701 4979 Quapropter
730 4906 782 4961 id
811 4905 902 4960 ille
931 4904 1163 4977 probans
1188 4944 1204 4969 ,
1234 4905 1312 4956 sic
1332 4901 1565 4970 loquitur
1589 4918 1603 4954 :
1635 4901 1779 4956 Sicut
1800 4900 1937 4954 enim

364 5015 541 5069 corpus
559 5014 728 5053 unum
750 5005 844 5064 est,
873 5006 919 5052 et
943 4996 1163 5050 membra
1191 4995 1336 5048 habet
1359 4993 1541 5047 multa.
1571 4992 1817 5048 Vidistin’
1843 5006 1931 5046 ac-

366 5101 599 5146 curatam
656 5089 1061 5159 intelligentiam
1088 5089 1110 5141 ?
1139 5086 1376 5157 ldipsum
1419 5092 1475 5140 et
1503 5099 1675 5138 unum.
1690 5092 1747 5139 et
1770 5083 1939 5137 multa

368 5197 483 5239 esse
508 5182 770 5239 ostendit.
804 5180 927 5237 Ideo
948 5180 1242 5250 subjungit,
1275 5179 1327 5233 in
1357 5176 1630 5247 proposito
1658 5176 1830 5247 magis
1858 5176 1943 5231 in-

371 5284 513 5332 stans
543 5296 558 5333 :
590 5275 779 5333 Omnia
798 5285 965 5328 autem
990 5274 1209 5327 membra
1235 5271 1479 5341 corporis,
1507 5286 1621 5324 cum
1641 5269 1740 5323 sint
1760 5267 1945 5336 multa,

378 5472 495 5512 sunt
514 5460 797 5528 corporis;
839 5456 955 5520 sed,
989 5456 1099 5511 Hoc
1121 5459 1293 5526 ipsum
1324 5470 1483 5509 unum
1516 5456 1678 5508 multa
1702 5463 1860 5519 sunt,
1888 5462 1944 5509 et

382 5546 462 5600 illa
486 5551 649 5605 multa
673 5547 1027 5605 membrahoc
1043 5562 1206 5602 unum
1224 5554 1327 5611 est.
1346 5546 1399 5600 Si
1429 5562 1557 5616 ergo
1582 5546 1745 5602 multa
1776 5559 1943 5600 unum

383 5650 500 5695 sunt
521 5682 536 5706 ,
576 5652 632 5696 et
680 5656 845 5694 unum
886 5638 1046 5694 multa
1073 5680 1088 5706 ,
1116 5637 1206 5692 ubi
1237 5647 1317 5691 est
1364 5637 1700 5693 differentia?
1725 5639 1937 5694 ubinam

389 5728 435 5785 id
459 5732 599 5804 quod
618 5732 871 5788 excedit?
896 5731 982 5787 ubi
1004 5729 1143 5802 quod
1175 5730 1348 5785 minus
1376 5740 1458 5786 est
1483 5732 1505 5784 ?
1537 5733 1717 5789 Omnia
1748 5740 1886 5793 enim
1920 5779 1933 5800 ,

2013 2044 2182 2113 inquit
2209 2086 2224 2109 ,
2257 2060 2414 2097 unum
2439 2053 2555 2098 sunt
2583 2083 2599 2109 ,
2631 2052 2686 2100 et
2734 2059 2840 2099 non
2888 2044 3047 2100 modo
3075 2061 3237 2101 unum
3268 2086 3283 2111 ,
3308 2045 3400 2101 sed
3425 2047 3584 2103 etiam

2011 2135 2179 2205 magis
2226 2134 2441 2204 proprie
2490 2135 2792 2190 examinata
2824 2175 2841 2201 ,
2872 2136 3167 2192 secundum
3213 2136 3355 2207 quod
3393 2152 3589 2208 corpus

2010 2236 2138 2283 sunt
2163 2268 2179 2294 ,
2210 2227 2558 2283 inveniuntur
2581 2228 2761 2283 omnia
2790 2242 2913 2284 esse
2937 2244 3123 2284 unum.
3153 2228 3380 2297 Quando
3408 2237 3586 2284 autem

2013 2338 2109 2392 per
2149 2331 2361 2393 partes,
2404 2331 2527 2377 tunc
2564 2320 2862 2377 differentia
2896 2330 3014 2389 est,
3064 2330 3120 2377 et
3156 2321 3455 2378 differentia
3494 2321 3581 2378 illa

2014 2413 2065 2467 in
2117 2412 2367 2469 omnibus
2402 2413 2667 2470 similiter.
2696 2412 2913 2468 Nullum
2960 2414 3102 2469 enim
3151 2428 3338 2469 eorum
3386 2428 3482 2484 per
3530 2428 3591 2469 se

2014 2514 2195 2575 potest
2218 2519 2415 2576 corpus
2452 2506 2665 2561 efficere
2693 2545 2710 2572 ,
2742 2505 2837 2561 sed
2866 2505 2981 2576 pari
3018 2504 3180 2561 modo
3217 2505 3425 2576 singula
3457 2504 3591 2561 deli-

2014 2601 2163 2656 ciunt
2190 2599 2257 2654 ad
2280 2614 2477 2670 corpus
2500 2598 2890 2655 eﬂ‘ormandum
2920 2640 2936 2666 ,
2962 2609 3018 2654 et
3059 2614 3195 2669 opus
3239 2608 3323 2654 est
3360 2599 3590 2668 conjun-

2017 2694 2213 2749 ctione.
2259 2693 2392 2748 Cum
2419 2693 2562 2749 enim
2592 2693 2756 2747 multa
2786 2707 2948 2748 unum
2976 2691 3279 2747 efﬁciuntur
3303 2731 3322 2759 ,
3356 2700 3481 2747 tunc
3508 2702 3593 2749 est

2020 2801 2184 2840 unum
2210 2800 2425 2855 corpus.
2444 2784 2675 2855 Ideoque
2702 2785 2755 2840 id
2777 2784 2951 2856 ipsum
2973 2785 3314 2841 subindicans
3339 2786 3549 2842 dicebat
3576 2805 3591 2841 :

2024 2873 2209 2930 Omnia
2232 2885 2397 2931 autem
2436 2876 2655 2931 membra
2687 2877 2934 2946 corporis,
2961 2893 3077 2931 cum
3096 2877 3197 2931 sint
3222 2877 3403 2944 multa,
3432 2893 3595 2932 unum

2023 2980 2093 3024 est
2115 2986 2316 3042 corpus.
2344 2969 2527 3042 Neque
2550 2970 2686 3027 dixit
2712 3013 2728 3039 ,
2750 2972 2880 3041 Quae
2905 2972 3170 3029 excedunt
3197 2982 3253 3028 et
3277 2988 3397 3045 qua
3420 2974 3599 3030 mino-

2024 3078 2081 3117 ra
2110 3071 2255 3129 sunt,
2276 3062 2371 3119 sed
2394 3108 2412 3128 ,
2444 3062 2568 3118 Cum
2588 3064 2687 3119 sint
2715 3065 2874 3119 multa
2899 3106 2915 3133 ,
2942 3064 3086 3136 quod
3109 3079 3393 3121 commune
3416 3065 3597 3121 omni-

2020 3155 2125 3211 bus
2173 3166 2275 3212 est.
2323 3157 2389 3211 Et
2435 3156 2705 3227 quomodo
2752 3156 2867 3212 ﬁeri
2921 3165 3100 3227 potest
3142 3166 3201 3213 ut
3247 3158 3357 3213 sint
3381 3171 3544 3212 unum
3571 3157 3597 3211 ἵ

2024 3248 2247 3317 Quando
2273 3248 2441 3319 ejecta
2472 3250 2837 3305 membrorum
2863 3248 3163 3306 differentia
3198 3290 3213 3315 ,
3244 3264 3441 3321 corpus
3467 3263 3598 3304 exa-

2026 3343 2332 3398 minaveris.
2360 3342 2510 3409 Quod
2532 3343 2677 3398 enim
2705 3352 2788 3397 est
2807 3343 3015 3408 oculus,
3050 3343 3152 3397 hoc
3173 3351 3228 3398 et
3254 3356 3349 3412 pes
3376 3350 3481 3408 est,
3507 3356 3600 3397 sev-

2027 3437 2261 3491 cundum
2292 3437 2343 3491 id
2374 3437 2515 3507 quod
2543 3436 2838 3491 membrum
2867 3446 2993 3490 sunt
3014 3444 3068 3490 et
3086 3450 3283 3506 corpus
3312 3434 3553 3490 efficiunt
3582 3450 3598 3487 :

2028 3527 2171 3581 nulla
2189 3526 2328 3581 enim
2345 3526 2431 3581 hic
2455 3526 2751 3581 din‘erentia
2770 3534 2872 3580 est.
2894 3525 3075 3594 Neque
3103 3525 3279 3580 dicere
3305 3523 3478 3594 possis
3503 3523 3603 3579 hoc

2030 3617 2328 3673 membrum
2360 3633 2455 3687 per
2481 3633 2539 3673 se
2566 3632 2760 3687 corpus
2784 3616 2979 3683 facere,
3016 3615 3145 3672 illud
3163 3632 3267 3671 non
3297 3618 3459 3672 item:
3489 3631 3605 3673 om-

2032 3709 2119 3763 nia
2150 3709 2292 3764 enim
2326 3708 2426 3764 hac
2454 3708 2505 3764 in
2528 3724 2588 3764 re
2611 3710 2755 3779 paria
2782 3717 2927 3778 sunt,
2946 3708 3067 3780 quia
3092 3708 3271 3764 omnia
3293 3723 3460 3764 unum
3480 3715 3606 3763 sunt

2030 3814 2245 3870 corpus.

2104 3893 2332 3949 Ecclesia
2372 3893 2575 3963 corpori
2608 3893 2828 3947 humano
2866 3903 3209 3965 comparatur.
3238 3922 3312 3936 -—
3338 3892 3451 3948 Hoc
3482 3906 3605 3947 cum

2033 3985 2277 4051 dixisset,
2308 3993 2363 4040 et
2389 3982 2533 4041 clare
2556 4001 2621 4040 ex
2654 3986 2891 4041 omnium
2922 3986 3128 4042 calculo
3156 3986 3602 4051 demonstrasset,

2035 4078 2327 4149 subjunxit,
2357 4076 2441 4131 Ita
2465 4088 2511 4132 et
2540 4076 2791 4133 Christus.
2816 4077 3029 4133 Etcum
3056 4078 3377 4147 oportuisset
3402 4077 3602 4141 dicere,

2035 4171 2109 4226 ita
2151 4180 2205 4226 et
2252 4169 2533 4235 Ecclesia;
2589 4169 2691 4223 hoc
2736 4169 2878 4224 enim
2926 4184 3259 4240 consequens
3306 4177 3466 4224 erat:
3507 4167 3610 4222 hoc

2037 4259 2251 4331 quidem
2286 4276 2391 4315 non
2422 4260 2577 4325 dixit,
2607 4260 2699 4316 sed
2734 4261 2881 4315 illius
2923 4261 3043 4315 loco
3064 4260 3334 4314 Christum
3358 4258 3526 4327 ponit,
3556 4258 3608 4312 in

2037 4357 2201 4409 altum
2233 4354 2497 4408 extollens
2522 4353 2847 4417 orationem,
2872 4361 2930 4406 et
2969 4351 3268 4406 auditorem
3295 4349 3464 4419 magis
3508 4364 3610 4420 pu-

2039 4447 2170 4503 dore
2216 4445 2476 4500 afftciens.
2520 4443 2634 4499 Hoc
2678 4452 2853 4498 autem
2898 4443 3010 4498 vult
3051 4442 3394 4513 signiﬁcare:
3438 4440 3515 4495 Ita
3558 4449 3614 4496 ct

2041 4538 2241 4593 Christi
2266 4551 2486 4606 corpus,
2514 4535 2655 4607 quod
2684 4544 2768 4591 est
2792 4535 3051 4591 Ecclesia.
3075 4534 3225 4591 Sicut
3245 4536 3385 4589 enim
3407 4541 3463 4589 et
3488 4548 3610 4589 cor-

2043 4644 2140 4698 pus
2182 4637 2237 4684 et
2277 4637 2442 4700 caput
2484 4642 2620 4683 unus
2649 4634 2774 4682 sunt
2821 4627 3003 4694 homo,
3034 4627 3104 4681 ita
3133 4636 3189 4683 et
3236 4626 3529 4682 Ecclesiam
3562 4633 3619 4680 et

2043 4720 2316 4777 Christum
2343 4736 2507 4777 unum
2534 4734 2655 4776 esse
2679 4719 2833 4775 dixit.
2868 4718 2992 4775 Ideo
3016 4719 3287 4775 Christum
3313 4734 3411 4790 pro
3430 4719 3618 4775 Eccle-

2045 4814 2123 4869 sia
2150 4814 2350 4884 posuit,
2369 4828 2567 4884 corpus
2593 4812 2710 4881 ejus
2739 4811 2818 4867 sic
2842 4827 3062 4869 vocans.
3082 4813 3229 4869 Sicut
3255 4828 3403 4883 ergo,
3422 4812 3611 4884 inquit,

2044 4922 2239 4977 corpus
2280 4917 2524 4961 nostrum
2554 4920 2718 4959 unum
2746 4914 2851 4973 est,
2875 4906 3091 4961 etiamsi
3112 4921 3179 4961 ex
3204 4905 3384 4960 multis
3411 4905 3617 4960 consti-

2047 5008 2256 5052 tuatur:
2281 4998 2352 5053 ita
2374 5006 2429 5052 et
2449 4997 2500 5050 in
2523 4996 2763 5052 Ecclesia
2784 5013 2971 5053 omnes
2994 5012 3157 5052 unum
3179 5013 3381 5052 sumus.
3398 4998 3623 5053 Etiamsi

2047 5089 2190 5144 enim
2218 5089 2308 5143 illa
2338 5103 2405 5145 ex
2429 5089 2609 5143 multis
2634 5088 2894 5145 membris
2932 5097 3170 5155 constat,
3192 5087 3286 5143 sed
3327 5087 3425 5142 illa.
3454 5089 3619 5144 multa

2000 5228 2007 5233 ,
2052 5194 2215 5233 unum
2255 5178 2388 5233 fiunt
2416 5192 2633 5250 corpus.
2663 5180 2793 5233 Cum
2838 5194 2968 5249 ergo
3007 5189 3304 5235 recreasset
3331 5190 3386 5236 et
3414 5182 3619 5237 erexis-

2000 5322 2015 5345 .ί
2051 5281 2135 5327 set
2159 5271 2227 5327 ab
2256 5271 2359 5326 hoc
2388 5270 2660 5327 communi
2685 5271 2935 5341 exemplo
2964 5286 3084 5327 eum
3108 5273 3198 5342 qui
3225 5272 3502 5329 videbatur
3522 5273 3623 5328 mi-

372 5382 524 5421 nnum
550 5378 669 5422 sunt
690 5381 893 5435 corpus.
918 5363 1032 5419 Non
1053 5363 1187 5419 dixit
1210 5404 1225 5427 ,
1258 5361 1388 5418 Cum
1419 5363 1527 5418 sint
1551 5361 1719 5416 multa
1741 5402 1759 5429 ,
1785 5361 1948 5417 unius
1985 5370 2016 5391 ·’

2052 5380 2151 5418 nor
2177 5364 2313 5428 fieri,
2338 5379 2524 5419 rursus
2549 5378 2891 5418 communem
2915 5362 3133 5419 dimittit
3159 5366 3620 5425 consuetudinem,

2054 5466 2109 5511 et
2134 5456 2199 5509 ad
2237 5454 2380 5510 aliud
2406 5457 2576 5526 pergit
2600 5454 2877 5525 spirituale
2899 5465 3079 5527 caput,
3112 5459 3368 5526 majorem
3394 5455 3622 5508 affercns

2055 5548 2497 5620 consolationem,
2536 5548 2679 5612 quod
2727 5548 2975 5603 ostendat
3022 5564 3263 5618 magnam
3315 5550 3367 5601 in
3417 5547 3621 5599 honore

2045 5634 2418 5702 aequalitatem.
2461 5634 2740 5700 Quodnam
2782 5632 2911 5688 illud
2942 5631 3061 5685 est?
3090 5632 3174 5685 l3.
3212 5630 3413 5682 Etenim
3443 5628 3497 5680 in
3523 5643 3625 5680 uno

2049 5728 2274 5797 Spiritu,
2305 5725 2491 5797 inquit,
2520 5743 2689 5782 omnes
2726 5741 2818 5781 nos
2864 5726 2916 5778 in
2964 5740 3121 5777 unum
3165 5738 3346 5791 corpus
3377 5720 3623 5788 baptismi
