3990 6168
414 271 511 328 Siil
1142 267 1197 326 S.
1238 271 1512 327 JOA-NNIS
1548 263 2026 326 CllltYSOSTOMl
2062 261 2373 320 ARCHIEP.
2405 263 2935 324 CONSTANTINOP.

414 407 611 456 sumus,
640 391 741 443 sive
766 388 957 453 Judaei,
996 389 1096 441 sive
1147 387 1331 449 erci,
1376 386 1477 438 sive
1507 385 1655 450 servi,
1685 384 1787 438 sive
1833 381 1994 435 liberi.

417 483 469 536 ld
502 493 622 536 est:
657 481 796 552 quod
827 479 1002 534 ell‘ecit
1043 487 1102 532 ut
1146 494 1309 533 unum
1345 492 1542 546 corpus.
1574 477 1762 538 simus,
1797 483 1850 529 et
1902 488 2000 527 nos

416 573 776 642 regeneravit,
799 587 935 624 unus
965 580 1048 625 est
1071 571 1305 643 Spiritus
1333 589 1344 623 :
1377 584 1480 623 non
1503 569 1644 622 enim
1673 567 1723 621 in
1757 567 1862 620 alio
1888 564 1996 628 hic,

421 665 472 716 in
507 664 612 717 alio
641 663 729 716 ille
757 662 1054 730 baptizatus
1078 671 1161 715 est
1205 661 1416 730 spiritu.
1453 659 1571 712 Non
1617 657 1775 711 modo
1818 663 1997 709 autem

421 755 512 824 qui
560 771 657 806 nos
689 755 919 823 haptizat
949 769 1085 807 unus
1129 763 1232 818 est,
1280 752 1372 805 sed
1404 760 1457 807 et
1496 766 1659 804 unum
1691 759 1772 802 est
1811 749 1862 802 in
1891 762 1999 816 quo

422 844 742 914 baptizavit;
780 844 828 898 id
852 855 954 909 est,
985 854 1206 913 propter
1223 842 1364 911 quod
1392 841 1694 910 baptizavit.
1716 839 1830 893 Non
1855 839 1996 893 enim

420 951 479 994 ut
505 941 713 994 diversa
749 939 938 994 ﬁerent
963 955 1211 1008 corpora,
1236 937 1328 992 sed
1373 945 1433 991 ut
1458 952 1644 990 omnes
1692 935 1848 989 unius
1877 949 2000 987 cor-

420 1033 568 1102 poris
614 1043 915 1088 accuratam
959 1031 1392 1100 conjunctioncm
1461 1038 1645 1084 mutuo
1697 1027 1993 1092 servemus,

419 1125 673 1192 baptizati
717 1139 940 1189 smnus;
991 1125 1092 1178 hoc
1135 1132 1236 1190 est,
1271 1131 1330 1176 ut
1373 1136 1562 1177 omnes
1601 1133 1766 1174 unum
1803 1131 1999 1188 corpus

419 1217 609 1281 simus,
640 1217 690 1268 in
721 1216 823 1269 hoc
856 1216 1106 1285 baptizati
1129 1229 1337 1269 sumus.

494 1308 548 1360 2.
597 1307 780 1376 Itaque
823 1317 877 1361 et
921 1308 1009 1377 qui
1061 1307 1364 1361 construxit
1402 1319 1618 1376 corpus,
1653 1315 1788 1358 unus
1815 1312 1914 1366 est,
1946 1310 2000 1357 et

419 1397 473 1452 id
501 1398 564 1451 ad
589 1399 730 1467 quod
757 1408 1121 1453 constructum
1153 1408 1256 1460 est,
1292 1413 1452 1451 unum
1484 1405 1586 1451 est.
1615 1395 1723 1450 Nec
1749 1395 1900 1458 dixit,
1930 1393 2002 1449 Ut

422 1491 592 1546 simus
617 1492 854 1562 ejusdem
894 1493 1170 1562 corporis;
1215 1491 1330 1555 scd,
1363 1490 1432 1545 Ut
1458 1505 1620 1544 unum
1649 1504 1844 1559 corpus
1885 1502 2000 1542 om-

419 1600 518 1638 nes
545 1585 711 1639 simus
737 1603 748 1637 :
782 1599 996 1656 semper
1025 1585 1167 1640 enim
1197 1585 1376 1638 studet
1400 1583 1576 1637 verbis
1606 1584 1863 1650 majorem
1889 1597 2002 1636 em-

423 1679 608 1745 phasin
639 1678 1064 1748 exprimentibus
1097 1678 1193 1731 uti.
1228 1675 1296 1730 Et
1335 1677 1471 1730 bene
1501 1676 1664 1740 dixit,
1699 1674 1884 1728 Omnes
1914 1690 2002 1727 su-

421 1789 552 1837 mus,
581 1774 815 1841 seipsum
858 1773 1134 1842 adjicicns.
1167 1770 1348 1840 Neque
1381 1771 1523 1823 enim
1569 1781 1697 1838 ergo
1727 1766 2001 1837 apostolus

423 1863 542 1932 plus
569 1878 726 1932 quam
761 1873 813 1916 tu
850 1862 974 1932 quid
1003 1863 1175 1916 habeo
1201 1879 1214 1915 :
1245 1861 1443 1915 etenim
1469 1869 1522 1913 tu
1553 1873 1750 1928 corpus
1772 1873 1830 1912 es
1866 1859 2004 1913 sicut

425 1964 479 2009 et
519 1969 638 2024 ego,
673 1969 792 2024 ego,
837 1954 976 2008 sicut
1019 1963 1095 2017 tu,
1127 1963 1180 2008 et
1225 1965 1412 2006 omnes
1463 1951 1691 2020 idipsum
1746 1950 2002 2004 habemus

424 2058 606 2116 caput,
633 2057 687 2100 et
711 2047 900 2101 eodem
925 2055 1078 2115 partu
1112 2045 1220 2099 nati
1246 2060 1463 2100 sumus:
1491 2044 1688 2098 idcirco
1715 2043 1854 2099 idem
1884 2057 2004 2096 cor-

426 2154 527 2209 pus
556 2153 759 2193 sumus.
793 2139 861 2192 Et
901 2137 1024 2208 quid
1051 2137 1170 2192 dico
1195 2179 1210 2203 ,
1238 2137 1429 2206 inquit,
1470 2135 1724 2191 Judrcos?
1771 2136 1903 2190 Nam
1949 2143 2005 2190 et

423 2230 640 2286 Graecos
673 2245 702 2284 a
731 2230 884 2284 nobis
907 2239 1111 2282 tantum
1142 2229 1387 2294 dissitos,
1414 2228 1480 2282 ad
1512 2228 1563 2282 id
1594 2230 1765 2298 ipsum
1809 2242 2003 2297 corpus

431 2320 655 2390 redegit.
699 2321 874 2387 Quare
915 2335 1035 2374 cum
1077 2320 1327 2384 dixisset,
1374 2319 1486 2374 Nos
1525 2336 1725 2383 omnes,
1767 2335 1872 2374 non
1918 2318 2005 2375 hic

425 2413 695 2477 substitit;
720 2413 813 2467 sed
841 2414 1118 2484 subjunxit
1146 2433 1159 2470 :
1188 2415 1308 2470 Sive
1333 2411 1526 2480 Judwi,
1563 2414 1662 2468 sive
1688 2412 1872 2479 Graeci,
1901 2415 2004 2468 sive

423 2505 573 2569 servi,
623 2505 725 2559 sive
772 2504 933 2559 liberi.
974 2505 1126 2574 Quod
1170 2507 1216 2560 si
1263 2521 1387 2560 cum
1429 2516 1584 2560 antea
1629 2505 1764 2559 adeo
1807 2505 2003 2561 remoti

431 2611 693 2658 essemus.
721 2597 890 2666 juncti
920 2613 1106 2653 sumus
1134 2606 1188 2653 et
1218 2613 1379 2652 unum
1408 2597 1615 2665 eliecti;
1645 2599 1814 2651 multo
1836 2598 2004 2668 magis

427 2697 710 2759 postquam
737 2705 898 2744 unum
927 2690 1050 2745 facti
1078 2705 1283 2755 sumus,
1315 2705 1420 2744 non
1459 2690 1714 2745 debemus
1739 2690 1921 2745 dolere
1952 2697 2007 2743 et

431 2783 683 2838 mtestitia
711 2782 850 2839 al‘lici
877 2802 890 2838 :
925 2799 1096 2854 neque
1124 2785 1267 2839 enim
1292 2785 1468 2838 locum
1496 2782 1656 2836 habet
1679 2781 2002 2837 dill‘erentia.

432 2873 567 2929 Nam
587 2876 630 2930 si
657 2873 874 2931 Graecos
911 2891 1005 2930 seu
1033 2877 1258 2946 gentiles
1279 2887 1330 2930 et
1355 2875 1571 2930 Judaeos
1599 2875 1788 2930 iisdem
1819 2875 2006 2946 digna-

428 2975 516 3021 tus
555 2976 657 3031 est,
689 2982 898 3022 necnon
943 2982 1130 3022 servos
1171 2976 1227 3022 et
1268 2967 1498 3033 liberos;
1544 2967 1817 3036 quomodo
1855 2975 2005 3036 post-

428 3073 593 3126 quam.
619 3059 669 3113 id
699 3060 947 3128 dignatus
993 3069 1095 3124 est,
1133 3059 1470 3129 disjuuxerit,
1500 3060 1713 3129 quando
1746 3060 2006 3129 majorem

431 3158 488 3204 et
544 3153 928 3205 accuratiorem
979 3166 1045 3205 ex
1096 3151 1251 3206 denis
1299 3151 1730 3220 coniunctionem
1791 3152 2008 3210 efﬁcere

433 3241 681 3313 dignatus
702 3243 822 3298 est?
847 3239 916 3296 Et
947 3260 1116 3298 omnes
1145 3259 1246 3298 uno
1276 3244 1474 3314 Spiritu
1505 3246 1665 3310 potati
1689 3263 1886 3302 sumus.
1917 3248 2004 3302 N.

435 3332 576 3387 Nam
602 3344 648 3388 et
678 3351 864 3405 corpus
893 3351 994 3389 non
1020 3345 1092 3389 est
1117 3351 1272 3389 unum
1300 3337 1595 3403 membrum,
1623 3339 1713 3392 sed
1741 3340 1920 3393 multa.
1955 3339 2008 3395 Id

434 3434 538 3491 est,
570 3425 636 3481 ad
667 3427 908 3482 eamdem
939 3429 1183 3483 venimus
1223 3429 1600 3500 mysteriorum
1631 3430 2005 3498 initiationem,

432 3519 618 3573 eadem
669 3518 894 3575 fruimur
947 3533 1148 3574 mensa.
1193 3519 1259 3574 Et
1305 3534 1402 3575 cur
1445 3536 1552 3576 non
1581 3520 1760 3576 dixit:
1803 3523 2007 3578 Eodem

428 3627 656 3682 corpore
681 3615 962 3681 nutrimur,
986 3622 1040 3668 et
1065 3613 1254 3668 eodem
1278 3616 1534 3684 sanguine
1563 3617 1846 3685 potamur?
1876 3617 2009 3683 Quia

431 3717 554 3758 cum
588 3705 841 3773 Spiritum
873 3704 1030 3769 dixit,
1056 3713 1343 3776 utrumque
1372 3707 1690 3777 signiﬁcavit
1715 3717 1770 3764 et
1795 3710 2013 3779 sangui-

435 3809 556 3848 nem
586 3805 640 3849 et
671 3811 864 3864 corpus
891 3814 904 3848 :
948 3810 1044 3864 per
1072 3806 1353 3866 utrumque
1383 3800 1524 3852 enim
1553 3814 1659 3854 uno
1684 3799 1885 3869 Spiritu
1919 3815 2012 3870 po—

437 3895 632 3938 tamur.
664 3885 790 3938 Mihi
817 3897 997 3939 autem
1023 3885 1233 3940 videtur
1261 3903 1404 3942 nunc
1432 3889 1614 3968 dicere
1659 3891 1804 3944 illum
1838 3891 2005 3960 Spiri-

438 3988 526 4030 tus
575 3975 882 4042 adventrum,
916 3975 1004 4045 qui
1052 3991 1080 4030 a
1125 3978 1440 4044 baptismate
1485 3988 1541 4034 et
1586 3989 1712 4035 ante
1758 3983 2012 4051 mysteria

440 4066 596 4122 nobis
637 4066 867 4122 accedit.
910 4067 1054 4122 Dixit
1090 4077 1300 4135 autem,
1334 4067 1508 4123 Potati
1551 4086 1746 4138 sumus,
1777 4073 1901 4141 quia
1930 4071 2013 4127 di-

440 4159 636 4214 ctionis
679 4159 990 4229 metaphora
1020 4160 1172 4215 valde
1197 4173 1494 4231 opportuna
1541 4162 1639 4231 ipsi
1671 4164 1842 4217 estad
1875 4180 2011 4232 prte-

439 4267 566 4308 sens
605 4265 1014 4323 argumentum:
1051 4263 1107 4306 ut
1153 4252 1196 4306 si
1222 4252 1289 4307 de
1337 4255 1530 4323 plantis
1562 4264 1613 4308 et
1652 4255 1719 4310 de
1770 4255 2016 4325 paradiso

439 4344 663 4410 diceret,
693 4343 776 4398 Ab
803 4344 991 4398 eodem
1031 4343 1178 4398 fonte
1222 4359 1410 4399 omnes
1438 4346 1658 4400 arbores
1703 4346 2013 4416 irrigantur,

436 4443 496 4488 et.
518 4434 586 4489 ab
609 4434 796 4490 eadem
825 4450 960 4504 aqua
984 4455 996 4489 :
1025 4435 1094 4489 ita
1122 4446 1176 4490 et
1202 4435 1254 4488 in
1281 4437 1574 4505 praesenti;
1588 4437 1787 4492 Eodem
1815 4439 2016 4508 Spiritu

442 4525 605 4592 potati
644 4541 828 4579 sumus
857 4541 1066 4586 omnes,
1107 4527 1350 4581 eamdem
1386 4529 1722 4596 percepimus
1765 4532 2014 4599 gratiam.

445 4615 503 4668 Si
527 4629 654 4683 ergo
683 4630 819 4669 unus
843 4615 1074 4684 Spiritus
1101 4632 1196 4671 nos
1227 4619 1522 4686 conjunxit,
1549 4628 1603 4672 ct
1630 4634 1728 4673 nos
1750 4636 1937 4676 omnes
1966 4622 2017 4676 in

439 4721 603 4759 unum
643 4720 837 4776 corpus
883 4710 1185 4778 compegit;
1222 4709 1324 4763 hoc
1370 4710 1512 4763 enim
1558 4710 1822 4779 signiﬁcat
1865 4713 2014 4778 illud,

441 4797 513 4849 In
541 4812 696 4850 unum
727 4813 912 4866 corpus
941 4797 1179 4866 boptizati
1219 4815 1393 4853 sumus
1419 4817 1437 4864 ;
1481 4812 1536 4855 et
1579 4817 1738 4856 unam
1779 4819 2019 4860 mensam

448 4886 667 4956 largitus
696 4897 798 4953 est,
832 4897 886 4941 et
914 4888 1159 4943 eamdem
1201 4891 1449 4944 omnibus
1480 4892 1844 4963 irrigationem
1871 4913 1886 4961 ;
1921 4896 2020 4952 hoc

445 4981 589 5033 enim
635 4979 737 5033 sibi
769 4979 881 5033 vult
928 4979 1075 5044 illud,
1113 4979 1227 5034 Uno
1275 4981 1473 5050 Spiritu
1518 4985 1674 5054 potati
1710 5003 1919 5051 sumus;
1966 4999 2021 5042 et

446 5078 593 5124 tanto
625 5071 903 5126 intervallo
933 5072 1149 5127 dissitos
1170 5075 1380 5142 junxit;
1411 5086 1466 5130 et
1508 5078 1674 5132 multa
1720 5088 1847 5133 tunc
1889 5081 2021 5136 ﬁunt

444 5176 663 5230 corpus,
691 5166 904 5233 quando
933 5166 1067 5221 facta
1100 5169 1311 5223 luerunt
1339 5185 1501 5225 unum
1530 5189 1544 5225 :
1579 5187 1675 5226 cur
1703 5173 1829 5227 mihi
1861 5174 2018 5230 dilic-

449 5254 675 5307 rentiam
715 5270 806 5308 sus
849 5257 1022 5326 deque
1054 5261 1274 5314 versas?
1306 5261 1361 5314 Si
1391 5273 1569 5316 autem
1603 5263 1825 5331 dixeris,
1857 5265 2017 5321 Multa

442 5358 570 5403 sunt
599 5349 836 5402 membra
870 5359 924 5403 et
950 5349 1157 5405 diversa
1189 5370 1201 5404 :
1231 5353 1413 5408 discas
1452 5355 1551 5409 hoc
1578 5355 1749 5425 ipsum
1778 5373 1899 5412 esse
1924 5359 2020 5412 ad-

443 5439 710 5502 mirabile,
729 5447 784 5492 et
813 5437 950 5494 hanc
975 5443 1219 5510 corporis
1246 5459 1366 5498 esse
1388 5446 1788 5513 excellentiam,
1809 5450 2020 5516 quando

445 5531 610 5587 multa
639 5540 694 5585 et
718 5530 926 5585 diversa
955 5546 1116 5585 unum
1147 5533 1405 5588 alliciunt.
1441 5536 1594 5601 Quod
1638 5537 1683 5591 si
1711 5538 1877 5592 multa
1916 5557 2020 5594 non

449 5633 648 5687 essent,
669 5638 774 5677 non
799 5623 867 5677 ita
897 5623 1136 5678 mirabile
1156 5634 1210 5678 et
1242 5625 1661 5695 inexspectatum
1685 5640 1828 5683 esset
1853 5647 2017 5685 unum

456 5731 578 5772 esse
602 5729 826 5786 corpus;
861 5718 968 5772 imo
1009 5734 1073 5773 ne
1108 5729 1248 5774 esset
1278 5718 1489 5788 quidem
1535 5734 1747 5791 corpus.
1779 5724 1883 5779 Sed
1913 5725 2010 5781 hoc

3229 343 3232 346 ρ
3584 271 3690 328 252

2105 377 2324 440 quidem
2359 387 2630 447 postremo
2657 381 2805 449 ponit
2831 399 2842 433 :
2877 380 3092 435 interim
3117 395 3244 436 vero
3274 381 3338 436 ad
3371 380 3484 451 ipsa
3511 399 3687 438 mem-

2087 469 2195 522 "bra
2229 456 2422 539 pergit,
2452 471 2521 523 ita
2552 471 2812 541 loquens:
2859 474 2940 528 15.
2975 473 3036 527 Si
3066 473 3248 527 dixerit
3275 490 3364 542 pes
3383 514 3398 539 ,
3429 473 3552 529 Non
3577 493 3690 529 sum

2104 578 2304 626 manus,
2332 579 2433 616 non
2459 579 2570 616 sum
2611 565 2672 617 de
2701 581 2950 635 corpore;
3001 582 3122 619 num
3169 567 3358 620 idcirco
3386 584 3490 620 non
3531 577 3604 622 est
3629 573 3694 623 de

2105 655 2360 722 corpore?
2392 655 2477 709 16.
2510 655 2573 709 Et
2593 658 2636 709 si
2665 657 2850 711 dixerit
2880 660 3041 722 auris,
3076 657 3196 712 Non
3224 676 3338 713 sum
3366 663 3566 725 oculus,
3587 679 3689 716 non

2103 761 2216 798 sum
2241 746 2307 798 de
2328 763 2577 815 corpore;
2607 765 2726 801 num
2749 749 2938 802 idcirco
2968 767 3068 804 non
3090 760 3162 804 est
3189 751 3252 806 de
3278 753 3532 817 corpore?
3557 753 3690 809 Nam

2103 836 2147 889 si
2175 836 2315 904 quod
2349 838 2483 892 alius
2520 839 2698 893 minus
2724 839 2962 906 haberet,
2996 842 3131 894 alius
3157 843 3465 908 excederet,
3494 844 3545 898 id
3583 861 3690 899 non

2104 930 2305 985 sineret
2345 947 2466 986 esse
2512 931 2578 986 de
2617 949 2865 1002 corpore,
2915 935 3222 989 universum
3271 937 3571 992 tolleretur.
3614 939 3691 993 Ne

2105 1025 2283 1096 itaque
2311 1026 2532 1093 dixeris,
2561 1028 2675 1082 Non
2719 1045 2840 1083 sum
2884 1043 3100 1099 corpus,
3131 1031 3256 1100 quia
3309 1047 3425 1086 sum
3476 1033 3687 1089 minor:

2106 1120 2302 1173 etenim
2339 1135 2431 1189 pes
2462 1121 2726 1175 minorem
2759 1130 2905 1176 tenet
2933 1122 3202 1188 ordinem,
3237 1122 3331 1178 sed
3359 1135 3438 1179 est
3475 1140 3540 1179 ex
3566 1139 3690 1179 cor-

2107 1226 2257 1279 pore.
2285 1210 2416 1264 Nam
2450 1227 2516 1266 ex
2545 1227 2776 1281 corpore
2822 1229 2943 1268 esse
2973 1214 3057 1267 vel
3101 1229 3207 1268 non
3246 1230 3385 1279 esse,
3414 1232 3518 1270 non
3561 1217 3688 1272 inde

2109 1303 2167 1356 lit
2195 1301 2336 1371 quod
2364 1303 2502 1357 alius
2531 1304 2583 1357 in
2616 1304 2718 1357 hoc
2745 1304 2886 1370 loco,
2921 1305 3055 1358 alius
3097 1306 3149 1358 in
3180 1305 3290 1359 alio
3337 1307 3540 1376 positus
3581 1308 3684 1372 sit;

2107 1394 2207 1449 hoc
2238 1395 2384 1450 enim
2411 1395 2514 1450 loci
2557 1405 2760 1450 tantum
2814 1396 2938 1452 facit
2967 1396 3322 1452 dill'erentiam
3348 1416 3362 1465 ;
3393 1400 3488 1453 sed
3530 1415 3596 1454 ex
3623 1415 3688 1454 co

2106 1487 2250 1558 quod
2293 1489 2363 1542 sit
2389 1487 2704 1558 conjunctus
2745 1490 2828 1544 vel
2873 1505 2983 1543 non
3013 1490 3331 1558 conjunctus
3365 1508 3377 1543 :
3414 1506 3538 1544 nam
3570 1505 3689 1546 esse

2109 1579 2191 1634 vel
2219 1596 2324 1633 non
2356 1594 2478 1635 esse
2507 1595 2702 1649 corpus
2730 1596 2796 1635 ex
2834 1595 2900 1635 eo
2933 1580 3009 1646 ﬁt,
3045 1581 3186 1650 quod
3219 1582 3302 1635 vel
3345 1581 3692 1651 conjunctum

2107 1673 2192 1728 vel
2223 1687 2330 1727 non
2356 1674 2702 1743 conjunctum
2747 1676 2838 1729 sit;
2879 1674 2958 1729 Tu
3002 1691 3130 1730 vero
3171 1675 3302 1730 mihi
3355 1677 3692 1746 prudentiam

2110 1765 2398 1834 perpende,
2442 1766 2713 1836 quomodo
2762 1768 2874 1836 ipsa
2931 1767 3092 1822 verba
3141 1769 3384 1838 apposite
3437 1769 3694 1825 membris

2107 1859 2308 1913 nostris
2342 1859 2730 1914 accommodet.
2765 1859 2898 1913 Nam
2928 1870 2986 1914 ut
3013 1862 3260 1929 superius
3303 1861 3537 1927 diccbat,
3562 1861 3698 1916 Haec

2108 1951 2468 2020 trausﬁguravi
2495 1953 2548 2004 in
2588 1968 2667 2006 me
2691 1961 2738 2006 et
2766 1953 2951 2022 Apollo
2975 1969 2992 2006 :
3032 1954 3109 2009 sic
3129 1962 3184 2009 et
3212 1954 3314 2008 hoc
3345 1955 3482 2020 loco,
3505 1964 3560 2009 ut
3586 1970 3692 2010 non

2108 2045 2417 2110 molestum,
2447 2043 2541 2100 sed
2573 2055 2850 2115 acceptum
2880 2045 3128 2101 redderet
3159 2061 3487 2109 sermonem,
3517 2064 3692 2102 mem.

2109 2135 2205 2191 bra
2233 2137 2506 2206 loquentia
2539 2136 2776 2202 inducit;
2811 2147 2868 2191 ut
2893 2153 3013 2192 cum
3043 2137 3292 2192 audirent
3321 2147 3561 2193 naturam
3593 2139 3693 2194 sibi

2109 2227 2546 2296 respondentem,
2568 2228 2635 2282 ab
2658 2227 2768 2297 ipsa
2797 2229 3133 2298 experientia
3161 2231 3394 2284 convicti
3421 2239 3475 2284 et
3498 2247 3524 2282 a
3549 2245 3696 2284 com-

2109 2319 2257 2373 muni
2287 2319 2514 2386 calculo,
2547 2319 2676 2373 nihil
2709 2319 2843 2374 ultra
2872 2319 3242 2376 contradicere
3270 2321 3536 2378 valerent.
3561 2321 3689 2376 Nam

2109 2412 2222 2466 sive
2251 2411 2354 2466 hoc
2375 2412 2571 2480 ipsum,
2598 2411 2790 2481 inquit,
2817 2411 3030 2478 dicatis,
3055 2413 3168 2467 sive
3197 2415 3566 2478 murmuretis,
3588 2429 3692 2468 non

2111 2504 2333 2574 potestis
2360 2513 2509 2558 extra
2535 2519 2730 2574 corpus
2767 2519 2908 2560 esse.
2946 2503 3406 2572 Quemadmodum
3435 2509 3577 2561 enim
3611 2509 3694 2564 lex

2111 2602 2338 2660 naturae,
2372 2594 2450 2648 sic
2476 2603 2530 2648 et
2560 2595 2727 2648 multo
2758 2596 2926 2665 magis
2952 2597 3140 2666 gratiae
3191 2597 3361 2652 virtus
3391 2599 3571 2654 omnia
3599 2614 3694 2654 cu-

2110 2686 2276 2740 stodit
2304 2696 2358 2741 et
2384 2697 2688 2743 conservat.
2716 2687 2780 2742 Et
2814 2689 2934 2744 vide
2957 2690 3229 2760 quoinodo
3247 2693 3447 2747 caverit
3473 2709 3541 2747 ne
3571 2693 3693 2762 quid

2110 2775 2443 2846 superﬂuum
2485 2789 2651 2844 esset,
2678 2794 2786 2833 non
2815 2779 2882 2834 de
2922 2782 3179 2837 membris
3207 2784 3455 2838 omnibus
3493 2787 3695 2840 orando

2112 2875 2366 2934 tractans,
2397 2867 2492 2921 sed
2525 2867 2594 2922 dc
2619 2866 2831 2923 duobus
2857 2877 3083 2938 tantum,
3112 2873 3281 2942 iisque
3303 2877 3582 2930 extremis.
3608 2877 3698 2931 Et-

2111 2960 2254 3014 enim
2304 2959 2542 3013 omnium
2593 2961 3039 3029 pretiosissimum
3088 2966 3302 3034 posuit,
3343 2967 3598 3033 oculum;
3643 2976 3698 3024 et

2112 3054 2351 3108 omnium
2383 3053 2698 3109 vilissimum
2728 3055 2910 3125 pedes.
2928 3056 3112 3127 Neque
3136 3059 3338 3114 inducit
3364 3061 3554 3128 pedem
3576 3077 3696 3116 cum

2112 3147 2271 3202 oculo
2295 3147 2621 3216 loquentem,
2643 3148 2737 3202 sed
2757 3163 2876 3202 cum
2902 3165 3062 3204 manu
3085 3167 3204 3220 quze
3227 3163 3308 3205 est
3329 3154 3484 3222 paulo
3506 3155 3694 3219 altior;

2113 3237 2354 3292 auditum
2383 3247 2560 3293 autem
2603 3255 2725 3293 cum
2754 3239 2942 3293 oculis.
2975 3241 3110 3308 Quia
3156 3244 3300 3296 enim
3353 3261 3460 3298 non
3517 3246 3581 3299 iis
3609 3246 3697 3314 qui

2115 3345 2213 3385 nos
2257 3329 2414 3400 longe
2439 3343 2716 3400 superant,
2747 3333 2842 3387 sed
2871 3333 2935 3388 iis
2967 3335 3055 3404 qui
3105 3337 3266 3405 paulo
3304 3338 3526 3394 altiores
3557 3349 3697 3405 sunt,

2113 3423 2351 3477 solemus
2382 3422 2657 3490 invidere;
2701 3424 2821 3479 ideo
2849 3434 2903 3480 et
2935 3425 3048 3496 ipse
3078 3430 3156 3481 sic
3187 3427 3312 3482 facit
3341 3432 3700 3501 comparatio-

2115 3529 2259 3568 nem.
2287 3515 2374 3568 17.
2407 3514 2469 3568 Si
2499 3524 2659 3568 totum
2698 3533 2880 3587 corpus
2921 3517 3118 3585 oculus,
3150 3521 3234 3574 ubi
3260 3523 3464 3577 auditus
3485 3524 3512 3577 ?
3551 3527 3596 3579 si
3621 3537 3698 3578 to-

2115 3616 2222 3660 tum
2250 3609 2473 3672 auditus,
2499 3609 2584 3662 ubi
2595 3611 2900 3665 odoratus?
2945 3612 3078 3680 Quia
3105 3617 3246 3669 enim
3277 3631 3398 3670 cum
3428 3619 3478 3673 in
3528 3637 3699 3674 mem-

2115 3701 2334 3758 brorum
2387 3702 2665 3757 incidisset
2708 3703 3102 3774 diﬁ'crentiam,
3151 3717 3206 3764 et
3235 3709 3461 3766 dixisset
3508 3714 3696 3782 pedes,

2116 3812 2330 3863 manus,
2355 3798 2540 3852 oculos
2559 3808 2614 3852 et
2634 3813 2814 3864 aures,
2839 3801 2959 3855 illos
2988 3801 3040 3855 in
3071 3804 3450 3873 cogitationem
3480 3809 3701 3863 minoris

2117 3888 2202 3942 vel
2226 3888 2444 3957 majoris
2472 3888 2712 3955 induxit;
2743 3890 2867 3945 vide
2896 3894 3164 3962 quomodo
3194 3911 3410 3950 rursum
3435 3898 3553 3953 illos
3573 3915 3702 3954 con-

2119 3977 2346 4045 solatur,
2379 3978 2671 4034 Ostcndcns
2718 3981 2789 4035 ita
2831 3994 3252 4040 consentaneum
3297 4003 3440 4057 esse,
3469 3999 3524 4044 et
3563 3991 3702 4061 quod

2119 4069 2270 4122 multi
2312 4069 2422 4124 sint
2460 4078 2514 4124 ct
2554 4069 2787 4138 diversi,
2821 4072 2923 4128 hoc
2973 4078 3205 4132 maxime
3247 4077 3369 4132 facit
3413 4092 3467 4133 ut
3509 4097 3706 4150 corpus

2121 4161 2208 4214 sit.
2241 4161 2394 4226 Quod
2419 4161 2464 4216 si
2492 4177 2654 4217 unum
2683 4176 2864 4219 essent
2894 4182 3103 4236 omnes,
3134 4185 3238 4224 non
3267 4184 3448 4227 essent
3474 4190 3702 4244 corpus:

2122 4252 2349 4323 ideoque
2377 4254 2452 4307 ait
2483 4271 2495 4307 :
2522 4255 2608 4309 19.
2638 4255 2699 4310 Si
2740 4269 2899 4311 essent
2926 4262 3097 4313 omnia
3120 4278 3275 4316 unum
3303 4265 3601 4330 ntembmm,
3625 4268 3708 4320 ubi

2122 4348 2351 4417 corpus?
2388 4347 2493 4402 Sed
2519 4348 2620 4403 hoc
2648 4349 2861 4418 quidem
2897 4361 3076 4422 postea
3109 4353 3271 4422 dicit;
3319 4356 3400 4411 hic
3431 4374 3559 4413 vero
3581 4363 3709 4429 quid

2123 4439 2294 4508 majus
2332 4440 2588 4508 ostendit,
2623 4457 2815 4512 nempe
2855 4444 2995 4513 quod
3042 4461 3146 4499 non
3181 4447 3355 4502 solum
3387 4466 3490 4504 non
3540 4455 3714 4522 possit

2124 4547 2243 4586 esse
2289 4548 2505 4601 corpus,
2539 4533 2633 4587 sed
2677 4550 2744 4588 ne
2791 4550 2913 4590 esse
2953 4537 3168 4607 quidem
3219 4549 3442 4596 cmteros
3492 4559 3709 4601 sensus.

2127 4625 2257 4677 Nam
2283 4624 2344 4678 Si
2389 4625 2596 4679 auditus
2618 4636 2776 4680 totum
2802 4640 2946 4697 esset,
2978 4631 3063 4684 ubi
3093 4633 3379 4688 odoratus?
3425 4637 3618 4706 inquit.

2195 4717 2248 4770 5.
2292 4717 2495 4771 Deinde
2521 4717 2644 4788 quia
2676 4721 2753 4774 sic
2781 4736 2992 4793 quoque
3025 4725 3376 4782 turbabantur
3400 4770 3416 4794 ,
3447 4731 3590 4800 quod
3622 4746 3714 4786 su—

2125 4807 2310 4877 perius
2337 4807 2498 4875 fecit,
2535 4811 2586 4864 id
2617 4812 2780 4866 etiam
2812 4830 2954 4871 nunc
2982 4815 3127 4871 facit.
3159 4819 3310 4874 Sicut
3341 4823 3482 4876 enim
3517 4824 3586 4878 ibi
3620 4841 3715 4894 per

2126 4900 2410 4955 utilitatem
2438 4903 2770 4968 consolatus,
2797 4906 3014 4962 demum
3038 4925 3100 4964 os
3126 4912 3300 4966 valide
3331 4914 3596 4968 obstruxit
3625 4916 3712 4970 di-

2125 5007 2272 5059 cens,
2297 4991 2420 5046 Htec
2447 5005 2614 5047 autem
2644 4998 2812 5049 omnia
2841 5011 3079 5067 aperatur
3101 5015 3231 5055 unus
3255 5012 3402 5073 atque
3431 5005 3562 5059 idem
3586 5007 3714 5076 Spi-

2123 5087 2270 5150 ritus,
2296 5086 2522 5140 dividens
2541 5088 2752 5158 singulis
2774 5101 2922 5160 prout
2949 5094 3051 5146 vult
3077 5109 3095 5146 :
3111 5097 3189 5149 sic
3213 5105 3267 5149 et
3291 5098 3390 5151 hoc
3413 5097 3531 5152 loco
3551 5101 3713 5155 etiam

2125 5176 2408 5231 ratiocinia
2444 5178 2742 5247 proferens,
2774 5183 2927 5250 queis
2961 5185 3198 5239 ostendit
3227 5187 3293 5240 ad
3327 5189 3610 5244 utilitatem
3640 5197 3717 5246 sic

2125 5272 2300 5324 omnia
2347 5270 2482 5325 facta
2513 5288 2632 5326 esse
2658 5315 2672 5336 ,
2705 5290 2888 5329 rursus
2922 5288 3090 5332 totum
3133 5279 3199 5334 ad
3243 5281 3336 5335 Dei
3383 5284 3714 5340 voluntatem

2126 5363 2335 5416 reducit
2372 5365 2592 5418 dicens:
2626 5368 2711 5421 18.
2747 5367 2902 5422 Nunc
2922 5383 3087 5424 autent
3112 5377 3280 5444 posuit
3313 5375 3446 5432 Deus
3470 5379 3714 5443 membra,

2124 5453 2510 5522 unumquodque
2538 5472 2709 5510 eorum
2738 5461 2789 5511 in
2819 5463 3108 5531 corporibus
3134 5466 3261 5519 sicut
3301 5470 3475 5522 voluit.
3509 5471 3715 5538 Quent-

2125 5546 2414 5600 admodum
2460 5547 2528 5602 de
2572 5549 2770 5618 Spiritu
2816 5552 2979 5619 dixit,
3026 5555 3188 5610 Prout
3218 5559 3360 5611 vult:
3403 5561 3482 5614 sic
3529 5573 3584 5616 et
3617 5563 3717 5617 hoc

2127 5637 2267 5700 loco,
2299 5636 2447 5691 Sicut
2476 5641 2648 5693 voluit.
2680 5642 2757 5698 Ne
2782 5660 2909 5715 ergo
2937 5645 3071 5700 ultra
3097 5649 3361 5704 curiosius
3384 5667 3607 5707 causam
3639 5655 3718 5706 iu-

2127 5730 2326 5799 quiras,
2356 5746 2450 5787 cur
2477 5735 2572 5802 sic,
2609 5750 2703 5790 cur
2725 5753 2826 5793 non
2861 5740 2956 5795 sic.
2989 5740 3207 5797 Etiamsi
3233 5743 3374 5799 enim
3403 5744 3552 5800 inille
3575 5744 3715 5800 dicta
