3990 6168
323 216 426 276 251

322 328 500 400 οὗτος,
530 335 592 389 ἐν
622 336 768 410 ἄλλῳ
795 336 857 391 δέ
879 339 908 393 6
939 339 1127 411 ἔτερος
1157 340 1460 416 ἐϐαπτίσθη
1494 350 1788 418 πνεύματι.
1818 350 1893 404 Ού

329 418 492 489 μόνον
511 418 569 472 δὲ
596 419 658 473 τὸ
682 419 946 490 βαπτίσαν
975 421 1121 493 ἡμᾶς
1148 423 1227 491 ἓν,
1247 424 1383 480 ἀλλά
1406 427 1500 481 καὶ
1528 430 1605 493 εἰς
1627 429 1655 482 δ
1679 431 1901 484 ἐϐάπτι-

326 520 441 570 σεν,
474 505 770 571 τουτέστιν,
799 506 884 574 ἐφ’
913 496 957 574 ᾧ
984 504 1300 570 ἐϐάπτισεν,
1326 508 1407 563 ἓν.
1438 510 1512 564 Οὐ
1540 512 1647 584 γὰρ
1680 513 1767 570 ἵνα
1789 514 1903 568 διά-

327 602 472 656 φορα
517 586 743 657 γένηται
780 585 1005 658 σώματα
1031 626 1046 651 ,
1094 588 1210 642 ἀλλ’
1258 589 1346 644 ἴνα
1393 593 1597 658 πάντες
1637 594 1735 666 τὴν
1784 596 1904 661 ἐνὸς

330 669 585 739 σώματος
640 669 925 742 ἀκρίϐειαν
983 670 1120 742 πρὸς
1179 674 1445 745 ἀλλήλους
1506 676 1899 750 διασὼξωμεν,

328 752 752 823 ἐϐαπτίσθημεν⁸
783 754 1081 816 τουτέστιν,
1114 755 1203 809 ἶνα
1230 758 1436 823 πάντες
1458 758 1517 813 ἐν
1545 760 1706 830 σῶμα
1731 757 1901 833 ὦμεν,

329 837 410 899 είς
443 835 605 890 τοῦτο
632 836 1064 908 ἐϐαπτίσθημεν.

398 996 463 1067 β’.
495 996 655 1051 Ὥστε
673 998 768 1052 καὶ
798 1000 827 1053 6
855 999 1296 1067 κατασκευάσας,
1329 996 1430 1070 εἷς,
1457 1003 1551 1058 καὶ
1576 1004 1654 1067 είς
1683 1003 1711 1058 δ
1738 1021 1907 1059 κατε-τ

328 1081 607 1145 σκεύασεν,
639 1082 720 1137 ἐν.
748 1084 861 1137 Kal
894 1084 995 1139 οὐκ
1022 1081 1165 1150 εἷπε,
1195 1086 1301 1140 Τοῦ
1327 1086 1492 1141 αὐτοῦ
1521 1088 1771 1160 σώματος
1816 1087 1908 1143 ἵνα

326 1164 633 1237 γενώμεθα,
668 1165 804 1233 ἀλλ’,
831 1167 951 1223 Ἵνα
970 1168 1029 1222 ἓν
1052 1169 1208 1238 σῶμα
1238 1169 1456 1234 πάντες
1487 1170 1573 1224 ἀεὶ
1604 1170 1716 1240 γὰρ
1747 1169 1902 1239 φιλο-

325 1251 495 1303 νεικεῖ
517 1249 613 1312 τὰς
637 1249 1017 1321 ἐμφαντικωτέ
1027 1267 1124 1322 ρας
1152 1251 1322 1316 λέξεις
1338 1251 1566 1306 τιθέναι.
1593 1253 1700 1306 Kal
1722 1252 1904 1316 καλῶς

326 1327 475 1395 εἷπε,
522 1329 750 1399 Πάντες
784 1332 990 1402 ἡμεῖς,
1026 1333 1119 1387 καὶ
1154 1334 1347 1388 ἑαυτὸν
1394 1335 1730 1407 προστιθείς.
1766 1336 1905 1389 Ούδὲ

325 1415 437 1485 γὰρ
465 1414 578 1481 ἐγὼ
606 1417 634 1468 6
664 1414 957 1480 ἀπόστολος
986 1414 1082 1469 σοῦ
1109 1434 1164 1470 τι
1207 1416 1370 1472 πλέον
1412 1417 1522 1489 ἔχω
1552 1417 1697 1472 κατὰ
1722 1417 1900 1483 τοῦτο,

327 1498 500 1567 φησί·
538 1497 632 1550 καὶ
678 1496 786 1568 7&9
823 1499 889 1554 σὺ
924 1498 1084 1570 σῶμα
1120 1492 1172 1553 el
1200 1499 1455 1571 καθάπερ
1488 1500 1623 1569 ἐγὼ,
1659 1501 1757 1554 καὶ
1791 1501 1904 1569 ἐγὼ

326 1579 584 1650 καθάπερ
607 1578 692 1644 σὺ,
721 1580 815 1633 καὶ¹
835 1580 934 1651 τὴν
964 1581 1131 1650 αὐτὴν
1159 1582 1395 1646 ἀπαντες
1416 1582 1613 1653 ἔχομεν
1637 1582 1901 1654 κεφαλὴν,

327 1663 425 1717 καὶ
467 1662 568 1724 τὰς
603 1661 771 1727 αὑτὰς
829 1662 1100 1734 ἐλύσαμεν
1135 1663 1349 1728 ὠδῖνας·
1395 1665 1476 1718 διὸ
1519 1667 1617 1720 καὶ
1663 1665 1726 1721 τὸ
1774 1666 1906 1720 αὐτὸ

331 1743 507 1815 σῶμά,
530 1744 716 1814 ἐσμεν.
756 1745 868 1799 Kal
903 1745 959 1798 16
988 1744 1155 1815 λέγω,
1190 1748 1385 1818 φησὶν,
1425 1748 1710 1813 Ἰουδαίους
1735 1766 1751 1816 ;
1778 1749 1904 1812 τοὺς

329 1826 445 1898 γὰρ
484 1825 736 1880 τοσοῦτον
776 1827 1155 1897 ἀφεστηκότας
1182 1830 1341 1899 ἡμῶν
1374 1828 1638 1900 Ἕλληνας
1678 1832 1757 1896 είς
1787 1831 1904 1895 ἐνδς

328 1909 585 1980 σώματος
626 1909 911 1981 ἀκρίϐειαν
944 1910 1140 1981 ἤγαγε.
1172 1913 1265 1965 Διὸ
1292 1913 1481 1978 εἰπὼν,
1526 1913 1722 1984 Ἡμεῖς
1749 1914 1902 1968 πάν-

323 2009 444 2059 τες,
483 1992 585 2046 ούκ
629 1991 759 2062 ἔστη
809 1992 973 2066 μέχρι
1017 1995 1226 2062 τούτου,
1278 1997 1392 2050 ἀλλ’
1422 1999 1733 2068 ἐπήγαγεν*
1766 1999 1905 2053 Εἴτε

337 2073 631 2139 Ἰουδαῖοι,
668 2074 787 2129 εἴτε
819 2076 1139 2147 Ἕλληνες,
1174 2078 1295 2133 εἴτε
1325 2079 1549 2145 δοῦλοι,
1586 2081 1707 2135 εἴτε
1731 2081 1901 2135 ἐλεύ-

322 2163 501 2229 θεροι.
524 2159 587 2212 El
608 2158 665 2212 δὲ
688 2158 794 2230 πρὸ
816 2158 1005 2213 τούτου
1027 2161 1279 2215 τοσοῦτον
1299 2163 1671 2235 ἀφεστηκότες
1687 2162 1901 2236 ήνὼθη-

325 2262 427 2316 μεν
447 2244 542 2298 καὶ
560 2242 857 2314 ἐγενόμεθα
875 2241 953 2309 ἐν,
979 2243 1158 2316 πολλῷ
1184 2245 1382 2316 μᾶλλον
1406 2247 1544 2318 μετά
1564 2247 1626 2301 τὸ
1648 2246 1901 2316 γενέσθαι

321 2327 403 2386 ἰν.
419 2328 520 2380 οὐκ
548 2327 615 2380 ἂν
641 2325 834 2396 εἴημεν
858 2326 1056 2381 δίκαιοι
1080 2328 1367 2382 λυπεῖσθαι
1390 2330 1486 2383 καὶ
1501 2330 1604 2384 ἀθυ
1614 2332 1755 2401 μεῖν’
1778 2330 1902 2383 οὐδὲ

299 2411 581 2505 ,γάρξχει
632 2408 1187 2505 ﬂama-1963:9096.
1234 2413 1299 2466 El
1330 2412 1775 2505 *Ἕλληνας
1808 2414 1903 2467 καὶ

331 2494 622 2557 Ἰουδαίους
641 2492 753 2545 τῶν
784 2492 967 2546 αὐτῶν
997 2493 1220 2563 ἠξίωσε,
1257 2496 1354 2549 καὶ
1376 2493 1597 2557 δούλους
1626 2497 1723 2549 καὶ
1750 2498 1903 2549 ἐλευ-

321 2577 537 2649 θέρους,
577 2575 697 2639 πῶς
734 2576 874 2646 μετά
897 2575 959 2629 τδ
987 2576 1219 2641 ἀξιῶσαι
1245 2577 1532 2648 διίστησιν,
1566 2578 1654 2631 ὅτε
1684 2577 1904 2631 πλείονα

321 2664 391 2716 ἐκ
412 2664 515 2731 τῆς
542 2659 656 2713 τῶν
681 2658 1046 2730 χαρισμάτων
1084 2660 1349 2731 χορηγίας
1384 2661 1484 2726 τῆς
1521 2661 1769 2725 ὲνώσεως
1803 2664 1903 2733 τὴν

320 2744 611 2816 ἀκρίϐειαν
645 2741 944 2814 ἐχαρίσατο
964 2760 980 2812 ;
1021 2744 1126 2798 Καὶ
1175 2743 1399 2809 πάντες
1425 2747 1512 2810 εις
1551 2744 1623 2798 ἓν
1658 2745 1904 2815 Πνεῦμα

321 2828 751 2896 ἐποτίσθημεν.
775 2825 888 2880 Καὶ
920 2825 1032 2895 τὰρ
1056 2826 1124 2879 τὸ
1163 2824 1335 2895 σῶμα
1361 2828 1473 2880 οὐκ
1499 2826 1673 2882 ἐστιν
1699 2826 1768 2881 ἓν
1794 2826 1902 2896 μέ-

324 2917 453 2980 λος,
483 2911 645 2967 ἀλλὰ
674 2906 897 2963 πολλά.
931 2908 1188 2965 Τουτέστι
1212 2949 1228 2975 ,
1256 2909 1392 2979 πρὸς
1420 2910 1519 2980 τὴν
1547 2909 1714 2982 αὐτὴν
1741 2910 1902 2982 ῆλθο-

324 3014 429 3070 μεν
458 2994 869 3067 μυσταγωγίαν,
896 2993 996 3062 τῆς
1021 2991 1193 3063 αὐτῆς
1226 2992 1572 3064 ἀπολαύομεν
1598 2993 1898 3065 τραπέζης.

327 3081 436 3135 Kal
459 3079 550 3134 διὰ
573 3076 630 3132 τί
661 3080 735 3148 μὴ
764 3074 907 3144 εἷπε,
934 3075 1006 3130 Τὸ
1030 3076 1162 3129 αὐτὸ
1188 3077 1345 3148 σῶμα
1367 3077 1701 3149 τρεφόμεθα,
1727 3078 1818 3131 καὶ
1843 3072 1905 3130 τδ

326 3163 457 3216 αὐτὸ
490 3159 630 3233 αἷμα
661 3161 926 3231 πίνομεν;
958 3157 1085 3213 ’Ότι
1117 3160 1340 3230 Πνεῦμα
1374 3160 1542 3214 είπὼν
1565 3201 1580 3226 ,
1616 3161 1905 3232 ἀμφότερα

327 3247 566 3318 ἐδήλωσε
599 3245 697 3299 καὶ
740 3244 802 3297 τὸ
836 3238 977 3313 αἷμα
1014 3242 1108 3296 καὶ
1145 3241 1242 3315 τὴν
1274 3244 1473 3315 σάρκα·
1508 3242 1670 3316 [27η
1705 3244 1771 3298 δι’
1799 3245 1906 3315 ἀμ-

332 3329 575 3400 φοτέρων
605 3328 715 3399 γὰρ
740 3328 800 3380 ἓν
827 3325 1046 3397 πνεῦμα
1083 3326 1437 3398 ποτιζόμεθα.
1485 3328 1640 3397 Ἐμοὶ
1668 3327 1724 3380 δὲ
1758 3327 1908 3381 δοκεῖ

338 3411 433 3466 νῦν
466 3412 676 3482 ἐκείνην
701 3411 879 3479 λέγειν
914 3409 1008 3463 τοῦ
1048 3410 1365 3481 Πνεύτματος
1403 3412 1504 3480 τὴν
1533 3410 1904 3479 ἐπιφοίτησιν,

339 3496 440 3569 τὴν
468 3492 576 3550 ἀπὸ
620 3495 710 3549 τοῦ
748 3496 1119 3565 βαπτίσματος
1159 3495 1267 3569 καὶ,
1296 3494 1403 3564 πρὸ
1445 3494 1553 3548 τῶν
1595 3495 1907 3565 μυστηρίων

337 3556 699 3650 ἐγγινομένην
732 3556 881 3650 ημῖν.
936 3556 1378 3645 ’.Εποτίσθῆμείρ
1412 3578 1470 3630 δὲ
1501 3556 1684 3643 εἶπεν,
1718 3556 1907 3649 ἐπειδὴ

335 3666 370 3736 ή
400 3661 687 3735 μεταφορά
714 3662 809 3733 τῆς
836 3661 1033 3728 λέξεως
1068 3660 1273 3730 σφόδρα
1304 3660 1563 3730 ἁρμόδιος
1594 3661 1741 3730 αύτῷ
1771 3660 1908 3731 πρὸς

330 3749 437 3820 τὴν
467 3745 839 3818 προκειμένην
870 3745 1149 3799 ὑπόθεσιν·
1184 3743 1261 3807 ὡς
1291 3742 1358 3796 ἂν
1391 3744 1440 3796 εί
1473 3744 1564 3797 ἐπὶ
1594 3742 1778 3814 φυτῶν
1814 3742 1910 3798 καὶ

332 3830 673 3904 παραδείσου
693 3829 898 3897 ἔλεγεν,
927 3830 1009 3882 δτι
1047 3827 1180 3881 Ἀπὸ
1203 3824 1304 3897 τῆς
1327 3826 1501 3896 αὐτῆς
1522 3830 1705 3899 πηγῆς
1731 3826 1908 3880 πάντα

333 3917 399 3971 τά
431 3914 635 3984 δένδρα
666 3913 910 3985 ἄρδεται,
939 3913 1021 3964 ὅτι
1045 3910 1153 3963 ἀπὸ
1182 3910 1276 3963 τοῦ
1305 3908 1479 3963 αὐτοῦ,
1501 3909 1691 3973 ὕδατος
1712 3925 1726 3939 ⁸
1768 3908 1910 3963 οὕτω

332 4000 395 4070 δὴ
432 3999 529 4055 καὶ
576 3996 835 4062 ἐνταῦθα,
859 3995 932 4049 Τὸ
961 3993 1093 4047 αὐτὸ
1126 3992 1351 4066 Πνεῦμα
1385 3993 1613 4064 ἐπίομεν
1648 3995 1905 4061 ἅπαντες,

331 4086 429 4154 τῆς
473 4081 647 4150 αὐτῆς
687 4077 1077 4149 ἀπελαύσαμεν
1106 4076 1346 4148 χάριτος,
1383 4076 1568 4147 φησίν.
1621 4076 1685 4131 El
1729 4077 1909 4130 τοίνυν

334 4169 427 4222 καὶ
456 4166 516 4221 ἓν
551 4167 779 4234 Πνεῦμα
810 4164 959 4234 ἡμᾶς
994 4160 1386 4223 κατεσκεύασε,
1428 4160 1523 4213 καὶ
1552 4162 1631 4224 είς
1659 4160 1716 4213 ἓν
1750 4160 1910 4230 σῶμα

333 4250 584 4312 ἅπαντας
631 4248 781 4318 ἡμᾶς
815 4246 1112 4314 συνήγαγε*
1155 4242 1317 4295 τοῦτο
1341 4243 1449 4313 γάρ
1477 4243 1648 4309 ἐστιν,
1693 4246 1797 4308 Είς
1840 4242 1911 4296 ἐν

232 4376 249 4398 .
334 4331 508 4404 σῶμα
529 4329 993 4397 αέίδ³απιςτίσθημεινι⁸
1019 4326 1113 4380 καλ¹
1135 4326 1266 4396 μίαν
1287 4323 1563 4396 τράπεζαν
1594 4326 1906 4395 ἐχαρίσατο,

336 4420 427 4471 καὶ
438 4418 543 4488 τὴν
569 4413 737 4485 αὐτὴν
756 4411 974 4483 ἀρδείαν
995 4410 1201 4464 ἀπασιν
1223 4408 1411 4462 ἔδωκε·
1432 4407 1721 4479 τοῦτοκγάρ
1739 4408 1906 4473 ἐστιν,

335 4502 435 4567 Είς
447 4497 777 4565 ἕΗΙνεῦμα
792 4494 1213 4563 ἐποτίσθημεν
1234 4494 1328 4546 καὶ
1343 4490 1609 4545 τοσοῦτον
1620 4490 1912 4555 διεστῶτας

334 4582 531 4652 ῆνωσε,
555 4581 650 4634 καὶ
673 4577 744 4631 τὰ
767 4575 935 4631 πολλά
960 4575 1081 4629 τότε
1107 4575 1314 4643 γίνεται
1339 4574 1521 4645 σῶμα,
1542 4574 1671 4627 ὅταν
1687 4573 1912 4642 γένηται

333 4663 497 4718 ενοιτί
541 4679 635 4731 μοι
664 4661 764 4731 τὴν
792 4659 1053 4731 διαφορὰν
1087 4659 1197 4713 ἀνω
1224 4660 1319 4711 καὶ
1357 4658 1509 4711 κάτω
1538 4657 1820 4729 στρέφεις;
1850 4658 1912 4710 El

334 4747 388 4801 δὲ
417 4746 623 4815 λέγεις,
650 4745 733 4798 ὅτι
762 4742 941 4796 Πολλά
968 4745 1083 4795 ἐστι
1111 4741 1182 4794 τὰ
1210 4741 1343 4811 μέλη
1373 4742 1467 4794 καὶ
1492 4741 1743 4810 διάφορα,
1773 4739 1911 4809 μάθε

335 4826 595 4885 ὃτιίαύτδ.
620 4827 720 4899 μὲν
758 4821 851 4880 οὖν
877 4824 1037 4878 τοῦτό
1069 4827 1182 4877 ἐστι
1214 4824 1276 4876 τὸ
1306 4823 1618 4894 θαυμαστὸν
1638 4865 1654 4887 ,
1688 4823 1783 4877 καὶ
1818 4823 1911 4875 τοῦ

339 4913 593 4984 σώματος
630 4909 692 4962 τὸ
734 4906 1194 4979 ἐξαίρετον,’ὄταν
1225 4905 1294 4959 τὰ
1341 4905 1511 4959 πολλά
1545 4906 1638 4959 καὶ
1681 4905 1915 4984 διάφορα

339 4995 395 5049 ἓν
424 4983 575 5067 ποιῇο
616 4995 666 5045 εί
696 4988 753 5045 δὲ
790 4992 864 5063 μὴ
902 4987 969 5062 ῆν
998 4989 1185 5054 πολλὰ,
1220 4988 1316 5058 οὐχ
1342 4987 1483 5040 οὕτω
1509 4988 1822 5057 θαυμαστὸν
1845 4983 1914 5058 ἦν

339 5081 431 5133 καὶ
464 5075 773 5149 παράδοξον
805 5074 885 5138 τὸ,
917 5073 974 5126 ἓν
1003 5068 1142 5127 εἶναι
1172 5072 1350 5139 σῶμα·
1389 5070 1590 5141 μᾶλλον
1626 5070 1682 5122 δὲ
1712 5071 1823 5123 οὐδ’
1849 5071 1915 5125 ἂν

338 5156 403 5232 ῆν
432 5162 616 5231 σῶμα.
653 5157 814 5212 Ἀλλά
854 5156 1011 5210 τοῦτο
1052 5156 1152 5224 μὲν
1192 5154 1417 5223 ὕστερον
1446 5152 1657 5221 τίθησν
1685 5155 1821 5216 τέως
1857 5154 1913 5206 δὲ

342 5246 424 5300 ἐπ’
459 5244 602 5298 αῢτά
629 5243 698 5296 τά
731 5241 868 5311 μέλη
898 5243 1085 5311 χωρεῖ,
1117 5239 1293 5307 λέγων
1327 5237 1517 5300 οὕτως·
1561 5234 1696 5290 Ἐὰν
1719 5237 1856 5304 εἴπῃ
1883 5237 1917 5291 ό

342 5329 518 5396 ποῦς,
539 5327 633 5382 ὅτι
662 5328 785 5380 Οὐκ
812 5325 927 5393 εἰμί
953 5323 1100 5393 χεὶρ,
1128 5325 1240 5378 οὐκ
1259 5321 1377 5391 είμί
1400 5323 1469 5375 ἐκ
1488 5320 1595 5374 τοῦ
1620 5319 1913 5388 σώματος,

344 5416 416 5466 οὔ
446 5411 609 5480 παρὰ
640 5408 817 5463 τοῦτο
847 5408 958 5461 οὐκ
1000 5406 1173 5460 ἐστιν
1208 5406 1278 5459 ἐκ
1320 5404 1426 5459 τοῦ
1466 5403 1769 5474 σώματος;
1807 5403 1918 5460 Kal

345 5494 452 5549 ἐὰν
476 5493 617 5561 εῑπῃ
645 5490 715 5545 τὸ
740 5487 868 5556 οὖς,
893 5488 983 5542 ὅτι
1007 5493 1128 5543 Οὐκ
1156 5488 1271 5556 είμὶ
1297 5486 1624 5556 ὀφθαλμός,
1658 5489 1769 5541 οὐκ
1800 5486 1918 5557 είμί

348 5578 414 5632 ἐκ
445 5576 552 5631 τοῦ
581 5576 878 5644 σώματος,
900 5575 972 5628 οὐ
1003 5570 1163 5639 παρὰ
1184 5571 1354 5625 τοῦτο
1379 5573 1491 5624 οὐκ
1522 5571 1693 5626 ἔστιν
1718 5571 1786 5626 ἐκ
1811 5573 1917 5626 τοῦ

324 5661 658 5729 animatae;
707 5657 771 5710 Εἰ
802 5656 911 5726 γὰρ
943 5654 1004 5708 τὺ
1046 5654 1135 5708 τὸν
1187 5652 1287 5722 μὲν
1328 5652 1697 5721 ὴλαττῶσθαι,
1734 5653 1824 5709 τὸν
1861 5654 1917 5707 δὲ

357 5743 658 5816 ὑπερέχειν,
690 5740 787 5793 οὐκ
815 5739 1037 5811 ἀφίησιν
1063 5731 1199 5793 εἶναι
1222 5737 1284 5790 ἐκ
1309 5733 1400 5790 τοῦ
1433 5735 1695 5807 σώματος,
1725 5741 1781 5792 τὸ
1812 5739 1914 5791 πᾶν

1358 225 1422 283 ΙΝ
1464 231 1683 290 ΕΡΙδΤ.
1725 234 1747 288 Ι
1785 236 1877 290 AD
1913 237 2071 313 COR.
2110 240 2346 300 Ηοιιιι..
2377 244 2542 300 XXX.

2006 357 2290 431 ἀνῄρηται.
2329 361 2422 430 Μὴ
2467 362 2644 418 τοίνυν
2697 367 2893 438 εἴπῃς,
2940 366 3021 421 δτι
3060 367 3177 420 Οὐκ
3218 364 3339 436 είμὶ
3370 364 3530 437 σῶμα
3555 408 3574 432 ,

2005 441 2192 512 ἐπειδὴ
2229 443 2465 497 ἐλάττων
2503 446 2635 517 είμί·
2674 447 2767 501 καὶ
2799 447 2907 519 γὰρ
2938 451 2967 502 6
3002 447 3138 512 ποῦς
3187 447 3285 520 τὴν
3316 448 3587 505 ἐλάττονα.

2002 522 2155 589 τάξιν
2198 522 2329 596 ἔχει,
2362 524 2497 580 ἁλλά
2531 526 2625 581 τοῦ
2670 529 2919 600 σώματός
2950 532 3087 586 ἐστι.
3142 531 3216 585 Τὸ
3243 531 3351 602 γὰρ
3379 533 3443 586 ἐκ
3473 535 3569 587 τοῦ

2004 605 2254 678 σώματος
2286 609 2423 662 εἶναι
2452 611 2545 663 καὶ
2578 612 2653 682 μὴ
2681 607 2843 680 εἶναι,
2874 614 2974 667 οὐκ
3001 614 3109 668 ἀπὸ
3135 614 3229 667 τοῦ
3260 613 3353 667 τὸν
3390 615 3488 685 μὲν
3513 616 3574 668 ἐν

2000 688 2135 761 τῷδε
2165 691 2244 763 τῷ
2271 692 2442 763 τόπῳ,
2472 692 2562 745 τὸν
2585 694 2640 748 δὲ
2662 697 2719 750 ἐν
2741 695 2878 767 τῷδε
2907 696 3141 751 κεῖσθαι·
3171 695 3329 750 τοῦτο
3356 696 3463 767 γὰρ
3489 698 3578 751 τό·

2001 788 2105 826 που
2148 775 2295 827 ποιεῖ
2326 774 2614 847 διαφοράν·
2666 779 2780 831 ἀλλ’
2813 778 2920 832 ἀπὸ
2959 779 3055 832 τοῦ
3106 779 3377 848 συνῆφθαι
3407 780 3441 851 ἢ
3469 780 3579 834 ἀπ-

2002 854 2241 925 έχεσθαι’
2289 856 2351 910 τὸ
2396 858 2506 928 7&9
2549 855 2688 914 εἶναι
2731 861 2765 932 ἢ
2810 862 2886 932 μὴ
2929 859 3070 915 εἶναι
3119 861 3310 933 σῶμα,
3376 865 3438 917 ἐκ
3481 863 3577 917 τοῦ

2000 936 2307 1010 ἡνῶσθαιῆ
2358 940 2434 1011 μὴ
2481 942 2724 1013 ἡνῶσθαι
2756 945 2988 1012 γίνεται.
3035 946 3107 998 Σὺ
3145 944 3204 998 δέ
3239 962 3331 1014 μοι
3383 945 3579 998 σκόπει

2000 1019 2097 1091 τὴν
2117 1019 2351 1086 σύνεσιν,
2383 1023 2502 1088 πῶς
2522 1025 2704 1079 αὐτῶν
2729 1026 2799 1080 τὰ
2828 1028 3053 1099 ῥήματα
3071 1029 3187 1089 τοῖς
3208 1028 3395 1097 μέλεσι
3418 1045 3577 1100 περι-

2001 1102 2184 1174 τίθησι
2212 1106 2324 1168 τοῖς
2361 1106 2671 1178 ἡμετέροις.
2707 1108 2925 1181 Ὠσπερ
2961 1108 3071 1180 γὰρ
3114 1110 3374 1181 ἀνωτέρω
3398 1110 3577 1178 ἔλεγε,

2010 1185 2200 1241 Ταῦτα
2227 1189 2721 1258 μετεσχημάτισα
2748 1194 2838 1256 είς
2860 1192 3122 1261 ἐμαυτὸν
3146 1192 3243 1246 καί
3288 1193 3576 1258 Ἀπολλῶ,

2002 1269 2143 1323 οὕτω
2178 1270 2244 1342 δὴ
2295 1272 2391 1325 καὶ
2419 1273 2695 1339 ἐνταῦθα,
2720 1273 2861 1328 ὥστε
2895 1274 3179 1346 ἀνεπαχθῆ
3227 1275 3451 1347 ποιῆσαι
3487 1278 3581 1330 τὸν

2000 1352 2159 1422 λόγον
2205 1353 2302 1408 καὶ
2330 1356 2769 1427 εύπαράδεκτον,
2799 1356 2868 1411 τὰ
2914 1357 3055 1430 μέλη
3094 1356 3307 1426 είσάγει
3342 1358 3580 1427 φθεγγό-

2006 1454 2141 1507 μενα
2165 1453 2180 1468 ·
2212 1437 2301 1504 ἵν’,
2328 1437 2459 1493 ὅταν
2485 1440 2761 1494 ἀκούσωσι
2784 1440 2884 1511 τῆς
2916 1438 3133 1512 φύσεως
3154 1440 3337 1504 αὐτοῖς
3358 1442 3581 1512 ἀποκρι-

2002 1520 2253 1590 νομένης,
2289 1520 2395 1575 ἀπδ
2424 1521 2521 1594 τῆς
2550 1523 2746 1594 πείρας
2779 1523 2951 1593 αὐτῆς
2982 1524 3334 1595 ἐλεγχόμενοι
3361 1525 3455 1578 καὶ
3482 1525 3581 1595 τῆς

2004 1604 2187 1674 κοινῆς
2217 1603 2420 1676 ψήφου,
2457 1605 2622 1677 μηδὲν
2650 1604 2835 1660 λοιπὸν
2865 1606 3170 1675 ἀντιλέγειν
3198 1605 3363 1678 ἔχωσι
3382 1622 3430 1662 ο.
3458 1606 3580 1661 Κάν

2002 1686 2111 1751 7&9
2143 1686 2358 1757 λέγητε,
2401 1688 2556 1758 φησὶ,
2586 1688 2745 1743 τοῦτο
2793 1688 2946 1756 αὐτὸ,
2992 1688 3096 1744 κᾶν
3142 1690 3447 1762 γογγύζητε
3473 1731 3486 1751 ,
3519 1691 3579 1742 ού

2001 1769 2227 1823 δύνασθε
2265 1771 2422 1836 ὲκτδς
2450 1767 2597 1825 εἶναι
2615 1771 2710 1826 τοῦ
2743 1771 3016 1844 σώματος.
3046 1774 3258 1844 Ὥσπερ
3288 1775 3398 1844 γὰρ
3425 1776 3454 1827 6
3481 1776 3585 1845 τῆς

2003 1851 2220 1920 φύσεως
2247 1851 2432 1922 νόμος,
2465 1852 2609 1908 οὕτω
2634 1854 2730 1908 καὶ
2757 1855 2939 1926 πολλῷ
2973 1855 3139 1909 πλέον
3164 1858 3197 1927 η
3233 1856 3330 1926 τῆς
3360 1855 3583 1926 χάριτος

2001 1935 2229 2005 δύναμις
2260 1936 2517 2005 φυλάττει
2544 1937 2722 1991 πάντα
2757 1941 2853 1991 καὶ
2881 1938 3148 2011 διατηρεῖ.
3182 1939 3292 1992 Kal
3332 1941 3434 2008 ὂρα
3463 1937 3584 2002 πῶς

2002 2016 2238 2087 ἐφύλαξε
2275 2018 2335 2072 τὸ
2363 2019 2676 2092 ἀπέριττον,
2706 2021 2813 2074 ούκι
2852 2021 2950 2075 ἐπὶ
2996 2022 3215 2077 πάντων
3255 2021 3366 2075 τῶν
3402 2020 3583 2092 μελῶν

2001 2102 2092 2156 τὸν
2118 2101 2273 2170 λόγον
2299 2103 2613 2173 γυμνάζων,
2638 2103 2754 2158 ἀλλ’
2778 2105 2872 2158 ἐπὶ
2898 2104 2992 2159 δύο
3023 2104 3224 2177 μόνων,
3249 2105 3344 2159 καὶ
3370 2103 3582 2159 τούτων

2000 2185 2110 2237 τῶν
2137 2185 2340 2255 ἄκρων.
2374 2186 2483 2238 Kal
2512 2186 2621 2259 7&9
2645 2186 2706 2240 τὸ
2739 2187 2958 2242 πάντων
2989 2186 3318 2259 τιμιώτερον
3343 2185 3580 2253 τέθεικε,

2000 2268 2092 2321 τὸν
2141 2267 2439 2338 ὀφθαλμὸν,
2491 2269 2587 2323 καὶ
2635 2270 2696 2323 τὸ
2748 2271 2965 2326 πάντων
3009 2271 3411 2342 εὐτελέστερον,
3453 2271 3582 2334 τοὺς

2002 2349 2187 2414 πόδας.
2223 2351 2335 2403 Καὶ
2363 2352 2424 2403 ού
2466 2354 2612 2406 ποιεῖ
2639 2352 2731 2407 τὸν
2760 2354 2898 2408 πόδα
2937 2352 3016 2426 τῷ
3042 2352 3308 2425 ὀφθαλμῷ
3336 2350 3581 2421 διαλεγό-

2005 2451 2184 2505 μενον,
2219 2432 2371 2506 [272]
2400 2435 2535 2488 ἀλλά
2566 2439 2633 2508 τῇ
2670 2435 2850 2506 ὀλίγον
2884 2437 3262 2508 ἀναϐεϐηκυίᾳΙ
3290 2438 3457 2508 χειρί,
3485 2436 3582 2507 τὴν

2000 2517 2058 2572 δὲ
2082 2517 2252 2590 ἀκοὴν
2274 2519 2387 2583 τοῖς
2413 2519 2735 2591 ὀφθαλμοῖς.
2779 2522 2998 2592 Ἐπειδὴ
3023 2523 3131 2593 γὰρ
3152 2523 3211 2576 ού
3239 2525 3351 2587 τοῖς
3378 2520 3583 2592 σφόδρα

2002 2601 2385 2673 ὑπερέχουσιν,
2419 2603 2558 2658 ἀλλά
2583 2605 2697 2670 τοῖς
2722 2604 2917 2673 ὀλίγον·
2936 2604 3308 2677 ἀναϐεϐηκόσι
3342 2604 3580 2673 φθονεῖν,

2000 2684 2291 2755 είώθαμεν,
2343 2686 2432 2739 διὰ
2469 2684 2628 2740 τοῦτο
2682 2688 2778 2741 καὶ
2814 2686 2977 2750 αύτδς
3009 2686 3154 2741 οὕτω
3196 2689 3433 2740 ποιεῖται
3481 2685 3583 2758 τὴν

2003 2768 2393 2839 σύγκρισιν.Εί
2413 2768 2562 2822 ὅλον
2579 2768 2647 2823 τὸ
2666 2767 2838 2837 σῶμα
2853 2770 3184 2839 ὀφθαλμὸς,
3204 2769 3323 2823 πνονῦ
3346 2771 3384 2838 ὴ
3403 2770 3583 2838 diem};

2000 2852 2053 2904 εί
2102 2850 2252 2904 ὅλον
2293 2849 2468 2918 ἀκοὴ,
2500 2850 2620 2905 ποῦ
2648 2852 2688 2919 ἡ
2721 2851 3053 2921 ὄσφρησις-ς
3097 2850 3316 2923 Ἐπειδὴ
3346 2852 3455 2923 γὰρ
3503 2853 3583 2915 εἰς

2000 2934 2100 3004 τὴν
2126 2934 2236 2988 τῶν
2269 2932 2457 3006 μελῶν
2478 2933 2739 3005 ἐμπεσὼν
2768 2934 3055 3007 διαφορὰν,
3088 2936 3184 2990 καὶ
3214 2934 3386 2989 εἰπὼν
3417 2934 3584 2999 πόδας

2002 3018 2094 3072 καὶ
2124 3021 2314 3091 χεῖρας
2341 3017 2436 3071 καὶ
2476 3017 2790 3089 ὀφθαλμοὺς
2820 3020 2916 3072 καὶ
2941 3012 3056 3072 ὦτα
3074 3058 3088 3082 ,
3132 3020 3214 3080 είς
3245 3017 3454 3072 ἔννοιαν
3482 3017 3584 3071 αύ-

2000 3102 2127 3165 τοὺς
2156 3102 2260 3173 τῆς
2282 3100 2633 3166 ἐλαττώσεως
2660 3102 2753 3156 καὶ
2777 3102 2885 3172 τῆς
2914 3103 3189 3174 ὑπεροχῆς
3220 3103 3450 3174 ἤγαγεν·
3482 3103 3586 3173 δρα

2003 3184 2120 3249 πῶς
2157 3185 2319 3240 πάλιν
2353 3186 2552 3249 αὐτοὺς
2585 3186 2996 3256 παραμυθεῖται
3017 3228 3032 3252 ,
3063 3186 3279 3250 δεικνὺς
3319 3186 3402 3242 ὅτι
3441 3184 3586 3240 οὕτω

2005 3270 2284 3342 συμφέρον
2327 3264 2419 3343 ἦν,
2462 3271 2558 3323 καὶ
2602 3269 2666 3324 τὸ
2706 3270 2938 3335 πολλοὺς
2982 3266 3123 3325 εἶναι
3152 3271 3246 3323 καὶ
3273 3270 3584 3340 διαφόρους,

2002 3353 2160 3407 τοῦτο
2205 3354 2441 3421 μάλιστα
2487 3356 2634 3408 ποιεῖ
2672 3355 2832 3423 σῶμα
2872 3350 3036 3408 εἷναι.
3078 3354 3142 3407 El
3169 3353 3227 3407 δέ
3270 3352 3327 3407 ἓν
3361 3349 3501 3425 ἦσαν
3537 3354 3586 3406 οί

2006 3436 2233 3502 πάντες,
2265 3437 2366 3490 οὐκ
2403 3432 2542 3504 ἦσαν
2585 3436 2767 3506 σῶμα·
2803 3436 2884 3490 διό
2933 3451 3120 3505 φησιν,
3166 3435 3234 3490 El
3287 3436 3355 3488 δὲ
3393 3435 3474 3503 ἦν
3514 3433 3587 3488 τὰ

2006 3516 2202 3570 πάντα
2227 3516 2298 3570 ἒν
2321 3516 2530 3586 μέλος,
2567 3517 2686 3570 ποῦ
2728 3516 2795 3571 τὸ
2834 3516 3042 3587 σῶμα;
3081 3516 3242 3569 Ἀλλά
3285 3517 3442 3569 τοῦτο
3487 3515 3587 3585 μὲν

2008 3600 2234 3670 ὕστερον
2276 3599 2444 3669 λέγει’
2495 3599 2732 3654 ἐνταῦθα
2765 3600 2824 3653 δέ
2856 3617 2909 3653 τι
2956 3601 3051 3653 καὶ
3101 3598 3262 3653 πλέον
3294 3599 3584 3664 δείκνυσιν,

2007 3685 2089 3738 ὅτι
2115 3683 2175 3736 ού
2208 3684 2365 3754 μόνον
2398 3683 2557 3755 σῶμα
2581 3681 2722 3738 εἶναι
2751 3684 2852 3737 οὑκ
2877 3685 3134 3755 ἐγχωρεῖ,
3166 3682 3277 3736 ἀλλ’
3299 3681 3420 3736 οὐδὲ
3448 3677 3586 3735 εῖναι

2007 3770 2132 3832 τοὺς
2161 3767 2402 3832 λοιπούς.
2436 3770 2506 3822 El
2532 3767 2815 3839 ὅλον.γάρ
2835 3764 2915 3839 ἦν
2940 3766 3119 3837 ἀκοὴ,
3148 3766 3267 3822 ποῦ
3292 3767 3330 3836 η
3361 3765 3588 3836 ὄσφρη-

2007 3866 2154 3917 σις;.
2176 3851 2365 3923 φησίν.

2078 4031 2145 4094 γ’.
2161 4021 2294 4078 Εἶτα
2312 4022 2497 4095 ἐπειδὴ
2513 4021 2592 4077 ἐτι
2607 4023 2700 4077 καὶ
2715 4020 2886 4086 οὕτως
2901 4020 3271 4093 ἐθορυϐοῦντο·
3288 4020 3424 4091 ὅπερ
3442 4019 3585 4073 ἀνω,-

2006 4107 2148 4177 τέρω
2186 4107 2429 4178 ἐποίησε,
2459 4106 2554 4159 καὶ
2586 4105 2680 4160 νῦν
2708 4105 2867 4165 τοῦτο
2895 4107 3059 4159 ποιεῖ.
3090 4105 3302 4175 Ὠσπερ
3330 4102 3441 4174 7&9
3470 4102 3588 4155 ἐκεί

2006 4191 2095 4244 διά
2118 4191 2208 4244 τοῦ
2240 4190 2609 4261 συμφέροντος
2638 4188 3049 4260 παρακαλέσας,
3073 4188 3300 4258 ὕστερον
3331 4187 3426 4240 καὶ
3457 4188 3587 4239 ἐπε-

2010 4273 2231 4343 στόμισε
2266 4272 2533 4342 σφοδρῶς,
2565 4270 2736 4324 εἰπών
2758 4286 2771 4302 ·
2810 4270 3003 4324 Ταῦτα
3040 4269 3109 4322 δὲ
3139 4268 3336 4321 πάντα
3362 4266 3589 4336 ἐνεργει

2009 4352 2079 4408 ἓν
2123 4354 2221 4407 καί
2266 4355 2330 4406 τὸ
2372 4353 2518 4406 αὐτὸ
2566 4352 2830 4421 Πνεῦμα,
2884 4350 3155 4417 διαιροῦν
3195 4349 3314 4415 ἰδίᾳ
3355 4348 3591 4415 ἑκάστῳ

2014 4437 2206 4502 καθὼς
2230 4436 2542 4500 ,βούλεταν
2568 4434 2711 4486 οὕτω
2746 4434 2840 4487 καὶ
2869 4431 3101 4485 ἐνταῦθα
3130 4429 3422 4501 λογισμοὺς
3452 4430 3586 4494 θεὶς,

2014 4519 2133 4573 καθ’
2166 4518 2258 4582 οὒς
2290 4517 2456 4582 ἔδειξε
2485 4516 2764 4587 συμφέρον
2804 4515 2863 4568 ὃν
2905 4513 3050 4567 οὕτω
3092 4513 3345 4582 γενέσθαι
3385 4513 3587 4576 πάντα,

2014 4601 2178 4656 πάλιν
2201 4600 2294 4653 ἐπὶ
2323 4602 2421 4671 τὴν
2445 4600 2540 4653 τοῦ
2570 4599 2704 4653 Θεοῦ
2733 4597 2931 4669 βουλὴν
2950 4597 3141 4665 ἀνάγει
3170 4597 3229 4650 τὸ
3257 4598 3362 4651 πᾶν
3388 4592 3584 4663 λέγων·

2013 4685 2163 4742 Νυνὶ
2184 4685 2251 4738 δὲ
2279 4687 2312 4740 d
2346 4686 2490 4750 θεὸς
2512 4682 2680 4739 ἔθετο
2715 4683 2787 4737 τὰ
2808 4683 2990 4750 μέλη,
3014 4680 3084 4735 ἐν
3111 4680 3372 4747 ἕκαστον
3391 4677 3592 4735 αὐτῶν

2013 4769 2084 4823 ἐν
2119 4768 2197 4834 τῷ
2231 4768 2457 4838 σώματι
2490 4765 2685 4832 καθὼς
2724 4764 3048 4832 ἠθέλησεν.
3081 4764 3293 4834 Ὠσπερ
3334 4763 3462 4835 περὶ
3493 4761 3588 4816 τοῦ

2014 4852 2155 4905 Πνεύ
2165 4868 2332 4921 ματος
2348 4847 2490 4912 εἶπε,
2509 4848 2719 4915 Καθὼς
2727 4848 3042 4913 βούλεται,
3057 4847 3201 4901 οὕτω
3217 4847 3309 4902 καὶ
3331 4844 3586 4909 ἐνταῦθα,

2016 4933 2220 4998 Καθὼς
2243 4932 2528 5000 ἠθέλησε.
2563 4931 2654 5002 Μὴ
2681 4931 2862 4985 τοίνυν
2892 4930 3115 4994 ἐξέταζε
3152 4929 3337 4982 λοιπὸν
3367 4927 3466 4996 τὴν
3507 4928 3591 4980 αἰ·-
3674 4934 3679 4945 ’

2016 5018 2157 5081 τίαν,
2197 5016 2286 5079 διὰ
2311 5014 2363 5069 τί
2404 5015 2581 5076 οὓτω,
2629 5015 2724 5069 καὶ
2769 5015 2859 5067 διὰ
2896 5014 2947 5069 τί
2995 5014 3092 5084 οὐχ
3136 5013 3297 5066 οὕτω.
3328 5011 3445 5065 Κᾶν
3482 5009 3589 5081 γὰρ

2021 5100 2244 5171 μυρίους
2267 5098 2459 5166 λόγους
2487 5098 2700 5171 ἔχωμεν
2730 5099 2928 5160 εἰπεῖν,
2961 5097 3060 5166 οὐχ
3081 5092 3223 5148 οὕτω
3251 5093 3589 5163 δυνησόμεθα

2015 5183 2180 5248 δεῖξαι
2208 5183 2288 5235 ὅτι.
2320 5180 2517 5242 καλῶς,
2554 5180 2629 5242 ὼς
2664 5181 2792 5232 ὅταν
2819 5179 3086 5248 εἴπωμεν,
3118 5178 3198 5230 ὅτι
3220 5176 3294 5240 ὡς
3322 5177 3350 5229 ὁ
3378 5177 3590 5247 ἀριστο-

2014 5266 2209 5337 τέχνης
2239 5265 2522 5335 ἠθέλησεν,
2558 5261 2699 5316 οὕτω
2736 5263 2959 5329 γέγονεν
2982 5277 2997 5290 ⁸
3039 5261 3113 5326 ὡς
3160 5262 3269 5333 γὰρ
3312 5263 3590 5331 συμφέρον

2017 5351 2181 5414 ἐστὶν,
2219 5349 2362 5402 οὕτω
2393 5346 2662 5418 βούλεται.
2700 5343 2764 5398 El
2793 5345 2850 5398 δὲ
2882 5346 2941 5397 ἐν
2971 5343 3047 5416 τῷ
3076 5343 3288 5416 σώματι
3316 5344 3491 5411 τούτῳ
3524 5341 3587 5394 ού

2017 5429 2485 5503 περιεργαζόμεθα
2507 5429 2577 5483 τὰ
2619 5428 2774 5499 μέλη,
2808 5426 2988 5499 πολὶῷ
3030 5427 3231 5499 μᾶλλον
3260 5429 3318 5480 ἐν
3349 5427 3416 5494 τῇ
3468 5424 3589 5475 Ἐκ-

2017 5515 2236 5586 κλησίᾳ.
2271 5515 2381 5568 Καὶ
2412 5514 2514 5585 δρα
2542 5511 2707 5567 αὐτοῦ
2734 5512 2833 5584 τὴν
2866 5512 3101 5566 σύνεσιν·
3133 5512 3194 5566 ού
3222 5507 3453 5578 γὰρτῆν
3480 5504 3588 5557 ἀπὸ

2087 5741 2110 5769 ³
2138 5738 2225 5788 Hic
2252 5737 2429 5788 desinit
2454 5738 2603 5788 codex
2626 5738 2830 5800 Regius.
