3990 6168
394 213 500 270 253

394 327 494 398 τῆς
526 327 738 398 φύσεως
765 327 947 400 τίθησι
974 322 1258 400 διαφοράν,
1287 328 1407 380 οὐδὲ
1430 328 1528 399 τὴν
1556 327 1663 380 ἀπὸ
1691 327 1790 398 τῆς
1819 329 1965 396 ἐνερ-

394 421 571 490 γείας,
617 419 752 473 ἀλλά
783 419 883 489 τὴν
920 419 1028 472 ἀπὸ
1064 419 1164 489 τῆς
1199 417 1401 482 θέσεως
1445 420 1552 472 τῶν
1582 419 1784 473 τόπων.
1813 418 1966 472 Νυνί

394 512 524 584 γὰρ,
555 512 737 581 φησὶν,
764 514 798 566 ό
827 511 971 577 Θεὸς
990 512 1156 565 ἔθετο
1180 515 1253 566 τὰ
1275 512 1456 582 μέλη,
1482 511 1551 567 ἓν
1578 512 1840 567 ἕκαστον
1862 514 1967 566 αὐ-

394 605 512 660 τῶν
549 606 620 658 ἐν
662 603 741 670 τῷ
780 603 1026 674 σώματι,
1061 606 1255 674 καθὼς
1296 608 1580 676 ἠθέλησε.
1623 608 1733 662 Καὶ
1785 607 1969 672 καλῶς

393 695 569 761 εἶπεν,
602 697 920 762 Ἕκαστον,
943 698 1036 752 ἐπὶ
1065 700 1282 754 πάντων
1309 701 1370 753 10
1399 699 1673 764 λυσιτελὲς
1693 699 1969 754 ἐνδεικνύ-

397 804 574 858 μενος.
602 788 677 840 Οὐ
707 786 815 856 γὰρ
843 788 908 841 ἂν
947 786 1092 858 ἔχοις
1125 789 1324 854 εἰπεῖν,
1368 789 1452 842 ὅτι
1481 787 1638 842 τοῦτο
1674 789 1773 858 μὲν
1806 789 1970 852 αὐτὸς

389 878 602 943 ἔταξεν,
633 880 809 933 ἐκεῖνο
830 879 885 931 δὲ
907 879 1046 950 οὐχί·
1081 879 1218 933 ἀλλά
1245 880 1477 934 ἕκαστον
1503 880 1644 934 κατὰ
1667 879 1728 934 10
1758 879 1972 952 Θέλημα

392 969 580 1036 αὐτοῦ,
615 967 758 1022 οὐτω
788 972 984 1024 κεῖται.
1015 972 1175 1024 Ὥστε
1203 970 1300 1024 καὶ
1337 971 1413 1041 τῷ
1451 971 1573 1024 ποδὶ
1602 972 1870 1044 συμφέρει
1907 971 1970 1024 τὸ

392 1059 535 1113 οῦτω
571 1061 850 1132 τετάχθαι,
891 1061 1011 1132 οὐχὶ
1046 1064 1112 1133 τῇ
1153 1062 1364 1133 κεφαλῇ
1415 1061 1594 1133 μόνον·
1637 1061 1739 1116 κᾶν
1778 1061 1971 1116 ἀνταλ-

392 1151 531 1226 λάεῃ
561 1152 662 1224 τὴν
703 1153 875 1219 τάξιν,
909 1155 1002 1207 καὶ
1038 1155 1138 1225 τὴν
1173 1153 1379 1207 οἰκείαν
1425 1152 1610 1225 χώραν
1657 1153 1837 1223 ἀφεὶς,
1885 1154 1969 1222 ἐφ’

395 1247 592 1316 ἐτέραν
616 1245 765 1321 ἔλθῃ,
807 1245 909 1300 κᾶν
942 1247 1036 1299 ἐπὶ
1077 1245 1301 1315 μείζονα
1334 1245 1462 1315 δοκῇ
1510 1245 1856 1317 ἐληλυθέναι,
1906 1244 1969 1298 τὺ

394 1337 505 1390 πᾶν
533 1335 784 1390 ἀπώλεσε
811 1337 902 1390 καὶ
923 1335 1218 1408 διέφθειρε·
1246 1337 1346 1406 τῆς
1371 1353 1432 1388 τε
1452 1336 1561 1406 γὰρ
1587 1335 1793 1400 οἰκείας
1815 1336 1973 1390 ἐκπί-

395 1445 540 1493 πτει,
574 1429 669 1481 καὶ
694 1428 793 1498 τῆς
822 1427 1017 1499 ἐτέρας
1042 1429 1143 1482 οὐκ
1182 1429 1552 1498 ἐπιτυγχάνει.
1595 1430 1664 1482 Εἰ
1695 1429 1766 1482 δὲ
1791 1423 1871 1499 ἦν
1900 1429 1974 1484 τὰ

395 1519 590 1575 πάντα
610 1518 680 1574 ἐν
699 1520 910 1590 μέλος,
933 1521 1051 1576 ποῦ
1079 1520 1146 1574 τὸ
1165 1519 1357 1591 σῶμα;
1375 1521 1527 1575 Νυνί
1553 1521 1622 1575 δὲ
1642 1525 1843 1578 πολλὰ
1857 1523 1975 1593 μὲν

392 1611 570 1681 μέλη,
597 1611 666 1665 ἓν
685 1612 754 1665 δὲ
775 1611 966 1681 σῶμα.
1008 1613 1399 1684 Ἑπιστομίσας
1419 1613 1528 1684 γὰρ
1549 1613 1748 1678 αὐτοὺς
1773 1612 1974 1679 ἱκανῶς

394 1704 503 1756 ἀπὸ
531 1705 629 1775 τῆς
650 1704 745 1758 τοῦ
767 1704 900 1758 Θεοῦ
923 1704 1242 1769 διατάξεως,
1265 1705 1430 1758 πάλιν
1450 1704 1751 1776 λογισμοὺς
1767 1707 1969 1778 τίθησι·

395 1797 490 1849 καὶ
518 1793 642 1848 οὗτε
656 1794 815 1848 τοῦτο
836 1796 923 1849 ἀεὶ
945 1797 1090 1850 ποιεῖ
1106 1795 1252 1862 οὐτε,
1277 1795 1476 1859 ἐκεῖνο,
1498 1795 1615 1848 ἀλλ’
1632 1796 1974 1850 ἐναλλάττων

395 1884 547 1957 1275]
597 1883 866 1938 ποικίλλει
893 1885 984 1938 τὸν
1032 1885 1211 1954 λόγον.
1256 1885 1322 1937 Ὅ
1351 1901 1409 1938 τε
1456 1883 1566 1955 γὰρ
1606 1885 1974 1956 ἐπιστομίζων

398 1976 580 2046 μόνον,
611 1977 701 2029 τὸν
731 1977 1032 2048 ἀκροατὴν,
1068 1975 1343 2048 θορυϐεῖὸ
1368 1993 1430 2029 τε
1471 1977 1529 2029 δὲ
1561 1974 1759 2039 ἐθίζων
1809 1976 1973 2030 αὐτὸν

393 2067 615 2123 πάντων
647 2069 828 2132 αἰτίας
856 2070 1141 2133 ἀπαιτεῖν,
1173 2069 1254 2130 είς
1291 2067 1385 2120 τὸν
1418 2068 1518 2138 τῆς
1544 2067 1780 2130 πίστεως
1811 2067 1973 2122 αὐτὸν

395 2159 784 2229 παραϐλάπτει
821 2159 1002 2227 λόγον.
1034 2159 1135 2212 Διά
1169 2158 1236 2229 δὴ
1265 2157 1426 2212 τοῦτο
1461 2159 1686 2213 κάκεῖνο
1735 2158 1975 2230 συνεχῶς

393 2253 422 2304 0
463 2250 678 2313 Παῦλος
721 2252 886 2314 ποιεῖ,
918 2250 1006 2302 ἵνα
1052 2250 1147 2304 καὶ
1181 2248 1513 2302 πιστεύσωσι
1553 2249 1649 2304 καὶ
1694 2249 1771 2322 μή
1817 2250 1974 2322 θορυ-

395 2340 616 2395 ϐῶνται·
657 2343 753 2394 καί
801 2339 940 2411 μετά
979 2339 1040 2392 τὸ
1083 2339 1435 2410 ἐπιστομίσαι
1471 2339 1633 2394 πάλιν
1672 2341 1769 2394 καὶ
1817 2341 1973 2409 λόγον

392 2433 648 2503 παρέχει.
685 2431 796 2484 Καὶ
828 2431 1021 2484 σκόπει
1051 2432 1152 2503 τὴν
1180 2430 1536 2499 φιλονεικίαν,
1563 2431 1657 2484 καί
1684 2434 1785 2504 τήν
1815 2449 1972 2504 περι-

393 2525 583 2578 ουσίαν
627 2524 724 2595 τῆς
759 2522 934 2594 νίκης.
990 2525 1108 2592 Ἀφ’
1146 2516 1221 2578 ὧν
1254 2525 1364 2596 γάρ
1414 2523 1662 2596 ἐνόμιζον
1696 2524 1798 2578 οὐκ
1833 2518 1973 2577 εἰναι

398 2617 629 2687 ἰσότιμοι
680 2615 761 2688 τῷ
794 2616 998 2689 πολλὴν
1039 2621 1096 2671 ἐν
1133 2618 1317 2682 αὐτοῖς
1367 2612 1508 2672 εἶναι
1546 2619 1646 2690 τὴν
1688 2616 1971 2689 διαφορὰν,

393 2705 503 2758 ἀπὸ
535 2704 740 2759 τούτων
779 2705 1076 2770 δείκνυσιν,
1113 2708 1198 2762 ὅτι
1240 2708 1307 2762 δι’
1350 2707 1482 2761 αὐτὸ
1529 2709 1628 2778 μὲν
1672 2702 1766 2762 οὖν
1817 2707 1975 2760 τοῦτο

397 2794 648 2866 ἰσότιμοι.
681 2795 842 2863 Πῶς;
883 2796 997 2866 ἐγὼ
1020 2797 1184 2866 λέγω.
1215 2799 1285 2852 Εἰ
1310 2793 1390 2868 ἦν
1425 2797 1499 2851 τὰ
1541 2797 1760 2863 πάντα,
1785 2799 1972 2869 φησὶν,

394 2884 684 2955 ἓνμέλος,
712 2889 829 2942 ποῦ
857 2888 923 2942 τὸ
956 2887 1164 2958 mium;
1200 2889 1266 2941 Ὃ
1303 2888 1360 2941 δέ
1395 2887 1563 2956 λέγει,
1598 2887 1757 2942 τοῦτό
1793 2889 1972 2942 ἐστιν·

394 2975 459 3028 Εἰ
491 2978 564 3048 μὴ
587 2974 658 3047 ἦν
679 2980 736 3029 ἐν
760 2979 889 3048 ὑμῖν
913 2978 1081 3048 πολλὴ
1106 2982 1138 3049 ή
1166 2978 1419 3049 διαφορά,
1445 2979 1546 3032 οὐκ
1570 2979 1636 3032 ἂν
1660 2975 1758 3051 ἦτε
1790 2979 1972 3050 σῶμα·

398 3066 558 3138 σῶμα
590 3068 647 3121 δὲ
672 3069 773 3121 οὐκ
799 3069 971 3134 ὄντες,
1001 3071 1100 3122 οὐκ
1135 3069 1201 3124 ἂν
1233 3065 1331 3140 ἦτε
1369 3069 1427 3123 ἐν
1449 3086 1462 3099 ·
1499 3069 1556 3123 ἓν
1583 3071 1641 3124 δὲ
1670 3072 1768 3124 οὐκ
1800 3071 1972 3136 ὄντες,

397 3159 495 3211 οὐκ
535 3160 600 3212 ἂν
635 3155 734 3232 ἦτε
772 3161 1024 3231 ἰσότιμοι.
1067 3162 1231 3216 Ὥστε
1274 3157 1366 3216 οῦν
1400 3165 1449 3216 εἰ
1505 3164 1703 3226 πάντες
1745 3163 1975 3234 ἰσότιμοι

396 3248 517 3322 ἦτε,
551 3252 652 3304 οὐκ
700 3253 766 3306 ἂν
797 3248 896 3324 ἦτε
937 3253 1115 3326 σῶμα·
1152 3256 1253 3309 οὐκ
1288 3255 1438 3320 ὄντες
1467 3255 1525 3309 δὲ
1559 3257 1740 3324 σῶμα,
1775 3257 1875 3309 οὐκ
1909 3257 1975 3311 ἂν

397 3339 494 3416 ἦτε
525 3344 582 3398 ἐν
602 3361 616 3374 ·
645 3345 746 3398 οὐκ
781 3346 932 3410 ὅντες
971 3345 1026 3399 δὲ
1071 3345 1150 3412 ἓν,
1189 3347 1306 3412 πῶς
1335 3348 1401 3402 ἂν
1431 3344 1530 3419 ἦτε
1563 3347 1794 3419 ἰσότιμοι
1819 3366 1833 3415 ;
1862 3349 1976 3403 Νῦν

401 3436 607 3508 μέντοι,
644 3437 831 3509 ἐπειδὴ
863 3439 962 3492 οὐκ
992 3440 1114 3493 ἐστέ
1149 3441 1347 3504 πάντες
1376 3440 1435 3493 ἓν
1465 3458 1518 3494 τι
1546 3441 1791 3514 χάρισμα
1825 3441 1977 3513 έχον-

397 3543 510 3595 τες,
537 3527 625 3581 διὰ
655 3529 814 3582 τοῦτο
850 3527 1012 3600 σῶμά
1044 3530 1169 3582 ἐστε
1191 3547 1206 3562 ·
1261 3530 1423 3602 σῶμα
1472 3531 1530 3585 δὲ
1557 3531 1708 3596 ὄντες
1728 3573 1743 3599 ,
1780 3534 1979 3597 πάντες

398 3621 523 3674 ἐστέ
553 3620 631 3684 ἐν,
661 3622 754 3674 καὶ
782 3622 934 3675 οὐδὲν
959 3622 1200 3693 ἀλλήλων
1225 3623 1512 3695 διαφέρετε
1551 3626 1693 3680 κατὰ
1729 3626 1789 3679 10
1821 3626 1980 3697 σῶμα

399 3707 560 3766 εἶναι.
589 3712 752 3765 Ὥστε
775 3714 810 3782 ή
830 3713 1064 3784 διαφορά
1086 3715 1222 3785 αῦτη
1255 3715 1492 3785 μάλιστά
1514 3718 1661 3770 ἐστιν
1687 3719 1720 3787 ή
1753 3718 1981 3772 ποιοῦσα

400 3805 501 3874 τὴν
533 3805 824 3873 ἰσοτιμίαν·
863 3806 942 3859 διὸ
970 3809 1064 3859 καὶ
1094 3808 1360 3876 ἐπήγαγε,
1389 3807 1520 3862 Νῦν
1545 3808 1615 3861 δὲ
1640 3810 1840 3864 πολλὰ
1862 3810 1982 3879 μὲν

401 3897 576 3964 μέλη,
607 3895 678 3948 ἐν
718 3896 788 3948 δὲ
819 3894 1010 3966 σῶμα.
1044 3898 1206 3952 Ταῦτ’
1238 3895 1331 3953 οὖν
1369 3899 1678 3964 ἐννοοῦντες
1704 3903 1798 3955 καὶ
1822 3902 1981 3971 ἡμεῖς

404 3986 588 4038 πᾶσαν
618 3984 916 4054 βασκανίαν
945 3986 1284 4059 ἐκϐάλωμεν,
1325 3991 1420 4044 καὶ
1447 3991 1585 4060 μήτε
1616 3993 1728 4055 τοῖς
1760 3993 1983 4062 μείζονα

407 4077 719 4150 χαρίσματα
757 4077 942 4150 ἔχουσι
999 4080 1321 4152 φθονῶμεν,
1363 4082 1500 4153 μήτε
1551 4085 1982 4155 καταφρονῶμεν

406 4169 514 4224 τῶν
540 4170 610 4224 τά
636 4171 897 4226 ἐλάττονα
924 4172 1298 4243 κεκτημένων·
1327 4172 1471 4226 οῦτω
1498 4173 1609 4245 γάρ
1635 4176 1663 4228 0
1690 4175 1822 4238 Θεὸς
1853 4175 1981 4244 ἠθέ-

407 4263 556 4335 λησε.
592 4265 684 4336 Μὴ
718 4263 899 4318 τοίνυν
929 4264 1402 4337 ἀντιτασσώμεθα.
1445 4266 1506 4319 Εἰ
1544 4266 1602 4320 δέ
1639 4265 1720 4320 ἔτι
1756 4266 1980 4340 θορυϐᾕ,

407 4359 657 4428 ἐννόησον
701 4359 784 4411 ὅτι
815 4358 876 4412 τὸ
923 4358 1014 4410 σὺν
1057 4357 1214 4429 ἔργον
1243 4359 1304 4412 οὐ
1337 4358 1561 4413 δύναται
1610 4361 1814 4423 ἐκεῖνος
1852 4360 1982 4414 πολ-

408 4453 562 4514 λάκις
595 4451 795 4505 ἀνύειν.
831 4451 994 4504 Ὥστε
1032 4451 1136 4506 κᾶν
1186 4451 1424 4506 ἐλάττων
1472 4447 1558 4524 ᾖς,
1598 4451 1772 4523 τούτῳ
1797 4451 1985 4505 πλεον-

409 4543 605 4603 εκτεῖς·
640 4540 744 4594 κᾶν
778 4541 979 4610 μείζων
1013 4542 1219 4604 ἐκεῖνος
1257 4535 1314 4614 ᾖ,
1344 4539 1660 4592 ἐλαττοῦται
1699 4542 1758 4592 ἐν
1785 4541 1981 4611 τούτῳ,

409 4633 504 4687 καὶ
533 4631 706 4694 οὕτως
731 4633 913 4702 ἰσότης
937 4632 1168 4701 γίνεται.
1205 4633 1313 4686 Καὶ
1339 4633 1450 4702 γάρ
1476 4631 1571 4684 καί
1593 4632 1650 4683 ἐν
1672 4631 1748 4702 τῷ
1773 4631 1984 4702 σώματι

410 4725 506 4777 καὶ
543 4723 614 4776 τὰ
645 4723 820 4793 μικρά
853 4723 917 4774 οὐ
967 4724 1140 4795 μικρά
1169 4724 1320 4776 δοκεῖ
1374 4721 1672 4787 συντελεῖν,
1719 4722 1854 4776 ἀλλά
1892 4723 1986 4776 καὶ

409 4816 525 4877 τοῖς
567 4813 824 4884 μεγάλοις
871 4813 1196 4884 λυμαίνεται
1236 4813 1530 4879 πολλάκις,
1570 4815 1698 4868 ὅταν
1751 4815 1982 4888 ἀποστῇ.

411 4905 476 4958 Τί
501 4906 611 4976 γὰρ
637 4906 841 4977 τριχῶν
864 4905 1243 4976 εὐτελέστερον
1266 4907 1322 4959 ἐν
1346 4905 1424 4976 τῷ
1451 4905 1661 4977 σώματι
1683 4922 1697 4972 ;
1730 4905 1866 4961 ἀλλά
1888 4907 1988 4971 τὰς

412 4997 650 5062 εὐτελεῖς
674 4996 875 5061 ταύτας
902 4996 970 5050 ἂν
1003 4996 1199 5069 ἀνέλῃς
1229 4997 1336 5051 ἀπὸ
1369 4997 1475 5050 τῶν
1503 4997 1719 5067 ὀφρύων
1758 4999 1852 5052 καὶ
1881 4999 1987 5052 τῶν

414 5089 719 5159 βλεφάρων,
751 5090 880 5161 ὃλην
912 5089 1185 5160 ὴφάνισας
1209 5090 1308 5159 τῆς
1345 5087 1520 5159 ὅψεως
1546 5089 1645 5162 τὴν
1676 5087 1826 5160 ὥραν
1845 5129 1860 5154 ,
1895 5091 1989 5144 καὶ

413 5179 690 5250 ὀφθαλμὸς
720 5181 900 5235 οὐκέτι
933 5181 1134 5253 ὁμοίως
1175 5184 1421 5250 φανεῖται
1467 5180 1652 5245 καλός·
1703 5181 1877 5235 καίτοι
1925 5195 1990 5250 γε

414 5273 545 5344 περὶ
590 5273 651 5325 10
681 5273 840 5342 τυχόν
878 5277 1023 5327 ἐστιν
1059 5276 1093 5344 ή
1143 5274 1348 5345 ζημία,
1385 5275 1502 5328 ἀλλ’
1534 5275 1683 5345 ὅμως
1720 5274 1815 5327 καί
1848 5271 1992 5328 οὕτω

416 5365 567 5418 πᾶσα
593 5361 853 5432 διεφθάρη
889 5363 923 5431 ή
956 5363 1254 5433 εὐμορφία·
1284 5365 1384 5417 οὐκ
1417 5365 1690 5435 εὐμορφία
1719 5365 1775 5417 δὲ
1810 5364 1991 5433 μόνον,

418 5454 556 5508 ἀλλά
584 5455 681 5508 καὶ
708 5453 843 5507 πολύ
874 5453 975 5521 τῆς
1003 5453 1192 5524 χρείας
1233 5455 1340 5508 τῶν
1385 5456 1699 5527 ὀφθαλμῶν.
1729 5457 1850 5509 Τῶν
1884 5460 1992 5528 γάρ

425 5546 602 5617 μελῶν
649 5544 804 5618 ήμῶν
835 5547 1064 5599 ἕκαστον
1105 5546 1199 5599 καὶ
1245 5547 1380 5599 ἰδίαν
1418 5547 1699 5618 ἐνέργειαν
1737 5548 1852 5619 ἔχει
1898 5549 1994 5602 καὶ

429 5641 633 5710 κοινὴν,
669 5640 762 5693 καὶ
791 5638 986 5702 κάλλος
1010 5638 1211 5708 ὁμοίως
1237 5640 1330 5692 καὶ
1363 5639 1491 5691 ἴδιον
1519 5641 1612 5692 καὶ
1643 5640 1818 5694 κοινόν
1848 5641 1993 5695 ἐστιν

427 5731 486 5785 ἐν
535 5733 686 5803 ἡμῖν·
728 5735 820 5787 καὶ
875 5733 1020 5786 δοκεῖ
1061 5731 1158 5803 μὲν
1204 5731 1492 5804 διῃρῆσθαι
1531 5732 1721 5797 ταῦτα,
1779 5732 1989 5802 συμπέ-

1156 211 1214 268 S.
1251 213 1534 269 JOANNIS
1570 208 2065 268 CHRYSOSTQMI
2105 206 2428 266 ARCHIEP.
2472 201 3023 263 CONSTANTINOP.

3537 194 3643 248 250

2065 325 2294 378 πλεκται
2323 323 2380 378 δὲ
2413 320 2676 394 ἀκριϐῶς,
2707 320 2803 374 καὶ
2850 315 3079 388 θατέρου
3117 312 3506 385 διαφθαρέντος
3551 309 3648 366 καὶ

2066 417 2127 470 τὸ
2151 416 2336 488 ἕτερον
2368 413 2781 468 συναπόλλυται.
2811 412 3012 465 Σκόπει
3040 409 3094 463 δέ
3119 425 3132 438 ·
3162 407 3406 461 ἔστωσαν
3445 403 3646 474 ὀφθαλ-

2071 505 2163 579 μοὶ
2183 509 2510 578 λάμποντες,
2539 508 2635 560 καί
2658 506 2861 577 παρειά
2885 501 3166 575 μειδιῶσα,
3199 499 3294 554 καὶ
3329 498 3507 570 χεῖλος
3527 497 3651 569 £90-

2069 599 2218 670 090v,
2255 599 2350 653 καὶ
2382 599 2466 670 ῥὶς
2497 596 2715 662 εὐθεῖα,
2762 597 2856 650 καὶ
2892 596 3065 666 ὀφρύς
3110 590 3488 662 ἐκτεταμένη·
3534 589 3650 642 ἀλλ’

2068 691 2216 762 ὅμως
2240 689 2340 746 κᾶν
2368 691 2428 744 10
2455 689 2618 760 τυχὸν
2643 690 2709 742 ἐκ
2735 689 2938 742 τούτων
2961 684 3198 756 λυμήνῃ,
3221 685 3298 754 τῷ
3325 680 3495 752 κοινῷ
3517 681 3657 735 πάν-

2069 798 2178 834 των
2218 781 2470 853 ἐλυμήνω
2508 780 2730 850 κάλλει,
2765 778 2858 833 καὶ
2895 778 3073 832 πάντα
3112 775 3415 844 κατηφείας
3443 771 3650 844 μεστὰ,

2070 875 2167 928 καὶ
2206 874 2383 929 πάντα
2425 875 2626 947 αἰσχρά
2679 877 2928 945 φανεῖται
2969 871 3038 925 τὰ
3086 868 3194 942 1190
3248 867 3439 920 τούτου
3485 864 3649 921 καλά.

2073 967 2169 1020 Ἂν
2196 966 2306 1038 γὰρ
2329 971 2391 1021 τὸ
2419 968 2586 1041 ἄκρον
2617 968 2777 1038 μόνον
2794 966 2893 1036 τῆς
2916 964 3060 1037 ῥινὸς
3087 959 3404 1033 συντρίψῃς,
3431 959 3651 1013 πάντων

2071 1061 2274 1131 πολλὴν
2325 1062 2594 1134 κατέχεας
2644 1061 2744 1134 τὴν
2801 1057 3116 1130 ἀμορφίαν,
3173 1053 3353 1109 καίτοι
3405 1069 3471 1121 γε
3529 1048 3652 1115 ένδς

2076 1153 2270 1223 μέλους
2300 1155 2443 1208 ἐστὶν
2473 1157 2506 1226 ή
2552 1156 2824 1226 πήρωσις·
2859 1152 2954 1205 καὶ
2987 1149 3078 1204 ἐπὶ
3113 1145 3297 1219 χειρὸς
3324 1144 3545 1216 ὁμοίως,
3580 1143 3650 1196 ἂν

2074 1247 2192 1312 ἐνὸς
2222 1247 2485 1303 δακτύλου
2515 1249 2606 1302 τὸν
2649 1247 2816 1319 ὄνυχα
2848 1245 3070 1316 ἐξέλῃς,
3105 1241 3165 1296 10
3202 1241 3332 1295 αὐτὸ
3367 1240 3649 1310 γινόμενον

2075 1342 2214 1412 ὕψει.

2149 1517 2298 1591 [274]
2321 1519 2386 1572 δ’.
2418 1519 2479 1572 Εἰ
2495 1518 2551 1571 δὲ
2575 1520 2669 1572 καὶ
2689 1517 2781 1580 ἐπὶ
2796 1515 3074 1588 ἐνεργείας
3093 1511 3411 1584 βουληθείης
3439 1509 3501 1562 τὸ
3525 1507 3658 1563 αὐτὸ

2077 1611 2370 1680 συμϐαῖνον
2428 1611 2575 1676 ἰδεῖν,
2629 1609 2784 1662 ἄνελε
2817 1606 3079 1662 δάκτυλον
3106 1605 3222 1670 ἕνα,
3265 1604 3361 1658 καὶ
3387 1604 3514 1665 τούς
3544 1602 3657 1654 λοι-

2073 1701 2212 1764 ποὺς
2232 1701 2428 1772 ἀργοτέ
2438 1718 2562 1772 ρους
2583 1700 2724 1770 ὄψει,
2749 1699 2846 1754 καὶ
2865 1699 3048 1752 οὐκέτι
3071 1699 3139 1753 τὰ
3165 1697 3344 1751 αὐτῶν
3371 1694 3659 1759 ποιοῦντας

2072 1792 2292 1864 ὁμοίως.
2341 1793 2493 1846 Ἐπεὶ
2537 1787 2630 1845 οὖν
2664 1792 2842 1846 κοινὸν
2874 1785 3062 1861 αἶσχος
3117 1792 3150 1862 ή
3188 1788 3284 1843 τοῦ
3331 1787 3527 1859 μέλους
3558 1785 3658 1856 ξηο

2077 1885 2196 1955 μία,
2231 1885 2326 1939 καὶ
2369 1884 2548 1938 κοινὸν
2582 1883 2774 1947 κάλλος
2811 1885 2844 1954 ή
2881 1883 3143 1953 σωτηρία,
3182 1880 3256 1953 μὴ
3301 1878 3660 1950 ἐπαιρώμεθα

2078 1979 2210 2048 μηδὲ
2239 1977 2658 2048 ἐπεμϐαίνωμεν
2699 1978 2812 2040 τοῖς
2849 1975 3095 2045 πλησίον.
3124 1974 3222 2028 Διά
3253 1973 3362 2044 γὰρ
3391 1973 3566 2026 ἐκεῖνο
3596 1969 3660 2024 τὸ

2078 2069 2272 2142 μικρὸν
2303 2071 2464 2140 μέλος
2511 2069 2606 2123 καὶ
2648 2069 2710 2122 10
2756 2067 2898 2140 μέγα
2944 2068 3062 2120 ἐστί
3093 2066 3256 2120 καλὸν
3301 2065 3398 2118 καὶ
3434 2063 3657 2134 ὡραῖον,

2074 2161 2168 2216 καὶ
2220 2161 2310 2215 διὰ
2355 2160 2464 2214 τῶν
2522 2158 2857 2232 βλεφαρίδων
2904 2157 3178 2229 ὀφθαλμὸς
3230 2154 3656 2219 καλλωπίζεται.

2076 2253 2238 2307 Ὥστε
2271 2252 2449 2325 ἐαυτῷ
2473 2253 2699 2325 πολεμεῖ
2731 2255 2760 2306 ὁ
2793 2252 2874 2323 τῷ
2898 2250 3113 2322 ἀδελφῷ
3142 2249 3416 2322 πολεμῶν·
3462 2249 3522 2301 οὐ
3552 2245 3661 2319 γάρ

2077 2345 2271 2417 μέχρις
2301 2345 2508 2399 ἐκείνου
2534 2344 2602 2399 τὰ
2621 2344 2721 2415 τῆς
2752 2344 2976 2416 βλάϐης,
3002 2343 3137 2397 ἀλλά
3165 2342 3259 2395 καὶ
3288 2339 3451 2403 αὐτὸς
3478 2339 3542 2392 οὐ
3571 2357 3663 2410 μι-

2075 2435 2215 2508 κράν
2241 2436 2603 2504 ὐποστήσεται
2625 2432 2850 2505 ζημίαν.
2877 2433 2973 2486 Ἶν’
2992 2427 3086 2486 οὖν
3121 2432 3196 2504 μή
3226 2428 3385 2484 τοῦτο
3412 2428 3655 2498 γίνηται,

2073 2525 2149 2586 ὡς
2184 2526 2416 2589 ἑαυτῶν,
2438 2524 2580 2578 οὕτω
2614 2523 2846 2579 καὶτῶν
2879 2523 3112 2595 πλησίον
3143 2518 3541 2592 φροντίζωμεν,
3566 2518 3660 2573 καὶ

2073 2618 2277 2686 ταύτην
2298 2618 2398 2688 τὴν
2423 2617 2608 2671 εἰκόνα
2637 2614 2732 2670 τοῦ
2765 2614 3015 2687 σώματος
3042 2615 3137 2670 καὶ
3164 2613 3260 2667 νῦν
3285 2612 3381 2666 ἐπὶ
3405 2611 3505 2682 τὴν
3543 2610 3660 2664 Ἐκρ

2075 2710 2303 2780 κλησίαν
2350 2711 2768 2781 μεταγάγωμεν,
2800 2708 2896 2762 καὶ
2928 2707 3247 2780 προνοῶμεν
3293 2705 3548 2759 ἁπάντων
3587 2701 3661 2766 ὡς

2079 2802 2258 2874 μελῶν
2284 2801 2520 2856 οἰκείων.
2556 2801 2668 2854 Καὶ
2705 2800 2816 2870 γάρ
2847 2799 2943 2854 καὶ
2975 2800 3034 2852 ἐν
3071 2799 3137 2870 τῇ
3175 2795 3473 2867 Ἐκκλησία
3528 2794 3660 2865 μέλη

2077 2891 2248 2946 πολλὰ
2297 2892 2391 2946 καὶ
2433 2890 2699 2962 διάφορα·
2751 2889 2844 2944 καὶ
2892 2889 2960 2942 τὰ
2995 2886 3095 2958 μὲν
3131 2882 3459 2957 τιμιώτερα,
3493 2882 3564 2937 τά
3604 2881 3662 2935 δὲ

2076 2984 2504 3054 καταδεέστερα·
2538 2978 2649 3036 οἷόν
2675 2983 2780 3035 εἰσι
2814 2979 3102 3052 παρθένων
3135 2978 3319 3050 χοροὶ,
3345 2977 3453 3031 εἰσὶ
3477 2974 3662 3048 χηρῶν

2079 3077 2347 3146 σύλλογοι,
2402 3075 2511 3128 εἰσὶ
2567 3074 2677 3127 τῶν
2726 3073 2785 3127 ἐν
2844 3073 3010 3142 γάμῳ
3062 3070 3298 3142 σώφρονι
3341 3069 3663 3141 λαμπόντων

2077 3167 2361 3238 φρατρίαι,
2408 3166 2503 3218 καὶ
2546 3163 2730 3217 πολλοί
2776 3162 2877 3230 τῆς
2928 3161 3130 3232 ἀρετῆς
3177 3160 3227 3212 οἱ
3279 3156 3500 3228 βαθμοί.
3555 3157 3661 3209 Καὶ

2078 3257 2170 3312 ἐπὶ
2219 3255 2316 3326 τῆς
2359 3251 2728 3324 ἐλεημοσύνης
2775 3251 2940 3305 πάλιν
2983 3248 3213 3321 ὁμοίως·
3244 3246 3274 3298 0
3316 3246 3417 3316 μὲν
3449 3246 3560 3317 γάρ
3596 3243 3662 3298 τά

2078 3348 2258 3402 πάντα
2287 3345 2576 3409 ἐκένωσεν,
2611 3345 2659 3397 οἱ
2690 3342 2747 3396 δὲ
2776 3342 2874 3412 τῆς
2911 3339 3246 3411 αὐταρκείας
3276 3335 3663 3408 ἐπιμελοῦνται

2083 3443 2270 3515 μόνης,
2300 3442 2395 3494 καὶ
2415 3439 2576 3493 πλέον
2603 3438 2706 3508 τῆς
2730 3436 2918 3508 χρείας
2947 3431 3100 3486 οὐδὲν
3127 3427 3402 3515 ζητοῦσιν,
3441 3429 3494 3480 οἱ
3521 3427 3578 3480 δέ
3602 3427 3665 3479 ἐκ

2077 3513 2175 3588 τοῦ
2216 3530 2653 3603 περισσεύματος
2683 3527 2912 3580 ἔδωκαν·
2949 3523 3063 3578 ἀλλ’
3093 3523 3245 3591 ὅμως
3281 3513 3430 3573 οῦτοι
3464 3517 3664 3577 πάντες

2079 3630 2344 3701 ἀλλήλους
2373 3623 2658 3696 κοσμοῦσι,
2701 3620 2804 3675 κᾶν
2842 3617 3168 3687 ἐξουθενήσῃ
3214 3613 3307 3668 10v
3341 3612 3599 3672 ἐλάττονα
3635 3607 3668 3661 0

2084 3723 2304 3794 μείζων,
2329 3717 2519 3772 ἑαυτὸν
2551 3717 2620 3770 τὰ
2657 3714 2887 3786 μέγιστα
2921 3708 3174 3778 ἔϐλαψεν.
3202 3707 3274 3758 ’Ἥ
3302 3721 3361 3758 τε
3390 3702 3500 3774 γάρ
3525 3715 3664 3769 παρ-

2083 3816 2233 3878 θένος
2280 3814 2344 3866 ἂν
2386 3810 2583 3882 ὐϐρίσῃ
2611 3807 2708 3879 τὴν
2741 3806 3005 3876 ἐγγαμον,
3043 3802 3103 3856 οὐ
3143 3797 3336 3872 μικρὸν
3367 3795 3665 3865 ὐπετέμετο

2081 3907 2174 3962 τοῦ
2230 3903 2442 3976 μισθοῦ·
2498 3903 2526 3956 ὅ
2581 3917 2638 3953 τε
2694 3899 2764 3952 τὰ
2815 3899 2993 3952 πάντα
3036 3892 3302 3955 κενώσας,
3331 3890 3398 3944 ἂν
3436 3887 3669 3956 ὀνειδίσῃ

2083 4002 2160 4074 τῷ
2212 4001 2286 4073 μὴ
2342 3997 2502 4052 τοῦτο
2553 3992 2900 4064 πεποιηκότι,
2936 3990 3069 4045 πολὺ
3117 3987 3226 4040 τῶν
3275 3983 3442 4038 αὐτοῦ
3491 3982 3668 4035 πόνων

2085 4093 2342 4149 ἐκένωσε.

2156 4268 2267 4323 Καὶ
2295 4267 2350 4321 τί
2390 4265 2534 4335 λέγω
2566 4260 2871 4335 παρθένους
2900 4258 2994 4314 καὶ
3027 4258 3203 4330 χήρας
3237 4253 3329 4307 καὶ
3355 4250 3670 4320 ἀκτήμονας

2085 4361 2316 4433 ἄνδρας
2355 4359 2420 4412 Τί
2466 4358 2578 4427 γὰρ
2613 4353 2723 4409 τῶν
2768 4349 3205 4423 προσαιτούντων
3253 4342 3668 4433 εὐτελέστερον;

2088 4431 2202 4509 ἀλλλ
2238 4453 2387 4522 ὅμως
2428 4450 2523 4503 καὶ
2566 4442 2712 4502 οὗτοι
2754 4443 2942 4517 χρείαν
2995 4437 3260 4510 πληροῦσι
3303 4431 3566 4522 μεγίστην
3614 4431 3672 4482 ἐν

2100 4521 2421 4614 Ἐκκλησία,
2461 4535 2876 4611 προσηλωμένοι
2903 4533 3025 4596 ταῖς
3047 4532 3242 4600 θύραις
3264 4523 3361 4581 τοῦ
3398 4521 3553 4587 ναοῦ,
3579 4522 3673 4614 καὶ

2088 4636 2292 4706 κόσμον
2324 4631 2656 4702 παρέχοντες
2680 4628 2955 4699 μέγιστον,
2984 4622 3306 4678 καὶτούτων
3327 4616 3454 4672 άνευ
3478 4615 3581 4668 οὐκ

2088 4699 2538 4798 ἀπαρτισθείηντδ
2566 4720 2840 4790 πλήρωμα
2868 4715 2965 4786 τῆς
3000 4709 3348 4782 Ἐκκλησίας.
3376 4708 3557 4798 Ὅπερ
3580 4699 3677 4759 οὖν

2090 4818 2185 4872 καὶ
2213 4797 2277 4870 οἰ
2316 4813 2603 4868 ἀπόστολοι
2642 4809 2943 4868 συνιδόντες
2976 4804 3211 4876 ἐξαρχῆς
3247 4797 3670 4872 ἐνομοτέθησαν,

2091 4914 2279 4983 ὥσπερ
2301 4910 2368 4964 τὰ
2398 4907 2532 4963 ἄλλα
2570 4906 2766 4969 πάντα,
2800 4901 2941 4957 οὕτω
2971 4901 3066 4955 καὶ
3093 4899 3154 4953 10
3176 4899 3350 4970 χήρας
3374 4892 3512 4948 εἶναι
3531 4910 3545 4925 ·
3580 4891 3673 4983 κα)

2091 4981 2358 5074 τοσαύτην
2385 4999 2710 5070 ἐποιήσαντο
2732 4995 2860 5066 περί
2880 4993 2940 5047 10
2961 4992 3192 5063 πρᾶγμα
3216 4985 3472 5057 σπουδὴν,
3487 4982 3562 5046 ὡς
3579 4981 3675 5039 καὶ

2091 5095 2373 5156 διακόνους
2417 5092 2609 5153 αὐταῖς
2647 5087 2942 5156 ἐπιστῆσαι
2979 5083 3138 5138 ἐπτά.
3171 5081 3382 5150 ’Ὠσπερ
3420 5076 3530 5148 γάρ
3556 5075 3676 5127 ἐπι-

2093 5189 2331 5250 σκόπους
2376 5185 2471 5238 καὶ
2503 5179 2906 5254 πρεσϐυτέρους
2947 5177 3043 5231 καὶ
3078 5173 3358 5234 διακόνους
3394 5171 3490 5224 καὶ
3527 5184 3675 5239 παρ⁹

2094 5281 2278 5343 θένους
2324 5277 2421 5332 καὶ
2467 5272 2966 5346 ἐγκρατευομένους
3009 5265 3249 5340 ἀριθμῷ,
3291 5263 3361 5318 τά
3394 5261 3534 5334 μέλη
3576 5260 3678 5332 τῆς

2107 5369 2435 5439 Ἐκκλησίας
2471 5363 2806 5431 καταλέγων,
2830 5360 2974 5414 οὐτω
3021 5359 3117 5414 καὶ
3149 5358 3344 5429 χήρας.
3388 5353 3526 5409 Οὐδὲ
3565 5351 3678 5423 γὰρ

2094 5460 2194 5532 τὴν
2216 5457 2485 5529 τυχοῦσαν
2506 5453 2695 5526 χρείαν
2720 5447 2876 5508 αῦται
2898 5450 3185 5522 πληροῦσι.
3217 5450 3288 5502 Σὺ
3323 5447 3420 5519 μὲν
3451 5445 3562 5516 γάρ
3587 5445 3677 5499 ὅτε

2100 5550 2299 5622 βούλει,
2323 5547 2723 5620 παραγέγονας·
2747 5537 2904 5599 αὗται
2937 5543 2995 5596 δέ
3024 5541 3118 5594 καὶ
3145 5540 3359 5612 ήμέραν
3382 5538 3479 5591 καὶ
3505 5535 3676 5592 νύκτα

2098 5643 2357 5712 ψάλλουσι
2398 5639 2494 5693 καὶ
2525 5637 2796 5710 πάρεισιν,
2833 5637 2892 5689 οὐ
2930 5637 3026 5706 τῆς
3073 5630 3442 5704 ἐλεημοσύνης
3487 5630 3676 5684 ἕνεκεν

2107 5733 2271 5804 μόνης
2304 5731 2463 5786 τοῦτο
2490 5729 2755 5784 ποιοῦσαι·
2782 5727 2922 5796 ἐπεὶ,
2952 5727 2999 5781 εί
3025 5725 3178 5780 τοῦτο
3215 5722 3516 5788 ἐϐούλοντο,
3548 5717 3674 5789 ἐξῆν
