3990 6168
333 304 438 360 253

326 419 645 490 proferenda
671 416 1030 484 habuerimus,
1053 431 1159 473 non
1187 417 1266 473 sic
1289 417 1584 487 poterimus
1611 415 1897 472 ostendere

324 522 473 567 recte
506 510 701 566 factum
735 524 872 573 esse,
905 520 962 562 ut
997 523 1117 564 cum
1146 507 1412 564 dicimus:
1452 507 1521 564 Ut
1561 509 1794 578 optimus
1818 522 1906 561 ar-

324 603 453 661 tifex
499 605 702 671 voluit,
748 603 817 657 ita
862 600 1058 657 factum
1105 611 1230 657 est:
1279 617 1400 656 nam
1442 602 1521 657 sic
1560 601 1650 656 ille
1691 601 1802 656 vult
1848 609 1906 655 ut

322 698 559 768 expedit.
602 696 657 752 Si
699 706 876 750 autem
922 695 974 749 in
1016 695 1118 748 hoc
1160 709 1390 764 corpore
1417 694 1485 749 de
1515 694 1769 750 membris
1800 707 1903 748 non

321 791 532 844 curiose
563 787 900 857 inquirimus,
933 788 1101 840 rmilto
1131 789 1298 858 magis
1327 787 1379 840 in
1405 785 1668 841 Ecclesia.
1701 785 1766 838 Et
1783 783 1904 840 vide

320 881 461 936 illius
486 881 826 952 prudentiam
851 897 866 938 :
902 896 1005 934 non
1034 881 1178 934 enim
1207 880 1350 934 illam
1380 880 1527 950 ponit
1550 877 1902 933 differentiam

317 988 432 1043 qua:
469 987 533 1027 ex
564 983 754 1026 natura
784 980 904 1037 est,
935 988 1108 1044 neque
1141 971 1288 1026 illam
1321 987 1440 1042 qua:
1477 979 1560 1027 est
1603 987 1668 1026 ex
1710 985 1902 1040 opera-

317 1069 477 1131 tione,
508 1066 601 1121 sed
632 1081 752 1121 eam
782 1081 902 1134 qua:
932 1077 1015 1120 est
1054 1081 1084 1119 a
1117 1067 1221 1120 situ
1253 1065 1491 1120 locorum
1520 1082 1533 1119 :
1570 1061 1722 1118 Nunc
1753 1063 1897 1118 enim

313 1159 518 1229 posuit,
548 1158 758 1227 inquit,
790 1157 931 1212 Deus
955 1158 1200 1223 membra,
1229 1158 1614 1228 unumquodque
1638 1173 1813 1210 eorum
1844 1156 1897 1210 in

309 1266 524 1320 corpore
557 1250 692 1304 sicut
731 1249 908 1303 voluit.
953 1248 1017 1304 Et
1059 1259 1204 1304 recte
1245 1249 1410 1316 dixit,
1456 1247 1893 1319 Unumquodque,

308 1343 360 1396 in
393 1343 651 1396 omnibus
679 1341 962 1396 utilitatem
990 1340 1297 1395 OStendens.
1337 1339 1520 1410 Neque
1543 1339 1686 1394 enim
1713 1339 1896 1394 dicere

309 1435 522 1504 possis,
560 1434 712 1488 illum
740 1432 840 1488 hoc
863 1432 1076 1503 quidem
1106 1432 1382 1502 posuisse,
1415 1430 1545 1485 illud
1574 1446 1703 1485 vero
1733 1429 1894 1484 mini-

305 1543 392 1581 me
414 1567 428 1590 ,
462 1525 561 1583 sed
591 1525 1006 1597 unumquodque
1045 1526 1340 1580 secundum
1367 1525 1694 1580 voluntatem
1726 1524 1892 1594 ipsius

307 1621 474 1674 situm
507 1627 613 1674 est.
648 1620 832 1689 Itaque
859 1629 914 1675 et
941 1619 1059 1690 pedi
1087 1619 1218 1675 utile
1247 1620 1318 1674 sit
1345 1620 1424 1674 sic
1452 1618 1703 1674 collatum
1734 1633 1854 1673 esse
1873 1658 1888 1682 ,

311 1727 418 1765 non
451 1711 620 1780 capiti
655 1721 894 1776 tantum;
931 1720 986 1766 et
1011 1712 1126 1766 sive
1149 1711 1390 1766 ordinem
1421 1711 1736 1773 mutaverit,
1779 1710 1891 1765 sive

315 1804 537 1874 proprio
585 1802 779 1858 relicto
828 1804 979 1868 loco,
1033 1802 1084 1857 in
1130 1803 1290 1857 alium
1341 1803 1644 1866 transierit,
1685 1803 1796 1857 sive
1836 1802 1888 1856 in

311 1896 571 1964 majorem
613 1895 826 1949 venisse
865 1895 1132 1957 videatur,
1183 1903 1348 1948 totum
1397 1893 1624 1964 perdidit
1669 1902 1721 1947 et
1763 1907 1886 1947 cor-

305 1989 445 2057 rupit
475 2006 488 2040 :
533 2003 655 2041 nam
690 1988 962 2056 proprium
990 1987 1165 2044 locum
1199 1987 1460 2056 perdidit,
1503 1998 1557 2042 et
1583 1987 1745 2040 alium
1778 2003 1883 2040 non

301 2078 628 2148 assequitur.
681 2079 831 2146 Quod
870 2081 914 2132 si
955 2089 1116 2133 essent
1156 2079 1326 2132 omnia
1365 2095 1520 2132 unum
1561 2080 1880 2145 membrum,

299 2173 388 2224 ubi
417 2172 640 2242 corpus?
668 2169 754 2226 20.
794 2169 947 2224 Nunc
988 2181 1156 2224 autem
1186 2172 1344 2224 multa
1382 2171 1585 2240 quidem
1616 2172 1840 2226 membra
1863 2211 1879 2237 ,

295 2281 458 2318 unum
491 2281 608 2318 vero
640 2280 841 2332 corpus.
887 2262 1018 2318 Cum
1051 2263 1193 2319 enim
1221 2263 1298 2317 eis
1327 2264 1458 2317 satis
1486 2277 1547 2317 os
1577 2263 1878 2317 obstruxis-

294 2367 378 2412 sct
403 2373 434 2412 a
465 2357 556 2411 Dei
585 2356 954 2426 diSpositione,
985 2370 1168 2410 rursus
1191 2355 1466 2409 ratiocinia
1494 2355 1676 2424 ponit;
1709 2369 1881 2425 neque

292 2464 509 2516 semper
534 2446 636 2503 hoc
663 2447 805 2511 facit,
839 2462 1012 2517 neque
1042 2446 1196 2511 illud,
1229 2445 1322 2502 sed
1347 2454 1683 2500 commutaus
1713 2445 1881 2500 variat

291 2542 616 2595 orationem.
670 2540 771 2610 Qui
798 2544 943 2593 enim
973 2554 1033 2593 os
1060 2539 1275 2594 obturat
1309 2547 1538 2602 tantum,
1582 2538 1877 2593 auditorem

293 2633 514 2697 turbat;
557 2631 756 2703 quique
803 2632 953 2688 illum
997 2629 1286 2686 assuefacit
1323 2631 1388 2685 ad
1420 2630 1658 2686 omnium
1687 2645 1877 2686 causas

287 2723 673 2794 exquirendas,
698 2724 751 2778 in
774 2723 1020 2778 oratione
1043 2723 1110 2777 de
1140 2721 1240 2777 ﬁde
1270 2722 1441 2790 ipsum
1482 2721 1643 2777 hedit.
1676 2722 1876 2778 Idcirco

289 2819 396 2871 hoc
425 2816 619 2871 Paulus
647 2814 958 2886 frequenter
981 2814 1123 2881 facit,
1145 2823 1202 2868 ut
1227 2824 1280 2868 et
1308 2814 1525 2869 credant
1547 2824 1602 2870 et
1632 2831 1738 2870 non
1765 2827 1875 2870 tur-

287 2911 520 2974 bentur;
554 2918 608 2965 et
637 2918 919 2980 postquam
951 2923 1045 2962 ora
1072 2907 1333 2973 obstruit,
1377 2907 1467 2962 dat
1505 2907 1666 2963 etiam
1710 2909 1872 2963 ratio-

290 3019 434 3057 nem.
473 3003 538 3056 Et
566 3000 688 3056 vide
714 3001 1112 3057 contentionem
1140 3010 1196 3054 et
1224 2999 1434 3070 plenam
1465 3002 1760 3056 victoriam.
1794 3003 1870 3057 Ex

290 3094 482 3164 quibus
525 3093 782 3163 putabant
827 3108 888 3148 se
929 3107 1032 3146 non
1074 3106 1194 3146 esse
1240 3093 1445 3148 honore
1489 3109 1676 3162 pares,
1727 3095 1869 3165 quod

288 3189 452 3242 multa
499 3188 549 3241 in
584 3188 712 3255 ipsis
747 3195 892 3241 esset
919 3184 1254 3249 dillcreutia,
1296 3202 1359 3242 ex
1405 3186 1592 3241 iisdem
1634 3188 1871 3244 ostendit

287 3280 407 3334 illos
437 3290 650 3348 propter
679 3278 781 3334 hoc
807 3279 983 3348 ipsum
1011 3277 1214 3334 honore
1245 3295 1398 3348 pares
1424 3294 1571 3346 esse;
1598 3283 1868 3352 quomodo

291 3381 507 3434 autem,
547 3383 646 3439 ego
684 3369 880 3425 dicam.
928 3369 989 3424 Si
1031 3379 1224 3434 essent,
1267 3369 1473 3440 inquit,
1505 3375 1674 3426 omnia
1710 3391 1868 3428 unum

294 3463 570 3512 membrum
591 3500 607 3526 ,
639 3462 721 3513 ubi
750 3453 974 3529 corpus?
1005 3460 1058 3516 Id
1089 3470 1192 3524 est,
1221 3462 1277 3517 Si
1304 3477 1407 3517 non
1435 3474 1612 3530 eSset,
1656 3466 1863 3535 inquit,

291 3552 345 3606 in
395 3552 548 3606 vobis
591 3552 754 3606 multa
785 3552 1118 3618 differentia,
1167 3569 1272 3607 non
1316 3554 1509 3608 essetis
1554 3570 1786 3625 corpus:
1819 3558 1864 3612 si

286 3658 486 3712 corpus
516 3657 620 3698 non
669 3644 894 3708 essetis,
928 3659 1104 3713 neque
1147 3660 1307 3698 unum
1337 3646 1569 3701 essetis:
1614 3648 1659 3700 si
1703 3664 1864 3703 unum

284 3755 389 3792 non
419 3739 635 3801 essetis,
666 3753 835 3808 neque
863 3754 1018 3809 pares
1047 3738 1256 3793 essetis.
1296 3737 1477 3808 Itaque
1504 3739 1549 3793 si
1591 3755 1744 3809 pares
1774 3757 1860 3796 es-

283 3833 431 3896 setis,
466 3847 572 3886 non
600 3833 792 3887 essetis
820 3847 1014 3901 corpus
1040 3849 1055 3886 :
1083 3832 1126 3886 si
1156 3845 1351 3900 corpus
1378 3846 1482 3886 non
1514 3833 1722 3899 essetis,
1756 3850 1862 3889 non

281 3927 470 3981 essetis
499 3940 660 3980 unum
688 3942 701 3978 :
730 3925 775 3980 si
801 3940 961 3979 unum
991 3940 1094 3978 non
1121 3925 1333 3992 essetis,
1362 3927 1630 3993 quomodo
1658 3926 1862 3983 honore

282 4031 431 4086 pares
466 4017 701 4072 essetis?
729 4015 881 4071 Nunc
907 4030 1065 4081 vero,
1093 4017 1215 4086 quia
1247 4031 1351 4071 non
1377 4032 1564 4073 omnes
1590 4019 1732 4073 idem
1763 4019 1862 4075 do—

281 4122 401 4163 num
430 4109 680 4174 habetis,
726 4107 846 4164 ideo
887 4121 1082 4178 corpus
1123 4108 1292 4163 estis:
1331 4122 1525 4179 corpus
1563 4125 1689 4167 vero
1737 4127 1858 4166 cum

278 4201 424 4267 sitis,
457 4215 648 4255 oumes
679 4216 840 4255 unum
867 4200 1019 4265 estis,
1046 4207 1102 4254 et
1130 4199 1263 4253 nihil
1295 4199 1434 4254 alter
1463 4201 1531 4255 ab
1560 4202 1730 4257 altero
1756 4201 1859 4257 dif-

278 4293 454 4359 fertis,
486 4292 782 4348 secundum
815 4293 902 4358 id,
932 4292 1073 4363 quod
1112 4308 1306 4362 corpus
1346 4294 1498 4349 estis.
1543 4293 1724 4366 Itaque
1768 4295 1856 4350 illa

279 4385 507 4439 maxime
551 4383 854 4440 differentia
895 4395 1017 4450 est,
1060 4399 1180 4455 qua:
1224 4383 1349 4439 facit
1393 4384 1612 4441 honoris
1653 4388 1856 4457 parita-

277 4485 378 4531 tem
407 4497 421 4534 :
465 4478 702 4548 ideoque
741 4478 1053 4548 subjunxit,
1098 4477 1252 4533 Nune
1277 4489 1441 4533 autent
1473 4481 1631 4534 multa
1655 4481 1858 4552 quidem

275 4570 492 4624 membra
517 4611 536 4637 ,
568 4587 730 4625 unum
767 4587 881 4625 vero
910 4587 1118 4640 corpus.
1147 4571 1272 4626 [iure
1312 4572 1490 4642 itaque
1515 4587 1615 4627 nos
1643 4589 1856 4644 quoque

273 4661 608 4730 cogitantes,
653 4677 867 4718 omnem
910 4663 1169 4733 pellamus
1208 4664 1493 4729 invidiam,
1539 4680 1712 4736 neque
1752 4666 1856 4722 illis

274 4753 604 4808 invideamus
646 4754 735 4824 qui
779 4754 979 4824 majora
1021 4753 1220 4809 habent
1257 4754 1620 4823 charismata,
1666 4772 1840 4828 neque

271 4844 634 4915 despiciamus
673 4861 769 4902 eos
812 4847 902 4916 qui
953 4847 1156 4902 minora
1204 4848 1481 4918 possident
1521 4865 1535 4904 :
1587 4849 1656 4904 ita
1708 4851 1851 4905 enim

276 4934 406 4992 Deus
445 4938 642 4994 voluit.
689 4937 768 4994 Ne
814 4940 990 5009 itaque
1037 4939 1378 4994 obsistamus.
1423 4940 1479 4996 Si
1522 4956 1648 4997 vero
1677 4942 1852 4997 adhuc

272 5029 520 5096 turbaris,
551 5029 726 5100 cogita
756 5030 905 5086 illum
937 5044 1081 5101 sarpe
1111 5046 1216 5086 non
1248 5047 1403 5101 posse
1429 5048 1563 5101 opus
1589 5042 1735 5087 tuum
1761 5034 1860 5087 itu-

272 5117 432 5185 plcre.
479 5122 888 5191 Quamobrem,
937 5123 1146 5178 etiamsi
1193 5126 1367 5178 minor
1413 5123 1610 5190 fueris,
1657 5127 1710 5180 in
1749 5125 1852 5181 hoc

272 5208 411 5267 illum
439 5229 707 5284 superas;
735 5215 944 5270 etiamsi
972 5215 1141 5284 major
1170 5215 1260 5270 ille
1286 5217 1373 5279 sit,
1407 5215 1462 5270 in
1493 5215 1596 5271 hoc
1626 5232 1848 5287 supera-

271 5309 381 5370 tur,
428 5313 485 5359 et
533 5305 615 5360 sic
658 5306 936 5376 aequalitas
977 5306 1225 5362 efﬁcitur.
1270 5308 1480 5363 Etenim
1523 5307 1574 5362 in
1624 5323 1850 5379 corpore

270 5409 493 5466 quoque,
541 5413 664 5467 qua:
707 5413 868 5472 parva
905 5406 1062 5464 sunt,
1106 5414 1211 5454 non
1258 5415 1416 5469 parva
1458 5399 1702 5456 videntur
1747 5418 1845 5457 ex-

271 5486 409 5554 sequi
431 5528 447 5554 ,
479 5486 577 5543 sed
609 5496 663 5542 et
699 5504 888 5559 magna
916 5503 1059 5558 sche
1088 5487 1446 5557 labefactant,
1488 5506 1610 5545 cum
1654 5491 1842 5549 absce-

271 5572 413 5630 dunt.
443 5578 584 5646 Quid
613 5580 756 5636 enim
783 5581 837 5636 iu
872 5597 1097 5651 corpore
1128 5582 1249 5650 pilis
1279 5581 1477 5638 vilius?
1524 5584 1617 5639 sed
1647 5585 1692 5640 si
1723 5585 1842 5643 illos

272 5665 397 5723 viles
414 5670 702 5728 abstuleris
718 5688 747 5727 a
763 5674 1083 5744 superciliis,
1108 5689 1320 5729 omnem
1339 5675 1489 5732 faciei
1505 5677 1728 5736 formam
1747 5679 1840 5738 dc-

275 5755 438 5818 lcvisti
465 5806 479 5832 ,
521 5775 578 5822 ct
605 5768 792 5824 oculus
832 5785 935 5824 non
971 5767 1103 5823 ultra
1139 5778 1242 5822 tam
1276 5768 1493 5838 pulcher
1523 5775 1792 5844 apparebit
1821 5797 1833 5833 :

1349 299 1416 356 IN
1454 300 1669 358 EPIST.
1703 298 1742 356 Ι.
1774 302 1866 356 AD
1902 301 2056 356 COR.
2091 303 2320 362 HOMIL.
2350 303 2522 366 XXX.

3489 323 3596 386 ιδι

2016 434 2334 492 quamquam
2367 423 2483 480 leve
2512 436 2593 482 est
2623 427 3022 503 detrimentum,
3053 446 3285 497 attamen
3314 443 3392 499 sic
3417 449 3591 506 omnis

2014 508 2183 566 forma
2233 515 2422 584 periit;
2456 533 2561 572 non
2609 519 2778 576 forma
2825 533 3048 592 tantum,
3083 532 3176 586 sed
3218 545 3272 589 et
3307 538 3586 596 oculorum

2013 616 2140 656 usus
2180 605 2404 662 multum
2447 607 2679 666 lzcditur.
2709 613 2926 685 Singula
2957 620 3100 676 cnim
3139 626 3374 682 membra
3406 641 3586 688 nostra

2009 697 2279 787 propriam
2337 709 2392 755 et
2444 715 2783 762 communem
2838 710 3032 767 habent
3078 719 3480 787 operationem;
3533 732 3590 779 et

2009 786 2352 856 pulchritudo
2391 792 2550 848 etiam
2596 805 2650 850 et
2696 801 2906 869 propria
2953 812 3008 856 et
3059 809 3359 865 communis
3402 786 3483 868 est
3531 813 3586 870 in

2007 877 2162 931 nobis
2191 896 2204 931 :
2237 889 2293 935 et
2341 882 2589 940 videntur
2616 888 2829 958 quidem
2861 892 2950 947 illa
2979 894 3145 951 divisa
3177 915 3327 967 esse,
3359 914 3587 977 suntque

2009 978 2184 1065 tamen
2238 985 2487 1032 accurate
2526 993 2811 1050 connexa,
2857 999 2920 1040 ac
2962 987 3006 1042 si
3050 990 3276 1047 alterum
3317 998 3575 1065 perierit,

2005 1063 2231 1119 alterum
2261 1081 2475 1138 queque
2501 1071 2662 1126 simul
2695 1075 2895 1130 interit.
2941 1063 3333 1140 Animadverte
3351 1099 3529 1145 autem

2007 1153 2114 1207 sint
2140 1157 2278 1210 oculi
2312 1159 2571 1228 lucentes,
2599 1179 2732 1232 gena
2771 1167 3072 1236 subridens,
3104 1173 3301 1230 labium
3328 1180 3580 1236 rubicun-

2001 1244 2127 1300 dum
2147 1288 2162 1310 ,
2192 1262 2354 1304 nasus
2385 1259 2595 1320 rectus,
2629 1257 2970 1324 supercilium
2995 1271 3275 1318 extensum
3303 1283 3317 1321 :
3345 1277 3581 1328 attamen

2000 1338 2045 1391 si
2093 1339 2306 1395 illorum
2357 1344 2642 1415 quodpiam
2693 1349 2776 1404 vel
2822 1353 3084 1410 tantillum
3139 1357 3578 1431 labefactaveris,

1999 1443 2340 1487 communem
2371 1436 2612 1490 omnium
2647 1440 3099 1508 pulchritudinem
3132 1448 3460 1508 labefactasti
3481 1496 3496 1518 ,
3524 1465 3580 1512 et

1999 1520 2170 1589 turpia
2211 1525 2391 1578 omnia
2436 1529 2789 1597 apparebunt,
2821 1549 2942 1604 qua:
2979 1546 3132 1592 antea
3154 1540 3373 1608 pulchra
3394 1557 3571 1601 erant.

1993 1610 2126 1667 Nam
2159 1615 2206 1670 si
2237 1616 2316 1670 vel
2347 1627 2646 1675 extremum
2677 1639 2864 1679 nasum
2895 1630 3214 1686 contriveris
3233 1674 3248 1696 ,
3292 1634 3345 1690 in
3391 1642 3570 1695 omnia

1992 1705 2151 1760 simul
2193 1709 2413 1764 multam
2457 1712 2690 1769 infudisti
2733 1716 3151 1789 deformitatem,
3181 1727 3388 1784 etiamsi
3415 1733 3574 1788 unius

1991 1798 2217 1852 membri
2248 1800 2319 1855 sit
2357 1804 2664 1860 mutilatio:
2707 1818 2760 1862 et
2803 1807 2854 1863 in
2896 1825 3056 1867 manu
3097 1817 3293 1882 etiam,
3338 1820 3382 1875 si
3415 1823 3570 1880 unius

1989 1883 2139 1957 digiti
2174 1903 2403 1960 unguem
2433 1893 2734 1964 abstuleris,
2765 1898 2992 1970 idipsum
3024 1903 3138 1959 fieri
3166 1907 3392 1966 videbis.

2060 1980 2115 2076 it.
2155 1979 2211 2076 Si
2253 1993 2431 2039 autem
2460 1985 2687 2057 idipsum
2732 1989 2784 2044 in
2825 1996 3135 2062 operatione
3182 1999 3366 2059 videre
3412 2007 3566 2076 velis,

1990 2070 2116 2125 tolle
2160 2071 2380 2144 digitum
2425 2092 2588 2132 unum
2630 2088 2684 2134 et
2727 2081 2963 2154 reliquos
3001 2086 3284 2146 otiosiores
3322 2070 3565 2164 videbis,

1987 2178 2161 2233 neque
2186 2179 2285 2218 suo
2314 2167 2450 2222 ultra
2472 2169 2718 2227 similiter
2738 2187 2960 2230 munere
2985 2175 3285 2249 fungentes.
3305 2183 3565 2252 Quoniam

1987 2252 2148 2324 igitur
2177 2257 2333 2312 unius
2359 2259 2583 2314 membri
2605 2261 2811 2331 jactura
2840 2269 3142 2324 communis
3166 2281 3248 2326 est
3270 2276 3560 2344 turpitudo,

1983 2345 2203 2418 ejusque
2225 2351 2560 2406 conservatio
2585 2357 2886 2411 communis
2913 2357 3273 2428 pulchritudo,
3303 2381 3370 2420 ne
3395 2371 3563 2425 extol-

1984 2437 2157 2494 lamnr
2185 2457 2358 2512 neque
2385 2443 2699 2502 insultemus
2728 2451 3004 2518 proximis.
3033 2452 3163 2509 Nam
3188 2467 3407 2529 propter
3434 2461 3560 2521 illud

1982 2531 2228 2601 exiguum
2271 2537 2570 2591 membrum
2596 2580 2613 2604 ,
2660 2540 2790 2596 illud
2835 2545 2976 2612 quod
3003 2561 3250 2617 magnum
3293 2563 3407 2616 est,
3443 2556 3560 2622 pul«

1979 2624 2167 2680 chrum
2210 2635 2294 2682 est
2335 2638 2389 2684 et
2430 2629 2760 2698 formosum,
2789 2647 2844 2691 et
2877 2651 2976 2704 per
3014 2642 3296 2710 palpebras
3338 2661 3560 2706 ornatur

1978 2719 2186 2771 oculus.
2231 2718 2303 2774 Se
2347 2720 2620 2792 impugnat
2657 2740 2819 2794 ergo,
2861 2729 2951 2797 qui
2991 2728 3206 2787 fratrem
3250 2733 3556 2809 impugnat:

1979 2827 2083 2865 non
2113 2813 2255 2868 enim
2285 2814 2350 2870 ad
2383 2815 2530 2871 illum
2560 2819 2734 2873 solum
2765 2823 3016 2892 pertingit
3051 2825 3336 2894 damnum,
3376 2833 3472 2888 sed
3501 2843 3558 2890 et

1977 2903 2089 2998 ipse
2131 2921 2237 2960 non
2283 2922 2504 2978 parvum
2551 2910 2856 2968 detrimenti
2897 2917 3115 2973 subibit.
3145 2920 3221 2975 Ne
3247 2921 3350 2979 hoc
3379 2925 3556 2998 itaque

1976 2995 2100 3063 ﬂat,
2132 3006 2189 3051 ιιι
2220 3001 2578 3071 nosmetipsos
2618 3003 2696 3058 sic
2722 3006 2994 3074 proximos
3022 3024 3272 3068 curemus
3291 3056 3306 3081 ,
3336 3025 3391 3071 et
3418 2995 3557 3074 hanc

1974 3095 2217 3163 corporis
2247 3095 2530 3166 imaginem
2561 3113 2702 3153 nunc
2742 3109 2798 3154 et
2839 3101 2892 3155 in
2932 3101 3227 3160 Ecclesium
3264 3110 3554 3168 transfera-

1974 3202 2092 3241 mus
2112 3228 2126 3253 ,
2158 3197 2211 3242 et
2237 3190 2476 3242 otttnium
2511 3192 2893 3260 providentiam
2925 3209 3172 3266 geramus
3201 3209 3259 3255 ut
3301 3209 3548 3275 proprio-

1973 3295 2090 3333 rum
2122 3281 2506 3336 membrorum.
2539 3283 2670 3338 Nam
2706 3295 2761 3340 et
2801 3287 2854 3342 in
2891 3289 3127 3346 Ecclesia
3159 3297 3396 3352 membra
3425 3310 3550 3356 sunt

1971 3372 2137 3426 multa
2165 3381 2219 3427 et
2247 3372 2477 3440 diversa,
2511 3377 2611 3430 alia
2640 3379 2854 3447 quidem
2887 3380 3220 3441 honorabilia
3239 3429 3253 3455 ,
3286 3391 3387 3445 alia
3415 3393 3548 3448 infc-

1971 3463 2150 3527 riora;
2200 3473 2256 3517 ut
2303 3474 2428 3518 sunt
2475 3466 2736 3538 virginum
2781 3470 2930 3526 chori
2957 3513 2972 3536 ,
3022 3473 3294 3532 viduarum
3339 3493 3547 3539 etetus:

1970 3563 2096 3607 sunt
2136 3555 2297 3608 etiam
2341 3571 2529 3610 eorum
2573 3559 2667 3629 qui
2712 3561 2767 3616 in
2816 3572 2964 3617 casto
3005 3568 3273 3625 connubio
3316 3571 3552 3642 fulgeant

1967 3646 2235 3714 sodalitia,
2265 3649 2526 3720 multique
2549 3661 2674 3706 sunt
2700 3654 2908 3711 virtutis
2936 3658 3156 3728 gradus.
3185 3663 3548 3738 Similiterque

1966 3759 2178 3798 rursum
2211 3743 2264 3799 in
2307 3745 2686 3819 eleemosyna:
2729 3750 2865 3805 alius
2889 3754 3032 3808 enim
3058 3758 3236 3812 omnia
3268 3759 3455 3816 elludit
3495 3776 3551 3819 et

1967 3835 2229 3906 erogavit,
2260 3835 2350 3890 alii
2384 3846 2560 3892 autem
2587 3839 2703 3894 solo
2731 3849 2935 3898 tantum
2962 3845 3104 3901 victu
3132 3852 3368 3906 contenti
3395 3864 3540 3924 sunt,

1965 3936 2021 3982 et
2047 3942 2151 3981 non
2181 3929 2300 3999 plus
2326 3940 2572 4000 quaerunt
2599 3948 2757 4003 quam
2785 3941 3086 3994 necessaria
3106 3981 3123 4009 ,
3151 3943 3240 3998 alii
3268 3961 3330 4001 ex
3359 3963 3548 4018 super-

1967 4020 2073 4074 lluo
2115 4030 2360 4092 erogant.
2405 4025 2653 4081 Attamen
2699 4027 2752 4081 hi
2792 4042 2980 4086 omnes
3013 4047 3134 4089 sese
3176 4047 3363 4095 mutuo
3397 4057 3550 4098 exor-

1963 4121 2092 4166 nant
2116 4129 2130 4178 ;
2155 4123 2209 4166 et
2230 4113 2274 4167 si
2299 4113 2560 4170 minorem
2579 4115 2750 4187 major
2763 4119 3042 4191 despiciat,
3061 4125 3134 4180 sei
3143 4142 3293 4196 psum
3314 4134 3546 4191 maxime

1965 4202 2128 4259 laedit.
2156 4204 2321 4277 Virgo
2351 4223 2564 4279 quoque
2591 4210 2636 4265 si
2667 4214 2934 4270 connubio
2956 4216 3194 4286 junctam
3219 4227 3543 4283 contumelia

1961 4294 2178 4388 alliciat,
2209 4315 2313 4352 non
2336 4314 2520 4368 parum
2546 4317 2612 4355 ex
2639 4305 2886 4359 mercede
2911 4322 3008 4361 sua
3035 4308 3249 4365 decidit.
3279 4312 3333 4368 Si
3374 4316 3418 4370 is
3451 4319 3544 4388 qui

1962 4387 2142 4442 omnia
2182 4387 2436 4458 elargitus
2460 4399 2542 4445 est
2565 4429 2581 4456 ,
2612 4394 2902 4460 exprobret
2939 4396 2988 4451 ei
3031 4398 3122 4468 qui
3166 4400 3394 4471 idipsum
3433 4387 3542 4464 non

1963 4478 2108 4545 fecit,
2136 4495 2203 4534 ex
2230 4480 2505 4536 laboribus
2533 4482 2644 4537 suis
2671 4485 2898 4541 multum
2926 4492 3222 4547 evacuavit.

2043 4568 2222 4626 Vidua:
2234 4571 2290 4624 in
2308 4567 2555 4630 Ecclesia.
2577 4603 2650 4615 --
2670 4574 2733 4631 Et
2755 4577 2880 4648 quid
2908 4580 3139 4652 virgines
3162 4583 3304 4654 dico,
3331 4589 3539 4661 viduas,

1959 4672 2016 4720 et
2040 4663 2184 4719 viros
2210 4664 2298 4736 qui
2329 4665 2458 4721 nihil
2487 4668 2798 4739 possident?
2824 4673 2951 4743 quid
2982 4675 3124 4731 enim
3166 4678 3322 4736 vilius
3357 4683 3423 4739 iis
3447 4685 3540 4756 qui

1959 4758 2336 4813 emendicaut?
2359 4769 2593 4816 attamen
2622 4761 2695 4818 illi
2725 4779 2876 4820 usum
2897 4767 3186 4824 maximum
3217 4771 3272 4826 in
3297 4773 3539 4833 Ecclesia

1958 4847 2202 4918 implent,
2229 4851 2381 4906 ostiis
2405 4851 2588 4922 templi
2611 4851 2877 4911 haerentes
2901 4866 2956 4913 et
2979 4870 3227 4917 ornatum
3245 4866 3538 4923 maximum

1957 4939 2242 4996 afferentes
2271 4957 2285 4994 :
2317 4941 2519 5013 absque
2551 4942 2656 4998 illis
2684 4946 2824 5000 enim
2857 4949 3087 5017 perfecta
3119 4967 3223 5008 non
3256 4967 3400 5011 esset
3427 4957 3541 5026 ple-

1955 5030 2140 5085 nitudo
2170 5031 2445 5087 Ecclesiae.
2473 5033 2627 5102 Quod
2667 5050 2787 5091 eum
2819 5038 2974 5095 initio
3013 5044 3258 5098 viderent
3284 5049 3534 5116 apostoli,

1954 5120 2126 5191 legem
2174 5129 2519 5192 statuerunt,
2566 5136 2624 5180 ut
2666 5127 2808 5183 circa
2859 5129 2960 5184 alia
3009 5133 3219 5200 omnia,
3264 5135 3342 5192 sic
3382 5147 3437 5193 et
3481 5149 3540 5194 ut

1951 5214 2126 5269 viduae
2164 5226 2379 5282 essent;
2426 5227 2482 5272 et
2509 5218 2562 5273 in
2593 5233 2656 5274 ea
2687 5235 2748 5275 re
2778 5231 2980 5277 tantum
3007 5225 3168 5280 studii
3199 5242 3530 5302 posuerunt,

1953 5317 2013 5364 ut
2049 5309 2179 5380 ipsis
2220 5309 2474 5366 diaconos
2516 5320 2722 5382 septem
2768 5314 3120 5386 praeficerem.
3168 5319 3530 5390 Quemadmo-

1949 5401 2076 5457 dum
2102 5401 2246 5457 cnim
2269 5403 2571 5474 episcopos,
2596 5406 2959 5478 presbyteros,
2988 5408 3267 5480 diaconos,
3299 5415 3533 5486 virgines

1950 5504 2006 5548 et
2045 5493 2383 5549 continentes
2408 5509 2695 5564 enumero,
2727 5512 2849 5553 cum
2887 5498 3143 5558 Ecclesiae
3182 5505 3420 5559 membra
3449 5519 3534 5558 re-

1950 5600 2196 5641 censeo:
2243 5586 2322 5641 sie
2370 5595 2422 5641 ct
2459 5586 2662 5644 viduas.
2715 5589 2900 5659 Neque
2940 5595 3084 5648 enim
3124 5593 3228 5649 illae
3257 5593 3359 5648 levi
3404 5592 3526 5647 fun-

1949 5690 2146 5752 guntur
2191 5695 2429 5734 munere.
2459 5679 2590 5756 Nam
2623 5690 2678 5736 tu
2722 5683 2935 5752 quidem
2965 5685 3178 5755 quando
3202 5685 3283 5740 vis
3304 5723 3321 5748 ,
3358 5681 3528 5749 ades;

1949 5777 2051 5831 illa:
2102 5791 2230 5830 vero
2290 5775 2372 5829 die
2432 5781 2693 5844 nocteque
2749 5775 2976 5843 psallunt
3035 5787 3089 5830 et
3142 5775 3368 5840 adsunt,
3421 5790 3527 5830 non
