3990 6168
428 279 537 334 255

432 393 785 463 eleemosynm
837 395 1038 442 tantum
1092 399 1250 439 causa
1300 383 1414 435 lirec
1456 384 1718 448 agentes;
1766 370 1812 424 si
1863 368 2006 422 enim

439 487 540 538 hoc
587 461 819 537 vellent.
865 479 1050 533 liceret
1082 491 1177 546 per
1209 474 1382 528 forum
1421 467 1701 530 incedere,
1751 471 1804 518 et
1839 461 1891 515 in
1923 475 2016 513 an-

434 574 657 647 giportis
708 571 1052 636 mendicare;
1095 568 1190 622 sed
1229 582 1336 621 non
1366 563 1571 619 modica
1601 565 1882 614 moventur
1908 554 2018 622 pie-

440 675 566 720 tate.
602 663 732 717 Vide
777 677 908 731 ergo
947 662 1000 714 in
1039 665 1238 728 quanta
1279 652 1612 725 paupertatis
1653 649 1869 704 fornace
1898 661 2016 699 ver-

439 766 642 813 sentur.
671 752 1114 824 Blasphemantcs
1141 749 1280 820 apud
1308 747 1423 802 illas
1449 756 1737 813 numquam
1764 736 2016 802 audieris,

443 863 614 920 neque
659 846 875 916 indigne
931 844 1205 907 ferentes,
1252 839 1393 911 quod
1439 848 1616 892 tamen
1661 849 1727 888 ex
1770 829 2020 886 divitibus

441 943 620 996 multa:
653 939 873 994 faciunt.
920 938 983 991 Et
1013 936 1227 990 illarum
1257 930 1496 1003 quaedam
1540 927 1837 982 esurientes
1880 933 2021 990 s:cpe

441 1033 778 1088 dormierunt
803 1047 818 1093 ;
859 1031 976 1084 aliae
1005 1038 1185 1083 autem
1213 1041 1242 1078 a
1274 1024 1468 1095 frigore
1494 1019 1711 1076 assidue
1739 1022 2019 1079 vexantur,

442 1135 498 1182 et
542 1135 716 1179 tamen
747 1123 801 1177 in
838 1120 1131 1191 gratiarum
1160 1116 1372 1170 actione
1413 1122 1469 1168 et
1509 1108 1897 1182 gloriﬁcatioue
1925 1103 2022 1158 de-

443 1225 596 1288 gunt.
636 1215 690 1269 Si
734 1213 951 1267 obolum
995 1209 1242 1273 dederis,
1284 1206 1482 1276 gratias
1525 1209 1728 1272 agunt,
1777 1205 1833 1253 et
1880 1195 2025 1250 mille

446 1308 585 1361 bona
612 1305 756 1359 danti
785 1309 1167 1372 apprecantur;
1212 1299 1255 1351 si
1299 1297 1428 1350 nihil
1457 1294 1669 1348 dederis
1689 1331 1703 1355 ,
1737 1305 1842 1344 non
1885 1300 2027 1356 asgre

449 1397 663 1461 ferunt,
717 1393 812 1448 sed
880 1393 956 1446 sic
1011 1403 1224 1460 quoque
1277 1385 1600 1442 benedicunt
1645 1391 1701 1437 et
1751 1379 2024 1449 diligunt,

450 1489 643 1543 diurno
671 1467 909 1541 fruentes
936 1483 1098 1538 victu.
1120 1480 1322 1549 Nempe
1343 1479 1550 1534 etiamsi
1582 1475 1775 1538 nolint,
1799 1472 2026 1542 inquies,

451 1581 505 1635 id
535 1579 678 1635 ferre
705 1578 823 1632 illas
867 1589 1089 1630 necesse
1113 1581 1218 1628 est.
1245 1573 1393 1627 Cur?
1415 1585 1584 1642 queso
1609 1581 1744 1637 ;qua
1777 1564 1843 1619 de
1868 1577 2028 1618 causa

450 1675 552 1728 hoc
587 1670 840 1726 acerbum
875 1667 1146 1738 protulisti
1181 1661 1447 1719 verbum?
1483 1674 1661 1714 annon
1687 1665 1812 1712 sunt
1851 1664 2032 1723 turpes

448 1774 615 1830 artes,
651 1779 769 1832 qua:
809 1763 972 1818 etiam
1012 1759 1230 1814 senibus
1255 1768 1311 1812 et
1339 1755 1471 1810 vnris
1500 1761 1556 1809 et
1597 1749 1910 1806 mulieribus
1948 1749 2032 1801 lu-

438 1872 599 1934 crum
626 1855 820 1910 all'erre
849 1853 1092 1924 possint?
1132 1849 1176 1906 si
1205 1849 1367 1902 vitam
1396 1847 1674 1900 honestam
1699 1857 1887 1897 curare
1913 1839 2036 1894 nol-

448 1950 590 2014 ient,
631 1962 808 2002 annon
861 1951 1109 2015 poterant
1154 1940 1276 1995 inde
1329 1953 1451 1993 cum
1502 1951 1692 2006 magna
1740 1934 1809 1987 ali
1856 1946 2032 1986 rerum

448 2042 638 2113 copia?
685 2055 793 2095 non
839 2038 989 2093 vides
1031 2043 1163 2106 quot
1199 2032 1491 2104 quantique
1529 2029 1638 2084 sint
1665 2027 1819 2082 istius
1863 2025 2035 2079 aetatis

450 2137 672 2190 lenones
693 2141 747 2188 et
767 2130 1004 2186 libidinis
1022 2127 1332 2191 ministri,ct
1351 2124 1454 2177 alia
1468 2121 1713 2193 quaedam
1733 2117 2033 2189 lmjusmodi

453 2226 634 2281 munia
677 2230 1010 2285 exercentes,
1046 2217 1135 2287 qui
1173 2216 1388 2268 aluntur
1417 2221 1471 2266 et
1502 2212 1553 2264 in
1585 2210 1790 2265 deliciis
1818 2207 2038 2262 vivunt?

456 2323 526 2374 At
563 2317 617 2372 hi
649 2315 886 2377 minime,
915 2315 1010 2367 sed
1051 2309 1256 2364 malunt
1283 2305 1424 2360 fame
1455 2305 1627 2374 perire
1655 2302 1848 2372 potius,
1880 2315 2036 2370 quam

462 2415 619 2466 vitam
643 2423 796 2464 suam
827 2405 1133 2472 deturpare,
1158 2408 1210 2455 et
1239 2399 1466 2453 salutem
1492 2410 1640 2449 suam
1674 2393 1930 2465 prodere;
1955 2407 2040 2448 se-

456 2503 693 2571 dentque
730 2506 840 2554 toto
868 2496 957 2551 die
984 2493 1325 2564 pharmacum
1359 2489 1450 2544 tibi
1481 2487 1670 2543 salutis
1697 2494 2037 2555 apparantes.

459 2593 576 2648 Non
605 2591 749 2646 enim
781 2587 1020 2643 medicus
1047 2599 1262 2640 manum
1294 2580 1592 2638 extendens
1620 2588 1676 2636 et
1713 2578 1908 2634 ferrum
1937 2577 2040 2631 im-

461 2685 679 2738 mittens
733 2681 1016 2735 vulnerum
1069 2675 1406 2748 putredinem
1457 2687 1614 2744 aeque
1665 2668 1935 2726 exscindit
1984 2675 2043 2722 ut

462 2790 662 2845 pauper
705 2773 980 2828 dexteram
1023 2767 1320 2825 extendens
1359 2773 1414 2821 et
1454 2764 1851 2833 eleemosynam
1897 2759 2040 2815 acci-

461 2867 612 2936 piens
635 2907 650 2932 ,
683 2863 857 2920 aufert
884 2862 1163 2918 vulnerum
1198 2870 1474 2914 tumores:
1519 2855 1764 2926 quodque
1801 2853 2046 2910 mirabile

460 2968 586 3024 est,
634 2957 753 3012 sine
791 2956 904 3011 ullo
948 2954 1138 3009 dolore
1180 2952 1320 3006 hanc
1367 2949 1622 3019 optimam
1673 2949 1749 3003 illi
1792 2953 2044 3002 exercent

464 3049 806 3104 medicinam.
829 3048 904 3102 Ac
933 3061 1038 3100 non
1062 3045 1238 3099 minus
1265 3057 1422 3112 quam
1454 3054 1551 3095 nos
1575 3041 1663 3110 qui
1692 3040 1889 3110 populo
1908 3053 2046 3108 pra:-

461 3154 648 3193 sumus
678 3148 734 3192 et
771 3152 868 3190 vos
898 3135 963 3190 ad
993 3134 1142 3189 utilia
1175 3133 1484 3198 hortamur,
1517 3129 1608 3185 ille
1632 3130 1719 3200 qui
1747 3139 1872 3184 ante
1901 3127 2045 3184 fores

459 3231 703 3284 ecclesia:
731 3227 882 3282 sedet
903 3242 996 3297 per
1021 3226 1293 3280 silentium
1323 3233 1376 3278 et
1403 3232 1675 3292 aspectum
1701 3236 1796 3275 vos
1820 3220 2048 3290 alloqui-

461 3330 568 3374 tur.
589 3319 697 3374 Nos
718 3318 859 3374 enim
889 3318 1003 3372 haec
1029 3317 1181 3372 vobis
1202 3315 1441 3386 quotidie
1468 3315 1777 3368 iusonantes
1794 3312 2041 3368 dicimus:

459 3413 535 3468 Ne
577 3412 743 3467 altmn
789 3412 966 3482 sapias
987 3451 1003 3476 ,
1042 3428 1074 3465 o
1101 3409 1260 3464 homo
1291 3427 1304 3463 :
1353 3416 1576 3477 repente
1607 3406 1795 3460 transit
1823 3413 1876 3460 et
1901 3402 2042 3458 ﬂuxa

458 3518 544 3563 est
584 3506 856 3560 hominum
889 3513 1120 3566 natura;
1162 3502 1416 3572 juventus
1459 3499 1525 3553 ad
1571 3499 1776 3552 senium
1809 3496 2042 3559 festinat,

459 3597 630 3651 forma
662 3595 728 3650 ad
759 3595 1153 3649 deformitatem
1175 3633 1190 3658 ,
1223 3591 1387 3646 robur
1426 3591 1491 3644 ad
1520 3589 1879 3642 inﬁrmitatem
1901 3627 1916 3652 ,
1949 3585 2044 3640 ho-

464 3705 562 3744 nor
602 3689 669 3742 ad
713 3696 1100 3755 contemptum,
1129 3685 1331 3738 sanitas
1355 3682 1407 3735 in
1439 3680 1798 3734 inﬁrmitatem
1837 3677 2042 3740 incidit,

459 3780 628 3849 gloria
673 3778 724 3831 in
765 3777 1046 3841 vilitatem,
1071 3771 1272 3828 divitia:
1305 3774 1355 3825 in
1403 3779 1769 3840 paupertatem
1799 3787 1817 3824 ε,
1843 3767 2044 3822 ﬂuento

461 3869 762 3924 vehementi
808 3883 895 3922 res
930 3877 1128 3922 nostra:
1160 3864 1360 3920 similes
1396 3871 1552 3926 sunt,
1589 3861 1730 3932 quod
1756 3874 2041 3930 numquam

463 3961 576 4014 vult
613 3959 932 4023 consistere,
966 3957 1059 4012 sed
1089 3957 1153 4010 ad
1183 3956 1388 4010 declive
1417 3953 1649 4010 festinat.

534 4051 587 4106 5.
618 4049 743 4105 lla-c
767 4065 976 4120 quoque
1000 4090 1014 4113 ,
1049 4048 1157 4102 imo
1184 4047 1336 4116 plura
1365 4062 1461 4116 per
1492 4051 1763 4114 aSpectum
1794 4043 1867 4097 illi
1893 4057 2029 4098 con-

462 4141 659 4204 anlunt,
694 4149 746 4195 et
785 4156 877 4209 per
905 4139 1294 4209 experientiam
1336 4137 1528 4206 ipsam,
1554 4151 1676 4206 quae
1703 4144 1786 4190 est
1823 4133 2045 4189 manife-

460 4236 592 4288 Stior
620 4233 933 4287 adumnitio.
955 4233 1123 4299 Quam
1144 4230 1292 4284 multi
1346 4245 1411 4284 ex
1439 4229 1522 4292 iis,
1555 4228 1644 4298 qui
1675 4227 1804 4282 foris
1830 4226 2038 4293 sedent,

463 4329 515 4382 in
533 4328 813 4397 juventute
839 4325 1153 4390 ﬂoruerunt,
1180 4339 1365 4394 magna
1391 4323 1874 4393 patrarunt?quam
1890 4321 2044 4376 multi

455 4437 523 4476 ex
559 4419 639 4473 his
669 4417 999 4474 deformibus
1029 4425 1083 4470 et
1130 4417 1376 4486 corporis
1416 4413 1729 4470 fortitudine
1775 4422 1832 4468 et
1873 4415 2042 4468 forma

463 4513 655 4566 inultos
683 4509 1039 4581 superarunt?
1060 4507 1167 4564 Sed
1194 4525 1259 4562 ne
1286 4507 1445 4562 ﬁdem
1473 4507 1698 4577 negetis,
1724 4521 1830 4561 neu
1860 4505 2042 4560 ridea-

463 4605 568 4657 tis:
601 4618 721 4656 nam
769 4601 1065 4655 innumeris
1111 4598 1417 4668 hujusmodi
1458 4597 1722 4666 exemplis
1755 4597 1910 4666 plena
1957 4604 2042 4651 est

461 4697 584 4750 vita.
619 4694 750 4748 Nam
793 4693 836 4746 si
869 4692 1017 4745 multi
1041 4692 1173 4746 viles
1201 4701 1256 4746 et
1285 4687 1477 4758 abjecti
1510 4687 1758 4742 homines
1786 4703 1929 4757 smpe
1953 4702 2043 4743 re-

458 4801 552 4856 ges
576 4793 697 4839 sunt
722 4783 912 4845 etl‘ecti,
943 4781 1068 4852 quid
1087 4783 1281 4835 mirum
1313 4783 1356 4834 si
1390 4795 1456 4834 ex
1481 4779 1686 4849 magnis
1707 4787 1762 4833 et
1785 4778 2036 4847 gloriosis

465 4880 594 4933 viles
623 4886 676 4931 et
703 4875 913 4947 inglorii
946 4883 1073 4928 sunt
1118 4874 1327 4929 effecti?
1370 4889 1490 4928 nam
1539 4871 1668 4927 illud
1697 4883 1842 4926 certe
1885 4871 2043 4942 longe

459 4970 755 5027 mirabilius
781 4979 863 5024 est
889 4985 902 5034 ;
937 4968 1039 5022 hoc
1067 4982 1195 5022 vero
1226 4977 1553 5037 postremum
1586 4965 1884 5035 smpissime
1907 4979 2040 5020 con-

459 5066 629 5135 tingit.
657 5063 992 5132 QuaprOpter
1022 5075 1128 5114 non
1161 5067 1373 5130 oportet
1416 5057 1572 5113 fidem
1615 5073 1722 5112 non
1752 5057 2039 5122 adhibere,

393 5174 410 5192 -
458 5156 500 5209 si
529 5157 580 5208 in
607 5154 847 5216 artibus,
881 5153 934 5207 in
978 5151 1166 5207 militia
1193 5159 1248 5205 et
1291 5151 1343 5204 in
1373 5150 1714 5220 pecuniarum
1738 5148 1888 5218 copia
1916 5148 2039 5217 qui-

459 5247 581 5300 dam
609 5261 796 5301 eorum
827 5243 1141 5310 ﬂoruerint;
1187 5244 1296 5298 imo
1341 5242 1582 5298 miserari
1629 5241 1879 5296 convenit
1922 5240 2041 5294 illos

457 5353 576 5394 cum
603 5334 791 5391 affectu
814 5337 982 5391 multo
1009 5377 1025 5403 ,
1056 5347 1110 5390 et
1136 5336 1330 5406 quique
1374 5334 1628 5389 debemus
1659 5333 1849 5387 timere
1878 5345 1944 5386 ne
1971 5331 2033 5386 si-

457 5429 599 5488 milia
631 5427 911 5498 patiamur.
948 5425 1158 5479 Etenim
1191 5440 1290 5478 nos
1313 5439 1527 5494 quoque
1557 5423 1802 5478 homines
1830 5437 2038 5487 sumus,

455 5530 509 5578 et
536 5520 661 5575 huic
703 5516 866 5572 celeri
907 5515 1133 5586 subjecti
1178 5515 1478 5569 mutationi.
1517 5514 1623 5571 Sed
1667 5514 1918 5569 fortassis
1969 5528 2036 5568 ex

453 5613 718 5685 improbis
737 5609 998 5682 quispiam
1023 5649 1038 5676 ,
1069 5607 1160 5679 qui
1189 5607 1413 5663 irridere
1438 5607 1630 5674 solent,
1657 5625 1719 5663 ea
1745 5623 1865 5680 quae
1895 5606 2035 5663 dicta

454 5716 584 5762 sunt
603 5711 801 5778 carpet,
824 5715 1028 5776 nosque
1054 5699 1273 5758 omnino
1297 5698 1538 5757 traducat
1563 5699 1745 5756 dicens
1772 5717 1785 5753 :
1819 5701 2030 5767 Quous-

1195 270 1250 327 S.
1283 261 1555 324 JOANNIS
1591 251 2064 316 CHRYSOS’I‘OMI
2105 245 2420 305 ARCIIIEP.
2459 236 2989 300 CONSTANTINOP.

3592 224 3696 283 αδδ

2125 377 2228 434 qnc
2254 375 2358 415 non
2385 357 2620 414 cessabis
2649 367 2910 426 pauperes
2933 359 2988 407 et
3015 361 3212 420 egenos
3250 359 3463 416 semper
3491 345 3541 400 in
3573 360 3698 400 ora-

2123 460 2322 508 tionem
2378 450 2666 516 inducere,
2711 455 2767 503 et
2794 445 3125 502 calamitates
3168 439 3321 495 nobis
3374 439 3700 510 prmdicere,

2123 555 2485 617 paupertatem
2516 541 2896 611 praenuntiare,
2930 537 2982 592 id
3006 549 3200 591 curans
3224 542 3281 587 ut
3308 547 3404 586 nos
3424 531 3700 586 mendicos

2123 635 2356 691 efficias?
2385 634 2498 688 Non
2528 647 2723 688 curans
2752 640 2808 686 ut
2831 645 2927 685 vos
2957 626 3232 682 mendicos
3259 623 3488 679 efﬁciam
3511 664 3526 689 ,
3553 622 3704 677 olio-

2125 745 2232 796 mo,
2262 727 2377 783 lucc
2398 728 2539 792 dico,
2562 726 2656 782 sed
2678 724 2827 779 vobis
2843 723 2956 778 caeli
2979 719 3192 775 divitias
3223 719 3433 788 aperire
3459 717 3702 771 studens.

2123 820 2256 878 Nam
2283 823 2372 892 qui
2399 821 2539 892 apud
2563 819 2697 874 bene
2727 818 2988 871 valentem
3017 821 3248 885 aegrotos
3273 822 3557 877 memorat,
3587 811 3708 866 illo-

2127 929 2348 984 rumque
2379 913 2592 967 dolores
2615 919 2865 974 enarrat,
2895 923 3000 962 non
3028 917 3084 960 ut
3114 905 3262 959 illum
3289 913 3552 975 aegrotum
3581 903 3707 958 red-

2127 1007 2220 1061 dat
2245 1007 2347 1060 hoc
2374 1005 2536 1070 dicit,
2569 1002 2662 1058 sed
2696 1012 2753 1057 ut
2780 1001 2833 1055 in
2861 1001 3087 1054 sanitate
3111 1005 3412 1062 conservet,
3440 1003 3494 1050 et
3518 1010 3706 1049 eorum

2128 1113 2245 1168 quae
2267 1097 2386 1150 aliis
2403 1095 2712 1150 acciderunt
2729 1094 2920 1147 timore
2952 1089 3107 1158 hujus
3125 1087 3382 1143 incuriam
3400 1087 3707 1142 exseindat.

2129 1189 2407 1245 Terribilis
2437 1188 2589 1242 vobis
2623 1193 2907 1257 paupertas
2951 1181 3159 1237 videtur
3186 1195 3328 1247 esse,
3369 1195 3429 1235 ac
3458 1181 3542 1237 vel
3587 1180 3709 1250 ipso

2131 1282 2348 1336 nomine
2370 1279 2655 1334 horrenda.
2681 1277 2806 1332 Ideo
2828 1289 3057 1344 namque
3077 1288 3339 1343 pauperes
3363 1287 3564 1336 sumus,
3581 1273 3707 1342 quia

2131 1381 2496 1443 paupertatem
2542 1371 2792 1424 timemus
2815 1410 2829 1434 ,
2858 1366 3066 1421 etiamsi
3110 1363 3258 1419 mille
3289 1364 3483 1418 talenta
3511 1365 3706 1417 habea-

2133 1481 2272 1520 mus.
2305 1465 2420 1519 Non
2451 1463 2594 1518 enim
2636 1463 2681 1517 is
2710 1463 2800 1532 qui
2831 1459 2960 1515 nihil
2991 1459 3151 1514 habet
3177 1471 3379 1537 paup'er
3405 1469 3509 1524 est,
3542 1458 3634 1512 sed
3666 1459 3711 1512 is

2133 1557 2222 1628 qui
2253 1565 2616 1626 paupertatem
2651 1551 2982 1608 exhorrescit
3014 1568 3028 1604 :
3054 1551 3301 1620 quoniam
3329 1558 3384 1604 et
3411 1549 3462 1603 in
3493 1549 3712 1604 calami-

2137 1648 2331 1703 tatibus
2376 1662 2482 1700 non
2513 1659 2608 1701 eos
2630 1685 2645 1709 ,
2675 1644 2763 1714 qui
2811 1644 3092 1698 innumera
3119 1641 3394 1712 patiuntur
3428 1643 3589 1706 mala,
3620 1641 3714 1695 de-

2138 1741 2407 1811 ploramus
2435 1749 2490 1794 et
2528 1739 2756 1794 miseros
2803 1737 3170 1792 existimamus
3193 1775 3208 1802 ,
3238 1735 3331 1790 sed
3362 1749 3458 1788 eos
3487 1734 3578 1804 qui
3628 1734 3714 1788 illa

2138 1833 2282 1888 ferre
2310 1833 2551 1889 nesciant
2570 1873 2584 1896 ,
2613 1830 2822 1886 etiamsi
2848 1829 3054 1884 modica
3083 1829 3210 1883 sint.
3250 1826 3447 1882 Contra
3477 1841 3606 1880 vero
3638 1827 3682 1880 is
3701 1867 3715 1893 ,

2138 1927 2230 1996 qui
2261 1927 2348 1980 illa
2378 1925 2484 1980 scit
2514 1924 2784 1994 patienter
2814 1921 2956 1977 ferre
2976 1962 2991 1985 ,
3039 1927 3093 1975 et
3136 1919 3352 1974 coronis
3381 1929 3435 1973 et
3474 1917 3718 1972 laudibus

2140 2017 2330 2088 dignus
2360 2026 2461 2072 est.
2491 2016 2560 2070 Et
2587 2015 2728 2085 quod
2757 2015 2858 2069 hoc
2889 2015 2958 2068 ita
2986 2027 3044 2069 se
3074 2012 3302 2078 habeat,
3337 2013 3387 2066 in
3410 2013 3719 2066 certamini-

2141 2111 2239 2166 bus
2263 2123 2519 2180 quosnam
2539 2106 2849 2161 laudamus?
2871 2119 3036 2160 eosne
3061 2105 3148 2174 qui
3180 2104 3402 2157 multum
3429 2103 3721 2157 verberan-

2143 2209 2260 2264 tur,
2313 2215 2411 2254 nec
2435 2199 2656 2262 dolent,
2690 2197 2783 2252 sed
2813 2207 2993 2252 erecto
3036 2195 3178 2251 collo
3218 2203 3490 2264 perstant;
3534 2210 3600 2248 an
3631 2209 3721 2248 eos

2142 2293 2231 2362 qui
2261 2301 2383 2363 post
2405 2292 2604 2362 primas
2654 2291 2832 2361 plagas
2861 2288 3107 2360 fugiunt?
3134 2304 3312 2343 annon
3362 2289 3482 2344 illos
3510 2291 3720 2359 quidem

2143 2398 2486 2451 coronamus,
2511 2391 2779 2452 tamquam
2805 2380 2970 2436 fortes
2989 2381 3272 2451 magnique
3293 2381 3455 2434 animi
3479 2421 3494 2447 ,
3516 2379 3615 2434 bos
3635 2397 3724 2434 au-

2145 2488 2251 2534 tem
2276 2477 2562 2533 irridemus
2584 2518 2598 2541 ,
2626 2486 2686 2531 ut
2716 2476 2935 2545 ignavos
2964 2483 3019 2530 et
3048 2474 3301 2528 timidos?
3327 2474 3415 2529 Sic
3443 2489 3574 2544 ergo
3599 2475 3724 2528 etin

2144 2571 2302 2640 hujus
2354 2571 2454 2625 via:
2507 2569 2668 2625 rebus
2709 2569 3157 2624 faciamuszeum
3205 2566 3294 2636 qui
3344 2567 3499 2622 facile
3551 2568 3726 2621 omnia

2145 2663 2376 2718 sustinet
2403 2675 2724 2716 coronemus
2744 2701 2759 2724 ,
2787 2668 2845 2715 ut
2871 2667 2925 2714 et
2957 2659 3102 2714 illum
3128 2660 3314 2714 fortem
3338 2659 3388 2712 in
3416 2658 3562 2712 omni
3609 2674 3723 2713 cer-

2146 2755 2347 2811 tamine
2389 2755 2605 2821 virum;
2656 2752 2798 2808 hunc
2839 2767 2972 2808 vero
3021 2751 3264 2807 timidum
3316 2759 3371 2806 et
3420 2751 3488 2805 ad
3542 2766 3727 2820 aspera

2146 2856 2462 2904 trementem
2488 2846 2798 2911 deﬂeamus,
2819 2845 2908 2915 qui
2929 2854 3212 2916 antequam
3240 2845 3453 2916 plagam
3482 2843 3726 2914 accipiat,

2147 2954 2257 3011 prae
2274 2937 2558 2994 formidine
2579 2937 2950 3008 exstinguitur.
2973 2937 3188 2991 Etenim
3207 2936 3261 2991 in
3281 2936 3668 2991 certaminibus
3685 2935 3728 2990 si

2145 3031 2267 3102 quis
2287 3039 2574 3100 antequam
2614 3045 2803 3083 manus
2837 3030 3094 3092 extollat,
3131 3028 3501 3082 adversarium
3541 3026 3727 3082 videns

2147 3122 2420 3178 dexteram
2437 3121 2834 3186 extendentem,
2858 3120 3324 3191 fugiatantequam
3348 3121 3559 3191 plagam
3590 3125 3729 3176 acci-

2156 3215 2298 3284 piat,
2322 3213 2577 3267 ridiculus
2612 3214 2749 3278 erit,
2791 3221 3155 3268 utenervatus
3193 3221 3247 3267 et
3303 3213 3479 3267 mollis
3500 3223 3554 3268 et
3576 3213 3627 3267 in
3649 3213 3728 3268 his

2149 3305 2421 3361 laboribus
2467 3305 2771 3375 imperitus.
2831 3304 2899 3360 Ut
2943 3305 3103 3360 etiam
3149 3304 3343 3359 accidit
3383 3307 3447 3359 iis
3477 3307 3566 3376 qui
3601 3321 3728 3376 pau-

2148 3409 2404 3469 pertatem
2452 3399 2674 3464 timent,
2704 3407 2762 3453 et
2789 3412 2856 3452 ne
2885 3397 3001 3467 ejus
3031 3397 3244 3468 quidem
3278 3399 3729 3467 exspectationem

2147 3491 2288 3548 ferre
2319 3502 2559 3560 possunt.
2595 3490 2708 3545 Non
2737 3506 2865 3561 ergo
2894 3505 2993 3544 nos
3024 3505 3118 3545 vos
3153 3491 3381 3546 miseros
3409 3491 3686 3546 reddimus
3709 3532 3722 3557 ,

2148 3581 2243 3636 sed
2268 3597 2365 3634 vos
2391 3582 2488 3650 ipsi
2519 3581 2580 3635 id
2603 3581 2793 3635 facitis.
2827 3580 3106 3648 Quomodo
3138 3580 3278 3634 enim
3309 3595 3416 3634 non
3453 3580 3548 3634 tibi
3577 3581 3728 3636 dein-

2148 3689 2276 3744 ceps
2307 3674 2494 3729 illudet
2522 3673 2800 3739 diabolus,
2832 3689 2990 3743 quem
3016 3683 3140 3728 ante
3168 3673 3376 3743 plagam
3405 3673 3578 3728 minas
3611 3685 3730 3728 tan-

2149 3776 2258 3822 tum
2304 3767 2747 3836 conspicientem,
2798 3766 2942 3820 videt
2994 3765 3368 3820 formidantem
3423 3777 3580 3836 atque
3622 3776 3732 3821 tre-

2148 3859 2418 3914 mentem?
2446 3859 2556 3913 lmo
2585 3874 2713 3913 vero
2735 3874 2854 3912 cum
2881 3866 2937 3912 tu
2959 3857 3061 3913 hoc
3079 3868 3233 3928 putes
3259 3873 3379 3912 esse
3402 3859 3591 3921 n'tinas,
3625 3873 3732 3914 non

2148 3951 2251 4006 erit
2280 3951 2355 4004 illi
2383 3963 2516 4019 opus
2545 3958 2600 4003 ut
2632 3959 2682 4004 te
2708 3949 2973 4019 percutiat
3001 3967 3017 4014 ;
3046 3949 3137 4004 sed
3165 3949 3347 4004 sinens
3374 3957 3426 4003 te
3457 3949 3732 4018 possidere

2148 4039 2358 4094 divitias
2379 4080 2394 4104 ,
2426 4053 2495 4094 ex
2525 4039 2716 4094 timore
2756 4054 2822 4093 ne
2850 4040 3160 4094 auferantur
3184 4047 3234 4094 te
3274 4055 3397 4094 cera
3427 4039 3729 4095 molliorem

2151 4131 2361 4188 reddet.
2394 4132 2469 4186 Ea
2499 4133 2643 4188 enim
2683 4147 2871 4188 sumus
2897 4143 3104 4199 natura,
3140 4142 3197 4186 ut
3227 4133 3296 4187 ita
3325 4132 3498 4187 dicam
3522 4175 3537 4198 ,
3570 4143 3628 4187 ut
3669 4148 3728 4188 ea

2147 4240 2267 4296 qua:
2310 4225 2758 4295 pertimescimus,
2805 4232 3084 4296 postquam
3133 4240 3196 4280 ea
3230 4225 3470 4294 perpessi
3507 4239 3727 4292 sumus,

2148 4333 2255 4374 non
2286 4317 2359 4373 ita
2391 4317 2646 4372 terribilia
2666 4319 3060 4386 existimemus,
3090 4326 3146 4372 ut
3180 4328 3304 4374 ante
3332 4334 3488 4388 quam
3519 4321 3731 4389 experi-

2147 4421 2386 4467 mentum
2417 4410 2732 4466 faceremus.
2782 4409 2850 4466 Ut
2882 4425 2948 4465 ne
2974 4425 3102 4480 ergo
3131 4409 3268 4465 hanc
3309 4410 3560 4464 virtutem
3592 4411 3730 4465 obti-

2147 4517 2298 4569 neas,
2327 4503 2379 4556 in
2407 4517 2617 4556 summo
2647 4511 2697 4557 te
2725 4501 2928 4556 detinet
2953 4501 3163 4565 timore,
3183 4511 3342 4570 atque
3365 4509 3490 4555 ante
3518 4504 3729 4569 experi-

2147 4602 2387 4648 mentum
2406 4609 2471 4648 ex
2493 4593 2816 4662 paupertatis
2833 4601 2975 4647 metu
3001 4602 3050 4646 te
3067 4593 3217 4662 quasi
3242 4607 3419 4648 ceram
3439 4593 3730 4663 liquefacit.

2145 4684 2278 4741 Nam
2303 4685 2422 4740 talis
2448 4685 2606 4740 homo
2625 4700 2748 4740 cera
2766 4686 2948 4756 quavis
2971 4685 3182 4740 mollior
3197 4693 3294 4750 est,
3321 4694 3375 4740 et
3393 4687 3730 4740 miseriorem

2146 4793 2302 4849 quam
2320 4778 2518 4833 Caiuus
2532 4778 2693 4832 vitam
2716 4777 2880 4840 ducit,
2908 4792 3003 4846 pro
3025 4778 3088 4831 iis
3113 4793 3232 4846 quae
3255 4777 3490 4846 possidet
3517 4778 3728 4838 timens,

2147 4879 2202 4925 et
2229 4869 2297 4925 de
2320 4869 2385 4925 iis
2406 4884 2524 4939 quae
2549 4884 2658 4923 non
2689 4868 2848 4923 habet
2872 4868 3060 4924 dolens
3092 4886 3105 4922 :
3134 4877 3189 4924 et
3217 4883 3311 4938 pro
3340 4868 3404 4922 iis
3432 4883 3552 4937 qua:
3574 4866 3732 4920 habet

2147 4977 2360 5018 rursum
2405 4971 2674 5026 tremens,
2710 4969 2892 5030 utpote
2937 4960 3184 5030 fugitivas
3213 4969 3269 5014 et
3309 4960 3544 5029 ingratas
3590 4959 3734 5013 intus

2148 5055 2390 5110 retinens
2420 5055 2636 5109 divitias
2659 5097 2673 5121 ,
2707 5063 2865 5124 atque
2908 5055 3069 5108 variis
3097 5042 3445 5122 absurdisque
3474 5054 3733 5106 obsessus

2148 5149 2445 5205 affectibus.
2484 5148 2694 5204 Etenim
2732 5147 2996 5217 cupiditas
3039 5146 3289 5211 absurda,
3326 5147 3486 5200 timor
3532 5146 3731 5208 varius,

2148 5258 2318 5314 angor
2361 5243 2562 5308 animi,
2603 5252 2655 5297 et
2697 5251 2899 5295 tremor
2925 5240 3160 5310 ttndique
3199 5255 3387 5294 avaros
3414 5242 3731 5309 exagitant:

2146 5334 2459 5404 similesque
2485 5342 2608 5387 sunt
2633 5331 2891 5386 naviculae
2917 5332 3150 5400 undique
3188 5346 3217 5384 a
3247 5331 3536 5384 contrariis
3562 5329 3736 5384 ventis

2147 5425 2382 5493 agitatae,
2416 5432 2472 5478 et
2511 5422 2704 5477 ﬂuctus
2731 5422 2928 5477 multos
2957 5422 3258 5477 sustinenti.
3294 5421 3358 5475 Et
3387 5430 3592 5492 quanto
3617 5436 3738 5476 mc-

2148 5515 2251 5571 lius
2277 5524 2421 5571 esset
2460 5514 2765 5584 huiusmodi
2796 5513 3065 5570 hominem
3097 5513 3374 5579 decedere,
3424 5529 3588 5583 quam
3617 5529 3738 5584 per-

2148 5619 2360 5682 petuam
2389 5608 2531 5663 ferre
2553 5606 2963 5678 tempestatem?
2987 5605 3118 5661 Nam
3135 5617 3190 5661 et
3209 5605 3374 5662 Caino
3397 5601 3742 5663 tolerabilius

2160 5712 2273 5758 erat
2300 5701 2454 5770 mori,
2479 5715 2634 5772 quam
2658 5709 2913 5771 perpetuo
2930 5707 3174 5754 tremere.
