3990 6168
294 300 403 357 253

312 413 451 469 κατά
500 413 601 486 τὴν
656 412 861 484 ἀγορὰν
918 411 1169 483 βαδίζειν,
1201 411 1294 464 καὶ
1331 411 1390 463 ἐν
1420 411 1533 472 τοῖς
1574 407 1870 469 στενωποῖς

302 501 641 571 ,προσαιτεῖν
671 495 785 551 ἀλλ’
810 497 989 568 ἔχουσί
1020 513 1074 550 τι
1112 498 1205 550 καὶ
1242 494 1524 557 εὐλαϐείας
1557 492 1620 546 οὐ
1656 488 1868 563 μικρόν.

304 576 451 652 Ὅρα
476 576 608 652 γοῦν
637 584 694 636 ἐν
721 582 818 652 ὅση
847 581 1061 652 καμίνῳ
1100 581 1287 643 πενίας
1337 577 1463 632 εἰσί.
1494 577 1603 629 Kal
1632 574 1876 646 βλασφη-

306 668 526 739 μουσῶν
555 666 654 719 οὐκ
680 666 744 720 ἄν
777 678 902 717 ποτε
935 663 1113 718 αὐτῶν
1146 662 1406 734 ἀκούσῃς,
1438 660 1558 714 οὐδέ
1583 659 1879 712 ἀποδυσπε-

302 751 533 812 τουσῶν,
577 750 717 820 ἅπερ
756 749 949 802 πολλαὶ
1000 748 1108 801 τῶν
1147 747 1515 800 πλουτουντων
1549 756 1572 784 α
1609 741 1874 796 ποιοῦσιν.

303 836 413 890 Kal
436 836 493 890 αἰ
526 834 622 905 μὲν
660 833 839 886 αὑτῶν
870 831 1132 885 πεινῶσαι
1175 830 1547 901 ἐκοιμήθησαν
1594 826 1876 891 πολλάκις,

304 921 438 976 αἰδέ
472 919 563 973 καὶ
592 916 855 989 διηνεκῶς
888 917 993 971 ὑπὸ
1019 915 1112 970 τοῦ
1148 914 1360 986 κρυμοῦ
1392 911 1732 982 πηγνύμεναι
1759 909 1876 962 δια-

304 1002 533 1067 τελοῦσι,
567 1002 663 1054 καὶ
708 1000 858 1070 ὅμως
907 1001 965 1052 ἐν
992 996 1309 1069 εὐχαριστίᾳ
1352 996 1446 1050 καὶ
1477 994 1755 1062 δοξολογίᾳ
1794 992 1876 1044 δι-

305 1089 513 1156 άηγευσι.
543 1085 663 1138 Κᾶν
691 1082 877 1136 ὀϐολὸν
908 1081 1034 1153 δῷς,
1063 1079 1445 1155 εὐχαριστοῦσι
1487 1083 1583 1132 καὶ
1614 1074 1876 1145 ἐπεύχον-

303 1189 390 1226 ται
416 1170 586 1242 μυρία
608 1168 689 1240 τῷ
719 1166 996 1222 δεδωκότι’
1022 1167 1126 1221 κᾶν
1159 1165 1325 1237 μηδὲν
1349 1163 1473 1234 δῷς,
1504 1163 1565 1215 οὐ
1591 1159 1878 1231 δυσχεραί-

303 1273 503 1319 νουσιν,
526 1253 664 1307 ἀλλά
698 1255 792 1306 καὶ
818 1246 991 1314 οὕτως
1025 1250 1303 1318 εὐλογοῦσι
1334 1247 1427 1300 καὶ
1464 1243 1742 1314 ἀγαπῶσι,
1776 1242 1878 1312 τῆς

302 1338 585 1410 ἐφημέρου
626 1334 831 1408 τροφῆς
866 1334 1255 1388 ἀπολαύουσαι.
1303 1331 1423 1383 Κᾶν
1462 1332 1571 1397 γὰρ
1615 1325 1766 1399 [275]
1792 1322 1877 1410 ,μὴ

305 1409 626 1495 βούλωνται,
651 1420 832 1490 φησὶν,
858 1418 1070 1487 ἀνάγκη
1101 1417 1286 1488 φέρειν
1314 1414 1502 1475 αὐτάς.
1521 1411 1622 1495 Διά
1641 1410 1695 1464 τί
1707 1427 1737 1495 ς,
1756 1409 1877 1462 εἰπέ

306 1493 433 1577 μοι·
476 1504 622 1566 τίνος
667 1503 850 1555 ἕνεκεν
896 1503 958 1555 τὸ
1002 1499 1196 1571 πικρὸν
1226 1497 1384 1551 τοῦτο
1410 1493 1657 1565 ἐφθέγξω
1692 1494 1875 1577 ρῆμας

303 1574 407 1644 οὐκ
435 1588 544 1641 εἰσὶ
576 1587 764 1656 τέχναι
786 1585 1027 1655 αἰσχραὶ,
1064 1582 1161 1637 καλ⁸
1185 1585 1300 1644 τοῖς
1322 1580 1659 1650 γεγηρακόσι
1686 1574 1879 1645 κέρδος

305 1672 531 1743 ἔχουσαι
558 1672 654 1723 καὶ
672 1672 793 1731 ταῖς
822 1666 1253 1738 γεγηρακυίαις;
1278 1665 1378 1718 οὐκ
1413 1663 1697 1733 ἠδύναντο,
1721 1660 1879 1743 εῐπερ

308 1740 556 1828 βούλοιτο
594 1753 687 1807 τοῦ
724 1753 824 1824 ζῇν
863 1750 1122 1824 ἐπιεικῶς
1170 1749 1413 1820 ἀμελεῖν,
1453 1745 1704 1801 κάκεῖθεν
1744 1740 1881 1828 μετά

307 1824 513 1909 πολλῆς
540 1835 947 1908 ἀποτρέφεσθαι
978 1838 1074 1906 τῆς
1108 1832 1460 1904 περιουσίας;
1491 1830 1588 1899 οὐχ
1620 1828 1750 1897 ὁρᾷς
1778 1824 1877 1878 πό-

303 1940 392 1977 σοι
424 1908 532 1975 τῶν
556 1924 616 1974 ἐν
633 1919 803 1992 ταύτῃ
830 1922 896 1991 τῇ
921 1918 1105 1989 ἡλικία
1128 1916 1430 1988 μαστροποὶ
1449 1915 1545 1969 καὶ
1563 1908 1878 1983 προαγωγοὶ

298 2007 602 2077 γινόμενοι,
636 2004 730 2057 καὶ
777 2003 941 2073 ἔτερα
997 2001 1220 2055 τοιαῦτα
1266 2002 1402 2055 ἀττα
1450 1994 1875 2077 διακονούμενοι,

298 2071 398 2143 καὶ
428 2071 729 2159 ’τρέφονται
767 2071 1209 2155 καὶ-τρυφῶσιη
1255 2081 1393 2134 Ἀλλ’
1421 2082 1518 2151 οὐχ
1556 2071 1723 2142 οὗτοι,
1760 2077 1877 2132 ἀλλ’

297 2172 586 2244 αἱροῦνται
611 2169 755 2241 λιμῷ
777 2165 1181 2237 διαφθείρεσθαι
1211 2166 1432 2237 μᾶλλον,
1462 2167 1495 2236 ἢ
1518 2162 1879 2234 καταισχῦναι

295 2257 400 2330 τὴν
436 2255 646 2309 ἑαυτῶν
690 2253 833 2323 ζωὴν
881 2252 975 2305 καὶ
1002 2250 1291 2322 προδοῦναι
1319 2249 1416 2320 τὴν
1444 2248 1719 2321 σωτηρίαν
1738 2264 1753 2278 ·
1785 2248 1880 2301 καὶ

292 2341 569 2411 κάθηνται
597 2339 663 2392 δι’
699 2339 907 2408 ἡμέρας
936 2336 1065 2406 ὅλης
1099 2335 1387 2407 φάρμακόν
1421 2351 1503 2387 σοι
1536 2332 1880 2411 κατασκευά-

297 2410 484 2485 ζοντες
516 2418 812 2488 σωτηρίας.
839 2417 911 2468 Οὐ
939 2417 1049 2487 γάρ
1078 2414 1249 2478 οὕτως
1280 2415 1483 2484 ἰατρὸς,
1518 2416 1673 2483 χεῖρα
1703 2410 1881 2465 ἐκτεί-

296 2522 406 2559 νων
432 2505 529 2557 καί
565 2503 808 2574 σιδήριον
830 2500 1076 2567 ἐπάγων,
1112 2500 1365 2568 ἐκτέμνει
1388 2497 1455 2550 τά
1479 2495 1754 2567 σεσηπότα
1772 2495 1881 2548 τῶν

295 2590 655 2659 τραυμάτων,
690 2588 766 2649 ὡς
798 2585 986 2655 πένης,
1019 2582 1202 2647 δεξιὰν
1234 2581 1490 2635 ἐκτείνων
1524 2581 1617 2636 καὶ
1651 2580 1881 2651 ἐλεημο-

299 2672 469 2741 σύνην
520 2671 837 2740 λαμϐάνων,
892 2669 1172 2738 περιαιρεῖ
1219 2665 1329 2718 τῶν
1374 2664 1705 2735 τραυμάτων
1755 2664 1882 2727 τοὺς

301 2756 600 2828 μώλωπας.
626 2756 738 2808 Kal
757 2754 818 2807 τὸ
842 2753 907 2823 δὴ
937 2751 1270 2822 θαυμαστὸν,
1292 2752 1373 2804 δτι
1395 2752 1564 2820 χωρὶς
1592 2747 1882 2818 ἀλγηδόνος

297 2843 396 2895 καὶ
436 2840 631 2910 ὀδύνης
664 2839 763 2910 τὴν
806 2838 976 2908 καλὴν
1017 2836 1218 2907 ταύτην
1249 2834 1570 2906 ἐργάζονται
1616 2832 1878 2904 ἰατρείαν.

298 2922 410 2981 Kal
438 2926 598 2997 ἡμῶν
627 2923 734 2977 τῶν
775 2922 870 2976 τοῦ
902 2920 1033 2976 λαοῦ
1077 2920 1507 2992 προκαθημένων
1549 2918 1641 2972 καὶ
1680 2932 1882 2987 παραι-

297 3010 537 3064 νούντων
560 3009 691 3079 ὑμῖν
718 3007 786 3061 τὰ
818 3005 1166 3077 συμφέροντα
1187 3003 1287 3056 οὐκ
1305 3003 1526 3056 ἔλαττον
1548 3002 1752 3064 ἐκεῖνος
1776 3000 1883 3052 δια-

299 3095 520 3163 λέγεται
552 3096 581 3148 ό
612 3091 718 3162 πρὸ
744 3090 851 3144 τῶν
875 3087 1054 3160 θυρῶν
1099 3087 1197 3157 τῆς
1233 3085 1526 3157 ἐκκλησίας
1575 3084 1883 3156 καθήμενος

300 3177 392 3231 διὰ
423 3178 523 3247 τῆς
562 3175 721 3244 σιγῆς
741 3174 837 3228 καὶ
868 3172 967 3244 τῆς
1000 3171 1193 3241 ὅψεως.
1228 3170 1338 3222 Kal
1366 3170 1478 3241 γὰρ
1515 3171 1677 3240 ἡμεῖς
1707 3167 1882 3221 ταῦτα

302 3260 427 3314 καθ’
454 3262 690 3329 ἐκάστην
714 3259 842 3328 ὑμῖν
869 3253 1173 3325 ἐνηχοῦμεν
1199 3252 1298 3324 τὴν
1327 3254 1559 3324 ἡμέραν,
1592 3251 1839 3320 λέγοντες
1862 3265 1877 3280 ’

304 3342 401 3413 Μὴ
435 3343 576 3413 μέγα
601 3342 805 3413 φρόνει,
827 3334 872 3393 ὧ
900 3338 1175 3409 ἄνθρωπε,
1197 3335 1499 3408 ὀξύρροπον
1524 3337 1618 3389 καὶ
1645 3336 1703 3388 εὐ
1713 3333 1880 3404 μετά-

309 3443 523 3479 πτωτον
547 3425 652 3476 τῶν
672 3422 968 3493 ἀνθρώπων
996 3422 1029 3491 ἡ
1053 3420 1235 3491 φύσις,
1265 3421 1298 3489 ή
1320 3419 1508 3489 νεότης
1542 3417 1676 3490 πρὸς
1704 3420 1883 3487 γῆρας

309 3508 617 3575 ἐπείγεται,
650 3505 710 3558 τὸ
747 3505 934 3568 κάλλος
967 3506 1106 3576 πρὸς
1140 3502 1435 3574 ἀμορφίαν,
1477 3505 1509 3572 ὴ
1555 3501 1708 3571 ἰσχὺς
1746 3499 1882 3569 πρδς

307 3591 619 3655 ἀσθένειαν,
646 3588 829 3660 ήτιμὴ
858 3590 991 3661 πρὸς
1020 3586 1446 3657 καταφρόνησιν,
1474 3586 1507 3656 ἡ
1535 3583 1715 3652 ὑγιεία
1744 3582 1882 3653 πρὸς

305 3674 620 3749 ἀρρωστίαν
679 3672 1021 3741 μεταπίπτει.
1056 3671 1090 3741 ἡ
1141 3668 1270 3734 δόξα
1320 3668 1453 3739 πρὸς
1510 3666 1804 3730 εὐτέλειαν,
1853 3665 1883 3718 ό

302 3760 537 3824 πλοῦτος
586 3758 727 3828 πρὸς
772 3756 959 3809 πενίαν
979 3772 994 3787 ’
1030 3754 1263 3825 ῥεύματι
1295 3751 1505 3823 σφοδρῷ
1536 3750 1605 3805 τὰ
1637 3753 1882 3822 ἡμέτερα

305 3844 479 3899 ἔοικεν
502 3840 739 3913 οὐδαμοῦ
767 3839 1016 3894 ἵστασθαι
1040 3837 1366 3910 βουλομένῳ,
1397 3835 1512 3890 ἀλλ’
1542 3833 1882 3906 ἐπειγομένῳ

305 3928 438 3998 πρὸς
465 3927 543 3980 τδ
559 3926 848 3988 κάταντες.

372 4017 433 4067 ε’.
458 4010 541 4063 Τὰ
570 4008 709 4063 αὐτά
738 4008 833 4062 καὶ
860 4009 1078 4071 ἐκεῖνοι,
1097 4005 1189 4059 καὶ
1208 4005 1423 4059 πλείονα
1445 4003 1648 4058 τούτων
1672 4002 1758 4058 διὰ
1783 4004 1882 4073 τῆς

304 4092 477 4157 ὂψεως
503 4090 955 4162 συμϐουλεύουσι,
979 4088 1071 4142 καὶ
1099 4088 1187 4142 διὰ
1211 4089 1308 4159 τῆς
1333 4087 1525 4159 πείρας
1550 4088 1737 4157 αὐτῆς,
1760 4088 1882 4158 ἥτις

307 4177 398 4231 καὶ
426 4176 740 4246 σαφεστέρα
773 4174 891 4228 ἐστὶ
920 4173 1263 4245 παραίνεσις.
1288 4172 1450 4226 Πόσοι
1480 4171 1610 4240 γοῦν
1649 4173 1758 4225 τῶν
1777 4171 1882 4238 ἔξω

307 4259 639 4329 καθημένων
658 4258 755 4311 νῦν
779 4258 1037 4328 ἡκμασαν
1061 4259 1117 4310 ἐν
1147 4256 1382 4325 νεότητι,
1414 4255 1506 4308 καὶ
1534 4255 1742 4326 μεγάλα
1772 4255 1883 4325 εἰρ-

308 4344 577 4410 γάσαντο;
613 4341 767 4394 πόσοι
794 4340 903 4393 τῶν
933 4340 1188 4411 εἰδεχθῶν
1219 4338 1422 4390 τούτων
1456 4339 1550 4391 καὶ
1576 4338 1669 4391 ἐπὶ
1694 4339 1761 4409 τῇ
1788 4336 1881 4391 τοῦ

312 4424 557 4497 σώματος
594 4424 739 4495 ἰσχύι
763 4426 859 4478 καὶ
888 4428 954 4496 τῇ
987 4425 1086 4495 τῆς
1120 4423 1296 4492 ὅψεως
1332 4421 1451 4493 ῶρᾳ
1482 4420 1708 4485 πολλοὺς
1742 4439 1885 4491 παρ-

308 4510 551 4581 ήλασαν;
592 4509 757 4562 Ἀλλά
798 4510 872 4582 μὴ
918 4509 1220 4572 ἀπιστεῖτε,
1260 4506 1392 4577 μηδέ
1432 4505 1753 4577 χλευάζετε·
1792 4505 1886 4558 καὶ

309 4593 414 4664 γὰρ
448 4594 663 4664 μυρίων
693 4594 851 4663 γέμει
882 4591 1138 4645 τοιούτων
1168 4590 1578 4660 ὑποδειγμάτων
1599 4591 1628 4642 ό
1656 4588 1790 4658 βίος.
1821 4588 1884 4642 Εἰ

309 4678 415 4749 γὰρ
443 4678 686 4748 βασιλεῖς
715 4678 775 4742 ἐξ
795 4676 1028 4731 εὐτελῶν
1052 4678 1145 4729 καὶ
1166 4675 1436 4728 ταπεινῶν
1468 4673 1653 4726 πολλοὶ
1683 4672 1883 4726 πολλά-

310 4768 396 4824 bur;
418 4761 692 4831 ἐγένοντο,
719 4762 770 4814 τί
808 4758 1141 4830 θαυμαστὸν,
1181 4758 1277 4811 καὶ
1307 4759 1370 4809 ἐκ
1401 4758 1650 4827 μεγάλων
1679 4757 1770 4810 καὶ
1802 4758 1886 4809 ἐν-

311 4840 469 4909 δδξων
497 4843 751 4897 ταπεινοί
778 4844 875 4897 καὶ
903 4842 1139 4905 εὐτελεῖς
1169 4841 1537 4912 κατέστησαν;
1570 4839 1665 4894 καὶ
1689 4842 1797 4912 γάρ
1826 4839 1887 4893 τὸ

315 4925 487 4997 πολλῷ
520 4927 968 4998 παραδοξώτερον
1004 4924 1180 4978 ἐκεῖνό
1217 4925 1370 4977 ἐστι·
1399 4923 1554 4979 τοῦτο
1577 4924 1633 4977 δὲ
1664 4925 1773 4978 τῶν
1797 4921 1885 4977 ἀεί

317 5012 739 5083 συμϐαινόντων.
766 5011 930 5064 Ὥστε
953 5011 1013 5064 οὐ
1044 5010 1149 5083 χρὴ
1170 5008 1490 5071 διαπιστεῖν,
1517 5007 1570 5059 εἴ
1593 5024 1737 5071 τινες
1761 5007 1886 5060 τού-

316 5108 418 5148 των
446 5098 543 5151 καὶ
564 5097 624 5148 ἐν
644 5097 863 5167 τέχναις
893 5096 987 5149 καὶ
1017 5097 1074 5149 ἐν
1104 5094 1414 5165 στρατείαις
1438 5090 1680 5163 ἧνθησαν
1707 5094 1801 5147 καὶ
1827 5094 1885 5146 ἐν

317 5180 608 5250 χρημάτων
628 5180 991 5251 περιουσίαις,
1022 5177 1156 5231 ἀλλά
1191 5176 1285 5230 καὶ
1317 5175 1490 5228 ἐλεεῖν
1523 5176 1719 5238 αὐτοὺς
1748 5176 1885 5243 μετὰ

319 5261 511 5333 πολλῆς
538 5264 642 5334 τῆς
669 5263 1033 5334 συμπαθείας,
1057 5261 1152 5315 καὶ
1173 5261 1311 5330 ὑπὲρ
1337 5257 1548 5313 ἑαυτῶν
1568 5257 1881 5322 δεδοικέναι,

324 5344 393 5415 μή
430 5362 561 5400 ποτε
590 5347 687 5401 καὶ
717 5348 874 5400 αὐτοὶ
909 5344 980 5399 τά
1020 5344 1157 5397 αύτά
1180 5343 1457 5412 πάθωμεν.
1493 5341 1603 5395 Kal
1649 5340 1759 5412 γάρ
1792 5342 1886 5394 καὶ

321 5427 472 5496 ἡμεῖς
498 5430 800 5502 ἄνθρωποι,
829 5430 924 5484 καὶ
951 5429 1055 5483 ὑπὸ
1086 5429 1184 5501 τὴν
1212 5428 1509 5500 ὀξύρροπον
1535 5429 1740 5496 ταύτην
1776 5423 1886 5479 κεί-

327 5510 458 5578 μεθα
487 5513 808 5585 μεταϐολήν.
846 5513 986 5566 Ἀλλ’
1016 5514 1145 5577 ῐσως
1176 5512 1285 5566 τῶν
1304 5513 1634 5581 ἀγνωμόνων
1671 5527 1756 5575 τις
1788 5510 1884 5564 καὶ

384 5712 408 5787 ξ
434 5711 715 5787 Legeud‘um
739 5716 953 5787 videtur,
979 5716 1074 5786 τῶν
1094 5713 1417 5773 πλουτουσῶν,
1462 5712 1555 5764 nisi
1595 5712 1881 5765 subintelli-

328 5776 460 5831 saltu-
477 5776 571 5823 τῶν
593 5778 921 5827 πλουτούντων
943 5776 1172 5837 γυναῖκες.

1277 292 1343 350 IN
1381 291 1603 349 EPIST.
1640 290 1660 345 Ι
1692 290 1786 345 AD
1823 287 1980 348 C0“.
2021 291 2252 348 HOMIL.
2292 294 2463 352 XXX.

3437 292 3543 350 256

1979 405 2253 465 σκώπτειν
2289 412 2557 466 εἰωθότων
2602 412 2695 466 καὶ
2734 408 3026 483 ἐπισκήψει
3057 409 3171 473 τοῖς
3209 408 3544 482 εἰρημένοις,

1982 493 2077 545 καὶ
2106 497 2431 569 κωμῳδήσει
2461 497 2678 560 πάντως
2707 498 2852 567 ἡμᾶς
2876 492 3068 564 λέγων’
3098 492 3275 564 Μέχρι
3311 493 3455 557 τίνος
3484 493 3547 548 οὐ

1981 575 2165 650 παύσῃ
2193 579 2430 649 πένητας
2473 580 2562 633 ἀεὶ
2592 580 2685 633 καὶ
2712 580 2960 649 πτωχοὺς
2987 582 3044 633 ἐν
3078 579 3189 642 τοῖς
3224 577 3401 645 λόγοις
3432 578 3546 629 εἰσ-

1979 660 2148 727 άγων,
2184 662 2277 716 καὶ
2318 663 2602 734 συμφοράς
2645 661 2774 733 ἡμῖν
2815 659 3195 733 προφητεύων,
3230 663 3323 713 καὶ
3357 659 3549 713 πενίαν

1979 746 2407 814 πμαναφωνῶν.
2431 748 2525 800 καὶ
2560 747 2805 816 πτωχοὺς
2833 743 3053 814 ποιῆσαι
3089 744 3436 809 σπουδάζων;
3471 741 3546 795 Οὐ

1980 823 2131 898 [276]
2178 830 2426 898 πτωχοὺς
2466 830 2608 898 ὑμᾶς
2649 828 2964 893 σπουδάζων
2992 829 3237 897 ποιῆσαι,
3272 825 3545 894 ἄνθρωπε,

1978 906 2146 962 ταῦτα
2173 908 2337 979 λέγω,
2371 910 2507 965 ἀλλά
2535 911 2627 965 τοῦ
2653 910 2881 983 οὐρανοῦ
2902 910 3005 963 ατδν
3043 908 3272 963 πλοῦτον
3302 909 3430 977 ὑμῖν
3456 908 3550 958 ἀν-

1978 991 2115 1054 οῖξαι
2138 988 2399 1047 σπεύδων.
2442 996 2595 1048 Ἐπεὶ
2628 996 2723 1048 καὶ
2752 994 2888 1067 πρὸς
2916 993 3007 1046 τὸν
3031 993 3341 1061 ὑγιαίνοντα
3376 992 3404 1043 ό
3442 989 3551 1043 τῶν

1977 1076 2404 1147 ἀρρωστούντων
2438 1078 2782 1149 μεμνημένος
2820 1074 2914 1131 καὶ
2951 1077 3048 1139 τάς
3082 1076 3305 1130 ἐκείνων
3332 1072 3550 1144 διηγού-

1983 1175 2140 1228 μενος
2163 1159 2374 1227 ὀδύνας,
2393 1161 2489 1231 οὐχ
2515 1162 2599 1214 ἵνα
2625 1163 2872 1215 ἐπίνοσον
2895 1163 3114 1231 ποιήσῃ,
3146 1158 3313 1226 λέγει,
3332 1157 3550 1211 ἀλλ’ἵνα

1980 1242 2073 1294 ἐπὶ
2116 1242 2216 1313 τῆς
2264 1243 2475 1312 ὑγιείας
2495 1246 2819 1317 διατηρήσῃ,
2869 1244 2945 1315 τῷ
2982 1243 3132 1314 φόϐῳ
3173 1242 3280 1295 τῶν
3323 1241 3552 1303 ἐκείνοις

1982 1323 2385 1395 συμϐαινόντων
2411 1328 2511 1399 τὴν
2543 1328 2728 1382 τούτου
2762 1327 3035 1400 ρᾳθυμίαν
3062 1327 3367 1381 ἐκκόπτων.
3389 1321 3553 1376 Φοϐε-

1984 1408 2074 1478 ρὸν
2098 1410 2226 1479 ὑμῖν
2254 1411 2287 1482 ἡ
2323 1412 2484 1463 πενία
2513 1407 2652 1466 εἶναι
2685 1412 2851 1476 δοκεῖ,
2876 1411 2971 1464 καὶ
3013 1409 3237 1482 φρικτὸν
3266 1408 3361 1460 καὶ
3390 1407 3552 1477 μέχρι

1979 1493 2353 1563 προσηγορίας
2391 1494 2580 1565 αὐτῆς.
2623 1495 2722 1549 Διά
2756 1495 2866 1565 γὰρ
2893 1493 3053 1548 τοῦτο
3096 1493 3322 1563 πένητές
3362 1491 3548 1559 ἐσμεν,

1980 1574 2061 1628 ὅτι
2114 1575 2306 1631 πενίαν
2332 1577 2670 1648 δεδοίκαμεν,
2707 1579 2811 1633 κᾶν
2842 1579 3013 1649 μύρια
3043 1577 3253 1647 έχωμεν
3293 1574 3549 1631 τάλαντα.

1982 1657 2057 1709 υὺ
2088 1658 2198 1730 γὰρ
2226 1660 2255 1711 ὁ
2285 1660 2452 1730 μηδὲν
2477 1661 2635 1732 έχων,
2668 1662 2857 1732 πένης,
2878 1663 2991 1715 ἀλλ’
3022 1662 3050 1714 ό
3077 1660 3268 1714 πενίαν
3290 1659 3549 1729 φρίττων*

1981 1742 2103 1796 ἐπεὶ
2137 1743 2231 1797 καὶ
2267 1745 2326 1797 ἐν
2354 1747 2475 1808 ταῖς
2500 1749 2805 1817 συμφοραῖς
2844 1746 2905 1800 οὐ
2940 1747 3065 1809 τοὺς
3092 1747 3159 1799 τὰ
3198 1743 3407 1815 μεγάλα
3445 1742 3553 1796 πά-

1982 1842 2206 1896 σχοντας
2234 1826 2381 1881 κακά
2398 1827 2704 1898 δακρύομεν
2728 1831 2821 1883 καὶ
2852 1829 3068 1892 ἀθλίους
3095 1826 3394 1899 ἡγούμεθα.
3417 1823 3553 1879 ἀλλά

1978 1910 2106 1974 τοὺς
2144 1910 2244 1964 οὐκ
2272 1910 2481 1976 είδότας
2505 1912 2646 1967 αὐτὰ
2663 1913 2871 1984 φέρειν,
2897 1913 3002 1967 κᾶν
3038 1912 3212 1984 μικρά
3233 1910 3370 1981 τύχῃ
3399 1909 3549 1961 δνταο

1979 1992 2056 2058 ὡς
2083 1994 2114 2048 ὅ
2145 2011 2209 2063 γε
2246 1995 2433 2067 φέρειν
2463 1997 2618 2063 εἰδὼς
2649 2000 2746 2053 καὶ
2783 1997 3017 2053 ἐπαίνων
3057 1997 3203 2062 ἄξιος
3227 1997 3323 2049 καὶ
3350 1994 3554 2064 στεφά-

1979 2095 2106 2131 νων.
2144 2079 2253 2131 Kal
2289 2080 2370 2133 ὅτι
2408 2080 2567 2135 τοῦτο
2597 2081 2784 2136 τοῦτον
2818 2080 2929 2152 ἔχει
2971 2080 3064 2135 τὸν
3092 2079 3313 2152 τρόπον,
3347 2077 3407 2130 ἐν
3439 2078 3558 2141 τοῖς

1980 2160 2155 2228 ἀγῶσι
2185 2162 2337 2226 τίνας
2369 2163 2736 2236 ἐπαινοῦμεν;
2789 2166 2918 2230 τοὺς
2964 2163 3135 2218 πολλά
3186 2161 3557 2233 τυπτομένους

1980 2245 2075 2298 καὶ
2114 2243 2189 2316 μή
2223 2245 2542 2315 ἀλγοῦντας,
2574 2247 2689 2303 ἀλλ’
2729 2247 2932 2319 ὑψηλὸν
2960 2248 3051 2301 τὸν
3074 2246 3276 2317 αὐχένα
3309 2244 3554 2316 έχοντα-ς,

1978 2328 2013 2400 ἢ
2058 2329 2184 2393 τοὺς
2230 2329 2339 2384 ἀπὸ
2370 2331 2479 2384 τῶν
2510 2331 2740 2402 πρώτων
2797 2331 3096 2401 φεύγοντας
3146 2329 3401 2401 πληγῶν;
3433 2331 3556 2402 οὐχὶ

1981 2413 2222 2477 ἐκείνους
2246 2415 2345 2485 μὲν
2377 2416 2472 2471 καὶ
2494 2415 2884 2486 στεφανοῦμεν,
2914 2416 2990 2481 ὡς
3016 2415 3292 2487 ἀνδρείους
3322 2417 3416 2469 καὶ
3440 2433 3558 2485 γεν-

1980 2496 2184 2561 ναίους,
2219 2498 2441 2563 τούτους
2477 2499 2535 2553 δέ
2569 2502 2663 2554 καὶ
2704 2501 2972 2570 γελῶμεν,
3012 2500 3088 2563 ὡς
3126 2498 3419 2572 ἀνάνδρους
3460 2500 3557 2554 καὶ

1980 2580 2215 2648 δειλούς;
2250 2580 2408 2637 Οὕτω
2436 2584 2612 2638 τοίνυν
2638 2584 2732 2638 καὶ
2771 2585 2865 2637 ἐπὶ
2890 2583 3000 2638 τῶν
3022 2582 3116 2637 τοῦ
3151 2583 3266 2653 βίου
3295 2584 3557 2657 πραγμάο

1978 2685 2088 2722 των
2114 2668 2375 2739 ποιῶμεν·
2413 2669 2505 2723 τὸν
2529 2669 2628 2739 μὲν
2657 2669 2893 2733 εὐκόλως
2921 2668 3135 2724 ἀπάντα
3168 2669 3403 2740 φέροντα
3432 2686 3557 2722 στε-

1980 2750 2343 2823 φανώσωμεν,
2377 2752 2628 2824 καθάπερ
2664 2754 2869 2807 ἐκεῖνον
2903 2753 2996 2807 τὸν
3024 2754 3269 2822 γενναῖον
3302 2770 3557 2825 παγκρα-

1979 2836 2224 2906 τιαστήν·
2244 2835 2431 2889 τοῦτον
2451 2835 2509 2889 δέ
2531 2836 2892 2908 δακρύσωμεν
2913 2835 3003 2889 τὸν
3022 2835 3295 2890 δεδοικότα
3323 2836 3418 2893 καὶ
3438 2836 3560 2908 19¢-

1985 2935 2156 2988 μοντα
2182 2918 2252 2973 τά
2281 2918 2449 2985 δεινὰ,
2485 2919 2580 2974 καὶ
2612 2921 2741 2990 πρὶν
2765 2919 2798 2992 ἢ
2827 2917 3080 2986 δέξασθαι
3106 2920 3322 2992 πληγὴν
3360 2922 3561 2975 ἀποτε-

1981 3001 2215 3074 θνηκότα
2255 3002 2333 3074 τῷ
2369 3003 2496 3057 δέει.
2527 3004 2637 3057 Kal
2668 3004 2778 3075 γὰρ
2821 3004 2913 3059 ἐπὶ
2954 3003 3063 3059 τῶν
3094 3004 3319 3075 ἀγώνων
3358 3005 3415 3060 εἰ
3452 3022 3557 3074 τις,

1979 3087 2108 3157 πρὶν
2133 3085 2169 3157 ἦ
2194 3090 2383 3157 χεῖρας
2406 3088 2656 3159 ἀντᾶραι,
2683 3088 2777 3142 τὸν
2796 3088 3087 3143 ἀντίπαλον
3109 3088 3234 3144 ἰδὼν
3258 3089 3358 3161 τὴν
3378 3087 3559 3155 δεξιὰν

1979 3172 2220 3226 τείνοντα
2266 3172 2426 3243 μόνον
2456 3174 2748 3244 ἀποφύγοι,
2781 3173 2885 3228 κᾶν
2939 3174 3013 3245 μὴ
3063 3174 3280 3246 δέξηται
3320 3173 3556 3245 πληγὴν,

1980 3255 2385 3323 καταγέλαστος
2426 3256 2600 3321 ἔσται,
2636 3258 2710 3322 ώς
2757 3258 2944 3321 ἀτονος
2971 3257 2999 3297 δ
3031 3258 3127 3311 καὶ
3179 3257 3420 3328 μαλακὸς
3460 3257 3559 3312 καὶ

1982 3337 2159 3391 πόνων
2190 3338 2412 3409 ἄπειρος
2436 3338 2689 3393 τοιούτων
2707 3356 2721 3370 ο
2741 3335 2850 3393 οἷον
2873 3342 2968 3393 καὶ
2986 3342 3077 3393 ἐπὶ
3094 3340 3299 3395 τούτων
3327 3340 3562 3410 συμϐαί-

1981 3437 2062 3474 νει
2099 3420 2210 3474 τῶν
2236 3421 2424 3474 πενίαν
2453 3422 2789 3487 δεδοικότων,
2829 3424 2923 3477 καὶ
2957 3423 3078 3477 οὐδὲ
3107 3423 3203 3494 τὴν
3233 3423 3560 3493 προσδοκίαν

1982 3504 2151 3575 αὐτῆς
2177 3507 2418 3572 ἐνεγκεῖν
2457 3505 2788 3576 δυναμένων.
2829 3507 2942 3559 Οὐκ
2972 3507 3077 3577 ἀρα
3109 3508 3269 3576 ἡμεῖς
3296 3506 3560 3577 ποιοῦμεν

1983 3588 2129 3657 ὑμᾶς
2155 3587 2393 3651 ἀθλίους,
2416 3587 2530 3641 ἀλλ’
2562 3589 2719 3658 ὑμεῖς
2744 3588 2989 3650 ἑαυτούς.
3017 3588 3141 3651 Πῶς
3160 3590 3270 3658 γὰρ
3296 3588 3360 3641 οὐ
3389 3606 3562 3643 κατα-

1983 3670 2232 3738 παίξεταί
2267 3687 2360 3724 σου
2386 3671 2569 3726 λοιπὸν
2598 3674 2626 3726 ὁ
2652 3671 2915 3737 διάϐολος,
2952 3673 3046 3726 καὶ
3078 3673 3184 3744 πρὸ
3218 3673 3317 3741 τῆς
3345 3672 3562 3744 πληγῆς

1981 3755 2080 3827 τὴν
2101 3754 2329 3826 ἀπειλὴν
2346 3755 2488 3827 όρῶν
2507 3755 2778 3810 δεδοικότα
2806 3756 2899 3810 καὶ
2919 3756 3216 3828 τρέμοντα;
3237 3755 3453 3811 Μᾶλλον
3477 3757 3559 3822 δέ,

1981 3839 2110 3894 ὅταν
2138 3839 2369 3910 ἀπειλὴν
2394 3839 2551 3893 τοῦτο
2585 3839 2831 3911 νομίζῃς,
2861 3841 2922 3894 οὐ
2950 3840 3199 3913 δεήσεται
3229 3840 3412 3894 λοιπὸν
3435 3840 3559 3896 ούδδ

1983 3923 2205 3995 πλῆξαι,
2243 3923 2357 3977 ἀλλ’
2392 3924 2550 3993 ἀφεὶς
2575 3924 2721 3995 ἔχειν
2750 3924 2842 3979 τὸν
2874 3926 3122 3990 πλοῦτον,
3161 3929 3228 3997 τῇ
3261 3926 3560 3999 προσδοκίᾳ

1979 4008 2081 4079 τῆς
2103 4006 2444 4079 ἀφαιρέσεως
2469 4008 2637 4080 κηροῦ
2665 4007 2866 4072 παντὸς
2896 4010 3279 4081 μαλακώτερόν
3306 4028 3365 4063 σε
3392 4011 3559 4082 ἐργά-

1984 4108 2156 4146 σεται.
2182 4090 2296 4145 Kal
2319 4090 2426 4162 γὰρ
2448 4092 2792 4162 πεφύκαμεν,
2822 4091 2897 4156 ὡς
2925 4095 3119 4157 εἰπεῖν,
3150 4092 3296 4164 ἆπερ
3319 4093 3560 4148 δεδοίκα-

1986 4192 2105 4245 μεν,
2132 4174 2269 4246 μετά
2291 4177 2352 4228 τὸ
2375 4176 2566 4229 παθεῖν
2593 4175 2691 4246 οὐχ
2715 4175 2857 4229 οὕτω
2882 4176 3120 4247 νομίζειν
3156 4172 3292 4229 εἶναι
3328 4176 3556 4245 φοϐερὰ,

1982 4259 2171 4331 ῶσπερ
2208 4259 2517 4330 ἔμπροσθεν
2548 4259 2638 4311 καὶ
2664 4259 2768 4327 πρὸ
2796 4262 2894 4329 τῆς
2925 4259 3140 4328 πείρας.
3179 4261 3273 4311 Ἵν¹
3300 4257 3389 4312 οὖν
3425 4259 3559 4330 μηδέ

1984 4341 2190 4411 ταύτην
2223 4344 2397 4414 κτήσῃ
2436 4343 2534 4411 τὴν
2566 4342 2787 4411 ἀρετὴν,
2824 4343 2882 4393 ἐν
2908 4340 3210 4411 ἀκμάζοντί
3251 4357 3309 4394 σε
3340 4343 3558 4413 κατέχει

1987 4426 2157 4495 φόϐῳ,
2190 4424 2295 4494 πρὸ
2342 4425 2443 4493 τῆς
2485 4423 2677 4494 πείρας
2726 4422 2803 4494 τῷ
2845 4423 2994 4495 φόϐῳ
3031 4425 3131 4493 τῆς
3158 4426 3347 4488 πενίας
3371 4425 3560 4498 ῶσπερ

1986 4507 2158 4577 κηρὸν
2190 4506 2321 4577 πυρί
2350 4509 2695 4576 κατατήκων.
2738 4507 2846 4559 Kal
2869 4507 2975 4577 γάρ
3019 4505 3192 4575 κηροῦ
3222 4508 3422 4571 παντὸς
3457 4525 3561 4578 μα-

1986 4589 2288 4661 λακώτερος
2318 4590 2347 4642 ό
2379 4588 2637 4650 τοιοῦτος,
2672 4590 2763 4642 καὶ
2795 4589 2958 4643 αὐτοῦ
2998 4588 3093 4643 τοῦ
3123 4590 3263 4643 Κάῖν
3302 4591 3562 4646 ἀθλιώτε-

1990 4692 2079 4746 ρον
2110 4674 2221 4744 βίον
2241 4673 2368 4739 ζών,
2400 4674 2542 4745 ὑπὲρ
2574 4672 2670 4743 μὲν
2707 4666 2781 4726 ὧν
2807 4672 3117 4726 πλεονεκτεῖ
3134 4673 3401 4739 δεδοικὼς,
3421 4676 3562 4749 ὑπὲρ

1985 4758 2043 4812 δὲ
2068 4752 2142 4812 ὧν
2170 4758 2269 4811 οὐκ
2291 4757 2403 4829 ἔχει
2435 4757 2637 4825 ἀλγῶνο
2665 4757 2758 4810 καὶ
2787 4756 2928 4827 ὑπὲρ
2954 4751 3029 4810 ὧν
3061 4757 3172 4827 ἔχει
3209 4760 3429 4830 τρέμων
3463 4762 3565 4815 πά.

1985 4843 2088 4909 λιν,
2113 4844 2208 4897 ἀτε
2232 4842 2507 4913 δραπέτην
2535 4841 2825 4911 ἀγνώμονα
2850 4842 3095 4911 κατέχων
3118 4842 3262 4896 ἔνδον
3289 4844 3378 4896 τὸν
3401 4845 3562 4899 πλοῦ-

1983 4942 2096 4988 τον,
2140 4927 2232 4978 καὶ
2274 4925 2537 4986 ποικίλοις
2569 4925 2681 4978 τισὶ
2719 4926 2813 4978 καὶ
2850 4926 3070 4989 ἀτόποις
3110 4926 3561 4997 πολιορκούμενος

1986 5008 2204 5063 πάθεσι.
2245 5008 2354 5060 Kal
2398 5007 2504 5077 γὰρ
2548 5006 2813 5077 ἐπιθυμία
2844 5010 3044 5071 ἄτοπος
3071 5011 3164 5061 καὶ
3199 5010 3361 5077 φόϐος
3394 5010 3559 5065 πολυ-

1985 5092 2130 5163 ειδὴς
2191 5092 2284 5145 καὶ
2321 5088 2530 5157 ἀγωνία
2580 5090 2671 5141 καὶ
2720 5091 2924 5160 τρόμος
2980 5093 3310 5160 πανταχόθεν
3364 5094 3562 5159 αὐτοὺς

1986 5175 2344 5247 χειμάζουσι·
2399 5171 2493 5224 καὶ
2524 5173 2733 5225 ἐοίκασι
2781 5174 2951 5243 πλοίῳ
3001 5174 3259 5226 πάντοθεν
3299 5176 3563 5241 ἐναντίοις

1986 5262 2208 5330 ἀνέμοις
2261 5255 2622 5326 ἐλαυνομένῳ,
2665 5255 2814 5328 [277]
2857 5258 2950 5310 καὶ
3001 5258 3201 5322 πολλάς
3243 5261 3563 5332 ὑπομένοντι
3638 5305 3643 5308 .

1981 5344 2084 5405 τὰς
2128 5342 2443 5415 τρικυμίας.
2478 5340 2590 5394 Kal
2633 5341 2783 5412 πόσῳ
2829 5341 3034 5411 βέλτιον
3068 5342 3162 5396 τὸν
3191 5345 3431 5399 τοιοῦτον
3461 5346 3565 5399 ἀπ-

1985 5427 2181 5492 ελθεῖν,
2234 5425 2267 5497 ἢ
2320 5426 2540 5496 διηνεκῆ
2599 5425 2784 5496 φέρειν
2831 5427 3106 5497 χειμῶνας
3148 5429 3270 5482 ἐπεὶ
3326 5429 3417 5481 καὶ
3470 5427 3562 5480 τὸν

1986 5511 2127 5564 Κάῖν
2170 5507 2522 5583 ἀνεκτότερον
2554 5503 2622 5580 ἦν
2649 5508 2962 5577 ἀποθανεῖν,
3012 5510 3046 5582 ἢ
3100 5510 3389 5572 διαπαντὸς
3431 5507 3562 5577 τρέ-

1991 5610 2134 5665 μειν.

2053 5775 2081 5817 δ
2102 5774 2221 5833 Alii,
2245 5776 2307 5829 ὡς
2342 5772 2560 5830 ἇττλυος,
2587 5785 2684 5822 non
2712 5773 2857 5822 male.
