3990 6168
417 209 532 271 25⁸1

495 330 592 386 'lv'
611 322 704 383 οῦν
733 326 807 399 μὴ
830 325 924 380 καὶ
947 324 1106 396 ἡμεῖς
1135 321 1662 391 ταῦταπάσχωμεν,
1702 314 2005 386 καταγελά-

430 431 611 485 σωμεν
641 413 741 484 τῆς
764 410 858 466 τοῦ
899 407 1146 461 διαϐόλου
1186 405 1457 478 μηχανῆς,
1495 401 1874 475 διαρῤήξωμεν
1905 401 2006 485 αύ-

427 483 523 552 τοῦ
553 497 622 550 τά
648 483 876 565 σχοινία,
899 489 1244 559 διακόψωμεν
1268 486 1364 541 τοῦ
1397 486 1636 558 χαλεποῦ
1659 485 1884 557 δόρατος
1907 483 2012 554 τὴν

426 582 651 652 αἰχμὴν,
686 577 782 631 καὶ
827 577 1006 628 πᾶσαν
1047 572 1232 641 ἔφοδον
1265 569 1857 652 ἀποτειχίσωμεν.νῖΑν
1898 566 2013 652 γάρ

427 648 728 735 χρημάτων
769 655 1170 727 καταγελάσῃς,
1217 653 1317 706 οὐκ
1347 652 1459 722 ἔχει
1494 650 1597 704 ποῦ
1648 649 1870 722 πλήξαι,
1908 648 2010 702 οὐκ

426 732 538 818 ἔχει
565 745 728 800 πόθεν
751 741 1094 810 ὲπιλάδηται·
1124 739 1223 810 τὴν
1250 737 1357 808 γάρ
1382 736 1536 807 ῥίζαν
1562 736 1876 818 ἀνέσπασας
1901 732 2012 818 τῶν

429 816 632 884 κακῶνο
671 826 825 900 ῥίζης
869 826 924 879 δὲ
965 825 1064 877 οὐκ
1092 821 1279 893 οὔσης,
1318 819 1438 873 οὐδὲ
1476 817 1687 888 καρπὸς
1722 816 2014 900 βλαστήσεῗι

429 913 683 984 πονηρός.
721 911 908 964 Ταῦτα
946 909 1194 978 λέγωμεν
1227 905 1326 972 μὲν
1357 904 1467 970 ἀεὶ,
1519 902 1614 956 καὶ
1652 901 1922 984 λέγοντες
1951 899 2014 984 οὐ

426 982 764 1067 παυῶμεθαο
799 995 848 1048 εἰ
885 993 942 1046 δέ
975 1009 1028 1046 τι
1061 990 1310 1059 λέγοντες
1343 986 1602 1057 ἀνύομεν,
1630 987 1664 1055 ἡ
1693 985 1876 1067 ἡμέρα
1904 982 2014 1036 δεί-

429 1081 510 1147 ξει
550 1065 732 1149 ἐκείνη
772 1079 804 1148 ἡ
833 1078 892 1129 ἐν
917 1074 1052 1145 πυρὶ
1080 1071 1600 1139 ἀποκαλυπτομένη,
1631 1070 1665 1139 ὴ
1699 1067 1759 1120 τὸ
1783 1065 2018 1149 ἑκάστου

429 1162 588 1233 ἔργον
615 1147 1005 1229 δοκιμάζουσα,
1039 1158 1074 1225 ἡ
1109 1154 1208 1217 τάς
1238 1152 1528 1224 λαμπάδας
1556 1150 1878 1233 δεικνύουσα
1908 1147 2007 1233 τὰς

428 1229 688 1315 λαμπράς
735 1242 828 1295 καὶ
857 1241 954 1304 τάς
985 1239 1044 1292 οὐ
1076 1237 1350 1298 τοιαύτας.
1396 1234 1528 1286 Τότε
1558 1232 1654 1286 καὶ
1703 1232 1733 1284 ὁ
1775 1231 1914 1302 έχων
1948 1229 2016 1315 τὸ

427 1313 628 1391 ἔλαιον,
652 1326 747 1379 καὶ
775 1327 803 1378 ὁ
827 1325 902 1394 μὴ
919 1323 1077 1394 ἔχων,
1103 1320 1258 1391 δῆλος
1284 1318 1458 1371 ἐσται.
1500 1315 1658 1369 Ἀλλά
1694 1315 1899 1386 μηδένα
1918 1313 2010 1382 73'-

429 1426 576 1465 νοιτο
599 1410 720 1463 τότε
745 1406 1037 1479 εὑρεθῆναι
1057 1403 1258 1475 ταύτης
1274 1401 1478 1474 ἔρημον
1507 1398 1609 1469 τῆς
1633 1396 2015 1471 παραμυθίας,

1113 205 1172 264 S.
1211 202 1496 262 JOANNIS
1530 193 2024 258 CHRYSOSTOMI
2058 192 2382 252 ARCHIEP.
2426 187 2984 251 CONSTANTINOP.

3560 183 3675 242 25$

2106 313 2243 368 ἀλλά
2292 311 2496 376 πάντας
2538 310 2732 382 δαψιλῆ
2763 307 2860 380 τὴν
2897 302 3302 377 φιλανθρωπίαν
3343 301 3678 374 ἐπιφερομέ-

2105 413 2249 460 νους,
2290 397 2383 449 καὶ
2417 393 2648 466 φαιδράς
2678 393 2901 463 ἔχοντας
2929 391 3028 453 τάς
3044 386 3354 459 λαμπάδας,
3401 383 3679 438 συνεισελ-

2106 477 2218 532 θεῖν
2243 478 2322 549 τῷ
2350 477 2569 548 νυμφίῳ
2586 495 2599 509 ·
2641 476 2717 539 ὡς
2746 475 2898 528 οὐδὲν
2925 475 3024 544 τῆς
3052 473 3240 542 φωνῆς
3262 468 3476 540 ἐκείνης
3517 469 3684 538 φοϐε-

2111 562 2244 632 ρὼτε
2255 579 2344 632 ρον
2373 560 2470 614 καὶ¹
2505 559 2908 630 ὀδυνηρότερον,
2942 556 3008 626 ἢν
3030 556 3087 608 οίθ
3117 552 3284 628 χωρὶς
3312 549 3688 621 ἐλεημοσύνης

2107 631 2364 712 δαψιλοῦς
2392 642 2645 704 ἀπιόντες
2687 640 2811 693 τότε
2843 637 3164 694 ἀκούσονται
3201 634 3293 688 τοῦ
3321 633 3559 704 νυμφίου
3589 631 3680 686 λέ-

2111 742 2318 796 γοντος,
2374 728 2496 780 Οὐκ
2549 721 2682 778 οἶδα
2734 722 2911 792 ὑμᾶς.
2981 720 3139 774 Ἀλλά
3205 719 3417 789 μήποτε
3477 714 3690 788 ταύτης

2110 808 2446 878 ἀκούσαιμεν
2491 805 2592 876 τῆς
2643 805 2848 875 φωνῆς,
2899 803 3034 858 ἀλλὰ
3076 803 3174 872 τῆς
3207 801 3430 872 ἡδίστης
3471 798 3692 869 ἐκείνης

2111 896 2207 946 καὶ
2238 889 2642 959 ποθεινοτάτης,
2690 889 2886 952 Δεῦτε,
2917 891 2969 941 οἱ
2998 883 3390 955 εὐλογημένοι
3431 882 3538 936 τοῦ
3563 885 3684 935 Πα-

2113 977 2255 1044 τρός
2301 993 2445 1045 μου,
2508 970 3002 1043 κληρονομήσατε
3060 968 3176 1037 τὴν
3236 966 3697 1037 ἡτοιμασμένην

2112 1059 2255 1128 ὑμῖν
2290 1057 2620 1124 ,βασιλείαν
2669 1055 2788 1110 ἀπὸ
2851 1051 3193 1120 καταϐολῆς
3239 1053 3492 1121 κόσμου.
3528 1047 3697 1104 Οὕτω

2110 1143 2219 1213 7&9
2281 1141 2375 1195 καὶ
2433 1141 2526 1193 τὸν
2577 1139 2847 1210 μακάρων
2897 1135 3171 1208 ζ-ησόμεθα
3231 1134 3366 1205 βίον,
3418 1134 3510 1187 καὶ
3574 1133 3694 1186 τῶν

2110 1223 2330 1294 ἀγαθῶν
2377 1220 2800 1292 ἀπολαυσόμεθα
2850 1218 3067 1273 πάντων
3093 1217 3200 1272 τῶν
3229 1217 3324 1270 καὶ
3355 1216 3476 1270 νοῦν
3510 1217 3693 1287 ὑπερ-

2112 1308 2403 1362 ϐαινόντων
2454 1303 2815 1376 ἀνθρώπινον·
2878 1296 2952 1355 ὧν
3005 1302 3213 1370 γένοιτο
3269 1300 3476 1363 πάντας
3537 1301 3695 1372 ἡμᾶς.

2114 1392 2410 1462 ἐπιτυχεῖν,
2441 1388 2625 1459 χάριτι
2649 1387 2744 1440 καὶ
2777 1384 3176 1456 φιλανθρωπίᾳ,
3201 1383 3297 1438 καὶ
3327 1384 3396 1438 τά
3429 1382 3577 1454 ἑξῆς.

441 1553 3654 1600 ________________.______________———————————

1876 1721 2119 1777 OMIAIA
2154 1715 2284 1778 AA'.

428 1868 516 1922 οὐ
531 1865 780 1920 δύναται
802 1862 870 1917 δὲ
894 1864 928 1918 ό
949 1861 1258 1932 ὀφθαλμὸς
1281 1859 1471 1918 εἰπεῖν
1495 1857 1570 1928 τῇ
1596 1857 1771 1932 χειρί,
1791 1859 2011 1932 Χρείαν

497 1937 775 2012 σουρὺκ
805 1935 953 2012 ἔχω’
983 1926 1052 2012 ίῆ
1091 1926 1279 2012 πάλιν
1331 1933 1370 2001 ἠ
1401 1926 1635 2000 κεφαλῆ
1675 1927 1799 1995 τοῖς
1839 1926 2011 1993 ποσί,

499 2006 718 2076 Χρείαν
747 2002 916 2074 ὑμῶν
944 2004 1058 2058 οὐκ
1087 2002 1229 2073 ἔχω.

500 2152 537 2188 α
557 2173 571 2188 .
590 2130 964 2193 Καταστείλας
984 2128 1094 2183 τῶν
1122 2126 1420 2180 ἐλαττόνων
1437 2125 1529 2180 τὸν
1554 2123 1768 2194 φθόνον,
1798 2121 1894 2176 καὶ
1917 2119 2016 2192 τὴν

429 2217 670 2289 ἀθυμίαν
692 2213 870 2268 αὐτῶν
905 2211 1126 2277 ἐξελὼν,
1151 2210 1218 2280 ἢν
1246 2209 1392 2272 εἰκὸς
1419 2208 1564 2280 ἔχειν
1586 2207 1783 2269 αὐτοὺς
1817 2207 1882 2259 ἐκ
1918 2203 2014 2289 τοῦ

436 2287 699 2372 μειζόνων
724 2296 945 2366 ἐτέρους
970 2291 1345 2364 κατηξιῶσθαι
1364 2290 1746 2363 χαρισμάτων,
1767 2287 2018 2372 ταπεινοῖ

433 2371 530 2438 καὶ
562 2380 766 2435 τούτων
787 2379 878 2433 τὸν
897 2377 1066 2447 τῦφον
1093 2375 1202 2428 τῶν
1231 2374 1301 2428 τά
1337 2374 1559 2445 μείζονα
1586 2371 1887 2443 εἰληφότων
1911 2387 2015 2441 χα-

436 2467 679 2537 ρίσματα
699 2478 714 2494 ο
748 2462 984 2534 ποιήσας
1016 2459 1116 2531 μὲν
1141 2458 1273 2512 αὐτὸ
1293 2457 1387 2511 καὶ
1413 2457 1471 2510 ἐν
1501 2451 1582 2520 οἷς
1612 2455 1749 2527 πρὸς
1775 2452 2018 2537 ἐκείνους

431 2536 704 2615 διελέγετο
739 2544 832 2617 (τὸ
863 2543 972 2614 7&9
1009 2541 1210 2612 λέγειν,
1252 2541 1337 2594 ὃτι
1370 2539 1619 2612 χάρισμά
1650 2539 1787 2599 ἐστι,
1816 2536 1912 2590 καὶ
1952 2536 2014 2589 οὐ

433 2632 790 2704 κατόρθωμα,
818 2629 978 2684 τοῦτο
1005 2625 1360 2698 ἐμφαίνοντος
1385 2622 1508 2697 ἦν)·
1532 2623 1652 2678 νυν).
1678 2621 1737 2674 δὲ
1763 2621 1897 2674 αὐτὸ
1919 2619 2018 2674 καὶ¹

436 2716 797 2788 σφοδρότερον
823 2713 988 2768 πάλιν
1018 2713 1182 2777 ποιεῖ,
1217 2711 1310 2764 ἐπὶ
1335 2710 1436 2780 τῆς
1464 2707 1636 2778 αὐτῆς
1669 2707 1846 2778 μένων
1869 2704 2018 2759 είκό-

433 2819 544 2864 νος.
589 2797 724 2852 Ἀπὸ
749 2799 858 2869 7&9
898 2795 994 2848 τοῦ
1051 2793 1305 2866 σώματος
1343 2792 1531 2846 λοιπὸν
1560 2791 1778 2861 καὶτῆς
1805 2788 2018 2842 ἐκεῖθεν

435 2884 690 2954 ἐνότητος
715 2880 802 2933 ἐπ’
833 2878 1003 2950 αὐτὴν
1030 2875 1141 2930 τῶν
1172 2875 1350 2946 μελῶν
1372 2877 1542 2946 χωρεῖ
1567 2873 1667 2944 τὴν
1691 2872 1979 2954 σύγκρισιν
1999 2885 2014 2901 ·

432 2968 464 3022 δ
497 2953 729 3037 μάλιστα
757 2963 981 3034 ἐζήτουν
1009 2962 1205 3014 ἐκεῖνοι
1230 2959 1422 3030 μαθεῖν
1439 2972 1454 2989 ·
1496 2955 1685 3026 ἐπειδὴ
1721 2954 1818 3025 οὐχ
1845 2953 2018 3016 οὕτως

438 3036 625 3104 ἱκανὸν
645 3045 712 3119 ἦν
733 3047 928 3108 αὐτοὺς
950 3040 1456 3114 παραμυθήσασθαι
1473 3039 1534 3093 τὸ
1553 3040 1760 3119 πάντας
1777 3037 1834 3091 ἓν
1858 3036 2016 3119 σῶμα

435 3131 597 3199 εἷναι,
623 3117 698 3195 ὡς
717 3129 780 3183 τὸ
811 3127 1002 3199 μαθεῖν
1025 3126 1107 3179 ὅτι
1133 3124 1228 3178 καὶ
1249 3125 1308 3176 ἐν
1333 3123 1538 3186 αὐτοῖς,
1568 3117 1650 3184 οἷς
1677 3117 1838 3191 εἶχον,
1865 3118 2016 3173 οὐδὲν

440 3217 584 3288 μέγα
633 3209 981 3284 ἠλαττοῦντο.
1031 3207 1139 3261 Καί
1195 3222 1392 3276 φησιν⁹
1439 3207 1524 3259 Οὺ
1582 3205 1834 3288 δύναται
1867 3201 1936 3288 δὲ
1983 3204 2017 3256 ό

437 3285 746 3368 οφθαλμὸς
777 3291 970 3347 εἰπεῖν
996 3289 1069 3360 τῇ
1105 3289 1276 3359 χειρί,
1311 3288 1530 3358 Χρείαν
1578 3301 1694 3341 σου
1724 3287 1837 3340 οὐκ
1865 3285 2015 3352 ἔχω·

436 3382 475 3451 ἢ
505 3380 692 3434 πάλιν
720 3379 759 3446 ἡ
794 3373 945 3450 [278]
979 3372 1215 3444 κεφαλὴ
1243 3371 1370 3439 τοῖς
1399 3370 1568 3434 ποσὶ,
1599 3369 1816 3438 Χρείαν
1851 3369 2019 3438 ὑμῶν

437 3468 551 3520 οὐκ
576 3465 713 3533 ἔχω.
735 3462 798 3515 Et
824 3460 934 3532 7&9
955 3459 1048 3513 καὶ
1069 3457 1289 3511 ἔλαττον
1320 3456 1383 3509 τὸ
1412 3456 1679 3525 χάρισμα,
1698 3452 1812 3506 ἀλλ’
1844 3453 2017 3520 ἀναγ-

434 3551 620 3604 καῖον·
654 3546 750 3601 καὶ
806 3545 996 3616 ῶσπερ
1039 3541 1140 3595 οὐκ
1187 3541 1339 3603 δντος
1385 3537 1596 3591 ἐκείνου
1641 3535 1815 3589 πολλὰ
1845 3537 2018 3605 ἐμπο-

433 3631 661 3696 δίζεται,
693 3627 837 3683 οὕτω
866 3628 960 3680 καὶ
988 3625 1180 3678 τούτου
1208 3623 1377 3694 χωρὶς
1403 3620 1630 3692 χωλεύει
1657 3619 1719 3672 τὸ
1745 3618 2019 3689 πλήρωμα

434 3717 534 3784 τῆς
577 3710 924 3782 Ἐκκλησίας.
961 3709 1073 3761 Καὶ
1098 3707 1200 3760 οὐκ
1227 3702 1402 3770 εἶπεν,
1432 3704 1546 3757 Ούκ
1591 3704 1728 3772 ἐρεῖ,
1767 3700 1882 3756 ἀλλ’
1911 3701 2018 3765 ὅτι,

429 3800 517 3851 οὐ
547 3797 799 3849 δύναται
830 3790 1041 3846 εἰπεῖν.
1076 3790 1243 3842 ’Ὥστε
1270 3788 1375 3841 κᾶν
1405 3787 1554 3859 θέλῃ,
1592 3785 1694 3840 κᾶν
1723 3785 1877 3856 λέγῃ,
1919 3784 2020 3838 οὐκ

436 3879 735 3948 ἐνδέχεται,
762 3875 882 3928 οὺδέ
911 3873 1023 3944 ἔχει
1047 3873 1110 3925 τὸ
1134 3872 1371 3943 πρᾶγμα
1400 3869 1498 3940 τὴν
1527 3869 1710 3939 φύσιν.
1736 3868 1835 3922 Διά
1861 3867 2021 3920 τοῦτο

436 3960 620 4015 λαϐὼν
669 3958 911 4028 ἑκάτερα
955 3954 1028 4008 τά
1074 3955 1242 4024 ἄκρα,
1283 3954 1342 4006 ὲν
1389 3952 1572 4014 αὐτοῖς
1609 3951 1878 4021 γυμνάζει
1925 3949 2018 4004 τὸν

438 4045 619 4112 λόγον,
658 4041 876 4114 πρῶτον
908 4039 1007 4110 μὲν
1058 4038 1152 4091 ἐπὶ
1201 4036 1382 4108 χειρὸς
1431 4036 1526 4088 καὶ
1563 4032 1865 4104 ὀφθαλμοῦ,
1899 4031 2020 4086 δεύ-

437 4144 597 4199 τερον
647 4126 705 4180 δὲ
740 4125 832 4178 ἐπὶ
863 4121 1105 4191 κεφαλῆς
1143 4121 1240 4174 καὶ
1293 4118 1492 4184 ποδῶν,
1523 4117 1701 4182 αὔξων
1730 4117 1792 4169 τὺ
1837 4116 2019 4199 παρά-

434 4198 656 4281 δειγμα.
694 4206 760 4260 Τί
810 4205 920 4278 γάρ
967 4203 1128 4266 ποδὸς
1165 4201 1564 4273 εὐτελέστερον,
1600 4199 1633 4270 ἢ
1685 4199 1739 4252 τί
1774 4198 2020 4269 κεφαλῆς

435 4293 766 4366 τιμιώτερον
813 4291 911 4344 καὶ
944 4286 1403 4358 ἀναγκαιότερον;
1449 4283 1607 4338 τοῦτο
1643 4282 1752 4354 7&9
1784 4282 2019 4353 μάλιστά

439 4382 589 4433 ἐστιν
620 4376 928 4446 ἄνθρωπος,
958 4373 992 4442 ἡ
1041 4369 1271 4441 κεφαλή.
1340 4369 1480 4425 Ἀλλ’
1532 4369 1681 4440 ὅμως
1727 4368 1828 4422 οὐκ
1869 4367 2018 4421 ἐστιν

438 4463 743 4533 αὐτάρκης,
780 4457 900 4510 οὐδὲ
932 4455 1001 4509 τὰ
1033 4456 1210 4511 πάντα
1261 4454 1399 4524 αὐτὴ
1445 4451 1649 4506 δύναιτ’
1693 4451 1762 4506 ἂν
1790 4450 1976 4505 ἀνύειν
1996 4465 2012 4480 ’

439 4545 562 4597 ἐπεὶ
585 4546 634 4596 τί
655 4541 814 4596 τοῦτο
832 4536 921 4609 ἦν,
946 4535 1218 4608 περιττῶς
1239 4537 1370 4606 ἡμῖν
1389 4536 1438 4587 οἱ
1466 4533 1622 4596 πόδες
1642 4533 2014 4604 προσέκειντο.

440 4626 555 4682 Καὶ
582 4625 702 4679 οὐδὲ
729 4623 861 4693 ἔστη
897 4621 1060 4692 μέχρι
1088 4618 1306 4681 τούτου,
1336 4615 1474 4670 ἀλλά
1505 4617 1598 4669 καὶ
1629 4617 1820 4686 ἑτέραν
1847 4617 2018 4687 ὑπερ-

443 4706 605 4777 ϐολὴν
631 4705 812 4776 ζητεῖ·
844 4704 982 4774 ὅπερ
1018 4704 1108 4756 ἀεὶ
1147 4702 1314 4764 ποιεῖ,
1344 4699 1407 4752 ού
1450 4699 1613 4769 μέχρι
1651 4698 1746 4751 τοῦ
1781 4699 1896 4754 ῐσου
1929 4715 2020 4766 φι-

443 4788 726 4853 λονεικῶν,
759 4785 898 4840 ἀλλά
930 4785 1024 4838 καὶ
1062 4781 1373 4854 περαιτέρω
1421 4780 1749 4852 προὸαίνων.
1783 4780 1876 4833 Διὸ
1923 4782 2019 4834 καὶ⁵

441 4872 638 4941 ἐπάγει
666 4870 842 4939 λέγων
859 4882 875 4897 ⁸
922 4865 1097 4921 Ἀλλά
1127 4863 1336 4931 πολλῷ
1359 4863 1602 4935 μᾶλλον
1626 4863 1699 4917 τὰ
1723 4861 2019 4918 δοκοῦντα

438 4956 594 5026 μέλη
617 4953 723 5008 τοῦ
749 4951 1021 5022 σώματος
1053 4949 1460 5016 ἀσθενέστερα
1490 4946 1802 5016 ὑπάρχειν,
1831 4947 2017 5017 ἀνατ-

442 5038 581 5092 καῖά
613 5038 742 5091 ἐστι
764 5054 778 5068 ·
817 5033 917 5089 καί
949 5031 989 5088 ἆ
1027 5030 1328 5100 δοκοῦμεν
1369 5032 1682 5101 ἀτιμότερα
1720 5027 1873 5086 εἶναι
1908 5030 2017 5086 τοῦ

443 5120 737 5188 σώματος,
797 5120 1030 5184 τούτοις
1079 5113 1262 5185 τιμὴν
1310 5113 1747 5184 περισσοτέραν
1801 5113 2018 5182 περιτί-

445 5207 622 5272 θεμεν
640 5213 666 5242 ι
688 5219 702 5232 ·
727 5201 825 5254 καὶ
851 5199 1208 5270 τάσχήμονα
1228 5197 1398 5268 ἡμῶν
1415 5198 1890 5266 εὐσχημοσύνην
1915 5212 2017 5251 πε-

443 5285 804 5357 ρισσοτέραν
839 5285 963 5353 ἔχει
983 5303 996 5318 ο
1034 5281 1312 5352 πανταχοῦ
1338 5281 1436 5352 τὴν
1451 5281 1546 5335 τοῦ
1572 5281 1823 5352 σώματος
1844 5297 2015 5352 προσ-

445 5371 620 5442 θήκην
657 5366 849 5429 τιθεὶς,
884 5368 978 5419 καὶ
1009 5365 1181 5435 ταύτῃ
1226 5365 1474 5418 κάκεῖνον
1523 5362 2014 5435 παραμυθούμενος

445 5457 542 5511 καὶ
577 5452 766 5508 τοῦτον
796 5448 1196 5506 καταστέλλων.
1229 5449 1303 5501 Οὐ
1327 5446 1438 5519 7&9
1464 5447 1620 5502 τοῦτο
1638 5448 1802 5517 λέγω,
1827 5447 2012 5518 φησιν,

510 5678 533 5706 ⁸
558 5670 710 5736 ﬂarg.
743 5668 916 5733 Savil.,
938 5668 1186 5730 ἐντίθεμιν.

2116 1855 2201 1908 ὅτι
2230 1853 2293 1907 ού
2329 1851 2490 1923 μόνον
2509 1847 2700 1920 χρείαν
2723 1847 2836 1918 ἔχει
2863 1845 2934 1901 τά
2969 1843 3191 1916 μείζονα
3213 1843 3324 1898 τῶν
3359 1841 3695 1909 ἐλαττόνων,

2111 1937 2226 1991 ἀλλ’
2255 1937 2336 1990 ὃτι
2371 1933 2469 1988 καὶ
2501 1931 2701 2002 πολλὴν
2747 1929 2937 2001 χρείαν
2968 1928 3101 2000 ἔχει.
3136 1926 3205 1981 El
3228 1945 3281 1981 τι
3313 1927 3423 1999 γὰρ
3459 1925 3692 1991 ἀσθενὲς

2111 2021 2172 2075 ἐν
2209 2022 2366 2092 ἡμῖν,
2405 2018 2461 2072 εῐ
2483 2034 2537 2072 τι
2563 2017 2776 2087 ἄτιμον,
2805 2013 2964 2068 τοῦτο
3007 2012 3104 2066 καὶ
3137 2013 3432 2092 ἀναγκαῖον
3479 2009 3576 2064 καὶ
3601 2025 3690 2062 τι·

2116 2089 2535 2175 μήςμάπολαύει
2591 2098 2855 2170 μείζονος.
2902 2095 3015 2150 Καὶ
3040 2094 3219 2158 καλῶς
3272 2089 3415 2156 εἷπε,
3471 2093 3551 2175 Τὰ
3590 2092 3696 2175 δο-

2116 2174 2360 2247 κοῦντα,
2400 2183 2516 2247 καὶ,
2568 2183 2630 2236 Ἀ
2662 2178 2977 2250 δοκοῦμεν,
3001 2178 3212 2242 δεικνὺς
3243 2177 3325 2231 ὅτι
3357 2176 3418 2230 οὐ
3452 2174 3553 2247 τῆς
3586 2174 3693 2244 φύ-

2115 2285 2252 2330 σεως
2275 2265 2383 2320 τῶν
2412 2265 2774 2337 πραγμάτων,
2796 2262 2935 2317 ἀλλά
2953 2262 3052 2333 τῆς
3075 2260 3184 2314 τῶν
3209 2259 3420 2313 πολλῶν
3439 2257 3695 2320 ὑπονοίας

2113 2351 2148 2423 ἡ
2171 2351 2372 2420 ψῆφος.
2404 2348 2570 2402 Οὐδὲν
2605 2347 2713 2421 γάρ
2745 2349 2803 2400 ἐν
2831 2348 2966 2418 ἡμῖν
2988 2346 3183 2414 ἄτιμον
3200 2359 3213 2372 ·
3237 2341 3372 2397 Θεοῦ
3398 2341 3510 2413 7&9
3537 2340 3701 2412 ἔργον

2117 2433 2256 2488 ἐστί.
2288 2432 2356 2486 Τί
2383 2431 2494 2502 7&9
2520 2430 2630 2485 τῶν
2655 2429 2861 2502 μορίων
2884 2427 2994 2484 τῶν
3012 2425 3345 2498 γεννητικῶν
3372 2423 3698 2495 ἀτιμότερον

2109 2517 2177 2570 ἐν
2205 2517 2338 2587 ἡμῖν
2382 2509 2522 2568 εἶναι
2553 2515 2730 2581 δοκεῖς
2776 2511 2915 2568 Ἀλλ’
2967 2512 3117 2582 ὅμως
3151 2507 3395 2572 πλείονος
3433 2505 3704 2560 ἀπολαύει

2112 2599 2282 2670 τιμῆς
2301 2615 2316 2630 ·
2346 2598 2444 2653 καὶ
2479 2599 2530 2652 οἱ
2559 2597 2765 2668 σφόδρα
2792 2597 3025 2667 πένητες
3053 2592 3156 2647 κᾶν
3185 2591 3247 2645 τὸ
3272 2589 3460 2644 λοιπὸν
3487 2588 3709 2660 γυμνὸν

2117 2682 2285 2753 ἔχωσι
2302 2683 2484 2753 σῶμα,
2509 2681 2610 2735 οὐκ
2634 2681 2700 2736 ἂν
2718 2679 3040 2750 ἀνάσχοιντο
3061 2677 3246 2731 ἐκεῖνα
3269 2674 3337 2729 τά
3367 2673 3504 2745 μέλη
3525 2673 3701 2740 δεῖξαι

2115 2764 2319 2836 γυμνά.
2371 2764 2566 2819 Καίτοι
2595 2780 2662 2833 γε
2708 2763 2808 2833 οὐχ
2859 2759 2998 2831 αὕτη
3049 2758 3161 2812 τῶν
3203 2757 3417 2827 ἀτίμων
3450 2758 3488 2827 ἡ
3519 2755 3704 2821 τάξις,

2117 2849 2256 2905 ἀλλά
2299 2848 2498 2919 μᾶλλον
2539 2847 2650 2902 τῶν
2685 2846 2861 2902 ἀλλων
2910 2840 3369 2914 καταφρονεῖσθαι
3409 2838 3542 2894 ἔδει.
3593 2841 3706 2893 Καὶ

2117 2932 2226 3005 γάρ
2277 2932 2336 2986 ἐν
2367 2930 2545 3004 οἰκείᾳ
2584 2930 2613 2984 ό
2649 2928 2994 3000 ἠτιμωμένος
3035 2926 3252 2996 οἰκέτης
3295 2923 3356 2977 οὐ
3414 2923 3575 2994 μόνον
3599 2923 3706 2978 οὐκ

2118 3007 2381 3070 ἀπολαύει
2433 3013 2676 3078 πλείονος
2705 3012 3020 3084 θεραπείας,
3070 3008 3188 3065 ἀλλ’
3216 3006 3338 3062 ούδέ
3375 3005 3489 3060 τῶν
3518 3006 3710 3062 αὐτῶν

2119 3097 2390 3165 ἀξιοῦταιζ
2436 3098 2599 3150 Ὥστε
2645 3097 2694 3150 εἰ
2726 3097 2823 3149 καὶ
2869 3094 3030 3149 τοῦτο
3055 3093 3249 3163 ἄτιμον
3295 3085 3384 3162 ἦν,
3435 3089 3500 3142 οὐ
3537 3089 3709 3160 μόνον

2121 3182 2385 3252 μειζόνων
2418 3181 2711 3234 ἀπολαύειν
2739 3179 2839 3233 οὐκ
2870 3177 2999 3242 ἔδει,
3033 3175 3146 3230 ἀλλ’
3176 3173 3298 3228 οὐδὲ
3336 3173 3448 3227 τῶν
3479 3173 3704 3227 αὐτῶν

2117 3267 2236 3320 νυνὶ
2265 3265 2322 3319 δὲ
2359 3264 2600 3328 πλείονος
2630 3262 2892 3317 ἀπολαύει
2929 3261 3119 3331 τιμῆς,
3164 3258 3260 3313 καὶ
3287 3255 3445 3311 τοῦτο
3471 3258 3573 3327 τῆς
3603 3256 3704 3311 τοῦ

2119 3348 2259 3403 Θεοῦ
2290 3347 2480 3418 σοφίας
2508 3348 2911 3420 ἐργασαμένης.
2941 3345 3066 3408 Τοῖς
3095 3343 3194 3415 μέν
3220 3340 3328 3412 7&9
3355 3341 3416 3394 ἐν
3437 3342 3508 3412 τῇ
3536 3340 3706 3411 φύσει

2119 3432 2182 3486 τὸ
2219 3431 2294 3502 μὴ
2321 3432 2530 3485 δεῖσθαι
2578 3431 2744 3484 ἔδωκε
2766 3446 2782 3462 ο
2816 3431 2929 3493 τοῖς
2960 3427 3038 3494 δέ,
3079 3426 3267 3494 ἐπειδὴ
3307 3427 3366 3479 ἐν
3411 3427 3481 3496 τῇ
3535 3423 3700 3493 φύσει

2118 3516 2220 3569 ούκ
2249 3515 2470 3581 ἔδωκεν,
2505 3515 2653 3586 ἡμᾶς
2679 3512 2937 3584 παρέχειν
2977 3510 3307 3581 ἠνάγκασεν.
3348 3507 3495 3561 Ἀλλ’
3516 3507 3581 3560 ού
3610 3505 3709 3560 διάτ

2122 3597 2284 3652 τοῦτο
2313 3598 2482 3669 ἄτιμα
2501 3615 2515 3628 ·
2546 3597 2667 3650 ἐπεὶ
2695 3595 2791 3651 καὶ
2821 3595 2889 3648 τὰ
2919 3594 3036 3657 ζῶα
3073 3596 3130 3647 ἐν
3156 3595 3224 3664 τῇ
3258 3590 3417 3662 φύσει
3447 3589 3509 3644 τδ
3541 3592 3702 3644 ἀνεν-

2117 3682 2236 3746 δεές
2265 3681 2400 3753 ἔχει,
2431 3681 2526 3735 καὶ
2541 3680 2666 3734 οὒτε
2699 3679 2932 3750 ἱματίων
2947 3678 3140 3744 δεῖται,
3156 3677 3282 3730 οὔτε
3305 3675 3704 3747 ὑποδημάτων,

2117 3764 2244 3819 οὔτε
2296 3767 2519 3836 ὀρόφου,
2552 3764 2622 3818 τὰ
2653 3763 2872 3818 πλείονα
2919 3761 3124 3816 αὐτῶνθ
3163 3761 3276 3815 ἀλλ’
3310 3760 3374 3814 ού
3417 3759 3507 3813 διὰ
3535 3757 3704 3812 τοῦτο

2119 3849 2442 3920 ἀτιμότερον
2499 3847 2677 3900 αὐτῶν
2729 3848 2789 3900 τὸ
2839 3846 2998 3917 σῶμα
3057 3845 3118 3900 τὺ
3165 3846 3466 3918 ἡμέτερον,
3507 3845 3706 3919 ἐπειδὴ

2119 3929 2338 3984 πάντων
2362 3929 2531 3982 δεῖται
2568 3927 2792 3986 τούτων.
2823 3929 2934 3982 Καὶ
2967 3928 3077 4000 γὰρ
3113 3931 3166 3983 εῐ
3185 3947 3268 3994 τις
3300 3931 3546 4004 ἀκριϐῶς
3581 3931 3698 3998 ἐξε-

2117 4013 2326 4076 τάσειε,
2370 4013 2465 4066 καὶ
2510 4013 2644 4084 αὐτῇ
2675 4016 2742 4086 τῇ
2793 4013 2952 4082 φύσει
2996 4013 3154 4084 τίμιά
3182 4031 3241 4067 τε
3273 4013 3368 4068 καὶ
3420 4014 3699 4084 ἀναγκαῖά

2119 4098 2265 4150 ἐστιν
2284 4113 2298 4129 θ
2323 4097 2352 4150 δ
2372 4095 2436 4166 δὴ
2464 4097 2558 4149 καὶ
2586 4097 2749 4160 αὐτὸς
2773 4096 3012 4166 ᾐνίξατο,
3040 4096 3139 4149 οὐκ
3157 4097 3265 4150 ἀπὸ
3287 4097 3388 4166 τῆς
3418 4098 3697 4168 ἡμετέρας

2122 4180 2274 4254 [ἳ79]
2312 4180 2630 4252 ἐπιμελείας
2657 4181 2750 4234 καὶ
2777 4177 2870 4233 τοῦ
2906 4179 3149 4243 πλείονος
3177 4179 3472 4234 ἀπολαύειν
3505 4181 3694 4252 τιμῆς.

2118 4263 2256 4318 ἀλλὰ
2299 4265 2394 4318 καὶ
2439 4262 2548 4318 ἀπὸ
2589 4263 2688 4332 τῆς
2734 4262 2844 4316 τῶν
2882 4261 3223 4333 πραγμάτων
3265 4263 3480 4332 φύσεως
3509 4264 3694 4327 αὐτοῖς

2119 4345 2518 4418 ψηφισάμενος.
2547 4345 2659 4411 Διὸ,
2690 4345 2818 4399 ὅταν
2850 4344 2949 4416 μὲν
2981 4344 3183 4416 ἀσθενῆ
3216 4344 3349 4418 λέγῃ
3376 4344 3470 4398 καὶ
3497 4346 3693 4416 ἄτιμα,

2127 4431 2204 4485 Τὰ
2226 4430 2524 4485 δοκοῦντα
2549 4428 2699 4498 λέγει
2718 4443 2732 4458 ·
2762 4430 2891 4483 ὅταν
2917 4429 2974 4482 δὲ
3001 4430 3298 4497 ἀναγκαῖα,
3322 4429 3504 4483 οὐκέτι
3527 4445 3698 4501 προσ-

2117 4514 2320 4585 τίθησι,
2349 4511 2425 4567 Τὰ
2449 4511 2768 4578 δοκοῦντα,
2794 4511 2908 4565 ἀλλ’
2929 4512 3090 4576 αὐτὸς
3111 4511 3473 4581 ἀποφαίνεται·
3494 4511 3693 4581 λέγων,

2116 4598 2200 4650 ὅτι
2228 4594 2503 4664 ἀναγκαῖά
2534 4594 2652 4647 ἐστι
2671 4611 2684 4625 ·
2716 4597 2811 4648 καὶ
2839 4595 2981 4666 μάλα
3013 4595 3257 4659 εἰκότως.
3287 4595 3398 4648 Καὶ
3423 4594 3535 4668 γάρ
3556 4595 3693 4666 πρὸς

2118 4676 2460 4732 παιδοποιίαν
2491 4677 2584 4730 καὶ
2613 4676 2711 4748 τὴν
2739 4675 2832 4730 τοῦ
2862 4677 3051 4746 γένους
3086 4679 3118 4745 ἡ
3128 4678 3244 4748 μῶν
3273 4675 3524 4748 διαδοχὴν
3556 4677 3695 4749 χρή-

2119 4777 2272 4832 σιμα.
2322 4760 2422 4813 Διά
2472 4760 2630 4814 τοῦτο
2677 4760 2775 4814 καὶ
2826 4760 2876 4813 οί
2904 4759 3192 4832 νομοθέται
3228 4759 3518 4829 Ῥωμαίων
3566 4761 3696 4826 τοὺς

2116 4844 2288 4898 ταῦτα
2318 4843 2830 4915 ἀκρωτηριάζοντας
2861 4842 2931 4896 τά
2975 4842 3111 4915 μέλη
3157 4843 3252 4896 καὶ
3281 4842 3572 4908 ποιοῦντας
3599 4843 3693 4896 εύ-

2117 4927 2338 4999 νούχους
2381 4924 2721 4991 κολάζουσιν,
2754 4925 2849 4980 ἀτε
2875 4923 2954 4997 τῷ
2985 4924 3149 4996 κοινῷ
3180 4925 3328 4994 γένει
3356 4925 3693 4997 λυμαινομέ-

2116 5027 2261 5078 νους,
2293 5011 2387 5065 καὶ
2419 5009 2557 5082 αὐτῇ
2605 5007 3010 5082 ἐπηρεάζοντας
3041 5011 3108 5080 τῇ
3155 5009 3336 5078 φύσει.
3379 5008 3520 5062 Ἀλλ’
3552 5010 3692 5063 ἀπό-

2115 5093 2292 5148 λοιντο
2321 5095 2372 5148 οἱ
2412 5093 2724 5158 ἀκόλαστοι,
2759 5095 2808 5146 οἱ
2833 5091 2927 5145 τοῦ
2958 5091 3094 5145 Θεοῦ
3129 5093 3201 5146 τὰ
3231 5093 3693 5163 δημιουργήματα

2117 5176 2514 5240 διαϐάλλοντες.
2561 5176 2771 5245 Ὠσπερ
2798 5176 2908 5247 γὰρ
2947 5174 3025 5247 τῷ
3052 5177 3180 5248 οἴνῳ
3225 5176 3411 5230 πολλοὶ⁸
3444 5175 3535 5230 διά
3564 5177 3692 5241 τοὺς

2118 5257 2418 5329 μεθύοντας
2442 5258 2842 5329 κατηράσαντο,
2874 5257 2971 5312 καὶ
2989 5261 3054 5329 τῇ
3085 5257 3246 5328 φύσει
3271 5258 3380 5313 τῶν
3412 5258 3693 5327 γυναικῶν

2113 5340 2202 5394 διὰ
2234 5341 2332 5402 τὰς
2368 5342 2756 5411 μοιχευομένας
2777 5356 2790 5371 ⁸
2822 5339 2964 5394 οὕτω
2997 5342 3093 5394 καὶ
3121 5342 3190 5396 τά
3231 5342 3366 5414 μέλη
3402 5341 3578 5395 ταῦτα
3609 5341 3694 5394 alo

2115 5424 2256 5496 σχρά
2298 5422 2438 5478 εἶναι
2483 5424 2735 5494 ἐνόμισαν
2781 5424 2870 5479 διά
2909 5426 3037 5488 τοὺς
3091 5425 3192 5479 οὐκ
3222 5429 3302 5490 είς
3337 5425 3456 5479 δέον
3504 5427 3694 5489 αὐτοῖς

2113 5505 2451 5576 χρωμένους.
2499 5506 2638 5559 Ἀλλ’
2676 5507 2777 5560 οὐκ
2805 5507 3008 5580 ἐχρῆν
3059 5508 3118 5560 ού
3165 5508 3273 5579 7&9
3302 5511 3366 5578 τῇ
3400 5506 3564 5576 φύσει
3597 5509 3693 5562 τοῦ

2112 5589 2440 5658 πράγματος
2471 5590 2504 5660 ἡ
2542 5589 2782 5660 ἁμαρτία
2815 5589 3286 5661 συγκεκλήρωται,
3321 5590 3438 5644 ἀλλ’
3464 5591 3575 5644 ἀπὸ
3593 5591 3693 5662 τῆς

2115 5670 2486 5739 προαιρέσεως
2504 5672 2746 5728 τίκτεται
2767 5672 2863 5727 τοῦ
2884 5672 3186 5745 τολμῶντος
3204 5673 3264 5727 τὸ
3285 5673 3691 5742 πλημμέλημα.
