3990 6168
283 289 394 347 257

358 401 607 461 Pecunia
653 403 967 474 spernenda.
990 425 1062 444 -
1087 398 1166 456 Ne
1198 414 1328 472 ergo
1365 414 1464 455 nos
1487 412 1698 470 quoque
1738 395 1866 454 talia

279 497 575 564 patiamur,
609 492 806 550 diaboli
848 490 1120 548 machinas
1166 491 1506 558 irrideamus,
1554 490 1671 560 ejus
1711 489 1865 544 funes

277 584 615 657 frangamus,
647 585 1014 657 dirumpamus
1043 584 1222 655 gravis
1249 584 1450 639 lanceae
1487 582 1783 653 cuspidem,
1810 590 1866 637 et

281 692 504 734 omnem
543 678 593 734 ei
620 677 824 733 aditum
861 677 1299 733 intercludamus.
1329 676 1385 733 Si
1426 677 1571 732 enim
1615 676 1865 745 pecunias

287 769 544 834 irriseris,
572 784 677 824 non
702 768 866 824 habet
889 782 996 839 quo
1022 778 1074 824 te
1098 768 1380 840 percutiat,
1413 783 1518 823 non
1546 767 1707 822 habet
1728 766 1867 822 unde

277 859 647 930 apprehendat
681 877 696 918 :
726 876 850 915 nam
892 859 1127 916 radicem
1167 860 1411 916 evulsisti
1441 860 1705 914 malorum
1733 876 1748 925 ;
1778 875 1866 913 ra—

275 949 402 1008 dice
427 966 553 1007 vero
574 951 808 1018 sublata,
844 966 1020 1023 neque
1059 952 1231 1007 malus
1275 951 1596 1022 germinabit
1635 950 1860 1005 fructus.
1889 949 1916 982 ει-

283 1041 412 1098 Haec
431 1057 646 1112 semper
665 1043 930 1109 dicamus,
949 1052 1005 1098 et
1026 1043 1186 1099 tinem
1208 1043 1416 1098 dicendi
1440 1058 1543 1097 non
1569 1042 1824 1096 faciamus
1850 1061 1865 1097 :

285 1149 354 1189 an
382 1150 510 1191 vero
531 1135 778 1191 dicentes
805 1135 1004 1207 aliquid
1034 1135 1394 1207 proficiamus,
1418 1135 1536 1191 dies
1563 1135 1654 1190 ille
1680 1146 1865 1189 osten-

279 1225 396 1292 det,
436 1223 528 1297 qui
559 1227 613 1280 in
644 1227 766 1297 igne
795 1227 1139 1294 revelabitur,
1169 1227 1258 1298 qui
1291 1226 1707 1296 uniuscujusque
1732 1241 1868 1296 opus

277 1317 611 1388 explorabit,
642 1317 733 1388 qui
776 1317 1050 1389 lampadas
1093 1319 1338 1372 ostendet
1383 1317 1627 1372 lucentes
1672 1325 1728 1372 et
1773 1331 1869 1372 eas

279 1424 403 1478 qua:
436 1408 573 1464 tales
597 1423 703 1464 non
726 1418 868 1464 sunt.
891 1410 1040 1466 Tunc
1056 1410 1368 1466 manifestus
1387 1410 1490 1465 erit
1512 1410 1558 1464 is
1575 1411 1664 1480 qui
1691 1408 1867 1464 oleum

277 1499 470 1562 habet.
500 1509 558 1556 et
586 1501 634 1556 is
663 1503 752 1572 qui
779 1517 888 1558 non
915 1503 1097 1560 habet.
1124 1503 1232 1560 Sed
1270 1503 1402 1558 faxit
1428 1505 1567 1558 Deus
1595 1512 1654 1556 ut
1695 1501 1869 1556 nullus

1301 282 1370 341 ΙΝ
1406 283 1617 341 EPlST.
1659 283 1699 338 Ι.
1741 283 1832 336 AD
1869 280 2024 337 COR.
2069 280 2298 337 HOMIL.
2341 282 2532 340 XXXI.

3447 293 3552 352 9.53

1975 405 2099 452 tunc
2126 399 2427 469 reperiatur
2455 400 2546 456 tali
2577 415 2777 458 vacuus
2800 405 3209 476 consolatione;
3236 409 3329 466 sed
3358 419 3414 466 ut
3437 427 3554 468 om-

1974 504 2071 546 nes
2101 489 2301 561 largam
2323 491 2704 562 benignitatem
2736 495 2982 565 efferant,
3011 509 3064 554 et
3092 501 3264 557 claras
3294 503 3552 562 habentes

1974 581 2270 650 lampadas,
2311 599 2416 637 una
2446 598 2569 640 cum
2601 601 2801 655 sponso
2844 589 3066 646 intrent.
3113 593 3203 648 Illa
3241 605 3390 651 certe
3417 613 3553 654 voce

1972 673 2108 728 nihil
2137 675 2426 730 terribilius
2446 717 2463 743 ,
2496 677 2626 732 nihil
2655 679 2898 750 asperius
2923 692 3026 747 est,
3057 699 3216 754 quam
3248 694 3373 741 tunc
3394 687 3550 743 audi-

1975 766 2076 818 turi
2104 773 2226 818 sunt
2257 765 2316 832 ii,
2344 767 2434 836 qui
2461 767 2578 822 sine
2609 770 2748 840 larga
2771 772 3110 846 eleemosyna
3141 775 3262 832 hinc
3289 777 3556 848 demigra-

1974 865 2117 917 runt,
2165 854 2377 911 dicente
2421 872 2640 928 sponso.
2685 858 2876 916 Nescio
2923 879 3008 918 vos
3039 864 3270 936 (Matth.
3294 867 3551 938 25.12).

1974 945 2126 1000 Absit
2167 955 2345 1001 autem
2379 957 2437 1002 ut
2483 949 2620 1004 hanc
2645 951 2922 1007 audiamus
2949 970 3157 1022 vocem,
3189 960 3281 1014 sed
3299 959 3553 1016 suavissi-

1974 1052 2113 1090 mam
2147 1037 2290 1092 illam
2321 1048 2374 1093 et
2414 1054 2622 1097 summe
2665 1044 3018 1113 expetendam
3053 1067 3065 1101 :
3113 1045 3554 1114 Venite,benedicti

1976 1131 2150 1187 Patris
2177 1135 2293 1201 m'ei,
2320 1135 2573 1204 possidete
2594 1147 2826 1205 paratum
2852 1138 2988 1192 vobis
3009 1155 3220 1210 regnum
3245 1157 3276 1193 a
3309 1144 3555 1197 constitu-

1977 1225 2109 1279 tione
2134 1227 2312 1280 mundi
2353 1225 2514 1297 (Ibid.
2544 1245 2592 1280 υ.
2623 1228 2739 1297 54).
2771 1229 2860 1284 Sic
2887 1231 3031 1285 enim
3061 1231 3269 1287 beatam
3298 1232 3556 1290 ducemus

1978 1318 2164 1382 vitam,
2195 1327 2249 1372 et
2282 1319 2530 1373 omnibus
2569 1333 2812 1374 truemur
2838 1321 3018 1389 bonis,
3047 1338 3167 1393 quae
3193 1333 3424 1380 mentem
3455 1326 3556 1381 hu-

1976 1423 2186 1462 manam
2209 1420 2530 1478 exsuperant
2547 1428 2561 1463 :
2584 1425 2701 1480 qum
2717 1426 2818 1466 nos
2828 1427 3018 1469 omnes
3029 1416 3242 1487 assequi
3256 1417 3551 1490 contingat,

1977 1502 2144 1572 gratia
2170 1511 2225 1558 et
2243 1502 2588 1576 benignitate,
2611 1514 2716 1561 etc.

1581 1751 1927 1816 HOMILIA
1970 1750 2219 1813 XXXI.

282 1900 416 1956 Car.
442 1897 527 1954 1‘2.
561 1915 616 1953 γ.
641 1900 730 1954 21.
762 1897 885 1953 Non
913 1908 1074 1970 potest
1098 1910 1265 1954 autem
1289 1901 1466 1956 oculus
1493 1901 1659 1956 dicere
1676 1896 1867 1961 manui,

354 1988 527 2060 Opera
564 2000 653 2042 tua
697 2006 798 2042 non
839 1989 1084 2060 indigeo;
1124 2001 1212 2044 aut
1237 1992 1417 2045 iterum
1443 2001 1597 2062 caput
1629 1990 1860 2061 pedibus,

350 2077 478 2133 Non
506 2080 626 2134 estis
654 2081 778 2133 mihi
810 2081 1096 2135 necessarii.

349 2172 405 2226 1.
444 2170 734 2240 Postquam
770 2172 1034 2227 minorum
1069 2171 1319 2227 invidiam
1351 2181 1705 2244 represserat,
1740 2173 1864 2228 illo-

279 2281 511 2335 rumque
538 2279 827 2321 maerorem
857 2264 1187 2333 abstulerat,
1213 2282 1372 2338 quem
1406 2267 1720 2338 concepisse
1743 2267 1866 2322 illos

275 2357 570 2413 verisimile
597 2367 716 2413 erat
742 2373 808 2413 ex
847 2373 944 2424 eo,
987 2357 1129 2429 quod
1156 2359 1243 2414 alii
1275 2359 1567 2428 majoribus
1600 2358 1755 2414 donis
1779 2359 1864 2413 di-

228 2520 233 2526 ,
276 2447 424 2518 gnati
471 2449 700 2508 fuissent
732 2492 746 2514 ,
777 2447 967 2504 horum
999 2449 1194 2504 fastum
1221 2450 1509 2521 deprimit,
1537 2451 1626 2522 qui
1657 2450 1863 2520 majora

274 2540 414 2595 dona
441 2550 787 2611 acceperant.
815 2542 1059 2613 Cumque
1088 2540 1193 2597 hoc
1225 2540 1472 2608 fecisset,
1505 2542 1717 2613 quando
1743 2557 1864 2597 cum

275 2633 380 2688 illis
403 2632 711 2689 disserebant
735 2632 962 2704 (dicere
989 2634 1152 2698 enim,
1198 2634 1327 2688 illud
1357 2650 1476 2690 esse
1517 2635 1713 2690 donum
1740 2650 1864 2705 gra-

275 2726 492 2793 tuitum,
513 2734 569 2780 et
593 2741 704 2780 non
727 2724 924 2780 bonum
952 2741 1110 2795 Opus,
1135 2726 1236 2781 hoc
1260 2737 1446 2796 aperte
1473 2726 1860 2798 signiﬁcabat):

275 2832 418 2874 nunc
441 2828 626 2872 autem
654 2816 885 2888 idipsum
911 2816 1280 2872 vehementius
1304 2817 1444 2884 facit,
1465 2818 1516 2873 in
1544 2818 1730 2873 eadem
1759 2834 1866 2873 ma-

277 2924 409 2964 nens
433 2908 697 2980 tmagine:
719 2924 749 2964 a
775 2923 1000 2979 corpore
1026 2911 1170 2964 enim
1196 2910 1336 2966 etab
1363 2911 1604 2980 ejusdem
1637 2912 1860 2978 Imitate,

276 3000 342 3054 ad
366 2999 537 3071 ipsam
565 2999 933 3056 membrorum
948 3002 1403 3071 comparationem
1433 3004 1699 3074 procedit:
1718 3005 1863 3075 quod

281 3090 378 3158 ipsi
418 3092 657 3152 maxime
697 3092 905 3148 discere
934 3094 1229 3164 aptabant;
1261 3095 1382 3166 quia
1411 3095 1476 3150 ad
1524 3095 1643 3151 illos
1669 3111 1864 3152 conso-

279 3181 469 3240 landos
487 3201 590 3240 non
609 3195 791 3256 aptum
813 3194 929 3242 erat
949 3185 1095 3252 illud,
1110 3186 1249 3257 quod
1267 3202 1457 3244 omnes
1479 3204 1639 3244 unum
1667 3205 1864 3259 corpus

281 3286 504 3342 essent;
532 3292 690 3348 quam
713 3293 831 3333 cum
859 3277 1152 3346 discerent,
1175 3294 1236 3334 se
1259 3279 1310 3335 in
1351 3280 1417 3335 iis
1443 3296 1563 3352 quae
1599 3279 1865 3338 habebant
1901 3325 1903 3330 .

286 3383 396 3423 non
438 3368 725 3425 admodum
777 3372 1058 3426 inferiores
1096 3387 1236 3427 esse.
1285 3372 1354 3427 Et
1397 3373 1510 3428 ait:
1541 3371 1664 3428 Non
1704 3384 1864 3445 potest

284 3472 457 3516 autem
501 3463 678 3516 oculus
719 3464 878 3519 dicere
915 3466 1109 3530 manui,
1156 3463 1325 3536 Opera
1363 3476 1452 3519 tua
1493 3481 1594 3520 non
1622 3466 1864 3537 indigeo;

282 3565 375 3607 aut
417 3555 604 3622 iterum
640 3565 794 3625 caput
831 3557 1055 3626 pedibus,
1093 3555 1218 3610 Non
1257 3557 1375 3610 estis
1423 3557 1547 3610 mihi
1573 3558 1862 3612 necessarii.

282 3645 414 3701 Nam
444 3646 548 3701 etsi
580 3645 778 3700 donum
806 3648 874 3702 sit
901 3648 1075 3703 minus
1101 3688 1116 3711 ,
1163 3656 1219 3702 at
1258 3648 1619 3703 necessarium
1657 3657 1779 3703 est:
1811 3657 1867 3703 et

280 3740 418 3793 sicut
446 3739 654 3808 absque
681 3739 773 3794 illo
797 3741 964 3794 multa
991 3749 1115 3796 sunt
1146 3740 1524 3811 impedimenta
1551 3781 1566 3806 ,
1597 3740 1669 3795 ita
1703 3741 1864 3796 etiam

282 3832 396 3885 sine
424 3830 532 3885 hoc
563 3829 835 3900 plenitudo
861 3832 1115 3886 Ecclesia:
1144 3831 1430 3885 claudicat.
1477 3830 1660 3902 Neque
1688 3831 1858 3898 dixit,

282 3920 392 3976 Non
422 3921 590 3985 dicet,
616 3921 732 3984 sed,
763 3920 884 3975 Non
913 3933 1076 3993 potest
1095 3923 1295 3988 dicere;
1329 3923 1400 3977 ita
1427 3933 1502 3988 ut,
1534 3923 1745 3979 etiamsi
1773 3941 1865 3980 vo-

283 4013 456 4081 luerit,
499 4015 712 4070 etiamsi
742 4013 959 4080 dixerit,
1012 4029 1118 4069 non
1162 4015 1353 4080 valeat,
1395 4031 1569 4086 neque
1609 4031 1696 4072 res
1743 4032 1861 4072 eam

283 4105 470 4164 habeat
511 4119 780 4163 naturam.
814 4107 940 4163 ideo
963 4107 1070 4164 duo
1106 4117 1344 4164 extrema
1373 4124 1672 4175 assumens,
1715 4111 1766 4165 in
1799 4113 1863 4167 iis

281 4211 585 4256 sermonem
607 4208 823 4255 exercet
852 4217 866 4254 :
897 4201 1070 4270 primo
1094 4198 1310 4269 quidem
1332 4197 1401 4254 de
1422 4215 1582 4253 manu
1607 4210 1662 4255 et
1685 4201 1859 4268 oculo,

283 4291 516 4348 secundo
545 4301 728 4346 autem
769 4291 834 4347 de
862 4292 1037 4361 capite
1062 4300 1118 4346 et
1143 4291 1278 4361 pede
1299 4332 1314 4356 ,
1342 4292 1644 4360 exemplum
1669 4294 1862 4363 ampli-

218 4368 220 4370 ’
282 4385 461 4440 ficans.
493 4384 642 4453 Quid
674 4385 816 4440 enim
849 4385 986 4456 pede
1018 4385 1173 4439 vilius
1198 4384 1223 4438 τ
1248 4394 1340 4438 aut
1365 4385 1491 4455 quid
1522 4386 1696 4456 capite
1731 4403 1864 4456 prte-

280 4480 502 4534 stantius
545 4489 606 4535 et
645 4481 814 4550 magis
857 4479 1264 4534 necessarium?
1304 4477 1408 4533 hoc
1449 4480 1593 4534 enim
1635 4480 1864 4536 maxime

284 4568 440 4626 homo
465 4580 550 4629 est
574 4613 590 4640 ,
632 4587 823 4643 nempe
852 4580 1034 4642 caput.
1081 4573 1327 4627 Attamen
1357 4587 1460 4626 non
1487 4581 1570 4627 est
1593 4572 1692 4628 sibi
1718 4571 1865 4627 suffl-

281 4663 422 4716 ciens
441 4705 456 4729 ,
485 4679 666 4735 neque
691 4665 868 4719 omnia
903 4664 1158 4734 perficere
1188 4665 1378 4735 possit.
1400 4664 1530 4720 Nam
1576 4667 1620 4720 si
1650 4665 1751 4721 hoc
1777 4681 1864 4722 es-

283 4767 379 4822 set,
409 4772 811 4828 snpcrvacanee
851 4758 1004 4813 nobis
1034 4757 1198 4830 pedes
1224 4758 1418 4827 adjeeti
1453 4767 1652 4814 essent.
1681 4759 1864 4829 Neque

285 4855 452 4904 tamen
486 4849 574 4905 hic
603 4849 860 4915 substitit,
893 4849 988 4905 sed
1021 4861 1076 4906 et
1100 4851 1256 4904 aliam
1288 4850 1478 4920 quaerit
1507 4850 1857 4921 hyperbolen,

284 4937 335 4996 id
361 4943 499 5014 quod
529 4957 750 5013 semper
778 4941 922 5010 facit,
948 4958 1053 4997 non
1077 4957 1244 5012 usque
1266 4941 1333 4996 ad
1361 4941 1716 5010 aequalitatem
1743 4958 1864 4997 con-

285 5036 540 5105 tendens,
591 5036 687 5092 sed
729 5037 892 5092 etiam
941 5035 1164 5091 ulterius
1212 5035 1578 5106 progrediens.
1631 5032 1863 5105 Ideoque

285 5127 545 5202 subjungit
572 5129 762 5186 dicens
789 5146 804 5184 :
850 5127 941 5183 2‘2.
971 5127 1077 5184 Sed
1101 5127 1258 5182 multo
1297 5126 1458 5197 magis
1491 5141 1606 5196 qua:
1632 5125 1864 5181 videntur

287 5223 502 5276 membra
531 5222 766 5291 corporis
785 5221 1028 5293 inferiora
1057 5237 1182 5286 esse,
1214 5217 1559 5273 necessariam
1583 5227 1742 5272 sunt:
1767 5216 1860 5273 23.

287 5319 330 5364 et
364 5328 476 5382 qua:
499 5323 738 5384 putamus
765 5311 1071 5384 ignobiliora
1106 5328 1212 5366 esse
1251 5310 1473 5364 membra
1510 5309 1740 5380 corporis
1759 5351 1772 5375 ,
1800 5311 1863 5364 iis

289 5399 521 5458 honorem
548 5404 974 5459 abundantiorem
997 5402 1370 5458 circumdanms
1393 5418 1412 5456 :
1441 5411 1488 5456 et
1514 5417 1629 5472 qua:
1645 5400 1862 5454 inhone-

289 5494 438 5549 stiora
465 5508 582 5552 sunt
620 5507 826 5564 nostra,
856 5496 1273 5550 abundantiorem
1306 5495 1610 5549 honestatem
1639 5491 1862 5559 habent;

294 5583 479 5657 ubique
504 5589 868 5643 accessionem
897 5587 1136 5658 corporis
1178 5598 1415 5655 ponens,
1448 5593 1502 5638 et
1528 5583 1626 5637 hac
1656 5583 1864 5638 ratione

296 5673 432 5731 illum
465 5691 682 5749 quoque
714 5681 1000 5736 consolans
1043 5688 1096 5733 et
1135 5678 1273 5734 hunc
1311 5675 1691 5745 comprimens.
1741 5669 1860 5728 Non

1977 1894 2120 1949 enim
2149 1894 2253 1951 hoc
2279 1895 2419 1961 dico,
2453 1897 2664 1969 inquit,
2695 1901 2836 1970 quod
2868 1902 3070 1972 majora
3098 1905 3395 1962 minoribus
3421 1921 3558 1978 opus

1972 1985 2238 2055 habeant,
2283 1988 2377 2044 sed
2407 1991 2566 2045 etiam
2605 1993 2745 2062 quod
2775 1995 2998 2050 multum
3027 2013 3160 2068 opus
3200 1998 3450 2056 habeant.
3497 2001 3556 2056 Si

1970 2079 2096 2148 quid
2125 2081 2267 2135 enim
2298 2081 2566 2137 infirmum
2592 2084 2645 2138 in
2668 2085 2821 2140 nobis
2843 2094 2944 2151 est,
2973 2088 3015 2140 si
3037 2088 3162 2158 quid
3192 2089 3554 2158 inhonestum,

1971 2171 2072 2227 hoc
2096 2181 2151 2228 et
2175 2174 2537 2230 necessarium
2567 2183 2671 2242 est,
2701 2186 2756 2231 et
2782 2178 2968 2248 majori
3002 2177 3194 2234 fruitur
3225 2181 3447 2237 honore.
3479 2185 3557 2239 Ac

1968 2273 2114 2319 recte
2139 2263 2314 2331 dixit,
2347 2264 2474 2332 Quae
2513 2265 2765 2332 videntur,
2795 2275 2883 2331 et,
2916 2267 3045 2334 ρυω
3067 2280 3344 2340 putamus;
3371 2283 3555 2326 osten-

1968 2353 2102 2410 dens
2132 2372 2237 2410 non
2264 2372 2328 2411 ex
2362 2364 2549 2410 natura
2581 2371 2781 2424 rerum,
2813 2357 2907 2412 sed
2935 2374 3000 2413 ex
3031 2359 3319 2415 multorum
3347 2363 3556 2417 calculo

1969 2450 2289 2504 sententiam
2315 2450 2457 2504 ferri.
2488 2449 2627 2505 Nihil
2651 2451 2702 2505 in
2728 2450 2880 2505 nobis
2903 2451 3135 2522 ignobile
3162 2471 3173 2506 :
3211 2453 3302 2509 Dei
3326 2470 3556 2526 namque

1969 2553 2105 2609 opus
2131 2550 2234 2596 est.
2266 2541 2402 2609 Quid
2432 2542 2574 2596 enim
2603 2543 2840 2611 partibus
2868 2543 3189 2612 genitalibus
3214 2545 3267 2600 in
3297 2546 3450 2602 nobis
3478 2549 3556 2602 vi—

1968 2631 2125 2686 detur
2154 2633 2489 2688 inhonestius
2510 2635 2671 2688 esse?
2693 2636 2942 2689 Attamen
2969 2636 3225 2706 majorem
3253 2654 3554 2710 assequun-

1969 2731 2054 2778 tur
2075 2723 2333 2779 honorem
2363 2743 2377 2781 :
2407 2735 2462 2779 et
2481 2725 2570 2796 qui
2591 2726 2878 2780 admodum
2902 2743 3162 2797 pauperes
3181 2742 3325 2797 sunt,
3344 2734 3553 2788 etiamsi

1967 2815 2228 2886 reliquum
2245 2831 2441 2886 corpus
2461 2816 2658 2871 nudum
2685 2815 2938 2881 habeant,
2970 2834 3256 2888 numquam
3287 2822 3554 2890 patiantur

1968 2907 2132 2964 hasce
2161 2921 2339 2980 partes
2367 2909 2537 2965 nudas
2561 2909 2864 2966 ostendere.
2891 2912 3051 2981 Atqui
3075 2928 3181 2967 non
3211 2924 3294 2968 est
3315 2914 3400 2970 hic
3421 2915 3555 2969 ordo

1969 3001 2374 3057 inhonestorum
2403 3043 2420 3070 ,
2469 3001 2564 3058 sed
2611 3003 2777 3074 magis
2817 3013 3088 3074 oporteret
3132 3004 3363 3078 despici,
3394 3023 3552 3078 quam

1967 3093 2092 3149 alia.
2129 3094 2337 3149 Etenim
2368 3095 2512 3150 domi
2544 3109 2731 3151 servus
2757 3097 2844 3165 qui
2877 3106 2959 3153 est
2988 3097 3274 3168 ignominia
3306 3099 3550 3167 affectus,

1968 3201 2074 3242 non
2105 3185 2268 3242 modo
2299 3203 2405 3242 non
2435 3186 2628 3242 fruitur
2655 3187 2843 3257 majori
2869 3204 2998 3244 cura
3020 3231 3034 3254 ,
3068 3189 3162 3244 sed
3193 3206 3291 3246 nec
3320 3191 3508 3246 iisdem
3535 3233 3552 3260 ,

1967 3279 2121 3350 queis
2145 3280 2254 3344 alii,
2286 3279 2478 3350 dignus
2498 3290 2766 3335 censetur.
2797 3281 2978 3352 Itaque
3006 3283 3050 3337 si
3082 3281 3183 3337 hoc
3213 3283 3553 3339 inhonestum

1968 3379 2144 3436 esset,
2177 3385 2283 3424 non
2317 3369 2475 3424 modo
2502 3370 2795 3438 majoribus
2839 3371 2940 3425 frui
2988 3387 3091 3427 non
3122 3383 3426 3442 oporteret,
3456 3375 3554 3430 sed

1967 3476 2144 3532 neque
2173 3460 2362 3516 iisdem
2394 3478 2408 3514 :
2443 3476 2584 3516 nunc
2610 3469 2790 3516 autem
2817 3462 3004 3532 majori
3035 3463 3279 3519 fruuntur
3307 3466 3510 3522 honore
3536 3509 3552 3535 ,

1968 3562 2023 3606 et
2065 3553 2167 3606 hoc
2195 3551 2287 3606 Dei
2316 3551 2592 3620 sapientia:
2633 3565 2769 3620 opus
2797 3561 2899 3606 est.
2945 3551 3077 3606 Nam
3108 3553 3212 3608 illis
3239 3555 3454 3624 quidem
3499 3557 3553 3612 in

1969 3653 2159 3697 natura
2182 3639 2330 3697 dedit
2357 3650 2416 3695 ut
2443 3657 2548 3696 non
2575 3649 2826 3712 egerent;
2861 3640 2944 3696 his
2969 3653 3146 3697 autem
3174 3685 3189 3709 ,
3220 3646 3470 3715 quoniam
3499 3646 3552 3704 in

1969 3741 2158 3788 natura
2190 3747 2295 3787 non
2335 3733 2513 3799 dedit,
2563 3745 2622 3788 ut
2667 3747 2768 3788 nos
2818 3733 3179 3804 praeberemus
3221 3738 3414 3806 coegit.
3445 3737 3552 3793 Sed

1968 3840 2075 3880 non
2105 3834 2384 3896 prOpterea
2415 3825 2695 3880 inhonesta
2719 3833 2844 3879 sunt
2871 3842 2882 3877 :
2912 3825 3340 3898 quandoquidem
3363 3837 3419 3884 et
3437 3830 3553 3884 ani-

1967 3917 2128 3971 malia
2150 3931 2218 3972 ex
2249 3926 2439 3971 natura
2465 3931 2560 3971 sua
2586 3917 2728 3971 nulla
2754 3932 2813 3972 re
2833 3926 3010 3988 egent,
3035 3933 3142 3973 non
3164 3919 3417 3988 restibus,
3442 3937 3546 3978 non

1967 4009 2197 4078 calceis,
2246 4025 2346 4066 nec
2392 4019 2566 4077 tecto,
2615 4011 2839 4080 plurima
2875 4011 3102 4076 saltem;
3147 4012 3238 4067 sed
3271 4029 3375 4069 non
3428 4015 3550 4070 ideo

1965 4115 2161 4171 corpus
2191 4111 2430 4158 nostrum
2460 4113 2544 4158 est
2568 4103 2776 4158 illorum
2802 4119 3028 4174 corpore
3066 4104 3354 4173 ignobilius
3373 4147 3389 4171 ,
3423 4109 3550 4178 quia

1967 4193 2051 4249 his
2079 4195 2327 4250 omnibus
2362 4194 2580 4266 indiget.
2610 4194 2744 4249 Nam
2772 4196 2816 4249 si
2847 4197 2965 4264 quis
3001 4206 3246 4250 accurate
3275 4199 3549 4252 examina—

1967 4288 2126 4351 verit,
2158 4289 2271 4357 ipsa
2299 4288 2460 4343 etiam
2489 4296 2676 4342 natura
2703 4295 2829 4340 sunt
2872 4287 3092 4341 honesta
3121 4296 3175 4341 et
3204 4289 3502 4342 necessaria
3533 4307 3547 4345 :

1967 4381 2108 4451 quod
2137 4381 2296 4435 etiam
2330 4380 2442 4449 ipse
2465 4379 2842 4444 subindicavit,
2875 4394 2980 4432 non
3008 4393 3036 4430 a
3064 4393 3191 4433 cura
3221 4388 3421 4443 nostra,
3452 4396 3552 4436 nee

1967 4471 2109 4541 quod
2148 4471 2337 4540 majori
2376 4470 2620 4525 fruantur
2649 4469 2892 4536 honore;
2925 4469 3019 4525 sed
3048 4485 3116 4524 ex
3155 4477 3341 4524 natura
3367 4487 3548 4526 rerum

1968 4564 2099 4636 ipsis
2127 4563 2390 4619 calculum
2423 4562 2626 4619 ferens.
2660 4562 2886 4627 idcirco,
2932 4576 3051 4617 cum
3081 4561 3287 4616 infirma
3326 4564 3456 4619 dicit
3497 4575 3550 4622 ct

1968 4658 2272 4724 inhonesta,
2308 4657 2434 4725 Qua:
2477 4656 2724 4720 videntur,
2758 4654 2970 4724 adjicit;
3003 4670 3124 4710 cum
3153 4663 3330 4710 autem
3360 4672 3548 4712 neces-

1967 4754 2105 4808 saria
2133 4752 2281 4818 dicit,
2315 4766 2422 4806 non
2455 4751 2590 4805 ultra
2618 4748 2822 4819 adjicit,
2850 4747 2979 4816 Quae
3005 4748 3284 4813 videntur;
3314 4748 3408 4804 sed
3437 4749 3550 4818 ipse

1967 4840 2286 4904 sententiam
2328 4845 2427 4900 fert
2459 4844 2642 4900 dicens
2666 4856 2789 4898 esse
2830 4841 3170 4907 necessaria;
3201 4848 3257 4896 et
3275 4841 3397 4910 jure
3435 4842 3551 4911 qui-

1967 4942 2113 4996 dem.
2144 4939 2275 4993 Nam
2302 4937 2366 4991 ad
2395 4936 2683 4991 liberorum
2715 4933 3141 5005 procreationem
3168 4940 3222 4987 et
3242 4931 3308 4986 ad
3337 4947 3551 4986 succes-

1965 5031 2170 5086 sionem
2209 5027 2418 5098 generis
2449 5025 2615 5079 nostri
2652 5024 2799 5079 utilia
2830 5032 2973 5079 sunt.
3004 5020 3362 5089 Quamobrem
3388 5031 3441 5076 et
3471 5022 3548 5077 lc-

1966 5121 2248 5192 gislatores
2277 5117 2639 5172 Romanorum
2673 5130 2797 5179 eos,
2828 5117 2917 5184 qui
2963 5113 3080 5168 haec
3123 5111 3360 5167 membra
3403 5113 3549 5168 exci-

1965 5212 2100 5267 dunt
2125 5222 2180 5267 et
2206 5206 2482 5264 eunuchos
2509 5205 2727 5272 faciunt,
2757 5206 3021 5276 puniunt,
3048 5209 3110 5258 ut
3137 5203 3227 5274 qui
3265 5218 3548 5259 commune

1966 5317 2136 5375 genus
2166 5301 2463 5372 perimant,
2505 5297 2713 5368 ipsique
2758 5304 2961 5350 natura:
2998 5293 3252 5349 damnum
3293 5293 3544 5349 inferant.

1966 5394 2070 5450 Sed
2094 5399 2311 5463 pereant
2331 5387 2604 5460 impudici,
2618 5387 2710 5458 qui
2731 5386 2826 5442 Dei
2842 5400 3005 5457 opera
3029 5387 3082 5440 in
3099 5385 3309 5457 culpam
3327 5392 3544 5439 vocant.

1971 5485 2119 5542 Sicut
2144 5482 2286 5538 enim
2315 5480 2439 5534 vino
2463 5479 2610 5535 multi
2651 5477 2721 5533 ob
2767 5477 3090 5534 temulentos
3129 5475 3539 5537 maledixerunt,

1969 5579 2046 5632 sic
2071 5584 2127 5631 et
2144 5573 2295 5632 sexui
2317 5573 2597 5629 mulierum
2635 5571 2705 5627 ob
2745 5569 3006 5626 adulteria
3031 5586 3044 5623 :
3071 5569 3149 5622 sic
3167 5562 3282 5617 inec
3309 5559 3545 5618 membra

1969 5667 2142 5739 turpia
2165 5680 2286 5726 esse
2329 5673 2614 5737 putarunt,
2659 5661 2731 5719 ob
2759 5663 2959 5719 malum
2983 5656 3336 5733 quorumdam
3366 5664 3544 5706 usum.
