3990 6168
421 311 424 315 .
453 254 558 312 "£59

455 371 560 425 Sed
605 383 710 423 non
751 363 986 436 oportuit
1014 379 1028 416 :
1062 376 1166 416 non
1210 358 1356 416 enim
1387 367 1590 411 natura:
1616 356 1694 410 rei
1725 354 2040 408 attributum

455 473 540 516 est
571 472 845 530 peceatqu
874 498 889 521 ,
934 454 1030 510 sed
1061 451 1318 506 voluntati
1346 451 1463 519 ejus
1495 450 1582 518 qui
1621 447 1726 502 hoc
1752 447 1928 501 scelus
1955 461 2047 516 ag-

455 553 604 621 gredi
629 550 808 604 audet.
841 547 1068 616 Quidam
1095 554 1272 598 autem
1299 558 1361 597 ea
1392 558 1510 612 qum
1538 549 1664 594 sunt
1689 538 1896 592 infirma
1925 578 1938 601 ,
1972 536 2046 589 in-

455 645 676 696 honesta
699 681 713 702 ,
742 651 793 694 et
821 637 1150 701 necessaria,
1184 644 1239 690 et
1265 633 1453 702 majori
1481 632 1728 686 fruuntur
1755 629 1983 688 honore,
2012 640 2042 678 a
2071 684 2083 692 _

455 734 620 788 Paulo
648 732 714 786 de
740 730 910 785 oculis
949 729 1258 784 existimant
1285 726 1425 780 dicta
1453 725 1615 778 fuisse
1635 764 1649 786 ,
1681 722 1772 792 qui
1801 720 1850 774 vi
1879 720 2042 772 mino-

455 840 578 886 res,
615 838 710 876 usu
741 830 919 875 autem
959 819 1170 873 caeteris
1214 825 1507 887 prmstant;
1552 809 1916 868 inhonestiora
1955 825 2042 862 au-

459 923 565 968 tem
599 913 762 983 pedes
795 931 807 966 :
850 927 972 966 nam
1000 925 1187 964 eorum
1213 922 1424 979 quoque
1451 905 1615 962 multa
1641 904 1843 975 geritur
1873 901 2042 971 provi-

453 1003 656 1058 dentia.

530 1095 586 1148 2.
607 1093 828 1160 Deinde,
853 1107 920 1148 ne
943 1092 1104 1147 aliam
1126 1105 1312 1146 rursus
1328 1087 1676 1159 hyperbolem
1699 1085 1915 1151 faceret,
1933 1083 2032 1137 ait:

454 1188 548 1244 28.
587 1187 811 1243 Honesta
839 1197 1004 1242 autem
1034 1196 1207 1241 nostra
1236 1185 1424 1238 nullius
1451 1191 1610 1252 egent.
1647 1181 1724 1236 Nc
1745 1179 1864 1250 quis
1893 1178 2035 1233 enim

463 1284 708 1338 diceret:
743 1280 924 1349 Ecqua
956 1279 1072 1334 haec
1097 1277 1280 1332 ratio‘t
1335 1276 1554 1330 honesta
1586 1273 1860 1341 despicere
1877 1279 1931 1324 et
1951 1270 2036 1324 in-

466 1373 865 1428 honestioribus
893 1370 1182 1441 advigilare
1204 1368 1227 1421 ?
1247 1366 1360 1422 Non
1393 1365 1750 1434 despicientes
1772 1362 1873 1416 hoc
1899 1360 2032 1415 faci-

465 1482 606 1527 mus,
654 1465 843 1534 inquit,
895 1461 990 1518 sed
1018 1462 1139 1531 quia
1164 1461 1281 1514 haec
1304 1474 1432 1514 cura
1478 1472 1584 1511 non
1613 1467 1788 1526 egent.
1821 1454 1886 1508 Et
1918 1451 2040 1506 vide

457 1567 710 1630 quantum
739 1556 1039 1610 encomium
1069 1553 1248 1623 paucis
1264 1551 1492 1606 efferens
1513 1547 1911 1610 transcurrerit,
1934 1545 2036 1598 hoc

464 1659 768 1720 Opportune
794 1656 849 1702 et
881 1646 1084 1702 utiliter
1110 1643 1331 1699 faciens.
1390 1641 1573 1711 Neque
1601 1639 1704 1694 hoc
1729 1645 2031 1703 contentus,

455 1756 672 1797 causam
698 1740 859 1794 etiam
883 1737 1068 1807 adjicit
1093 1736 1310 1792 dicens:
1332 1733 1439 1790 Sed
1468 1734 1600 1786 Deus
1625 1734 1914 1802 temperavit
1931 1746 2037 1787 cor-

460 1849 576 1904 pus,
607 1832 651 1885 ei
675 1831 759 1885 cui
785 1830 955 1884 deerat
979 1828 1401 1882 abundantiorem
1452 1824 1718 1880 tribuendo
1746 1825 1989 1879 honorem
2019 1866 2036 1888 ,

455 1922 545 1980 9-5.
567 1931 734 1976 utnon
760 1921 823 1975 sit
845 1921 1064 1974 schisma
1085 1920 1138 1973 in
1163 1934 1392 1987 corpore.
1417 1915 1472 1970 Si
1491 1927 1668 1970 autem
1692 1917 2031 1986 temperavit,

455 2034 559 2072 non
600 2017 726 2071 sivit
765 2030 1022 2084 apparere
1048 2015 1100 2068 id
1131 2012 1272 2082 quod
1294 2019 1409 2066 erat
1435 2009 1789 2067 inhonestius.
1821 2008 2031 2064 Etenim

453 2109 594 2179 quod
617 2115 1058 2176 contemperatur
1109 2107 1224 2159 sive
1275 2104 1550 2167 miscetur,
1608 2101 1670 2156 lit
1695 2117 1882 2168 unum,
1933 2115 2032 2156 nec

455 2208 678 2271 apparet
701 2198 832 2268 quid
859 2208 1015 2252 antea
1068 2204 1249 2250 esset:
1282 2211 1404 2250 nam
1435 2210 1501 2249 ne
1529 2192 1745 2264 quidem
1790 2201 2034 2247 contem-

451 2301 694 2360 peratum
725 2288 888 2344 fuisse
918 2287 1234 2343 dixerimus.
1277 2286 1345 2340 Et
1372 2285 1494 2341 vide
1533 2300 1690 2356 quam
1721 2285 2032 2354 frequenter

451 2382 690 2437 defectus
721 2391 1093 2451 prmtercurrat
1113 2381 1315 2447 dicens,
1346 2381 1408 2436 Ei
1430 2381 1510 2434 cui
1531 2381 1720 2436 deerat.
1743 2380 1858 2436 Non
1873 2381 2028 2448 dixit,

452 2474 741 2528 luhonesto
763 2473 844 2528 vel
877 2474 1037 2544 turpi,
1071 2473 1189 2540 sed,
1223 2473 1286 2528 Ei
1329 2473 1411 2527 cui
1431 2473 1623 2527 deerat.
1655 2473 1754 2528 Cui
1797 2473 1982 2529 deerat
2012 2491 2028 2540 ;

450 2567 762 2636 quomodo?
823 2566 1132 2623 Secundum
1179 2577 1444 2623 naturam.
1490 2566 1554 2621 Ei
1599 2568 1846 2638 majorem
1900 2567 2030 2621 dam

451 2658 711 2711 honorent.
745 2657 812 2713 Et
849 2659 1058 2729 quare?
1087 2657 1156 2714 Ut
1195 2674 1302 2714 non
1326 2667 1473 2715 esset
1498 2658 1732 2714 sohisma
1757 2659 1808 2713 in
1837 2672 2031 2726 corpo-

450 2763 529 2804 re.
557 2751 689 2818 Quia
721 2751 862 2806 enim
888 2752 1148 2806 immensa
1178 2751 1553 2806 consolatione
1583 2751 1844 2815 fruentes,
1878 2749 2028 2805 dole-

450 2843 580 2896 bant
609 2852 810 2908 tamen,
843 2849 901 2896 ut
929 2843 1018 2912 qui
1049 2843 1254 2896 minora
1279 2843 1635 2911 accepissent,
1665 2843 1904 2897 ostendit
1933 2855 2029 2896 eos

451 2934 618 3004 magis
667 2931 831 2987 fuisse
864 2934 1196 2986 honoratos:
1230 2931 1298 2985 Ei
1313 2934 1394 2986 cui
1421 2918 1613 2997 deerat,
1645 2933 1834 3003 inquit,
1867 2933 2031 2988 abun-

451 3023 732 3076 dantiorem
754 3024 1019 3077 tribuendo
1050 3024 1312 3078 honorem.
1348 3024 1551 3080 Deinde
1569 3036 1744 3080 autem
1769 3025 2028 3081 rationem

453 3116 746 3186 subjungit,
774 3114 1065 3170 ostendens
1095 3117 1235 3186 quod
1263 3128 1560 3186 opportune
1587 3117 1868 3183 effecisset,
1895 3129 1953 3173 ut
1975 3127 2030 3175 et

453 3210 525 3263 illi
556 3209 789 3276 deesset,
823 3219 876 3264 et
900 3209 1068 3280 magis
1091 3225 1210 3265 eum
1242 3210 1552 3266 honoraret.
1579 3213 1708 3279 Quae
1731 3213 1819 3267 illa
1851 3211 2030 3268 ratio?

453 3301 536 3356 Ne
555 3312 638 3364 sit,
668 3303 858 3372 inquit,
888 3302 1108 3355 schisma
1128 3304 1178 3356 in
1196 3319 1423 3371 corpore.
1457 3303 1563 3359 Nec
1589 3304 1741 3372 dixit,
1777 3304 1830 3359 lu
1861 3319 2030 3360 mem-

453 3393 582 3452 bris.
601 3393 715 3456 sed,
740 3392 803 3447 In
827 3410 1053 3464 corpore.
1089 3395 1297 3449 Etenim
1327 3396 1489 3450 multa
1520 3395 1696 3451 futura
1719 3404 1834 3451 erat
1858 3411 2025 3452 exsu-

452 3487 714 3556 perantia,
747 3487 791 3541 si
813 3486 916 3541 alia
945 3487 1159 3557 quidem
1193 3496 1246 3542 et
1271 3503 1337 3543 ex
1356 3498 1542 3543 natura
1569 3499 1622 3543 et
1641 3498 1820 3544 nostra
1851 3491 2029 3560 provi-

451 3580 627 3634 dcutia
657 3590 993 3647 curarentur,
1018 3581 1119 3636 alia
1152 3593 1328 3636 autem
1352 3592 1596 3636 neutrum
1622 3581 1913 3649 haberent;
1933 3583 2030 3639 sed

453 3672 522 3724 ah
547 3673 772 3725 invicem
803 3674 1044 3728 exscissa
1074 3671 1320 3740 fuissent,
1352 3683 1410 3731 ut
1448 3691 1568 3746 qua:
1595 3674 1736 3731 ferre
1770 3692 1877 3733 non
1905 3691 2031 3746 pos-

458 3773 574 3816 sent
623 3762 1099 3830 conjunctionem:
1155 3765 1410 3820 abscissis
1443 3776 1622 3824 autem
1666 3767 1784 3835 his,
1836 3778 2030 3828 cratera

453 3869 663 3922 quoqth
691 3853 943 3909 damnum
970 3857 1324 3924 accepissent.
1356 3858 1602 3912 Vidistin’
1640 3860 1909 3929 quomodo
1943 3875 2031 3915 os-

455 3943 624 3996 tendit
677 3946 980 3999 necessario
1013 3948 1272 4015 majorem
1309 3948 1356 4002 ei
1386 3950 1473 4018 qui
1503 3950 1685 4005 deficit
1712 3953 1825 4005 dari
1856 3949 2031 4005 hono-

456 4035 608 4088 rem?
637 4035 691 4089 Si
721 4037 862 4090 enim
915 4036 1015 4091 hoc
1058 4036 1253 4092 factum
1295 4053 1402 4092 non
1458 4041 1681 4107 fuisset,
1730 4042 2030 4099 communis

454 4127 690 4181 omnium
719 4129 985 4198 pernicies
1011 4130 1215 4197 fuisset,
1242 4133 1433 4202 inquit.
1467 4133 1597 4187 Nam
1627 4135 1670 4188 si
1699 4151 1798 4189 nos
1820 4136 2028 4190 illorum

455 4234 560 4273 non
605 4236 849 4291 magnam
885 4222 1238 4292 gCSSiSSCIIIUS
1268 4240 1450 4278 curam
1478 4266 1491 4289 ,
1523 4237 1841 4281 nocumeuta
1873 4242 2027 4283 acce-

454 4312 656 4380 pissent
678 4327 796 4367 cum
825 4327 854 4367 a
895 4323 1082 4369 natura
1123 4317 1376 4370 auxilium
1435 4333 1542 4372 non
1571 4317 1850 4387 haberent,
1878 4328 1934 4374 et
1961 4333 2029 4376 ex

458 4405 557 4456 hnc
577 4415 898 4459 nocumento
923 4407 1235 4476 periissi‘nt;
1259 4410 1299 4462 si
1326 4411 1631 4480 perissent,
1651 4426 1846 4482 corpus
1870 4411 2034 4468 disci-

458 4491 692 4555 dissent;
719 4495 888 4549 sirisso
937 4512 1186 4567 corpore,
1217 4509 1407 4554 caetera
1451 4505 1609 4556 etiam
1657 4520 1774 4574 quze
1799 4515 1921 4560 sunt
1948 4505 2032 4561 his

457 4581 612 4652 longe
635 4583 834 4653 majora
867 4589 1168 4655 periisscnt.
1223 4589 1408 4644 Viden‘
1433 4589 1620 4645 horum
1652 4609 1792 4648 cura:
1819 4596 2029 4651 illorum

456 4693 666 4748 qtthue
719 4680 1105 4748 providentiam
1135 4699 1255 4737 csse
1284 4683 1439 4752 conju
1467 4697 1620 4740 u-tam
1663 4688 1684 4741 ?
1729 4689 1841 4744 Non
1886 4693 2030 4746 enim

456 4769 525 4822 ita
558 4770 608 4823 in
640 4771 855 4839 propria
880 4782 1064 4826 natura
1097 4775 1296 4829 habent
1319 4777 1456 4845 quod
1479 4779 1604 4845 sint,
1635 4790 1693 4835 ut
1724 4783 1773 4836 iu
1801 4799 2032 4856 corpore

459 4859 656 4915 habent
676 4862 816 4930 quod
847 4862 950 4915 sint
986 4879 1168 4918 unum.
1197 4864 1326 4921 ldeo
1348 4868 1390 4922 si
1421 4885 1615 4939 corpus
1667 4873 1876 4942 quidem
1905 4892 2032 4946 per-

463 4962 569 5010 eat.
605 4953 804 5007 nullum
859 4953 988 5022 ipsis
1040 4955 1243 5010 lucrum
1285 4973 1350 5012 ex
1383 4959 1710 5031 singulorum
1760 4965 2028 5032 sanitate;

467 5044 559 5098 sed
590 5046 702 5099 sive
724 5046 910 5100 oculus
939 5059 1171 5108 maneat,
1204 5048 1315 5101 sive
1341 5067 1518 5118 nasus,
1550 5054 1690 5124 quod
1736 5071 1894 5110 suurn
1944 5070 2028 5112 est

455 5150 696 5202 servans,
727 5139 973 5208 ligamine
1005 5142 1201 5207 soluto,
1230 5143 1373 5196 nulla
1396 5156 1574 5212 postea
1610 5145 1730 5200 hinc
1754 5148 1856 5202 erit
1883 5149 2028 5204 utili-

456 5239 557 5282 tas.
591 5227 740 5294 Quod
756 5231 797 5282 si
825 5229 922 5286 hoc
940 5244 1206 5298 manente,
1231 5234 1316 5288 illa
1344 5246 1720 5290 nocumentum
1744 5238 2025 5308 accipiant,

456 5328 509 5372 et
529 5327 806 5386 gestantur
833 5329 886 5373 et
905 5321 970 5373 ad
1003 5324 1283 5377 sanitatem
1305 5325 1411 5378 cito
1443 5325 1686 5384 redeunt.
1735 5327 1837 5381 Sed
1869 5327 2024 5384 dixe-

458 5410 526 5463 rit
553 5408 782 5464 fortasse
813 5413 1074 5480 quispiam
1107 5431 1120 5468 :
1148 5413 1259 5468 lloc
1297 5416 1510 5483 quidem
1535 5418 1832 5488 incorpore
1863 5419 2024 5475 ratio-

455 5517 576 5558 nem
633 5501 810 5565 habet,
864 5503 1002 5572 quod
1030 5503 1081 5558 id
1108 5507 1192 5559 cui
1225 5505 1427 5561 desunt
1473 5512 1714 5580 quwdam
1768 5511 2028 5582 majorem

453 5593 680 5661 accipiat
709 5593 963 5649 honorem
993 5613 1006 5661 ;
1043 5597 1179 5667 apud
1205 5598 1448 5654 homines
1477 5616 1608 5657 Vero
1628 5603 1894 5673 quomodc
1927 5605 2029 5662 hoc

456 5689 748 5744 cernatur!
802 5687 857 5742 In
907 5687 1208 5746 hominibus
1252 5701 1398 5748 certe
1451 5695 1680 5750 maxime
1708 5695 1759 5750 id
1789 5697 2027 5752 arcidrrc

1197 246 1252 302 S.
1290 242 1564 300 JOANNIS
1600 238 2072 298 CIIRYSOSTOMI
2111 238 2425 296 AliCHlEP.
2465 243 2995 299 CONSTANTINOP.

2157 353 2357 409 videas.
2391 354 2598 410 Etenim
2629 355 2660 410 ii
2690 357 2778 426 qui
2813 358 2950 410 circa
2988 355 3318 411 undecimam
3349 357 3532 412 horam
3560 375 3724 414 vene-

2153 456 2297 513 runt,
2319 448 2473 517 primi
2520 449 2824 503 mercedem
2855 464 3112 518 accepere
3140 465 3154 507 ς
3183 460 3240 503 et
3280 449 3394 502 ovis
3419 465 3607 504 errans
3633 467 3726 522 pa-

2150 549 2281 592 stori
2302 539 2469 620 suasit
2499 547 2558 593 ut
2587 541 2873 608 nonaginta
2899 555 3090 594 novem
3141 539 3273 592 alias
3303 540 3647 610 relinqueret.
3673 553 3728 598 et

2148 629 2212 682 ad
2244 629 2410 698 ipsam
2459 641 2771 685 accurrerct
2793 640 2847 684 et
2878 641 2936 684 ut
2975 641 3186 700 reperta
3235 643 3538 701 gestaretur
3563 675 3577 698 ,
3622 651 3724 691 non

2147 719 2492 790 abigeretur;
2525 733 2578 776 et
2617 722 2756 777 filius
2788 722 3038 792 prodigus
3069 724 3186 793 plus
3217 724 3438 779 honoris
3472 729 3723 796 accepit,

2145 829 2305 882 quam
2335 814 2378 868 is
2408 815 2500 884 qui
2527 831 2585 868 se
2615 826 2760 869 recte
2787 825 3028 884 gesserat
3059 833 3072 879 ;
3105 824 3160 870 et
3193 817 3328 870 latro
3356 827 3480 872 ante
3506 829 3722 888 aposto-

2146 904 2228 959 los
2271 916 2556 960 coronatus
2582 915 2636 961 et
2661 907 2962 960 celebratus
3006 916 3106 961 est.
3159 907 3212 960 lu
3249 909 3462 962 talentis
3511 926 3722 981 quoque

2145 993 2374 1066 idipsum
2395 998 2590 1051 faetum
2623 997 2816 1053 videas.
2855 996 2988 1052 Nam
3011 999 3097 1067 qui
3136 998 3334 1053 talenta
3368 1003 3605 1071 quinque
3630 1017 3719 1056 ac-

2143 1099 2376 1159 ceperat,
2396 1098 2449 1143 et
2470 1091 2554 1158 qui
2587 1089 2692 1143 duo
2713 1099 3011 1158 acceperat,
3043 1091 3227 1145 eadem
3261 1093 3507 1148 tuercede
3535 1094 3722 1165 digna-

2145 1183 2182 1236 ti
2209 1192 2367 1247 sunt;
2397 1192 2446 1236 et
2467 1183 2580 1252 ipse
2600 1183 2745 1252 quod
2767 1181 2872 1236 duo
2896 1184 3193 1250 accepisset
3217 1198 3280 1237 ex
3311 1200 3494 1252 magna
3519 1187 3717 1244 factum

2143 1285 2228 1332 est
2246 1276 2600 1346 providentia.
2624 1274 2757 1329 Nam
2780 1277 2821 1329 si
2851 1274 3087 1344 quinque
3117 1275 3214 1342 ipsi
3241 1277 3542 1332 concredita
3585 1278 3720 1335 fuis~

2143 1379 2281 1435 sent,
2307 1384 2427 1423 cum
2454 1384 2557 1422 non
2579 1378 2762 1438 posset
2789 1367 2877 1421 illa
2919 1383 3134 1438 augere,
3159 1384 3222 1422 ex
3255 1378 3366 1423 toto
3395 1372 3717 1440 excidisset;

2143 1478 2264 1517 cum
2294 1471 2472 1516 autem
2527 1461 2635 1516 duo
2683 1461 3000 1532 accepisset,
3052 1476 3169 1514 cum
3196 1476 3257 1516 ea
3285 1478 3406 1532 qua:
3455 1479 3620 1533 penes
3660 1481 3722 1522 se

2143 1562 2299 1609 erant
2323 1553 2617 1622 implesset,
2647 1553 2838 1607 eodem
2871 1551 3116 1619 dignatus
3160 1561 3242 1607 est
3268 1555 3490 1622 praemio
3515 1572 3621 1626 quo
3651 1558 3717 1625 is,

2141 1647 2231 1716 qui
2257 1660 2376 1698 cum
2405 1644 2638 1713 quinque
2664 1650 2912 1711 operatus
2934 1641 3125 1706 fuerat,
3154 1652 3208 1696 ct
3231 1659 3297 1698 eo
3328 1645 3477 1698 illum
3500 1662 3723 1716 supera-

2143 1738 2238 1799 vit,
2265 1734 2406 1806 quod
2438 1749 2467 1788 a
2487 1733 2779 1788 minoribus
2807 1733 3077 1788 laboribus
3108 1734 3321 1789 easdem
3355 1750 3721 1808 consequutus

2140 1830 2211 1885 sit
2238 1841 2484 1883 coronas.
2512 1826 2669 1895 Atqui
2695 1826 2806 1895 ipse
2823 1841 3034 1896 quoque
3079 1825 3239 1881 homo
3285 1837 3434 1895 erat,
3463 1842 3517 1885 ut
3541 1841 3596 1886 et
3626 1833 3718 1888 illc

2139 1920 2227 1990 qui
2254 1920 2458 1987 accepit
2483 1919 2750 1987 quinque:
2783 1925 3014 1972 attamen
3047 1933 3151 1971 non
3183 1927 3290 1972 tam
3315 1930 3564 1977 accurate
3592 1937 3719 1978 cum

2140 2013 2230 2066 illo
2252 2013 2487 2065 rationes
2531 2011 2695 2079 exigit
2744 2010 3000 2064 Dominus
3020 2050 3036 2074 ,
3064 2026 3267 2081 .ueque
3313 2013 3455 2082 cogit
3482 2013 3632 2068 illum
3662 2025 3725 2071 tit

2141 2111 2281 2158 tanta
2306 2101 2484 2167 faciat,
2513 2111 2706 2171 quanta
2729 2114 3022 2155 conservus
3052 2101 3169 2168 ejus
3193 2119 3207 2165 ;
3233 2117 3405 2172 neque
3431 2103 3580 2172 dicit,
3610 2105 3722 2162 Cur

2139 2211 2244 2250 non
2279 2206 2427 2264 potes
2455 2195 2690 2263 quinque
2723 2193 2990 2248 conficere
3010 2191 3034 2248 ?
3055 2193 3195 2260 quod
3224 2196 3418 2249 merito
3446 2197 3671 2254 dixisset
3698 2217 3715 2265 ;

2137 2287 2305 2343 sedet
2333 2287 2500 2356 ipsum
2525 2283 2818 2339 coronavit.
2857 2283 2981 2340 [hac
3010 2299 3136 2355 ergo
3161 2300 3280 2340 cum
3312 2288 3516 2354 sciatis,
3551 2305 3617 2346 ne
3645 2292 3721 2346 in-

2137 2381 2345 2435 sultetis
2370 2380 2601 2450 majores
2637 2377 2954 2442 minoribus,
2994 2392 3062 2433 ne
3096 2393 3189 2433 vos
3229 2379 3375 2450 ipsos
3421 2391 3546 2438 ante
3596 2385 3719 2438 illos

2137 2473 2379 2535 ltedatis;
2431 2473 2534 2526 illis
2582 2474 2724 2527 enim
2774 2471 3058 2535 ahscissis,
3102 2482 3268 2525 totum
3311 2473 3448 2541 perit
3497 2491 3713 2546 corpus.

2134 2564 2271 2636 Quid
2295 2565 2437 2620 enim
2466 2565 2604 2619 aliud
2638 2575 2719 2621 est
2758 2583 2949 2637 corpus
2971 2609 2986 2635 ,
3016 2584 3174 2638 quam
3221 2566 3384 2621 multa
3428 2568 3666 2622 membra
3693 2568 3718 2621 ?

2133 2660 2272 2714 sicut
2296 2667 2350 2714 et
2376 2659 2490 2728 ipse
2511 2659 2603 2720 ait,
2638 2659 2835 2730 Corpus
2861 2678 2962 2716 non
2990 2671 3062 2715 est
3093 2679 3247 2715 unum
3281 2660 3557 2713 membrum
3581 2703 3596 2726 ,
3628 2663 3718 2715 sed

2136 2752 2321 2805 multa.
2381 2749 2436 2805 Si
2469 2752 2627 2820 igitur
2677 2751 2776 2805 hoc
2827 2763 2908 2806 est
2938 2768 3158 2822 corpus,
3203 2753 3429 2807 sollicite
3462 2768 3717 2808 curemus

2137 2851 2194 2896 ut
2223 2842 2378 2911 plura
2410 2843 2830 2911 maneantplura
2856 2858 2871 2907 ;
2903 2843 2972 2896 ita
3005 2853 3081 2906 ut,
3113 2843 3158 2897 si
3188 2843 3288 2897 hoc
3319 2858 3423 2898 non
3447 2853 3716 2908 servetur,

2133 2932 2293 2988 letale
2321 2933 2612 3002 accipiatur
2641 2933 2852 2990 vulnus.
2885 2932 3223 3003 Quapropter
3247 2934 3336 2988 ille
3363 2949 3467 2987 non
3500 2934 3602 2988 hoc
3629 2947 3718 2988 so-

2133 3023 2242 3079 lum
2266 3024 2450 3094 exigit,
2483 3033 2542 3078 ut
2570 3039 2636 3078 ne
2662 3024 2729 3079 ab
2745 3025 2866 3080 alis
2895 3024 3294 3089 abscindanmr,
3325 3023 3420 3080 sed
3459 3026 3624 3080 etiam
3653 3034 3710 3080 ut

2134 3117 2418 3173 admodum
2441 3118 2710 3191 conjuncti
2739 3133 3073 3172 maneamus.
3096 3117 3228 3172 Cum
3257 3117 3482 3172 dixisset
3519 3118 3658 3173 enim
3695 3159 3712 3181 ,

2138 3206 2203 3264 Ut
2223 3223 2328 3261 non
2358 3209 2657 3264 sitschisma
2683 3211 2734 3262 in
2755 3224 3002 3279 corpore;
3032 3225 3138 3263 non
3169 3209 3269 3264 hoc
3286 3219 3568 3264 contentus
3592 3208 3714 3274 fuit,

2134 3301 2227 3357 sed
2277 3300 2580 3371 subjunxit:
2633 3300 2699 3355 Ut
2729 3301 2780 3354 in
2810 3301 2978 3369 ipsum
3009 3317 3101 3371 pro
3129 3301 3341 3354 invicem
3365 3301 3585 3355 sollicita
3613 3311 3716 3354 smt

2133 3392 2355 3447 membra
2379 3409 2398 3458 ;
2440 3393 2664 3447 alteram
2690 3391 2827 3446 hanc
2854 3406 3066 3462 quoque
3091 3407 3307 3446 causam
3335 3391 3588 3454 alfcrens,
3621 3407 3717 3446 cur

2134 3487 2342 3542 minora
2366 3485 2624 3555 majorem
2675 3493 3030 3554 assequantur
3056 3482 3334 3538 honorem.
3367 3483 3484 3537 Non
3509 3491 3715 3537 tantum

2136 3579 2279 3637 enim
2300 3620 2315 3646 ,
2344 3587 2402 3634 ut
2429 3595 2534 3633 non
2561 3579 2628 3634 ab
2652 3579 2878 3632 invicem
2923 3586 3261 3648 separentur,
3290 3578 3367 3631 sic
3389 3576 3719 3647 dispensavit

2137 3671 2298 3734 Deus,
2320 3670 2414 3726 sed
2444 3671 2604 3726 etiam
2645 3679 2702 3724 ut
2731 3669 2894 3724 multa
2915 3678 3058 3724 esset
3084 3669 3279 3723 caritas
3311 3678 3365 3724 et
3400 3669 3714 3723 concordia.

2139 3763 2272 3820 Nam
2297 3764 2342 3818 si
2371 3764 2600 3832 singulis
2628 3777 2762 3832 opus
2789 3772 2869 3816 cst
2913 3763 3138 3832 proximi
3185 3761 3343 3815 saluti
3374 3761 3664 3831 advigilare
3698 3803 3716 3826 ,

2139 3873 2208 3911 ne
2239 3856 2368 3910 mihi
2400 3859 2576 3908 minus
2599 3864 2652 3908 et
2677 3855 2846 3923 magis
2891 3852 3092 3908 dixeris
3123 3871 3135 3904 :
3182 3852 3269 3906 hic
3312 3853 3454 3906 enim
3487 3868 3592 3906 non
3634 3861 3720 3906 est

2137 3949 2253 4018 plus
2277 3956 2331 4001 et
2361 3947 2558 4000 minus.
2597 3946 2842 4001 Manente
2872 3961 3102 4015 namque
3130 3959 3378 4014 corpore,
3405 3951 3582 4013 potest
3605 3943 3714 3999 dif—

2140 4039 2362 4094 ferentia
2391 4039 2557 4094 videri
2589 4055 2603 4104 ;
2639 4047 2896 4109 pereunte
2927 4045 3146 4105 autem,
3176 4052 3282 4092 non
3313 4037 3439 4092 item
3468 4055 3482 4091 :
3522 4036 3716 4108 peribit

2135 4147 2283 4200 vero,
2313 4133 2413 4188 nisi
2441 4135 2644 4188 minora
2668 4141 2934 4187 maneant.

2213 4228 2267 4281 5.
2291 4228 2342 4281 Si
2369 4242 2494 4296 ergo
2525 4241 2715 4295 magna
2743 4227 2988 4294 peribunt
3018 4223 3195 4294 parvis
3223 4223 3494 4289 abscissis,
3527 4223 3717 4277 simili-

2140 4327 2221 4374 ter
2258 4317 2456 4373 debent
2501 4317 2614 4372 haec
2640 4332 2826 4386 magna
2856 4330 3140 4386 parvorum
3174 4314 3396 4385 perinde
3427 4324 3587 4384 atque
3633 4313 3736 4369 sui.

2138 4426 2320 4467 curam
2352 4425 2537 4481 gerere
2562 4427 2575 4463 :
2605 4424 2726 4464 cum
2748 4407 2936 4462 horum
2958 4407 3098 4462 enim
3122 4408 3291 4462 salute
3312 4415 3532 4461 manent
3557 4406 3718 4460 etiam

2139 4502 2362 4573 majora.
2397 4501 2576 4570 Itaque
2628 4499 2837 4554 etiamsi
2883 4498 3075 4553 millies
3123 4497 3359 4562 dixeris,
3416 4496 3717 4552 membrum

2141 4609 2260 4650 esse
2285 4593 2566 4662 inglorium
2591 4602 2640 4646 ct
2668 4591 2876 4654 minus;
2907 4589 3000 4644 sed
3035 4590 3135 4644 nisi
3189 4605 3341 4659 mque
3389 4588 3672 4659 provideas
3699 4629 3714 4652 ,

2140 4695 2196 4740 ut
2229 4700 2324 4755 pro
2353 4693 2403 4739 te
2430 4684 2566 4754 ipso,
2596 4683 2689 4738 sed
2718 4693 2775 4736 ut
2817 4683 2993 4736 minus
3023 4681 3151 4736 illud
3180 4682 3439 4752 negligas,
3461 4681 3717 4736 damnqu

2143 4779 2194 4834 in
2223 4787 2273 4832 te
2292 4777 2554 4831 transibit.
2589 4775 2794 4830 Idcirco
2820 4790 2924 4830 non
2950 4774 3103 4830 dixit.
3130 4773 3198 4830 Ut
3231 4790 3326 4844 pro
3346 4775 3572 4829 invicem
3599 4784 3719 4827 tau-

2142 4880 2251 4924 tum
2281 4869 2506 4923 sollicita
2539 4869 2647 4923 sint
2675 4868 2936 4932 membra,
2973 4866 3066 4921 sed
3097 4866 3324 4936 adjecit,
3360 4866 3428 4922 Ut
3457 4868 3519 4921 de
3545 4867 3720 4920 eodem

2145 4978 2236 5033 pro
2269 4977 2321 5014 se
2339 4960 2550 5013 invicem
2578 4959 2799 5012 sollicita
2827 4958 2927 5012 sint
2971 4959 3236 5022 membra;
3264 4957 3317 5012 id
3383 4967 3469 5014 est
3497 4998 3512 5022 ,
3556 4956 3722 5014 simili

2147 5061 2200 5107 et
2229 5050 2438 5115 eadem,
2471 5065 2574 5118 qua
2603 5064 2847 5118 magnus,
2900 5062 3098 5118 parvus
3126 5063 3338 5118 quoque
3365 5048 3572 5101 fruatur
3595 5064 3721 5116 pro-

2143 5144 2397 5198 videntia.
2431 5142 2506 5196 Ne
2527 5143 2700 5211 itaque
2729 5141 2949 5204 dixeris,
2977 5141 3069 5196 Ille
3097 5140 3336 5210 plebeius
3373 5149 3478 5206 est,
3501 5141 3597 5196 sed
3625 5157 3720 5197 co-

2139 5238 2244 5304 gita
2274 5236 2420 5290 illum
2443 5249 2562 5288 esse
2591 5234 2781 5286 mcmln
2797 5215 2884 5286 um
2905 5234 3167 5302 corporis,
3187 5231 3328 5302 quod
3356 5240 3527 5286 totum
3549 5234 3722 5288 conti-

2141 5336 2259 5381 net:
2283 5342 2343 5381 ac
2361 5325 2806 5397 quemadmodum
2825 5325 3028 5388 oculus,
3055 5324 3125 5379 ita
3143 5333 3196 5378 et
3210 5323 3294 5378 hic
3310 5322 3436 5378 facit
3453 5333 3510 5378 ut
3526 5339 3722 5394 corpus

2142 5421 2211 5475 sit
2267 5435 2484 5490 corpus.
2545 5419 2648 5475 Ubi
2711 5419 2852 5473 enim
2904 5432 3099 5484 corpus
3145 5414 3482 5482 aedificatur,
3540 5418 3724 5470 nullus

2141 5512 2412 5583 quidpiam
2456 5511 2615 5566 habet
2662 5509 2928 5580 amplius,
2986 5523 3143 5579 quant
3189 5508 3488 5577 proximus.
3535 5507 3725 5578 Neque

2142 5605 2283 5660 enim
2313 5604 2412 5659 hoc
2439 5619 2632 5672 corpus
2671 5602 2835 5669 facit,
2865 5610 2923 5658 ut
2965 5604 3034 5655 sit
3071 5599 3200 5654 illud
3238 5599 3459 5670 quidem
3505 5601 3677 5669 majus
3701 5637 3722 5662 ,

2147 5700 2244 5754 huc
2275 5714 2399 5754 vero
2423 5697 2616 5765 minus,
2639 5693 2731 5752 sed
2751 5693 2894 5768 quod
2918 5692 3086 5750 multa
3109 5691 3210 5747 sint
3233 5699 3293 5748 et
3312 5689 3545 5748 diversa.
3573 5689 3726 5746 Sicut

3623 245 3730 302 260
3801 244 3808 250 ’
