3990 6168
425 289 524 348 εει

421 403 594 460 Πάλιν
627 399 697 458 ἂν
717 400 896 457 πάντα
937 398 1197 456 ἐλάττονα
1224 393 1283 472 ᾗ,
1321 395 1384 450 τό
1427 391 1562 448 αὐτό
1607 388 1986 461 συμϐήσεται·

418 493 562 547 ὥστε
601 491 697 546 καὶ
724 488 900 562 ταύτῃ
935 488 1148 541 ίσοῦται
1179 484 1250 539 τά
1274 483 1505 539 ἐλάττω.
1529 481 1593 534 El
1620 477 1677 532 δὲ
1703 478 1786 532 δεῖ
1817 494 1870 530 τι
1902 477 2001 530 καὶ

417 585 583 639 πλέον
645 583 841 645 εἰπεῖν,
900 580 988 634 ἴνα
1055 577 1191 650 μένῃ
1257 575 1442 646 σῶμα,
1507 573 1744 628 ἐλάττων
1793 569 1943 624 ἐστὶν
1974 570 2003 623 ὀ

421 676 659 728 ἐλάττων
681 695 700 716 ο
739 671 879 726 ὥστε
927 669 1016 723 διά
1044 669 1104 722 σέ
1145 671 1294 722 ἐστιν
1331 667 1592 729 ἐλάττων,
1617 666 1702 719 ῖνα
1733 664 1797 717 σὺ
1831 662 2001 736 μένῃς

421 765 599 836 μέγας
648 760 741 816 ὢν.
775 761 877 815 Διά
907 760 1066 815 τοῦτο
1110 760 1206 814 καὶ
1256 759 1355 831 τὴν
1390 759 1562 829 αὐτὴν
1596 757 1820 812 ἀπαιτεῖ
1849 755 2002 825 παρά

417 851 635 905 πάντων
682 849 937 920 πρόνοιαν
960 863 973 876 ⁸
1025 848 1124 901 καὶ¹
1154 845 1345 908 είπὼν,
1373 846 1509 900 Ἵνα
1550 843 1618 898 τὸ
1659 843 1806 898 αὐτὸ
1844 841 2000 910 ὑπὲρ

417 939 713 1006 ἀλλήλων
755 937 1088 1009 μεριμνῶσι
1128 937 1202 991 τὰ
1242 935 1432 1007 μέλη,
1461 933 1757 1006 ἐρμηνεύει
1784 932 1846 986 τὸ
1868 932 2001 986 αὐτὸ

415 1031 576 1085 τοῦτο
631 1029 817 1092 πάλιν,
879 1027 1056 1098 λέγων
1083 1045 1095 1058 ·
1162 1025 1274 1081 Καὶ
1317 1025 1438 1079 εἴτε
1491 1022 1715 1092 πάσχει
1775 1019 1845 1075 ἓν
1896 1020 2000 1091 μέ-

413 1124 548 1185 λος,
581 1117 931 1187 συμπάσχει
985 1115 1181 1170 πάντα
1226 1115 1300 1169 τὰ
1329 1114 1516 1182 μέλη·
1553 1113 1672 1166 εἴτε
1695 1109 2000 1177 δοξάζεται

415 1212 486 1266 ἐν
537 1211 745 1280 μέλος,
787 1214 1103 1278 συγχαίρει
1159 1206 1356 1261 πάντα
1410 1205 1482 1260 τὰ
1514 1203 1695 1271 μέλη.
1741 1203 1840 1258 Διά
1888 1204 1998 1275 γὰρ

412 1303 594 1366 τοῦτο,
629 1301 781 1374 φησὶ,
825 1302 918 1354 καὶ
959 1303 1056 1371 τὴν
1087 1300 1342 1371 πρόνοιαν
1385 1299 1569 1369 κοινὴν
1621 1297 1894 1369 ἐποίησεν,
1938 1300 1996 1350 ἐν

414 1393 649 1466 τοσαύτῃ
703 1392 854 1466 [282]
911 1392 1144 1462 διαφορᾷ
1188 1389 1606 1454 κατασκευάσας
1649 1390 1862 1456 ἕνωσιν,
1911 1389 1996 1443 ἵνα

415 1487 510 1540 καὶ
534 1485 643 1538 τῶν
666 1483 1070 1540 ἀποϐαινόντων
1099 1481 1268 1552 πολλὴ
1294 1483 1327 1552 ή
1356 1481 1608 1534 κοινωνία
1730 1480 1791 1535 Et
1827 1481 1935 1552 7&9
1961 1483 1995 1552 ή

413 1578 507 1632 τοῦ
560 1577 787 1644 πλησίον
845 1575 1074 1648 πρόνοια
1125 1572 1366 1645 σωτηρία
1411 1573 1563 1644 κοινή
1590 1575 1757 1640 ἐστιν,
1782 1573 1993 1645 ἀνάγκη

413 1672 510 1724 καὶ
547 1672 644 1740 τὴν
685 1669 841 1734 δόξαν
885 1669 977 1722 καὶ
1021 1665 1120 1738 τὴν
1166 1665 1403 1738 ἀθυμίαν
1449 1661 1590 1719 εἶναι
1623 1666 1825 1734 κοινήν.
1858 1666 1996 1735 Τρία

411 1763 590 1816 τοίνυν
619 1761 853 1816 ἐνταῦθα
886 1759 1141 1814 ἀπαιτεῖ·
1180 1757 1241 1810 τὸ
1268 1757 1343 1828 μὴ
1388 1757 1687 1827 σχίζεσθαι,
1711 1755 1825 1811 ἀλλ’
1855 1756 1995 1830 ἡνῶ-

412 1855 534 1910 σθαι
569 1855 705 1926 μετά
729 1852 1035 1923 ἀκριϐείας,
1063 1853 1123 1907 τὸ
1156 1853 1404 1924 προνοεῖν
1423 1850 1620 1921 ὁμοίως
1639 1850 1904 1921 ἀλλήλων,
1931 1851 1993 1904 τὸ

411 1945 568 2000 κοινά
596 1946 664 2000 τὰ
700 1944 1071 2016 συμϐαίνοντα
1119 1942 1393 2012 ἡγεῖσθαι.
1439 1941 1550 1994 Καὶ
1598 1943 1855 2012 ἀνωτέρω
1895 1942 1994 2013 μέν

411 2054 596 2108 φησιν,
626 2038 708 2091 ὅτι
747 2036 1136 2107 περισσοτέραν
1167 2036 1333 2089 ἔδωκε
1373 2034 1539 2104 τιμὴν
1565 2033 1643 2105 τῷ
1681 2035 1994 2106 ὑστεροῦντι

409 2131 497 2184 διὰ
512 2129 572 2182 τὸ
589 2128 816 2191 δεῖσθαι,
833 2128 1046 2189 δεικνὺς
1071 2128 1150 2180 ὅτι
1168 2127 1300 2182 αὐτὸ
1315 2126 1376 2179 τὺ
1389 2125 1732 2196 ὴλαττῶσθαι
1752 2127 1994 2197 μείζονος

410 2221 576 2290 τιμῆς
603 2219 862 2289 πρόξενον
887 2218 1130 2286 γέγονεν·
1161 2216 1395 2270 ἐνταῦθα
1421 2215 1478 2269 δὲ
1495 2217 1587 2269 καὶ
1613 2216 1753 2271 κατὰ
1775 2217 1866 2271 τὸν
1895 2217 1995 2288 τῆς

411 2312 669 2381 προνοίας
698 2310 867 2375 ἐξισοῖ
896 2308 1051 2375 λόγον
1082 2307 1221 2362 αὐτά
1257 2307 1360 2378 τῆς
1386 2307 1477 2361 ὐπ’
1505 2307 1751 2378 ἀλλήλων
1773 2309 1994 2379 γινομέ-

411 2421 529 2473 νης.
565 2402 665 2458 Διά
694 2402 804 2473 γάρ
826 2400 981 2455 τοῦτο
1001 2399 1097 2455 καὶ
1123 2398 1366 2470 μείζονος
1395 2400 1650 2472 ἐποίησεν
1686 2401 1993 2456 ἀπολαῦσαι

408 2493 600 2564 τιμῆς,
643 2492 829 2562 φησὶν,
880 2491 966 2546 ἵνα
1000 2490 1076 2563 μὴ
1107 2490 1388 2556 ἐλάττονος
1418 2491 1666 2566 ἀπολαύῃ
1714 2494 1990 2564 προνοίας.

412 2585 528 2640 Οὐκ
552 2583 802 2639 ἐντεῦθεν
827 2583 884 2638 δὲ
916 2584 1098 2651 μόνον,
1133 2583 1270 2638 ἀλλά
1303 2585 1397 2637 καὶ
1434 2585 1498 2638 ἐκ
1526 2584 1634 2638 τῶν
1665 2585 1993 2654 συμϐαινόν-

409 2695 520 2732 των
552 2675 805 2748 χρηστῶν
835 2678 931 2731 καὶ
973 2675 1234 2748 λυπηρῶν
1284 2675 1536 2747 ἀλλήλοις
1576 2676 1881 2732 συνδέδεται
1921 2678 1991 2734 τά

416 2765 573 2838 μέλη.
603 2766 714 2819 Καὶ
754 2765 862 2838 γὰρ
904 2769 970 2837 τῇ
1014 2767 1221 2837 πτέρνῃ
1270 2764 1529 2829 πολλάκις
1578 2767 1992 2840 προσπαγείσης

410 2857 675 2929 ἀκάνθης,
698 2857 818 2911 ὅλον
840 2857 900 2910 τὸ
931 2857 1090 2926 σῶμα
1119 2855 1451 2919 αἰσθάνεται,
1481 2857 1573 2909 καί¹
1605 2858 1861 2928 μεριμνᾷ,
1898 2859 1992 2912 καὶ

413 2949 581 3013 νῶτος
610 2949 938 3019 κάμπτεται,
981 2949 1075 3001 καὶ
1115 2947 1326 3018 γαστὴρ
1356 2947 1450 3000 καὶ
1481 2946 1646 3017 μηροὶ
1685 2948 1995 3003 συντέλλονο

410 3058 522 3103 ται,
577 3042 672 3093 καῖ⁵
713 3041 911 3110 χεῖρες,
948 3039 1199 3107 καθάπερ
1237 3038 1525 3110 δορυφόροι
1569 3040 1663 3092 καὶ
1721 3038 1991 3111 ὑπηρέται

414 3131 714 3201 προϊόντες,
766 3129 1046 3183 ἀνέλκουσι
1083 3132 1144 3182 τὸ
1179 3132 1371 3197 παγὲν,
1411 3130 1504 3184 καὶ
1545 3130 1756 3202 κεφαλὴ
1799 3131 1992 3185 ἐπικύ-

413 3239 558 3287 πτει,
592 3223 685 3277 καὶ
713 3221 982 3292 ὀφθαλμοὶ¹
1027 3222 1164 3292 μετὰ
1191 3220 1392 3292 πολλῆς
1429 3222 1599 3294 ὁρῶσι
1638 3225 1740 3292 τῆς
1772 3223 1993 3295 φροντί-

411 3314 522 3378 δος.
555 3314 718 3368 Ὥστε
737 3315 786 3367 εἰ
820 3315 912 3367 καὶ
935 3312 1151 3366 ἔλαττον
1180 3312 1292 3385 ἔχει
1326 3313 1404 3385 τῷ
1430 3314 1505 3385 μὴ
1540 3313 1798 3368 δύνασθαι
1831 3314 1992 3368 ἀνελ-

413 3405 526 3458 θεῖν
554 3408 582 3460 ὀ
611 3404 769 3470 ποῦς,
799 3404 935 3459 ἀλλά
957 3404 1033 3476 τῷ
1056 3405 1154 3475 τὴν
1182 3403 1424 3477 κεφαλὴν
1446 3407 1774 3474 καταγαγεῖν
1793 3405 1856 3459 τὸ
1878 3405 1990 3459 ἴσον

413 3495 560 3566 ἔσχε,
594 3497 689 3549 καὶ
725 3495 823 3566 τῆς
859 3494 1027 3566 αὐτῆς
1058 3493 1334 3548 ἀπέλαυσε
1372 3494 1554 3565 τιμῆς,
1604 3494 1696 3549 καὶ
1756 3493 1990 3564 μάλιστα

411 3589 540 3642 ὅταν
588 3587 664 3658 μὴ
714 3589 898 3658 χάριτι
945 3586 1326 3658 καταφέρωσιν
1374 3586 1542 3658 αὐτὴν
1586 3586 1635 3639 οί
1669 3585 1848 3652 πόδες,
1875 3585 1988 3640 ἀλλ’

410 3679 621 3750 ὀφειλῂ.
654 3679 818 3732 Ὥστε
848 3679 898 3731 εί
927 3677 1006 3748 τῷ
1035 3677 1338 3748 τιμιωτέρα
1376 3671 1513 3731 εἶναι
1557 3675 1884 3743 πλεονεκτεῖ,
1914 3677 1991 3746 τῷ

411 3767 507 3819 καὶ
529 3767 751 3837 τοιαύτη
784 3763 921 3820 οὖσα
947 3767 1026 3836 τῷ
1056 3767 1297 3822 ἐλάττονι
1324 3767 1423 3840 τὴν
1446 3767 1610 3839 τιμὴν
1637 3767 1868 3836 ὀφείλειν
1896 3770 1991 3824 καὶ

410 3857 512 3928 τὴν
536 3856 882 3928 κηδεμονίαν,
910 3861 1004 3910 καὶ
1035 3858 1116 3929 τῷ
1137 3871 1162 3900 ο
1194 3857 1394 3928 ὁμοίως
1418 3859 1679 3923 ὡσαύτως
1707 3860 1992 3929 συναλγεῖν

420 3949 648 4018 ἰσότητα
670 3949 912 4001 δείκνυσι
942 3948 1162 4018 πολλήν.
1189 3950 1254 4002 Τί
1283 3951 1392 4022 γὰρ
1416 3951 1652 4021 πτέρνης
1683 3952 1991 4006 εὐτελέστε-

415 4055 544 4112 ρον;
583 4039 636 4093 τί
672 4038 727 4092 δέ
770 4039 1012 4110 κεφαλῆς
1056 4040 1410 4111 τιμιώτερον;
1451 4040 1610 4095 Ἀλλά
1649 4041 1808 4097 τοῦτο
1855 4043 1991 4114 πρὸς

414 4133 591 4185 ἐκεῖνο
623 4131 828 4202 βαδίζει
858 4130 920 4184 τὸ
955 4130 1136 4201 μέλος,
1166 4133 1260 4185 καὶ
1279 4131 1456 4187 πάντα
1486 4132 1604 4204 μεθ’
1632 4133 1830 4205 ἐαυτῆς
1856 4151 1990 4203 συγ-

413 4226 570 4278 κινεῖ.
597 4223 765 4278 Πάλιν
797 4223 862 4277 ἀν
895 4221 1163 4293 ὀφθαλμοί
1214 4241 1266 4278 τι
1323 4224 1556 4286 πάθωσι,
1593 4224 1772 4279 πάντα
1812 4224 1986 4294 ἀλγεῖ,

411 4317 507 4372 καὶ
535 4316 715 4371 πάντα
741 4316 798 4370 ἐν
821 4315 1011 4387 ἀργίᾳ,
1043 4315 1140 4368 καὶ
1164 4313 1287 4369 οὔτε
1320 4315 1478 4379 πόδες
1512 4315 1837 4386 βαδίζουσιν,
1864 4315 1989 4370 οὐτε

410 4411 588 4480 χεῖρες
623 4406 966 4478 ἐργάζονται,
992 4404 1117 4460 οὔτε
1150 4406 1361 4478 γαστὴρ
1386 4407 1647 4462 ἀπολαύει
1673 4407 1781 4461 τῶν
1803 4407 1989 4461 είωθό-

407 4515 537 4553 των·
574 4497 749 4552 καίτοι
785 4499 849 4552 τὸ
877 4498 1049 4562 πάθος
1071 4497 1178 4552 τῶν
1199 4498 1494 4568 ὀφθαλμῶν
1528 4499 1664 4552 ἐστι.
1698 4497 1766 4552 Τί
1799 4499 1986 4570 τήκεις

408 4592 508 4662 τὴν
531 4589 806 4661 γαστέρα;
835 4589 890 4643 τί
913 4590 1164 4661 κατέχεις
1191 4591 1318 4653 τοὺς
1343 4589 1534 4653 πόδας;
1562 4591 1617 4642 τί
1643 4590 1864 4662 δεσμεῖς
1887 4591 1987 4656 τὰς

408 4683 598 4751 χεῖρας
618 4696 633 4746 ;
656 4681 780 4733 ὀτι
802 4681 1032 4744 ἐκείνοις
1054 4679 1379 4744 συνδέδεται,
1408 4681 1502 4734 καὶ
1527 4681 1778 4753 ἀρρήτως
1801 4682 1862 4734 τὸ
1879 4684 1988 4736 πᾶν

409 4773 611 4844 πάσχει
640 4772 818 4843 σῶμα.
843 4773 905 4826 El
932 4773 1040 4844 7&9
1064 4772 1140 4844 μὴ
1163 4771 1523 4842 συνέπασχεν,
1549 4771 1659 4826 οὐδ’
1682 4772 1746 4827 ἂν
1765 4773 1990 4844 ἠνέσχε-

408 4881 472 4919 το
490 4867 764 4918 κοινωνεῖν
791 4865 890 4935 τῆς
921 4865 1195 4936 προνοίας.
1251 4864 1452 4935 Διόπερ
1512 4863 1700 4925 είπὼν.
1745 4864 1870 4918 Ἵνα
1918 4866 1986 4920 τι)

409 4954 558 5011 αὐτὸ
595 4954 748 5024 ὑπὲρ
777 4952 1069 5020 ἀλλήλων
1098 4953 1427 5023 μεριμνῶσι
1464 4956 1536 5008 τὰ
1563 4953 1739 5025 μέλη,
1777 4955 1986 5027 ἐπήγα-

410 5064 525 5118 γεν·
556 5048 694 5103 Εἴτε
729 5048 952 5118 πάσχει
978 5045 1048 5101 ἐν
1066 5046 1274 5116 μέλος,
1306 5047 1652 5118 συμπάσχει
1678 5047 1876 5102 πάντα
1913 5048 1986 5103 τὰ

409 5140 562 5208 μέλη
579 5156 593 5171 ·
623 5141 742 5194 alta
780 5137 1084 5204 δοξάζεται
1110 5137 1181 5192 ἐν
1198 5138 1406 5208 μέλος,
1445 5139 1762 5209 συνχαίρει
1787 5139 1986 5194 πάντα

410 5229 484 5283 τὰ
500 5227 678 5297 μέλη.
709 5230 821 5283 Καὶ
865 5231 982 5294 πῶς
1015 5229 1320 5302 συγχαίρει,
1346 5229 1518 5300 φησί;
1547 5230 1912 5299 Στεφανοῦται
1949 5233 1982 5302 ἡ

411 5318 646 5389 κεφαλὴ,
673 5320 767 5373 καῖ
815 5319 960 5384 ἅπας
1000 5323 1029 5375 ὀ
1075 5321 1360 5393 ἄνθρωπος
1401 5319 1702 5388 δοξάζεται·
1741 5322 1891 5390 λέγει
1922 5322 1983 5376 τὸ

411 5409 611 5480 στόμα,
641 5410 734 5462 καὶ
760 5409 989 5479 γελῶσιν
1007 5411 1274 5482 ὀφθαλμοὶ
1311 5413 1407 5465 καὶ
1435 5413 1837 5483 εὐφραίνονται·
1864 5413 1983 5466 καί·

409 5517 494 5554 τοι
525 5499 586 5553 οὐ
631 5498 726 5552 τοῦ
765 5498 996 5565 κάλλους
1019 5501 1126 5553 τῶν
1156 5501 1470 5572 ὀφθαλμῶν,
1503 5503 1642 5558 ἀλλὰ
1675 5505 1776 5575 τῆς
1811 5505 1982 5574 γλώτ-

409 5606 510 5660 qq;
535 5590 570 5660 ή
597 5587 965 5660 εὐδοκίμησις.
995 5588 1162 5645 Πάλιν
1187 5590 1479 5661 ὀφθαλμῶν
1512 5593 1693 5649 καλῶν
1721 5597 1978 5668 φαινομέ-

471 5785 499 5816 ⁸
529 5783 784 5849 legebatur
803 5787 883 5836 καῖ
906 5787 978 5838 τό.

1190 279 1250 336 S.
1286 221 1575 335 JbANNlS
1611 267 1991 328 οιιιινευετς

2092 268 2101 322 l
2139 266 2456 326 ARCHIEP.
2497 266 3045 329 CONSTANTINOP.

3564 270 3672 328 (ὶθῖ

2094 404 2222 454 νων,
2257 389 2292 459 ἡ
2324 388 2474 443 πᾶσα
2487 387 2624 460 γυνὴ
2661 388 3084 454 καλλωπίζεται·
3103 381 3290 454 ὥσπερ
3311 380 3408 438 οὖν
3438 385 3534 440 καὶ
3576 379 3669 440 οὐ-

2103 493 2208 542 τοι,
2239 478 2336 532 καὶ
2359 478 2504 549 ρινδς
2536 477 2751 542 εὐθείας
2781 479 2876 532 καὶ
2906 477 3129 548 αὐχένος
3157 474 3324 545 ὀρθοῦ
3352 476 3445 530 καὶ
3475 477 3676 548 ἐτέρων

2105 567 2281 639 μελῶν
2309 567 2824 641 ἐγκωμιαζομένων,
2856 567 3122 638 γεγήθασι
3144 566 3236 618 καὶ
3266 564 3486 636 φαιδροὶ
3505 566 3679 634 γίνον-

2098 677 2209 723 ται,
2243 659 2338 714 καὶ
2369 659 2664 730 δακρύουσι
2688 661 2848 716 πάλιν
2876 658 3016 732 μετὰ
3039 657 3240 728 πολλῆς
3268 656 3371 727 τῆς
3397 657 3679 728 δαψιλείας

2100 751 2158 804 ἐν
2180 753 2298 816 ταῖς
2323 752 2536 816 ὀδύναις
2557 751 2736 807 αὐτῶν
2771 753 2869 807 καὶ
2893 754 3014 816 ταῖς
3055 752 3389 822 συμφοραῖς,
3418 751 3523 807 κᾶν
3555 753 3678 808 ἀσι-

2100 846 2208 908 νεῖς
2233 843 2383 898 αὐτοὶ
2403 842 2720 913 διαμένωσι.
3621 879 3666 900 κ

2171 1022 2324 1096 [285]
2354 1024 2589 1080 δ’.Ταῦτ’
2628 1021 2722 1081 οὗν
2758 1027 2998 1094 ἅπαντες
3017 1027 3388 1101 ἐννοήσαντες,
3418 1028 3680 1101 μιμησὼο

2099 1115 2239 1186 μεθα
2286 1115 2383 1187 τήν
2402 1117 2623 1189 ἀγάπην
2652 1118 2760 1173 τῶν
2795 1120 2971 1192 μελῶν
3001 1119 3226 1186 τούτων,
3260 1119 3395 1190 μηδὲ
3421 1121 3679 1176 τάναντία

2098 1206 2361 1278 ποιῶμεν,
2393 1208 2814 1280 ἐπεμϐαίνοντες
2830 1214 2942 1276 τοῖς
2964 1211 3056 1266 τοῦ
3095 1213 3323 1283 πλησίον
3344 1216 3550 1278 κακοῖς,
3579 1218 3677 1271 καὶ

2098 1296 2414 1364 φθονοῦντες
2432 1300 2545 1361 τοῖς
2562 1298 2656 1352 τοῦ
2681 1298 2908 1370 πλησίον
2927 1299 3170 1369 ἀγαθοῖς·
3203 1301 3541 1371 μαινομένων
3562 1307 3673 1375 7&9

2095 1387 2250 1441 τοῦτο
2283 1389 2377 1443 καὶ
2407 1389 2797 1462 ἐξεστηκότων.
2830 1394 2940 1446 Καὶ
2967 1393 3073 1464 γάρ
3101 1394 3130 1446 ὀ
3150 1392 3240 1447 τὸν
3270 1391 3547 1464 ὀφθαλμὸν
3585 1393 3674 1460 ἐξ·

2094 1481 2357 1552 ορύττων,
2394 1484 2822 1554 παραφροσύνης
2863 1483 3118 1554 μέγιστον
3159 1483 3354 1555 δεῖγμα
3389 1485 3673 1556 ἐξήνεγκε·

2096 1573 2189 1626 καὶ
2216 1573 2244 1624 ὀ
2268 1571 2366 1645 τὴν
2388 1575 2544 1644 χεῖρα
2573 1573 2893 1642 κατεσθίων,
2917 1575 3178 1648 λαμπρᾶς
3211 1578 3409 1648 μανίας
3439 1581 3676 1652 παρέχε-

2094 1677 2186 1712 ται
2213 1659 2454 1731 ἔλεγχον.
2486 1662 2549 1715 Et
2577 1661 2634 1714 δὲ
2662 1661 2883 1715 ἐπὶτῶν
2914 1662 3092 1734 μελῶν
3116 1664 3294 1727 τοῦτο,
3325 1667 3420 1720 κα)⁵
3445 1669 3539 1721 ἐπὶ
3569 1669 3677 1723 τῶν

2094 1751 2341 1823 ἀδελφῶν
2367 1753 2568 1824 ὁμοίως
2589 1753 2876 1824 γινόμενον
2905 1756 3332 1828 παραφροσύνης
3363 1760 3674 1831 περιτίθησι

2093 1842 2270 1908 δόξαν,
2303 1843 2397 1898 καὶ
2427 1843 2631 1916 βλάϐην
2657 1845 2718 1898 οὐ
2741 1844 2839 1918 τὴν
2864 1846 3134 1918 τυχοῦσαν
3160 1850 3378 1918 ἐπάγει.
3407 1851 3552 1914 Ἕως
3575 1853 3672 1923 μὲν

2093 1935 2202 2006 γὰρ
2235 1936 2302 1990 ἂν
2333 1938 2538 2000 ἐκεῖνος
2565 1937 2778 2010 λάμπῃ,
2811 1939 2908 1992 καὶ
2935 1941 2968 2011 ή
3001 1938 3070 2012 σὴ
3103 1941 3379 2013 εὐμορφία
3419 1943 3669 2012 φαίνεται

2091 2029 2188 2082 καὶ
2213 2027 2333 2082 ὅλον
2364 2028 2845 2096 καλλωπίζεταιτό
2871 2031 3050 2103 σῶμα·
3087 2033 3208 2087 οὐδὲ
3229 2033 3338 2106 γὰρ
3366 2037 3445 2100 είς
3478 2037 3669 2092 ἐαυτὸν

2095 2123 2257 2195 μόνον
2285 2121 2348 2176 τὸ
2375 2122 2570 2188 κάλλος
2591 2123 2958 2197 περιίστησιν,
2988 2123 3124 2180 ἀλλά
3151 2127 3246 2180 καὶ
3274 2127 3358 2180 σοὶ
3381 2125 3560 2180 δίδωσι
3583 2144 3669 2182 σε-

2094 2213 2408 2284 μνύνεσθαι·
2436 2213 2504 2268 ἂν
2536 2213 2594 2268 δέ
2623 2214 2969 2289 κατασϐέσῃς
2996 2214 3179 2282 αὐτὸν,
3216 2215 3324 2287 ὅλῳ
3350 2216 3429 2288 τῷ
3459 2216 3668 2288 σώματι

2091 2305 2269 2360 κοινὸν
2291 2306 2352 2360 τὸ
2375 2306 2568 2370 σκότος
2595 2305 2857 2378 είργάσω,
2892 2307 2987 2360 καὶ
3029 2307 3165 2361 πᾶσι
3197 2309 3310 2372 τοῖς
3341 2309 3530 2380 μέλεσι
3568 2310 3668 2381 τὴν

2093 2396 2380 2468 συμφοράν
2401 2397 2703 2468 ἐπήγαγες·
2751 2395 2945 2469 ὥσπερ
2977 2392 3072 2452 οὖν
3109 2397 3205 2453 ἐὰν
3229 2398 3493 2473 διατηρῇς
3531 2399 3666 2471 λάμ-

2090 2504 2282 2552 ποντα,
2302 2487 2583 2562 ὁλοκλήρῳ
2606 2487 2685 2561 τῷ
2707 2489 2920 2560 σώματι
2947 2489 3046 2562 τὴν
3066 2490 3217 2563 ὦραν
3238 2491 3540 2565 διατηρεῖς.
3561 2494 3665 2548 Οὐ-

2089 2579 2199 2644 δεὶς
2232 2581 2342 2652 γάρ
2377 2597 2562 2650 φησιν,
2591 2581 2673 2635 ὅτι
2707 2581 2884 2646 Καλὸς
2909 2583 2938 2636 ὀ
2965 2582 3260 2654 ὀφθαλμὸς,
3291 2583 3430 2638 ἀλλά
3451 2584 3538 2652 τίς
3561 2586 3668 2640 Κα-

2089 2669 2155 2743 λὴ
2191 2673 2225 2742 ή
2257 2672 2424 2727 δεῖνα·
2453 2673 2519 2728 ἂν
2545 2675 2604 2728 δέ
2638 2675 2732 2729 καὶ
2765 2675 2926 2740 αὐτὸς
2959 2676 3268 2748 ἐπαινῆται,
3296 2675 3437 2748 μετά
3468 2677 3530 2731 τὺ
3549 2694 3664 2731 κοιο

2089 2764 2178 2818 νὺν
2208 2764 2482 2837 ἐγκώμιον
2510 2767 2829 2822 ἐπαινεῖται.
2861 2766 3017 2822 Οὕτω
3049 2767 3143 2822 καὶ
3171 2769 3231 2823 ἐν
3256 2770 3326 2841 τῇ
3372 2768 3668 2842 Ἐκκλησία

2092 2855 2399 2925 συμϐαίνει·
2444 2857 2511 2912 ἂν
2551 2858 2662 2930 γὰρ
2706 2853 2810 2913 ὧσί
2846 2876 2997 2924 τινες
3045 2863 3094 2915 οἱ
3139 2861 3576 2933 εὐδοκιμοῦντες,
3606 2864 3670 2919 τὸ

2088 2948 2266 3002 κοινὸν
2289 2948 2594 3020 καρποῦται
2627 2948 2726 3022 τὴν
2748 2951 3045 3022 εὐφημίαν.
3073 2951 3137 3005 Οί
3163 2953 3275 3024 γὰρ
3305 2953 3493 3025 ἐχθροὶ
3512 2955 3574 3008 ού
3598 2954 3672 3009 δο-

2088 3036 2306 3120 αιροῦσι
2337 3038 2407 3092 τὰ
2431 3039 2701 3112 ἐγκώμια,
2729 3041 2867 3095 ἀλλά
2905 3043 3254 3098 συνάπτουσι.
3288 3044 3409 3099 Κᾶν
3499 3063 3583 3112 τις
3608 3049 3669 3102 ἐν

2088 3119 2166 3192 τῷ
2203 3121 2380 3189 λέγειν
2407 3123 2660 3195 λάμπων,
2697 3125 2798 3178 οὐκ
2825 3125 2988 3179 αὐτὸν
3031 3119 3452 3199 ἐγκωμιάζουσι
3485 3131 3667 3202 μόνον,

2089 3211 2224 3266 ἀλλά
2272 3214 2367 3268 καὶ
2415 3215 2516 3286 τὴν
2547 3215 2872 3288 Ἐκκλησίαν
2907 3218 3148 3274 ἃπασαν.
3182 3221 3320 3275 Οὐδὲ
3361 3222 3473 3294 γάρ
3505 3240 3669 3294 φασιν

2087 3303 2170 3358 ὅτι
2211 3303 2522 3376 θαυμαστὸς
2568 3307 2598 3359 ὀ
2645 3307 2790 3362 δεῖνα
2825 3309 3006 3380 μόνον,
3035 3311 3172 3366 ἀλλά
3215 3311 3304 3380 τί;
3357 3312 3670 3386 θαυμαστὸν

2089 3395 2272 3466 ἔχουσι
2325 3397 2647 3454 διδάσκαλον
2703 3401 2753 3453 οί
2820 3402 3168 3473 Χριστιανοί·
3227 3405 3323 3458 καὶ
3375 3407 3552 3461 κοινὸν
3607 3407 3670 3461 τὸ

2088 3488 2273 3559 κτῆμα
2319 3489 2583 3545 ποιοῦσιν.
2638 3486 2773 3546 Εἶτα
2830 3494 3088 3563 Ἕλληνες
3155 3496 3256 3567 μὲν
3309 3498 3667 3564 συνάπτουσι,

2091 3581 2155 3634 σὺ
2213 3580 2271 3634 δὲ
2319 3581 2566 3653 διαιρεῖς,
2602 3584 2698 3638 καὶ
2755 3585 3014 3658 πολεμεῖς
3067 3587 3146 3658 τῷ
3199 3588 3399 3642 σαυτοῦ
3454 3589 3669 3660 σώματι

2089 3674 2182 3727 καὶ
2220 3674 2359 3728 κατὰ
2406 3675 2517 3728 τῶν
2565 3676 2780 3731 οἰκείων
2826 3679 3044 3734 ἴστασαι
3088 3680 3297 3752 μελῶν;
3339 3682 3452 3736 Οὐκ
3486 3678 3666 3748 οἶσθα,

2088 3765 2170 3818 ὅτι
2226 3765 2386 3820 τοῦτο
2442 3769 2618 3823 πάντα
2665 3771 2990 3842 ἀνατρέπεις
3044 3775 3138 3828 καὶ
3194 3774 3304 3845 γὰρ
3343 3776 3436 3830 καὶ
3483 3778 3670 3828 Βασι-

2088 3859 2245 3926 λεία,
2279 3861 2462 3932 φησὶν,
2493 3861 2587 3931 ἐφ’
2625 3862 2852 3931 ἑαυτὴν
2872 3866 3230 3934 μερισθεῖσα
3262 3869 3335 3922 οὺ
3369 3866 3672 3934 σταθήσε-

2089 3967 2202 4006 ται.

2159 4133 2323 4188 Οὐδὲν
2364 4134 2422 4188 δέ
2450 4133 2595 4187 οὕτω
2623 4134 2834 4207 μερίζει
2879 4137 2974 4191 καὶ
3011 4138 3298 4210 διίστησιν,
3336 4140 3411 4207 ὡς
3475 4143 3672 4212 φθόνος

2088 4225 2180 4278 καὶ
2209 4224 2496 4295 βασκανία,
2526 4225 2588 4278 τὸ
2609 4225 2847 4296 χαλεπὸν
2884 4226 3042 4281 τοῦτο
3069 4229 3303 4300 νόσημα,
3348 4233 3442 4285 καὶ
3485 4236 3673 4307 πάσης

2087 4317 2530 4389 ἀπεστερημένον
2566 4316 2918 4390 συγγνώμης,
2953 4319 3047 4372 καὶ
3093 4319 3194 4390 τῆς
3233 4322 3342 4376 τῶν
3370 4326 3562 4379 κακῶν
3595 4328 3674 4398 ῥί-

2088 4409 2189 4481 ζης
2215 4410 2358 4467 κατά
2393 4427 2446 4463 τι
2485 4409 2884 4482 χαλεπώτερον.
2939 4410 2997 4465 '0
3045 4413 3145 4484 μὲν
3180 4413 3288 4484 γὰρ
3328 4416 3674 4492 φιλάργυρος

2085 4503 2209 4556 τότε
2248 4501 2456 4572 ἥδεται,
2499 4503 2629 4556 ὅταν
2653 4501 2816 4567 αὐτὸς
2851 4501 3023 4576 λάϐῃ·
3062 4505 3091 4556 ὀ
3133 4503 3190 4559 δέ
3235 4505 3505 4576 βάσκανος
3545 4512 3672 4564 τότε

2085 4595 2292 4666 ἥδεται,
2315 4594 2444 4648 ὅταν
2481 4594 2666 4665 ἔτερος
2699 4594 2775 4665 μὴ
2804 4593 2966 4667 λάϐῃ,
2997 4597 3094 4669 οὐχ
3127 4598 3254 4652 ὅταν
3279 4600 3444 4663 αὐτὸς
3481 4601 3629 4674 λάϐῃ
3654 4615 3670 4630 ·

2085 4685 2406 4758 εὐεργεσίαν
2445 4685 2554 4756 γὰρ
2593 4687 2802 4739 οίκείαν
2847 4689 3059 4759 νομίζει
3105 4689 3204 4761 τήν
3247 4691 3452 4763 ἐτέρων
3495 4709 3673 4747 κακο-

2086 4777 2345 4849 πραγίαν,
2372 4777 2432 4830 οὐ
2455 4776 2556 4848 τὴν
2588 4778 2794 4831 οίκείαν
2814 4779 3136 4850 εὐημερίαν,
3165 4783 3340 4846 κοινός
3358 4799 3445 4850 τις
3471 4783 3673 4856 ἐχθρὸς

2082 4871 2182 4942 τῆς
2217 4869 2324 4924 τῶν
2366 4868 2667 4942 ἀνθρώπιον
2715 4871 3138 4942 περιερχόμενος
3177 4873 3415 4943 φύσεως,
3455 4879 3554 4930 καὶ
3601 4881 3673 4933 τά

2080 4959 2175 5014 τοῦ
2205 4961 2443 5032 Χριστοῦ
2471 4961 2608 5034 μέλη
2629 4961 2873 5026 τύπτων,
2903 4955 2965 5016 οὗ
3014 4964 3068 5016 τί
3095 4965 3291 5034 γένοιτ’
3321 4967 3390 5022 ἂν
3418 4969 3672 5040 μανικώ-

2080 5071 2270 5126 τερον;
2312 5055 2371 5108 ’0
2396 5054 2604 5124 δαίμων
2642 5055 2830 5125 φθονεῖ
2853 5056 2976 5126 μὲν,
3021 5056 3138 5111 ἀλλ’
3170 5058 3502 5130 ἀνθρώποις,
3542 5063 3669 5116 δαί-

2083 5163 2205 5216 μονι
2255 5146 2312 5201 δέ
2355 5147 2562 5202 οὐδενί·
2625 5148 2689 5202 σὺ
2734 5147 2793 5201 δέ
2844 5147 3131 5221 ἄνθρωπος
3195 5148 3294 5216 ὢν,
3350 5152 3672 5224 ἀνθρώποις

2080 5235 2318 5306 φθονεῖς,
2341 5237 2434 5291 καὶ
2463 5237 2600 5310 πρὸς
2623 5238 2686 5292 τὸ
2714 5239 2986 5309 ὁμόφυλον
3012 5239 3230 5295 ἴστασαι
3255 5243 3349 5296 καὶ
3372 5241 3669 5314 ὁμογενὲς,

2079 5328 2215 5400 ὅπερ
2252 5328 2372 5383 οὐδέ
2400 5331 2428 5383 ὀ
2457 5329 2666 5400 δαίμων
2688 5333 2852 5387 ποιεῖ.
2885 5331 2996 5384 Καὶ
3024 5333 3184 5397 ποίας
3215 5332 3380 5406 τεύξῃ
3408 5338 3670 5405 συγγνὼ-

2081 5434 2210 5488 μης,
2243 5416 2401 5480 ποίας
2427 5416 2485 5470 δέ
2512 5417 2826 5488 ἀπολογίας,
2868 5419 2996 5473 ὅταν
3031 5419 3148 5494 ῖδῃς
3187 5420 3417 5491 ἀδελφὸν
3448 5424 3673 5497 εὐημε-

2081 5508 2276 5580 ροῦντα
2302 5509 2521 5581 τρέμων
2552 5511 2647 5564 καὶ
2688 5510 2927 5582 ὠχριῶν,
2970 5510 3369 5580 στεφανοῦσθαι
3407 5513 3534 5570 δέον
3571 5521 3674 5572 καὶ

2077 5603 2288 5673 χαίρειν
2313 5602 2408 5656 καὶ
2438 5603 2793 5671 ἀγάλλεσθαι;
2820 5605 2883 5657 El
2904 5604 2960 5657 δὲ
2995 5604 3089 5658 καὶ
3108 5603 3307 5675 ζηλοῦν
3333 5605 3570 5671 ἐθέλεις,
3602 5614 3672 5668 οὐ

2076 5691 2299 5748 κωλύω·
2336 5692 2598 5768 ζήλωσον,
2631 5695 2747 5749 ἀλλ’
2776 5696 2863 5751 ῖνα
2893 5695 3013 5750 κατ’
3040 5696 3249 5750 ἐκεῖνον
3269 5695 3401 5768 γένῃ
3433 5697 3539 5753 τὸν
3567 5701 3671 5755 εὐ-

2078 5785 2400 5858 δοκιμοῦντα
2420 5803 2433 5819 ·
2458 5787 2534 5860 μὴ
2556 5789 2641 5844 ἵνα
2666 5789 2827 5846 αὐτὸν
2849 5789 3237 5860 καταϐιϐάσῃς,
3263 5789 3496 5846 ἀλλ’ἵνα
3521 5791 3671 5863 πρὸς
