3990 6168
358 338 483 395 20L

357 460 504 502 enim
531 453 614 512 tu,
638 438 762 516 quia
785 439 954 513 major
975 455 1054 504 es,
1083 455 1277 512 cerpus
1304 438 1583 493 constituis
1610 456 1621 490 :
1652 438 1719 491 ita
1744 445 1802 491 et
1822 436 1927 499 hic,

358 534 485 608 quia
508 538 704 593 minor.
736 534 915 605 Itaque
937 534 1201 605 pusillitas
1230 532 1370 602 ejus,
1402 547 1524 585 cum
1552 546 1744 599 corpus
1770 527 1938 582 :edili-

360 642 488 682 care
518 635 769 696 oportet,
820 641 912 693 par
930 624 1023 678 tibi
1056 623 1260 677 honore
1299 622 1356 674 fit
1393 621 1458 674 ad
1498 620 1635 675 hanc
1661 617 1936 688 pulchram

358 717 769 780 collectionem;
803 715 1029 783 idipsum
1052 715 1191 768 enim
1226 722 1402 782 potest
1425 711 1565 781 quod
1595 722 1645 764 ιιι
1672 729 1685 764 :
1718 712 1767 763 id
1797 707 1937 780 quod

360 808 485 863 inde
507 809 675 877 palam
694 817 792 861 est.
811 806 923 860 Non
939 807 1005 859 sit
1020 805 1105 860 vel
1124 807 1299 859 minus
1321 804 1404 858 vel
1426 804 1596 872 majus
1616 804 1937 866 membrum,

360 913 461 951 nec
490 897 772 950 honestum
806 907 860 949 et
886 897 1059 950 minus
1103 896 1388 949 honestum
1417 936 1431 956 ,
1459 893 1552 948 Sed
1599 895 1707 947 sint
1761 894 1938 948 omnia

358 988 545 1042 oculus
571 1030 584 1051 ,
617 995 708 1040 aut
737 988 915 1041 omnia
944 994 1106 1054 caput
1134 1001 1148 1036 :
1204 999 1383 1039 auuoo
1419 984 1611 1053 peribit
1638 998 1835 1051 corpus
1877 983 1940 1036 il-

359 1079 445 1136 lud
479 1079 601 1133 ?‘ld
652 1079 826 1133 cuivis
875 1076 1217 1132 manifestum
1276 1085 1377 1130 est.
1434 1074 1638 1128 Rursus
1669 1074 1714 1126 si
1761 1074 1938 1127 onmia

360 1175 465 1229 sint
487 1173 714 1237 minora,
734 1172 962 1241 idipsum
981 1170 1211 1225 eveniet.
1238 1168 1417 1239 Itaque
1443 1169 1493 1223 in
1517 1168 1620 1222 hoc
1644 1168 1804 1221 etiam
1830 1168 1935 1220 mi-

360 1279 487 1318 nora
519 1274 646 1318 sunt
674 1262 921 1332 mqualia.
948 1262 1002 1315 Si
1034 1275 1160 1315 vero
1182 1268 1424 1328 oporteat
1452 1259 1576 1329 quid
1598 1258 1827 1327 amplius
1854 1257 1937 1310 di-

359 1371 501 1422 cere,
527 1364 587 1408 ut
611 1362 824 1408 maneat
854 1369 1068 1422 corpus,
1099 1353 1272 1406 minor
1297 1361 1383 1407 est
1411 1353 1454 1404 is
1481 1351 1568 1421 qui
1596 1352 1773 1404 minor
1795 1367 1807 1403 :
1828 1349 1936 1402 ita-

356 1462 465 1518 que
498 1457 716 1515 propter
748 1454 797 1499 te
829 1447 1002 1499 min‘or
1020 1454 1120 1509 ρει,
1144 1457 1193 1496 ιιι
1221 1453 1272 1496 ιιι
1296 1458 1521 1512 magnus
1547 1456 1782 1496 maneas.
1813 1439 1939 1494 idco

359 1536 606 1594 eamdem
661 1537 825 1607 exigit
860 1537 928 1589 ab
974 1535 1227 1589 omnibus
1275 1533 1696 1603 providentiam;
1724 1541 1779 1586 et
1816 1547 1935 1585 cum

357 1631 624 1692 dixisset,
679 1626 746 1682 Ut
798 1628 864 1680 de
904 1627 1075 1680 eodem
1096 1644 1187 1696 pro
1216 1627 1517 1699 se’invicein
1572 1624 1792 1678 sollicita
1839 1623 1938 1676 sint

359 1721 608 1788 membra,
638 1721 740 1774 hoc
763 1734 951 1773 rursus
974 1720 1355 1787 interpretatur
1375 1717 1560 1770 dicens
1586 1733 1598 1767 :
1627 1714 1716 1768 26.
1749 1713 1814 1767 Et
1838 1716 1938 1767 sive

358 1813 483 1883 quid
534 1812 726 1882 patitur
780 1827 934 1864 unum
987 1810 1260 1863 membrum
1287 1850 1302 1875 ,
1344 1809 1723 1878 compatiuntur
1772 1808 1938 1859 omnia

361 1904 585 1957 membra
611 1919 631 1957 :
660 1904 764 1956 sive
798 1902 1049 1972 gloriatur
1077 1917 1233 1955 unum
1277 1899 1574 1963 membrum,
1622 1898 1938 1967 congaudent

354 1994 531 2047 omnia
577 1994 819 2047 membra.
884 1990 1009 2046 Ideo
1061 1991 1241 2055 enim,
1297 1991 1505 2060 inquit,
1552 1989 1934 2058 providentiam

351 2097 697 2138 cumniunem
730 2081 879 2146 fecit,
907 2082 958 2134 in
984 2089 1130 2135 tanta
1159 2080 1457 2134 differentia
1506 2079 1761 2133 unitatem
1801 2094 1934 2133 con-

350 2177 599 2237 stituens,
626 2183 683 2227 ut
705 2189 892 2228 eorum
916 2174 1077 2228 etiam
1103 2189 1221 2242 qute
1240 2174 1553 2242 contingunt
1573 2187 1763 2244 magna
1792 2181 1935 2227 esset

345 2269 681 2326 communio.
708 2267 840 2322 Nam
871 2268 913 2322 si
945 2283 1065 2338 qua:
1089 2267 1291 2336 geritur
1324 2282 1449 2337 erga
1478 2267 1784 2336 proximum
1815 2280 1934 2334 pro.

344 2361 609 2426 videntis,
639 2361 939 2415 communis
966 2368 1048 2415 est
1076 2361 1242 2422 salus,
1274 2375 1494 2413 necesse
1519 2368 1605 2413 est
1627 2368 1679 2412 et
1706 2357 1932 2428 gloriam

343 2466 399 2511 et
431 2470 721 2511 mmrorem
753 2470 1093 2509 communem
1116 2468 1258 2508 esse.
1301 2453 1424 2506 Tria
1458 2453 1618 2523 igitur
1639 2453 1727 2507 hic
1745 2451 1929 2521 requi-

346 2547 439 2613 rit,
478 2563 583 2600 uon
612 2546 864 2610 discindi,
895 2544 990 2600 sed
1018 2553 1269 2599 accurate
1289 2544 1508 2612 junctos
1554 2557 1675 2597 esse
1704 2558 1720 2608 ;
1755 2541 1935 2611 provi-

338 2639 582 2694 dentiam
611 2646 849 2692 mutuam
875 2637 1123 2692 similiter
1142 2637 1352 2707 geri;ea
1377 2651 1495 2705 qua:
1511 2633 1755 2689 accidunt
1780 2649 1931 2690 com-

339 2731 530 2785 munia
590 2729 851 2799 reputari.
901 2729 967 2783 Et
1019 2731 1265 2797 superius
1315 2727 1530 2796 quidem
1581 2725 1740 2793 dicit,
1789 2724 1931 2796 quod

337 2820 800 2877 abundantiorem
853 2818 1066 2874 dederit
1110 2820 1368 2874 honorem
1399 2820 1447 2873 ei
1494 2819 1576 2872 cui
1620 2819 1812 2884 deest,
1862 2832 1931 2873 eo

337 2911 481 2981 quod
516 2922 711 2983 egeat;
744 2912 1055 2973 ostendens,
1078 2910 1217 2980 quod
1256 2910 1497 2964 defectus
1524 2910 1639 2979 ipse
1669 2909 1929 2979 majorem

334 3003 599 3057 conciliet
623 3002 918 3056 honorem:
953 3001 1039 3055 hic
1064 3011 1242 3055 autem
1286 3000 1404 3054 illos
1449 3008 1694 3070 exteqnat
1738 3015 1931 3055 secun-

334 3093 461 3146 dum
495 3093 641 3165 quod
673 3092 1006 3146 aliialiorum
1038 3100 1275 3146 mutuam
1310 3091 1699 3160 providentiam
1738 3107 1926 3160 gerere

333 3184 562 3239 debent.
614 3184 740 3239 Ideo
783 3199 1016 3254 namque
1060 3184 1264 3238 curavit
1298 3194 1353 3238 ut
1383 3183 1575 3252 majori
1625 3185 1930 3238 fruerentur

333 3275 572 3338 honore.
620 3277 829 3345 inqu-it,
872 3286 929 3330 ut
969 3291 1035 3330 ne
1071 3276 1263 3330 minori
1322 3291 1449 3330 cura
1501 3285 1557 3331 et
1595 3277 1927 3346 providentia

333 3368 613 3421 fruantur.
645 3368 757 3421 Non
778 3367 905 3422 hinc
934 3379 1114 3422 autem
1142 3368 1338 3434 solum,
1375 3370 1466 3423 sed
1496 3369 1658 3424 etiam
1686 3385 1748 3423 ex
1774 3370 1927 3425 bouis

334 3468 390 3511 et
427 3459 681 3513 tristibus
708 3475 826 3529 qua:
853 3460 1122 3521 accidunt,
1169 3462 1408 3516 membra
1454 3462 1792 3529 colligantur.
1828 3462 1925 3516 Et-

332 3552 488 3605 enim
520 3550 716 3621 plantte
745 3554 890 3620 pedis
936 3567 1079 3621 saepe
1106 3553 1265 3607 infixa
1290 3555 1462 3621 spina,
1514 3562 1682 3608 totum
1731 3569 1925 3623 corpus

330 3658 509 3697 sensu
526 3652 582 3698 et
599 3643 946 3699 sollicitudine
972 3644 1225 3709 afﬁcitur,
1251 3653 1307 3698 et
1328 3643 1547 3697 dorsum
1570 3645 1807 3698 ﬂectitur
1830 3684 1845 3709 ,
1871 3652 1927 3698 et

328 3746 529 3790 venter
547 3743 607 3789 et
627 3732 828 3789 femora
872 3737 1298 3804 comprimuntur
1319 3774 1334 3799 ,
1360 3743 1413 3789 et
1436 3749 1625 3788 manus
1657 3744 1924 3803 tamquam

325 3827 602 3882 satellites
629 3835 685 3881 et
714 3825 941 3880 ministri
993 3828 1363 3896 procedentes,
1415 3825 1559 3895 quod
1589 3827 1810 3880 infixum
1840 3838 1925 3883 est

324 3919 651 3985 extrahunt,
674 3927 731 3974 et
752 3929 911 3988 caput
938 3919 1225 3974 inclinatur
1250 3960 1264 3985 ,
1295 3919 1543 3988 oculique
1571 3933 1692 3973 cum
1716 3935 1842 3974 cura
1873 3931 1927 3976 et

324 4012 705 4067 sollicitudine
743 4028 932 4082 magna
988 4013 1305 4081 respiciunt.
1364 4011 1436 4066 lta
1484 4022 1541 4066 ut
1583 4014 1792 4067 etiamsi
1832 4028 1925 4082 pes

325 4103 507 4157 minus
551 4102 784 4168 habeat,
814 4103 956 4173 quod
985 4120 1088 4156 non
1119 4104 1639 4171 possitasceudere;
1689 4112 1922 4158 attamen

323 4194 468 4262 quod
502 4207 671 4265 caput
703 4194 1009 4261 deduxerit,
1043 4211 1138 4265 par
1166 4196 1262 4265 ipsi
1295 4205 1397 4262 est,
1430 4206 1483 4250 et
1513 4197 1701 4250 eodem
1731 4197 1924 4250 fruitur

322 4285 537 4342 honore
573 4304 589 4353 ;
625 4287 861 4342 maxime
883 4302 1013 4342 vero
1044 4287 1182 4356 quod
1219 4287 1382 4356 pedes
1431 4286 1698 4341 deducant
1750 4290 1921 4357 ipsum

323 4394 433 4432 non
465 4395 567 4450 per
595 4381 852 4451 gratiam,
875 4380 968 4434 sed
997 4395 1091 4449 per
1129 4379 1392 4434 debitum.
1437 4380 1644 4447 Itaque,
1691 4381 1733 4432 si
1783 4379 1923 4449 quod

323 4469 655 4526 honoratius
686 4471 753 4525 sit
784 4482 1022 4540 superet,
1046 4487 1111 4525 ex
1141 4488 1205 4525 eo
1233 4470 1372 4541 quod
1392 4471 1497 4524 tale
1527 4485 1646 4525 cmn
1672 4471 1760 4537 sit,
1787 4471 1924 4525 infe-

323 4563 456 4617 riori
480 4562 691 4619 debeat
721 4562 980 4617 honorem
1002 4571 1055 4617 et
1077 4563 1520 4625 sollicitudinem,
1554 4572 1608 4617 et
1636 4564 1775 4632 quod
1804 4578 1923 4617 cum

320 4655 441 4727 ipso
464 4654 687 4718 doleat,
720 4652 847 4709 hinc
895 4653 1247 4723 :rqualitatem
1277 4653 1496 4707 multam
1522 4654 1729 4722 probat.
1786 4653 1922 4721 Quid

321 4748 468 4799 enim
498 4755 586 4800 est
610 4745 798 4816 planta
833 4745 983 4814 pedis
1002 4744 1198 4799 vilius?
1229 4745 1354 4812 quid
1385 4744 1558 4813 capite
1588 4745 1874 4814 pretiosius
1903 4745 1927 4796 7

320 4843 426 4900 Sed
456 4843 567 4900 hoc
598 4842 754 4898 vadit
783 4843 847 4897 ad
883 4841 1011 4895 illud
1070 4841 1368 4895 membrum
1395 4883 1410 4904 ,
1435 4851 1490 4894 et
1520 4842 1697 4896 omnia
1742 4856 1923 4895 secum

318 4946 663 4992 commovet.
713 4935 943 4991 Rursum
975 4936 1018 4987 si
1053 4934 1192 4988 oeuli
1236 4932 1359 5003 quid
1408 4934 1676 5001 patiantur
1701 4975 1713 4993 ,
1747 4934 1925 4988 omnia

317 5032 529 5098 dolent,
556 5040 617 5085 et
647 5028 831 5082 omnia
864 5028 916 5081 in
947 5027 1058 5080 otio
1103 5037 1226 5081 sunt
1255 5042 1270 5088 ;
1303 5036 1356 5079 et
1393 5041 1565 5095 neque
1599 5025 1761 5094 pedes
1808 5042 1928 5095 gra—

318 5124 569 5188 diuntur,
608 5135 795 5193 neque
824 5136 1017 5175 ntanus
1043 5128 1357 5190 operantur,
1389 5133 1561 5187 neque
1589 5126 1778 5172 venter
1800 5118 1930 5172 soli-

321 5220 389 5273 tis
415 5219 590 5274 rebus
619 5217 820 5271 fruitur
851 5234 862 5269 :
893 5217 1035 5285 atqui
1061 5217 1341 5269 infirmitas
1364 5223 1446 5268 est
1467 5213 1766 5267 oculorum.
1826 5216 1932 5267 tlur

320 5319 575 5363 ventrem
609 5305 898 5376 liquefacis
917 5307 941 5361 ?
957 5322 1054 5362 Cur
1083 5307 1243 5375 pedes
1266 5304 1505 5359 retines?
1533 5320 1629 5358 cur
1651 5319 1839 5358 manus
1860 5302 1928 5357 li-

321 5403 465 5472 gas?
521 5401 806 5471 Quoniam
860 5401 967 5455 illis
993 5415 1054 5456 es
1074 5400 1338 5470 alligatus,
1370 5408 1425 5455 et
1468 5396 1723 5453 inetl‘abili
1770 5398 1929 5452 modo

324 5509 524 5563 corpus
553 5501 736 5548 totum
760 5491 976 5561 patitur.
1024 5490 1135 5545 Nisi
1176 5491 1315 5545 enim
1363 5498 1778 5561 compateretur,
1822 5503 1928 5543 non

327 5583 691 5639 sustinuisset
736 5596 857 5637 esse
886 5582 1088 5635 socium
1132 5596 1273 5636 curua
1304 5590 1357 5636 et
1386 5580 1755 5650 providentite.
1803 5578 1929 5635 Ideo

329 5690 450 5730 eum
504 5674 779 5735 dixisset,
836 5670 905 5727 Ut
949 5672 1001 5724 in
1026 5671 1246 5737 idipsum
1277 5688 1366 5741 pro
1393 5688 1446 5724 se
1470 5671 1676 5725 invicem
1708 5670 1927 5725 sollicita

330 5764 427 5819 sint
457 5764 718 5820 membra.
749 5762 1055 5829 snbjnuxit:
1088 5762 1207 5816 Sive
1232 5763 1422 5832 patitur
1439 5779 1591 5816 unum
1622 5762 1918 5831 membrum,

696 5863 968 5923 PATBOL.
1018 5865 1130 5922 Gn.
1183 5860 1342 5925 LXI.

1387 323 1453 379 ΙΝ
1491 322 1707 380 EPlS‘l‘.
1752 320 1771 377 Ι
1837 320 1927 378 AD
1967 316 2123 378 COR.
2165 319 2394 376 HOlllL.
2445 319 2636 377 XXXI.

3531 329 3638 386 262

2048 436 2423 506 compatiuntur
2465 436 2635 490 omnia
2682 438 2903 492 membra
2928 455 2946 493 :
2970 442 3073 495 sive
3115 438 3433 512 gloriﬁcatur
3482 461 3637 499 unum

2049 526 2371 593 membrum,
2418 528 2737 597 congaudent
2774 531 2947 583 omnia
2976 531 3217 587 membra.
3254 532 3320 588 Et
3364 536 3637 605 quomodo

2046 618 2408 687 congaudent,
2438 618 2695 689 inquies?
2722 620 3026 678 Coronatur
3070 635 3251 695 caput,
3282 637 3335 682 et
3362 638 3507 682 totus
3537 628 3638 685 ho-

2048 722 2137 761 mo
2190 707 2522 776 glorificatur
2551 728 2563 762 :
2594 728 2918 781 quamquam
2941 730 3003 767 us
3028 715 3177 778 dicit.
3210 728 3266 773 et
3292 718 3466 774 rident
3493 719 3635 777 oculi

2044 811 2100 853 et
2125 799 2408 855 Lutautur:
2444 817 2551 857 non
2580 814 2662 858 est
2688 807 2964 861 ocnlormn
3000 810 3384 879 pulchritudo,
3416 815 3510 869 sed
3535 816 3637 871 lin-

2044 906 2161 961 gnte
2190 891 2458 947 facundia.
2494 895 2698 952 Rursus
2723 938 2738 959 ,
2772 899 2817 952 si
2847 900 3052 968 pulchri
3094 915 3396 972 appareant
3442 907 3585 962 oculi
3616 951 3631 968 .

2046 989 2152 1036 tota
2186 985 2376 1038 mulier
2403 996 2655 1039 ornatur:
2690 990 2827 1043 sicut
2854 990 3015 1047 etiam
3042 996 3204 1059 oculi,
3238 997 3281 1049 si
3320 1007 3500 1053 rectus
3540 1015 3634 1053 na-

2044 1091 2157 1140 sus,
2185 1077 2382 1132 collum
2434 1088 2671 1149 rectum,
2697 1091 2749 1136 et
2778 1083 2878 1136 alia
2921 1087 3158 1140 membra
3189 1087 3490 1158 laudentur,
3544 1091 3633 1146 la:-

2047 1176 2224 1222 tanlur
2242 1178 2294 1223 et
2324 1185 2432 1239 pra)
2452 1171 2646 1241 gaudio
2667 1175 2902 1243 gestiunt
2928 1192 2941 1239 ;
2973 1191 3035 1230 ac
3064 1193 3277 1234 rursum
3322 1180 3628 1254 laetyman—

2047 1269 2130 1312 tur
2161 1260 2208 1313 in
2250 1260 2528 1315 doloribus
2551 1273 2605 1318 et
2629 1264 3026 1321 calamitatibus
3044 1284 3253 1337 eorum,
3295 1274 3503 1328 etiamsi
3529 1276 3630 1346 ipsi

2046 1352 2194 1409 illa‘si
2222 1366 2489 1410 maneant.

2113 1446 2165 1499 4.
2196 1445 2321 1501 llmc
2350 1462 2476 1517 ergo
2504 1465 2692 1504 omnes
2743 1452 3060 1521 cogitantes,
3108 1455 3382 1511 imitemur
3431 1456 3620 1515 borum

2044 1537 2406 1591 membrorum
2436 1538 2798 1606 dilectionem,
2839 1560 3011 1614 neque
3051 1549 3315 1602 contraria
3351 1548 3627 1615 faciamus,

2045 1627 2198 1682 malis
2228 1632 2454 1696 proximi
2489 1633 2831 1700 insultantes,
2860 1644 2915 1690 et
2959 1638 3074 1706 ejus
3101 1640 3254 1695 bonis
3288 1642 3626 1697 invidentes:

2044 1716 2332 1772 furentium
2362 1723 2504 1774 enim
2535 1721 2638 1777 hoc
2665 1732 2747 1778 est
2773 1734 2827 1778 et
2852 1741 3036 1781 eorum
3063 1729 3149 1798 qui
3179 1731 3228 1783 in
3246 1747 3325 1785 ext
3344 1747 3465 1787 essu
3492 1750 3632 1789 men-

2045 1810 2111 1864 tis
2134 1812 2497 1866 snnt.Etcnim
2518 1815 2607 1881 qui
2637 1815 2823 1870 eﬂodit
2845 1819 3079 1884 oculum,
3104 1824 3399 1877 maximum
3431 1825 3632 1894 profert

2042 1903 2289 1956 amentiae
2314 1903 2523 1972 signum
2553 1922 2568 1958 :
2599 1914 2653 1960 et
2697 1908 2786 1977 qui
2814 1924 3028 1963 manum
3058 1913 3259 1978 exedit,
3317 1928 3516 1983 aperta:
3546 1917 3630 1972 in-

2043 1994 2206 2048 saniae
2232 2006 2601 2066 argumentum
2627 2000 2845 2068 pra'bet.
2877 2000 2931 2054 Si
2959 2011 3134 2056 autem
3156 2004 3256 2060 hoc
3280 2007 3329 2060 in
3350 2008 3628 2075 membris,

2042 2082 2094 2136 in
2127 2083 2377 2138 fratribus
2424 2086 2671 2142 similiter
2721 2089 3013 2145 admissum
3068 2093 3386 2160 insipientia:
3433 2096 3628 2154 famam

2042 2173 2217 2239 affert,
2250 2184 2303 2229 et
2328 2191 2434 2230 non
2469 2178 2583 2232 leve
2610 2178 2990 2237 detrimentum
3028 2183 3247 2239 inducit.
3277 2186 3409 2241 Nam
3437 2204 3627 2260 quam—

2042 2266 2134 2320 diu
2180 2267 2269 2321 ille
2315 2269 2645 2338 resplendet,
2682 2278 2769 2325 tua
2797 2288 3011 2343 quoque
3059 2273 3227 2331 forma
3275 2290 3518 2349 apparet,
3573 2290 3631 2337 et

2040 2373 2235 2427 corpus
2267 2366 2433 2413 totmn
2461 2370 2714 2427 ornatur;
2750 2379 2920 2434 neque
2960 2364 3104 2420 enim
3131 2367 3194 2420 ad
3224 2384 3283 2423 se
3302 2370 3476 2425 solum
3506 2372 3628 2441 pul-

2040 2450 2395 2506 chritudinem
2421 2453 2653 2520 adducit,
2683 2455 2777 2509 sed
2798 2467 2851 2510 et
2884 2457 2974 2512 tibi
2999 2459 3259 2528 gloriandi
3288 2463 3460 2518 locum
3490 2480 3629 2535 prte-

2042 2541 2134 2596 bet
2163 2560 2178 2597 :
2211 2543 2255 2598 si
2278 2553 2456 2599 autem
2489 2546 2637 2600 illum
2658 2550 2986 2619 exstinguas,
3016 2552 3110 2606 toti
3146 2555 3359 2624 corpori
3386 2572 3628 2612 commu-

2043 2647 2136 2689 nes
2157 2636 2406 2691 tenebras
2431 2635 2677 2705 effecisti,
2707 2647 2761 2693 et
2788 2639 3035 2696 omnibus
3068 2644 3326 2700 membris
3373 2647 3626 2707 indusiati

2039 2723 2427 2793 Calamitatem;
2456 2737 2512 2781 ut
2531 2742 2596 2782 ex
2619 2729 2908 2797 contrario,
2934 2733 2977 2785 si
3003 2733 3372 2800 splendentem
3400 2754 3621 2797 conser-

2040 2832 2156 2881 ves,
2202 2818 2363 2873 totius
2410 2820 2650 2889 corporis
2681 2820 2904 2875 formam
2952 2839 3261 2880 conservas.
3288 2827 3457 2884 Nemo
3480 2833 3624 2889 enim

2039 2908 2187 2975 dicit,
2217 2909 2446 2965 Pulcher
2469 2919 2550 2966 est
2570 2912 2777 2977 oculos,
2797 2913 2890 2969 sed
2914 2914 3075 2984 quid?
3104 2914 3356 2973 Formosa
3385 2931 3466 2975 est
3486 2922 3573 2977 illa
3608 2936 3625 2986 ;

2038 3003 2083 3057 si
2111 3011 2289 3058 autem
2322 3013 2375 3058 et
2407 3004 2518 3074 ipse
2560 3004 2822 3069 laudetur,
2853 3014 2977 3076 post
3013 3022 3299 3065 comnnme
3320 3017 3623 3071 eueomium

2038 3096 2303 3152 laudatur.
2331 3097 2420 3152 Sic
2441 3105 2495 3151 et
2520 3098 2568 3151 in
2593 3098 2824 3152 Ecclesia
2845 3100 3123 3171 contingit.
3156 3102 3209 3158 Si
3233 3104 3378 3159 enim
3409 3107 3622 3176 quidam

2036 3188 2163 3255 sint,
2194 3189 2284 3257 qui
2316 3189 2450 3243 bona
2483 3187 2619 3242 fama
2663 3188 2950 3258 gaudeant,
2996 3200 3164 3246 totum
3210 3210 3404 3265 corpus
3451 3197 3625 3255 laudis

2034 3276 2266 3335 fructum
2316 3280 2562 3348 percipit.
2608 3279 2808 3335 Inimici
2836 3297 3067 3352 namque
3097 3288 3339 3342 encomia
3389 3304 3494 3343 non
3541 3290 3625 3345 di-

2035 3371 2329 3441 stinguunt,
2353 3370 2445 3424 Sed
2472 3371 2820 3440 coitjunguut.
2847 3372 2970 3426 Etsi
2998 3375 3117 3443 quis
3140 3376 3346 3432 dicendi
3379 3380 3623 3436 facundia

2034 3459 2224 3520 valeat,
2260 3476 2365 3513 non
2393 3460 2539 3513 illum
2584 3461 2759 3513 solum
2805 3464 3064 3516 encomiis
3090 3466 3383 3532 celebrant,
3430 3470 3524 3524 sed
3567 3481 3624 3527 et

2036 3559 2195 3603 totam
2246 3550 2558 3604 Ecclesiam.
2608 3550 2790 3619 Neque
2821 3553 2964 3605 enim
3012 3552 3197 3608 dicunt
3243 3567 3483 3623 tantum,
3530 3560 3625 3617 llle

2034 3642 2292 3697 mirabilis
2338 3650 2438 3705 est,
2489 3641 2584 3695 sed
2638 3642 2802 3710 quid?
2832 3641 3122 3698 Mirabilem
3164 3644 3436 3702 doctorem
3464 3649 3621 3706 Chri-

2033 3735 2188 3786 stiani
2241 3732 2439 3787 habent
2471 3749 2483 3784 :
2515 3742 2568 3785 et
2604 3748 2944 3787 communem
2975 3732 3172 3788 faciunt
3206 3741 3618 3806 pos~essionetn.

2034 3826 2190 3894 Atqui
2214 3824 2384 3879 Gra'ci
2414 3823 2627 3892 quidem
2650 3823 3000 3891 ennjnngunt,
3032 3838 3084 3878 ιιι
3134 3842 3263 3882 vero
3307 3829 3531 3895 dixidis,
3567 3844 3620 3888 et

2031 3935 2148 3972 eum
2176 3928 2264 3970 tuo
2288 3930 2514 3986 corpore
2547 3930 2747 3985 pugnas
2775 3916 2985 3985 tuisque
3015 3920 3269 3973 membris
3288 3920 3620 3981 advt-rsaris?

2033 4009 2233 4073 Nescis,
2266 4009 2367 4061 hoc
2393 4007 2570 4061 omnia
2598 3997 2952 4061 subvertere?
2984 4025 3102 4063 nam
3139 4011 3389 4082 Regnum,
3425 4015 3615 4087 inquit,

2028 4101 2079 4153 in
2109 4101 2326 4171 seipsnm
2354 4101 2564 4153 divisum
2592 4116 2692 4153 non
2718 4101 2865 4153 stabit
2892 4098 2913 4173 (
2940 4100 3101 4156 Marc.
3139 4103 3224 4165 12,
3264 4105 3335 4158 93
3359 4104 3396 4171 ).

2105 4193 2254 4248 Nihil
2274 4196 2344 4246 ita
2371 4193 2581 4248 (lissidia
2608 4194 2741 4261 parit
2773 4203 2826 4245 ut
2846 4195 3056 4247 invidia.
3077 4195 3298 4249 -—l\'ihi|
3332 4209 3508 4253 autem
3543 4203 3613 4256 ita

2029 4288 2215 4343 dividit
2233 4296 2529 4357 ctseparat,
2550 4295 2607 4339 ut
2623 4286 2818 4339 invidia
2840 4296 2891 4338 et
2906 4286 3056 4346 livor,
3078 4286 3164 4340 hic
3183 4289 3359 4355 gravis
3379 4295 3615 4355 morbus,

2029 4384 2116 4453 qui
2142 4382 2284 4435 omni
2307 4381 2461 4433 venia
2483 4381 2740 4448 privatur,
2761 4390 2813 4432 et
2837 4379 3094 4431 malorum
3128 4380 3308 4433 radice
3323 4382 3615 4436 secundum

2030 4474 2154 4544 quid
2200 4472 2412 4541 gravior
2455 4480 2555 4524 est.
2599 4469 2805 4523 Avarus
2848 4470 2989 4522 enim
3043 4481 3167 4523 tunc
3215 4470 3445 4532 lmtatnr,
3495 4489 3616 4531 eum

2030 4564 2329 4633 acceperit;
2362 4560 2572 4616 invidus
2601 4574 2729 4614 vero
2773 4569 2897 4614 tunc
2944 4559 3159 4628 gaudet,
3189 4575 3307 4614 cum
3349 4562 3485 4615 alius
3511 4579 3619 4619 non

2032 4655 2314 4724 acceperit.
2345 4668 2449 4707 non
2487 4666 2607 4708 cum
2651 4652 2764 4721 ipse
2786 4651 3053 4719 acceperit
3079 4668 3093 4704 :
3120 4650 3435 4707 beneﬁcium
3476 4670 3623 4710 nant.

2031 4763 2135 4816 que
2163 4761 2314 4801 suum
2339 4752 2487 4816 putat
2523 4742 2749 4797 aliorum
2780 4741 3181 4804 adversitatem,
3213 4758 3317 4796 non
3349 4747 3617 4815 propriam

2034 4841 2361 4899 felicitatem,
2417 4836 2718 4891 communis
2748 4835 3009 4904 qniSpiam
3048 4834 3216 4890 hostis
3248 4836 3492 4894 humanae
3522 4856 3622 4894 ua-
3648 4874 3656 4882 ι

2033 4939 2164 4986 furat
2192 4929 2530 4992 circumiens,
2559 4937 2612 4981 cl
2636 4925 2831 4979 Christi
2860 4926 3094 4981 ntcmhra
3132 4929 3436 4996 percutiens
3470 4948 3484 4984 :
3517 4946 3626 5000 quo

2034 5027 2157 5094 quid
2206 5025 2453 5079 furiosius
2499 5021 2695 5076 fuerit?
2729 5023 2943 5078 Dwmon
2992 5024 3192 5079 invidet
3236 5027 3476 5095 quidem,
3529 5028 3621 5081 sed

2032 5118 2359 5179 hominibus,
2389 5118 2695 5170 dazmnnum
2721 5132 2847 5170 vero
2875 5117 3038 5170 nulli:
3071 5126 3126 5170 tn
3164 5133 3291 5171 vero
3321 5118 3483 5172 homo
3504 5137 3622 5173 cum
3673 5159 3675 5161 ι

2034 5213 2128 5272 εἰσι,
2163 5209 2467 5263 hominibus
2495 5209 2722 5271 invides,
2773 5219 2827 5262 ct
2855 5209 3116 5263 adversus
3159 5212 3514 5267 contribulem
3573 5221 3628 5268 et

2034 5314 2393 5363 congenerem
2448 5297 2720 5367 insui-gis,
2773 5299 2915 5368 quod
2983 5316 3156 5369 neque
3208 5303 3418 5357 dmmon
3479 5304 3625 5358 facit.

2036 5391 2271 5461 Ecquam
2337 5390 2739 5443 excusationem
2812 5398 2866 5442 et
2924 5388 3295 5451 defensionem
3365 5392 3626 5449 habebis?

2034 5497 2155 5536 cum
2210 5480 2411 5534 videris
2471 5479 2684 5534 fratrem
2733 5496 2989 5550 prospere
3040 5494 3285 5555 agentem
3318 5528 3334 5553 ,
3406 5494 3622 5540 centre.

2034 5574 2218 5630 miscis
2253 5584 2303 5627 et
2339 5572 2527 5639 palles,
2555 5588 2676 5628 cum
2700 5585 2972 5644 oporteret
2993 5584 3043 5630 te
3069 5591 3349 5641 coronare,
3381 5574 3551 5627 tzetari
3575 5586 3630 5628 et

2036 5665 2324 5723 exsultare.
2358 5664 2414 5719 Si
2440 5674 2616 5720 autem
2645 5665 2779 5721 velis
2794 5681 2916 5722 cum
2939 5669 3200 5733 aemulari,
3222 5682 3328 5720 non
3358 5658 3626 5728 impedio:

2038 5760 2316 5824 mmmam’
2349 5757 2441 5814 sed
2476 5768 2533 5814 "t
2563 5759 2660 5826 illi,
2681 5760 2893 5814 lﬂtltlcm
2922 5760 3020 5812 sibi
3062 5755 3368 5813 concilianti
3390 5792 3406 5816 ,
3437 5752 3629 5809 similis

3207 5858 3282 5917 1'1
