3990 6168
345 335 450 390 963

345 413 452 512 sis';
509 458 614 498 non
669 449 728 493 nt
775 438 924 492 illum
971 432 1211 502 deji‘cias,
1258 429 1350 483 sed
1384 439 1438 481 nt
1461 427 1524 481 ad
1558 426 1697 481 idem
1723 424 1934 478 culmen

348 537 648 606 pervenias,
679 540 736 583 nt
759 527 999 582 eamdem
1043 523 1288 576 virtutem
1315 521 1590 574 exhibeas.
1633 517 1756 571 Ila-c
1799 515 1934 570 bona

349 641 429 685 est
450 626 739 686 aemulatio,
775 619 988 684 imitari,
1021 631 1125 671 non
1153 616 1488 684 impugnare,
1523 625 1627 665 non
1661 609 1844 664 dolere
1871 607 1938 661 de

350 724 539 779 alienis
565 720 741 784 bonis,
767 715 860 770 sed
894 711 1128 768 morderi
1156 711 1223 764 de
1249 708 1477 777 propriis
1507 705 1658 759 malis
1688 721 1702 756 :
1736 703 1819 757 cui
1860 703 1936 756 rei

353 811 678 868 contrarium
735 807 857 860 facit
931 803 1169 865 invidia;
1222 816 1345 854 nam
1403 797 1617 868 propria
1667 794 1940 865 negligens

354 905 511 969 mala,
540 903 606 956 de
635 901 825 955 alienis
852 897 1004 953 bonis
1051 893 1297 949 tabescit.
1326 891 1532 959 Pauper
1563 888 1704 944 enim
1737 902 1842 941 non
1870 886 1939 940 ita

353 1013 382 1052 a
412 967 723 1068 paupertate
751 1006 846 1045 sua
873 986 1169 1049 mordetur,
1225 1000 1383 1055 quam
1412 998 1442 1036 a
1469 981 1695 1052 proximi
1733 980 1901 1048 copiis
1925 995 1939 1032 :
1963 967 1972 981 ’

354 1104 460 1158 quo
504 1086 629 1158 quid
677 1083 890 1154 gravius
928 1079 1121 1135 fuerit?
1149 1076 1243 1132 Ille
1291 1073 1487 1146 quippe
1521 1074 1574 1128 in
1604 1073 1725 1138 hoc,
1752 1082 1807 1126 ut
1828 1072 1936 1141 jam

355 1179 486 1246 dixi,
519 1192 681 1232 avaro
707 1177 866 1230 etiam
899 1172 1049 1244 pejor
1066 1179 1149 1228 est
1174 1187 1186 1223 :
1209 1169 1295 1223 ille
1319 1170 1462 1223 enim
1487 1181 1608 1221 cum
1635 1164 1758 1236 quid
1791 1179 1941 1219 acce-
1959 1218 1972 1230 ,

359 1272 526 1342 perit,
571 1267 805 1341 gaudet;
832 1265 922 1320 hic
953 1277 1114 1335 vero,
1150 1276 1269 1316 cum
1298 1259 1434 1313 alius
1490 1271 1595 1311 non
1645 1255 1942 1323 acceperit,

360 1365 590 1419 laetatur.
640 1357 1021 1429 Quamobrem,
1073 1355 1320 1418 obsecro,
1375 1351 1512 1405 hanc
1553 1349 1748 1403 malam
1777 1347 1946 1402 relin-

360 1466 585 1517 mientes
617 1455 752 1506 viam
778 1461 832 1506 et
861 1450 925 1504 ad
955 1449 1126 1502 zelum
1157 1447 1353 1500 bonum
1391 1443 1578 1497 mutati
1614 1441 1772 1513 (nam
1827 1441 1949 1496 talis

362 1548 511 1601 zelus
557 1545 846 1599 vehemens
875 1549 957 1595 est
1000 1547 1055 1594 et
1101 1539 1219 1606 igne
1263 1532 1706 1605 vehementior),
1759 1547 1948 1603 magna

365 1639 486 1692 inde
509 1633 815 1708 percipiatis
839 1632 997 1688 bona.
1033 1629 1122 1684 Sic
1153 1636 1205 1682 et
1238 1626 1431 1681 Paulus
1457 1624 1672 1679 .ludzeos
1697 1623 1762 1678 ad
1792 1624 1948 1678 (idem

364 1728 690 1788 deducebat,
717 1724 904 1779 dicens
933 1740 944 1774 :
981 1721 1042 1774 Si
1070 1717 1321 1790 quomodo
1351 1717 1418 1770 ad
1443 1717 1786 1770 (muniendum
1831 1733 1951 1788 pro-

365 1837 532 1875 vocem
561 1833 764 1872 carnem
789 1831 982 1878 meam,
1014 1823 1060 1866 et
1099 1811 1266 1866 salvos
1309 1809 1497 1881 faciam
1541 1809 1736 1878 aliquos
1763 1824 1827 1862 ex
1852 1807 1956 1862 illis

367 1915 384 1979 (
409 1912 556 1966 Rom.
590 1911 677 1974 Il,
713 1905 832 1978 lt).
863 1905 992 1960 Nam
1015 1904 1104 1973 qui
1133 1904 1203 1957 ita
1229 1901 1513 1956 aemulatur
1536 1909 1590 1955 ut
1612 1899 1700 1954 ille
1722 1899 1952 1965 volebat,

370 2019 473 2058 non
503 2000 725 2057 tabescit
747 2013 868 2053 cum
899 1995 1093 2050 viderit
1122 1994 1287 2048 alium
1313 1993 1364 2046 in
1399 1992 1534 2046 bona
1565 1990 1959 2046 existimatione

369 2110 510 2162 esse,
542 2093 635 2148 sed
679 2089 892 2162 quando
921 2089 1112 2142 viderit
1149 2103 1207 2141 se
1245 2102 1351 2140 non
1397 2085 1448 2138 id
1475 2085 1708 2153 assequi.
1742 2082 1962 2137 Invidus

371 2202 501 2240 vero
528 2198 634 2239 non
665 2183 744 2236 sic
767 2221 782 2244 ,
811 2179 904 2234 sed
932 2193 1054 2233 cum
1087 2179 1246 2230 alium
1279 2191 1535 2246 prospere
1587 2182 1832 2244 agentem
1879 2173 1960 2226 vi-

371 2279 548 2339 derit,
580 2275 746 2332 veluti
790 2274 1004 2346 quidam
1047 2271 1197 2326 fucus
1241 2280 1343 2336 est,
1388 2271 1476 2340 qui
1515 2270 1722 2324 alienos
1753 2268 1964 2323 labores

374 2371 690 2434 labefactat;
712 2376 767 2424 et
783 2379 1072 2435 numquam
1101 2363 1215 2433 ipse
1238 2377 1457 2433 surgere
1475 2370 1660 2426 tentat,
1686 2360 1820 2415 llens
1837 2375 1964 2415 vero

375 2478 497 2519 eum
523 2461 686 2515 alium
721 2465 1031 2528 surgentem
1080 2455 1245 2521 videt,
1269 2464 1322 2510 et
1352 2453 1529 2509 omnia
1558 2453 1681 2508 facit
1717 2461 1774 2507 ut
1817 2452 1963 2507 illum
2006 2469 2007 2474 π

377 2555 609 2626 dejiciat.
643 2551 867 2606 Cuiuam
901 2549 1020 2617 quis
1079 2546 1222 2601 hunc
1250 2545 1497 2600 morbum
1537 2546 1967 2616 comparaverit?

381 2647 506 2701 Mihi
537 2655 717 2698 autem
751 2641 853 2694 hoc
885 2637 1109 2709 perinde
1139 2651 1258 2692 esse
1283 2634 1493 2692 videtur
1519 2652 1581 2690 ac
1605 2637 1648 2690 si
1677 2637 1794 2706 quis
1823 2635 1968 2706 piger

380 2738 562 2792 asinus
589 2744 640 2788 et
665 2731 984 2804 pinguedine
1001 2729 1177 2798 gravis
1197 2742 1317 2782 cum
1347 2741 1487 2798 equo
1517 2727 1718 2782 volucri
1740 2727 1961 2796 conjun-

383 2839 499 2882 ctns
519 2867 534 2891 ,
581 2839 755 2894 neque
786 2823 902 2892 ipse
929 2834 1150 2890 surgere
1179 2819 1330 2886 velit,
1360 2829 1414 2875 et
1450 2820 1686 2890 pondere
1731 2822 1969 2875 carnimn

385 2919 559 2987 ipsum
582 2923 804 2969 conetur
822 2911 1124 2966 detrahere.
1143 2909 1276 2964 Nam
1293 2919 1347 2964 et
1367 2909 1474 2977 hic,
1495 2919 1553 2965 ut
1579 2911 1692 2980 ipse
1709 2927 1736 2964 a
1763 2909 1974 2980 profun-

386 3011 457 3062 do
491 3023 682 3063 somno
706 3005 984 3069 liberetur,
1015 3002 1144 3058 nihil
1172 3017 1271 3057 nec
1294 3003 1484 3073 cogitat
1517 3018 1615 3059 nec
1634 3013 1814 3069 curat;
1842 3002 1973 3058 nihil

389 3116 515 3154 vero
547 3113 652 3151 non
683 3097 810 3167 agit,
840 3107 896 3149 ut
921 3109 1042 3148 eum
1073 3094 1239 3164 quiin
1271 3094 1460 3148 caelum
1491 3095 1712 3150 advolat
1726 3097 1976 3166 supplan-

389 3200 464 3246 tet
487 3199 536 3246 et
567 3189 802 3258 dejiciat,
833 3196 1114 3242 accuratus
1142 3187 1337 3242 diaboli
1366 3188 1600 3243 imitator
1627 3190 1812 3245 factus.
1839 3191 1974 3246 Nam

391 3295 444 3338 et
471 3284 557 3338 ille
583 3281 768 3335 videns
797 3281 1068 3335 hominem
1103 3280 1154 3333 in
1196 3279 1464 3350 paradiso,
1500 3296 1604 3334 non
1636 3281 1749 3352 ipse
1777 3283 1978 3340 studuit

392 3374 610 3440 mutari,
643 3373 736 3428 sed
767 3373 914 3426 illum
946 3372 1144 3442 ejicere
1182 3388 1245 3426 ex
1277 3374 1526 3442 paradiso
1557 3392 1570 3428 :
1601 3384 1655 3430 et
1685 3391 1869 3431 rursus
1897 3379 1976 3432 vi-

388 3466 525 3522 dens
553 3465 698 3520 illum
730 3463 781 3518 in
813 3462 946 3518 caelo
974 3461 1271 3527 sedentem,
1301 3463 1505 3517 etalios
1529 3465 1620 3520 illo
1645 3465 1976 3534 festinantes,

390 3557 620 3628 idipsum
653 3554 961 3622 meditatur,
990 3569 1085 3609 eos
1115 3556 1201 3624 qui
1226 3555 1315 3609 illo
1354 3567 1582 3626 pergunt
1608 3559 1976 3630 supplantans,

392 3661 446 3705 et
495 3649 616 3703 hinc
663 3647 922 3717 majorem
955 3647 1056 3702 sibi
1084 3662 1382 3717 congcrens
1433 3649 1725 3706 fornacem.
1775 3651 1981 3725 Ubique

391 3742 536 3795 enim
565 3740 667 3793 hoc
686 3738 980 3807 contingit;
1029 3754 1148 3791 nam
1183 3739 1228 3792 is
1255 3739 1339 3792 cui
1369 3740 1654 3810 invidt-tur,
1688 3744 1731 3798 si
1780 3747 1978 3816 vigilet,

1050 323 1104 376 S.
1147 317 1424 375 JOANNIS
1462 308 1936 370 CllIiYSOSTOMI

2076 305 2298 364 ClIlEP.
2336 303 2868 361 CONS'I’AN'I’INOP.

3513 307 3612 367 ειη

2038 421 2366 491 splendidior
2396 422 2606 487 evadit;
2650 423 2858 478 invidus
2886 437 3012 478 vero
3052 424 3202 494 plura
3230 423 3330 481 sibi
3359 427 3496 482 mala
3527 444 3618 486 ac-

2038 515 2292 568 cumulat.
2322 515 2408 568 Sic
2428 524 2480 567 et
2499 514 2695 584 .ItiSt'pII
2715 515 2940 569 illustris
2961 515 3177 570 elIectus
3198 527 3279 571 est
3302 535 3315 582 ;
3339 519 3418 574 sic
3440 521 3619 575 Aaron

2040 608 2292 662 sacerdos
2321 625 2333 661 :
2369 624 2490 661 nam
2525 608 2820 661 invidorum
2846 608 3050 663 insidiae
3073 607 3362 664 ell'ecerunt
3396 620 3455 665 ut
3484 611 3622 668 Deus

2040 699 2206 754 semel
2229 709 2279 754 et
2307 699 2388 755 bis
2418 701 2660 754 eamdem
2693 701 2859 755 ferret
2902 703 3242 768 sententiam,
3274 712 3329 758 et
3366 714 3422 758 ut
3477 705 3624 776 virga

2041 791 2384 860 germinaret.
2417 791 2502 845 Sic
2537 800 2590 845 et
2618 790 2785 846 Jacob
2811 793 2971 846 multa
3000 809 3175 846 rertun
3203 794 3355 863 eopia
3386 795 3626 850 abunda-

2043 886 2151 950 vit,
2207 885 2430 954 aliisque
2471 886 2740 939 omnibus.
2788 885 2875 940 Sic
2912 885 3072 940 invidi
3120 886 3170 940 Ill
3200 888 3349 944 mille
3373 903 3433 944 se
3471 892 3628 947 malis

2044 977 2451 1046 compliCarunt.
2485 980 2613 1043 Qua:
2635 979 2813 1032 omnia
2851 980 3103 1046 scientes,
3149 980 3413 1050 fugiamus
3443 982 3628 1052 hujus-

2047 1070 2189 1124 modi
2218 1071 2410 1125 zelum.
2441 1069 2551 1128 Cur
2587 1070 2753 1138 enim,
2787 1085 2989 1141 quaeso,
3039 1071 3285 1127 invides?
3312 1074 3433 1144 quia
3461 1077 3620 1144 spiriv

2051 1162 2244 1216 tnalem
2299 1162 2522 1232 gratiam
2584 1160 2749 1216 frater
2794 1163 3040 1233 accepit?
3087 1163 3152 1217 Et
3191 1180 3220 1218 a
3247 1181 3380 1237 quo,
3407 1182 3612 1235 tllltl‘SO,

2050 1255 2292 1325 accepit?
2320 1270 2496 1309 nonne
2514 1270 2545 1309 a
2577 1255 2724 1309 Deo?
2754 1255 2896 1326 Ergo
2916 1264 3100 1309 contra
3127 1255 3270 1310 illum
3298 1257 3624 1313 inimicitiam

2052 1349 2284 1418 suscipe,
2314 1349 2403 1419 qui
2430 1347 2628 1402 donum
2655 1347 2903 1402 contulit.
2933 1347 3120 1403 Viden’
3143 1364 3250 1420 quo
3288 1350 3484 1404 malum
3508 1366 3622 1406 ser-

2053 1442 2148 1510 pit,
2179 1451 2232 1495 et
2258 1441 2469 1511 qualem
2518 1441 2872 1511 colophonem
2924 1453 3263 1512 peccatorum
3306 1444 3527 1511 inducit,
3579 1455 3636 1502 et

2055 1543 2310 1602 quantum
2373 1533 2592 1588 sulI‘odit
2653 1533 2901 1603 supplicii
2955 1533 3298 1588 barathrum?
3344 1534 3634 1605 Fugianms

2058 1640 2224 1696 ergo,
2283 1624 2483 1690 dilecti,
2535 1624 2636 1679 hoc
2687 1625 2895 1688 vitium,
2941 1640 3116 1694 neque
3165 1625 3520 1688 invideamus,
3578 1642 3644 1682 ac

2061 1736 2157 1790 pro
2184 1721 2374 1774 invidis
2422 1734 2722 1789 precemur,
2751 1717 2988 1788 nihilque
3015 1735 3120 1773 non
3150 1734 3389 1790 agamus,
3416 1729 3466 1773 ut
3495 1736 3643 1774 mor-

2063 1813 2187 1868 bum
2237 1813 2446 1866 illorum
2493 1811 2922 1882 exstingnamus.
2973 1809 3080 1866 Sed
3110 1827 3176 1866 ne
3202 1811 3387 1866 eadem
3419 1827 3540 1880 qua:
3567 1811 3649 1866 in-

2063 1909 2177 1962 sani
2203 1907 2276 1962 illi
2303 1909 2585 1976 patiamur,
2610 1905 2701 1975 qui
2723 1905 2964 1960 volentes
2985 1919 3171 1975 pinnas
3192 1905 3260 1960 ab
3283 1905 3385 1960 illis
3407 1905 3646 1976 exigere,

2064 2000 2240 2054 omnia
2273 1999 2470 2052 iaciunt
2513 2007 2568 2051 ut
2596 1996 2865 2052 ﬂammam
2892 1997 2992 2052 sibi
3034 1996 3352 2053 accendant.
3385 1999 3542 2052 Atne
3572 1997 3646 2052 ita

2067 2110 2185 2162 nos,
2239 2093 2332 2150 Sed
2384 2092 2677 2148 deiiamus
2706 2091 2825 2146 illos
2851 2099 2907 2146 et
2935 2090 3312 2144 lamentemur.
3362 2089 3465 2160 Ipsi
3503 2090 3649 2146 enim

2068 2197 2194 2242 sunt
2236 2186 2326 2254 qui
2355 2184 2636 2250 laeduntur,
2670 2197 2904 2238 vermem
2929 2181 3184 2236 habentes
3215 2191 3535 2252 perpetuum
3560 2196 3655 2237 cor

2070 2278 2306 2347 ipsorum
2345 2273 2708 2340 arrodentem,
2759 2281 2816 2329 et
2863 2273 3056 2329 veneni
3091 2281 3423 2344 congregant
3453 2274 3654 2327 fontem

2069 2369 2216 2424 omni
2282 2367 2405 2422 felle
2461 2367 2802 2421 ainariorem.
2855 2365 3124 2436 Rogemus
3181 2379 3312 2434 ergo
3367 2363 3654 2435 benignum

2075 2463 2262 2525 Deum,
2294 2469 2351 2512 ut
2376 2467 2432 2515 et
2473 2458 2576 2512 illis
2619 2455 2866 2512 morbum
2913 2457 3182 2523 immutet,
3223 2464 3278 2512 et
3305 2471 3404 2510 nos
3439 2470 3509 2511 ne
3537 2471 3658 2510 um-

2072 2569 2229 2626 quam
2264 2554 2316 2608 in
2343 2551 2485 2607 hunc
2513 2549 2827 2606 incidamus.
2851 2548 2984 2605 Nam
3012 2549 3344 2606 inaccessum
3369 2558 3454 2604 est
3471 2549 3660 2605 czchun

2073 2647 2122 2702 ei
2144 2647 2233 2717 qui
2270 2647 2368 2700 hac
2390 2644 2510 2698 tabe
2551 2643 2778 2710 laborat,
2809 2651 2864 2698 et
2891 2651 3019 2698 ante
3043 2642 3234 2697 castum
3267 2641 3384 2696 haac
3415 2640 3524 2696 vita
3551 2654 3660 2696 non

2076 2739 2249 2792 vitalis
2266 2747 2367 2792 est.
2389 2736 2572 2807 Neque
2591 2735 2736 2792 enim
2757 2735 2956 2807 lignum
2979 2744 3034 2791 et
3056 2734 3230 2789 lanam
3255 2733 3497 2789 insidens
3521 2733 3662 2788 tinea

2078 2830 2149 2884 ita
2195 2829 2388 2884 rodere
2432 2828 2590 2893 solet,
2635 2837 2692 2883 ut
2741 2827 2958 2883 invidiae
2989 2826 3155 2882 febris
3192 2842 3316 2882 ossa
3360 2827 3666 2882 invidorum

2077 2920 2335 2987 corrodit,
2363 2927 2417 2974 et
2435 2918 2629 2974 animae
2658 2919 3059 2989 temperantiam
3086 2917 3388 2975 labefactat.
3419 2917 3488 2974 Ut
3509 2918 3668 2988 igitur

2080 3024 2133 3068 et
2162 3028 2257 3066 nos
2283 3022 2337 3067 et
2363 3012 2497 3066 alios
2523 3011 2590 3066 ab
2620 3011 2915 3067 innumeris
2941 3025 3192 3066 eruamus
3219 3011 3397 3078 malis,
3425 3011 3666 3082 expella-

2081 3121 2203 3160 mus
2229 3122 2256 3157 a
2285 3103 2438 3159 nobis
2467 3103 2606 3158 hanc
2630 3103 2823 3158 malam
2855 3102 3042 3158 febrim
3074 3103 3260 3172 quavis
3291 3102 3414 3157 tabe
3432 3102 3670 3158 deterioo

2082 3213 2226 3258 rent;
2263 3205 2319 3250 ut
2347 3195 2610 3265 Spirituali
2648 3203 2898 3264 suscepto
2943 3193 3162 3259 robore,
3194 3202 3250 3248 et
3277 3208 3519 3262 prwsens
3548 3209 3667 3248 cer-

2085 3301 2259 3344 tamen
2292 3289 2649 3358 perficiamus,
2682 3297 2738 3344 et
2759 3287 2964 3342 futuras
2989 3301 3382 3357 consequamur
3408 3301 3670 3340 coronas:

2083 3399 2215 3453 quas
2241 3383 2442 3437 utinam
2470 3396 2569 3436 nos
2620 3379 3062 3461 omnesadipisci
3091 3379 3389 3449 contingat,
3418 3379 3595 3448 gratia
3623 3388 3675 3432 et

2087 3477 2412 3546 benignitate
2441 3475 2651 3530 Domini
2675 3473 2846 3528 nostri
2873 3472 2999 3528 Jesu
3025 3470 3246 3538 Christi,
3283 3471 3498 3542 quicum
3533 3469 3674 3525 Patri

2087 3586 2296 3641 unaque
2321 3566 2540 3640 Spiritui
2563 3578 2751 3622 saneto
2771 3567 2958 3637 gloria,
2986 3565 3289 3636 imperium,
3315 3564 3509 3632 honor,
3535 3577 3678 3618 nunc

2087 3675 2140 3718 et
2169 3676 2402 3732 semper,
2435 3672 2488 3715 ct
2512 3659 2564 3712 in
2603 3657 2797 3713 sarcula
2825 3655 3165 3713 saeculorum.
3197 3657 3388 3710 Amen.

1735 3961 2080 4023 HOMILIA
2126 3961 2400 4024 XXXII.

380 4112 522 4167 (lar.
568 4108 662 4172 12,
698 4124 744 4160 v.
787 4108 874 4160 27.
930 4105 1028 4159 Vos
1071 4113 1238 4158 autem
1283 4107 1400 4160 estis
1438 4123 1623 4178 corpus
1663 4109 1891 4178 Christi,
1933 4122 1981 4167 et

947 4197 1173 4252 membra
1197 4215 1260 4253 ea:
1288 4208 1451 4270 parte.

473 4299 524 4354 I.
565 4294 641 4352 Ne
680 4294 800 4365 quis
838 4293 981 4349 enim
1024 4291 1248 4360 diceret,
1281 4292 1418 4361 Quid
1456 4293 1524 4350 ad
1554 4310 1652 4351 nos
1681 4297 1983 4368 exemplum

385 4387 681 4460 corporis?
713 4385 844 4441 illud
868 4386 1011 4440 enim
1040 4392 1246 4441 natura:
1267 4387 1453 4452 servit,
1480 4398 1662 4442 nostra
1690 4403 1817 4444 vero
1844 4400 1988 4446 recte

404 4483 541 4536 facta
571 4479 721 4535 liberi
753 4477 964 4533 arbitrii
1001 4485 1126 4534 sunt
1160 4495 1174 4532 :
1223 4476 1276 4533 id
1301 4476 1367 4531 ad
1388 4479 1629 4535 actiones
1658 4491 1866 4536 nostras
1895 4481 1989 4536 ad-

405 4573 630 4638 ducens,
675 4579 729 4624 et
775 4568 1068 4623 ostendens
1093 4582 1192 4623 nos
1221 4583 1285 4622 ex
1317 4569 1478 4622 animi
1507 4572 1768 4624 sententia
1793 4572 1990 4628 debere

405 4661 647 4717 eamdem
693 4658 1033 4714 concordiam
1064 4658 1282 4722 habere,
1327 4673 1486 4727 quam
1523 4658 1632 4727 ipsa
1662 4663 1897 4718 membra
1923 4679 1992 4718 ex

407 4764 618 4813 natura,
651 4751 778 4806 dicit
806 4766 819 4802 :
860 4748 959 4804 Vos
986 4758 1155 4803 autem
1185 4752 1302 4803 estis
1329 4765 1513 4819 corpus
1541 4747 1749 4809 Christi.
1797 4753 1856 4809 S’.
1897 4769 1992 4808 au-

411 4857 515 4898 tem
568 4859 673 4898 non
715 4849 927 4912 oportet
969 4855 1165 4910 corpus
1205 4851 1446 4895 nostrum
1492 4841 1779 4911 dissidere,
1823 4848 1993 4902 multo

412 4937 579 5006 magis
606 4950 709 4990 non
740 4943 952 5004 oportet
977 4931 1171 4986 Christi
1212 4946 1429 5001 corpus,
1465 4944 1520 4989 et
1562 4949 1628 4990 eo
1667 4938 1856 5006 magis,
1885 4951 1994 5007 quo

409 5030 575 5099 gratia
606 5027 872 5098 potentior
901 5033 985 5080 est
1013 5034 1219 5078 natura.
1257 5023 1324 5077 Et
1351 5025 1571 5080 membra
1601 5043 1664 5081 ea;
1690 5039 1852 5097 parte.
1886 5029 1994 5084 Ne-

411 5137 515 5190 que
539 5121 682 5174 euim
715 5132 910 5188 corpus
941 5131 1127 5171 sumus
1155 5124 1383 5181 tantum,
1433 5116 1528 5173 sed
1557 5127 1612 5173 et
1639 5121 1876 5175 membra
1905 5137 1995 5175 su-

412 5224 550 5266 mus.
583 5208 714 5262 Nam
743 5208 809 5263 de
839 5207 922 5261 his
958 5205 1219 5261 ambobus
1246 5207 1492 5275 superius
1518 5209 1830 5277 disputavit,
1861 5212 1995 5264 mul-

414 5313 500 5357 tos
546 5301 597 5354 in
643 5315 805 5353 unum
857 5298 1135 5369 colligens,
1196 5308 1250 5354 et
1297 5300 1590 5355 Ostendeus
1617 5317 1802 5356 omnes
1831 5319 1991 5358 unum

411 5390 706 5448 secundum
748 5389 1032 5458 imaginem
1082 5390 1324 5459 corporis
1372 5391 1537 5446 factos
1589 5407 1728 5460 esse,
1784 5403 1838 5448 et
1893 5393 1995 5449 hoc

413 5500 574 5542 unum
607 5497 702 5554 per
729 5479 893 5535 multa
916 5480 1187 5544 constitui,
1233 5489 1392 5550 atque
1437 5482 1488 5534 in
1529 5483 1704 5536 multis
1748 5499 1889 5552 esse,
1941 5495 1996 5539 et

413 5578 579 5632 nmlta
620 5591 684 5630 ex
713 5589 778 5628 eo
805 5573 1068 5628 contineri
1100 5583 1152 5628 et
1180 5586 1337 5641 posse
1367 5573 1530 5627 multa
1571 5590 1710 5631 esse.
1741 5578 1878 5643 Quid
1909 5590 1994 5634 est

415 5683 592 5724 autem
637 5667 789 5734 illttd,
824 5661 903 5720 Ea:
929 5664 1116 5736 parte?
1160 5667 1428 5731 Quantum
1475 5667 1540 5720 ad
1582 5683 1677 5723 vos
1714 5672 1903 5725 attinet
1945 5681 1998 5726 et

416 5769 673 5830 quantum
713 5768 1128 5817 consentaneum
1179 5765 1282 5824 est,
1334 5771 1454 5813 esse
1496 5771 1699 5827 partem
1742 5778 1804 5815 ex
1848 5763 1996 5817 vobis

2101 4111 2434 4167 mdificatam.
2483 4108 2616 4175 Quia
2654 4107 2796 4162 enim
2837 4105 3005 4171 dixit,
3051 4100 3270 4174 Corpus,
3299 4110 3468 4157 totum
3499 4109 3681 4154 autem

2097 4213 2214 4258 erat
2252 4217 2468 4272 corpus,
2512 4215 2620 4255 non
2669 4197 3067 4254 Corinthiorum
3114 4193 3380 4260 Ecclesia,
3427 4193 3529 4248 sed
3569 4204 3684 4262 qua:

2098 4295 2294 4366 ubique
2337 4304 2600 4349 terrarum
2629 4301 2784 4356 erat;
2826 4289 2948 4347 ideo
2977 4289 3129 4355 dixit,
3166 4285 3249 4342 Ex
3281 4295 3463 4356 parte;
3497 4285 3553 4340 id
3583 4292 3682 4346 est,

2097 4389 2218 4458 quia
2250 4386 2482 4442 Ecclesia
2513 4393 2688 4439 vestra
2721 4398 2845 4454 pars
2872 4391 2955 4437 est
2981 4381 3097 4450 ejus
3131 4395 3250 4450 quae
3281 4379 3478 4450 ubique
3519 4387 3684 4432 terra-

2098 4497 2216 4536 rum
2247 4491 2328 4536 est
2372 4479 2625 4534 Ecclesiae
2647 4519 2660 4541 ,
2692 4485 2746 4532 et
2771 4477 3037 4545 corporis,
3070 4473 3211 4544 quod
3241 4488 3334 4543 per
3360 4486 3554 4526 omnes
3587 4469 3682 4524 Ec-

2101 4574 2288 4628 :lesias
2318 4569 2660 4624 constituitur
2695 4587 2708 4622 :
2737 4569 2807 4622 ita
2835 4577 2889 4621 ut
2923 4583 3028 4620 non
3056 4565 3227 4620 solum
3258 4564 3400 4618 inter
3426 4579 3555 4627 vos,
3591 4559 3682 4616 sed

2097 4668 2258 4719 etiam
2287 4679 2407 4717 eum
2444 4673 2552 4716 tota
2587 4661 2842 4723 Ecclesia,
2892 4673 3011 4728 qua:
3057 4666 3140 4711 est
3188 4657 3239 4710 in
3287 4655 3452 4722 orbe,
3499 4665 3681 4723 pacem

2100 4756 2299 4810 habere
2338 4753 2614 4818 debeatis;
2670 4752 2717 4806 si.
2761 4750 2977 4820 quidem
3018 4749 3149 4803 estis
3183 4747 3336 4817 justi,
3365 4746 3410 4800 si
3442 4743 3681 4800 membra

2101 4850 2264 4902 totius
2308 4847 2574 4917 corporis.
2622 4845 2714 4900 28.
2774 4843 2838 4898 Et
2865 4859 2990 4914 quos
3016 4841 3217 4914 quidem
3255 4839 3424 4912 posuit
3450 4838 3593 4893 Deus
3632 4835 3682 4888 in

2101 4939 2353 5005 Ecclesia,
2389 4939 2608 5009 primum
2637 4935 2913 5005 apostolos,
2947 4933 3169 4988 secundo
3203 4933 3509 5003 prophetas,
3543 4926 3685 4982 tertio

2103 5033 2347 5094 doctores,
2380 5031 2562 5084 deinde
2603 5030 2808 5082 virtutes
2832 5070 2847 5093 ,
2892 5026 3075 5080 deinde
3101 5027 3294 5096 gratias
3333 5024 3682 5081 curationum,

2101 5122 2456 5191 opitulationes
2477 5163 2490 5186 ,
2523 5120 2905 5191 gnbernationes
2924 5158 2939 5184 ,
2971 5134 3156 5188 genera
3186 5117 3496 5187 linguarum.
3535 5109 3683 5180 Quod

2102 5213 2242 5267 enim
2294 5213 2541 5281 superius
2583 5211 2713 5276 dixi,
2759 5209 2861 5264 hoc
2888 5225 3027 5264 nunc
3064 5208 3226 5262 facit:
3254 5209 3376 5277 quia
3403 5207 3574 5260 altum
3596 5215 3680 5256 sa-

2104 5305 2317 5374 piehant
2336 5304 2404 5358 de
2435 5302 2648 5372 linguis,
2679 5302 2825 5356 illam
2852 5317 2966 5356 rem
2999 5315 3212 5370 semper
3239 5299 3481 5352 ultimam
3513 5294 3680 5364 ponit.

2102 5396 2233 5449 Nam
2265 5394 2392 5449 illud
2435 5392 2666 5464 primum
2698 5402 2754 5448 et
2782 5393 3075 5450 secundum
3104 5407 3211 5446 non
3239 5391 3356 5445 sine
3385 5404 3551 5444 causa
3584 5401 3681 5458 μου

2105 5488 2200 5552 nil,
2234 5486 2329 5542 sed
2382 5485 2710 5554 prmmittens
2755 5484 2807 5538 id
2846 5483 2984 5554 quod
3015 5482 3297 5552 pretiosius
3328 5493 3426 5544 est,
3462 5490 3519 5534 et
3547 5474 3688 5547 quod

2101 5589 2184 5632 est
2209 5574 2429 5631 inferius
2457 5574 2771 5630 ostendens.
2818 5575 2940 5630 Ideo
2979 5574 3251 5642 apostolos
3278 5570 3566 5642 praemisit,
3599 5565 3689 5638 qui

2103 5668 2424 5724 charismata
2453 5684 2549 5723 seu
2579 5667 2717 5722 dona
2744 5667 2924 5721 omnia
2950 5667 3001 5720 in
3035 5680 3094 5720 se
3121 5664 3407 5718 habebant.
3462 5663 3530 5716 Et
3581 5675 3689 5713 non

2102 5760 2257 5828 dixit,
2300 5760 2444 5827 Quos
2467 5761 2646 5829 posuit
2672 5759 2816 5816 Deus
2839 5760 2888 5814 in
2919 5756 3154 5812 Ecclesia
3199 5752 3475 5825 apostolos
3497 5794 3512 5820 ,
3556 5751 3690 5805 sint.
