3990 6168
358 297 460 354 Ξ65

352 409 667 488 γάρλεφθην
692 408 879 473 εἰπὼν,
922 408 1077 462 τοῦτο
1108 410 1204 462 xal
1238 408 1334 462 v5v
1368 410 1553 461 ποιεῖ’
1586 408 1774 480 ἐπειδὴ
1813 410 1953 479 μέγα

353 496 618 566 ἐφρόνουν
654 493 747 546 ἐπὶ
800 492 921 555 ταῖς
962 490 1268 559 γλώτταις,
1306 492 1535 562 ἔσχατον
1588 491 1721 545 αὐτὸ
1765 492 1948 563 τίθησι

354 576 653 648 πανταχοῦ.
684 576 759 629 Τὸ
788 575 898 646 γάρ
926 574 1146 646 πρῶτον
1174 574 1413 628 ἐνταῦθα
1445 575 1539 628 καὶ
1566 573 1820 646 δεύτερον
1851 576 1949 645 οὐχ

354 662 540 725 ἁπλῶς
556 662 796 732 εἴρηκεν,
821 658 958 713 ἀλλά
978 659 1299 729 προτάττων
1321 658 1382 711 τὸ
1407 658 1826 729 προτιμότερον,
1856 660 1950 710 καὶ

355 749 416 800 :6
447 744 868 814 καταδεέστερον
910 742 1146 806 δεικνύς.
1185 743 1276 796 Διὸ
1312 744 1404 796 καὶ
1448 744 1576 806 τοὺς
1614 742 1950 804 ἀποστόλους

357 827 689 900 προῦθηκεν,
720 826 768 880 οἶ
796 825 974 879 πάντα
998 828 1055 879 ὲν
1084 827 1301 889 ἑαυτοῖς
1328 822 1475 896 εἶχον
1502 826 1572 877 τά
1603 826 1946 895 χαρίσματα.

357 912 467 965 Kal
489 911 588 963 οὐκ
612 906 783 973 εἶπεν,
814 909 923 973 Οὓς
956 911 1057 980 μὲν
1080 908 1234 962 ἔθετο
1257 911 1286 961 6
1305 908 1438 972 Θεὸς
1468 909 1526 960 ὲν
1554 910 1618 978 τῇ
1656 906 1952 978 Ἑκκλησίᾳ

356 994 710 1059 ἀποστόλους,
752 991 960 1055 ἀπλῶς,
997 992 1028 1062 ἦ
1065 995 1373 1064 προφήτας,
1427 991 1565 1045 ἀλλά
1599 991 1817 1064 πρῶτον
1857 991 1951 1043 καὶ

358 1077 608 1149 δεύτερον
634 1078 729 1131 καὶ
759 1076 941 1146 τρίτον
984 1075 1188 1145 τίθησι,
1221 1076 1283 1128 τὸ
1321 1074 1453 1129 αὐτὸ
1486 1074 1663 1139 τοῦτο,
1694 1074 1831 1144 ὅπερ
1871 1070 1950 1126 εἷ-

361 1178 480 1228 πον,
526 1161 824 1232 ἐμφαίνων.
880 1159 1168 1227 Δεύτερον
1205 1157 1535 1227 προφήτας.
1569 1157 1951 1228 Προεφήτευον

358 1243 489 1315 γὰρ,
519 1243 595 1305 ὡς
630 1244 687 1296 αἱ
722 1242 1020 1313 θυγατέρες
1066 1242 1360 1307 Φιλίππου,
1397 1240 1474 1304 ὼς
1517 1243 1546 1293 6
1583 1239 1842 1309 Ἄγαϐος,
1874 1240 1949 1304 ὼς

359 1328 514 1380 αὐτοί⁵
536 1322 680 1382 οὗτοι
707 1328 755 1378 οἰ
787 1326 938 1396 παρά
974 1323 1300 1395 Κορινθίοις,
1336 1324 1464 1394 περὶ
1498 1316 1575 1377 ὧν
1608 1339 1764 1393 φησι,
1801 1326 1949 1391 Προ-

358 1412 540 1481 φῆται
572 1410 641 1464 δέ
665 1412 775 1464 δύο
802 1409 838 1478 ἣ
863 1408 1023 1477 τρεῖς
1049 1411 1454 1462 λαλείτωσαν.
1484 1407 1596 1461 Kal
1621 1406 1874 1479 Τιμοθέῳ
1894 1409 1951 1462 δὲ

359 1497 587 1567 γράφων
616 1495 790 1562 ἔλεγε,
831 1492 926 1560 Μὴ
953 1491 1161 1560 ἀμέλει
1188 1491 1294 1545 τοῦ
1323 1491 1393 1545 ἐν
1418 1489 1520 1544 σοί
1551 1491 1948 1560 χαρίσματος,

360 1579 392 1631 ὃ
421 1579 597 1645 ἐδόθη
627 1591 727 1631 σοι
757 1576 855 1630 διὰ
888 1574 1273 1643 προφητείας.

432 1662 542 1715 Καὶ
568 1658 747 1729 πολλῷ
780 1658 997 1720 πλείους
1024 1656 1146 1709 τότε
1174 1652 1334 1726 ἦσαν,
1363 1656 1396 1727 ἢ
1432 1656 1527 1709 ἐπὶ
1558 1655 1658 1726 τῆς
1689 1655 1949 1718 Παλαιᾶς.

361 1746 435 1799 Οὐ
484 1743 593 1814 γὰρ
639 1745 718 1806 εἰς
766 1742 895 1795 δέκα
947 1740 1041 1792 καὶ
1094 1739 1268 1792 εἴκοσι
1325 1739 1417 1792 καὶ
1471 1745 1811 1810 πεντήκοντα
1859 1739 1953 1790 καὶ

359 1828 554 1884 ἑκατὸν
575 1828 924 1897 περιεστήκει
948 1823 1008 1876 τὸ
1029 1823 1300 1894 χάρισμα,
1325 1823 1438 1876 ἀλλ’
1461 1822 1701 1893 ἐξεχεῖτο
1716 1822 1954 1892 δαψιλῶς

357 1916 391 1983 ἠ
425 1911 585 1983 χάρις
631 1909 799 1978 αὐτη,
834 1909 929 1961 καὶ
966 1907 1175 1975 ἑκάστη
1236 1905 1533 1977 Ἐκκλησία
1568 1905 1797 1969 πολλοὺς
1840 1902 1952 1976 εἶχε

357 1989 486 2060 τούς
525 1992 987 2064 προφητεύοντας.
1023 1990 1085 2042 El
1118 1991 1173 2043 δέ
1202 2007 1366 2061 φησιν
1408 1992 1437 2042 6
1464 1990 1723 2059 x9“,th
1759 1990 1839 2042 ὅτι
1893 1991 1954 2040 .0

344 2074 542 2148 ⁸νόμος
564 2078 660 2130 καὶ
687 2079 738 2129 οἱ
764 2072 1065 2143 προφῆται
1091 2072 1202 2138 ἕως
1237 2071 1532 2134 Ἰωάννου,
1566 2073 1694 2144 περὶ
1730 2071 1953 2125 ὲκεί·.ων

358 2163 495 2234 φησι
522 2159 631 2213 τῶν
671 2156 967 2229 προφητῶν
1002 2155 1111 2208 τῶν
1145 2155 1245 2226 τὴν
1280 2154 1590 2225 παρουσίαν
1623 2154 1791 2208 αὐτοῦ
1823 2171 1956 2225 προ-

360 2243 854 2315 αναφωνησάντων.
898 2239 1106 2307 Τρίτον
1135 2238 1568 2304 διδασκάλους.
1618 2238 1679 2290 Ὀ
1714 2238 1815 2308 μὲν
1846 2238 1953 2308 γὰρ

361 2328 741 2403 προφητεύων,
772 2325 951 2378 πάντα
990 2323 1100 2376 61:6
1130 2323 1225 2377 :05
1269 2322 1589 2394 [Ινεύματος
1633 2323 1950 2392 φθέγγεται·

364 2419 393 2468 6
425 2414 482 2466 δὲ
512 2410 810 2474 διδάσκων,
847 2407 994 2461 ἐστιν
1040 2408 1176 2461 ὅπου
1231 2409 1326 2461 καὶ
1376 2408 1435 2472 ἐξ
1477 2407 1683 2472 οἰκείας
1714 2409 1953 2471 διανοίας

365 2494 693 2562 διαλέγεται.
731 2491 823 2545 Διὸ
858 2491 950 2543 καὶ
980 2489 1186 2558 ἔλεγεν,
1233 2493 1297 2543 Οἱ
1334 2489 1537 2557 καλῶς
1581 2491 1952 2559 προεστῶτες

359 2578 751 2648 πρεσϐύτεροι
773 2572 994 2642 διπλῆς
1014 2574 1191 2642 τιμῆς
1214 2568 1661 2637 ἀξιούσθωσαν,
1682 2573 1953 2643 μάλιστα

359 2663 431 2716 δὲ
468 2664 522 2715 oi
551 2656 879 2724 κοπιῶντες
907 2657 976 2711 έν
1020 2658 1183 2726 λόγῳ
1228 2658 1325 2710 καί
1373 2656 1756 2723 διδασκαλίᾳ.
1797 2657 1856 2710 ὐ
1895 2658 1949 2709 δὲ

363 2744 639 2815 Πνεύματι
669 2742 848 2796 πάντα
878 2741 1273 2812 φθεγγόμενος,
1296 2741 1356 2794 οὐ
1386 2743 1573 2812 κοπιῷ
1598 2740 1685 2794 διὰ
1708 2740 1772 2811 δὴ
1795 2741 1952 2794 τοῦτο

362 2828 456 2883 καὶ
490 2826 628 2900 μετά
675 2824 765 2879 τὸν
799 2824 1087 2895 προφήτην
1136 2824 1301 2876 αὐτὸν
1338 2822 1601 2877 τέθεικεν’
1641 2824 1722 2877 ὅτι
1760 2824 1822 2876 :6
1855 2824 1953 2893 μὲν

361 2912 482 2965 ὅλον
512 2910 628 2964 ἐστὶ
655 2908 927 2978 χάρισμα,
961 2906 1021 2959 :6
1050 2906 1105 2959 δὲ
1137 2909 1231 2959 καὶ
1258 2905 1602 2977 ἀνθρώπινος
1632 2906 1809 2968 πόνος.
1841 2908 1950 2959 Καὶ

361 2994 471 3064 γὰρ
508 2994 602 3046 καὶ
633 2990 845 3043 οἴκοθεν
877 2988 1047 3041 πολλά
1073 2988 1392 3058 φθέγγεται,
1427 2989 1792 3059 συμϐαίνοντα
1824 2989 1953 3060 μέν·

360 3093 443 3130 τοι
472 3077 590 3136 ταῖς
622 3072 794 3135 θείαις
827 3071 1093 3141 Γραφαῖς.
1131 3072 1380 3125 Ἔπειτα
1412 3070 1720 3140 δυνάμεις,
1750 3072 1953 3125 ἔπειτα

361 3158 703 3230 χαρίσματα
754 3154 1035 3223 ἰαμάτων.
1090 3154 1253 3225 Ὁρᾷς
1289 3155 1406 3218 πῶς
1453 3154 1616 3209 πάλιν
1653 3155 1854 3225 διαιρεῖ
1885 3155 1953 3208 τὰ

365 3242 572 3313 ἰάματα
624 3239 733 3292 ἀπὸ
786 3238 888 3307 τῆς
944 3237 1263 3306 δυνάμεως,
1301 3237 1440 3307 ὅπερ
1496 3239 1591 3291 καὶ
1643 3237 1953 3309 ἔμπροσθεν

362 3325 645 3396 ὲποίησενς
674 3326 709 3393 ἡ
746 3321 855 3392 γάρ
885 3320 1115 3391 δύναμις
1149 3321 1314 3374 πλέον
1346 3324 1448 3393 τῆς
1495 3322 1712 3385 ἰάσεως.
1762 3322 1821 3377 ’0
1854 3324 1953 3393 μὲν

361 3411 473 3482 γάρ
495 3408 724 3479 δύναμιν
755 3407 916 3477 ἔχων,
952 3405 1046 3459 καὶ
1081 3403 1297 3468 κολάζει
1335 3406 1432 3459 xal
1463 3406 1630 3459 ίᾶται’
1654 3407 1683 3458 6
1709 3405 1767 3461 δὲ
1796 3406 1953 3478 χάρι⁶

366 3510 479 3563 σμα
506 3492 769 3564 ἰαμάτων,
795 3488 1095 3559 θεραπεύει
1130 3488 1311 3559 μόνον.
1341 3489 1451 3542 Kal
1474 3490 1575 3560 ὅρα
1606 3488 1727 3552 πῶς
1756 3490 1953 3562 ἀρίστῃ

365 3577 629 3648 κέχρηται
674 3575 739 3644 τῇ
779 3572 954 3639 τάξει,
995 3572 1094 3643 τὴν
1135 3571 1477 3643 προφητείαν
1525 3573 1633 3625 τῶν
1669 3571 1955 3642 δυνάμεων

364 3662 459 3714 καί
482 3659 591 3712 τῶν
624 3657 869 3727 ἰαμάτων
893 3655 1197 3725 προτιθείς.
1237 3656 1521 3727 Ἀνωτέρω
1547 3658 1647 3727 μὲν
1670 3660 1801 3727 γάρ,
1828 3656 1956 3711 ἔνθα

358 3744 572 3810 ἔλεγεν,
597 3741 680 3793 ὅτι
716 3738 800 3804 Τῷ
822 3737 937 3807 μὲν
969 3737 1066 3791 διὰ
1093 3738 1200 3792 τοῦ
1228 3740 1575 3809 Πνεύματος
1604 3739 1832 3795 δίδοται
1856 3741 1958 3794 λό-

364 3844 471 3895 γος
498 3824 739 3892 σοφίας,
792 3821 892 3875 καὶ
941 3820 1110 3887 ἄλλῳ
1147 3823 1329 3891 λόγος
1382 3823 1679 3892 γνώσεως,
1716 3825 1776 3878 οὐ
1816 3824 1958 3878 κατὰ

365 3908 520 3972 τάξιν
548 3904 718 3967 τιθεὶς
749 3903 959 3972 ἔλεγεν,
992 3903 1110 3957 ἀλλ’
1144 3904 1473 3974 ἀδιαφόρωςο
1507 3906 1743 3961 ἐνταῦθα
1774 3908 1957 3979 μέντοι

367 3990 661 4062 προτίθησι
691 3988 786 4041 καί
818 3987 1133 4040 ὐποτάττει.
1164 3986 1324 4050 Τίνος
1354 3983 1446 4041 οὖν
1476 3987 1657 4042 ἕνεκεν
1695 3990 1794 4062 τὴν
1821 4008 1957 4062 προ-

368 4075 596 4148 φητείαν
628 4070 986 4144 προτίθησιν;
1028 4069 1156 4123 Ὅτι
1198 4070 1295 4122 καὶ
1320 4072 1377 4123 ἐν
1401 4073 1466 4142 τῇ
1506 4071 1719 4143 Παλαιᾷ
1753 4073 1958 4146 ταύτην

366 4162 478 4229 ἔχει
505 4159 565 4212 :6
598 4157 831 4229 πρᾶγμα
851 4154 949 4226 τὴν
976 4153 1152 4217 τάξιν.
1181 4153 1318 4207 Ὀτε
1342 4152 1475 4222 γοῦν
1500 4157 1529 4208 6
1565 4155 1793 4220 Ἡσαΐας
1821 4157 1959 4229 πρὸς

379 4244 664 4307 Ἰουδαίους
701 4240 1005 4310 διελέγετο,
1054 4240 1149 4292 καὶ
1193 4240 1292 4310 τῆς
1339 4239 1436 4292 τοῦ
1488 4239 1626 4295 Θεοῦ
1676 4241 1959 4313 δυνάμεως

368 4330 627 4401 παρεῖχεν
655 4321 952 4389 ἀπόδειξιν,
981 4322 1078 4376 καὶ
1101 4322 1203 4393 τῆς
1231 4321 1342 4376 τῶν
1370 4323 1645 4394 δαιμόνων
1682 4325 1959 4391 εὐτελείας

365 4417 457 4467 τὸν
488 4413 708 4481 ἔλεγχον
734 4408 984 4480 παρῆγεν
1011 4409 1090 4471 εἰς
1114 4407 1303 4478 μέσον,
1332 4406 1611 4460 καὶτοῦτο
1628 4408 1727 4478 τῆς
1748 4407 1960 4481 θειότη-

366 4514 458 4560 τος
486 4495 652 4548 αὐτού
687 4493 889 4565 ἔφησεν
938 4488 1079 4546 slva:
1121 4492 1321 4562 δεῖγμα
1355 4491 1616 4562 μέγιστον
1636 4531 1651 4555 ,
1682 4493 1743 4546 τὸ
1775 4492 1958 4563 λέγειν

367 4580 437 4632 τὰ
480 4576 764 4648 μέλλοντα.
821 4574 935 4628 Kal
983 4575 1012 4626 6
1061 4574 1293 4647 Χριστὸς
1340 4573 1397 4626 δὲ
1458 4572 1696 4628 τοσαῦτα
1757 4581 1960 4649 σημεῖα

374 4663 637 4732 ποιήσας,
679 4660 740 4713 οὐ
787 4659 981 4729 μικρον
1028 4659 1185 4712 τοῦτό
1225 4674 1392 4728 φησιν
1425 4658 1595 4712 αὐτοῦ
1624 4661 1723 4730 τῆς
1751 4661 1958 4734 θειότη-

374 4768 459 4809 τος
481 4740 618 4797 εἶναι
642 4744 885 4812 σημεῖον·
916 4745 1010 4794 καὶ
1038 4740 1190 4813 [287]
1215 4740 1457 4808 ἐπιλέγει
1482 4742 1743 4812 συνεχῶς,
1770 4745 1960 4801 Ταῦτα

370 4828 438 4881 δὲ
468 4825 681 4895 εἴρηκα
727 4823 889 4894 ὑμῖν,
935 4824 1013 4877 ἵν’
1074 4823 1220 4878 ὅταν
1270 4823 1510 4895 γένηται
1534 4864 1549 4885 ,
1594 4827 1962 4896 πιστεύσητε

371 4910 461 4964 ὅτι
505 4907 622 4980 ἐγώ
676 4910 815 4978 εἰμι.
878 4906 1040 4961 ’Δλλά
1096 4908 1435 4978 προφητείας
1490 4908 1589 4978 μὲν
1628 4908 1854 4974 εἰκότως
1890 4911 1960 4966 τά

373 4994 688 5065 χαρίσματα
726 4991 840 5046 τῶν
872 4991 1121 5062 ἰαμάτων
1150 4989 1402 5061 δεύτερα·
1440 4990 1529 5045 διὰ
1569 4991 1623 5045 τί
1660 4992 1718 5045 δὲ
1746 4994 1839 5046 καὶ
1882 4994 1960 5048 δι-

371 5077 666 5141 δασκαλίας
694 5094 708 5141 ;
740 5076 863 5129 Ὅτι
892 5075 993 5129 οὐκ
1026 5073 1175 5127 ἐστιν
1206 5072 1342 5133 ἴσον,
1375 5073 1531 5142 λόγον
1570 5076 1960 5146 καταγγέλλειν

371 5160 724 5230 κηρύγματος
755 5160 853 5213 καὶ
885 5159 1132 5231 σπείρειν
1172 5158 1272 5229 τὴν
1305 5157 1588 5211 εὐσέϐειαν
1615 5160 1696 5222 εἰς
1720 5160 1819 5224 τάς
1850 5161 1959 5214 τῶν

370 5242 679 5295 ἀκουόντων
701 5242 898 5312 ψυχὰς,
922 5244 1018 5295 καὶ
1035 5242 1296 5312 δυνάμεις
1321 5243 1514 5295 ποιεῖν·
1536 5242 1657 5294 ἐπεὶ
1681 5244 1776 5296 καί⁸
1796 5238 1959 5298 αὐται

368 5326 439 5380 δι’
465 5326 673 5378 ἐκεῖνον
694 5325 959 5392 γίνονται.

444 5407 512 5480 β’.
536 5407 713 5461 Ὅταν
730 5404 822 5462 οὖν
851 5423 935 5470 τις
957 5408 1056 5460 καὶ
1083 5406 1226 5479 λόγῳ
1247 5407 1475 5478 παιδεύῃ
1488 5408 1581 5462 καὶ
1604 5407 1724 5478 βίῳ,
1744 5409 1960 5463 πάντων

367 5493 489 5547 ἐστὶ
509 5491 733 5564 μείζων.
759 5489 1127 5553 Διδασκάλους
1151 5490 1259 5561 γάρ
1283 5489 1508 5555 τούτους
1531 5493 1687 5562 φησί,
1709 5493 1837 5555 τοὺς
1865 5493 1961 5545 καὶ

369 5579 482 5640 τοῖς
516 5575 700 5649 ἔργοις
737 5574 1094 5638 διδάσκοντας
1144 5574 1239 5626 καὶ
1275 5572 1352 5643 τῷ
1392 5573 1535 5645 λόγῳ
1578 5575 1956 5638 παιδεύοντας.

369 5660 543 5714 Τοῦτο
569 5659 702 5731 γοῦν
735 5658 830 5712 καὶ
869 5657 995 5722 τοὺς
1027 5655 1363 5721 ἀποστόλους
1384 5698 1400 5725 ,
1449 5658 1784 5723 ἀποστόλους
1822 5656 1961 5714 εἶναι

372 5744 617 5815 ἐποίησε.
660 5744 905 5798 Κάκεῖνα
948 5740 1047 5813 μὲν
1103 5741 1198 5795 καὶ
1239 5740 1418 5812 ἕτεροί
1474 5759 1617 5805 τινες
1665 5743 1726 5796 οὐ
1765 5744 1961 5797 πολλοῦ

375 5827 511 5894 άξιοι
546 5830 694 5899 παρὰ
729 5830 829 5900 τὴν
858 5828 1031 5899 ἀρχὴν
1058 5826 1365 5897 εἰλήφασιν,
1397 5826 1471 5890 ὡς
1499 5828 1695 5880 ἐκεῖνοι
1726 5829 1774 5880 οἱ
1807 5829 1950 5900 εἰρη-

1120 292 1177 347 S.
1210 289 1497 345 JOANMS
1526 285 2018 344 CIIRYSOSTCMl
2051 287 2372 345 ARCIHEP.
2416 287 2962 345 CONSTANTINOP.

2065 411 2241 475 κότες,
2266 411 2442 478 Κύριε
2462 410 2594 479 οὐκὶ
2616 408 2699 474 τῷ
2715 410 2806 475 σῷ
2826 411 3067 478 ὀνόματι
3089 409 3645 477 προεφητεύσαμεν,

2062 492 2160 544 καὶ
2194 490 2481 560 δυνάμεις
2503 490 2738 556 πολλὰς
2758 490 3163 560 ἐποιήσαμεν;
3194 491 3288 542 καὶ
3312 489 3451 559 μετά
3469 489 3641 543 ταῦτα

2062 575 2199 628 ἀκού
2209 590 2420 639 σαντες,
2440 572 2741 628 οὐδέποτε
2757 572 2950 643 ἔγνων
2965 592 2979 605 ο
3006 572 3163 643 ὑμᾶς
3186 574 3517 641 πορεύεσθε
3540 574 3641 627 ἀπ’

2058 657 2204 726 ἐμοῦ
2233 661 2286 709 οὶ
2318 654 2691 727 ἐργαζόμενοι
2729 655 2845 723 τὴν
2889 658 3147 725 ἀνομίαν
3168 670 3181 683 ·
3230 656 3323 709 τὸν
3351 656 3413 709 δὲ
3439 656 3537 726 τῆς
3563 656 3643 709 6:—

2058 739 2357 803 δασκαλίας
2401 739 2560 806 λόγον
2604 738 2694 790 τὸν
2741 736 2963 791 διπλοῦν
3013 737 3225 803 τοῦτον,
3259 736 3352 790 τὸν
3400 737 3492 791 6:6
3533 737 3643 791 τῶν

2060 821 2237 891 ἔργων
2286 824 2380 876 καὶ
2440 821 2548 875 τῶν
2603 821 2815 889 λόγων,
2868 822 2968 875 οὐκ
3017 821 3083 875 ἂν
3134 821 3451 885 ἀναδέξαιτό
3512 837 3642 873 ποτε

2062 906 2296 977 πονηρὸς
2330 905 2638 975 ἄνθρωπος.
2670 906 2732 957 Εἰ
2765 904 2823 957 δὲ
2856 907 2983 969 τοὺς
3011 906 3293 976 προφήτας
3326 905 3639 976 προτίθησι,

2063 991 2138 1061 μὴ
2186 991 2494 1061 θαυμάσῃς
2526 989 2587 1042 οὐ
2616 989 2725 1060 γὰρ
2757 988 2943 1052 ἁπλῶς
2974 992 3260 1060 προφήτας
3289 989 3437 1056 λέγει
3457 1031 3470 1054 ,
3507 988 3644 1042 ἀλλὰ

2059 1077 2185 1136 τοὺς
2212 1073 2301 1126 διὰ
2327 1073 2430 1143 τῆς
2462 1073 2802 1144 προφητείας
2833 1073 2928 1126 καὶ
2959 1072 3308 1137 διδάσκοντας
3336 1073 3431 1125 καὶ
3469 1072 3550 1134 εἰς
3583 1071 3644 1124 τὸ

2060 1160 2212 1229 κοινῇ
2272 1158 2551 1228 συμφέρον
2613 1157 2832 1210 ἅπαντα
2890 1156 3147 1224 λέγοντας
3170 1170 3185 1185 ·
3242 1156 3380 1226 ὅπερ
3437 1153 3644 1226 προῖὼν

2056 1241 2392 1312 ’σαφέστερον
2432 1242 2562 1311 ἡμῖν
2597 1242 2760 1294 ποιεῖ.
2805 1242 3198 1308 Ἀντιλήψεις,
3227 1238 3637 1306 κυϐερνήσεις.

2062 1324 2126 1375 'l‘:'
2160 1327 2327 1389 ἐστιν,
2374 1323 2784 1391 Ἀντιλήψεις;
2811 1324 2973 1376 Ὥστε
2997 1322 3316 1393 ἀντέχεσθαι
3346 1322 3453 1375 τῶν
3482 1322 3643 1375 ἀσθε-

2061 1408 2189 1461 νῶν.
2223 1408 2395 1462 Τοῦτο
2424 1404 2515 1461 οὖν
2543 1408 2819 1477 χάρισμα;
2849 1408 2969 1460 εἰπέ
2998 1425 3109 1478 μοι.
3141 1408 3393 1462 Μάλιστα
3422 1408 3518 1477 μὲν
3547 1407 3645 1459 καὶ

2061 1492 2220 1545 τοῦτο
2262 1492 2360 1562 τῆς
2393 1491 2489 1544 τοῦ
2532 1490 2668 1543 Θεοῦ
2704 1490 2943 1562 δωρεᾶς,
2994 1490 3054 1543 τὸ
3085 1490 3449 1561 προστατικδν
3482 1485 3643 1551 εἶναι,

2061 1576 2121 1629 τὸ
2168 1576 2471 1647 πράγματα
2516 1575 2821 1645 οἰκονομεῖν
2865 1576 3233 1645 πνευματικά·
3283 1574 3462 1637 ἄλλως
3501 1590 3560 1625 τε
3592 1572 3647 1625 δὲ

2063 1658 2233 1713 πολλὰ
2262 1659 2358 1711 καὶ
2388 1657 2499 1711 τῶν
2528 1657 2813 1728 ἡμετέρων
2857 1657 3301 1730 κατορθωμάτων
3326 1656 3650 1727 χαρίσματα

2065 1742 2238 1807 καλεῖ,
2269 1743 2369 1795 οὐκ
2392 1741 2718 1795 ἀναπίπτειν
2740 1742 2887 1811 ἡμᾶς
2910 1740 3255 1811 βουλόμενος,
3278 1739 3416 1795 ἀλλά
3435 1740 3652 1801 δεικνὺς

2061 1827 2145 1880 ὅτι
2179 1824 2453 1895 πανταχοῦ
2495 1824 2596 1893 τῆς
2628 1823 2722 1877 τοῦ
2771 1823 2905 1876 Θεοῦ
2952 1823 3186 1894 δεόμεθα
3230 1824 3506 1895 βοηθείας,
3555 1822 3651 1874 καὶ

2062 1909 2502 1980 παρασκευάζων
2526 1908 2880 1980 εὐχαρίστους
2902 1902 3064 1972 εἶναι,
3088 1909 3183 1960 καὶ
3206 1906 3649 1978 προθυμοτέρους

2062 1992 2235 2063 ταύτῃ
2269 1992 2439 2045 ποιῶν
2483 1992 2578 2045 καὶ
2625 1991 2909 2062 διεγείρων
2954 1989 3138 2043 αὐτῶν
3180 1990 3251 2044 :6
3297 1990 3645 2060 φρονήματα.

2063 2076 2221 2144 Γένη
2249 2075 2565 2146 γλωσσῶν.
2594 2071 2745 2140 Εἶδες
2767 2075 2871 2128 ποῦ
2888 2074 3101 2128 τέθεικε
3120 2073 3272 2127 τουτὶ
3293 2074 3355 2127 :6
3374 2074 3647 2145 χάρισμα,

2063 2162 2156 2213 καί
2169 2160 2286 2223 πῶς
2305 2158 2582 2229 πανταχοῦ
2600 2159 2699 2232 τὴν
2730 2160 2966 2230 ἐσχάτην
2983 2157 3130 2229 αὐτῷ
3148 2158 3305 2228 νέμει
3323 2158 3501 2224 τάξιν;
3516 2155 3649 2210 Εἶτα

2063 2244 2252 2313 ἐπειδὴ
2279 2243 2442 2297 πάλιν
2468 2246 2531 2297 ὲκ
2556 2244 2651 2297 τοῦ
2685 2244 2990 2312 καταλόγου
3021 2242 3212 2297 τούτου
3246 2241 3449 2314 πολλὴν
3478 2240 3648 2306 ἔδειξε

2061 2329 2344 2399 διαφορὰν,
2374 2327 2468 2381 καὶ
2491 2327 2550 2381 :6
2572 2328 2787 2399 νόσημα
2811 2330 2989 2381 ἐκεῖνο
3008 2327 3252 2398 διήγειρε
3277 2325 3338 2379 τὸ
3359 2326 3470 2379 τῶν
3494 2324 3645 2379 ἐλάτ-

2062 2429 2189 2465 τονα
2236 2412 2467 2482 ἐχόντων
2499 2411 2849 2482 χαρίσματα·
2895 2410 3081 2464 λοιπδν
3121 2411 3261 2482 μετὰ
3302 2409 3506 2482 πολλῆς
3551 2409 3650 2462 αὐ-

2060 2498 2173 2558 τοῖς
2206 2494 2445 2566 ὲπιπηδᾷ
2478 2494 2578 2565 τῆς
2613 2494 2994 2565 σφοδρότητος,
3028 2492 3115 2547 διὰ
3142 2493 3201 2547 :6
3231 2493 3434 2558 πολλὰς
3461 2492 3651 2555 αὐτοῖς

2064 2580 2367 2648 παρασχεῖν
2387 2577 2485 2641 τάς
2511 2577 2819 2643 ἀποδείξεις
2845 2577 2939 2630 τοῦ
2967 2576 3043 2649 μὴ
3067 2576 3276 2649 σφόδρα
3291 2575 3650 2631 ἐλαττοῦσθαι

2061 2661 2275 2725 αὐτούς.
2336 2660 2556 2733 Ἐπειδὴ
2602 2661 2714 2733 γάρ
2770 2661 2916 2724 εἰκὸς
2961 2656 3030 2733 ἦν
3074 2660 3253 2716 ταῦτα
3299 2660 3653 2724 ἀκούσαντας

2062 2747 2258 2807 αὐτοὺς
2312 2744 2526 2814 λέγειν·
2565 2746 2676 2799 Kal
2726 2745 2814 2799 6:6
2855 2746 2911 2798 τί
2961 2746 3038 2818 μὴ
3092 2746 3295 2809 πάντες
3354 2743 3650 2798 ἀπόστολοι

2062 2827 2399 2899 ὲγενόμεθα;
2445 2828 2704 2900 ἀνωτέρω
2755 2830 2854 2900 μὲν
2905 2828 3450 2901 παρακλητικωτέρῳ
3499 2828 3654 2900 λόγῳ

2054 2914 2351 2983 κέχρηται,
2388 2912 2477 2966 6:6
2525 2911 2737 2966 πολλῶν
2770 2912 3097 2976 ἀποδεικνὺς
3136 2912 3455 2980 ἀναγκαίως
3485 2911 3653 2966 τοῦτο

2061 2999 2366 3069 γινόμενον,
2393 2997 2487 3050 καὶ
2510 2996 2619 3049 ἀπὸ
2639 2997 2738 3068 τῆς
2761 2995 2854 3049 τοῦ
2887 2995 3142 3066 σώματος
3170 2997 3399 3060 είκόνοςο
3436 2995 3506 3050 Τὸ
3535 2997 3654 3068 γάρ

2061 3080 2254 3151 σῶμα,
2288 3080 2474 3151 φησὶν,
2516 3081 2628 3133 οὐκ
2661 3080 2833 3134 ἔστιν
2865 3079 2936 3133 ἒν
2974 3080 3185 3149 μέλος·
3218 3080 3313 3133 καὶ
3353 3080 3539 3145 πάλιν,
3574 3082 3653 3134 Et

2062 3165 2130 3219 δὲ
2163 3162 2240 3235 ἦν
2265 3166 2336 3217 τὰ
2356 3163 2554 3219 πάντα
2586 3163 2657 3217 ἐν
2682 3163 2890 3232 μέλος,
2921 3164 3038 3217 ποῦ
3068 3164 3136 3218 τὸ
3163 3163 3365 3234 σῶμα;
3395 3165 3507 3218 Καὶ
3536 3164 3655 3217 61:6

2062 3248 2157 3304 :05
2186 3247 2576 3318 συμφερόντως
2608 3246 2876 3310 δεδόσθαι,
2921 3246 3192 3312 Ἔκάστφ
3222 3248 3353 3319 γὰρ,
3385 3248 3575 3318 φησὶν,
3613 3248 3655 3315 ή

2062 3331 2400 3403 φανέρωσις
2426 3330 2535 3384 τοῦ
2564 3331 2912 3400 Πνεύματος
2944 3330 3172 3385 δίδοται
3202 3330 3355 3400 πρὸς
3389 3330 3455 3385 τὸ
3488 3348 3657 3403 avﬁ-

2062 3418 2285 3489 φέρον*
2326 3416 2419 3469 καὶ
2468 3414 2577 3469 61:6
2630 3414 2726 3468 :05
2772 3416 2981 3479 πάντας
3027 3415 3137 3469 61:6
3181 3416 3278 3469 :05
3322 3416 3656 3487 Πνεύματος

2063 3503 2331 3575 ἀρύεσθαι
2375 3498 2470 3555 τοῦ
2507 3497 2696 3565 αὐτοῦ,
2736 3499 2830 3553 καὶ
2858 3500 2967 3553 ἀπὸ
3004 3499 3099 3553 τοῦ
3131 3499 3377 3571 χάρισμα
3412 3496 3553 3555 slva:
3595 3503 3657 3557 :6

2063 3588 2362 3658 διδόμενον,
2391 3583 2526 3640 ἀλλὰ
2557 3583 2633 3657 μὴ
2659 3583 2879 3654 όφειλήν
2898 3600 2911 3613 ·
2948 3583 3275 3653 Διαιρέσεις
3308 3586 3441 3657 γὰρ,
3485 3589 3656 3658 φησί,

2066 3669 2450 3741 χαρισμάτων
2486 3667 2629 3732 εἰσί,
2685 3665 2753 3720 τὸ
2799 3666 2868 3720 δέ
2904 3666 3052 3722 αὐτὸ
3090 3668 3353 3737 Πνεῦμα·
3394 3668 3509 3722 61:6
3555 3670 3655 3722 :05

2068 3753 2377 3824 φανέρωσιν
2409 3751 2613 3821 ὁμοίως
2659 3750 2906 3819 γίνεσθαι
2950 3749 3038 3804 6:6
3072 3752 3290 3806 πάντων
3339 3750 3437 3806 τοῦ
3477 3752 3659 3807 Πνεύ-

2071 3855 2259 3910 ματος,
2303 3835 2570 3902 Έκάστφ
2607 3833 2715 3907 γὰρ
2755 3835 2795 3902 ἠ
2835 3833 3189 3905 φανέρωσις,
3224 3835 3382 3906 φησὶ,
3418 3835 3662 3891 δίδοται

2067 3920 2165 3975 διὰ
2203 3919 2310 3973 τοῦ
2341 3918 2727 3984 Πνεύματος’
2769 3918 2863 3970 καὶ
2904 3919 3014 3971 61:6
3040 3916 3134 3972 :05
3169 3919 3314 3972 κατά
3356 3919 3417 3972 :6
3453 3919 3660 3974 δοκοῦν

2066 4006 2144 4076 τῷ
2170 4002 2446 4073 Πνεύματι
2476 3999 2627 4074 [288]
2660 4002 2755 4055 καὶ
2795 4001 2872 4073 τῷ
2910 4001 3031 4074 Θεῷ
3074 4000 3246 4056 ταῦτα
3275 4004 3657 4067 τετυπῶσθαι,

2066 4087 2273 4144 Πάντα
2302 4084 2413 4156 γὰρ
2442 4083 2648 4150 ταῦτα,
2686 4086 2878 4154 φησὶν,
2911 4085 3147 4154 ἐνεργεῖ
3170 4085 3244 4140 έν
3269 4087 3371 4140 καί
3402 4088 3468 4141 τό
3504 4089 3660 4143 αὐτὸ

2071 4170 2341 4239 Πνεῦμα,
2373 4168 2646 4236 διαιροῦν
2679 4169 2798 4235 ἰδίᾳ
2833 4168 3089 4235 ἑκάστῳ,
3122 4170 3317 4237 καθὼς
3334 4171 3660 4236 ,βούλεταιο

2069 4255 2164 4310 καὶ
2192 4254 2374 4316 πάλιν,
2410 4254 2619 4307 Ἐθετο
2646 4254 2679 4305 ὀ
2710 4252 2854 4318 Θεὸς
2882 4254 2954 4306 τὰ
2979 4254 3135 4322 μέλη
3157 4253 3229 4308 ἓν
3246 4254 3516 4308 ἕκαστον
3550 4259 3666 4310 αὺ-

2066 4338 2189 4392 τῶν
2221 4338 2291 4390 ἐν
2319 4336 2401 4402 τῷ
2432 4334 2679 4404 σώματι,
2715 4334 2911 4401 καθὼς
2943 4336 3241 4405 ἠθέλησε·
3288 4339 3384 4392 καὶ
3415 4339 3532 4391 61:6
3563 4338 3666 4392 :05

2069 4424 2342 4490 ἀναγκαῖα
2372 4415 2511 4473 εἶναι
2546 4420 2641 4472 καὶ
2666 4418 2735 4471 τά
2760 4419 3043 4483 ἐλάττονα,
3090 4420 3165 4475 T6
3198 4421 3302 4493 γὰρ
3327 4420 3665 4485 δοκοῦντα,

2070 4506 2256 4576 φησὶν,
2288 4501 2697 4570 ἀσθενέστερα
2746 4502 3074 4572 ὑπάρχειν,
3116 4502 3415 4574 ἀναγκαῖά
3456 4504 3663 4558 ἐστιν’

2070 4586 2288 4643 ἀπὸτοῦ
2318 4599 2343 4626 α
2372 4585 2574 4656 ὁμοίως
2614 4587 2889 4655 ἀναγκαῖα
2937 4582 3098 4651 εἶναι,
3135 4587 3193 4640 ὲν
3233 4585 3311 4657 τῷ
3352 4587 3570 4657 ὁμοίως
3605 4587 3669 4640 :6

2072 4671 2233 4742 σῶμα
2270 4668 2702 4732 κατασκευάζειν
2749 4671 2863 4730 τοῖς
2906 4670 3141 4740 μείζοσι,
3182 4670 3251 4723 Τὸ
3290 4668 3405 4740 γὰρ
3455 4670 3667 4740 σῶμα,

2070 4755 2256 4826 φησὶν,
2289 4755 2401 4807 οὐκ
2432 4754 2604 4806 ἐστιν
2639 4751 2709 4806 ἒν
2729 4752 2938 4823 μέλος,
2972 4754 3136 4808 ἀλλὰ
3166 4755 3387 4809 πολλά·
3420 4755 3536 4809 61:6
3569 4754 3669 4809 τοῦ

2069 4838 2165 4891 καὶ
2192 4838 2263 4890 :6
2298 4836 2521 4908 μείζονα
2548 4835 2656 4889 τῶν
2685 4835 2988 4890 ἐλαττόνων
3015 4835 3245 4899 δεῖσθαι,
3274 4840 3359 4892 Οὐ
3397 4838 3672 4893 δύναται

2069 4921 2200 4991 γὰρ,
2237 4920 2426 4991 φησὶν,
2468 4918 2659 4973 εἰπεῖν
2704 4918 2743 4986 ἡ
2772 4919 3009 4989 κεφαλὴ
3057 4920 3185 4989 τοῖς
3228 4923 3399 4988 ποσί,
3437 4925 3675 4991 Χρείαν

2067 5001 2236 5073 ὑμῶν
2254 5004 2365 5056 οὐκ
2384 5001 2520 5072 ἔχω·
2544 5003 2651 5055 61:6
2671 5002 2765 5055 :05
2792 5006 2886 5057 καὶ
2901 5004 3146 5068 πλείονος
3161 5005 3337 5059 ταῦτα
3359 5005 3675 5060 ἀπολαύειν

2066 5086 2257 5157 τιμῆς,
2312 5085 2395 5152 Τῷ
2436 5088 2546 5157 γάρ
2582 5087 2961 5153 ὑστεροῦντι,
3000 5087 3158 5156 φησὶ,
3209 5090 3675 5159 περισσοτέραν

2088 5169 2275 5224 ἔδωκε
2295 5167 2493 5239 τιμήν·
2515 5169 2625 5222 61:6
2650 5168 2744 5222 :05
2772 5169 2959 5241 κοινὴν
2987 5170 3169 5223 αὐτῶν
3193 5166 3335 5225 εἶναι
3358 5171 3463 5243 τὴν
3490 5188 3676 5244 φρον-

2067 5253 2188 5307 τίδα
2217 5253 2312 5307 καὶ
2341 5254 2461 5325 ἴσην
2483 5292 2497 5313 ,
2532 5250 2607 5304 Τὸ
2645 5253 2754 5323 γὰρ
2788 5254 2934 5307 αὐτὸ
2970 5255 3124 5323 ὑπὲρ
3160 5254 3455 5324 ἀλλήλων
3498 5272 3679 5325 μερι-

2064 5336 2262 5405 μνῶσι
2292 5334 2489 5389 πάντα
2516 5334 2589 5388 τὰ
2606 5333 2784 5403 μέλη·
2820 5334 2915 5388 καὶ
2946 5336 3054 5390 61:6
3082 5335 3177 5389 :05
3212 5335 3344 5406 μίαν
3384 5328 3538 5390 εἶναι
3568 5337 3678 5409 τὴν

2067 5417 2226 5483 δόξαν
2255 5418 2349 5472 καὶ
2376 5417 2476 5489 τὴν
2505 5417 2780 5490 ἀλγηδόνα
2814 5418 2994 5472 αὐτῶν
3028 5418 3314 5486 ἁπάντων,
3359 5419 3511 5474 Εἴτε
3558 5423 3680 5493 γὰρ

2069 5502 2311 5571 πάσχει,
2361 5503 2553 5573 φησὶν,
2604 5500 2675 5555 ἓν
2706 5501 2899 5572 μέλος
2945 5501 3296 5573 συμπάσχει
3339 5501 3556 5559 πάντα
3603 5507 3681 5562 τὰ

2186 5719 2241 5763 Α.
2266 5713 2347 5778 καὶ
2367 5715 2462 5763 ἀπὸ
2482 5713 2567 5763 τοῦ
2585 5716 2647 5775 μή
2674 5716 2832 5778 μόνον,
2857 5717 3106 5778 ἀναγκαῖα,
3126 5715 3249 5778 ἀλλά
3271 5714 3429 5778 καῖεν
3454 5716 3566 5764 ἀπὸ
3587 5715 3686 5766 τοῦ

2070 5777 2133 5844 μή
2160 5778 2207 5824 ἓν
2230 5775 2316 5844 πά)
2329 5794 2368 5823 ιν
2390 5778 2445 5824 τὸ
2480 5779 2629 5844 ’σῶμα
2655 5775 3061 5844 *κατασκενάζειῃ
3082 5777 3245 5844 ’ἀλλάμ
3263 5775 3423 5844 πολλά
3450 5790 3464 5801 ’
3584 5783 3687 5844 γάρ

2070 5836 2226 5899 σῶμα.
2261 5838 2307 5887 Β,
2342 5845 2449 5900 post
2472 5836 2705 5900 ἀναγκαῖα
2730 5840 2863 5896 εἶναι,
2886 5836 3057 5889 inserit
3082 5839 3201 5894 haec,
3228 5839 3275 5887 "sv
3295 5836 3386 5886 ἀπὸ
3419 5838 3544 5887 τοῦ.
