3990 6168
432 375 539 430 265

435 492 666 562 plic.ter,
698 500 787 544 aut
812 488 1096 560 prophetas
1120 506 1137 557 ς
1162 488 1260 547 sed
1286 488 1518 563 primum
1544 500 1601 545 et
1630 488 1922 547 secundum
1952 496 2010 561 et

439 580 654 636 tertium
687 583 862 649 ponit;
907 580 1009 635 hoc
1035 581 1208 649 ipsum
1235 580 1379 652 quod
1413 579 1523 636 dixi
1550 581 1871 651 signiﬁcans.
1914 578 2011 634 Se-

437 671 603 725 cundo
631 671 915 741 prophetas.
959 671 1354 740 Prophetabant
1389 672 1554 739 enim,
1580 680 1640 727 ut
1660 672 1782 727 lilia:
1804 669 2010 741 Philip-

442 764 525 832 pi,
553 771 609 817 ut
639 762 869 832 Agabus,
907 772 964 816 ut
984 764 1068 817 isti
1094 765 1191 833 ipsi
1216 765 1304 834 qui
1336 774 1490 819 erant
1514 765 1653 835 apud
1677 762 2006 826 Corinthios,

439 853 508 908 de
545 853 730 920 quibus
771 855 921 919 dicit,
982 855 1258 925 I’mphelat
1312 857 1414 911 duo
1465 869 1553 911 aut
1600 868 1699 912 tres
1745 857 2011 927 loquantur

436 943 487 1014 (l
533 943 649 997 Cor.
680 944 768 1015 14,
797 944 930 1015 29).
976 945 1042 1001 Et
1094 947 1161 1002 ad
1207 946 1545 1003 Timetheum
1576 949 1817 1004 scribens
1868 947 2009 1002 dice-

430 1020 520 1088 bat
560 1051 575 1086 :
622 1023 758 1089 Noli.
790 1036 1041 1107 negligere
1068 1038 1285 1109 gratiam
1323 1056 1435 1109 qute
1464 1041 1518 1093 in
1545 1048 1592 1093 te
1614 1050 1685 1095 est
1705 1080 1722 1106 ,
1766 1054 1879 1110 qua:
1923 1038 2011 1093 tibi

428 1129 550 1180 data
576 1138 650 1182 est
687 1145 779 1198 per
806 1130 1124 1197 prophetiam
1155 1132 1205 1201 (l
1261 1130 1396 1185 Tim.
1426 1132 1485 1207 4,
1505 1132 1616 1200 id).

500 1216 688 1273 Plures
712 1221 972 1290 propheta:
1006 1230 1151 1275 erant
1177 1223 1228 1276 in
1260 1221 1484 1277 Ecclesia
1509 1221 1735 1289 Christi,
1783 1238 1935 1293 quam
1956 1221 2011 1275 in

426 1310 537 1381 lege
553 1313 727 1365 veteri.
756 1341 829 1352 —
849 1313 927 1367 Ac
969 1313 1125 1381 longe
1161 1314 1340 1384 plures
1368 1321 1494 1368 tunc
1522 1322 1676 1369 erant
1701 1312 2007 1384 prophetae,

425 1419 589 1474 quam
617 1405 672 1459 in
701 1403 879 1460 Veteri
910 1406 1269 1460 Testamento.
1312 1405 1495 1476 Neque
1539 1406 1682 1460 enim
1712 1404 1780 1459 ad
1824 1403 2009 1459 decem

426 1504 487 1550 et
527 1494 713 1567 viginti
750 1502 807 1549 et
843 1496 1220 1568 quinquaginta
1263 1504 1558 1551 elocutum
1594 1494 1866 1550 redactum
1897 1502 2012 1547 erat

432 1584 727 1654 prophetia:
771 1585 1011 1652 donum;
1058 1586 1153 1641 sed
1198 1586 1313 1641 haec
1353 1587 1524 1656 gratia
1566 1586 1794 1640 ubertim
1839 1584 2009 1638 eli‘un-

430 1678 695 1743 dcbatur,
741 1686 797 1732 et
840 1679 1062 1749 singulae
1106 1677 1363 1732 Ecclesia:
1391 1677 1588 1731 multos
1620 1678 1884 1732 habebant
1920 1677 2009 1746 qui

435 1767 848 1837 prophetabant.
873 1767 1022 1835 Quod
1050 1769 1104 1838 si.
1124 1768 1368 1823 Christus
1393 1768 1555 1831 dicat,
1586 1767 1697 1823 Lex
1716 1778 1760 1821 et
1790 1766 2007 1837 prophe-

432 1870 501 1913 ta:
545 1875 704 1928 usque
751 1859 819 1912 ad
855 1857 1108 1913 Joannem
1136 1858 1349 1929 (Matth.
1382 1861 1466 1913 ll.
1502 1858 1615 1929 i5),
1638 1858 1705 1913 de
1735 1859 1839 1912 illis
1874 1858 2012 1912 dixit

433 1952 728 2021 prophetis,
777 1952 867 2021 qui
913 1952 1028 2020 ejus
1069 1951 1355 2007 adventum
1400 1952 1782 2021 pnedixeruut.
1843 1949 2009 2004 Tertio

425 2043 682 2095 doctores.
718 2040 851 2095 Nam
883 2042 973 2111 qui
1003 2041 1309 2112 prOphetat,
1334 2043 1514 2097 omnia
1554 2059 1583 2095 a
1613 2042 1811 2111 Spiritu
1840 2041 2011 2112 loqui-

426 2143 514 2185 tur
551 2151 562 2184 :
595 2134 683 2202 qui
726 2132 882 2186 docet
928 2143 1128 2196 autem,
1179 2133 1468 2202 aliquando
1491 2148 1555 2187 ex
1578 2133 1795 2202 propria
1828 2141 2010 2187 mente

419 2221 661 2277 disserit.
691 2222 817 2277 ideo
841 2222 1056 2277 dicebat
1085 2241 1099 2276 :
1134 2222 1234 2290 Qui
1281 2223 1402 2278 bene
1439 2233 1660 2295 prtesunt
1699 2225 2004 2295 presbyteri,

421 2314 620 2380 duplici
668 2315 856 2369 honore
902 2315 1045 2386 digni
1087 2316 1401 2382 habeantur,
1448 2317 1668 2369 maxime
1708 2326 1880 2369 autem
1922 2316 2011 2386 qui

419 2405 655 2460 laborant
678 2406 732 2459 in
759 2407 905 2462 uerbo
934 2418 981 2461 et
1005 2408 1238 2462 doctrina
1274 2408 1354 2480 (i.
1388 2407 1521 2462 Tim.
1549 2409 1605 2464 5.
1631 2409 1740 2478 l7).
1771 2408 1873 2476 Qui
1915 2423 2012 2461 au-

420 2508 534 2553 tem
573 2499 779 2569 Spiritu
821 2502 1003 2554 omnia
1047 2502 1305 2571 loquitur,
1350 2518 1455 2555 non
1501 2502 1746 2564 laborat;
1781 2502 2008 2571 ideoque

418 2599 547 2660 post
573 2592 885 2661 prophetam
919 2592 1066 2645 illum
1096 2592 1308 2660 posuit;
1351 2593 1603 2661 quoniam
1638 2592 1766 2647 illud
1796 2592 2007 2662 quidem

417 2694 593 2738 totum
626 2694 709 2738 est
733 2683 957 2746 donum,
1006 2683 1109 2737 hoc
1144 2695 1321 2738 autem
1352 2684 1517 2738 etiam
1557 2683 1817 2738 humanus
1839 2684 2008 2741 labor.

415 2775 635 2829 Etenim
660 2791 725 2829 ex
750 2789 810 2829 se
836 2790 1048 2843 quoque
1069 2774 1232 2828 multa
1264 2775 1519 2844 loquitur,
1548 2790 1667 2845 qua!
1690 2785 1867 2831 tamen
1886 2790 2007 2830 cum

411 2864 618 2939 divinis
641 2862 1277 2939 Scripturiscousonant.
1308 2862 1509 2919 Deinde
1535 2866 1743 2919 virtutes
1767 2909 1783 2932 ,
1827 2866 2010 2919 deinde

408 2938 614 3027 gratias
637 2938 977 3011 curationum.
1028 2954 1212 3010 Viden’
1252 2954 1521 3031 quomodo
1558 2972 1768 3010 rursum
1814 2957 2007 3011 distin-

405 3047 536 3116 guit
576 3048 882 3103 curationes
930 3062 960 3101 a
1009 3047 1411 3123 virtute,_quod
1446 3049 1608 3102 etiam
1655 3058 1812 3102 antea
1843 3049 2007 3103 fecit?

413 3138 593 3192 virtus
612 3138 757 3193 enim
782 3138 955 3207 majus
983 3138 1253 3208 quidpiam
1281 3148 1363 3192 est
1383 3179 1399 3205 ,
1427 3153 1587 3208 quam
1615 3139 1841 3193 curatio.
1874 3140 2004 3193 Nam

409 3231 505 3299 qui
549 3230 799 3284 virtutem
846 3229 1025 3294 habet,
1068 3238 1125 3285 et
1163 3231 1388 3301 castigat
1416 3239 1473 3285 et
1522 3240 1714 3286 curat:
1746 3232 1839 3302 qui
1879 3247 2005 3287 vero

409 3323 646 3393 gratiam
671 3322 1009 3378 curationum
1041 3322 1221 3387 habet,
1254 3324 1473 3379 morbos
1502 3332 1705 3379 tantum
1734 3334 1906 3379 curat.
1939 3325 2006 3379 Et

416 3414 547 3467 vide
588 3428 744 3482 quam
773 3414 978 3483 Optimo
1004 3429 1132 3468 usus
1156 3413 1229 3468 sit
1253 3414 1443 3470 ordine
1462 3457 1479 3480 ,
1520 3429 1641 3470 cum
1669 3416 2003 3485 prophetiam

417 3512 549 3557 ante
591 3504 813 3576 virtutes
862 3513 916 3559 et
964 3505 1513 3576 curationesposuit.
1559 3506 1818 3574 Superius
1860 3508 2001 3561 enim

419 3593 513 3647 ubi
544 3591 754 3648 dicebat
784 3611 797 3646 :
830 3594 928 3648 Alii
955 3595 1158 3664 quidem
1185 3611 1276 3664 per
1299 3595 1552 3665 Spiritum
1575 3598 1721 3650 datus
1748 3606 1820 3650 est
1841 3612 2003 3651 sermo

413 3684 706 3752 sapientia,
742 3694 788 3738 et
814 3686 901 3740 alii
926 3703 1090 3741 sermo
1115 3687 1382 3749 scientiae;
1428 3702 1532 3740 non
1572 3687 1760 3740 ordine
1800 3704 2001 3757 ponens

409 3773 653 3840 dicebat,
687 3775 779 3830 sed
810 3776 1268 3830 indiscriminatim
1295 3793 1310 3842 ;
1342 3775 1427 3830 hic
1462 3785 1640 3831 autem
1666 3786 1720 3831 et
1746 3780 2004 3847 praeponit

407 3877 465 3923 ct
508 3868 744 3939 subjicit.
794 3868 902 3924 Cur
951 3885 1081 3941 ergo
1120 3870 1457 3938 prophetiam
1507 3871 1819 3940 praapouit?
1867 3871 1999 3939 Quia

405 3961 574 4014 etiam
605 3961 657 4013 in
678 3959 859 4014 Veteri
879 3959 1220 4014 Testamento
1246 3960 1406 4016 talem
1436 3961 1678 4016 ordinem
1699 3962 1785 4016 illa
1813 3961 1996 4017 habet.

405 4049 546 4106 Cum
577 4052 721 4105 enim
744 4051 906 4105 Isaias
932 4050 1147 4106 Judtcos
1177 4051 1559 4121 alloqueretur,
1588 4061 1644 4107 et
1668 4052 1876 4106 virtutis
1907 4052 2001 4107 Dei

404 4141 931 4196 demonstrationem
964 4141 1248 4211 pra-heret,
1276 4142 1495 4196 vilitatis
1517 4141 1820 4198 dmmonum
1851 4159 2001 4212 argu-

406 4243 655 4289 mentum
688 4235 740 4288 in
769 4234 1004 4290 medium
1033 4233 1256 4289 adduxit
1285 4250 1300 4289 :
1325 4243 1379 4289 et
1406 4236 1506 4289 hoc
1536 4234 1833 4289 divinitatis
1880 4237 1997 4302 ejus

402 4326 546 4381 dixit
578 4341 697 4381 esse
729 4327 982 4382 indicium
1008 4330 1325 4394 maximum,
1370 4326 1513 4396 quod
1540 4326 1713 4381 futura
1742 4327 1997 4397 praedice-

406 4432 511 4475 ret.
555 4421 804 4477 Christus
848 4437 977 4475 vero
1015 4421 1104 4490 qui
1156 4429 1232 4475 tot
1272 4420 1529 4474 miracula
1575 4428 1829 4490 patrarat,
1881 4437 1988 4476 non

404 4529 634 4580 parvum
679 4512 782 4567 hoc
810 4510 940 4567 dicit
981 4527 1103 4568 esse
1148 4512 1443 4567 divinitatis
1481 4526 1593 4566 suae
1639 4511 1888 4582 signum;
1943 4522 1997 4566 et

402 4607 720 4678 frequenter
747 4607 826 4661 sic
852 4621 1151 4662 sermonem
1179 4603 1452 4660 concludit
1481 4620 1497 4658 :
1528 4602 1653 4658 Haec
1678 4613 1849 4658 autem
1885 4604 1994 4661 diei

392 4700 582 4767 (vobis,
632 4708 687 4753 ut
737 4715 851 4753 cum
894 4699 1033 4770 facta
1074 4699 1292 4770 fuerint,
1345 4697 1563 4753 credatis
1599 4699 1842 4769 quia’ego
1879 4714 1994 4752 sunt

401 4790 599 4862 (Joan.
637 4793 732 4855 13,
768 4790 888 4861 19).
950 4790 1055 4846 Sed
1103 4789 1398 4860 prophetia:
1435 4788 1558 4857 jure
1599 4799 1992 4859 p08tponuutur

394 4886 593 4951 gratia:
633 4882 970 4937 curationum
1006 4898 1019 4934 :
1057 4896 1155 4935 cur
1181 4895 1309 4934 vero
1339 4881 1500 4935 etiam
1526 4879 1828 4936 doctrinae?
1857 4880 1992 4948 Quia

397 4988 508 5027 non
543 4987 645 5042 par
671 4986 759 5027 res
788 4982 894 5039 est,
925 4972 1147 5027 verbum
1179 4970 1572 5041 praedicationis
1594 4970 1914 5027 annuntiare
1939 4980 1993 5024 et

396 5065 545 5135 piam
582 5064 896 5135 religionem
936 5064 1205 5120 seminare
1231 5063 1283 5118 in
1309 5063 1613 5118 auditorum
1652 5064 1865 5129 animis,
1905 5073 1989 5117 at-

398 5174 502 5225 que
556 5159 785 5213 virtutes
827 5157 1039 5224 facere;
1095 5157 1345 5227 quoniam
1403 5157 1533 5227 ipsa:
1587 5165 1805 5225 propter
1855 5155 1988 5211 illud

394 5250 550 5306 lium.

460 5343 520 5397 2.
554 5343 693 5398 Cum
716 5357 845 5414 ergo
869 5344 991 5412 quis
1019 5351 1074 5398 et
1099 5342 1261 5397 verbo
1289 5350 1345 5396 et
1370 5341 1491 5395 vitae
1517 5339 1763 5410 exemplo
1788 5340 1984 5402 erudit,

390 5435 572 5506 tuajor
617 5444 700 5489 est
743 5434 1014 5504 omnibus.
1064 5433 1189 5489 Illos
1223 5434 1366 5488 enim
1405 5433 1534 5487 dicit
1568 5430 1848 5497 doctores,
1896 5431 1986 5501 qui

388 5528 559 5582 ctiam
591 5525 845 5596 operibus
884 5525 1077 5580 docent
1101 5534 1156 5580 et
1187 5524 1350 5580 verbo
1375 5523 1648 5580 erudiunt.
1687 5523 1800 5579 Hoc
1829 5523 1987 5593 igitur

389 5620 558 5672 etiam
606 5616 880 5688 apostolos
921 5631 1041 5672 esse
1066 5614 1193 5671 fecit
1225 5615 1517 5686 apostolos.
1551 5615 1618 5670 Et
1649 5614 1738 5688 illa
1768 5613 1984 5685 quidem

388 5712 481 5766 alii
509 5710 759 5766 nonnulli
781 5725 890 5766 non
918 5708 1095 5780 magni
1126 5708 1280 5779 pretii
1310 5707 1462 5762 initio
1491 5706 1812 5772 habuerunt,
1865 5716 1922 5760 ut
1948 5706 1983 5760 ii

390 5805 480 5874 qui
511 5802 791 5875 dicebant,
823 5801 1065 5871 Domine,
1087 5815 1252 5856 nonne
1281 5798 1336 5855 in
1362 5797 1564 5855 nomine
1592 5807 1676 5853 tuo
1698 5797 1976 5870 propheta-

1478 373 1544 432 IN
1583 375 1800 433 EPIST.
1841 374 1860 430 Ι
1923 375 2018 432 AD
2052 371 2211 434 COR.
2255 376 2483 434 HOMIL.
2531 378 2748 437 XXX".

3589 390 3694 445 266

2119 488 2302 557 nimus,
2345 501 2394 546 et
2438 494 2643 549 virtutes
2686 496 2873 551 utullus
2911 500 3164 564 fccinms?
3205 513 3257 557 et
3287 511 3469 571 postea
3510 507 3692 559 audie-

2115 590 2255 644 runt,
2284 580 2578 654 Numquam
2599 588 2713 639 novi
2731 604 2854 654 vos;
2882 589 3122 644 discedite
3146 609 3176 645 a
3202 594 3388 664 migqui
3411 600 3694 662 operamini

2114 670 2432 741 iniquitatem
2473 675 2683 744 (Matth.
2715 680 2766 749 7,
2793 679 3003 749 22,9.5)
3037 700 3051 737 :
3079 683 3336 738 doetriua:
3366 694 3543 740 autem
3575 702 3692 741 vcr-

2115 760 2242 815 hum
2279 763 2475 833 duplex
2525 767 2652 820 illud
2675 810 2689 832 ,
2718 770 2858 839 quod
2894 786 2986 840 per
3014 788 3177 841 opera
3204 783 3259 828 et
3287 789 3383 845 per
3409 777 3567 831 verba
3596 794 3692 832 ex-

2115 850 2345 916 hibetur,
2374 858 2545 910 malus
2574 857 2733 913 homo
2776 877 3061 932 numquam
3089 866 3402 934 susceperit.
3453 867 3606 934 Quod
3648 869 3694 924 si

2115 944 2406 1013 prophetas
2439 961 2729 1018 prmpnuat.
2764 967 2832 1007 ne
2857 953 3073 1009 mireris
3100 970 3112 1007 :
3144 971 3248 1009 non
3272 958 3417 1012 enim
3439 958 3695 1027 simplici—

2116 1044 2198 1091 ter
2236 1038 2521 1108 prophetas
2547 1041 2695 1105 dicit,
2724 1045 2816 1098 sed
2857 1060 2953 1099 eos
2994 1047 3083 1116 qui
3137 1063 3231 1115 per
3278 1050 3608 1119 prophetiam
3640 1060 3690 1107 et

2115 1126 2417 1184 docuerunt
2456 1140 2511 1186 ct
2551 1133 2601 1186 iu
2643 1149 2981 1190 communem
3010 1137 3290 1193 utilitatem
3331 1144 3506 1195 omnia
3539 1142 3693 1198 dixe-

2115 1229 2287 1274 runt:
2319 1223 2463 1290 quod
2508 1224 2561 1277 in
2608 1228 2954 1295 sequentibus
3006 1229 3339 1285 manifestius
3387 1235 3542 1289 nobis
3593 1236 3692 1291 de-

2113 1313 2280 1377 clarat
2312 1330 2327 1367 :
2354 1314 2744 1382 Opitulationes,
2776 1320 3187 1389 gubernationes.
3211 1323 3348 1390 Quid
3374 1334 3477 1389 est,
3514 1326 3696 1397 Opim-

2115 1404 2367 1458 lationes?
2396 1405 2463 1461 Ut
2491 1406 2689 1461 inﬁrmi
2719 1420 3084 1480 protegantur.
3137 1412 3370 1469 Haecine
3403 1431 3587 1484 quaeso
3610 1427 3695 1473 est

2113 1495 2424 1551 charisma?
2462 1501 2601 1553 Sane
2634 1500 2848 1569 quidem
2876 1502 2976 1557 hoc
2998 1518 3063 1557 ex
3096 1504 3189 1558 Dei
3218 1504 3360 1559 dono
3390 1516 3476 1561 cst
3507 1517 3691 1577 prote-

2113 1600 2261 1656 gere,
2301 1597 2357 1642 et
2401 1603 2486 1641 res
2531 1589 2841 1659 dispensare
2882 1592 3192 1663 spirituales
3226 1612 3241 1653 :
3270 1596 3509 1667 alioquin
3531 1600 3693 1654 etiam

2114 1677 2279 1732 multa
2304 1692 2332 1729 a
2354 1678 2510 1732 nobis
2541 1682 2797 1749 praeclare
2826 1693 2973 1753 gesta
2999 1684 3328 1740 charismata
3357 1698 3512 1743 vocat
3530 1729 3547 1751 ,
3590 1705 3686 1744 nov

2115 1769 2231 1822 lens
2258 1777 2314 1821 ut
2339 1769 2717 1837 concidamus,
2743 1772 2839 1827 sed
2864 1775 3157 1830 ostendens
3186 1790 3285 1832 nos
3306 1792 3523 1847 semper
3540 1782 3693 1835 auxi—

2115 1860 2185 1913 lio
2214 1858 2304 1913 Dei
2333 1858 2572 1930 indigere
2590 1899 2608 1925 ,
2656 1863 3146 1921 et.nos,instituens
3175 1875 3231 1920 ut
3254 1868 3574 1937 gratiaoimi
3603 1873 3693 1925 si—

2116 1966 2253 2016 mus,
2299 1952 2481 2020 sicque
2511 1953 2799 2008 alacriores
2840 1955 3100 2016 reddens.
3152 1957 3474 2027 illorumquc
3503 1975 3695 2016 sensus

2114 2042 2382 2096 excitans.
2407 2040 2606 2097 Genera
2634 2045 2947 2115 linguarum.
2976 2044 3219 2101 Vidistin’
3247 2048 3333 2104 ubi
3366 2049 3467 2105 hoc
3493 2051 3693 2111 donum

2115 2134 2373 2201 posuerit,
2400 2142 2455 2187 et
2479 2134 2747 2203 quomodo
2779 2136 2974 2206 ubique
2997 2138 3239 2192 ultimum
3267 2140 3341 2193 illi
3379 2142 3578 2197 tribuat
3599 2160 3691 2198 0r—

2113 2223 2329 2278 diuem?
2358 2225 2578 2290 Deinde,
2607 2229 2727 2295 quia
2757 2243 2821 2281 ex
2859 2228 2959 2283 hoc
2985 2230 3231 2298 catalogo
3259 2233 3478 2287 multam
3506 2243 3692 2290 osten-

2112 2313 2192 2368 dit
2233 2313 2616 2379 dill'ereutiam,
2658 2326 2713 2371 et
2755 2317 2903 2372 illum
2935 2320 3465 2381 excitavituuorbum
3505 2340 3693 2381 eorum

2113 2405 2208 2472 qui
2229 2406 2430 2460 minora
2463 2405 2725 2462 habebant
2747 2407 3103 2473 charismata;
3133 2410 3350 2467 demum
3378 2428 3503 2471 cum,
3525 2418 3685 2473 rebe-

2113 2496 2312 2551 mentia
2356 2512 2545 2566 magna
2576 2497 2697 2553 illos
2739 2499 3061 2568 aggreditur.
3093 2500 3220 2556 dum
3253 2504 3319 2558 iis
3347 2506 3516 2560 multa
3548 2521 3689 2576 pra:-

2114 2586 2205 2643 bet
2228 2598 2556 2658 argumenta,
2581 2590 2731 2659 quod,
2756 2605 2860 2646 non
2889 2592 2940 2647 iu
2964 2593 3134 2655 multo
3158 2594 3421 2651 minorem
3445 2599 3687 2654 ordinem

2112 2677 2313 2732 redacti
2338 2681 2464 2733 sint.
2515 2680 2648 2745 Quia
2677 2681 2819 2735 enim
2849 2682 3144 2739 verisimile
3164 2694 3283 2740 erat
3315 2687 3578 2745 illoshaec
3600 2705 3665 2744 au
3684 2717 3696 2726 ~

2111 2768 2322 2824 dientes
2348 2769 2531 2825 dicere
2561 2788 2574 2824 :
2603 2771 2669 2825 Et
2698 2786 2796 2826 cur
2823 2788 2928 2827 non
2956 2788 3147 2831 omnes
3173 2779 3405 2846 apostoli
3448 2779 3575 2836 facti
3614 2796 3697 2836 su-

2114 2859 2267 2913 mus?
2307 2860 2554 2928 superius
2595 2859 2811 2929 quidem
2854 2864 3024 2933 magis
3061 2866 3419 2922 consolatoria
3452 2871 3697 2927 oratione

2112 2964 2239 3004 usus
2259 2959 2359 3014 cst,
2384 2951 2563 3006 multis
2583 2951 2873 3008 ostendens
2895 2955 2974 3009 sic
2994 2958 3299 3012 necessario
3324 2956 3522 3017 factum
3543 2977 3688 3029 esse,

2110 3041 2269 3096 etiam
2298 3042 2366 3095 ab
2389 3043 2619 3113 imagine
2646 3045 2887 3113 corporis
2922 3064 2935 3101 :
2967 3044 3165 3118 Corpus
3183 3046 3349 3115 enim,
3380 3049 3569 3121 inquit,
3593 3069 3695 3108 non

2108 3141 2179 3186 est
2206 3148 2363 3186 unum
2388 3134 2667 3199 membrum
2697 3150 2717 3188 :
2744 3146 2797 3191 et
2835 3151 3071 3203 rursum,
3103 3137 3169 3194 Si
3201 3151 3371 3194 autem
3395 3151 3556 3198 essent
3582 3159 3696 3198 om—

2108 3224 2194 3279 nia
2224 3242 2378 3281 unum
2401 3226 2696 3295 membrum,
2718 3230 2802 3284 ubi
2827 3245 3010 3300 corpus
3030 3231 3061 3287 2.
3083 3241 3138 3286 et
3166 3232 3308 3303 quod
3341 3234 3543 3295 utiliter
3569 3236 3689 3295 data

2109 3316 2257 3372 sint:
2291 3315 2574 3389 Unicuique
2622 3320 2788 3384 enim,
2833 3321 3024 3390 inquit,
3073 3325 3416 3394 manifestatio
3444 3326 3701 3396 .Spiritus

2107 3406 2262 3460 datur
2293 3409 2360 3461 ad
2388 3409 2691 3473 utilitatem;
2725 3420 2780 3464 et
2812 3427 2874 3464 ex
2900 3427 2967 3465 eo
2994 3412 3136 3481 quod
3164 3429 3353 3469 omnes
3393 3432 3460 3470 ex
3502 3419 3693 3472 eodem

2110 3496 2313 3565 Spiritu
2359 3498 2599 3564 audiant,
2653 3507 2709 3552 et
2751 3502 2892 3567 quod
2935 3501 3202 3556 charisma
3231 3503 3432 3559 donum
3462 3507 3565 3570 sit,
3598 3512 3689 3560 sed

2112 3603 2217 3640 non
2276 3586 2513 3642 debitum
2545 3606 2557 3637 τ
2589 3588 2872 3643 Divisioncs
2923 3592 3101 3655 enim,
3151 3593 3354 3662 inquit,
3405 3598 3691 3665 gratiarum

2106 3687 2243 3743 sunt,
2285 3679 2420 3731 idem
2446 3693 2559 3732 vero
2588 3679 2815 3749 Spiritus
2838 3695 2858 3743 ,'
2886 3691 2937 3734 et
2965 3682 3109 3751 quod
3132 3684 3491 3741 manilestalio
3520 3688 3690 3757 Spiri—

2108 3777 2190 3821 tus
2230 3783 2326 3837 per
2363 3770 2541 3823 omnia
2584 3773 2716 3824 tiat:
2751 3768 3032 3842 Unicuique
3058 3775 3224 3841 enim,
3258 3776 3447 3847 inquit,
3475 3782 3692 3851 mani/1'-

2104 3862 2252 3914 statio
2276 3860 2427 3913 datur
2453 3879 2541 3929 per
2564 3861 2850 3931 Spiritum;
2890 3874 2943 3917 et
2976 3878 3041 3919 ex
3070 3881 3134 3918 eo
3164 3866 3306 3936 quod
3340 3879 3499 3938 prout
3535 3872 3655 3929 vide
3676 3903 3689 3912 -

2106 3964 2191 4017 tur
2218 3953 2439 4023 Spiritui
2481 3964 2535 4010 et
2584 3956 2694 4010 Deo
2739 3957 2853 4012 haec
2900 3956 3125 4026 ﬁgurata
3177 3961 3328 4014 sint:
3369 3961 3492 4017 llwc
3543 3967 3685 4021 cnim

2102 4049 2292 4112 omnia,
2353 4049 2541 4117 inquit,
2581 4059 2822 4118 operatur
2856 4067 2988 4104 unus
3017 4061 3064 4106 ct
3093 4052 3227 4107 idem
3255 4053 3510 4121 Spiritus,
3565 4058 3688 4113 diui-

2101 4142 2224 4196 dens
2273 4143 2484 4214 singulis
2532 4155 2679 4212 prout
2730 4144 2880 4208 vult;
2910 4153 2992 4209 et,
3046 4143 3231 4200 Posuit
3278 4145 3416 4201 Deus
3464 4151 3686 4206 membra

2101 4237 2489 4305 unumquodque
2531 4253 2704 4290 eorum
2743 4237 2798 4290 in
2827 4253 3041 4305 corpore
3065 4238 3194 4290 sicut
3222 4238 3413 4292 voluit:
3449 4248 3504 4294 et
3543 4243 3681 4309 quod

2102 4326 2402 4381 necessaria
2450 4326 2557 4380 sint
2603 4327 2763 4381 etiam
2803 4327 3011 4381 minora
3047 4346 3061 4383 :
3094 4328 3219 4393 Qute
3257 4329 3399 4384 enim
3423 4331 3668 4399 videntur

2102 4418 2305 4486 inquit,
2324 4418 2607 4485 inﬁrmiora
2633 4433 2757 4482 esse,
2789 4419 3071 4473 necessaria
3090 4429 3205 4472 sunt
3228 4434 3333 4483 ,'ex
3356 4434 3422 4475 eo
3443 4423 3583 4489 quod
3606 4426 3675 4477 si-

2100 4509 2297 4562 militer
2338 4509 2638 4562 necessaria
2683 4508 2794 4562 sint
2817 4549 2832 4573 ,
2882 4509 2935 4563 in
2974 4522 3042 4564 eo
3065 4509 3206 4578 quod
3238 4525 3431 4579 corpus
3464 4515 3681 4580 perinde

2100 4608 2410 4655 construant
2431 4609 2591 4670 atque
2614 4613 2679 4656 ea
2701 4613 2818 4669 quae
2850 4599 3051 4671 majora
3080 4610 3205 4655 sunt
3233 4619 3247 4655 :
3281 4600 3477 4673 Corpus
3509 4608 3640 4659 enim
3661 4650 3674 4666 ,

2098 4690 2288 4759 inquit,
2317 4707 2417 4744 non
2442 4699 2514 4744 est
2535 4707 2691 4745 unum
2717 4690 3012 4758 membrum,
3036 4692 3126 4745 sed
3145 4692 3339 4759 multa;
3360 4710 3426 4749 ex
3448 4712 3513 4751 eo
3534 4701 3677 4766 quod

2097 4785 2297 4852 majora
2328 4783 2622 4839 minoribus
2652 4800 2786 4852 opus
2816 4784 3047 4840 habeant
3092 4802 3105 4836 :
3145 4784 3257 4839 Non
3291 4798 3452 4855 potest
3493 4792 3634 4845 enim
3655 4834 3669 4856 ,

2096 4879 2301 4948 inquit,
2342 4888 2494 4947 caput
2521 4878 2686 4931 dicere
2719 4876 2947 4945 pedibus,
2999 4875 3175 4931 Vestra
3212 4895 3364 4949 opera
3395 4898 3494 4936 non
3521 4900 3678 4955 egeo:

2094 4984 2160 5022 ex
2197 4983 2262 5022 eo
2302 4967 2442 5037 quod
2470 4966 2657 5035 majori
2687 4967 2801 5022 lucc
2839 4966 3083 5023 fruantur
3127 4967 3332 5024 honore
3358 4988 3371 5023 :
3394 4968 3465 5025 Ei
3509 4985 3676 5028 autem

2097 5058 2179 5111 cui
2206 5058 2377 5119 deest,
2411 5057 2614 5125 inquit,
2654 5057 3072 5112 abundantiorem
3110 5057 3248 5112 dedit
3275 5060 3562 5127 honorem;
3607 5081 3671 5119 cx

2094 5162 2162 5203 eo
2191 5147 2336 5217 quod
2369 5161 2706 5202 communem
2750 5157 2804 5201 et
2844 5164 3026 5217 parem
3058 5163 3243 5211 curam
3275 5148 3505 5207 habeant
3551 5171 3563 5206 :
3607 5154 3677 5208 In

2091 5240 2313 5317 id:psum
2370 5239 2512 5293 enim
2561 5248 2678 5292 sunt
2715 5240 2846 5293 inter
2885 5257 2938 5294 se
2979 5240 3192 5295 invicem
3236 5243 3458 5300 sollicita
3504 5247 3673 5301 omnia

2092 5333 2356 5390 membra:
2400 5341 2451 5387 et
2481 5346 2547 5387 ex
2581 5346 2648 5386 eo
2682 5332 2820 5402 quod
2849 5334 2920 5387 sit
2944 5348 3045 5387 una
3074 5334 3242 5404 gloria
3268 5346 3325 5393 et
3352 5354 3489 5393 unus
3519 5339 3673 5394 do!or

2093 5426 2331 5496 ipsorum
2363 5425 2644 5478 omnium:
2675 5423 2794 5478 Sive
2825 5426 3036 5492 patitur,
3077 5426 3278 5497 inquit,
3316 5445 3473 5483 unum
3511 5443 3669 5480 mem-

2089 5517 2255 5583 brum,
2304 5518 2683 5588 compatiuntur
2707 5518 2879 5572 omnia
2908 5518 3172 5583 membra;
3215 5521 3319 5574 sive
3357 5519 3672 5590 gloriﬁcatur

2090 5628 2247 5665 unum
2276 5613 2571 5676 membrum,
2598 5611 2916 5681 congaudent
2944 5610 3117 5664 omnia
3140 5611 3381 5666 membra.
3411 5609 3673 5676 Superius

2089 5704 2247 5774 igitur
2276 5720 2365 5772 per
2394 5702 2506 5757 haec
2546 5704 2857 5758 consolatus
2882 5711 2963 5758 est
2991 5717 3008 5765 ;
3041 5702 3130 5756 hic
3158 5712 3338 5756 autem
3369 5699 3669 5753 vehemen-

2090 5807 2169 5855 ter
2196 5804 2251 5851 et
2279 5794 2604 5865 increpantis
2648 5808 2797 5851 tuere
2838 5792 3002 5849 verbo
3029 5791 3218 5847 utitur.
3257 5789 3409 5851 Nam,
3439 5795 3494 5842 ut
3525 5784 3658 5853 disi,
