3990 6168
320 307 426 364 267

323 440 500 495 neque
529 437 740 490 semper
767 418 1034 474 consolari
1058 457 1074 483 ,
1104 432 1277 485 neque
1306 430 1520 483 semper
1541 428 1605 468 os
1627 413 1906 468 obstruere

325 525 560 586 oportet.
600 514 728 569 Ideo
775 521 826 566 et
873 512 1010 579 ipse,
1057 509 1179 578 quia
1211 507 1393 562 multis
1439 506 1558 560 illos
1600 503 1906 562 consolatus

331 616 482 674 erat,
515 605 864 660 vehementer
892 600 1149 669 deinceps
1179 599 1299 653 illos
1335 598 1645 660 insectatur,
1680 595 1904 649 dicens:

325 701 417 754 29.
454 696 721 766 Numquid
746 711 918 751 omnes
946 692 1201 762 apostoli?
1230 689 1475 760 numquid
1504 705 1677 743 omnes
1700 685 1908 755 prophe-

327 791 431 846 tat?
475 786 718 856 numquid
747 803 915 840 omnes
943 785 1159 856 gratiam
1191 782 1372 836 habent
1403 779 1763 835 curationum?
1805 775 1910 830 Nc-

323 897 430 951 quc
469 879 717 934 consistit
748 878 802 932 in
833 877 1006 946 primo
1034 875 1116 929 vel
1148 873 1384 929 secundo
1413 871 1768 935 charismate,
1813 865 1908 922 sed

325 972 500 1043 pergit
528 985 695 1040 usque
720 970 784 1024 ad
816 979 1118 1038 postrema;
1148 975 1240 1020 aut
1272 965 1373 1019 hoc
1400 964 1582 1020 dicens
1602 1004 1618 1025 ,
1643 961 1758 1016 Non
1790 975 1910 1030 pos-

326 1072 451 1117 sunt
494 1076 682 1116 omnes
709 1075 830 1116 esse
864 1059 1041 1113 omnia
1067 1074 1081 1122 ;
1108 1054 1556 1126 quemadmodum
1590 1054 1698 1108 illic
1735 1051 1863 1106 dicit
1893 1069 1909 1105 :

327 1156 389 1210 Si
413 1154 585 1208 omnia
609 1161 770 1206 essent
798 1166 954 1204 unum
978 1148 1276 1211 membrum,
1301 1147 1386 1200 ubi
1407 1161 1591 1214 corpus
1609 1145 1634 1197 ?
1661 1143 1743 1196 vel
1769 1139 1911 1195 aliud

325 1247 598 1316 quidpiam
622 1245 746 1299 hinc
770 1253 950 1313 postea
979 1256 1245 1312 apparatis
1283 1239 1347 1292 ad
1375 1237 1760 1293 consolationis
1790 1249 1911 1288 ver-

329 1343 476 1397 bum.
515 1340 682 1407 Quale
700 1337 865 1392 illud?
900 1335 1052 1400 Quod
1089 1333 1334 1390 ostendat
1361 1331 1429 1387 de
1455 1329 1752 1386 minoribus
1780 1342 1909 1398 per-

332 1434 455 1488 inde
500 1442 660 1502 atque
689 1430 755 1484 de
783 1428 1074 1496 majoribus
1129 1423 1413 1488 contendi,
1460 1437 1527 1478 eo
1557 1421 1700 1492 quod
1742 1435 1916 1490 neque

331 1527 448 1580 hate
473 1523 730 1595 omnibus
757 1513 880 1574 data
905 1519 1119 1574 fuerint.
1152 1515 1289 1584 Quid
1317 1516 1483 1581 enim,
1515 1513 1702 1583 inquit,
1738 1510 1913 1577 doles,

330 1619 472 1688 quod
500 1633 604 1671 non
635 1615 832 1669 habeas
857 1613 1081 1683 gratiam
1103 1608 1477 1664 curationum?
1500 1607 1671 1677 cogita
1697 1605 1749 1660 id
1774 1603 1916 1676 quod

339 1724 394 1764 111
447 1710 631 1772 habes,
679 1707 886 1763 etiamsi
929 1707 1000 1760 sit
1027 1705 1222 1768 minus,
1255 1717 1398 1771 saepe
1428 1717 1533 1755 non
1567 1700 1766 1754 habere
1793 1715 1915 1754 eum

333 1804 425 1870 qui
457 1803 630 1872 majus
669 1799 940 1871 quidpiam
987 1796 1166 1851 habet.
1218 1794 1342 1848 Ideo
1385 1794 1460 1847 ait
1490 1809 1504 1847 :
1535 1792 1624 1848 30.
1656 1789 1919 1862 Numquid

333 1910 506 1950 oumes
533 1891 719 1964 linguis
750 1885 1062 1960 loquuntur?
1106 1884 1354 1956 numquid
1378 1900 1550 1938 omnes
1579 1885 1918 1954 interpretan-

339 1987 461 2040 tur?
485 1982 945 2052 Quemadmodum
978 1980 1120 2036 enim
1143 1993 1334 2048 magna
1365 1992 1470 2030 non
1494 1975 1743 2030 omnibus
1774 1973 1920 2028 dedit

346 2080 516 2142 licus,
547 2075 639 2130 sed
669 2073 787 2129 aliis
813 2073 949 2136 hoc,
977 2071 1096 2125 aliis
1125 2069 1250 2124 illud
1284 2088 1298 2123 :
1327 2069 1405 2124 sic
1440 2078 1495 2124 et
1531 2069 1584 2122 in
1625 2066 1921 2121 minoribus

341 2171 486 2236 fecit,
519 2183 638 2240 quze
667 2181 769 2221 nec
794 2163 1043 2219 omnibus
1070 2161 1366 2233 proposuit.
1399 2159 1532 2215 Illud
1569 2167 1747 2214 autem
1773 2157 1919 2223 fecit,

339 2263 558 2316 multam
589 2257 714 2314 inde
738 2255 1080 2312 concordiam
1110 2263 1164 2308 et
1199 2252 1479 2306 caritatem
1509 2249 1814 2315 mdiﬁcans,
1863 2258 1923 2302 ut

340 2353 708 2424 unusquisque
736 2349 983 2420 proximo
1007 2361 1143 2415 opus
1173 2345 1399 2407 habens,
1443 2358 1562 2397 eum
1595 2341 1757 2396 fratre
1793 2354 1921 2395 con-

340 2454 610 2519 gregetur.
641 2442 756 2498 Hoc
793 2441 848 2495 in
872 2440 1080 2494 artibus
1110 2452 1325 2508 quoque
1352 2435 1703 2504 dispensavit,
1747 2431 1923 2488 hocin

345 2534 644 2600 elementis,
675 2531 860 2588 hocin
884 2529 1082 2601 plantis
1110 2537 1165 2584 et
1191 2529 1247 2583 in
1273 2526 1532 2583 membris
1555 2525 1754 2581 nostris
1776 2532 1831 2580 et
1871 2524 1925 2577 in

343 2627 614 2684 omnibus.

417 2720 470 2774 3.
511 2715 716 2772 Deinde
736 2711 1242 2786 opportunissimam
1265 2709 1449 2781 adjicit
1466 2706 1888 2764 consolationem
1910 2747 1925 2772 ,

346 2823 467 2881 quae
477 2807 644 2879 possit
658 2819 902 2862 recreare
923 2819 986 2860 ac
1005 2803 1195 2860 sedare
1210 2801 1482 2857 dolentem
1502 2799 1755 2854 animam.
1769 2798 1930 2866 Quic-

350 2917 471 2957 nam
488 2901 576 2956 illa
602 2901 722 2955 est?
751 2899 841 2955 51.
876 2895 1241 2960 .Emulamini,
1263 2893 1458 2963 inquit,
1485 2891 1793 2945 charismata
1827 2907 1933 2944 me-

348 2994 498 3048 liora.
522 2990 588 3045 Et
603 2991 770 3043 adhuc
783 2985 1183 3043 exet-(lentiorem
1197 2985 1333 3038 vobis
1347 2983 1479 3037 uiam
1496 2981 1803 3036 demonstro.
1823 2979 1934 3036 Hoc

349 3093 526 3140 autem
556 3083 743 3138 dicens
778 3077 1137 3135 subindicavit
1162 3076 1282 3130 illos
1323 3075 1374 3129 in
1413 3087 1572 3129 causa
1602 3072 1768 3128 fuisse
1790 3071 1934 3142 quod

349 3177 557 3233 minora
579 3171 906 3243 acceperint,
945 3179 1000 3224 et
1025 3183 1190 3238 penes
1217 3166 1337 3220 illos
1360 3180 1501 3230 esse,
1531 3165 1576 3220 si
1607 3163 1794 3229 velint,
1825 3177 1938 3217 ma-

347 3268 466 3339 jora
505 3266 770 3333 accipere.
803 3261 934 3318 Cum
965 3261 1106 3316 enim
1138 3259 1288 3325 dicit,
1318 3256 1686 3324 lEmulamini,
1734 3257 1802 3310 ab
1831 3256 1938 3311 illis

350 3357 585 3412 studium
632 3355 802 3423 exigit
844 3361 899 3407 et
927 3350 1254 3406 desiderium
1295 3352 1438 3403 circa
1482 3362 1569 3403 res
1610 3346 1932 3417 spirituales.

351 3449 534 3520 Neque
559 3447 713 3514 dixit,
754 3445 974 3515 Majora,
1021 3442 1138 3508 sed,
1173 3440 1426 3506 Meliora;
1457 3440 1508 3499 id
1549 3449 1653 3507 est,
1700 3440 1934 3506 utiliora,

351 3556 472 3612 qua:
497 3538 796 3596 conferant.
832 3536 945 3592 Hoc
991 3543 1170 3590 autem
1201 3532 1316 3587 vult
1355 3530 1658 3601 signiﬁcare
1687 3549 1700 3586 :
1733 3531 1940 3586 Maneto

351 3634 671 3692 charismata
699 3629 1089 3695 desiderantes,
1122 3634 1178 3682 et
1211 3625 1435 3681 ostendo
1463 3625 1618 3681 vobis
1644 3624 1941 3680 charisma-

354 3738 468 3782 tum
495 3727 658 3780 viam.
687 3723 803 3778 Non
832 3722 975 3776 enim
1005 3719 1162 3786 dixit,
1199 3718 1500 3783 Charisma,
1528 3718 1644 3784 sed,
1685 3715 1852 3783 Viam,
1886 3725 1943 3772 ut

356 3821 526 3891 magis
575 3817 800 3874 extollat
841 3815 896 3870 id
940 3813 1082 3884 quod
1135 3821 1220 3868 est
1259 3813 1519 3868 dicturus.
1561 3811 1744 3882 Neque
1796 3811 1939 3866 enim

357 3927 521 3968 unum
552 3911 636 3965 vel
661 3908 768 3963 duo
794 3909 879 3961 vel
907 3907 1006 3961 tria
1035 3905 1356 3960 charismata
1384 3903 1612 3960 ostendo
1642 3905 1816 3971 vobis,
1847 3903 1942 3959 sed

357 4003 500 4058 viam
556 4014 717 4056 unam
768 3997 835 4053 ad
880 3997 998 4051 haec
1044 3995 1224 4051 omnia
1269 3995 1590 4061 ducentem;
1644 4011 1742 4052 nec
1782 3995 1944 4050 modo

357 4095 522 4160 viam,
553 4089 645 4146 sed
671 4089 831 4144 etiam
851 4102 974 4143 eum
997 4084 1314 4158 hyperbole,
1339 4095 1394 4142 et
1420 4085 1667 4141 omnibus
1692 4102 1794 4142 una
1817 4101 1942 4156 pro-

359 4183 607 4255 positam.
637 4179 752 4235 Non
784 4178 922 4235 sicut
951 4177 1272 4232 charismata
1297 4175 1379 4230 his
1399 4175 1535 4243 haec,
1565 4176 1686 4231 aliis
1715 4176 1826 4243 illa,
1849 4177 1944 4232 sed

360 4291 467 4331 non
497 4273 675 4330 omnia
705 4269 956 4327 omnibus
974 4269 1203 4333 dantur;
1245 4267 1316 4322 ita
1343 4275 1396 4322 et
1427 4266 1560 4333 hoc;
1593 4265 1686 4322 sed
1723 4267 1943 4323 univer-

366 4369 480 4426 sale
507 4368 708 4423 donum
738 4373 840 4422 est.
877 4363 1107 4431 Ideoque
1147 4376 1335 4416 omnes
1363 4359 1430 4416 ad
1460 4361 1564 4415 hoc
1592 4370 1747 4415 vocat
1777 4379 1790 4414 :
1823 4377 1943 4415 nam

358 4463 454 4524 ait,
486 4457 831 4514 £mulamiui
863 4455 1168 4510 charismata
1197 4453 1409 4507 meliora
1439 4469 1459 4506 :
1484 4461 1531 4506 et
1556 4452 1725 4506 adhuc
1763 4453 1945 4507 excel—

361 4553 622 4606 lentiorem
644 4551 779 4602 viam
805 4547 942 4602 vobis
962 4548 1250 4601 demonstro
1270 4560 1291 4610 ;
1315 4545 1590 4600 caritatem
1619 4545 1803 4601 dicens
1820 4562 1944 4617 erga

361 4642 685 4713 proximum.
714 4639 921 4695 Deinde
949 4653 1250 4693 sermonem
1278 4637 1346 4691 de
1387 4637 1474 4691 illa
1515 4651 1866 4707 aggressurus
1892 4648 1948 4693 et

361 4734 667 4792 encomium
711 4731 869 4800 hujus
901 4732 1155 4798 przeclarc
1207 4729 1353 4795 facti,
1387 4729 1616 4798 primum
1648 4731 1779 4784 facta
1824 4747 1942 4785 cum

363 4828 456 4883 illa
487 4823 1040 4894 comparatione,haec
1055 4821 1122 4876 de
1165 4820 1346 4875 medio
1384 4820 1541 4884 tollit,
1569 4821 1856 4875 ostendens
1883 4838 1943 4876 ea

366 4918 498 4974 nihil
534 4931 656 4973 esse
683 4915 802 4970 sine
829 4913 940 4979 illa,
973 4911 1366 4981 admodumque
1403 4911 1711 4981 prudenter.
1741 4911 1872 4967 Nam
1902 4915 1945 4968 si

366 5013 544 5068 statim
580 5008 650 5064 de
685 5005 910 5062 caritate
933 5004 1296 5068 disseruisset,
1327 5015 1381 5058 et
1404 5015 1686 5074 postquam
1715 5005 1943 5070 dixerat,

375 5099 524 5155 Viam
552 5101 688 5155 vobis
717 5099 1027 5160 demonstro,
1068 5094 1456 5164 subjunxisset,
1493 5095 1620 5148 Ila'c
1651 5105 1828 5150 autent
1867 5107 1948 5149 est

363 5196 577 5254 caritas,
625 5200 680 5245 et
718 5204 824 5243 non
851 5203 946 5258 per
988 5187 1450 5256 comparationem
1494 5187 1788 5241 orationem
1823 5203 1945 5256 pro-

365 5283 640 5342 duxisset;
663 5281 860 5335 dictum
883 5279 1098 5348 quidam
1129 5277 1573 5341 subsannassent,
1600 5278 1678 5333 rei
1703 5279 1806 5331 vim
1839 5292 1942 5332 non

364 5379 512 5433 clare
549 5376 802 5436 scientes,
827 5373 921 5427 sed
951 5371 1124 5424 adhuc
1150 5371 1214 5424 ad
1246 5371 1360 5426 11ωο
1391 5369 1671 5424 inhiantes.
1697 5371 1942 5441 Quapro-

367 5481 484 5542 pter
515 5481 619 5522 non
645 5464 823 5520 statim
851 5463 996 5515 illam
1037 5461 1273 5523 revelat;
1318 5459 1412 5514 sed
1437 5476 1556 5514 cum
1587 5463 1762 5530 primo
1790 5463 1944 5516 audi-

370 5567 499 5618 toris
527 5564 765 5616 animum
794 5571 888 5625 per
913 5553 1324 5624 promissionem
1352 5553 1652 5621 extulisset,
1692 5571 1754 5610 ac
1781 5557 1948 5613 dixis-

369 5661 472 5714 set,
502 5648 918 5704 Excellentiorem
941 5645 1075 5697 viam
1102 5643 1239 5697 vobis
1258 5643 1569 5709 demonstro,
1592 5654 1645 5699 et
1667 5647 1718 5701 in
1745 5648 1946 5704 deside-

368 5739 503 5797 rium
525 5743 852 5806 induxisset;
878 5752 1050 5809 neque
1074 5735 1153 5791 sic
1174 5734 1352 5790 statim
1380 5734 1431 5789 in
1461 5734 1602 5790 illam
1621 5736 1940 5809 ingreditur,
1987 5741 1994 5746 ’

1092 301 1146 356 S.
1188 299 1464 357 JOANNIS
1501 291 1976 353 ClliiYStlb'TOMI
2014 294 2334 351 ARCHIEI’.
2373 295 2904 352 CONSTANTINOP.

3489 300 3596 358 263

2008 409 2104 465 sed
2127 426 2325 481 augens
2344 411 2523 466 adhuc
2537 413 2864 468 desiderium
2891 413 3040 478 illud,
3072 412 3140 468 de
3164 413 3247 469 his
3269 414 3399 484 ipsis
3423 417 3596 484 primo

2007 503 2245 568 disserit,
2275 514 2331 559 et
2350 506 2604 574 ostendit,
2636 506 2680 560 si
2725 506 2810 560 illa
2838 520 2943 560 nou
2969 506 3058 572 sit,
3089 521 3152 562 ea
3180 506 3312 561 nihil
3341 523 3494 573 esse;
3541 511 3594 563 in

2012 595 2300 649 maximam
2334 595 2456 650 illos
2486 596 2860 651 necessitatem
2890 597 3147 653 inducens
3173 613 3231 652 se
3255 609 3444 653 mutuo
3471 597 3597 653 dili-

2009 687 2189 755 gendi,
2214 688 2465 757 quoniam
2486 703 2552 742 ex
2577 703 2644 743 eo
2660 688 2802 758 quod
2825 689 2915 743 illa
2939 689 3179 758 neglecta
3205 688 3413 755 fuisset,
3437 704 3600 744 causa

2012 777 2135 832 hinc
2179 779 2415 833 omnium
2464 780 2725 833 malorum
2769 788 2906 834 erat.
2941 779 3301 847 Quamobrem
3338 781 3425 835 vel
3475 780 3600 834 inde

2011 870 2205 924 merito
2247 884 2437 941 magna
2470 870 2556 925 illa
2604 880 2891 942 appareat;
2941 871 2985 926 si
3015 870 3229 941 quidem
3272 871 3599 929 charismata

2012 977 2118 1015 non
2149 962 2308 1017 modo
2328 962 2446 1016 illos
2474 978 2579 1016 non
2609 963 2959 1018 conciliarunt
2987 972 3042 1018 et
3069 972 3485 1033 congrcgarunt,
3504 966 3597 1020 sed

2014 1053 2172 1107 etiam
2205 1054 2520 1123 conjunctos
2544 1065 2863 1124 separarunt
2889 1071 2904 1109 :
2928 1055 3045 1110 huic
3069 1071 3197 1110 vero
3224 1056 3366 1119 illos,
3392 1058 3482 1126 qui
3504 1073 3604 1126 per

2013 1145 2332 1200 charismata
2371 1148 2622 1217 disjuncti
2651 1147 2885 1214 fuerant,
2931 1164 3023 1216 per
3059 1149 3291 1216 seipsam
3338 1149 3596 1202 concilia-

2016 1246 2132 1292 tura
2159 1249 2212 1293 et
2233 1254 2393 1293 unum
2416 1254 2611 1310 corpus
2633 1239 2892 1294 effectura
2915 1248 3015 1293 est.
3045 1239 3146 1294 Sed
3171 1254 3275 1293 non
3298 1239 3472 1293 statim
3496 1238 3596 1292 hoc

2015 1328 2165 1392 dicit,
2210 1345 2394 1384 verum
2443 1332 2585 1398 quod
2633 1331 2867 1386 maxime
2917 1330 2994 1384 illi
3039 1329 3440 1394 desiderabant,
3497 1329 3599 1384 hoc

2019 1420 2202 1490 ponit;
2237 1435 2428 1491 nempe
2453 1420 2595 1491 quod
2626 1436 2714 1476 res
2745 1421 2858 1491 ipsa
2887 1421 3155 1477 charisma
3185 1423 3272 1484 sit,
3302 1431 3356 1475 et
3389 1420 3454 1474 ad
3477 1421 3604 1475 cha-

2018 1511 2233 1565 rismata
2259 1512 2437 1566 omnia
2468 1511 2553 1566 via
2581 1511 2872 1567 excellens.
2895 1511 3234 1582 Quapropter
3256 1511 3468 1565 etiamsi
3499 1527 3604 1564 non

2017 1616 2084 1656 eo
2113 1601 2256 1671 quod
2295 1601 2517 1669 debeas,
2557 1602 2693 1659 velis
2722 1602 2938 1658 fratrem
2970 1603 3211 1672 diligere,
3261 1618 3330 1657 ex
3373 1617 3440 1655 eo
3465 1601 3608 1671 quod

2019 1694 2193 1762 majus
2221 1695 2454 1765 accipias
2503 1695 2714 1766 signum
2755 1704 2810 1750 et
2839 1695 3116 1765 copiosum
3150 1695 3440 1760 charisma,
3471 1695 3611 1748 cari-

2023 1792 2184 1839 tatem
2207 1786 2440 1854 suscipe.
2469 1784 2536 1840 Et
2558 1785 2679 1839 vide
2705 1785 2971 1841 undenam
3000 1785 3218 1855 incipiat
3243 1803 3257 1840 :
3285 1786 3516 1856 primum
3541 1785 3611 1838 ab

2020 1891 2087 1931 eo
2115 1878 2256 1947 quod
2306 1878 2549 1934 mirabile
2582 1879 2866 1934 videbatur
2904 1889 2957 1933 et
3001 1895 3251 1948 magnum
3296 1878 3439 1949 apud
3488 1880 3610 1935 illos

2019 1984 2163 2034 esse,
2204 1985 2235 2022 a
2263 1969 2456 2039 linguis
2498 1979 2812 2041 nempe:et
2855 1970 3118 2025 charisma
3153 1971 3205 2024 111
3251 1971 3486 2026 medium
3517 1969 3611 2024 ad-

2023 2060 2244 2127 ducens,
2273 2079 2378 2116 nou
2421 2072 2625 2118 tantum
2665 2063 2794 2119 illud
2824 2065 3002 2134 posuit
3026 2073 3282 2133 quantum
3315 2064 3414 2133 ipsi
3447 2063 3611 2118 habe-

2023 2152 2172 2219 bant,
2206 2155 2300 2209 sed
2335 2155 2491 2226 longe
2517 2156 2710 2225 majus.
2760 2155 2943 2226 Neque
2970 2156 3114 2211 enim
3144 2157 3300 2221 dixit,
3333 2157 3388 2212 Si
3418 2157 3608 2226 linguis

2025 2247 2235 2317 loquar,
2269 2248 2361 2303 sed
2386 2291 2402 2316 ,
2436 2247 2587 2320 (Cap.
2618 2250 2709 2316 15)
2737 2249 2789 2304 1.
2816 2249 2876 2305 Si
2905 2249 3090 2319 linguis
3117 2248 3378 2303 hominum
3409 2250 3606 2319 loquar.

2025 2340 2161 2408 Quid
2193 2341 2456 2412 signiﬁcat
2485 2342 2638 2410 illud,
2672 2342 2994 2397 Hominum?
3023 2343 3273 2398 Omnium
3302 2358 3400 2412 per
3425 2344 3610 2400 orbem

2024 2433 2283 2502 gentium.
2315 2433 2501 2504 Neque
2526 2443 2702 2491 tamen
2733 2435 2832 2490 hac
2861 2435 3154 2506 hyperbole
3181 2443 3468 2491 contentus
3494 2436 3616 2504 fuit,

2027 2526 2120 2580 sed
2151 2526 2310 2580 aliam
2339 2526 2498 2598 longe
2547 2528 2808 2598 majorem
2840 2529 3012 2598 ponit,
3064 2530 3396 2599 subjungcns
3441 2545 3505 2585 ac
3535 2530 3621 2585 di-

2028 2630 2179 2683 cens,
2232 2617 2299 2671 Et
2345 2618 2662 2688 angelorum,
2709 2622 2974 2675 caritatem
3023 2630 3191 2674 autem
3235 2637 3336 2674 non
3384 2619 3617 2685 habeam,

2030 2715 2195 2783 factus
2231 2727 2343 2766 sum
2377 2727 2448 2766 tes
2481 2727 2670 2766 sonans
2708 2720 2796 2765 aut
2831 2713 3115 2782 cymbalum
3157 2713 3396 2768 (inuictis.
3431 2712 3622 2768 Vidcn‘

2031 2816 2261 2871 quonam
2290 2817 2458 2872 usque
2485 2803 2684 2857 elatum
2714 2804 3006 2871 charisma,
3043 2819 3278 2874 quonam
3309 2819 3479 2874 usque
3518 2803 3622 2860 de-

2034 2893 2240 2948 miserit
2267 2897 2436 2964 ipsum
2459 2902 2516 2948 et
2539 2893 2870 2964 projccerit‘l
2895 2892 3080 2965 Neque
3100 2895 3246 2950 enim
3265 2895 3440 2950 solum
3461 2895 3623 2963 dixit,

2033 2983 2173 3039 Nihil
2195 2999 2334 3050 sum,
2364 2985 2459 3040 sed
2481 2983 2672 3042 Factus
2696 3002 2809 3050 sum
2833 3001 2904 3041 ωε
2922 3002 3131 3054 sonans,
3157 2986 3468 3042 insensibile
3494 2985 3625 3054 quid

2033 3085 2090 3132 et
2117 3076 2484 3132 inanimatam.
2517 3076 2800 3144 Quomodo
2825 3087 3003 3133 autem
3048 3093 3122 3133 aes
3153 3077 3399 3132 sonans?
3426 3077 3628 3134 Vocem

2034 3167 2254 3238 quidem
2295 3167 2569 3233 emittens,
2613 3169 2706 3224 sed
2736 3171 2929 3224 frustra
2969 3180 3022 3225 et
3049 3179 3274 3235 temere,
3317 3170 3384 3225 ad
3417 3171 3627 3227 nullum

2038 3275 2211 3314 usum.
2241 3260 2600 3332 Praeterquam
2647 3262 2790 3317 enim
2819 3259 2965 3332 quod
3010 3262 3140 3316 nihil
3169 3262 3408 3331 perﬁcio,
3456 3263 3631 3317 mole-

2038 3351 2196 3406 stiam
2223 3367 2413 3407 creare
2440 3353 2625 3408 videor
2667 3364 2723 3408 et
2752 3355 3015 3410 molestus
3057 3369 3178 3411 esse
3205 3356 3406 3410 multis.
3443 3355 3631 3412 Vidcn’

2039 3444 2307 3514 quomodo
2328 3446 2373 3500 is
2399 3447 2490 3516 qui
2521 3446 2760 3502 caritatis
2781 3462 2974 3516 expers
2995 3459 3097 3515 est,
3128 3449 3434 3504 inanimatis
3460 3457 3519 3504 et
3552 3451 3631 3504 in-

2041 3539 2332 3594 sensilibus
2358 3541 2428 3594 sit
2447 3539 2676 3596 similis?
2699 3540 2960 3612 Linguam
2992 3553 3169 3599 autem
3201 3545 3518 3616 angelorum
3550 3544 3633 3601 hic

2041 3629 2191 3697 dicit,
2225 3645 2332 3684 non
2361 3646 2557 3700 corpus
2595 3631 2802 3704 angelis
2841 3633 3102 3702 tribuens,
3147 3635 3241 3690 sed
3272 3637 3375 3692 hoc
3397 3637 3515 3692 vult
3556 3639 3630 3693 si-

2041 3722 2295 3792 gnificare
2324 3739 2338 3775 :
2371 3722 2594 3778 Etiamsi
2636 3724 2706 3778 ita
2738 3723 2944 3796 loquar,
2981 3733 3041 3781 ut
3068 3727 3243 3797 angeli
3285 3728 3464 3783 solent
3491 3729 3634 3784 inter

2044 3829 2104 3870 se
2125 3814 2380 3885 colloqui,
2411 3815 2528 3871 sine
2557 3816 2782 3871 caritate
2802 3817 2935 3871 nihil
2965 3833 3082 3873 sum
3109 3834 3124 3884 ;
3157 3819 3267 3873 imo
3292 3834 3562 3876 onerosus
3583 3829 3636 3874 et

2045 3906 2322 3961 molestus.
2358 3906 2447 3961 Sic
2473 3906 2614 3960 enim
2645 3907 2767 3961 alibi
2800 3922 3012 3978 quoque
3039 3923 3160 3963 cum
3187 3909 3319 3964 dicit
3345 3928 3359 3965 :
3387 3909 3508 3979 Ipsi
3538 3912 3633 3980 ﬂe—

2045 4007 2207 4052 ctetur
2233 4014 2378 4052 omne
2405 4015 2533 4069 genu
2562 3999 2857 4066 cwlestium,
2887 4002 3198 4055 terrestrium
3231 4011 3278 4057 et
3313 4003 3634 4072 infernarum

2049 4086 2308 4158 (Philipp.
2334 4089 2390 4152 2,
2412 4087 2534 4160 l0);
2567 4103 2674 4144 non
2701 4105 2872 4161 genua
2901 4099 2955 4146 et
2975 4107 3094 4146 ossa
3113 4093 3319 4162 angelis
3333 4095 3633 4150 attribuens

2049 4179 2165 4233 lucc
2194 4181 2355 4246 dicit;
2377 4181 2550 4248 absit;
2584 4183 2679 4238 sed
2705 4192 2761 4239 et
2783 4185 3046 4238 intensam
3070 4193 3123 4239 et
3146 4184 3402 4255 grandem
3435 4187 3636 4240 adora-

2050 4272 2248 4326 tionem
2279 4289 2373 4343 per
2397 4274 2546 4329 illum
2578 4290 2685 4345 quo
2728 4275 2868 4346 apud
2909 4291 3008 4332 nos
3039 4277 3098 4332 ﬁt
3123 4278 3341 4332 modum
3385 4279 3633 4334 subiudi-

2048 4378 2177 4419 care
2205 4365 2332 4419 vult.
2367 4367 2456 4420 Sic
2480 4375 2534 4420 ct
2563 4367 2664 4421 hoc
2692 4368 2809 4422 loco
2849 4367 3084 4437 linguam
3116 4369 3342 4434 vocavit,
3377 4385 3488 4424 non
3515 4385 3635 4424 car-

2050 4456 2133 4511 nis
2162 4472 2420 4527 organum
2447 4459 2774 4529 signiﬁcans,
2820 4460 2914 4514 sed
2943 4459 3155 4514 illorum
3185 4470 3430 4515 mutuum
3465 4461 3636 4515 collo-

2049 4557 2230 4626 quium
2257 4561 2383 4606 11010
2403 4552 2540 4620 apud
2567 4567 2665 4606 nos
2689 4552 2848 4606 modo
2873 4551 3195 4607 adumbrare
3221 4552 3405 4606 voluit.
3432 4552 3638 4608 Deinde

2052 4655 2109 4700 ut
2133 4644 2398 4714 acceptior
2432 4643 2522 4696 ﬁat
2567 4643 2759 4707 oratio,
2804 4659 2910 4698 non
2949 4643 3014 4698 ad
3046 4643 3250 4714 linguas
3295 4660 3468 4716 usque
3510 4660 3638 4700 con—

2051 4736 2211 4799 sistit,
2243 4735 2335 4790 sed
2362 4735 2425 4789 ad
2451 4735 2658 4805 reliqua
2687 4735 2862 4804 pergit
2881 4735 3226 4798 charismata,
3257 4737 3568 4807 omniaque,
3593 4736 3634 4787 si

2052 4829 2140 4882 illa
2173 4827 2330 4890 absit,
2362 4826 2642 4896 dejiciens,
2673 4835 2799 4881 tunc
2825 4826 2940 4896 ejus
2969 4827 3206 4897 depingit
3234 4828 3524 4898 imaginem
3554 4837 3640 4880 :ct

2051 4919 2303 4988 quoniam
2353 4918 2685 4986 ampliﬁcare
2731 4918 2842 4972 vult
2894 4919 3215 4985 orationem,
3263 4935 3292 4972 a
3337 4919 3638 4974 minoribus

2053 5011 2330 5079 incipiens,
2375 5009 2440 5064 ad
2483 5010 2682 5078 majora
2731 5010 2993 5065 ascendit.
3025 5011 3176 5077 Quod
3223 5011 3389 5078 enim,
3421 5009 3638 5081 quando

2052 5116 2238 5156 eorum
2270 5099 2522 5172 indicavit
2547 5101 2812 5165 ordinem,
2844 5111 3175 5170 postremum
3206 5105 3400 5171 posuit,
3445 5117 3638 5170 nempe

2051 5192 2250 5246 dnuttm
2281 5193 2602 5262 linguarum,
2633 5191 2736 5246 hoc
2763 5207 2903 5246 nunc
2930 5194 3160 5261 primum
3204 5205 3475 5259 numerat,
3511 5209 3642 5262 pau-

2053 5283 2223 5351 latim,
2269 5294 2324 5337 ut
2373 5284 2504 5347 dixi,
2537 5282 2603 5337 ad
2636 5283 2840 5352 majora
2888 5283 3205 5338 ascendens.
3237 5284 3367 5337 Nam
3414 5299 3540 5337 cum
3571 5283 3640 5338 de

2051 5375 2245 5444 linguis
2268 5375 2512 5440 dixisset,
2543 5375 2606 5428 ad
2640 5376 2973 5444 prephetiam
3002 5391 3125 5430 mox
3161 5376 3368 5439 transit,
3420 5385 3477 5428 et
3520 5377 3630 5427 ait:

2050 5464 2104 5519 2.
2141 5464 2207 5519 Ει
2251 5467 2292 5518 si
2325 5466 2544 5519 habuero
2575 5467 2931 5537 praphetiam;
2977 5477 3032 5521 et
3071 5466 3210 5520 hanc
3251 5481 3466 5523 rursum
3519 5481 3639 5518 cum

2053 5558 2366 5628 hyperbole.
2411 5559 2563 5613 Sicut
2610 5560 2754 5614 enim
2807 5560 2875 5612 ibi
2907 5559 3114 5628 linguas
3159 5574 3265 5611 non
3299 5557 3500 5626 posuit,
3547 5560 3642 5610 sed

2053 5647 2327 5702 hominum
2355 5649 2593 5702 omnium
2623 5649 2851 5718 linguas,
2875 5657 2928 5702 et
2954 5661 3272 5717 progressus
3291 5645 3456 5700 etiam
3478 5660 3644 5712 ange—

2053 5741 2248 5810 lorum,
2278 5750 2330 5796 et
2362 5751 2486 5798 tunc
2513 5743 2746 5799 ostendit
2773 5742 2875 5799 hoc
2896 5740 3164 5798 charisma
3207 5740 3338 5798 nitul
3363 5755 3494 5797 esse
3525 5741 3644 5797 sine
