3990 6168
429 322 531 377 267

422 433 603 505 μέλη·
619 436 741 490 εἴτε
762 435 1061 503 δοξάζεται
1075 436 1147 492 ἓν
1159 437 1368 508 μέλος,
1387 435 1702 508 συγχαίρει
1724 432 1922 487 πάντα
1936 430 2009 486 τὰ

422 515 605 586 μέλη.
655 518 937 591 ’Λνωτέρω
979 520 1079 591 μὲν
1110 515 1201 575 οὖν
1242 519 1591 593 παρεκάλεσε
1629 516 1717 570 διὰ
1759 512 2006 570 τούτων·

432 599 668 654 ἐνταῦθα
695 601 751 655 δὲ
777 603 1155 674 καταφορικῶς
1183 603 1277 658 καὶ
1304 600 1709 674 ὲπιτιμητικῶς
1743 598 2009 671 κέχρηται

432 682 514 754 τῷ
536 684 676 754 λόγῳ
703 684 903 739 λοιπόν.
938 686 1117 757 ὀπερ
1146 685 1256 757 γάρ
1290 685 1450 755 έφην,
1479 682 1605 738 οὔτε
1637 683 1726 737 ἀεὶ
1754 698 2010 752 παρακα-

433 768 567 829 λείν,
591 767 709 821 οὔτε
737 767 1111 836 ἐπιστομίζειν
1136 769 1225 823 ἀεὶ
1249 770 1376 841 χρή.
1404 766 1503 823 Διά
1522 767 1682 822 τοῦτο
1709 767 1804 820 καὶ
1826 765 2009 830 αὐτὸς,

434 851 615 923 ἐπειδὴ
646 851 731 905 διὰ
760 851 971 905 πολλῶν
994 853 1191 917 αὐτοὺς
1222 853 1591 923 παρεκάλεσε,
1625 849 1869 922 σφοδρῶς
1897 850 2010 902 λοι-

435 934 536 989 πὺν
562 934 892 1002 ἐπιτίθεται,
920 935 1096 1006 λέγων
1115 953 1129 967 ·
1159 937 1255 1005 Μὴ
1278 937 1500 1004 πάντες
1524 936 1856 991 ἀπόστολοι
1879 950 1899 999 ἱ
1924 931 2009 1003 μὴ

430 1017 651 1084 πάντες
672 1018 1011 1089 προφῆται;
1033 1020 1114 1090 μὴ
1139 1020 1363 1087 πάντες
1393 1021 1732 1089 χαρίσματα
1757 1016 2011 1086 ἔχουσιν

425 1098 730 1169 ἰαμάτων;
776 1102 890 1157 Καὶ
923 1104 1021 1174 οὐχ
1060 1104 1274 1158 ἵσταται
1315 1102 1477 1175 μέχρι
1523 1101 1619 1156 τοῦ
1652 1098 1874 1172 πρώτου
1916 1099 2011 1152 καὶ

425 1182 519 1236 τοῦ
547 1183 807 1256 δευτέρου
832 1185 1195 1258 χαρίσματος,
1227 1186 1367 1242 ἀλλά
1399 1186 1594 1257 μέχρις
1613 1183 1860 1255 ἐσχάτων
1882 1183 2011 1254 πρό-

425 1282 585 1320 εισιν·
618 1266 654 1336 ἢ
686 1264 843 1322 τοῦτο
871 1267 1045 1338 λέγων
1065 1311 1080 1335 ,
1117 1270 1199 1323 ὅτι
1232 1270 1306 1324 Οὐ
1351 1268 1577 1324 δυνατὸν
1614 1267 1825 1330 πάντας
1870 1263 2011 1319 είναι

429 1347 630 1402 πάντα·
668 1348 856 1423 ὥσπερ
890 1352 1008 1404 ἐκεῖ
1037 1367 1222 1422 φησιν,
1253 1353 1319 1406 El
1350 1346 1428 1421 ἦν
1458 1350 1530 1405 τὰ
1568 1349 1768 1403 πάντα
1803 1347 1874 1401 ἓν
1901 1347 2008 1418 μέ-

427 1433 561 1496 λος,
604 1431 722 1486 ποῦ
746 1430 812 1485 τὸ
852 1431 1063 1503 σῶμα;
1101 1435 1134 1507 ἦ
1178 1435 1273 1487 καὶ
1301 1433 1485 1504 ἔτερόν
1525 1449 1578 1486 τι
1621 1431 1760 1502 μετά
1804 1430 2011 1485 τούτων

430 1513 862 1577 κατασκευάζων
909 1518 989 1580 είς
1036 1516 1392 1588 παραμυθίας
1424 1516 1583 1584 λόγον
1622 1514 1806 1569 πάλιν.
1852 1516 2012 1568 Ποῖον

431 1595 496 1666 δὴ
542 1596 736 1662 τοῦτο;
771 1599 846 1652 T0
891 1598 1063 1665 δεῖξαι
1109 1599 1204 1653 καὶ¹
1241 1599 1311 1653 τὰ
1362 1598 1627 1652 ἐλάττονα
1653 1597 1855 1669 ὁμοίως
1898 1599 2012 1660 τοῖς

437 1677 651 1748 μείζοσι
685 1680 1037 1753 περιμάχητα
1071 1681 1137 1754 ἐκ
1164 1681 1259 1735 τοῦ
1289 1682 1423 1754 μηδὲ
1453 1680 1626 1735 ταῦτα
1658 1680 1846 1743 ἅπλῶς
1877 1680 2010 1733 πᾶσι

432 1761 700 1817 δεδόσθαι.
758 1762 825 1815 Τί
876 1763 1006 1834 γὰρ,
1067 1753 1255 1834 φησὶν,
1296 1753 1524 1833 ἀλγεῖς,
1578 1763 1660 1816 ὅτι
1708 1763 1809 1817 οὒκ
1869 1761 2011 1833 ἔχεις

436 1846 756 1917 χαρίσματα
805 1847 1083 1917 ίαμάτων;
1137 1848 1388 1920 ἐννόησον
1427 1850 1508 1902 ὅτι
1545 1848 1681 1919 ὅπερ
1727 1846 1873 1918 ἐχεις
1920 1847 2007 1909 σὺ,

436 1928 541 1980 κᾶν
579 1928 798 1982 ἔλαττον
890 1970 905 1991 ,
957 1929 1221 1995 πολλάκις
1272 1932 1300 1984 ό
1345 1930 1405 1983 :0
1458 1928 1646 2002 μεῖζον
1690 1930 1862 2000 ἔχων,
1909 1930 2009 1983 οὐκ

429 2009 564 2080 ἔχει.
606 2011 706 2065 Διά
734 2011 893 2066 τοῦτό
936 2030 1092 2084 φησι·
1139 2013 1236 2081 Μὴ
1282 2012 1506 2080 πάντες
1551 2012 1862 2083 γλώσσαις
1901 2016 2011 2067 λα-

424 2091 644 2158 λοῦσι;
673 2093 759 2163 μὴ
799 2094 1024 2161 πάντες
1057 2095 1595 2165 διερμηνεύουσιν;
1639 2095 1853 2160 Ὥσπερ
1898 2093 2009 2165 γὰρ

424 2175 500 2229 τά
534 2176 745 2247 μεγάλα
787 2178 847 2230 οῦ
882 2178 1048 2232 πᾶσιν
1079 2177 1371 2249 ἐχαρίσατο
1399 2180 1427 2232 ό
1457 2179 1591 2243 Θεὸς
1634 2180 1834 2243 πάντα,
1870 2177 2010 2233 ἀλλά

418 2261 543 2323 τοῖς
585 2262 686 2330 μὲν
734 2262 915 2328 τοῦτο,
951 2265 1065 2327 τοῖς
1106 2261 1162 2317 δέ
1202 2264 1399 2318 ἐκεῖνο·
1448 2264 1590 2319 οὕτω
1624 2265 1718 2318 καὶ
1763 2265 1857 2318 ἐπὶ
1900 2262 2009 2316 τῶν

417 2342 728 2396 ἐλαττόνων
804 2344 1097 2414 ἐποίησεν,
1152 2345 1272 2398 οὐδὲ
1341 2346 1515 2401 ταῦτα
1570 2348 1705 2401 πᾶσι
1762 2345 2006 2416 προθείς.

430 2425 695 2495 Ἐποίησε
721 2426 777 2480 δὲ
803 2426 982 2494 τοῦτο,
1017 2427 1222 2499 πολλὴν
1257 2430 1321 2481 ἐκ
1341 2428 1536 2482 τούτου
1566 2429 1665 2500 τὴν
1689 2428 2010 2500 συμφωνίαν

411 2508 525 2562 καὶ
553 2509 655 2581 τὴν
687 2509 908 2580 ἀγάπην
930 2511 1251 2582 οίκοδομῶν,
1278 2510 1366 2564 ἴνα
1394 2511 1627 2576 ἕκαστος
1656 2512 1751 2565 τοῦ
1779 2511 2011 2582 πλησίον

410 2590 681 2661 δεόμενος
731 2592 1031 2664 συνάγηται
1087 2592 1225 2664 πρὸς
1268 2594 1362 2646 τὸν
1409 2594 1658 2663 ἀδελφόν.
1697 2594 1869 2647 Τοῦτο
1918 2594 2012 2646 καὶ

416 2674 481 2725 ἐν
504 2676 629 2737 ταῖς
651 2674 865 2744 τέχναις
896 2675 1240 2747 ᾠκονόμησε,
1286 2674 1452 2731 τοῦτο
1492 2677 1587 2729 καὶ
1624 2676 1684 2729 ἐν
1729 2677 1840 2739 τοῖς
1871 2691 2013 2728 στοι-

417 2757 618 2828 χείοις,
650 2756 807 2810 τοῦτο
834 2759 929 2810 καὶ
972 2760 1030 2811 ἐν
1060 2760 1174 2822 τοῖς
1220 2762 1411 2829 φυτοῖς
1460 2758 1554 2812 καὶ
1583 2759 1641 2813 ἐν
1682 2761 1795 2823 τοῖς
1825 2758 2012 2830 μέλεσι

415 2842 540 2902 τοῖς
572 2840 865 2911 ήμετέροις
888 2840 984 2893 καὶ
1017 2841 1076 2894 ἐν
1107 2843 1272 2895 πᾶσιν
1299 2840 1508 2905 ἁπλῶς.

489 2927 573 2990 γ’.
590 2916 726 2976 Εῐτα
741 2922 937 2991 ἐπάγει
947 2921 1132 2976 λοιπὸν
1148 2923 1248 2992 τὴν
1279 2925 1620 2994 κυριωτάτην
1635 2922 2011 2995 παραμυθίαν,

414 3004 519 3059 καὶ
557 3002 745 3075 ίκανὴν
775 3004 975 3068 αὐτοὺς
1002 3005 1411 3077 ἀνακτήσασθαι
1445 3006 1540 3059 καὶ
1572 3004 1883 3058 ἀναπαῦσαι
1911 3006 2013 3076 τὴν

413 3085 774 3157 ὀδυνωμένην
819 3087 1022 3158 ψυχήν.
1070 3087 1167 3150 Τίς
1218 3088 1275 3142 δὲ
1330 3088 1466 3159 αῦτη
1522 3086 1672 3155 ἐστί;
1721 3086 2011 3154 Ζηλοῦτε,

415 3171 589 3242 φησι,
626 3169 704 3223 τὰ
748 3171 1090 3239 χαρίσματα
1123 3170 1197 3226 τὰ
1227 3172 1557 3239 κρείττονα.
1604 3168 1717 3223 Καὶ
1762 3170 1852 3223 ἐτι
1883 3171 2011 3223 καθ’

418 3252 779 3321 ὑπερϐολὴν
824 3251 971 3307 ὁδὸν
1013 3251 1288 3322 δείκνυμι
1337 3252 1499 3322 ὑμῖν.
1549 3250 1721 3305 Τοῦτο
1749 3251 1806 3307 δὲ
1838 3249 2013 3305 εἰπὼν

419 3336 618 3406 ἡρέμα
665 3334 888 3406 ᾐνίξατο
911 3337 1119 3399 αἰτίους
1153 3335 1316 3399 δντας
1346 3334 1443 3390 τοῦ
1477 3333 1548 3388 τά
1579 3335 1839 3389 ἐλάττονα
1870 3335 2013 3406 λαμ-

425 3417 644 3484 ϐάνειν,
694 3418 788 3472 καὶ
818 3417 1066 3488 κυρίους,
1117 3420 1167 3472 εί
1218 3418 1512 3488 βούλοιντο,
1540 3418 1635 3472 τοῦ
1667 3418 1736 3473 τά
1791 3417 2015 3490 μείζονα

427 3498 646 3554 λαϐεῖν.
680 3500 848 3554 Ὅταν
894 3501 1006 3575 γὰρ
1034 3501 1186 3573 εἴπῃ,
1220 3500 1372 3574 [ἳὸθ]
1404 3501 1695 3570 Ζηλοῦτε,
1739 3501 1839 3573 τήν
1881 3501 2014 3573 παρ’

428 3584 665 3639 ἐκείνων
694 3585 924 3656 σπουδὴν
946 3586 1170 3640 ἀπαιτεῖ
1189 3589 1284 3642 καὶ
1314 3585 1413 3658 τὴν
1450 3584 1746 3655 ἐπιθυμίαν
1768 3585 1866 3656 τήν
1888 3586 2016 3657 περὶ

427 3666 504 3721 τά
535 3668 905 3737 πνευματικά.
935 3670 1044 3727 Καὶ
1089 3669 1190 3722 ούκ
1238 3664 1385 3734 εἷπε,
1437 3668 1519 3721 Τά
1569 3667 1813 3738 μείζονα,
1857 3668 2013 3732 ἀλλὰ,

426 3747 517 3804 τὰ
549 3750 884 3817 κρείττονα,
916 3751 1186 3816 τουτέστι,
1222 3750 1289 3804 τά
1322 3748 1738 3823 χρησιμώτερα,
1772 3749 1841 3803 τὰ
1873 3766 2014 3821 συμ-

421 3834 695 3905 φέροντα.
731 3834 799 3888 '0
847 3834 904 3887 δὲ
944 3834 1118 3904 λέγει,
1170 3833 1331 3889 τοῦτό
1383 3835 1531 3888 ἐστι·
1566 3832 1771 3888 Μένετε
1829 3834 2016 3888 ἐπιθυ-

421 3915 667 3986 μοῦντες
696 3919 1076 3988 χαρισμάτων,
1102 3920 1200 3971 καὶ
1219 3916 1467 3984 δείκνυμι
1490 3915 1611 3971 ὁδὸν
1631 3917 2013 3988 χαρισμάτων·

420 3997 579 4067 ύμῖν.
634 3998 773 4053 οὐδὲ
818 3999 929 4070 γάρ
973 3994 1121 4066 εἶπε,
1173 4000 1455 4072 Χάρισμα,
1513 3998 1629 4054 ἀλλ’
1688 3998 1885 4064 Ὀδὸν,
1925 4000 2013 4055 ἵνα

417 4079 698 4146 μειζόνως
732 4081 915 4155 ἐπάρῃ
958 4081 1141 4150 τοῦτο,
1182 4081 1213 4136 δ
1249 4083 1433 4153 μέλλει
1480 4083 1693 4152 λέγειν·
1749 4083 1870 4138 οὐδὲ
1905 4085 2012 4155 γὰρ

423 4163 483 4213 ἒν
518 4167 615 4218 καὶ
663 4163 760 4216 δύο
810 4167 905 4218 καὶ
944 4165 1075 4238 τρία
1105 4167 1421 4237 χαρίσματα
1445 4167 1694 4237 δείκνυμι
1724 4168 1873 4239 ὑμῖν,
1896 4167 2011 4223 ἀλλ’

416 4243 541 4298 ὁδὸν
579 4246 718 4317 μίαν
761 4248 861 4316 τὴν
888 4249 981 4301 ἐπὶ
1026 4249 1203 4303 πάντα
1251 4248 1424 4303 ταῦτα
1455 4250 1726 4322 φέρουσαν
1746 4267 1758 4282 ·
1790 4251 1888 4304 καὶ
1914 4252 2012 4322 οὐχ

417 4325 615 4391 ἁπλῶς
640 4328 785 4394 ὁδὸν,
812 4329 951 4383 ἀλλά
974 4333 1068 4384 καὶ
1093 4331 1212 4402 μεθ’
1237 4330 1564 4406 ὑπερϐολῆς,
1590 4332 1854 4403 καὶκοινῇ
1880 4335 2013 4387 πᾶσι

417 4412 823 4482 προκειμένην.
858 4413 936 4466 Οὐ
965 4414 1074 4484 γὰρ
1102 4413 1290 4484 ῶσπερ
1333 4413 1403 4466 τά
1431 4412 1741 4484 χαρίσματα
1772 4417 1885 4477 τοῖς
1914 4416 2012 4486 μὲν

414 4494 621 4561 ταῦτα,
655 4497 770 4560 τοῖς
811 4496 870 4550 δὲ
902 4500 1107 4563 ἐκεῖνα,
1143 4497 1256 4551 ἀλλ’
1296 4497 1357 4550 οὐ
1401 4498 1537 4551 πᾶσι
1580 4497 1761 4551 πάντα
1784 4496 2010 4563 δέδοται,

414 4573 565 4628 οὕτω
595 4578 703 4631 καὶ
729 4578 888 4632 τοῦτο
907 4594 919 4608 ·
950 4579 1086 4634 ἀλλά
1113 4579 1399 4634 καθολικὺν
1428 4578 1600 4649 δῶρόν
1627 4579 1765 4632 ἐστι.
1798 4578 1890 4632 Διὸ
1919 4581 2012 4635 καὶ

415 4662 637 4728 πάντας
688 4665 770 4727 είς
805 4665 963 4720 τοῦτο
1009 4667 1198 4721 καλεῖ·
1247 4665 1512 4735 Ζηλοῦτε
1561 4665 1691 4737 γὰρ,
1743 4666 1896 4736 φησὶ,
1939 4667 2012 4722 τὰ

412 4751 776 4819 χαρίσματα
797 4752 871 4806 τὰ
896 4753 1238 4820 κρείττονα·
1264 4752 1364 4806 καί
1389 4752 1476 4806 ἔτι
1506 4753 1636 4807 καθ’
1668 4752 2012 4823 ὑπερϐολὴν

412 4831 568 4887 ὁδὸν
594 4833 881 4903 δείκνυμι
914 4833 1088 4904 ὑμῖν·
1126 4832 1228 4901 τὴν
1279 4835 1496 4906 ἀγάπην
1524 4834 1698 4904 λέγων
1744 4835 1845 4906 τὴν
1874 4834 2012 4907 πρὸς

411 4915 509 4969 τὸν
550 4916 815 4988 πλησίον.
868 4913 1002 4971 Εἶτα
1057 4917 1264 4988 μέλλων
1312 4917 1593 4989 ἐμϐαίνειν
1637 4919 1718 4982 είς
1755 4918 1846 4973 τὸν
1882 4920 2010 4990 περὶ

413 4997 592 5070 αὐτῆς
613 4999 781 5069 λόγον
808 5000 902 5053 καὶ
926 5001 987 5054 τὸ
1012 5000 1284 5072 ἐγκώμιον
1311 5001 1406 5054 τοῦ
1436 5000 1860 5072 κατορθώματος
1887 5002 2010 5056 τού-

411 5099 537 5148 του,
589 5082 820 5155 πρῶτον
858 5083 1115 5154 καθαιρεῖ
1154 5084 1329 5138 ταῦτα
1356 5086 1423 5155 τῇ
1461 5085 1599 5156 πρὸς
1632 5084 1846 5156 ἐκείνην
1877 5101 2008 5150 συγ-

414 5164 631 5232 κρίσει,
684 5165 838 5219 οὺδὲν
874 5164 1004 5219 ὄντα
1057 5167 1274 5232 δεικνὺς
1324 5165 1529 5235 ταύτης
1562 5166 1755 5237 χωρὶς,
1805 5166 2011 5238 σφόδρα

416 5248 694 5312 συνετῶς.
731 5249 795 5302 El
827 5248 937 5320 γὰρ
973 5250 1174 5330 εὐθέως
1210 5250 1340 5320 περὶ
1365 5250 1588 5319 ἀγάπης
1613 5248 1880 5320 διελέχθη,
1915 5251 2009 5304 καὶ

413 5331 619 5397 εἰπὼν,
687 5331 865 5386 Ὀδὸν
896 5331 1040 5401 ὑμῖν
1091 5332 1383 5402 δείκνυμι,
1426 5332 1730 5403 ἐπήγαγεν,
1772 5331 1921 5404 Αὕτη
1951 5332 2011 5386 δέ

414 5412 571 5468 ἐστιν
622 5416 659 5484 ή
715 5414 934 5485 ἀγάπη,
982 5417 1078 5469 καὶ
1124 5415 1199 5487 μὴ
1227 5416 1367 5471 κατά
1412 5415 1703 5489 σύγκρισιν
1733 5414 1825 5469 τὸν
1852 5415 2008 5484 λόγον

415 5500 754 5570 προήγαγε·
794 5499 902 5553 κάν
953 5498 1329 5570 ἐμυκτήρισάν
1382 5516 1528 5562 τινες
1570 5500 1631 5552 :0
1672 5498 1881 5569 λεχθὲν,
1909 5499 2011 5552 οὐκ

415 5579 629 5643 εἰδότες
677 5579 868 5651 σαφῶς
896 5580 993 5643 τοῦ
1044 5582 1366 5654 πράγματος
1416 5581 1514 5652 τὴν
1562 5582 1737 5652 ίσχὺν,
1780 5581 1895 5635 ἀλλ’
1925 5583 2007 5636 ἔτι

417 5664 558 5735 πρὸς
590 5664 782 5719 ταῦτα
828 5664 1137 5735 κεχηνότες.
1181 5663 1381 5733 Διόπερ
1436 5665 1535 5717 οὐκ
1589 5664 1791 5729 εὐθέως
1840 5665 2009 5736 αὐτὴν

459 5765 495 5841 κ’
518 5767 691 5832 νειιιε
715 5764 1079 5840 ipterpres,qul
1104 5769 1272 5828 verm,
1294 5766 1472 5831 {autem
1488 5765 1886 5828 donorum,legit
1914 5786 2008 5828 πη-

419 5843 506 5891 γην
523 5844 867 5910 χαέισαατων.

1412 319 1478 375 ΙΝ
1519 317 1737 377 EPIST.
1779 314 1920 372 IAD
1950 315 2112 373 COB.
2153 315 2386 374 HOMIL.
2428 318 2643 375 XXXII.

3581 329 3691 386 268

2114 431 2508 499 ἀνακαλύπτει,
2542 434 2676 487 ἀλλὰ
2698 438 2910 507 πρῶτον
2937 441 3002 510 τῇ
3030 439 3332 511 ἐπαγγελίᾳ
3368 440 3459 493 τὸν
3489 442 3695 513 ἀκροαν

2113 515 2215 588 τήν
2267 517 2499 588 ἐπάρας,
2555 520 2650 573 καὶ
2704 519 2895 584 είπὼν,
2955 523 3094 577 Καθ’
3158 523 3502 593 ὑπερϐολὴν
3549 525 3695 580 ὁδὸν

2110 599 2383 672 δείκνυμι
2411 601 2569 671 ὑμῖν,
2590 604 2686 658 καὶ
2702 605 2783 667 είς
2804 605 3097 677 ἐπιθυμίαν
3115 606 3276 660 αὑτὸν
3304 608 3551 679 ἀγαγὼν,
3570 609 3693 663 οὐδὲ

2109 682 2281 748 οὕτως
2314 685 2515 748 εὐθέως
2553 688 2634 749 είς
2679 687 2850 760 αὐτὴν
2898 689 3170 761 ἐμϐαίνει,
3220 691 3335 745 ἀλλ’
3387 690 3567 760 αὔξων
3614 691 3695 747 ἔτι

2111 765 2207 819 καὶ
2245 767 2532 821 ἐπιτείνων
2582 769 2763 823 αὐτῶν
2792 772 2892 843 τὴν
2933 773 3251 857 ἐπιθυμίαν,
3308 777 3440 848 περὶ
3487 774 3694 830 τούτων

2109 850 2292 903 αὐτῶν
2339 850 2650 920 διαλέγεται
2701 854 2941 926 πρῶτον,
3005 857 3099 912 καὶ
3150 850 3421 914 δείκνυσιν
3477 859 3695 932 ἐκείνης

2110 932 2213 988 ούκ
2235 932 2424 1004 ούσης,
2452 935 2608 991 οὐδὲν
2636 936 2787 1005 ὄντα,
2815 939 2895 1002 είς
2930 940 3194 1012 μεγίστην
3222 942 3421 1008 αὐτοὺς
3446 944 3694 1015 ἀνάγκην

2109 1016 2206 1100 τοῦ
2257 1017 2434 1100 φιλεῖν
2478 1019 2742 1100 ἀλλήλους
2787 1021 3050 1086 καθιστάς
3072 1042 3087 1058 ο
3118 1025 3307 1100 ἐπειδὴ
3352 1029 3447 1082 καὶ
3492 1032 3558 1084 ἐκ
3595 1026 3695 1083 τοῦ

2110 1097 2319 1178 ταύτην
2364 1095 2674 1168 ἠμελῆσθαι
2716 1099 2751 1170 ὴ
2777 1100 2924 1154 αίτία
2955 1101 3065 1156 τῶν
3094 1095 3577 1162 κακῶνάπάντων
3602 1104 3692 1178 ἦν.

2116 1176 2281 1261 ’Ὥστε
2315 1181 2410 1261 καὶ
2448 1180 2591 1261 κατά
2622 1180 2781 1235 τοῦτο
2802 1182 3028 1247 είκότως
3055 1182 3123 1237 ἀν
3152 1186 3363 1257 μεγάλη
3389 1190 3605 1261 φανείη,
3627 1176 3700 1245 *εί

2108 1270 2185 1339 γε
2202 1255 2270 1339 τά
2294 1257 2393 1327 μὶν
2419 1258 2736 1330 χαρίσματα
2766 1261 2828 1313 οὐ
2860 1262 3021 1331 μόνον
3046 1255 3246 1327 αὐτοὺς
3270 1267 3331 1318 οὐ
3351 1255 3691 1339 συνήγαγεν,

2108 1338 2246 1392 ἀλλά
2300 1341 2394 1393 καὶ
2434 1341 2745 1412 ἡνωμένους
2794 1344 3074 1415 διέστησεν
3100 1361 3112 1374 ·
3168 1346 3309 1419 αὓτη
3355 1349 3414 1403 δὲ
3457 1338 3584 1416 τοὺς
3625 1355 3693 1407 δι’

2110 1421 2332 1475 ἐκείνων
2379 1424 2705 1489 διαστάντας
2748 1427 2815 1481 δι’
2841 1428 3043 1498 ἑαυτῆς
3087 1428 3270 1500 μέλλοι
3302 1433 3556 1502 συνάγειν
3600 1437 3695 1490 καὶ

2110 1508 2282 1560 ποιεῖν
2313 1507 2474 1578 σῶμα
2504 1509 2580 1563 ἓν.
2626 1509 2766 1564 Ἀλλ’
2808 1512 2869 1566 ού
2899 1511 3047 1581 λέγει
3076 1512 3235 1567 τοῦτο
3258 1514 3484 1581 εὐθέως,
3516 1518 3633 1573 ἀλλ’
3664 1519 3696 1573 δ

2113 1590 2347 1659 μάλιστα
2371 1592 2624 1655 ἐπόθουν,
2659 1593 2817 1647 τοῦτο
2841 1594 3057 1667 τίθησιν
3073 1613 3088 1628 ·
3116 1591 3228 1651 οἷον
3249 1597 3332 1651 ὅτι
3353 1599 3603 1671 χάρισμα
3630 1603 3693 1655 τὸ

2110 1673 2346 1744 πρᾶγμά
2388 1675 2528 1740 ἐστι,
2580 1677 2678 1729 καὶ
2714 1677 2823 1730 τῶν
2877 1677 3235 1749 χαρισμάτων
3279 1680 3538 1737 ἁπάντων
3572 1683 3696 1747 ὁδὸς

2108 1755 2231 1825 μεθ’
2288 1756 2612 1827 ὑπερϐολῆς.
2670 1759 2833 1816 ’Ὥστε
2881 1761 2931 1814 εί
2979 1762 3075 1815 καὶ
3120 1763 3195 1832 μὴ
3226 1762 3317 1817 διὰ
3347 1763 3409 1819 :0
3454 1764 3693 1835 ὀφείλειν

2111 1837 2290 1909 βούλει
2330 1840 2423 1894 τὸν
2469 1841 2697 1913 ἀδελφὺν
2730 1845 2974 1915 ἀγαπᾷν,
3007 1844 3097 1900 διά
3138 1846 3200 1900 :0
3230 1846 3540 1918 κρείττονος
3569 1852 3692 1904 ἑπι-

2109 1920 2484 1991 λαμϐάνεσθαι
2522 1926 2751 1996 σημείου
2799 1927 2896 1980 καὶ
2923 1926 3264 1999 χαρίσματος
3310 1929 3566 2001 δαψιλοῦς
3589 1948 3693 1987 κα-

2108 2004 2325 2071 τάδεξαι
2343 2006 2441 2077 τὴν
2466 2007 2706 2079 ἀγάπην.
2736 2009 2847 2067 Καὶ
2873 2011 2976 2079 ὅρα
2998 2011 3163 2066 πόθεν
3186 2013 3416 2084 ἄρχεται
3434 2031 3448 2045 ·
3476 2014 3693 2086 πρῶτον

2111 2089 2218 2144 ἀπὸ
2247 2088 2339 2142 τοῦ
2383 2089 2702 2162 θαυμαστοῦ
2740 2093 3025 2158 δοκοῦντος
3057 2089 3195 2149 εἷναι
3223 2099 3355 2169 παρ’
3384 2099 3570 2164 αὐτοῖς
3601 2100 3694 2154 καὶ

2112 2170 2374 2241 μεγάλου,
2427 2172 2536 2228 τῶν
2582 2173 2876 2243 γλωσσῶν·
2932 2178 3026 2230 καὶ
3058 2177 3282 2246 ἀγαγὼν
3318 2183 3399 2245 είς
3439 2181 3604 2251 μέσον
3631 2184 3693 2237 τὸ

2111 2254 2376 2326 χάρισμα,
2431 2257 2492 2309 ού
2552 2256 2810 2312 τοσοῦτον
2861 2257 3096 2329 τίθησιν,
3151 2263 3275 2316 ὅσον
3330 2259 3496 2335 εἶχον,
3556 2266 3694 2321 ἀλλά

2108 2337 2287 2408 πολλῷ
2320 2338 2501 2393 πλέον.
2526 2340 2662 2394 Οὐδὲ
2695 2340 2805 2413 γάρ
2836 2335 3011 2408 εἶπεν,
3053 2344 3179 2397 Ἐάν
3217 2343 3495 2414 γλώσσαις
3522 2347 3689 2415 λαλῶ,

2108 2421 2223 2476 ἀλλ’
2272 2422 2414 2476 Ἐὰν
2448 2422 2579 2490 ταῖς
2631 2425 2942 2493 γλώσσαις
2970 2425 3090 2481 τῶν
3137 2426 3464 2497 ἀνθρώπων
3500 2433 3688 2487 λαλῶ.

2110 2504 2175 2559 Τί
2206 2507 2344 2571 ἐστι,
2376 2504 2498 2561 Τῶν
2523 2507 2885 2575 ἁνθρώπων;
2908 2509 3131 2563 Πάντων
3159 2509 3270 2564 τῶν
3296 2514 3574 2585 πανταχοῦ
3593 2515 3693 2587 τῆς

2108 2589 2430 2674 οἰκουμένης
2461 2589 2652 2674 ἐθνῶν.
2681 2591 2790 2674 Καὶ
2813 2591 3133 2674 ούδέγταύτῃ
3153 2595 3398 2667 ήρκέσθη
3425 2600 3492 2670 τῇ
3521 2599 3694 2674 61:39-

2110 2668 2261 2740 ϐολῇ,
2295 2670 2432 2725 ἀλλά
2470 2672 2563 2726 καὶ
2605 2673 2801 2743 ἑτέραν
2838 2673 3020 2745 πολλῷ
3054 2675 3281 2745 μείζονα
3322 2668 3560 2751 τίθησιν,
3592 2668 3693 2738 ιᾱτ-

2111 2751 2262 2832 άγων
2289 2755 2384 2806 καὶ
2405 2753 2601 2821 λέγων,
2633 2754 2740 2808 Καὶ
2767 2754 2886 2808 τῶν
2911 2756 3203 2825 ἀγγέλων,
3232 2759 3478 2830 ἀγάπην
3509 2764 3579 2817 δὲ
3603 2763 3691 2832 μὴ

2113 2831 2263 2905 [290]
2310 2835 2450 2903 ἔχω,
2496 2835 2718 2906 γέγονα
2773 2838 3004 2906 χαλκὸς
3058 2837 3228 2907 ἠχῶν
3284 2841 3322 2910 ἢ
3380 2831 3693 2913 κύμϐαλον

2110 2915 2434 2978 ἀλαλάζον.
2472 2914 2629 2982 Εἶδες
2662 2918 2765 2973 ποῦ
2792 2920 2855 2977 :0
2875 2920 3120 2994 χάρισμα
3148 2923 3382 2995 ἐπάρας.
3419 2926 3523 2982 ποῦ
3553 2927 3689 2982 καθ-

2111 2998 2251 3053 εῖλεν
2289 3000 2422 3055 αὐτὸ
2459 3001 2554 3055 καὶ
2580 3000 2942 3074 κατέρριψενς
2980 3004 3114 3058 Οὐδὲ
3142 3003 3252 3077 γὰρ
3291 3007 3478 3072 άπλῶς
3513 3004 3687 3077 εἶπεν,
3734 3029 3747 3041 ‘

2110 3082 2192 3135 ὅτι
2254 3083 2419 3137 Οὐδέν
2469 3086 2609 3155 εἰμι,
2649 3085 2764 3139 ἀλλ’
2817 3087 2900 3140 ὅτι
2942 3086 3176 3157 Γέγονα
3223 3091 3453 3157 χαλκός
3498 3091 3689 3163 ἠχῶν,

2110 3164 2433 3237 ἀναίσθητόν
2487 3184 2540 3221 τι
2588 3169 2682 3222 καὶ
2712 3168 2939 3240 ἄψυχον.
2991 3170 3116 3237 Πῶς
3161 3172 3218 3226 δὲ
3253 3175 3451 3245 χαλκὸς
3504 3176 3687 3247 ήχῶν;

2109 3250 2297 3322 Φωνήν
2339 3251 2438 3321 μέν
2467 3252 2672 3323 ἀφιεὶς,
2712 3254 2835 3325 εἰκῆ
2863 3254 2919 3308 δὲ
2949 3257 3043 3309 καὶ
3076 3257 3273 3329 μάτην,
3307 3259 3402 3314 καὶ
3424 3262 3504 3324 είς
3535 3261 3688 3315 οὐδὲν

2109 3332 2252 3415 δέον.
2301 3334 2448 3406 Πρὸς
2489 3335 2600 3408 γὰρ
2646 3334 2726 3408 τῷ
2765 3336 2934 3407 μηδὲν
2981 3337 3165 3396 ἀνύειν
3202 3342 3296 3394 καὶ
3339 3343 3689 3415 παρενοχλείν

2111 3412 2253 3472 δοκῶ
2296 3418 2391 3472 καὶ
2425 3419 2679 3487 φορτικός
2719 3435 2802 3484 τις
2834 3416 2977 3475 εἶναι
3010 3421 3102 3476 καὶ
3133 3424 3377 3497 ἐπαχθὴς
3407 3412 3521 3490 τοῖς
3543 3412 3690 3480 πολ-

2111 3499 2226 3564 λοίς
2245 3518 2261 3534 ·
2308 3502 2443 3572 ὁρᾷς
2474 3499 2590 3565 πῶς
2620 3503 2649 3553 ό
2676 3501 2896 3570 ἀγάπης
2935 3504 3381 3575 ἀπεστερημένος
3415 3510 3528 3572 τοῖς
3549 3509 3690 3578 ἀψύ-

2113 3600 2228 3653 χοις
2254 3583 2539 3652 προσέοικε
2569 3583 2664 3636 καὶ
2687 3583 3035 3655 ἀναισθήτοις
3052 3603 3069 3649 ;
3088 3586 3339 3644 Γλῶτταν
3355 3589 3414 3642 δὲ
3441 3590 3688 3659 ἀγγέλων

2115 3664 2352 3720 ἐνταῦθά
2374 3680 2558 3735 φησιν,
2593 3665 2714 3736 οὐχὶ
2743 3665 2900 3735 σῶμα
2942 3668 3243 3739 περιτιθεὶς
3271 3671 3542 3741 ἀγγέλοις,
3572 3674 3687 3728 ἀλλ’

2113 3749 2143 3803 δ
2171 3749 2340 3817 λέγει,
2385 3746 2626 3801 τοιοῦτόν
2676 3750 2826 3801 ἐστι·
2874 3749 2994 3805 Κάν
3043 3751 3186 3806 οὕτω
3235 3752 3581 3825 φθέγγωμαι,
3611 3756 3690 3822 ὡς

2113 3831 2366 3901 ἀγγέλοις
2401 3830 2568 3901 νόμος
2616 3829 2754 3901 πρὸς
2794 3831 3059 3904 ἀλλήλους
3093 3834 3456 3906 διαλέγεσθαι,
3486 3839 3687 3911 ταύτης

2113 3916 2243 3969 ἄνευ
2282 3913 2437 3968 οὐδέν
2473 3916 2612 3984 εἰμι,
2662 3914 2798 3967 ἀλλὰ
2849 3917 2943 3970 καὶ
2992 3917 3236 3991 ἐπαχθὴς
3274 3920 3371 3975 καὶ
3408 3925 3680 3994 φορτικός.

2113 3996 2271 4051 Οὕτω
2297 3996 2428 4065 γοῦν
2458 3997 2551 4050 καὶ
2574 3994 2808 4068 ἀλλαχοῦ
2836 3999 2964 4054 ὅταν
2985 3999 3141 4075 λέγῃ,
3165 4002 3245 4057 ὃτι
3264 4003 3436 4071 Αὐτῷ
3462 4006 3685 4076 κάμψει

2110 4079 2234 4135 πᾶν
2260 4079 2405 4149 γόνυ
2425 4079 2801 4148 ἐπουρανίων
2827 4082 2926 4136 καί
2965 4083 3241 4153 ἐπιγείων
3270 4086 3367 4143 καὶ
3393 4095 3682 4157 καταχθο-

2110 4161 2276 4227 νίων,
2319 4162 2381 4216 ού
2414 4162 2616 4230 γόνατα
2646 4162 2742 4216 καὶ
2769 4164 2905 4218 ὀστᾶ
2953 4166 3249 4236 περιτιθεὶς
3296 4171 3411 4232 τοῖς
3436 4171 3687 4238 ἀγγέλοις

2108 4245 2285 4300 ταῦτα
2322 4243 2494 4313 λέγει,
2539 4243 2741 4313 ἄπαγε,
2776 4244 2911 4300 ἀλλά
2945 4246 3042 4317 τὴν
3089 4250 3486 4320 ἐπιτεταμένην
3512 4268 3685 4323 προσ-

2110 4327 2338 4398 κύνησιν
2361 4327 2450 4380 διὰ
2472 4326 2566 4380 τοῦ
2608 4327 2737 4400 παρ’
2764 4331 2899 4398 ἡμῖν
2930 4330 3207 4398 σχήματος
3234 4331 3537 4393 αἰνίξασθαι
3564 4333 3685 4402 βού-

2109 4411 2282 4466 λεται.
2342 4410 2501 4466 Οὕτω
2549 4410 2643 4464 καὶ
2691 4410 2926 4464 ἐνταῦθα
2982 4411 3232 4480 γλῶσσαν
3288 4413 3567 4479 ἐκάλεσεν,
3621 4418 3683 4469 ού

2113 4493 2313 4563 σαρκὸς
2342 4492 2573 4563 δργανον
2599 4491 2797 4560 δηλῶν,
2827 4491 2963 4546 ἀλλά
2986 4494 3086 4563 τὴν
3126 4493 3261 4564 πρὸς
3283 4494 3545 4567 ἀλλήλους
3588 4498 3683 4551 αὐ⁴

2110 4575 2220 4630 τῶν
2259 4575 2476 4645 ὁμιλίαν
2527 4573 2607 4645 τῷ
2641 4574 2902 4646 γνωρίμῳ
2938 4576 3068 4647 παρ’
3099 4577 3230 4646 ήμίν
3268 4578 3451 4649 τρόπῳ
3478 4580 3685 4647 αἰνίξα-

2113 4658 2237 4713 σθαι
2270 4656 2609 4729 βουλόμενος.
2644 4654 2775 4711 Εἶτα
2822 4657 2964 4712 ὥστε
2997 4659 3400 4729 εύπαράδεκτον
3429 4663 3684 4730 γενέσθαι

2108 4742 2199 4795 τὸν
2227 4740 2403 4808 λόγον,
2431 4741 2493 4793 οὺ
2539 4742 2703 4811 μέχρι
2726 4741 2834 4794 τῶν
2878 4740 3138 4809 γλωσσῶν
3170 4742 3403 4811 ἵσταται,
3431 4744 3565 4799 ἀλλά
3590 4748 3683 4801 καὶ

2108 4824 2203 4877 ἐπὶ
2228 4823 2297 4877 τὰ
2320 4823 2481 4877 λοιπά
2509 4823 2722 4894 πρόεισι
2756 4824 3093 4896 χαρίσματα,
3129 4825 3224 4878 καὶ
3254 4828 3430 4881 πάντα
3465 4832 3529 4899 τῇ
3580 4831 3679 4883 αύ-

2106 4908 2206 4978 τῆς
2246 4906 2484 4977 ἀπουσίᾳ
2541 4905 2805 4969 καθελὼν,
2862 4907 2982 4960 τότε
3011 4907 3183 4979 αὐτῆς
3232 4909 3539 4981 ὑπογράφει
3580 4913 3680 4984 τὴν

2108 4989 2320 5044 εἰκόνα·
2354 4989 2449 5042 καὶ
2489 4988 2676 5055 ἐπειδὴ
2708 4987 2933 5060 αὔξησιν
2976 4990 3201 5059 ποιῆσαι
3248 4993 3555 5063 προῄρηται
3583 4995 3679 5048 τοῦ

2107 5075 2291 5141 λόγου,
2323 5071 2431 5127 ἀπὸ
2459 5070 2565 5126 τῶν
2590 5072 2886 5127 ἐλαττόνων
2914 5072 3214 5143 ἀρχόμενος
3245 5074 3450 5129 ἄνεισιν
3490 5076 3584 5128 ἐπὶ
3612 5078 3680 5132 τά

2111 5155 2301 5228 μείζω.
2336 5156 2508 5224 Ὅπερ
2538 5155 2666 5227 γάρ,
2693 5156 2857 5224 ἡνίκα
2879 5154 2976 5227 τὴν
3018 5154 3170 5222 τάξιν
3194 5156 3373 5211 αὐτῶν
3396 5158 3679 5230 ἐνέφηνεν,

2109 5238 2335 5308 ὕστερον
2390 5236 2602 5291 τέθεικε
2655 5237 2717 5290 :0
2757 5237 2868 5289 τῶν
2905 5237 3186 5305 γλωσσῶν,
3239 5238 3399 5293 τοῦτο
3460 5242 3677 5313 πρῶτον

2108 5322 2331 5392 ἀριθμεῖ
2357 5319 2452 5374 νῦν
2480 5319 2621 5376 κατά
2657 5320 2872 5391 μικρὸν,
2905 5320 3043 5392 ὅπερ
3066 5320 3223 5392 ἔφην,
3249 5323 3341 5377 ἐπὶ
3359 5324 3427 5379 τά
3455 5325 3677 5392 μείζονα

2109 5401 2434 5458 ἀναϐαίνων.
2472 5401 2653 5457 Εἰπὼν
2683 5403 2792 5474 γὰρ
2826 5404 2954 5475 περὶ
2991 5405 3097 5457 τῶν
3129 5405 3410 5474 γλωσσῶν,
3449 5409 3540 5461 ἐπὶ
3576 5409 3676 5477 τὴν

2109 5485 2443 5558 προφητείαν
2464 5485 2664 5548 εὐθέως
2692 5485 2954 5551 ἐκϐαίνει,
2982 5488 3075 5541 καί
3101 5506 3263 5562 φησι·
3295 5490 3403 5544 Καὶ
3424 5491 3532 5541 ἐὰν
3560 5489 3676 5554 ἔχω

2106 5568 2503 5639 προφητείαν·
2562 5570 2657 5623 καὶ
2707 5568 2910 5637 ταύτην
2970 5571 3133 5625 πάλιν
3182 5571 3300 5642 μεθ’
3346 5569 3672 5637 ὑπερίπῆῖ.

2109 5652 2319 5725 ’Ὠσπερ
2343 5652 2451 5722 γὰρ
2472 5653 2590 5709 ἐκεῖ
2613 5653 2676 5706 ού
2714 5652 2965 5722 γλώσσας
2994 5654 3211 5723 ἔθηκεν,
3243 5652 3378 5706 ἀλλά
3406 5651 3504 5711 τὰς
3539 5667 3674 5701 περ,-

2109 5754 2213 5790 των
2257 5735 2364 5789 τῶν
2414 5735 2716 5808 ἀνθρώπων
2754 5737 3021 5805 γλώσσας,
3059 5739 3152 5790 καὶ
3191 5734 3394 5804 προῖὼν
3423 5732 3523 5793 τὰς
3565 5734 3675 5786 ’δεῖν

2109 5819 2376 5890 ἀγγέλων,
2401 5822 2494 5874 καὶ
2516 5819 2636 5875 τότε
2658 5819 2857 5886 ἔδειξεν
2871 5820 3021 5873 οὐδὲν
3042 5819 3099 5872 ὃν
3120 5819 3179 5872 :0
3199 5817 3440 5887 χάρισμα
3454 5813 3642 5883 ἀγάπη
