3990 6168
345 285 454 343 969

347 401 517 474 χωρίς
536 416 551 431 ·
582 399 725 452 οὑτω
758 397 850 450 καὶ
885 394 1115 448 ἐνταῦθα
1143 396 1206 446 οὑ
1247 394 1346 464 τὴν
1373 393 1710 466 προφητείαν
1740 395 1920 465 τίθησι

352 484 535 555 μόνον,
564 481 698 535 ἀλλὰ
723 479 817 532 καὶ
848 477 944 547 τὴν
982 476 1321 546 ὑψηλοτάτην
1357 476 1713 547 προφητείαν.
1742 475 1929 530 Εἰπὼν

347 568 479 638 γάρ,
534 564 667 618 Ἐὰν
697 563 815 631 ἔχω
855 559 1245 629 προφητείαν,
1295 561 1583 632 ἐπήγαγε·
1638 561 1751 618 Καὶ
1794 558 1932 615 εἰδῶ

347 651 420 704 τὰ
439 646 738 719 μυστήρια
766 644 983 704 πάντα,
1012 642 1109 696 καὶ
1141 642 1350 697 πᾶσαν
1382 643 1496 711 τὴν
1519 641 1778 714 γνῶσιν·
1814 642 1930 716 μετ’

349 732 651 792 ἐπιτάσεως
678 727 847 791 τιθεὶς
882 726 977 780 καὶ
1009 725 1170 778 τοῦτο
1195 727 1256 780 τὸ
1285 727 1532 798 χάρισμα

417 869 481 921 δ’.
514 862 644 920 Εἶτα
688 863 826 937 μετὰ
875 866 1034 918 τοῦτο
1067 864 1157 919 καὶ
1187 864 1279 917 ἐπὶ
1306 863 1374 917 τὰ
1411 863 1572 917 λοιπά
1617 864 1930 937 χαρίσματα

351 951 654 1018 προϐαίνει.
690 950 800 1002 Καὶ
822 948 907 1001 ἵνα
939 948 1014 1018 μὴ
1045 947 1105 1000 τὸ
1129 946 1250 1001 καθ’
1281 946 1512 999 ἕκαστον
1542 948 1720 999 αὑτων
1752 947 1930 1016 λέγων

349 1035 478 1105 δοκῇ
508 1032 671 1088 πάλιν
689 1033 946 1103 ἐνοχλεῖν,
977 1032 1078 1102 τὴν
1103 1030 1316 1102 μητέρα
1336 1031 1430 1084 καὶ
1458 1031 1644 1102 πηγὴν
1675 1032 1930 1085 ἁπάντων

348 1116 550 1186 τίθησι,
588 1117 689 1168 καὶ
729 1113 899 1185 αὑτὴν
930 1113 1092 1168 πάλιν
1136 1112 1255 1185 μεθ’
1295 1112 1625 1185 ὑπερϐολῆς,
1664 1112 1807 1166 οὕτω
1843 1113 1931 1167 λέ-

349 1216 496 1261 γων·
533 1199 643 1252 Καὶ
686 1198 795 1253 ἐὰν
821 1199 938 1265 ἔχω
976 1195 1185 1251 πᾶσαν
1215 1195 1333 1263 τὴν
1382 1196 1608 1249 πίστιν.
1660 1196 1767 1249 Καὶ
1809 1195 1931 1248 οὑδὲ

350 1282 595 1354 ὴρκέσθη
623 1280 818 1350 τούτῳ,
858 1280 994 1334 ἀλλὰ
1024 1280 1139 1342 καὶ,
1171 1279 1307 1349 ὅπερ
1337 1279 1412 1342 ὡς
1443 1279 1697 1349 μέγιστον
1724 1274 1876 1331 εἶπεν
1901 1280 1931 1332 ὁ

352 1365 608 1437 Χριστὸς,
648 1366 742 1418 καὶ
783 1360 942 1417 τοῦτο
989 1361 1328 1433 προσέθηκεν
1359 1361 1560 1414 εἰπών·
1611 1361 1794 1416 Ὥστε
1821 1361 1927 1429 ὄρη

348 1448 752 1519 μεθιστάνειν,
783 1446 1025 1515 ἀγάπην
1068 1445 1136 1500 δὲ
1156 1446 1241 1514 μὴ
1270 1446 1409 1514 ἔχω,
1441 1445 1622 1499 οὐδέν
1647 1448 1787 1515 ειμι.
1819 1445 1931 1498 Καὶ

354 1531 545 1585 σκόπει
584 1531 701 1593 πῶς
733 1529 892 1582 πάλιν
922 1526 1200 1583 κάνταῦθα
1247 1528 1501 1600 καθαιρεῖ
1530 1529 1639 1581 τῶν
1668 1526 1931 1597 γλωσσῶν

349 1614 411 1668 τὸ
442 1615 680 1685 ἀξίωμα.
731 1613 852 1666 Ἐπὶ
890 1613 988 1683 μὲν
1028 1616 1136 1685 γάρ
1183 1611 1282 1683 τῆς
1322 1612 1660 1682 προφητείας
1689 1611 1929 1664 δείκνυσι

353 1698 488 1753 πολὺ
517 1698 578 1750 τὸ
608 1697 797 1768 κέρδος
822 1696 882 1750 τὸ
911 1697 1006 1748 ἀπ’
1030 1695 1221 1766 αὑτῆς,
1243 1695 1306 1747 τὸ
1332 1693 1534 1747 εἰδέναι
1555 1695 1623 1748 τὰ
1654 1694 1930 1765 μυστήρια

356 1783 450 1836 καὶ
485 1781 583 1852 τὴν
624 1780 825 1850 γνῶσιν
856 1779 998 1849 ἔχειν
1027 1778 1266 1841 ἃπασαν,
1301 1778 1398 1832 καὶ
1435 1780 1527 1831 ἐπὶ
1548 1779 1649 1848 τῆς
1697 1779 1932 1841 πίστεως

353 1867 513 1936 ἔργον
560 1865 621 1916 οὐ
656 1863 867 1934 μικρὸν,
898 1863 958 1914 τὸ
983 1862 1052 1915 τά
1080 1861 1182 1932 δρη
1219 1861 1561 1932 μεθιστάνειν
1581 1878 1594 1891 ·
1625 1861 1718 1913 ἐπὶ
1744 1861 1800 1913 δὲ
1824 1860 1932 1914 τῶν

354 1946 616 2017 γλωσσῶν
663 1946 794 1999 αὐτὸ
842 1945 1002 2016 μόνον
1047 1942 1220 1998 εἰπὼν
1259 1942 1408 2017 [291]
1440 1944 1504 1998 τὸ
1532 1943 1800 2015 χάρισμα,
1836 1946 1931 1998 άν-

351 2031 618 2103 εχὼρησε.
649 2029 722 2082 Σὺ
763 2027 821 2082 δέ
859 2045 950 2098 μοι
986 2028 1207 2081 κάκεῖνο
1235 2027 1450 2092 σκόπει,
1487 2026 1605 2090 πῶς
1636 2028 1695 2079 ἐν
1736 2026 1934 2097 βραχεῖ

353 2115 531 2170 πάντα
563 2112 853 2184 περιέλαϐε
895 2111 964 2164 τὰ
1007 2111 1343 2182 χαρίσματα,
1392 2106 1932 2183 προφητείανείπὼν

354 2201 450 2254 καὶ
476 2199 688 2253 πίστιν’
736 2196 769 2266 ἢ
811 2194 922 2265 γάρ
969 2198 1027 2247 ἐν
1071 2194 1271 2263 λόγοις,
1305 2194 1339 2265 ἤ
1388 2196 1447 2248 ἐν
1485 2195 1671 2266 ἔργοις
1704 2195 1821 2247 ἐστὶ
1863 2195 1932 2249 τὰ

353 2284 628 2354 θαύματα.
683 2281 792 2336 Καὶ
847 2279 962 2342 πῶς
1010 2281 1039 2332 ό
1078 2279 1314 2349 Χριστός
1374 2295 1559 2349 φησιν,
1618 2279 1933 2350 Ἐλάχιστον

357 2369 521 2440 μέρος
554 2365 654 2435 τῆς
684 2363 921 2425 πίστεως
953 2357 1092 2414 εἶναι
1124 2361 1185 2414 τὸ
1210 2359 1472 2415 δύνασθαι
1504 2362 1633 2432 ὅρος
1662 2366 1933 2434 μεταστῆ-

357 2469 447 2506 σαι
475 2451 584 2519 (ὡς
611 2447 721 2519 γὰρ
754 2447 1038 2516 ἐλάχιστον
1071 2444 1268 2512 λέγων,
1298 2443 1473 2509 οὑτως
1509 2444 1706 2517 ἔθηκεν
1734 2447 1927 2512 εἰπὼν,

367 2535 509 2589 Ἐὰν
538 2532 715 2602 ἔχητε
760 2529 969 2582 πίστιν
1009 2528 1089 2594 ὠς
1132 2527 1355 2582 κόκκον
1394 2528 1715 2595 σινάπεως,
1747 2528 1931 2596 ἐρεῖτε

355 2615 436 2683 τῷ
460 2615 581 2684 όρει
604 2613 810 2677 τούτῳ,
847 2609 1165 2678 Μετάϐηθι,
1197 2611 1294 2665 καὶ
1320 2609 1721 2679 μεταϐήσεται
1738 2610 1758 2681 )
1777 2627 1789 2642 ·
1818 2612 1846 2664 ό
1873 2611 1929 2665 δὲ

358 2698 568 2760 Παῦλος
598 2697 780 2750 πᾶσαν
808 2693 908 2763 τήν
940 2693 1126 2745 πίστιν
1149 2693 1355 2762 ταύτην
1382 2688 1521 2746 ε’ίναί
1554 2710 1718 2763 φησι;
1747 2694 1813 2747 Τί
1837 2691 1933 2748 οὖν

356 2782 504 2836 ἔστιν
531 2781 740 2844 είπεῖν;
781 2774 1003 2847 Ἐπειδὴ
1043 2775 1187 2846 μέγα
1215 2770 1283 2847 ἦν
1310 2775 1489 2841 τοῦτο,
1526 2776 1588 2829 τὺ
1610 2776 1737 2849 δρος
1768 2793 1933 2846 μετα-

356 2865 572 2935 στῆσαι,
610 2862 698 2915 διὰ
725 2859 887 2913 τοῦτο
916 2858 1012 2914 καὶ
1042 2857 1207 2911 αὑτοῦ
1258 2859 1686 2930 ἐμνημόνευσεν,
1726 2862 1824 2932 οὑχ
1857 2859 1931 2923 ὡς

353 2948 515 3002 τοῦτο
560 2946 729 3016 μόνης
758 2941 1067 3011 δυναμένης
1116 2941 1296 3013 πάσης
1346 2943 1445 3012 τῆς
1491 2943 1748 3008 πίστεως,
1796 2943 1932 2997 άλλά

356 3029 546 3098 ἐπειδὴ
583 3026 743 3080 τοῦτο
783 3024 928 3096 μέγα
964 3020 1104 3077 εἶναι
1143 3024 1313 3077 ἐδόκει
1342 3028 1456 3089 τοῖς
1494 3026 1822 3096 παχυτέροις
1844 3025 1935 3079 διὰ

355 3113 448 3165 τὸν
486 3110 649 3178 δγκον
685 3105 779 3161 τοῦ
818 3106 1090 3176 σώματος,
1125 3106 1419 3160 κάντεῦθεν
1457 3108 1672 3179 ἐπαίρει
1698 3108 1759 3161 τὸ
1798 3125 1945 3179 προ-η

359 3195 630 3266 κείμενον.
670 3193 735 3244 Ὅ
760 3190 817 3244 δὲ
847 3188 1017 3258 λέγει,
1048 3189 1205 3243 τοῦτό
1236 3191 1382 3243 ἐστιν
1401 3206 1415 3222 ·
1459 3190 1583 3245 Ἐάν
1610 3190 1718 3262 ἔχω
1751 3192 1933 3245 πᾶσαν

355 3278 454 3348 τὴν
471 3275 677 3339 πίστιν,
698 3273 793 3328 καὶ⁵
813 3272 907 3326 ἐὰν
924 3271 1169 3342 δύνωμαι
1192 3270 1292 3343 όρη
1317 3271 1684 3342 μεθιστάνειν,
1707 3274 1929 3344 ἀγάπην

355 3360 414 3414 δὲ
439 3360 513 3432 μὴ
555 3358 684 3429 ἔχω,
715 3355 869 3410 οὐδέν
894 3356 1011 3426 ειμι
1031 3369 1046 3383 ·
1075 3354 1189 3408 Καὶ
1218 3355 1326 3408 ἐὰν
1362 3356 1614 3424 ψωμίσω
1639 3355 1834 3409 πάντα
1862 3356 1933 3408 τὰ

356 3439 708 3513 ὑπάρχοντά
727 3456 869 3509 μου,
897 3440 992 3494 καὶ
1017 3438 1127 3493 ἐὰν
1152 3436 1395 3507 παραδῶ
1418 3438 1483 3491 τὸ
1506 3437 1677 3509 σῶμά
1698 3456 1815 3509 μου
1833 3438 1934 3491 ἵνα

355 3510 766 3593 καὺθῆσωμαι,
799 3521 1041 3591 ἀγάπην
1078 3521 1146 3574 δὲ
1169 3521 1257 3591 μὴ
1293 3520 1430 3590 ἔχω,
1458 3519 1640 3575 οὐδὲν
1671 3520 1935 3591 ὠφελοῦ-

270 3650 281 3655 -
352 3628 479 3680 μαι.
512 3607 686 3662 Βαϐαὶ
712 3608 813 3676 τῆς
837 3605 1143 3677 ὑπερϐολῆς
1168 3603 1183 3657 ῑ
1218 3606 1313 3657 καὶ
1336 3604 1445 3676 γὰρ
1475 3605 1570 3658 καὶ
1595 3605 1768 3660 ταῦτα
1795 3605 1932 3677 μετὰ

357 3690 679 3762 προσθήκης
720 3690 914 3759 ἐτέρας
952 3688 1186 3758 τίθησιν.
1233 3687 1309 3740 Οὑ
1337 3687 1445 3759 γὰρ
1485 3684 1658 3752 εἶπεν,
1704 3690 1830 3743 Ἐὰν
1857 3689 1932 3742 δῶ

355 3777 473 3836 τοῖς
499 3773 695 3840 πένησι
726 3771 826 3840 τὴν
865 3769 1121 3843 ἡμίσειαν
1169 3772 1365 3839 μοῖραν
1398 3770 1505 3823 τῶν
1545 3770 1737 3836 όντων,
1770 3772 1802 3843 ἢ
1834 3772 1933 3836 τάς

357 3855 453 3909 δύο
489 3855 524 3924 ἢ
555 3853 656 3915 τὰς
702 3853 853 3923 τρεῖς
892 3851 1110 3922 μοίρας,
1150 3851 1265 3903 ἀλλ’
1311 3852 1451 3906 Ἐὰν
1478 3851 1674 3905 πάντα
1705 3871 1825 3921 μου
1861 3855 1935 3908 τὰ

358 3934 729 4004 ὑπάρχοντα.
760 3933 872 3986 Καὶ
907 3932 1008 3986 οὑκ
1036 3929 1179 3994 εἷπε,
1211 3931 1317 3999 Δῶ,
1358 3933 1512 3995 ἀλλὰ,
1551 3935 1826 4002 Ψωμίσω,
1857 3934 1935 3997 ὡς

360 4014 719 4089 προσκεῖσθαι
750 4018 817 4087 τῇ
864 4014 1075 4086 δαπάνῃ
1113 4015 1205 4068 καὶ
1227 4014 1325 4085 τήν
1370 4013 1645 4068 διακονίαν
1676 4016 1776 4085 τὴν
1817 4016 1932 4086 μετ’

358 4098 675 4170 ἐπιμελείας
700 4097 937 4167 ἁπάσης.
968 4098 1077 4151 Καὶ
1116 4096 1224 4150 ἐὰν
1259 4094 1502 4164 παραδώ
1532 4096 1599 4150 τὸ
1622 4094 1792 4165 σῶμα
1812 4114 1932 4166 μου

357 4186 459 4240 ἵνα
482 4182 890 4252 καυθήσωμαι.
940 4180 1054 4234 Οὑκ
1103 4174 1275 4243 εἶπεν,
1323 4179 1448 4232 Ἐάν
1492 4177 1766 4245 ἀποθάνω,
1797 4180 1933 4234 ἀλλά

361 4265 452 4322 καὶ
476 4264 634 4319 τοῦτο
668 4263 786 4334 μεθ’
820 4261 1156 4336 ὑπερϐολῆς·
1184 4262 1274 4315 τὸν
1304 4262 1411 4335 γάρ
1446 4260 1662 4315 πάντων
1682 4261 1930 4333 χαλεπώ-

355 4365 512 4422 τερον
532 4348 760 4405 θάνατον
781 4345 914 4412 θεὶς,
940 4347 1001 4400 τὸ
1022 4344 1199 4410 ζῶντα
1229 4345 1591 4416 κατακαῆναιο
1623 4347 1719 4399 καὶ
1742 4345 1930 4400 τοῦτον

354 4433 522 4505 χωρὶς
567 4431 789 4501 ἀγάπης
820 4430 975 4484 οὐδὲν
1019 4429 1163 4499 μέγα
1204 4427 1404 4499 ἔφησεν
1435 4424 1591 4482 εἶναι.
1646 4429 1925 4501 Ἐπήγαγε

354 4514 506 4583 γοῦν,
557 4510 751 4566 οὐδὲν
783 4510 1146 4581 ὠφελοῦμαι.
1196 4510 1334 4562 Ἀλλ’
1365 4510 1577 4564 οὐδέπω
1621 4510 1719 4583 τὴν
1747 4515 1929 4568 πᾶσαν

354 4593 659 4666 ὑπερϐολὴν
680 4592 878 4659 ἔδειξα,
902 4594 1008 4657 ἕως
1031 4593 1095 4646 ἂν
1120 4592 1215 4646 τοῦ
1240 4590 1476 4660 Χριστοῦ
1503 4592 1605 4655 τὰς
1627 4596 1929 4667 μαρτυρίας

354 4679 455 4742 τὰς
497 4678 624 4748 περὶ
675 4676 1047 4747 ἐλεημοσύνης
1093 4677 1186 4730 καὶ
1239 4675 1469 4730 θανάτου
1518 4677 1815 4746 εἰρημένας
1848 4680 1927 4743 είς

360 4760 523 4830 μέσον
566 4758 781 4827 άγάγω.
827 4758 981 4821 Τίνες
1039 4754 1133 4813 οὖν
1175 4759 1312 4811 εἰσιν
1359 4760 1415 4810 al
1473 4760 1803 4829 μαρτυρίαι;
1838 4760 1927 4831 Τῷ

354 4841 593 4913 πλουσίῳ
625 4841 811 4912 φησὶν,
840 4842 909 4895 ει
950 4840 1145 4908 θέλεις
1167 4841 1393 4907 τέλειος
1426 4837 1600 4904 εἶναι,
1637 4840 1927 4910 πώλησόν

351 4942 470 4985 σου
505 4929 579 4982 τὰ
609 4925 981 4995 ὑπάρχοντα,
1022 4925 1119 4978 καὶ
1160 4924 1266 4989 δίης
1310 4923 1587 4992 πτωχοῖς,
1619 4924 1721 4979 καὶ
1747 4926 1925 4995 δεῦρο

348 5011 664 5067 ἀκολούθει
692 5026 797 5080 μοι
821 5022 833 5034 ”
885 5007 981 5061 καὶ
1018 5006 1146 5077 περὶ
1175 5006 1394 5076 ἀγάπης
1442 5007 1499 5060 δὲ
1548 5007 1925 5079 διαλεγόμενος

348 5093 448 5164 τῆς
469 5094 548 5156 εἰς
575 5093 665 5147 τὸν
700 5090 931 5163 πλησίον
961 5089 1116 5160 φησὶ,
1149 5086 1403 5149 Μείζονα
1425 5091 1649 5158 ταύτης
1684 5091 1925 5161 ἀγάπην

349 5175 550 5241 οὐδεὶς
578 5177 724 5243 ἔχει,
764 5176 867 5230 ῖνα
911 5192 1001 5241 τις
1030 5172 1145 5242 τὴν
1189 5171 1405 5243 ψυχὴν
1446 5172 1634 5228 αὐτοῦ
1660 5172 1738 5243 θῇ
1771 5174 1921 5244 ὑπὲρ

348 5256 468 5312 τῶν
514 5258 709 5326 φίλων
749 5258 959 5312 αὐτοῦ.
1013 5256 1177 5309 Ὅθεν
1227 5256 1406 5326 δῆλον,
1435 5256 1521 5309 ὅτι
1569 5258 1666 5311 καὶ
1702 5259 1794 5311 ἐπὶ
1825 5258 1920 5311 τοῦ

347 5339 482 5394 Θεοῦ
512 5340 671 5395 τοῦτο
699 5338 918 5393 πάντων
946 5339 1202 5409 μέγιστόν
1228 5341 1393 5392 ἐστιν.
1444 5340 1582 5393 Ἀλλ’
1616 5341 1728 5410 ἐγὼ
1752 5342 1915 5410 λέγω,

345 5424 572 5495 φησὶνό
621 5420 853 5485 Παῦλος,
897 5422 999 5477 κᾶν
1041 5421 1182 5491 ὑπὲρ
1211 5421 1305 5473 τοῦ
1346 5421 1483 5475 Θεοῦ
1515 5422 1700 5493 θῶμεν
1726 5424 1917 5495 αὐτὴν,

347 5506 445 5562 καὶ
475 5505 612 5581 μηδὲ
643 5504 829 5568 ἁπλῶς
859 5504 1064 5574 θῶμεν,
1089 5503 1204 5556 ἀλλ’
1234 5504 1377 5557 ὥστε
1403 5505 1497 5557 καὶ
1530 5506 1918 5577 ἐμπρησθῆναι

348 5588 532 5659 (τοῦτο
564 5590 672 5662 γάρ
695 5590 862 5654 ἐστιν,
926 5586 1068 5640 Ἐὰν
1097 5584 1342 5655 παραδῶ
1380 5587 1446 5641 τὸ
1472 5585 1646 5657 σῶμα
1668 5605 1789 5658 μου
1816 5590 1917 5644 ἵνιι

346 5672 787 5741 καυθήσωμαι),
828 5672 889 5724 οὑ
925 5672 1066 5743 μέγα
1098 5669 1247 5726 ἔσται
1281 5670 1470 5743 κέρδος
1501 5671 1633 5743 ἡμῖν
1655 5673 1747 5728 τὸν
1777 5674 1913 5745 πλη-

348 5756 458 5810 σίον
491 5757 589 5810 οὐκ
617 5756 888 5826 ἀγαπῶσι.

1044 280 1100 336 S.
1142 276 1430 333 JOA‘SMS
1467 274 1967 345 CHRYSOSTQMI
2005 274 2337 332 ARCHIEP.
2376 273 2931 332 CONSTANI'INOP.

3509 279 3615 336 270

2101 393 2173 446 Τὸ
2203 394 2302 465 μὲν
2329 389 2423 449 οῦν
2450 394 2631 463 λέγειν
2662 395 2731 449 τά
2757 397 3069 468 χαρίσματα
3100 394 3250 448 οὐδὲν
3292 393 3434 464 μέγα
3471 393 3615 463 ὡφε-

2036 474 2146 529 λεῖν
2171 477 2395 547 ἀγάπης
2435 476 2700 549 ἀπούσης,
2752 478 3065 548 θαυμαστὸν
3109 477 3289 531 οὐδέν’
3352 476 3477 532 ἐπεὶ
3517 478 3614 533 καὶ

2031 558 2125 612 τοῦ
2158 559 2274 630 βίου
2325 559 2553 632 δεύτερά
2591 562 2709 614 ἐστι
2748 562 2818 616 τά
2850 562 3184 634 χαρίσματα.
3240 558 3436 613 Πολλοὶ¹
3483 558 3617 629 γοῦν

2030 643 2348 714 χαρίσματα
2393 644 2815 714 ἐπιδειξάμενοι,
2857 644 3044 716 ἐπειδὴ
3079 643 3270 713 φαῦλοι
3301 643 3613 712 γεγόνασιν,

2031 726 2424 798 ἐκολάσθησαν,
2476 728 2551 793 ὼς
2584 729 2782 782 ἐκεῖνοι
2811 730 2861 782 οἱ
2899 728 2977 799 τῷ
3010 728 3232 798 ὀνόματι
3266 727 3435 782 αὑτοῦ
3476 745 3614 800 προρ-

2032 808 2400 882 φητεύσαντες
2441 811 2536 864 καὶ
2571 811 2824 882 δαιμόνια
2853 810 3024 864 πολλὰ
3051 810 3371 875 ἐκϐαλόντες
3399 810 3494 864 καὶ
3517 811 3610 864 δυ-

2032 894 2228 964 νάμεις
2261 893 2463 957 πολλὰς
2491 895 2838 965 ποιήσαντες,
2868 895 2945 958 ὡς
2984 893 3185 957 Ἰούδας
3231 895 3260 946 ό
3308 892 3614 966 προδότηςο

2030 978 2208 1049 ἕτεροι
2229 978 2285 1031 δὲ
2315 978 2430 1049 βίον
2460 979 2868 1051 παρασχόμενοι
2898 977 3080 1032 πιστοὶ
3110 976 3370 1048 καθαρδν,
3401 974 3614 1040 οὐδενός

2032 1061 2334 1133 ἐδεήθησαν
2360 1052 2551 1133 ἐτέρου
2600 1058 2737 1131 πρὸς
2782 1061 2843 1115 τὸ
2876 1061 3138 1133 σωθῆναι.
3173 1061 3246 1114 Τὸ
3290 1062 3390 1131 μὲν
3412 1055 3506 1115 οὖν
3541 1060 3612 1115 τὰ

2032 1146 2375 1216 χαρίσματα,
2403 1145 2539 1216 ὅπερ
2578 1143 2737 1214 ἔφην,
2770 1144 2978 1199 δεῖσθαι
3006 1143 3231 1215 ταύτης,
3291 1142 3609 1213 θαυμαστὸν

2031 1231 2223 1285 οὐδέν·
2279 1232 2342 1285 τὸ
2386 1232 2445 1286 δὲ
2504 1233 2599 1286 καὶ
2648 1232 2759 1303 βίον
2818 1232 3197 1304 1ιικριϐωμιξνον
3244 1228 3398 1303 [292]
3445 1230 3611 1301 μηδὲν

2036 1315 2240 1387 ἰσχύειν
2285 1316 2491 1389 ταύτης
2534 1317 2684 1379 ἄνευ,
2724 1315 2884 1369 τοῦτό
2929 1316 3049 1368 ἐστι
3092 1314 3153 1368 τὸ
3182 1314 3282 1385 τὴν
3309 1313 3613 1385 ὑπερϐολὴν

2034 1400 2299 1469 ἐμφαῖνον
2370 1399 2467 1452 καὶ
2533 1397 2735 1469 πολλὴν
2792 1397 2981 1452 ποιοῦν
3040 1397 3141 1467 τὴν
3199 1395 3464 1466 ἀπορίαν,
3521 1397 3616 1449 καὶ

2035 1483 2272 1553 μάλιστα
2336 1484 2466 1537 ὅταν
2520 1484 2549 1536 ό
2604 1482 2842 1555 Χριστὸς
2894 1480 3226 1552 ἀμφοτέροις
3285 1477 3501 1543 τούτοις
3545 1479 3620 1533 τὰ

2037 1565 2249 1637 μεγάλα
2298 1566 2560 1636 φαίνηται
2605 1563 3001 1636 ψηφιζόμενος,
3032 1565 3101 1635 τῇ
3123 1579 3182 1616 τε
3226 1561 3619 1635 άκτημοσύνῃι

2034 1650 2199 1721 λέγω,
2255 1651 2497 1715 καὶτοῖς
2540 1649 2635 1703 τοῦ
2694 1648 2995 1721 μαρτυρίου
3033 1647 3317 1712 κινδύνοις.
3357 1648 3468 1700 Καὶ
3508 1648 3620 1718 γάρ

2033 1734 2111 1803 τῷ
2158 1733 2399 1806 πλουσίῳ
2440 1733 2628 1803 φησὶν,
2688 1733 2824 1804 ὅπερ
2855 1730 3025 1804 ἔφθην
3077 1729 3265 1797 εἰπὼν,
3310 1731 3381 1784 Εἰ
3421 1729 3621 1796 θέλεις

2038 1817 2270 1885 τέλειος
2337 1813 2525 1881 εἶναι,
2584 1816 2878 1884 πώλησόν
2936 1832 3053 1870 σου
3114 1817 3187 1869 τὰ
3235 1813 3616 1884 ὑπάρχοντα,

2033 1901 2132 1957 καὶ
2170 1901 2276 1968 δὸς
2301 1900 2582 1971 πτωχοῖς,
2616 1900 2716 1954 καὶ
2760 1899 2940 1969 δεῦρο
2967 1899 3289 1955 ἀκολούθει
3328 1915 3467 1966 μοι’
3521 1899 3619 1953 καὶ

2032 1987 2145 2048 τοῖς
2179 1985 2451 2056 μαθηταῖς
2493 1983 2624 2056 περὶ
2659 1984 2963 2056 μαρτυρίου
2997 1982 3376 2054 διαλεγόμενος
3406 1982 3615 2051 ἔλεγεν,

2039 2071 2138 2135 Ὃς
2177 2067 2255 2121 ἂν
2285 2067 2562 2134 ἀπολέσῃ
2597 2067 2712 2135 τὴν
2742 2065 2957 2136 ψυχὴν
2989 2066 3175 2122 αὐτοῦ
3202 2064 3413 2120 ἕνεκεν
3443 2064 3617 2135 ἐμοῦ,

2031 2148 2278 2218 εὑρήσει
2314 2148 2537 2215 αὐτήν’
2566 2148 2683 2215 καὶ,
2738 2150 2847 2215 Ὃς
2882 2149 2992 2203 ἐὰν
3016 2146 3367 2219 ὁμολογήσῃ
3402 2165 3483 2218 με
3508 2148 3615 2216 51¢-

2033 2235 2301 2303 προσθεν
2328 2231 2448 2287 τῶν
2472 2231 2821 2302 ἀνθρώπων,
2853 2231 3212 2303 ὁμολογήσω
3239 2231 3403 2302 κάγὼ
3428 2230 3619 2286 αὐτὸν

2032 2316 2374 2387 ἔμπροσθεν
2395 2316 2502 2371 τοῦ
2532 2316 2760 2383 Πατρός
2787 2332 2908 2386 μου
2930 2315 3038 2370 τοῦ
3067 2316 3134 2371 ἐν
3158 2314 3285 2382 τοῖς
3311 2313 3611 2383 οὐρανοῖς.

2032 2400 2142 2457 Καὶ
2178 2398 2288 2471 γάρ
2338 2398 2508 2462 πολὺς
2554 2400 2583 2452 ό
2636 2397 2730 2451 τοῦ
2777 2396 3200 2470 κατορθώματος
3230 2397 3423 2452 τούτου
3454 2397 3614 2460 πόνος

2033 2482 2131 2537 καὶ
2163 2480 2334 2555 αὑτὴν
2370 2481 2556 2551 σχεδὸν
2589 2479 2938 2552 ὑπερϐαίνων
2969 2481 3069 2550 τὴν
3103 2479 3298 2549 φύσινο
3331 2480 3428 2534 καὶ
3456 2479 3618 2533 τοῦτο

2036 2564 2213 2621 ἴσασιν
2256 2566 2308 2618 οἱ
2347 2563 2777 2631 καταξιωθέντες
2817 2563 2926 2617 τῶν
2961 2564 3241 2633 στεφάνων
3276 2561 3482 2617 τούτων
3515 2579 3615 2616 κα-

2031 2646 2140 2713 λῶς
2166 2663 2180 2677 ·
2212 2647 2372 2717 λόγος
2400 2646 2508 2720 γὰρ
2538 2646 2714 2711 οὐδεὶς
2746 2647 2877 2701 αὐτὸ
2906 2647 3258 2719 παραστῆσαι
3287 2647 3614 2720 δυνήσεται·

2032 2732 2175 2787 οὕτω
2200 2733 2451 2801 γενναίας
2472 2732 2533 2786 τὸ
2554 2732 2788 2803 πρᾶγμά
2807 2732 2925 2786 ἐστι
2955 2732 3155 2804 ψυχῆς,
3180 2732 3275 2784 καὶ
3307 2731 3430 2802 μεθ’
3446 2732 3623 2803 ὑπερ-

2034 2816 2198 2887 ϐολῆς
2223 2816 2559 2887 θαυμαστόν.

2103 2935 2164 2983 ε’.
2201 2929 2341 2983 Ἀλλ’
2353 2930 2504 3000 ὅμως
2517 2929 2577 2983 τὸ
2589 2927 2902 3000 θαυμαστὸν
2915 2927 3070 2983 τοῦτο
3091 2926 3244 2982 οὐδὲν
3260 2927 3401 2998 μέγα
3414 2927 3621 3001 ἔφησεν

2032 3013 2260 3083 ὠφελεῖν
2293 3013 2515 3083 ἀγάπης
2544 3013 2712 3084 χωρὶς
2745 3014 2773 3067 ό
2807 3010 3038 3075 Παῦλος,
3085 3009 3188 3064 κᾶν
3231 3010 3330 3081 τὴν
3370 3011 3621 3081 ἀκτημο-

2035 3097 2200 3167 σύνην
2249 3094 2684 3166 συνεζευγμένην
2734 3094 2853 3166 ἔχῃ.
2898 3094 3052 3158 Τίνος
3083 3089 3176 3147 οὖν
3211 3093 3397 3147 ἕνεκεν
3440 3093 3621 3161 οὕτως

2033 3177 2259 3249 εἴρηκε;
2317 3177 2487 3232 Τοῦτο
2543 3177 2642 3249 ήδη
2693 3174 2862 3243 δεῖξαι
2917 3178 3283 3247 πειράσομαι,
3347 3177 3622 3249 πρότερον

2035 3263 2210 3315 ἐκεῖνο
2235 3260 2496 3332 ζητήσας,
2524 3260 2643 3323 πῶς
2667 3262 2696 3314 ὁ
2718 3259 2786 3313 τὰ
2813 3261 3126 3330 ὑπάρχοντα
3144 3259 3412 3330 ψωμίζων
3436 3260 3622 3314 πάντα

2032 3344 2252 3397 δύναται
2287 3344 2361 3415 μὴ
2394 3343 2539 3414 ἔχειν
2569 3342 2812 3412 ἀγάπην.
2849 3343 2952 3395 Τὸν
2982 3343 3081 3413 μὲν
3103 3342 3214 3415 γὰρ
3237 3343 3457 3413 ἕτοιμον
3482 3344 3622 3399 ὄντα

2033 3428 2234 3500 καῆναι
2279 3427 2376 3482 καὶ
2412 3428 2483 3481 τὰ
2509 3427 2821 3500 χαρίσματα
2853 3426 3047 3499 ἔχοντα
3077 3430 3313 3499 ἐγχωρεῖ
3356 3428 3488 3492 ίσως
3519 3432 3623 3483 καὶ

2036 3513 2111 3584 μὴ
2161 3513 2483 3583 ἀγαπῆσαι·
2537 3515 2567 3567 ό
2609 3513 2666 3567 δὲ
2703 3511 2777 3583 μὴ
2820 3513 2981 3581 μόνον
3013 3513 3135 3576 δοὺς
3166 3513 3234 3567 τὰ
3273 3513 3617 3585 ὑπάρχοντα,

2033 3595 2172 3651 ἀλλὰ
2209 3597 2304 3652 καὶ
2335 3596 2622 3667 ψωμίζων,
2658 3596 2774 3659 πῶς
2818 3597 2919 3651 οὐκ
2970 3598 3196 3669 ἀγαπᾷς
3233 3598 3297 3652 Τί
3330 3594 3424 3654 οὖν
3462 3599 3618 3653 ἐστιν

2034 3685 2245 3747 εἰπεῖν;
2278 3682 2349 3735 Ἢ
2381 3682 2463 3735 ὅτι
2508 3681 2571 3736 τὸ
2602 3681 2703 3735 οὑκ
2739 3680 2799 3734 ὃν
2839 3681 2913 3746 ὡς
2944 3680 3021 3734 δν.
3046 3682 3297 3748 ὑπέθετο,
3338 3683 3476 3754 ὅπερ
3526 3684 3620 3738 ἀεὶ

2035 3766 2180 3834 φιλεῖ
2225 3767 2416 3828 ποιεῖν,
2453 3764 2583 3819 ὅταν
2611 3762 2918 3833 ὑπερϐολὴν
2957 3765 3308 3836 παραστῆσαι
3350 3765 3614 3839 βουληθῇ·

2033 3851 2109 3913 ὡς
2140 3850 2267 3903 ὅταν
2293 3847 2561 3909 Γαλάταις
2600 3845 2828 3916 γράφων
2858 3846 3012 3918 λέγῃι
3058 3848 3200 3907 Ἐὰν
3236 3847 3409 3918 ἡμεῖς
3438 3849 3481 3918 ἢ
3510 3849 3617 3919 ἆγ-

2034 3934 2212 4002 γελος
2263 3927 2334 3994 ἐξ
2386 3928 2649 3997 οὐρανοῦ
2697 3928 3140 3998 εὐαγγελίζηται
3184 3932 3328 3999 ὑμῖν
3383 3932 3524 4001 παρ’
3581 3933 3614 3984 ὃ

2035 4014 2417 4083 παρελάϐετε,
2476 4010 2759 4081 ἀνάθεμα,
2792 4012 2968 4067 ἔστω.
3002 4012 3196 4068 Καίτοι
3249 4010 3374 4067 οὔτε
3422 4015 3614 4079 αὐτὸς,

2033 4096 2157 4150 οὔτε
2187 4095 2415 4164 ἄγγελος
2441 4093 2636 4164 ἔμελλε
2671 4094 2829 4148 τοῦτο
2855 4097 3047 4148 ποιεῖν·
3082 4095 3195 4148 ἀλλ’
3222 4096 3308 4149 ἵνα
3332 4095 3486 4170 δείξῃ
3512 4097 3617 4167 τὴν

2035 4177 2340 4251 ὑπερϐολὴν
2375 4177 2471 4231 τοῦ
2506 4178 2851 4248 πράγματος,
2885 4179 2979 4231 καὶ
3005 4177 3067 4230 τὸ
3101 4178 3223 4248 μηδ’
3248 4179 3385 4236 δλως
3412 4180 3614 4249 ἐσόμε-

2033 4277 2123 4314 νον
2159 4261 2390 4315 τέθεικε.
2433 4260 2543 4313 Καὶ
2591 4260 2751 4313 πάλιν
2805 4260 2932 4313 ὅταν
2975 4261 3266 4330 Ῥωμαίοις
3313 4262 3615 4332 ἐπιστέλλῃ

2033 4345 2127 4405 καὶ
2159 4344 2313 4417 λέγῃ,
2345 4343 2493 4397 Οὔτε
2534 4342 2795 4413 ἄγγελοι,
2826 4342 2965 4397 οὔτε
3004 4342 3205 4411 ἀρχαὶ,
3244 4343 3384 4397 οὔτε
3423 4342 3616 4398 δυνά-

2027 4443 2162 4496 μεις
2198 4425 2568 4493 δυνήσονται
2590 4423 2758 4494 ἡμᾶς
2792 4425 3046 4493 χωρίσαι
3083 4425 3203 4480 ἀπὸ
3232 4423 3341 4494 τῆς
3367 4426 3618 4496 ἀγάπης

2032 4511 2138 4567 τοῦ
2168 4510 2317 4564 Θεοῦ
2340 4525 2354 4540 ’
2394 4508 2516 4562 οὑδὲ
2554 4509 2665 4580 γὰρ
2697 4508 2857 4562 τοῦτο
2888 4507 3111 4579 ἔμελλον
3146 4511 3324 4564 ποιεῖν
3359 4511 3613 4579 ἄγγελοι,

2030 4593 2168 4648 ἀλλὰ
2200 4591 2473 4647 κάνταῦθα
2504 4591 2565 4644 τὸ
2610 4592 2686 4662 μὴ
2710 4591 2769 4645 δν
2812 4591 3147 4653 ὑποτίθεται,
3174 4592 3364 4663 ὥσπερ
3392 4589 3488 4647 οὖν
3516 4595 3617 4647 καὶ

2027 4676 2089 4730 τὸ
2113 4676 2241 4745 ἑξῆς
2273 4674 2466 4744 λέγων’
2502 4675 2652 4729 Οὔτε
2690 4678 2888 4743 κτίσις
2917 4675 3108 4744 ἑτέρα.
3140 4676 3401 4744 Καίτοιγε
3442 4678 3617 4749 ἐτέρα

2027 4761 2128 4815 οὑκ
2173 4759 2291 4812 ἔστι
2342 4758 2553 4822 κτίσις·
2588 4761 2770 4813 πᾶσαν
2797 4759 2905 4831 γὰρ
2942 4760 3111 4831 αὐτὴν
3160 4761 3481 4832 περιέλαϐε,
3516 4762 3616 4816 καὶ

2027 4842 2094 4896 τά
2131 4842 2243 4897 ἄνω
2278 4841 2373 4895 καὶ
2411 4841 2480 4894 τὰ
2511 4842 2661 4896 κάτω
2695 4843 2874 4896 πάντα
2904 4842 3093 4898 εἰπών’
3133 4844 3251 4897 ἀλλ’
3289 4844 3441 4915 ὅμως
3470 4846 3615 4899 κᾶν·

2024 4922 2198 4977 ταῦθα
2239 4924 2302 4977 τὸ
2348 4923 2424 4994 μὴ
2454 4923 2514 4977 ὂν
2552 4926 2672 4978 καθ’
2707 4924 2962 4980 ὑπόθεσιν
2989 4926 3223 4998 τίθησιν,
3257 4926 3402 4980 ὥστε
3431 4925 3613 4992 δεῖξαι

2024 5007 2115 5061 τὸν
2144 5006 2261 5077 μεθ’
2289 5006 2595 5077 ὑπερϐολῆς
2624 5007 2790 5061 αὑτοῦ
2833 5008 3028 5064 πόθονο
3069 5009 3115 5063 ὃ·
3136 5010 3202 5082 δὴ
3242 5008 3338 5063 καὶ
3368 5009 3615 5064 ἐνταῦθα

2026 5092 2172 5143 ποιεῖ
2197 5090 2389 5157 λέγων,
2424 5091 2507 5143 ὅτι
2539 5089 2663 5143 Κᾶν
2681 5089 2876 5145 πάντα
2907 5108 2999 5158 τις
3025 5090 3127 5157 δῷ,
3162 5093 3405 5162 ἀγάπην
3426 5090 3505 5145 δὲ
3518 5090 3612 5161 μὴ

2022 5174 2156 5243 ἔχῃ,
2182 5172 2364 5227 οὐδὲν
2394 5172 2726 5242 ὠφελεῖται.
2762 5174 2833 5226 Ἢ
2860 5173 3018 5228 τοῦτο
3045 5170 3139 5229 οὖν
3165 5174 3321 5229 ἐστιν
3345 5176 3551 5238 είπεῖν,
3576 5174 3614 5244 ἢ

2021 5258 2105 5311 ὅτι
2150 5257 2398 5327 βούλεται
2437 5258 2564 5319 τοὺς
2612 5246 2949 5329 παρέχοντας
2993 5259 3088 5313 καὶ
3130 5257 3614 5329 συγκεκολλῆσθαι

2019 5344 2133 5404 τοῖς
2170 5339 2530 5410 λαμϐάνουσι,
2561 5339 2657 5392 καὶ
2688 5340 2764 5412 μὴ
2794 5340 2984 5405 άπλῶς
3010 5340 3213 5399 διδόναι
3233 5339 3611 5411 ἀσυμπαθῶς,

2020 5425 2134 5479 ἀλλ’
2183 5422 2470 5487 ἐλεοῦντας
2525 5423 2618 5478 καὶ
2658 5425 3239 5496 κατακαμπτομένους,
3258 5447 3262 5450 ⁴
3284 5425 3612 5496 ἐπικλωμέο

2020 5525 2144 5571 νους
2184 5508 2279 5561 καὶ
2306 5506 2702 5576 συναλγοῦντας
2723 5511 2837 5572 τοῖς
2858 5510 3151 5580 δεομένοις.
3183 5508 3285 5563 Διὰ
3299 5507 3466 5564 τοῦτο
3491 5507 3615 5579 γὰρ

2019 5592 2114 5645 καὶ
2139 5591 2172 5660 ή
2198 5590 2534 5662 ἐλεημοσύνη
2568 5591 2722 5663 παρὰ
2746 5594 2840 5647 τοῦ
2860 5592 2995 5647 Θεοῦ
3015 5592 3462 5663 νενομοθέτηται.
3489 5591 3613 5647 Καὶ

2018 5674 2127 5744 γὰρ
2172 5672 2404 5743 ἠδύνατο
2462 5676 2586 5737 τοὺς
2631 5676 2867 5746 πένητας
2911 5675 3220 5745 διατρέφειν
3263 5676 3294 5727 ό
3321 5673 3459 5737 Θεὸς
3508 5675 3614 5729 καὶ

2020 5756 2190 5830 χωρὶς
2216 5756 2429 5824 τούτου,
2465 5756 2576 5811 ἀλλ’
2609 5758 2695 5813 ἵνα
2727 5760 2872 5830 ἡμᾶς
2898 5759 2978 5823 εἰς
3012 5756 3109 5826 τὴν
3136 5757 3358 5827 ἀγάπην
3392 5758 3609 5829 συνδή-
