3990 6168
393 334 499 393 269

391 451 616 506 caritate
643 448 762 506 :sic
787 446 968 504 ethoc
995 447 1115 503 loco
1154 454 1261 500 non
1301 441 1638 514 prophetiam
1678 438 1826 510 ponit
1853 447 1973 491 tan-

395 554 530 607 tum,
559 540 655 598 sed
696 555 956 597 summam
1001 539 1160 594 etiam
1189 536 1548 607 prophetiam.
1574 522 1713 588 Cum
1752 530 1976 585 dixisset

395 634 562 699 enim,
591 632 650 688 Si
679 631 898 690 habuero
922 628 1260 700 prophetiam,
1308 624 1582 695 subiunxit
1613 640 1628 679 :
1656 622 1724 676 Et
1750 620 1973 675 noverim

402 727 633 795 mysteria
666 726 835 777 omnia
861 730 909 774 et
939 736 1136 775 omnem
1163 719 1461 783 scientiam;
1490 731 1613 770 cum
1650 711 1892 783 emphasi
1919 720 1976 766 et

400 816 687 870 intentione
720 813 820 866 hoc
841 813 1001 867 etiam
1028 810 1293 864 charisma
1318 822 1544 878 ponens.

467 908 519 959 4.
553 903 746 958 Deinde
770 902 838 957 ad
864 903 1067 971 reliqua
1116 901 1440 956 charismata
1489 896 1851 969 progreditur.
1909 893 1976 948 Et

397 1011 462 1050 ne
516 995 719 1065 singula
771 1008 1096 1049 enumerans
1146 991 1390 1046 videatur
1450 1004 1662 1044 rursum
1717 987 1975 1042 molestus

392 1078 551 1151 esse,
596 1094 825 1140 matrem
870 1094 925 1138 et
973 1084 1174 1138 fontem
1224 1083 1461 1138 omnium
1504 1080 1776 1151 ponit,et
1808 1078 1975 1147 ipsam

392 1194 575 1233 rursus
602 1194 724 1233 cum
777 1176 1110 1249 hyperbole,
1159 1177 1236 1231 sic
1283 1176 1508 1230 dicens:
1543 1172 1609 1228 Et
1657 1173 1702 1226 si
1755 1171 1975 1224 habuero

389 1288 588 1327 omnem
614 1272 790 1339 fidem.
817 1270 997 1341 Neque
1038 1270 1170 1324 satis
1209 1268 1386 1324 habuit
1442 1268 1543 1321 hoc
1589 1266 1826 1330 dixisse,
1881 1261 1975 1317 sed

389 1363 550 1418 etiam
578 1363 709 1418 illud
736 1403 752 1429 ,
796 1362 937 1432 quod
985 1369 1042 1415 ut
1085 1360 1375 1414 maximum
1424 1358 1666 1413 Christus
1713 1355 1879 1419 dixit,
1923 1354 1974 1408 id

389 1455 557 1510 etiam
618 1454 815 1523 adjecit
850 1471 864 1507 :
902 1452 983 1507 Ita
1009 1463 1061 1506 ut
1087 1461 1278 1506 montes
1324 1454 1663 1521 transferam,
1715 1448 1978 1501 caritatem

391 1555 563 1600 autem
587 1562 688 1600 non
718 1545 939 1599 habuero
960 1586 976 1609 ,
1014 1543 1142 1599 nihil
1162 1560 1296 1598 sum.
1323 1540 1607 1611 Perpende
1630 1548 1807 1595 autem
1838 1554 1976 1607 quo-

393 1637 557 1691 modo
589 1637 673 1690 hic
700 1650 887 1691 rursus
917 1636 1218 1705 linguarum
1247 1632 1558 1704 dignitatem
1584 1630 1821 1702 deiiciat.
1847 1629 1978 1683 Pro-

394 1728 589 1798 phetia:
611 1743 843 1799 namque
864 1728 1089 1782 multum
1117 1726 1354 1783 ostendit
1379 1726 1583 1780 lucrum
1606 1765 1621 1790 ,
1664 1721 1805 1792 quod
1840 1722 1975 1775 sciat

300 1888 303 1895 η
394 1820 650 1891 mysteria
675 1829 729 1875 et
777 1835 992 1875 omnem
1032 1819 1228 1875 habeat
1269 1818 1581 1881 scientiam;
1633 1814 1754 1870 ﬁdei
1799 1822 1974 1868 autem

393 1927 529 1980 opus
556 1927 663 1966 non
691 1926 913 1981 parvum
939 1953 955 1975 ,
986 1912 1125 1982 quod
1156 1919 1370 1966 montes
1412 1908 1694 1964 transferat
1722 1924 1735 1960 :
1763 1906 1831 1961 de
1870 1906 1974 1959 lin-

388 2002 509 2072 guis
537 2016 663 2056 vero
703 2002 876 2072 ipsum
907 2004 1079 2058 solum
1123 2002 1391 2058 charisma
1432 2001 1702 2064 indicans,
1750 1998 1971 2053 recedit.

389 2093 469 2149 Tu
514 2093 645 2149 mihi
691 2094 819 2148 illud
862 2090 1075 2165 quoque
1120 2094 1423 2158 considera,
1472 2090 1740 2163 quomodo
1788 2092 1972 2160 paucis

387 2186 567 2243 omnia
604 2188 919 2257 complexus
948 2187 1017 2242 sit
1046 2187 1393 2252 charismata,
1428 2185 1760 2256 prophetiam
1785 2183 1972 2238 dicens

385 2289 441 2334 et
469 2277 628 2334 ﬁdem
659 2296 674 2333 :
703 2289 794 2334 aut
834 2281 979 2335 enim
1024 2280 1075 2335 in
1119 2280 1297 2335 verbis
1336 2280 1508 2334 autin
1538 2279 1793 2349 operibus
1820 2278 1971 2347 signa

385 2379 528 2425 sunt.
558 2370 663 2427 Sed
695 2372 965 2442 quomodo
1007 2371 1252 2427 Christus
1304 2371 1477 2437 dixit,
1525 2370 1802 2425 minimam
1850 2383 1974 2424 esse

386 2462 508 2516 ﬁdei
540 2470 766 2532 partem,
794 2477 951 2534 posse
977 2472 1215 2519 montem
1244 2463 1534 2518 transferre
1558 2461 1581 2514 ?
1610 2475 1733 2515 nam
1768 2469 1829 2515 ut
1872 2461 1971 2514 mi-

385 2555 591 2610 nimum
617 2555 927 2628 signiﬁcans
948 2597 963 2621 ,
1009 2556 1080 2610 ita
1112 2557 1289 2625 posuit
1332 2555 1517 2609 dicens
1546 2571 1559 2606 :
1594 2551 1655 2609 Si
1699 2551 1972 2606 habueritis

383 2647 535 2717 [idem
567 2649 696 2704 sicut
724 2666 942 2721 granum
968 2649 1183 2720 sinapis,
1209 2649 1384 2701 dicetis
1414 2648 1532 2701 huic
1558 2648 1733 2710 monti,
1764 2645 1969 2712 Transi,

385 2748 430 2793 et
455 2740 688 2794 transibit
724 2740 743 2811 (
773 2740 963 2794 Matth.
992 2740 1083 2805 l7,
1110 2738 1177 2793 l9
1202 2748 1216 2807 )
1249 2756 1262 2790 :
1295 2739 1490 2792 Paulus
1516 2752 1643 2791 vero
1664 2736 1792 2792 dicit
1833 2736 1970 2791 hanc

382 2846 597 2886 omnem
625 2831 785 2885 fidem
806 2829 968 2885 esse?
993 2828 1129 2898 Quid
1171 2844 1300 2900 ergo
1340 2828 1666 2883 dicendum?
1701 2827 1967 2894 Quoniam

382 2937 632 2994 magnum
663 2923 793 2977 illud
820 2935 936 2977 erat
958 2964 972 2988 ,
1003 2931 1242 2977 montem
1292 2920 1584 2976 transferre
1607 2961 1623 2983 ,
1669 2918 1790 2974 ideo
1834 2917 1965 2972 illud

384 3013 738 3077 memoravit;
772 3027 879 3068 non
903 3011 1054 3083 quasi
1087 3012 1188 3066 hoc
1215 3010 1326 3065 sola
1355 3018 1537 3081 posset
1559 3019 1667 3064 tota
1696 3008 1851 3074 ﬁdes,
1871 3007 1968 3062 sed

381 3103 503 3172 quia
534 3103 636 3158 hoc
664 3118 916 3173 magnum
941 3101 1292 3157 crassioribus
1318 3100 1594 3157 videbatur
1617 3114 1740 3155 esse
1761 3099 1833 3155 ob
1853 3112 1971 3153 mo-

383 3195 488 3250 lem
514 3197 776 3266 corporis,
810 3196 932 3251 hinc
959 3210 1172 3266 quoque
1202 3182 1313 3249 rem
1363 3195 1689 3264 propositam
1737 3191 1968 3263 ampliﬁ-

382 3298 487 3345 cat.
516 3288 631 3345 lloc
660 3300 836 3344 autem
862 3289 974 3343 vult
1004 3287 1306 3359 signiﬁcare
1335 3305 1349 3342 :
1380 3288 1436 3344 Si
1478 3287 1719 3342 habuero
1746 3300 1967 3343 omnem

386 3382 570 3445 ﬁdem,
595 3393 650 3435 et
677 3384 721 3438 si
744 3383 940 3450 possim
972 3391 1188 3437 montes
1219 3380 1531 3445 transferre,
1564 3379 1846 3435 caritatem
1871 3394 1969 3434 au-

386 3482 497 3528 tem
528 3489 637 3528 non
661 3475 910 3541 habuero,
941 3474 1074 3529 nihil
1101 3490 1241 3530 sum.
1274 3475 1328 3529 5.
1362 3473 1431 3527 Et
1471 3474 1517 3528 si
1560 3474 1861 3528 distribuere
1913 3474 1969 3527 in

385 3566 528 3620 cibos
555 3583 831 3637 pauperum
859 3584 1025 3623 omnes
1050 3569 1320 3638 facultates
1347 3583 1514 3634 meas,
1552 3577 1597 3621 et
1640 3568 1685 3621 si
1712 3567 1968 3621 tradidero

383 3673 576 3728 corpus
613 3674 779 3711 meum
811 3660 878 3712 ita
900 3670 954 3713 ut
975 3661 1184 3714 ardeam
1208 3701 1222 3724 ,
1261 3659 1521 3712 caritatem
1549 3667 1714 3712 autem
1743 3675 1844 3712 non
1870 3660 1967 3713 ha-

383 3752 538 3806 buero
564 3792 580 3818 ,
610 3751 743 3805 nihil
764 3752 884 3807 mihi
919 3753 1141 3822 prodest.
1193 3752 1373 3821 Papa),
1400 3760 1595 3821 quanta
1639 3751 1965 3824 hyperbole!

384 3844 599 3900 Etenim
633 3844 748 3901 haec
775 3847 1059 3915 ponitcum
1083 3845 1191 3899 alio
1227 3845 1616 3899 additamento.
1663 3845 1779 3900 Non
1824 3846 1968 3899 enim

384 3937 564 3993 dixit:
610 3938 671 3994 Si
709 3938 908 3994 dedero
960 3938 1281 4008 pauperibus
1332 3937 1605 3993 dimidiam
1660 3937 1967 3993 facultatum

383 4044 625 4084 mearum
667 4038 910 4099 partem,
946 4040 1035 4083 aut
1060 4028 1194 4083 duas
1221 4030 1303 4082 vel
1352 4038 1460 4083 tres
1504 4037 1717 4098 partes;
1763 4029 1882 4095 sed,
1907 4029 1971 4085 Si

386 4138 557 4175 omnes
583 4121 853 4190 facultates
878 4138 1031 4176 meas.
1058 4121 1240 4191 Neque
1265 4121 1429 4185 dixit,
1460 4120 1687 4189 Dedere,
1717 4122 1831 4185 sed,
1861 4121 1970 4176 Dis-

387 4213 608 4268 tribuero
632 4215 686 4268 in
706 4215 884 4279 cibos;
921 4215 989 4269 ita
1021 4223 1079 4268 ut
1102 4229 1221 4268 cum
1256 4215 1494 4283 impensa
1526 4214 1684 4268 etiam
1726 4215 1968 4270 ministe-

385 4307 524 4362 rium
556 4316 612 4363 et
639 4322 861 4377 operam
888 4308 1122 4377 adjiciat,
1146 4323 1267 4363 cum
1303 4306 1643 4362 accuratione
1686 4307 1854 4362 omni.
1901 4305 1969 4383 Et

387 4401 433 4454 si
451 4399 638 4454 dedero
667 4417 850 4468 corpus
875 4417 1068 4467 meum,
1099 4401 1169 4454 ita
1193 4411 1247 4454 ut
1274 4401 1502 4453 ardeam.
1539 4400 1651 4455 Non
1693 4399 1864 4465 dixit,
1911 4399 1968 4455 Si

391 4491 641 4558 moriar;
692 4493 787 4548 sed
840 4492 943 4549 hoc
980 4496 1138 4548 etiam
1183 4508 1305 4547 eum
1355 4491 1644 4564 hyperbole
1688 4491 1968 4546 :omnium

390 4581 532 4636 enim
559 4584 871 4653 gravissima
899 4594 1070 4638 morte
1097 4585 1270 4654 posita
1299 4625 1313 4648 ,
1354 4599 1544 4652 nempe
1590 4583 1771 4637 vivum
1818 4599 1967 4639 com-

390 4671 506 4727 buri
533 4713 548 4738 ,
580 4687 697 4727 eam
737 4675 896 4728 etiam
942 4675 1059 4730 sine
1105 4676 1327 4730 caritate
1373 4675 1505 4730 nihil
1548 4690 1800 4745 magnum
1851 4689 1969 4730 esse

390 4763 550 4819 dixit.
584 4765 871 4835 Subjuuxit
901 4768 1100 4838 itaque,
1130 4766 1279 4822 Nihil
1306 4767 1428 4820 mihi
1447 4768 1666 4836 prodest.
1697 4766 1802 4823 Sed
1834 4783 1969 4821 non-

389 4853 517 4911 dum
547 4863 712 4912 totam
743 4858 1073 4931 hyperbolen
1099 4857 1308 4913 ostendi
1335 4898 1349 4922 ,
1379 4857 1550 4913 donec
1579 4857 1776 4913 Christi
1821 4860 1968 4913 testi-

389 4950 569 5005 monia
621 4952 763 5007 circa
814 4951 1212 5024 eleemosynam
1257 4960 1312 5004 et
1353 4959 1580 5005 mortem
1628 4953 1682 5006 in
1732 4953 1965 5007 medium

388 5041 686 5098 adduxero.
739 5043 994 5112 Quaenam
1060 5058 1188 5113 ergo
1233 5052 1361 5097 sunt
1407 5042 1755 5097 testimonia?
1805 5045 1966 5099 Diviti

389 5133 544 5199 dixit,
580 5135 641 5190 Si
680 5135 752 5189 vis
790 5140 1042 5206 perfectus
1075 5151 1212 5202 esse,
1243 5134 1397 5189 vende
1422 5134 1593 5188 omnia
1621 5151 1736 5205 qua:
1781 5136 1930 5191 habes
1950 5177 1967 5202 ,

388 5235 434 5279 et
468 5226 537 5281 da
572 5227 880 5297 pauperibus
898 5269 914 5294 ,
950 5236 998 5281 et
1035 5228 1147 5282 veni
1164 5243 1368 5297 sequere
1385 5244 1465 5281 me
1493 5226 1704 5298 (Matth.
1728 5227 1812 5292 19,
1840 5228 1967 5298 2|);

386 5317 533 5373 etde
559 5320 786 5374 caritate
811 5333 937 5389 erga
966 5319 1261 5388 proximum
1278 5319 1548 5376 disserens
1568 5320 1644 5375 ait
1674 5337 1689 5375 :
1719 5319 1971 5387 Maiorem

390 5411 484 5464 hac
503 5411 769 5465 raritatem
790 5426 937 5464 nemo
965 5410 1110 5465 habet
1132 5450 1147 5475 ,
1175 5422 1232 5465 ut
1265 5413 1375 5482 quis
1400 5420 1555 5481 ponat
1581 5413 1803 5466 animam
1822 5429 1969 5466 suam

387 5520 479 5572 pro
500 5503 682 5559 amicis
703 5503 811 5557 suis
837 5503 855 5572 (
878 5501 1034 5556 Joan.
1069 5503 1155 5562 15,
1183 5504 1251 5558 15
1273 5505 1312 5573 ).
1343 5504 1493 5560 Unde
1521 5505 1693 5574 palam
1708 5505 1968 5561 estetiam

387 5593 525 5665 apud
581 5595 752 5649 Deum
799 5591 905 5648 hoc
951 5593 1189 5648 omnium
1235 5594 1523 5649 maximum
1571 5610 1710 5651 esse.
1760 5599 1828 5651 At
1870 5612 1970 5666 ego

385 5684 523 5751 dico,
559 5685 737 5755 tuquit
767 5683 990 5746 Paulus,
1019 5684 1227 5740 etiamsi
1256 5700 1355 5755 pro
1382 5685 1491 5741 Deo
1519 5701 1774 5756 ponamus
1800 5687 1967 5751 illam,

385 5791 558 5850 neque
583 5780 764 5834 solum
791 5791 1074 5847 ponamus.
1105 5775 1200 5832 scd
1226 5776 1294 5831 ita
1325 5786 1378 5832 ut
1405 5777 1779 5835 comburantur
1827 5778 1969 5851 (hoc

1342 310 1419 383 tu
1457 322 1670 385 EPIST.
1710 322 1731 378 ι
1793 322 1884 379 so
1920 319 2078 378 con.
2123 321 2355 377 uoutL.
2396 321 2615 379 xxxu.

3559 333 3668 390 270

2082 438 2225 492 enim
2253 439 2355 494 sibi
2378 438 2507 504 vult,
2540 439 2691 506 illud,
2721 439 2785 497 Si
2815 441 3075 497 tradidero
3097 459 3284 514 corpus
3312 447 3589 513 meum,ita
3609 459 3667 503 ut

2080 529 2328 613 ardeam)
2352 571 2368 598 ,
2401 547 2507 586 non
2546 549 2793 604 magnum
2820 535 2923 590 erit
2946 533 3155 590 lucrum
3180 536 3334 592 nobis
3357 577 3375 605 ,
3402 538 3448 592 si
3488 539 3671 608 proxi-

2081 637 2227 676 mum
2250 639 2357 678 non
2384 623 2689 694 diligamus.

2152 715 2473 772 Charismata
2496 734 2584 772 seu
2607 719 2744 772 dona
2765 720 2894 773 nihil
2924 729 3137 786 prosunt
3167 721 3276 776 sine
3300 721 3431 777 bona
3448 724 3570 777 vita.
3591 751 3665 767 --

2080 804 2262 875 Itaque
2283 806 2462 862 dicere
2486 808 2811 864 charismata
2835 824 2939 865 non
2967 810 3192 866 multum
3223 810 3501 881 prodesse,
3526 816 3668 870 cari-

2082 908 2187 955 tate
2217 901 2460 969 absente,
2491 902 2620 957 nihil
2650 905 2844 958 mirum
2875 921 2889 957 :
2921 919 3043 959 nam
3073 904 3126 958 in
3156 905 3262 958 vita
3291 920 3505 975 quoque
3532 906 3669 962 infe-

2079 993 2221 1048 riora
2246 1003 2375 1049 sunt
2398 995 2747 1051 charismata.
2775 996 2920 1051 Multi
2955 1012 3186 1067 namque
3223 998 3313 1068 qui
3343 998 3667 1055 charismata

2080 1085 2407 1150 exhibuere,
2443 1088 2565 1158 quia
2596 1088 2823 1157 improbi
2853 1086 3104 1152 fuerunt,
3141 1103 3327 1157 pinnas
3353 1088 3615 1145 dederunt
3649 1108 3667 1167 ς

2080 1188 2138 1234 ιιι
2165 1179 2237 1234 illi
2265 1180 2353 1250 qui
2384 1180 2434 1234 in
2464 1180 2680 1237 nomine
2707 1181 2824 1250 ejus
2869 1180 3353 1250 prophetaverant,
3400 1182 3669 1243 daemonia

2082 1271 2245 1326 multa
2294 1272 2602 1342 ejcceraut,
2652 1282 2708 1327 et
2759 1273 2986 1328 virtutes
3034 1273 3232 1328 multas
3287 1273 3563 1342 fecerant;
3610 1285 3672 1332 ut

2080 1361 2245 1416 ludas
2273 1362 2515 1431 proditor
2543 1379 2558 1418 :
2588 1363 2678 1418 alii
2705 1372 2883 1417 autem
2909 1362 3096 1418 fideles
3119 1404 3134 1428 ,
3163 1364 3254 1434 qui
3285 1364 3446 1418 vitam
3494 1364 3668 1421 duxe-

2079 1463 2200 1509 rant
2234 1470 2416 1522 puram
2437 1496 2451 1519 ,
2481 1457 2623 1511 nullo
2652 1456 2761 1511 alio
2783 1472 2920 1526 Opus
2950 1455 3189 1512 habuere
3210 1456 3277 1510 ad
3304 1457 3537 1513 salutem
3571 1460 3669 1514 ob-

2081 1546 2370 1601 tinendam.
2392 1547 2542 1616 Quod
2558 1564 2688 1618 ergo
2717 1549 3061 1615 charismata,
3090 1558 3148 1602 ut
3172 1549 3305 1613 dixi,
3338 1550 3425 1604 illa
3454 1560 3667 1620 egeant,

2080 1635 2210 1690 nihil
2242 1637 2437 1691 mirum
2466 1657 2478 1691 ;
2507 1638 2647 1708 quod
2680 1648 2862 1693 autem
2893 1640 3000 1693 vita
3030 1652 3278 1695 accurata
3307 1651 3358 1695 et
3386 1657 3513 1711 pura
3534 1642 3668 1698 nihil

2079 1728 2249 1797 possit
2271 1728 2386 1783 sine
2407 1728 2495 1783 illa
2514 1771 2529 1793 ,
2559 1732 2661 1784 hoc
2687 1741 2836 1786 certe
2860 1746 3105 1801 magnam
3131 1730 3287 1787 ell‘crt
3306 1731 3662 1804 hyperbolen,

2078 1831 2133 1874 et
2164 1820 2384 1874 multam
2410 1821 2550 1890 parit
2571 1821 2941 1876 difﬁcultatem
2969 1839 2983 1885 ;
3014 1838 3136 1877 cum
3167 1825 3400 1877 maxime
3419 1822 3667 1880 Christus

2080 1913 2165 1969 his
2179 1912 2438 1970 ambobus
2460 1929 2644 1985 magna
2665 1914 2961 1970 decernere
2989 1916 3263 1982 videatur;
3286 1930 3477 1986 nempe
3504 1916 3668 1973 facul-

2081 2014 2248 2061 tatum
2297 2006 2658 2070 abdicationi,
2699 2017 2754 2062 et
2792 2008 3046 2077 periculis
3072 2009 3334 2079 martyrii.
3358 2008 3490 2063 Nam
3515 2009 3667 2066 diviti

2078 2099 2172 2165 ait,
2198 2107 2254 2151 ut
2275 2097 2385 2167 jam
2417 2098 2565 2152 disi:
2600 2097 2663 2153 Si
2692 2099 2764 2152 vis
2793 2099 3046 2168 perfectus
3090 2117 3197 2155 esse
3218 2142 3234 2168 ,
3286 2099 3442 2155 vende
3493 2101 3664 2154 omnia

2076 2208 2189 2262 quae
2212 2192 2383 2256 habes,
2405 2202 2453 2246 et
2479 2193 2547 2246 da
2584 2194 2891 2262 pauperibus
2910 2234 2926 2259 ,
2957 2205 3004 2247 et
3047 2197 3175 2266 veni,
3199 2211 3398 2260 sequere
3441 2211 3560 2258 me;
3604 2204 3660 2250 et

2074 2283 2350 2352 discipulis
2380 2283 2447 2338 de
2475 2284 2734 2355 martyrio
2763 2283 3041 2339 disserens
3065 2285 3276 2339 dicebat
3303 2303 3317 2340 :
3353 2285 3456 2353 Qui
3481 2285 3655 2355 perdi-

2075 2374 2206 2428 derit
2230 2374 2456 2427 animam
2480 2391 2626 2428 suam
2652 2384 2857 2445 prapter
2887 2390 2965 2428 me
2983 2416 2996 2441 ,
3026 2374 3242 2429 inveniet
3264 2391 3407 2447 eam;
3437 2385 3529 2439 et,
3560 2374 3664 2440 Qui

2074 2485 2155 2523 me
2180 2468 2437 2536 confessus
2467 2469 2618 2536 fuerit
2647 2484 2821 2522 eorum
2849 2467 3159 2532 hominibus,
3190 2467 3468 2537 conﬁtebor
3491 2476 3659 2540 ει.ηο

2072 2575 2184 2612 eum
2210 2575 2382 2614 coram
2406 2558 2561 2613 Patre
2586 2576 2717 2623 meo,
2746 2561 2831 2629 qui
2858 2568 2931 2613 est
2956 2560 3011 2613 in
3038 2560 3175 2613 ctelis
3202 2558 3417 2630 (Matth.
3452 2558 3667 2629 16,25,

2072 2666 2118 2706 et
2148 2652 2237 2724 10,
2268 2652 2338 2708 52
2367 2652 2408 2723 ).
2459 2651 2595 2707 Nam
2643 2652 2804 2720 hujus
2852 2652 3121 2721 praeclara:
3166 2662 3330 2721 gestae
3378 2653 3455 2707 rei
3507 2650 3661 2711 labor

2073 2759 2300 2815 magnus
2326 2752 2439 2808 est,
2473 2743 2720 2812 utipsam
2748 2742 2861 2797 fere
2889 2752 3107 2810 superat
3133 2750 3375 2796 naturam
3410 2750 3505 2796 :et
3554 2740 3658 2796 hoc

2071 2835 2238 2904 probe
2262 2834 2442 2891 sciunt
2463 2834 2520 2896 ii,
2549 2833 2638 2903 qtti
2672 2832 2816 2887 hisce
2844 2831 3060 2888 coronis
3083 2832 3226 2901 digni
3256 2834 3402 2888 luere
3429 2848 3443 2885 :
3477 2831 3656 2886 nullus

2071 2924 2215 2980 enim
2236 2940 2417 2980 sermo
2433 2923 2486 2978 id
2506 2923 2808 2993 exprimere
2846 2922 3012 2993 possit
3034 2938 3050 2987 ;
3074 2925 3144 2978 ita
3169 2936 3445 2993 generosae
3462 2936 3657 2993 nempe

2071 3018 2262 3072 anima:
2287 3017 2492 3072 facinus
2516 3026 2622 3084 est,
2653 3024 2708 3072 et
2741 3031 2903 3085 supra
2933 3015 3152 3070 modum
3175 3014 3574 3085 admirandum.

2137 3095 2192 3165 ὃ.
2217 3110 2463 3165 Attamen
2484 3108 2610 3164 illud
2627 3107 3000 3164 admirandum
3024 3122 3129 3162 non
3151 3107 3376 3163 multum
3396 3106 3656 3180 prodesse

2069 3202 2186 3257 sine
2209 3204 2434 3257 caritate
2459 3202 2590 3256 dicit
2629 3200 2828 3256 Paulus
2854 3242 2870 3265 ,
2918 3200 3125 3256 etiamsi
3167 3199 3437 3270 depositas
3477 3197 3652 3254 facul-

2071 3302 2207 3348 tates
2235 3294 2393 3349 simul
2430 3293 2641 3363 junctas
2687 3291 2902 3347 habeat.
2955 3292 3062 3346 Cur
3100 3306 3227 3363 ergo
3267 3292 3347 3347 sic
3397 3291 3654 3362 loquutus

2070 3386 2192 3440 est?
2232 3385 2345 3441 Hoc
2370 3385 2480 3454 jam
2512 3383 2798 3440 ostendere
2826 3383 3098 3447 conabor.
3130 3398 3251 3437 cum
3301 3384 3472 3453 primo
3524 3382 3652 3438 illud

2070 3478 2397 3549 quaesierim,
2431 3476 2700 3547 quomodo
2727 3477 2771 3529 is
2791 3477 2883 3545 qui
2913 3476 3189 3530 facultates
3214 3490 3403 3530 omnes
3429 3476 3481 3529 in
3506 3477 3657 3531 cibos

2070 3570 2382 3637 distribuit,
2417 3571 2585 3640 possit
2610 3584 2731 3625 esse
2755 3570 2873 3624 sine
2913 3569 3154 3623 caritate.
3206 3567 3298 3621 ille
3340 3568 3481 3622 enim
3505 3610 3520 3632 ,
3564 3568 3655 3638 qui

2072 3675 2289 3733 paratus
2312 3673 2393 3717 est
2416 3663 2485 3717 ad
2512 3662 2755 3731 corporis
2779 3660 3209 3715 combustioncm
3228 3700 3244 3724 ,
3278 3658 3405 3714 licet
3445 3658 3656 3714 charis-

2073 3765 2211 3810 mata
2247 3740 2456 3820 habeat,
2488 3753 2601 3809 ﬁeri
2623 3755 2849 3809 fortasse
2879 3762 3053 3822 potest
3083 3762 3267 3807 utnon
3293 3751 3475 3821 diligat
3505 3767 3520 3804 :
3560 3752 3655 3807 sed

2073 3849 2162 3903 ille
2189 3850 2280 3917 qui
2309 3863 2416 3902 non
2442 3846 2601 3902 modo
2629 3846 2911 3901 facultates
2931 3845 3057 3911 dat,
3090 3845 3185 3899 scd
3212 3844 3375 3903 etiant
3406 3847 3457 3900 in
3504 3845 3656 3902 cibos

2071 3939 2376 4004 distribuit,
2407 3938 2676 4009 quomodo
2704 3953 2810 3991 non
2855 3936 3066 4006 diligit?
3113 3936 3249 4004 Quid
3301 3952 3430 4009 ergo
3473 3936 3657 3993 dicen-

2070 4035 2241 4088 dum?
2274 4033 2365 4087 Vel
2395 4033 2536 4103 quod
2569 4032 2619 4087 id
2646 4031 2787 4102 quod
2817 4048 2925 4086 non
2956 4041 3072 4086 erat
3096 4047 3203 4109 ,λιιι
3232 4033 3276 4087 si
3307 4041 3489 4100 esset,
3522 4048 3654 4103 sup-

2074 4124 2346 4194 posuerit,
2390 4124 2529 4193 quod
2557 4138 2772 4192 semper
2802 4121 2980 4178 facere
3011 4124 3182 4189 solet,
3226 4137 3346 4176 cum
3396 4125 3658 4195 hyperbo-

2074 4217 2175 4271 lem
2205 4215 2490 4286 quamdam
2525 4214 2635 4268 vult
2662 4213 2940 4283 proferre;
2978 4224 3035 4267 ut
3057 4229 3175 4267 cum
3199 4212 3400 4267 Calatis
3416 4214 3657 4267 scribens

2070 4308 2205 4373 dixit
2237 4325 2250 4362 :
2285 4309 2345 4362 Si
2374 4322 2464 4360 nos
2489 4349 2502 4367 ,
2527 4316 2615 4357 aut
2645 4306 2857 4374 angelus
2885 4305 2948 4357 de
2990 4304 3115 4357 cwla
3162 4302 3464 4372 evangelizet
3515 4300 3653 4356 vobis

2073 4410 2409 4468 praeterquam
2435 4396 2489 4449 id
2516 4396 2652 4466 quod
2680 4396 2946 4462 accepistis
2966 4436 2982 4458 ,
3015 4393 3287 4447 anathema
3316 4392 3379 4446 sit
3409 4392 3426 4462 (
3453 4389 3570 4445 Cal.
3598 4393 3649 4462 1,

2072 4494 2164 4562 8).
2200 4491 2358 4559 Atqui
2411 4504 2583 4558 neque
2632 4490 2786 4558 ipse,
2840 4502 3012 4557 neque
3059 4486 3280 4554 angelus
3320 4485 3372 4540 id
3419 4485 3655 4540 facturus

2071 4592 2226 4647 erat;
2278 4581 2370 4635 sed
2421 4589 2478 4635 ut
2524 4579 2834 4635 ostenderet
2868 4579 2944 4632 rei
2983 4576 3390 4642 excellentiam,
3424 4576 3475 4630 id
3514 4577 3654 4645 qtmd

2076 4687 2365 4742 numquam
2396 4670 2631 4725 l‘uturum
2656 4671 2987 4737 eratposuit.
3024 4667 3092 4722 Et
3126 4682 3336 4721 rursum
3384 4682 3504 4721 cum
3549 4667 3657 4722 Ro-

2074 4765 2247 4819 manis
2269 4764 2454 4819 scribit
2481 4773 2536 4818 et
2564 4763 2728 4828 dicit,
2764 4759 2941 4831 Neque
2966 4761 3167 4831 angeli,
3200 4776 3357 4830 neque
3398 4760 3667 4830 principa-I

2078 4866 2177 4923 tus,
2206 4871 2366 4925 neque
2418 4855 2625 4909 uirtutes
2679 4861 2918 4922 poterunt
2965 4868 3057 4906 nos
3101 4868 3337 4922 separare
3374 4868 3407 4904 a
3447 4851 3655 4905 caritate

2071 4947 2165 5001 Dei
2195 4946 2215 5018 (
2240 4947 2390 5001 Rom.
2422 4945 2483 5008 8,
2508 4945 2614 5015 59)
2645 4961 2658 4997 :
2692 4959 2866 5014 neque
2888 4943 3031 4998 enim
3060 4942 3110 4996 id
3138 4942 3325 4997 facturi
3353 4952 3507 4997 erant
3549 4957 3650 5007 an-

2073 5042 2206 5111 geli;
2240 5040 2335 5096 sed
2361 5038 2450 5094 hic
2477 5037 2638 5092 etiam
2669 5037 2722 5092 id
2748 5038 3032 5107 supponit,
3079 5034 3220 5105 quod
3265 5050 3369 5088 non
3408 5032 3654 5098 exsistit;

2073 5134 2211 5188 sicut
2235 5133 2396 5186 etiam
2429 5130 2477 5184 id
2508 5128 2650 5200 quod
2693 5132 2974 5199 sequitur,
3033 5126 3208 5197 Neque
3253 5134 3486 5178 creatura
3525 5124 3654 5179 alia.

2074 5227 2257 5295 Neque
2303 5225 2407 5278 alia
2435 5230 2683 5278 creatura
2718 5220 2935 5275 :omnia
2970 5219 3112 5273 enim
3144 5217 3258 5286 ipse
3303 5215 3658 5286 comprehen-

2074 5317 2173 5382 dit,
2205 5332 2324 5387 quze
2352 5330 2511 5384 supra
2542 5323 2597 5368 et
2624 5328 2742 5382 quae
2768 5310 2902 5366 inira
2934 5319 3086 5374 sunt,
3116 5325 3237 5363 cum
3262 5309 3442 5364 omnia
3486 5307 3651 5371 dicit;

2074 5410 2167 5465 sed
2226 5408 2315 5464 hic
2369 5408 2531 5463 etiam
2601 5406 2649 5460 id
2720 5404 2859 5474 quod
2911 5419 3015 5457 non
3066 5412 3149 5457 est
3211 5403 3473 5457 exsistere
3521 5415 3651 5469 sup-

2076 5500 2245 5570 ponit,
2281 5510 2336 5553 ut
2366 5496 2616 5554 ostendat
2645 5511 2765 5551 cum
2794 5494 3085 5567 hyperbole
3112 5494 3435 5549 desiderium
3458 5506 3610 5543 suum
3634 5506 3647 5540 :

2077 5593 2128 5648 id
2151 5591 2291 5663 quod
2321 5593 2481 5647 etiam
2515 5589 2599 5644 hic
2629 5589 2753 5643 facit
2785 5588 2987 5650 dicens,
3019 5587 3079 5641 Si
3108 5587 3280 5640 omnia
3307 5582 3420 5653 quis
3440 5579 3651 5640 dederit,

2077 5685 2338 5739 caritatem
2361 5691 2531 5736 autem
2554 5698 2653 5735 non
2678 5680 2939 5742 habuerit,
2973 5676 3100 5731 nihil
3127 5676 3225 5746 ipsi
3275 5670 3495 5741 prodest.
3544 5667 3653 5720 Aut

2078 5779 2176 5833 huc
2210 5777 2366 5846 igitur
2394 5783 2475 5830 est
2503 5773 2823 5837 dicendum,
2858 5780 2947 5825 aut
2974 5768 3114 5838 quod
3148 5764 3271 5818 velit
3298 5775 3390 5819 cos
3412 5756 3501 5826 qui
3532 5772 3655 5812 υνυς
