3990 6168
335 213 342 232 “
398 233 496 290 271

399 375 526 435 gent
547 365 867 437 conjunctae
889 372 945 422 et
967 366 1362 436 eonglutinatos
1390 381 1513 421 esse
1551 364 1938 434 accipientibus
1959 403 1978 431 ,

398 475 501 515 nec
524 461 840 531 simpliciter
862 459 992 513 dare
1017 461 1134 513 sine
1184 460 1290 513 ulla
1329 460 1801 515 commiseratione
1827 499 1843 522 ,
1886 462 1980 515 sed

398 554 738 617 miserentes,
772 549 1030 616 inﬂexos,
1069 549 1269 607 fractos
1296 593 1312 618 ,
1344 560 1400 605 et
1429 567 1549 606 cum
1582 554 1764 622 egenis
1794 553 1979 607 dolen-

398 652 498 698 tes.
526 641 650 696 ideo
677 657 906 711 namque
931 642 1271 712 electnosyna
1304 659 1332 696 a
1378 643 1487 698 Deo
1531 643 1646 713 lege
1691 645 1976 699 constituta

396 741 498 788 est.
529 732 660 786 Nam
685 742 891 803 poterat
926 733 1069 786 Deus
1095 733 1210 788 sine
1235 734 1341 787 ullo
1365 735 1469 789 alio
1499 749 1758 806 pauperes
1787 736 1970 797 alere;

395 824 488 879 sed
519 831 577 878 ut
607 839 705 878 nos
733 825 782 878 in
811 824 1036 880 caritate
1077 827 1431 896 conjungeret
1455 868 1470 893 ,
1517 837 1571 882 et
1611 837 1667 881 ut
1694 843 1816 898 erga
1844 828 1971 886 alios

394 917 624 972 invicem
655 917 1092 982 incenderemur,
1129 919 1271 988 ipsos
1293 920 1455 987 jussit
1479 934 1507 972 a
1537 919 1693 975 nobis
1716 921 1806 973 ali.
1851 919 1976 975 Ideo

391 1007 520 1063 alibi
551 1023 765 1079 quoque
791 1008 922 1064 dicit
956 1027 969 1063 :
1003 1009 1184 1065 Sermo
1227 1011 1386 1066 bonus
1416 1012 1594 1065 melior
1616 1053 1631 1078 ,
1680 1028 1832 1081 quam
1877 1013 1973 1066 do-

392 1113 516 1153 num
547 1115 563 1152 τ
593 1107 667 1165 et,
697 1099 829 1154 Ecce
853 1116 1017 1155 sermo
1041 1117 1199 1170 supra
1229 1102 1418 1156 donum
1449 1103 1605 1156 bonus
1642 1101 1662 1174 (
1680 1101 1843 1156 Eccli.
1883 1102 1971 1174 l8,

389 1192 482 1256 16,
515 1192 640 1262 l7).
668 1192 894 1262 ipseque
917 1191 1012 1259 ait,
1049 1191 1454 1248 Misericordiam
1485 1194 1595 1248 volo
1619 1235 1635 1261 ,
1668 1204 1715 1249 et
1751 1211 1853 1249 non
1889 1211 1974 1247 sa-

386 1282 636 1350 crificium
670 1282 896 1354 (Matth.
930 1284 984 1346 9,
1013 1283 1080 1339 18
1101 1289 1138 1353 ).
1172 1285 1304 1353 Quia
1337 1287 1479 1341 enim
1510 1302 1626 1342 mos
1678 1297 1796 1352 est,
1848 1287 1970 1342 illos

383 1387 569 1429 amare
596 1375 686 1444 qui
711 1375 974 1432 beneﬂcio
1003 1376 1327 1444 afﬁciuntur,
1359 1389 1416 1434 et
1440 1395 1535 1434 eos
1563 1381 1652 1450 qui
1681 1381 1825 1436 bono
1847 1380 1967 1436 affi-

383 1465 599 1520 ciuntur
639 1481 766 1537 erga
815 1466 1084 1524 beneﬁcos
1115 1469 1249 1525 bene
1287 1470 1505 1526 allectos
1558 1486 1680 1528 esse
1704 1513 1719 1537 ,
1777 1472 1966 1528 vincu-

383 1557 493 1612 lum
520 1559 768 1614 amicitise
797 1560 1028 1629 faciens,
1058 1563 1300 1634 hoclege
1347 1566 1620 1634 prmeepit.
1667 1565 1772 1620 Sed
1822 1567 1965 1635 quod

379 1651 640 1718 qttmritttr
683 1659 766 1708 est
791 1689 806 1718 ,
836 1653 1106 1723 quomodo
1133 1694 1146 1716 ,
1175 1654 1395 1709 Christo
1423 1655 1538 1710 luce
1564 1656 1722 1711 ambo
1755 1656 1961 1726 perfec-

381 1743 539 1798 tionis
566 1758 685 1798 esse
711 1745 1053 1812 declaraute,
1099 1748 1184 1802 hic
1224 1747 1314 1801 illa
1353 1748 1470 1803 sine
1504 1750 1730 1806 caritate
1767 1750 1966 1820 imper-

377 1832 514 1888 fecta
543 1850 663 1890 esse
687 1835 846 1891 dicat.
878 1835 994 1891 Non
1041 1839 1136 1909 ipsi
1180 1841 1587 1909 cootradiccns,
1631 1841 1809 1908 absit;
1865 1843 1962 1899 sed

373 1927 662 1982 admodum
685 1943 806 1982 cum
839 1930 928 1985 illo
958 1945 1282 1987 consonans.
1305 1932 1438 1987 Nam
1471 1933 1624 1989 diviti
1663 1951 1770 1990 non
1801 1936 1962 1992 modo

372 2016 527 2083 dixit,
573 2017 741 2074 Vende
765 2021 933 2074 omnia
957 2038 1072 2092 qua:
1097 2022 1250 2077 habes
1289 2035 1335 2076 et
1370 2027 1435 2076 da
1475 2028 1818 2094 pauperibus;
1861 2028 1957 2083 sed
1995 2082 1999 2086 .

378 2108 671 2178 subjunxit,
705 2109 772 2163 Et
802 2111 916 2164 ueni
959 2129 1163 2184 sequere
1215 2129 1310 2167 me.
1344 2114 1420 2169 Ex
1458 2115 1521 2170 iis
1563 2133 1690 2171 vero
1731 2117 1823 2187 qui
1864 2133 1954 2174 se-

371 2207 607 2266 quuntur
633 2200 802 2266 illmn,
830 2201 959 2254 nihil
983 2202 1052 2254 ita
1076 2203 1388 2272 discipulum
1409 2204 1604 2260 Christi
1617 2209 1950 2278 comprobat,

367 2297 425 2341 ut
472 2303 624 2343 amor
669 2291 918 2358 proximi.
980 2289 1045 2346 In
1099 2293 1193 2346 hoc
1233 2295 1375 2348 enim
1419 2307 1719 2367 cognoscent
1749 2316 1950 2366 omnes,

365 2378 558 2448 inquit,
591 2381 729 2449 quod
752 2381 991 2452 discipuli
1041 2383 1138 2436 mei
1185 2384 1341 2450 estis,
1384 2385 1429 2439 si
1472 2387 1698 2458 diligatis
1743 2390 1954 2444 invicem

362 2465 557 2536 (Joan.
591 2468 680 2535 i3,
709 2469 780 2525 55
802 2469 845 2540 ).
879 2470 1094 2527 Etcum
1117 2473 1267 2540 dicit,
1299 2474 1399 2542 Qui
1426 2478 1703 2546 perdiderit
1727 2482 1952 2536 animum

360 2576 506 2614 suam
530 2571 740 2632 propter
766 2579 866 2632 me,
897 2564 1112 2619 inveniet
1139 2582 1295 2631 eam;
1323 2577 1410 2635 et,
1446 2569 1548 2637 Qui
1571 2588 1650 2624 me
1692 2578 1951 2644 confessus

361 2654 516 2723 fuerit
544 2670 718 2710 coram
747 2654 1036 2710 hominibus
1057 2699 1072 2725 ,
1103 2659 1381 2728 conﬁtebor
1407 2670 1456 2714 et
1489 2678 1579 2730 ego
1624 2680 1736 2716 eum
1775 2681 1948 2720 coram

359 2758 506 2813 patre
530 2765 657 2813 meo,
686 2752 772 2822 qui
798 2751 849 2805 in
873 2752 1014 2807 aclis
1040 2763 1114 2807 est
1139 2751 1351 2822 (Matth.
1384 2753 1474 2821 10,
1505 2757 1572 2813 39
1601 2767 1651 2811 et
1680 2757 1808 2834 59.);
1840 2775 1945 2814 non

360 2840 460 2894 hoc
507 2841 655 2908 dicit,
713 2843 857 2914 quod
907 2843 1022 2899 haec
1066 2861 1172 2899 non
1217 2845 1348 2901 fiant
1393 2858 1614 2918 propter
1640 2851 1942 2919 caritatem,

355 2932 450 2985 sed
483 2935 786 2990 mercedem
815 2937 899 2990 bis
929 2936 1200 2993 laboribus
1227 2942 1516 3010 repositam
1547 2941 1767 2999 indicat.
1809 2945 1942 3001 Nam

355 3025 496 3093 quod
527 3041 646 3082 cum
675 3029 934 3099 martyrio
961 3027 1064 3084 hoc
1105 3045 1318 3100 quoque
1352 3034 1624 3101 requirat,
1670 3034 1797 3091 alibi
1840 3036 1942 3092 hoc

355 3117 514 3171 valde
543 3117 921 3185 subindicavit,
950 3121 1028 3175 sic
1051 3120 1236 3175 dicens
1267 3138 1282 3175 :
1310 3121 1529 3177 Calicem
1549 3125 1748 3194 quidem
1777 3142 1941 3180 meum

354 3206 546 3272 bibi-tis,
576 3217 624 3262 et
651 3208 926 3279 baptismo,
959 3228 1057 3280 quo
1105 3228 1198 3282 ego
1245 3213 1474 3284 baptizor
1497 3256 1512 3280 ,
1561 3216 1938 3285 baptizabimiui

353 3298 579 3370 (Matth.
609 3300 699 3370 20,
726 3301 798 3357 25
824 3307 879 3373 );
914 3303 963 3358 id
991 3313 1093 3366 est,
1123 3306 1436 3378 martyrium
1465 3309 1816 3373 sustinebitis,
1840 3325 1938 3380 pro

351 3405 440 3444 me
461 3391 814 3457 occidemini;
843 3394 1020 3448 sedere
1069 3404 1237 3450 autem
1276 3398 1346 3448 ad
1381 3397 1642 3453 dexteram
1686 3400 1765 3454 vel
1806 3402 1934 3455 siui-

351 3491 509 3535 stram
539 3500 700 3538 meam
717 3499 738 3550 ;
768 3502 872 3541 non
903 3487 1046 3557 qttod
1075 3487 1287 3557 quidam
1316 3489 1543 3544 sedeant
1567 3490 1634 3546 ad
1650 3491 1932 3549 dexteram

350 3573 436 3628 vel
461 3574 526 3628 ad
558 3575 830 3632 sinistram
862 3578 999 3647 ejus,
1031 3579 1125 3634 sed
1155 3593 1458 3649 supremam
1499 3581 1684 3637 sedem
1735 3593 1792 3640 et
1835 3584 1935 3642 ho-

345 3681 532 3720 norem
557 3666 775 3734 dicens;
806 3666 906 3724 rion
934 3680 1006 3724 est
1034 3688 1199 3725 meum
1225 3672 1368 3739 dare,
1405 3675 1605 3743 inquit,
1637 3677 1727 3729 sed
1751 3678 1932 3747 quibus

343 3767 579 3826 paratum
613 3769 705 3813 est.
754 3761 954 3817 Deinde
989 3764 1281 3819 ostendens
1319 3766 1510 3834 quibus
1551 3779 1790 3836 paratum
1822 3771 1927 3839 sit,

343 3850 474 3919 ipsis
494 3850 788 3917 advocatis,
810 3851 938 3907 dicit
968 3867 985 3906 :
1014 3853 1112 3918 Qui
1132 3856 1341 3908 voluerit
1359 3857 1411 3908 in
1433 3858 1567 3911 vobis
1588 3876 1693 3913 esse
1708 3863 1925 3930 primus,

340 3945 406 3998 sit
431 3944 656 3997 omnium
680 3955 896 3999 vestrum
925 3947 1150 4000 minister
1177 3947 1195 4016 (
1220 3948 1242 3999 Ι
1252 3949 1354 4001 bid.
1383 3966 1432 4004 υ.
1462 3949 1604 4020 26),
1649 3953 1925 4008 humilita-

340 4045 448 4090 tem
474 4035 781 4105 significans
803 4045 855 4093 et
881 4037 1179 4094 caritatem.
1198 4039 1488 4094 Caritatcm
1511 4055 1640 4095 vero
1661 4057 1923 4099 summam

338 4127 582 4198 requirit.
632 4127 754 4183 Ideo
804 4143 980 4200 neque
1024 4129 1094 4183 ibi
1143 4129 1414 4198 substitit,
1464 4133 1558 4186 sed
1607 4133 1920 4202 subjunxit:

337 4219 486 4275 Sicut
526 4216 694 4274 Filius
716 4219 937 4273 hominis
987 4237 1088 4274 non
1117 4221 1248 4274 venit
1292 4222 1602 4290 ministrari,
1651 4224 1740 4278 sed
1781 4226 1924 4280 mini-

335 4319 502 4366 διν-ατε
521 4353 535 4375 ,
566 4321 614 4365 et
639 4311 764 4367 dare
786 4312 1010 4367 anintam
1028 4330 1176 4366 suam
1199 4314 1593 4383 redemptionem
1633 4333 1726 4386 pro
1752 4319 1924 4373 ntultis

334 4402 511 4474 (Ibid.
563 4418 611 4456 υ.
655 4402 803 4478 28);
849 4405 1144 4461 ostendens
1181 4406 1259 4461 sic
1305 4421 1486 4463 amare
1528 4421 1816 4480 oportere,
1865 4420 1924 4466 ut

333 4497 494 4550 etiam
525 4509 669 4551 mors
696 4495 912 4550 ferenda
940 4498 1013 4552 sit
1041 4512 1140 4567 pro
1164 4497 1373 4553 dilectis
1399 4516 1412 4552 :
1439 4499 1542 4555 hoc
1572 4502 1716 4556 enim
1746 4503 1919 4557 maxi-

335 4602 424 4646 me
449 4595 533 4641 est
559 4586 732 4657 ipsum
759 4587 1004 4657 diligere.
1046 4588 1175 4644 ideo
1217 4589 1377 4642 etiam
1425 4590 1585 4645 Petro
1623 4591 1754 4647 dicit
1799 4606 1814 4642 :
1857 4593 1920 4648 Si

332 4694 478 4736 amas
504 4692 601 4740 me,
629 4693 779 4745 pasce
802 4693 916 4731 oues
941 4695 1078 4734 meus
1106 4677 1307 4748 (Joau.
1340 4681 1428 4735 13.
1455 4680 1575 4752 l9).
1608 4682 1674 4737 Et
1709 4693 1764 4738 ut
1806 4686 1919 4740 dis-

332 4769 467 4823 catis
486 4776 744 4839 quantum
770 4767 842 4822 sit
867 4767 994 4822 illud
1025 4778 1080 4824 et
1103 4784 1260 4839 quam
1294 4771 1552 4840 pra:clare
1574 4783 1806 4842 gestum,
1840 4776 1920 4845 ip-

333 4873 447 4914 sam
493 4858 769 4914 caritatem
811 4857 978 4914 verbo
1023 4857 1432 4928 describamus,
1483 4862 1917 4934 quandoquidem

329 4953 449 5024 ipsa
473 4968 533 5008 re
558 4966 821 5023 nusquam
859 4950 1008 5006 illam
1035 4951 1436 5022 conspicimus;
1483 4962 1540 5010 et
1584 4955 1914 5026 cogitemus,

331 5046 473 5116 quod
499 5046 544 5101 si
569 5045 656 5100 illa
695 5045 896 5116 ubique
935 5043 1274 5101 abundanter
1307 5055 1491 5112 esset,
1539 5055 1738 5116 quanta
1791 5047 1915 5106 hinc

331 5139 470 5194 bona
496 5139 784 5195 orirentur.
827 5136 1012 5210 Neque
1059 5136 1201 5194 enim
1240 5137 1444 5208 legibus
1483 5153 1658 5208 neque
1698 5139 1910 5208 iudiciis

287 5210 465 5322 ’,θβυε
496 5240 677 5322 οβεξρ
711 5246 884 5300 neque
911 5231 1227 5322 suppliciis.
1277 5245 1452 5301 neque
1495 5231 1608 5285 ullo
1647 5232 1754 5287 alio
1810 5233 1914 5289 hu-

302 5318 585 5394 ijusmodi.
615 5318 748 5377 Nam
774 5322 820 5374 si
858 5335 1048 5376 omnes
1094 5320 1382 5390 diligerent
1428 5331 1484 5376 et
1524 5322 1912 5392 diligerentur,

332 5428 490 5472 neruo
515 5411 761 5481 cuiquam
789 5411 1001 5467 fecisset
1030 5411 1312 5482 iniuriam;
1339 5413 1436 5468 sed
1463 5413 1659 5478 caedes,
1689 5429 1910 5484 pugnte,

332 5507 492 5568 bella.
519 5505 832 5571 seditiones,
864 5505 1064 5574 rapina:
1081 5545 1096 5570 ,
1124 5505 1344 5559 avaritia
1366 5544 1382 5570 ,
1409 5506 1693 5577 omniaque
1735 5505 1874 5560 mala
1894 5547 1910 5571 ,

332 5603 515 5668 procul
545 5603 952 5669 abscessissent,
983 5611 1039 5660 et
1065 5601 1131 5658 ad
1169 5617 1364 5659 nomen
1397 5618 1564 5672 usque
1611 5603 1908 5673 ignoratum

339 5693 514 5748 vitium
542 5694 746 5754 fuisset.
769 5697 931 5768 Signa
955 5705 1132 5754 autem
1164 5695 1268 5753 hoc
1293 5709 1396 5752 non
1443 5694 1720 5752 cll'ccerint
1747 5735 1762 5760 ,
1813 5693 1907 5750 sed

1174 233 1230 290 S.
1270 234 1546 293 JOANNlS
1581 231 2056 291 CllRYSOSTOMl
2093 234 2409 294 ARGlllEP.
2447 239 2984 304 CONSTANTINOP.

3567 250 3672 306 273

2093 345 2160 401 ad
2196 361 2385 402 vanam
2411 350 2634 420 gloriam
2659 364 2712 409 et
2743 355 3103 426 arrogantiam
3143 355 3408 413 extoilun:
3444 374 3538 416 eos
3579 364 3670 434 qui

2091 453 2194 494 non
2224 445 2523 498 attendunt.

2159 532 2210 584 6.
2245 532 2442 589 Caritas
2470 537 2532 590 ab
2559 538 2697 591 omni
2725 539 2948 609 pernicie
2974 540 3155 596 libera.
3184 570 3256 584 —-
3278 541 3539 614 Quodque
3566 549 3670 599 mi-

2084 638 2202 677 rum
2229 626 2278 678 in
2311 627 2554 693 caritate,
2578 639 2769 684 cetera
2796 631 3009 700 quidem
3035 631 3169 686 bona
3198 632 3401 689 habent
3419 635 3670 704 adjuncta

2087 715 2252 779 mala;
2288 718 2436 771 verbi
2467 721 2658 789 gratia,
2689 722 2778 790 qui
2810 720 3091 776 facultates
3136 738 3240 777 non
3296 724 3480 791 habet,
3513 742 3575 781 ea
3603 728 3672 782 de

2083 821 2244 860 causa
2274 823 2418 878 smpe
2461 809 2702 876 inﬂatur;
2734 813 2824 881 qui
2854 812 3062 868 dicendi
3109 815 3314 884 peritus
3345 825 3450 882 est,
3483 817 3670 888 gloria:

2081 899 2370 967 cupiditate
2401 901 2636 967 laborat;
2669 903 2884 959 humilis
2909 905 3240 976 propterltoc
3267 907 3318 960 iu
3341 909 3666 966 conscientia

2080 1006 2172 1047 sua
2203 993 2366 1046 altum
2399 995 2538 1063 sapit
2571 1013 2584 1049 :
2614 997 2812 1052 caritas
2862 1009 3039 1054 autem
3083 999 3151 1054 ab
3179 1000 3486 1069 hujusmodi
3517 1004 3665 1058 omni

2079 1087 2316 1155 pernicie
2346 1087 2510 1143 libera
2554 1099 2638 1145 est
2665 1109 2677 1145 :
2708 1107 2832 1146 nam
2861 1102 3048 1148 contra
3088 1093 3344 1149 dilectum
3373 1111 3662 1165 numquam

2076 1177 2195 1246 quis
2219 1179 2522 1234 extollatur.
2547 1180 2657 1236 Nec
2685 1182 2817 1238 mihi
2855 1185 3098 1252 posueris
3134 1200 3296 1240 unum
3334 1185 3423 1255 qui
3451 1185 3655 1255 diligat,

2075 1269 2167 1323 sed
2217 1286 2406 1326 omnes
2435 1274 2704 1340 similiter,
2743 1287 2797 1334 et
2830 1286 2958 1333 tunc
2983 1277 3098 1348 ejus
3124 1278 3376 1335 virtutem
3404 1279 3607 1337 videbis
3636 1297 3651 1333 :

2074 1359 2183 1414 imo
2213 1362 2407 1430 potius,
2437 1367 2482 1418 si
2508 1365 2701 1435 placet,
2737 1368 2912 1436 primo
2943 1384 3106 1424 unum
3133 1370 3388 1426 dilectum
3409 1381 3462 1426 et
3490 1385 3653 1424 unum

2071 1463 2339 1509 amantem
2369 1469 2540 1524 pone;
2568 1467 2836 1516 amantem
2862 1460 3070 1520 scilicet
3095 1471 3152 1516 ut
3176 1479 3273 1534 par
3299 1471 3383 1518 est
3411 1461 3653 1532 diligere.

2072 1546 2204 1600 Nam
2233 1559 2430 1603 terram
2462 1559 2728 1619 tamquam
2761 1551 2949 1606 caelum
3004 1553 3222 1621 iucolct,
3277 1554 3477 1624 ubique
3508 1563 3656 1607 tran-

2071 1638 2330 1706 quillitate
2360 1639 2562 1705 fruens,
2591 1650 2647 1696 et
2669 1641 2978 1699 innumeras
3026 1645 3126 1699 sibi
3157 1655 3375 1699 nectens
3406 1661 3653 1700 coronas.

2069 1731 2167 1797 Qui
2191 1732 2333 1786 enim
2366 1731 2488 1786 talis
2517 1742 2618 1798 est,
2643 1745 2696 1788 et
2718 1734 2912 1792 invidia
2942 1746 2997 1792 et
3024 1737 3098 1790 ira
3129 1747 3184 1792 et
3210 1737 3375 1792 livore
3401 1754 3654 1807 arrogan-

2069 1824 2264 1894 tiaque,
2299 1839 2432 1878 vana
2456 1825 2624 1894 gloria
2655 1833 2709 1880 et
2733 1828 2869 1882 mala
2904 1829 3334 1898 concupiscentia
3356 1871 3370 1894 ,
3403 1831 3653 1900 omnique

2065 1913 2299 1969 absurdo
2327 1930 2510 1970 amore
2535 1925 2696 1987 atque
2722 1918 2908 1974 morbo
2935 1934 3122 1988 puram
3152 1920 3390 1976 servabit
3418 1922 3650 1975 animam

2063 2023 2232 2062 suam.
2256 2007 2714 2073 Quemadmodum
2743 2012 2886 2066 enim
2917 2012 3017 2067 sibi
3051 2013 3150 2082 ipsi
3190 2028 3350 2068 nemo
3380 2014 3648 2082 quidpiam

2063 2098 2186 2152 mali
2233 2098 2504 2164 intulerit,
2537 2101 2608 2155 ita
2651 2117 2827 2171 neque
2870 2103 2958 2158 hic
3012 2104 3290 2172 proximis.
3337 2105 3481 2159 Talis
3523 2121 3648 2159 vero

2061 2208 2183 2247 etun
2210 2193 2301 2260 sit,
2331 2210 2450 2247 cum
2473 2195 2590 2264 ipso
2619 2195 2784 2250 stabit
2804 2195 3077 2263 Gabrielc,
3111 2197 3163 2251 in
3192 2207 3332 2252 terra
3369 2197 3642 2268 gradiens.

2061 2285 2123 2341 Et
2157 2285 2244 2355 qui
2297 2285 2576 2342 caritatem
2618 2288 2830 2357 quidem
2870 2288 3050 2356 habet,
3096 2290 3217 2346 talis
3245 2302 3326 2345 est
3357 2309 3369 2343 :
3403 2292 3490 2360 qui
3522 2307 3644 2345 vero

2057 2376 2208 2447 signa
2238 2376 2383 2443 facit,
2427 2387 2481 2432 et
2511 2377 2800 2448 perlectam
2843 2378 3004 2435 habet
3049 2381 3327 2436 scientiam
3364 2383 3481 2436 sine
3510 2382 3643 2436 carie

2059 2477 2199 2533 tate;
2238 2470 2446 2524 etiamsi
2495 2471 2643 2526 mille
2693 2485 2933 2527 mortuos
2961 2473 3322 2536 suscitaverit,
3355 2475 3485 2528 nihil
3529 2490 3641 2527 uia.

2054 2577 2216 2632 gnum
2244 2561 2558 2626 lucrabitur,
2591 2563 2658 2618 ab
2679 2564 2926 2619 omnibus
2951 2564 3208 2632 abruptus
3225 2576 3413 2621 etcum
3431 2568 3640 2622 nemine

2053 2669 2432 2710 conservorum
2480 2671 2539 2710 se
2591 2657 2924 2711 conuuisceri
2981 2659 3211 2726 patiens.
3247 2659 3369 2714 Ideo
3396 2660 3640 2716 Christus

2053 2744 2302 2815 perfecta:
2335 2745 2387 2800 in
2428 2746 2603 2816 ipsum
2630 2748 2869 2802 caritatis
2896 2749 3107 2818 signum
3141 2750 3276 2804 dixit
3314 2766 3434 2807 esse
3460 2753 3639 2822 proxi-

2050 2851 2198 2892 mum
2245 2837 2490 2907 diligere.
2540 2837 2671 2894 Nam
2702 2847 2812 2895 ait:
2848 2840 2908 2895 Si
2955 2841 3125 2912 diligis
3183 2859 3279 2904 me,
3319 2842 3490 2912 Patre,
3521 2847 3641 2915 plus

2049 2928 2148 2994 his,
2180 2945 2331 3000 pasce
2355 2946 2470 2984 oves
2495 2947 2651 2985 meas.
2683 2931 2926 2986 VidiSIiu’
2951 2949 3057 3003 quo
3084 2943 3240 3003 pacto
3269 2934 3394 2990 hinc
3421 2951 3638 2994 rursum

2046 3021 2481 3088 subindicaverit,
2511 3023 2652 3094 quod
2683 3025 2784 3080 hoc
2809 3025 2878 3079 sit
2896 3025 3068 3096 majus
3098 3029 3396 3098 martyrio?
3424 3029 3638 3085 Etenim

2045 3113 2091 3168 si
2113 3113 2280 3169 lilium
2302 3114 2422 3185 quis
2452 3115 2673 3171 haberet
2702 3116 2977 3184 dilectum,
3013 3128 3068 3173 et
3096 3134 3192 3188 pro
3213 3135 3321 3190 quo
3342 3123 3502 3176 etiam
3520 3123 3642 3177 ani-

2045 3219 2186 3259 mam
2216 3204 2346 3260 dare
2399 3215 2616 3275 paratus
2662 3215 2832 3271 esset;
2882 3207 3076 3264 deinde
3118 3211 3382 3280 quispiam
3425 3221 3636 3282 patrem

2043 3305 2267 3361 amaret,
2297 3297 2410 3352 lilio
2447 3307 2627 3353 autem
2672 3299 2820 3354 nullo
2862 3300 3021 3355 modo
3066 3303 3297 3358 animam
3327 3305 3634 3373 adhiberet,

2041 3397 2246 3459 patrem
2294 3389 2580 3446 admodum
2625 3392 2879 3459 irritaret,
2929 3410 3103 3466 neque
3150 3411 3367 3452 sensum
3414 3409 3638 3470 caperet

2040 3480 2183 3538 illius
2209 3481 2262 3536 in
2281 3497 2341 3537 sc
2361 3483 2582 3548 amoris,
2607 3498 2674 3539 eo
2707 3484 2847 3554 quod
2871 3485 3036 3540 filium
3060 3497 3448 3545 contemneret.
3475 3491 3635 3559 Quod

2038 3573 2082 3628 si
2116 3572 2167 3627 in
2200 3581 2348 3643 patre
2377 3582 2433 3630 et
2460 3574 2568 3630 filio
2598 3575 2699 3632 hoc
2719 3577 3000 3648 contingit,
3029 3579 3195 3634 multo
3232 3581 3402 3652 magis
3433 3583 3486 3636 in
3516 3583 3635 3640 Dco

2037 3675 2087 3720 et
2116 3665 2421 3722 hominibus
2450 3685 2462 3721 :
2491 3669 2760 3724 amantior
2786 3669 2929 3724 enim
2964 3671 3104 3727 Deus
3131 3681 3234 3735 est,
3253 3688 3414 3742 quam
3444 3683 3636 3744 patres

2035 3772 2245 3814 omnes.
2279 3758 2568 3829 Propterea
2591 3775 2711 3814 cum
2743 3759 3004 3815 dixisset:
3041 3759 3272 3816 Primum
3312 3775 3359 3818 et
3383 3782 3634 3836 magnum

2033 3850 2376 3904 mandatum:
2409 3849 2598 3922 Diliges
2644 3849 2919 3905 Dominum
2964 3850 3128 3907 Deum
3179 3862 3362 3922 tuum,
3401 3856 3631 3925 subjun-

2033 3946 2146 3997 xit:
2179 3942 2468 3998 Secundum
2523 3953 2711 4010 autem,
2745 3961 2843 4000 nec
2894 3946 3063 4013 siluit,
3113 3948 3208 4002 sed
3251 3949 3484 4019 adjecit,
3535 3951 3633 4006 Si-

2031 4033 2152 4087 mile
2176 4041 2248 4086 est
2277 4033 2394 4087 huic
2419 4050 2439 4087 .'
2464 4032 2659 4104 Diliges
2711 4037 3003 4105 proximum
3049 4048 3189 4093 tuum
3219 4040 3350 4094 sicut
3404 4043 3630 4112 teipsum

2034 4121 2246 4192 (Matth.
2268 4123 2360 4191 2‘2,
2389 4123 2478 4195 58,
2506 4125 2618 4188 39).
2663 4127 2726 4182 Et
2777 4129 2895 4184 vide
2945 4130 3213 4200 quomodo
3259 4147 3379 4185 cum
3428 4134 3628 4189 eadem

2029 4213 2142 4270 fere
2194 4215 2484 4288 hyperbole
2536 4219 2637 4275 hoc
2680 4219 2874 4291 exigat.
2913 4222 2986 4277 De
3039 4223 3147 4278 Deo
3203 4239 3434 4293 namque
3464 4226 3625 4292 dicit,

2029 4305 2113 4361 Ea:
2151 4317 2254 4361 toto
2302 4309 2454 4365 corde
2476 4319 2596 4374 tuo;
2635 4309 2702 4365 de
2753 4314 2996 4381 proximo
3053 4324 3228 4368 autem
3281 4324 3370 4368 tuo
3401 4357 3415 4378 ,
3466 4315 3629 4371 Sicut

2028 4398 2280 4469 teipsum;
2322 4400 2465 4470 quod
2518 4402 2738 4470 perinde
2790 4411 2874 4458 est
2930 4413 3089 4475 atque
3139 4405 3314 4473 illttd,
3374 4405 3457 4462 Ea:
3510 4419 3627 4462 toto

2024 4491 2176 4546 corde
2210 4500 2317 4546 tuo.
2355 4492 2562 4547 Etenim
2609 4495 2652 4547 si
2701 4505 2952 4551 accurate
2994 4495 3093 4551 hoc
3123 4507 3463 4565 servaretur,
3511 4516 3626 4554 non

2024 4600 2231 4651 servus,
2261 4601 2365 4640 non
2391 4586 2529 4643 liber
2554 4597 2732 4651 esset;
2763 4605 2868 4644 non
2892 4591 3162 4660 princeps,
3195 4606 3300 4645 non
3329 4591 3624 4655 subditus;

2023 4691 2130 4732 non
2171 4677 2340 4744 dives,
2373 4694 2477 4732 non
2527 4694 2762 4750 pauper;
2793 4697 2898 4735 non
2945 4697 3162 4751 parvus,
3196 4699 3301 4737 non
3345 4699 3623 4754 magnus;

2025 4785 2130 4824 non
2173 4768 2419 4825 diabolus
2460 4786 2711 4841 umquam
2755 4773 3003 4842 cognitus
3049 4773 3281 4828 fuisset:
3315 4789 3420 4828 non
3467 4773 3624 4838 dico,

2023 4860 2140 4927 Hic,
2169 4862 2262 4917 sed
2307 4863 2515 4919 etiamsi
2545 4863 2684 4919 alius
2712 4864 2858 4929 talis,
2889 4864 3100 4920 etiamsi
3131 4874 3369 4929 centum,
3401 4866 3626 4920 etiamsi

2023 4953 2285 5009 innumeri
2310 4954 2442 5010 tales
2463 4965 2666 5022 essent,
2686 4955 2819 5010 nihil
2849 4956 3166 5024 potuissent,
3183 4956 3271 5010 illa
3295 4957 3622 5010 exsistentc.

2022 5043 2163 5111 Ignis
2188 5047 2330 5100 enim
2361 5046 2702 5118 injectionem
2749 5047 2924 5116 potius
2956 5046 3154 5102 foenum
3187 5047 3416 5113 tulisset,
3448 5063 3626 5117 quam

2019 5136 2289 5192 ﬂammam
2333 5138 2570 5192 caritatis
2617 5137 2883 5193 diabolus.
2935 5138 3061 5193 Ha-c
3091 5153 3245 5193 muro
3286 5137 3483 5192 fortior
3511 5146 3628 5204 est,

2021 5230 2135 5286 haec
2161 5231 2443 5289 adamante
2466 5233 2698 5298 firmior;
2731 5241 2784 5287 et
2807 5232 2854 5286 si
2881 5247 3041 5301 quam
3074 5231 3232 5287 aliam
3259 5230 3468 5285 dixeris
3501 5229 3627 5284 for-

2021 5325 2212 5379 tiorem
2259 5325 2560 5390 materiam,
2599 5324 2776 5378 omnia
2820 5333 3037 5394 superat
3077 5323 3316 5378 caritatis
3360 5319 3627 5376 ﬁrmitas.

2018 5415 2168 5472 Hanc
2197 5431 2296 5471 nec
2322 5415 2542 5482 divitiae,
2593 5430 2692 5470 nec
2715 5424 3002 5485 paupertas
3033 5414 3232 5478 vincit;
3283 5414 3388 5466 imo
3436 5413 3632 5482 potius

2018 5521 2126 5561 non
2152 5514 2296 5561 esset
2317 5516 2622 5576 paupertas,
2653 5521 2758 5560 non
2791 5505 2948 5559 nimia
3002 5502 3321 5558 divitiarum
3349 5501 3546 5569 cepia,
3582 5502 3632 5557 si

2019 5600 2213 5652 caritas
2242 5605 2420 5663 esset,
2466 5595 2562 5651 sed
2589 5611 2650 5650 ea
2699 5595 2872 5650 solum
2918 5609 3036 5664 qum
3066 5608 3132 5648 ex
3184 5593 3432 5659 utrisque
3491 5604 3629 5648 sunt

2021 5691 2177 5746 bona.
2210 5688 2421 5746 Etenim
2451 5703 2517 5745 ex
2559 5689 2665 5744 illis
2692 5687 2898 5760 copiam
2925 5686 3337 5756 decerpcrcmus
3359 5723 3376 5749 ,
3412 5699 3491 5739 ex
3525 5685 3633 5744 hac
