3990 6168
344 330 450 386 971

342 459 434 514 σῃ.
474 443 574 498 καί
618 443 708 497 ἵνα
747 439 1258 513 διαθερμαινώμεθα
1303 439 1442 510 πρὸς
1471 436 1758 508 ἀλλήλους,
1795 431 1925 514 παρέ

341 513 506 594 ήμῶν
561 526 759 590 αὐτοὺς
811 525 1062 578 ἐκέλευσε
1118 522 1438 594 τρέφεσθαι.
1479 519 1579 573 Διά
1628 518 1786 572 τοῦτο
1834 513 1932 569 καὶ

343 608 584 679 ἀλλαχοῦ
621 626 773 678 φησι·
804 609 1118 676 Κρείσσων
1154 608 1339 675 λόγος
1391 603 1638 673 ἀγαθὸς,
1673 602 1709 667 ἢ
1737 599 1930 664 δόσις·

344 691 462 758 καὶ,
504 691 662 747 Ἰδοὺ
682 693 862 759 λόγος
888 690 1040 756 ὑπὲρ
1064 689 1218 758 δόμα
1239 689 1480 757 ἀγαθός.
1508 685 1622 739 Kal
1649 683 1810 745 αὑτός
1838 697 1936 750 φη-

348 791 456 838 σιν,
495 775 710 829 Ἕλεον
754 772 902 846 [2951
955 772 1130 833 θέλω,
1171 772 1269 825 καὶ
1313 773 1385 824 οὐ
1425 769 1670 824 θυσίαν.
1716 763 1934 846 Ἐπειδη

347 857 460 928 γάρ
493 857 611 919 ἔθος
637 844 846 920 τούς-τε
881 854 1372 926 εύεργετουμένους
1397 851 1592 920 φιλεῖν,
1625 849 1752 912 τούς
1783 866 1841 902 τε
1873 844 1932 902 εὖ

347 939 652 1008 πάσχοντας
684 939 822 1008 πρὸς
854 939 979 1001 τοὺς
1011 935 1433 1006 εὐεργετοῦντας
1467 933 1794 1002 οἰκειότερον
1823 931 1936 983 δια-

347 1022 578 1086 κεῖσθαι,
639 1021 940 1092 σύνδεσμον
997 1019 1182 1088 φιλίας
1228 1018 1424 1082 ποιῶν,
1470 1017 1628 1070 τοῦτο
1686 1012 1937 1084 ἐνομοθέ-

344 1121 525 1173 τησεν.
567 1105 731 1159 Ἀλλά
775 1105 838 1158 τὸ
887 1102 1222 1174 ζητούμενον
1273 1103 1448 1156 ἐκεῖνό
1497 1104 1634 1163 ἐστι,
1667 1098 1808 1163 πῶς,
1837 1096 1935 1150 τοῦ

344 1189 581 1259 Χριστοῦ
617 1189 909 1260 ἀμφότερα
953 1187 1126 1242 ταῦτα
1169 1186 1507 1256 τελειότητος
1534 1179 1675 1237 εἶναι
1722 1185 1936 1252 φήσαν-

343 1289 455 1336 τος,
497 1265 654 1336 οὗτος
681 1274 851 1343 χωρὶς
896 1271 1120 1341 ἀγάπης
1153 1270 1316 1338 ἀτελῆ
1347 1267 1522 1322 ταῦτα
1563 1263 1702 1320 εἷναί
1744 1282 1932 1335 φησιν.

346 1355 458 1407 Οὐκ
501 1354 1003 1425 ἀντιφθεγγόμενος
1050 1352 1221 1424 αὐτῷ,
1275 1352 1350 1424 μὴ
1395 1352 1628 1420 γένοιτο,
1659 1348 1798 1403 ἀλλά
1843 1348 1938 1402 καὶ

348 1437 556 1507 σφόδρα
595 1438 742 1508 αύτῷ
783 1437 1042 1510 συνᾴδων.
1076 1439 1187 1491 Καὶ
1232 1437 1342 1508 γὰρ
1391 1437 1486 1490 ἐπὶ
1541 1434 1633 1487 τοῦ
1677 1433 1936 1487 πλουσίου

347 1521 447 1591 οὑχ
480 1520 669 1585 ἁπλῶς
698 1517 838 1578 εἷπε.
873 1521 1166 1589 Πώλησόν
1190 1535 1310 1576 σου
1338 1519 1411 1574 τὰ
1436 1517 1811 1586 ὑπάρχοντα,
1839 1515 1937 1568 καί

349 1603 456 1670 δὸς
493 1603 774 1671 πτωχοῖς,
796 1604 909 1657 ἀλλ’
941 1606 1212 1676 ἐπήγαγε,
1253 1603 1366 1657 Καὶ
1400 1602 1577 1670 δεῦρο
1618 1601 1939 1655 ἀκολούθει

350 1705 472 1756 μοι.
515 1687 581 1740 Ἢ
607 1687 664 1739 δέ
693 1686 1049 1756 ἀκολούθησις
1080 1685 1246 1740 αὑτοῦ
1276 1685 1464 1740 οὐδένα
1503 1683 1648 1737 οὓτω
1692 1682 1940 1754 μαθητὴν

355 1770 709 1823 ἀποδείκνυσι
741 1769 835 1823 τοῦ
874 1770 1135 1841 Χριστοῦ,
1171 1770 1247 1836 ὡς
1290 1769 1352 1823 τὸ
1388 1769 1650 1841 ἀλλήλους
1697 1769 1938 1839 ἀγαπᾷν.

369 1855 474 1908 Ἐν·
502 1856 612 1923 γὰρ
637 1856 827 1918 τούτῳ
856 1853 1191 1924 γνώσονται
1217 1853 1459 1918 πάντες.
1497 1854 1681 1924 φησὶν,
1719 1852 1807 1905 ὅτι
1829 1869 1943 1920 μα·

358 1940 534 2005 θηται
548 1941 670 2008 μού
692 1939 852 2001 ἐστε,
882 1939 993 1992 ἐὰν
1023 1937 1292 2009 ἀγαπᾶτε
1320 1937 1650 2006 ἀλλήλους.
1675 1937 1786 1990 Kal
1811 1937 1940 1990 ὅταν

354 2023 412 2076 δὲ
442 2022 597 2092 λέγῃ,
627 2025 733 2088 Ὃς
766 2021 844 2076 ἂν
876 2022 1158 2090 ἀπολέσῃ
1190 2022 1306 2090 τὴν
1340 2021 1558 2090 ψυχὴν
1587 2019 1773 2074 αὑτοῦ
1814 2021 1940 2074 ἔνε-

355 2123 458 2160 κεν
481 2107 650 2176 ἐμοῦ,
678 2105 924 2175 εὑρήσει
956 2107 1173 2173 αὐτήν·
1213 2107 1324 2173 καὶ,
1359 2109 1463 2171 Ὃς
1487 2106 1564 2159 ἂν
1585 2105 1939 2174 ὁμολογήσῃ

350 2208 424 2260 με
455 2190 798 2259 ἔμπροσθεν
833 2189 955 2244 τῶν
985 2187 1330 2255 ἀνθρώπων,
1375 2189 1732 2258 ὁμολογήσω
1777 2188 1941 2257 κάγὼ

355 2273 542 2328 αὐτὸν
571 2274 914 2344 ἔμπροσθεν
934 2272 1042 2326 τοῦ
1061 2272 1294 2340 Πατρός
1314 2289 1435 2341 μου
1463 2271 1571 2327 τοῦ
1592 2272 1662 2326 ἐν
1689 2271 1814 2338 τοῖς
1841 2273 1942 2326 οὐ·

349 2357 564 2428 ρανοῖς
587 2375 600 2388 ·
623 2358 684 2411 ού
710 2357 867 2411 τοῦτό
897 2373 1082 2427 φησιν,
1102 2357 1186 2410 δτι
1215 2357 1273 2409 οὑ
1313 2355 1381 2410 δι’
1407 2355 1651 2426 ἀγάπην,
1685 2355 1821 2410 ἀλλά
1849 2356 1942 2410 τὸν

360 2443 548 2515 μισθὸν
590 2442 684 2496 τὸν
722 2442 1090 2512 ἀποκείμενον
1142 2443 1255 2504 τοῖς
1293 2441 1476 2504 πόνοις
1521 2439 1733 2506 τούτοις
1769 2441 1938 2510 δηλοῖ·

357 2526 477 2578 ἐπεὶ
509 2525 592 2579 ὅτι
625 2525 763 2595 μετά
794 2523 886 2578 τοῦ
921 2522 1227 2594 μαρτυρίου
1259 2521 1538 2576 καὶτοῦτο
1576 2523 1750 2592 ζητεῖ,
1779 2523 1942 2577 ἀλλαο

359 2608 453 2679 χοῦ
485 2609 692 2680 σφόδρα
715 2607 847 2660 αὑτὸ
871 2607 1113 2679 ᾐνίξατο,
1144 2605 1316 2670 οὕτως
1345 2605 1534 2660 εἰπών·
1571 2607 1640 2662 Τὸ
1676 2607 1794 2676 μὲν
1833 2624 1944 2660 πο·

359 2689 563 2760 τήριόν
587 2708 710 2760 μου
744 2692 975 2753 πίεσθε,
1015 2689 1114 2744 καὶ
1155 2689 1222 2743 τό
1253 2689 1592 2758 βάπτισμα.
1621 2689 1652 2744 ὃ
1689 2690 1803 2761 ἐγὼ
1827 2691 1944 2754 ,ϐαι

359 2774 648 2844 πτίζυμαι,
679 2774 1203 2841 βαπτισθήσεσθε·
1235 2773 1500 2836 τουτέστι,
1525 2776 1943 2846 Μαρτυρήσετε,

361 2858 706 2929 σφαγήσεσθε
744 2858 884 2928 ὑπὲρ
925 2857 1085 2927 ἐμοῦ·
1121 2857 1190 2911 τὸ
1233 2857 1302 2910 δὲ
1327 2858 1571 2912 καθίσαι
1617 2857 1685 2911 ἐκ
1730 2857 1948 2922 δεξιῶν

360 2941 458 2996 καὶ
495 2942 565 3006 ἐξ
595 2941 938 3008 εὐωνύμων,
967 2941 1066 3010 οὐχ
1099 2939 1173 3001 ὥς
1199 2957 1362 2993 τινων
1391 2939 1724 3010 καθημένων
1768 2943 1834 2995 ἐκ
1859 2941 1948 2996 δε·-

361 3023 489 3091 ξιῶν
536 3025 632 3079 καὶ
681 3023 739 3089 ἐξ
792 3023 1110 3093 εὐωνύμων,
1143 3022 1278 3076 ἀλλά
1323 3026 1423 3094 τὴν
1463 3024 1728 3078 ἀνωτάτω
1772 3024 1948 3094 λέγων

363 3106 654 3178 προεδρίαν
704 3122 766 3159 τε
820 3105 916 3158 καὶ
943 3105 1130 3177 τιμήν,
1157 3109 1269 3160 οὐκ
1315 3107 1487 3161 ἔστιν
1529 3106 1678 3176 ἐμόν
1711 3107 1946 3172 δοῦναι,

364 3189 550 3262 φησὶν,
603 3189 741 3244 ἀλλ’
780 3184 873 3256 οἷς
923 3189 1300 3258 ἡτοίμασται.
1357 3185 1490 3243 Elea
1545 3191 1762 3254 δεικνὺς
1807 3191 1950 3245 τίσιν

364 3273 714 3343 ἡτοίμασται,
758 3271 995 3336 καλέσας
1043 3273 1261 3338 αὑτοὺς,
1304 3273 1487 3344 φησίν·
1529 3276 1633 3340 Ὃς
1663 3273 1776 3328 ἐὰν
1800 3273 1948 3343 θέλῃ

365 3356 435 3410 ἐν
457 3355 600 3426 ὑμῖν
624 3351 778 3410 εἶναι
812 3354 1062 3424 πρῶτος,
1086 3357 1242 3411 ἔστω
1270 3356 1513 3412 πάντων
1550 3355 1719 3426 ὑμῶν
1750 3357 1950 3412 διάκο-

367 3454 506 3505 νος·
529 3438 1027 3509 ταπεινοφροσύνην
1069 3437 1245 3509 δηλῶν
1281 3439 1376 3493 καὶ
1413 3438 1658 3510 ἀγάπην.
1700 3440 1950 3506 Ἀγάπην

375 3526 434 3578 δὲ
487 3520 878 3592 ἐπιτεταμένην
923 3520 1163 3576 ἀπαιτεῖ.
1200 3522 1297 3575 Διὰ
1337 3520 1403 3591 δὴ
1435 3514 1594 3576 τοῦτο
1633 3522 1754 3576 οὐδὲ
1789 3522 1949 3594 μέχρι

367 3600 561 3653 τούτου
619 3601 768 3674 ἔστη,
811 3604 925 3658 ἀλλ’
963 3604 1266 3674 ἐπήγαγεν·
1310 3604 1538 3672 Ὠσπερ
1591 3607 1626 3658 ό
1673 3608 1806 3671 ΥΙύς
1843 3605 1950 3658 τοῦ

367 3682 687 3748 ἀνθρώπου
729 3687 837 3740 οὐκ
866 3684 1018 3757 ἦλθε
1052 3686 1509 3756 διακονηθῆναι,
1553 3690 1714 3742 ἀλλὰ
1753 3689 1950 3742 διακο·

364 3765 556 3832 νῆσαι
588 3766 687 3821 καί
721 3768 929 3823 δοῦναι
960 3768 1076 3836 τήν
1102 3770 1318 3840 ψυχὴν
1344 3771 1532 3825 αὐτοῦ
1567 3773 1791 3838 λύτρον
1817 3773 1951 3826 ἀντὶ

364 3846 637 3903 πολλῶν·
672 3850 885 3915 δεικνὺς
916 3852 997 3905 ὅτι
1029 3850 1174 3906 οὕτω
1200 3853 1278 3905 δεῖ
1303 3853 1502 3921 φιλεῖν,
1542 3852 1617 3916 ὡς
1654 3856 1747 3907 καὶ
1781 3855 1950 3922 σφάτο

365 3933 550 3987 τεσθαι
594 3934 736 4006 ὑπὲρ
777 3934 887 3988 τῶν
918 3934 1297 4004 ἀγαπωμένων
1321 3953 1332 3966 ·
1373 3936 1531 3989 τοῦτο
1573 3935 1681 4007 γάρ
1714 3937 1950 4007 μάλιστα

365 4017 528 4070 αὐτόν
557 4019 674 4070 ἐστι
703 4017 894 4086 φιλεῖν.
937 4018 1030 4071 Διὸ
1064 4018 1161 4071 καὶ
1197 4018 1274 4087 τῷ
1305 4020 1492 4090 Πέτρῳ
1533 4022 1717 4090 φησὶν,
1753 4023 1824 4076 El
1857 4039 1950 4090 φι·

364 4099 493 4166 λεῒς
511 4117 609 4170 με,
633 4101 908 4170 ποίμαινε
939 4101 1009 4156 τὰ
1036 4102 1298 4170 πρόϐατά
1319 4120 1458 4171 μου.
1491 4104 1599 4156 Καὶ
1622 4105 1706 4158 ἵνα
1739 4105 1948 4176 μάθητε

366 4183 488 4238 ὅσον
545 4185 664 4237 ἐστὶ
712 4183 772 4236 τδ
807 4185 1156 4256 κατόρθωμα,
1214 4186 1623 4256 ὑπογράψωμεν
1661 4190 1830 4260 αὑτήν
1873 4188 1949 4259 τῷ

365 4267 529 4339 λόγῳ,
561 4268 750 4339 ἐπειδὴ
783 4271 896 4332 τοῖς
926 4269 1249 4339 πράγμασιν
1277 4269 1448 4340 αὐτὴν
1475 4270 1573 4339 οὑχ
1598 4271 1812 4341 ὁρῶμέν
1845 4289 1946 4324 που

368 4352 726 4424 φαινομένην,
764 4355 859 4407 καὶ
900 4355 1265 4424 ἐννοήσωμεν,
1305 4353 1380 4415 ὡς
1422 4355 1470 4406 εἰ
1503 4355 1774 4423 πανταχοῦ
1812 4355 1950 4424 μετά

367 4437 646 4507 δαψιλείας
699 4433 768 4508 ἦν
809 4437 970 4508 αὓτη,
1012 4437 1152 4490 πόσα
1187 4437 1252 4490 ἂν
1305 4438 1524 4504 ἐγένετο
1567 4439 1767 4506 ἀγαθά.
1814 4439 1949 4492 Ούτε

369 4526 480 4590 γάρ
507 4521 689 4591 νόμων
722 4519 846 4573 οὑτε
886 4521 1255 4592 δικαστηρίων
1292 4520 1422 4583 ἔδει,
1457 4521 1516 4572 ού
1553 4521 1851 4584 κολάσεων,
1887 4523 1948 4575 οὑ

368 4604 668 4674 τιμωριῶν,
700 4604 800 4657 οὑκ
832 4603 993 4659 ἄλλου
1030 4603 1140 4656 τῶν
1172 4603 1428 4657 τοιούτων
1470 4605 1703 4668 οὐδενός.
1737 4605 1797 4656 EE
1843 4604 1950 4676 γάρ

368 4687 610 4750 ἅπαντες
631 4688 861 4756 ἠγάπων
891 4687 987 4742 καὶ
1013 4688 1328 4757 ήγαπῶντο,
1353 4689 1505 4741 οὐδὲν
1526 4687 1592 4741 άν
1628 4701 1654 4728 ι
1693 4688 1950 4758 ἠδίκησεν

368 4770 569 4835 οὐδεὶς,
605 4770 744 4824 ἀλλά
783 4771 876 4825 καὶ
920 4770 1075 4838 φόνοι
1107 4771 1202 4823 καὶ
1250 4771 1421 4839 μάχαι
1466 4771 1561 4824 καὶ
1595 4771 1820 4841 πόλεμοι
1856 4771 1951 4824 καὶ

372 4853 590 4916 στάσεις
646 4854 742 4907 καὶ
790 4853 1035 4923 ἁρπαγαὶ
1073 4853 1168 4906 καὶ
1207 4851 1510 4916 πλεονεξίαι
1550 4855 1644 4907 καὶ
1678 4854 1859 4907 πάντα
1884 4854 1951 4909 ἂν

371 4935 615 4988 ἐκποδὼν
645 4937 886 5004 ἐγεγόνει
907 4935 979 4989 τὰ
999 4934 1233 5006 πονηρά,
1263 4935 1356 4987 καὶ
1385 4934 1574 5006 μέχρις
1594 4937 1854 5006 ὀνόματος
1884 4938 1953 4990 ἂν

370 5017 612 5089 ἠγνοήθη
655 5021 688 5089 ή
717 5020 907 5072 κακία.
941 5019 1025 5072 Ta
1055 5019 1237 5089 μέντοι
1283 5019 1484 5086 σημεῖα
1530 5018 1626 5070 οὐκ
1677 5019 1744 5071 ἂν
1791 5019 1950 5073 τοῦτο

369 5101 685 5170 εἰργάσατο,
716 5101 854 5155 ἀλλά
879 5101 974 5155 καὶ
1004 5104 1082 5164 είς
1110 5101 1414 5167 κενοδοξίαν
1445 5099 1661 5170 ἐπαίρει
1708 5102 1833 5164 τοὺς
1874 5101 1949 5172 μὴ

369 5186 745 5256 προσέχοντας
771 5186 866 5238 καὶ
895 5185 1172 5243 ἀπόνοιαν,

441 5276 514 5334 ς’.
550 5271 662 5323 Kal
703 5270 766 5322 τὸ
796 5269 861 5340 δὴ
891 5269 1203 5338 θαυμαστὸν
1229 5268 1327 5339 τῆς
1370 5267 1610 5336 ἀγάπης,
1642 5266 1723 5319 ὅτι
1752 5265 1820 5320 τὰ
1854 5266 1950 5337 μὲν

373 5352 505 5406 ἀλλα
553 5354 738 5423 ἀγαθά
783 5352 896 5422 ἔχει
946 5350 1367 5420 παρεζευγμένα
1419 5349 1490 5402 τὰ
1529 5348 1712 5401 κακά·
1767 5344 1877 5402 οἷον
1923 5351 1952 5404 ό

373 5436 638 5506 ἀκτήμων
667 5437 908 5504 φυσάται
935 5434 1194 5495 πολλάκις
1220 5433 1306 5486 διὰ
1328 5432 1507 5496 τοῦτο,
1543 5433 1570 5483 ὁ
1598 5431 1777 5498 λέγειν
1799 5431 1953 5493 εἰδὼς

373 5520 465 5571 καὶ
491 5518 644 5593 [294]
681 5517 1007 5586 δοξομανίαν
1049 5519 1214 5579 νοσεῖ,
1253 5517 1281 5567 ό
1307 5516 1685 5585 ταπεινόφρων
1725 5514 1790 5567 δι’
1821 5515 1954 5567 αὐτὸ

373 5602 528 5654 τοῦτο
575 5601 840 5663 πολλάκις
877 5600 1016 5652 κατά
1043 5599 1104 5650 τὸ
1141 5597 1378 5659 συνειδὸς
1409 5597 1550 5667 μέγα
1591 5600 1796 5666 φρονεῖ·
1833 5598 1865 5666 ἡ
1895 5597 1952 5648 δὲ

375 5685 559 5756 ἀγάπη
588 5687 774 5754 πάσης
800 5682 899 5752 τῆς
931 5683 1183 5750 τοιαύτης
1216 5679 1557 5749 ἀπήλλακται
1583 5681 1778 5750 λύμης·
1813 5679 1952 5733 κατά

437 5853 462 5882 ι
487 5841 647 5896 Vetus
667 5847 925 5901 mtcrpres
947 5837 1072 5899 legit
1095 5837 1262 5885 οὐδένα
1286 5834 1510 5896 ἅν.,ει1ἰιὶ
1534 5835 1664 5885 οὐδὲν
1688 5836 1744 5883 ἄν

1387 321 1450 377 ΙΝ
1493 319 1710 377 EPIST.
1751 319 1772 374 Ι
1807 317 1898 372 AD
1927 312 2086 374 COR.
2114 311 2351 369 "0M"...
2392 308 2609 367 XXXII.

3502 310 3610 364 272

2035 427 2145 498 γάρ
2173 423 2268 479 τοῦ
2298 423 2666 494 ἀγαπωμένου
2696 421 2797 476 οὑκ
2825 422 2890 478 ἄν
2911 439 2992 484 τις
3017 419 3283 491 ἐπαρθείη
3319 419 3470 474 ποτέ.
3503 423 3612 476 Kal

2039 515 2111 581 μή
2140 527 2230 580 μοι
2266 508 2363 578 θῇς
2391 508 2488 560 ἕνα
2525 505 2844 574 ἀγαπῶντα,
2884 504 3020 559 ἀλλά
3041 503 3249 567 πάντας
3274 503 3497 574 ὁμοίως,
3519 503 3609 558 καὶ

2034 592 2156 646 τότε
2201 591 2371 659 αὐτῆς
2419 589 2540 658 ὕψει
2574 589 2674 660 τήν
2706 589 2939 659 ἀρετήν·
2986 587 3186 657 μᾶλλον
3216 585 3293 648 δὲ,
3333 588 3382 639 εί
3411 585 3610 656 βούλει,

2036 674 2253 744 πρῶτον
2286 674 2382 726 Eva
2411 671 2774 742 ἀγαπώμενον
2807 672 2901 726 καὶ
2932 671 3028 724 ἕνα
3059 669 3312 739 φιλοῦντα
3342 669 3500 734 τίθει,
3525 689 3614 738 φι-

2034 758 2230 810 λοῦντα
2266 757 2472 827 μέντοι,
2516 756 2592 820 ώς
2624 756 2798 824 φιλεῖν
2827 756 2995 820 ἀξιον.
3035 753 3147 824 Τὴν
3176 753 3285 824 γάρ
3311 753 3413 822 γῆν
3442 752 3614 817 οὕτως

2034 841 2110 901 ὡς
2128 843 2216 894 τὸν
2239 841 2466 906 οὐρανὸν
2487 842 2718 911 οἰκήσει,
2738 838 3013 909 πανταχοῦ
3041 839 3281 910 γαλήνης
3303 837 3616 904 ἀπολαύων,

2037 923 2132 976 καὶ
2157 923 2386 993 μυρίους
2417 922 2594 994 ἐαυτῷ
2617 923 2832 976 πλέκων
2868 921 3184 990 στεφάνους.
3231 922 3287 974 Ὀ
3311 921 3420 991 γάρ
3441 919 3620 973 τοιοῦ-

2035 1021 2125 1068 τος
2152 1008 2246 1058 καὶ
2268 1006 2464 1073 φθόνου
2485 1005 2580 1059 καὶ
2613 1005 2783 1076 ὀργῆς
2804 1005 2898 1058 καὶ
2919 1004 3215 1073 βασκανίας
3241 1005 3335 1057 καὶ
3359 1004 3620 1066 ἀπονοίας

2037 1089 2134 1141 καὶ
2163 1089 2468 1154 κενοδοξίας
2513 1088 2608 1143 καὶ
2651 1090 2892 1158 πονηρᾶς
2935 1087 3232 1159 ἐπιθυμίας
3282 1088 3378 1141 καὶ
3417 1087 3619 1149 παντὸς

2039 1172 2241 1245 ἔρωτος
2272 1173 2478 1226 ἀτόπου
2514 1173 2609 1226 καὶ
2643 1172 2839 1235 παντὸς
2868 1174 3175 1242 νοσήματος
3210 1171 3621 1241 καθαρεύουσαν

2037 1256 2355 1326 διατηρήσει
2396 1255 2495 1327 τὴν
2547 1255 2738 1308 ἑαυτοῦ
2789 1256 2987 1325 ψυχήν.
3026 1254 3239 1324 ’Ὠσπερ
3273 1253 3382 1324 γὰρ
3428 1253 3624 1306 ἐαυτὸν

2038 1341 2139 1394 οὐκ
2165 1339 2232 1394 ἄν
2261 1357 2343 1404 τις
2377 1339 2674 1410 ἐργάσαιτό
2694 1357 2746 1392 τι
2769 1339 2958 1400 κακὸν,
2981 1335 3152 1400 οὕτως
3178 1337 3297 1390 οὑδέ
3327 1338 3454 1398 τοὺς
3480 1335 3620 1404 πλη-

2042 1424 2155 1476 σίον
2185 1416 2360 1488 οὗτος.
2391 1423 2644 1486 Τοιοῦτος
2667 1422 2723 1476 δὲ
2746 1422 2843 1483 ὢν,
2877 1422 2993 1492 μετ’
3023 1421 3188 1475 αὐτοῦ
3239 1422 3496 1489 στήσεται
3525 1415 3619 1471 τοῦ

2040 1505 2283 1578 Γαϐριὴλ
2323 1507 2415 1560 ἐπὶ
2452 1505 2552 1575 τῆς
2595 1507 2698 1576 γῆς
2746 1505 2997 1576 βαδίζων.
3046 1505 3156 1559 Kal
3205 1507 3233 1557 ό
3269 1503 3368 1574 μὲν
3397 1500 3621 1572 ἀγάπην

2041 1587 2180 1658 ἔχων
2221 1587 2490 1652 τοιοῦτος·
2526 1590 2554 1641 ὀ
2588 1587 2644 1641 δὲ
2680 1591 2880 1658 σημεῖα
2911 1588 3100 1655 ποιῶν,
3132 1587 3227 1640 καὶ
3254 1587 3455 1655 γνῶσιν
3482 1585 3623 1656 ἔχων

2042 1672 2479 1743 ἀπηρτισμένην,
2509 1671 2715 1741 ταύτης
2752 1673 2900 1733 ἀνευ,
2932 1670 3033 1725 κᾶν
3065 1671 3290 1741 μυρίους
3319 1669 3506 1742 ἐγείρῃ
3533 1685 3620 1721 νε-

2042 1755 2233 1823 κροὺς,
2261 1755 2414 1809 οὐδὲν
2445 1755 2586 1824 μέγα
2609 1754 2814 1827 ὀνήσει,
2837 1755 3053 1808 πάντων
3081 1753 3497 1826 ἀπερρηγμένος
3531 1750 3626 1804 καὶ

2043 1837 2220 1890 οὐδενὶ
2255 1837 2366 1891 τῶν
2393 1837 2694 1892 συνδούλων
2731 1837 3092 1908 ἀναμιγνύναι
3126 1837 3318 1891 ἐαυτὸν
3362 1835 3625 1904 ἀνεχόμε-

2043 1937 2154 1982 νος.
2191 1921 2290 1972 Διά
2311 1919 2376 1991 δή
2399 1920 2558 1973 τοῦτο
2589 1920 2686 1974 καὶ
2706 1922 2736 1974 ό
2761 1921 2998 1991 Χριστὸς
3024 1921 3122 1991 τῆς
3161 1921 3240 1983 είς
3277 1919 3439 1972 αὑτὸν
3467 1919 3627 1988 ἀκρι-

2044 2001 2174 2067 ϐοῦς
2215 2004 2440 2073 ἀγάπης
2478 2006 2706 2074 σημεῖον
2741 2003 2944 2074 ἔφησεν
2985 1999 3146 2065 εἶναι,
3181 2003 3243 2056 τὸ
3275 2003 3366 2056 τὸν
3402 2002 3628 2072 πλησίον

2045 2086 2242 2153 φιλεῖν.
2280 2088 2347 2140 El
2393 2086 2503 2158 γάρ
2532 2089 2730 2156 φιλεῖς
2757 2104 2856 2156 με,
2885 2087 3071 2158 φησὶν,
3094 2083 3141 2142 ὦ
3168 2086 3370 2155 Πέτρε,
3401 2087 3628 2139 τούτων

2043 2167 2258 2234 πλέον,
2290 2170 2572 2238 ποίμαινε
2611 2172 2682 2224 τὰ
2727 2170 2995 2237 πρόϐατά
3028 2188 3170 2240 μου.
3205 2166 3359 2232 Εῐδες
3383 2170 3502 2232 πῶς
3533 2172 3628 2224 καὶ

2043 2251 2294 2306 ἐντεῦθεν
2321 2252 2482 2306 πάλιν
2512 2252 2750 2323 ᾐνίξατο,
2774 2254 2857 2307 ὃτι
2897 2253 3195 2325 μαρτυρίου
3231 2252 3415 2323 μεῖζον
3435 2250 3592 2305 τοῦτο
3611 2292 3626 2314 ,

2043 2336 2154 2388 Kal
2190 2337 2298 2407 γάρ
2345 2339 2393 2390 εί
2441 2337 2608 2391 παῖδά
2636 2355 2719 2401 τις
2760 2333 2906 2408 εἶχεν
2938 2337 3241 2408 ἀγαπητὸν,
3275 2338 3369 2390 καὶ
3400 2335 3540 2406 ὑπὲρ
3565 2327 3626 2389 οὗ

2045 2421 2140 2471 καὶ
2164 2419 2265 2490 τὴν
2291 2420 2469 2491 ψυχὴν
2501 2421 2566 2475 ἂν
2595 2421 2890 2484 ἐπέδωκεν,
2915 2417 3035 2474 εἶτά
3059 2438 3138 2484 τις
3167 2421 3256 2474 τὸν
3287 2420 3386 2492 μὲν
3417 2419 3630 2489 πατέρα

2045 2500 2241 2569 ἐφίλει,
2281 2501 2358 2572 τῷ
2388 2501 2445 2555 δὲ
2480 2503 2631 2556 παιδὶ
2665 2503 2787 2574 μηδ’
2819 2503 2956 2566 ὅλως
3002 2505 3278 2574 προσεῖχε,
3325 2503 3529 2574 σφόδρα
3562 2501 3628 2556 ἂν

2047 2586 2333 2656 παρώξυνε
2367 2586 2459 2638 τὸν
2487 2586 2720 2656 πατέρα,
2751 2588 2844 2639 καὶ
2864 2586 2964 2639 οὐκ
2986 2585 3052 2639 ἂν
3073 2585 3269 2657 ᾔσθετο
3295 2586 3394 2654 τῆς
3423 2585 3630 2647 οἰκείας

2047 2668 2271 2738 ἀγάπης
2298 2669 2388 2722 διὰ
2419 2668 2519 2740 τὴν
2547 2669 2642 2722 τοῦ
2672 2669 2858 2733 παιδὸς
2881 2668 3207 2740 ὑπεροψίαν.
3236 2669 3298 2721 Εἰ
3324 2669 3380 2721 δέ
3403 2669 3496 2721 ἐπὶ
3524 2684 3631 2721 πα-

2047 2751 2176 2822 τρὸς
2214 2752 2310 2805 καὶ⁵
2340 2753 2529 2814 παιδὸς
2557 2752 2716 2806 τοῦτο
2752 2752 3060 2823 συμϐαίνει,
3091 2751 3273 2821 πολλῷ
3307 2751 3505 2821 μᾶλλον
3536 2752 3630 2804 ἐπὶ

2048 2834 2184 2888 Θεοῦ
2208 2836 2304 2888 καὶ
2339 2834 2437 2888 ἀνθ
2447 2833 2662 2905 ρώπων·
2693 2837 2788 2889 καὶ
2814 2835 2924 2905 γὰρ
2951 2835 3204 2902 πατέρων
3234 2834 3488 2886 ἀπάντων
3515 2833 3626 2886 ἐστὶ

2051 2918 2436 2989 φιλοστοργότε
2447 2935 2536 2988 ρος
2559 2920 2587 2971 ό
2612 2917 2764 2980 Θεός.
2795 2919 2894 2970 Διά
2918 2917 2982 2988 δὴ
3011 2915 3170 2969 τοῦτο
3208 2914 3398 2977 εἰπὼν,
3427 2914 3624 2981 Πρώτη

2049 3000 2149 3054 καί
2173 3000 2407 3070 μεγάλη
2439 3000 2680 3068 ἐντολὴ,
2721 2998 3074 3070 Ἀγαπήσεις
3100 3000 3321 3066 Κύριον
3347 2997 3454 3050 τὸν
3484 2999 3632 3050 Θεόν

2050 3099 2190 3147 σου,
2224 3087 2500 3156 ἐπήγαγε,
2528 3083 2785 3153 Δευτέρα
2820 3082 2908 3149 δὲ,
2944 3083 3036 3136 καὶ
3063 3082 3163 3136 ούκ
3191 3081 3466 3154 ἐσίγησεν,
3493 3078 3632 3134 ἀλλά

2051 3167 2418 3240 προσέθηκεν,
2464 3168 2668 3237 Ὁμοία
2703 3165 2914 3234 αὐτῆς,
2958 3165 3310 3236 Ἀγαπήσεις
3338 3163 3442 3217 τόν
3476 3165 3630 3230 πλη-

2049 3251 2192 3304 σίον
2221 3268 2338 3305 σου
2377 3252 2457 3318 ὡς
2485 3251 2722 3306 ἑαυτόν.
2753 3249 2865 3303 Kal
2890 3250 2990 3320 ὅρα
3021 3248 3138 3310 πῶς
3169 3248 3306 3318 μετά
3327 3247 3426 3317 τῆς
3452 3246 3625 3315 αὐτῆς

2051 3333 2234 3402 σχεδὸν
2271 3332 2576 3405 ὑπερϐολῆς
2605 3333 2827 3386 ἀπαιτεῖ
2854 3331 2948 3384 καὶ
2973 3331 3195 3400 ταύτην.
3228 3330 3362 3401 Περὶ
3390 3329 3487 3399 μὲν
3512 3327 3629 3398 γάρ.

2051 3415 2144 3468 τοῦ
2181 3414 2320 3468 Θεοῦ
2377 3433 2561 3486 φησιν,
2604 3414 2706 3478 Ἐξ
2745 3412 2893 3479 ὅλης
2939 3414 3188 3480 καρδίας
3223 3428 3358 3466 σου·
3395 3411 3521 3483 περὶ
3562 3411 3619 3463 δὲ

2051 3499 2144 3554 τοῦ
2203 3499 2430 3570 πλησίον
2481 3515 2598 3560 σου,
2638 3497 2733 3562 Ὠς
2773 3496 3009 3560 ἑαυτὸν,
3057 3498 3193 3565 ὅπερ
3235 3498 3347 3550 ῐσον
3381 3497 3497 3548 ἐστὶ
3529 3495 3630 3565 τῷ,

2065 3582 2166 3646 Ἐξ
2187 3581 2337 3647 ὅλης
2363 3585 2474 3647 τῆς
2505 3578 2753 3647 καρδίας
2779 3591 2918 3631 σου.
2953 3579 3064 3632 Kal
3099 3578 3208 3647 γάρ
3241 3580 3289 3630 εί
3320 3581 3458 3647 μετά
3481 3579 3632 3646 ἀκρι-

2053 3665 2206 3727 ϐείας
2228 3661 2390 3716 τοῦτο
2418 3661 2765 3730 ἐφυλάττετο,
2796 3661 2858 3714 οὐ
2881 3660 3086 3724 δοῦλος,
3109 3662 3209 3713 οὐκ
3235 3661 3518 3733 ἐλεύθερος
3540 3657 3630 3732 ἦν,

2051 3751 2153 3803 οὑκ
2189 3747 2396 3820 ἅρχων,
2433 3747 2534 3800 οὑκ
2568 3745 2894 3817 ἀρχόμενος,
2927 3746 2988 3799 οὐ
3023 3745 3295 3810 πλούσιος,
3339 3746 3399 3799 οὐ
3442 3747 3640 3815 πένης,

2051 3834 2111 3886 οὐ
2145 3831 2363 3903 μικρὸς,
2399 3832 2460 3885 ού
2492 3830 2684 3902 μέγας,
2723 3830 2785 3884 οὐ
2813 3829 3058 3894 διάϐολος
3098 3829 3166 3884 ἂν
3200 3828 3443 3900 ἐγνώσθη
3479 3830 3630 3882 ποτέ·

2051 3918 2110 3971 οὐ
2143 3916 2309 3986 λέγω,
2337 3909 2526 3979 Οὗτος,
2569 3913 2687 3967 ἀλλ’
2710 3915 2758 3968 εί
2796 3913 2893 3967 καὶ
2921 3913 3103 3986 ἔτερος
3133 3912 3392 3976 τοιοῦτος,
3431 3912 3644 3982 μᾶλλον

2050 3999 2105 4052 δὲ
2130 4002 2179 4053 εἰ
2212 3999 2306 4052 καὶ
2339 3999 2558 4060 ἑκατὸν,
2596 3997 2691 4050 καὶ
2724 3997 2908 4066 μυρίοι
2934 3995 3168 4051 τοιοῦτοι
3197 3991 3358 4066 ἦσαν,
3391 3995 3542 4048 οὐδὲν
3566 3995 3632 4046 ἀν

2054 4084 2281 4154 ἴσχυσαν
2326 4080 2541 4150 ἐκείνης
2583 4079 2770 4151 οὔσης.
2805 4077 3021 4133 Μᾶλλον
3052 4079 3160 4150 γὰρ
3201 4079 3394 4150 χόρτος
3435 4079 3632 4149 ἤνεγκε

2054 4165 2224 4236 πυρὸς
2263 4163 2580 4234 ἐπαγωγὴν,
2607 4163 2639 4234 ἢ
2681 4162 2857 4232 φλόγα
2885 4163 3103 4233 ἀγάπης
3130 4163 3158 4214 ό
3181 4161 3444 4222 διάϐολος.
3481 4159 3629 4230 Αὕτη

2051 4247 2262 4317 τείχους
2288 4245 2630 4316 ἰσχυροτέρα,
2650 4245 2791 4314 αὕτη
2814 4245 3120 4315 ἀδάμαντος
3151 4243 3498 4314 στερροτέρα·
3531 4241 3631 4293 κᾶν

2053 4331 2245 4399 ἐτέραν
2271 4327 2477 4396 ταύτης
2512 4326 2868 4397 ἰσχυροτέραν
2893 4326 3053 4397 εἴπης
3079 4326 3232 4394 ὓλην,
3270 4326 3445 4378 πάντα
3469 4325 3633 4392 ὑπερ-

2052 4412 2234 4466 ϐάλλει
2264 4412 2358 4480 τῆς
2383 4410 2606 4479 ἀγάπης
2633 4410 2666 4479 ή
2701 4409 3015 4478 στερρότης.
3051 4408 3267 4478 Ταύτην
3290 4408 3350 4459 ού
3380 4405 3630 4466 πλοῦτος,

2053 4496 2113 4549 οὑ
2146 4495 2309 4547 πενία
2341 4495 2490 4563 νικᾷ·
2521 4491 2720 4563 μᾶλλον
2747 4491 2802 4543 δὲ
2834 4491 2942 4543 οὐδ’
2968 4490 3035 4544 ἀν
3055 4485 3123 4560 ἦν
3158 4489 3336 4552 πενία,
3359 4491 3458 4542 οὑκ
3480 4487 3632 4560 [295]

2052 4576 2290 4648 ἀμετρία
2316 4575 2570 4642 πλούτου,
2603 4576 2650 4627 εί
2675 4574 2862 4642 ἀγάπη
2888 4568 2978 4641 ἦν,
3006 4571 3142 4624 ἀλλά
3172 4572 3240 4623 τὰ
3263 4572 3320 4637 ἐξ
3351 4570 3630 4641 ἑκατέρων

2053 4660 2235 4729 ἀγαθά
2268 4660 2445 4731 μόνον.
2474 4658 2584 4712 Καὶ
2614 4656 2724 4728 γὰρ
2746 4656 2842 4726 τήν
2865 4655 2925 4719 ἐξ
2947 4653 3155 4708 ἐκείνου
3182 4654 3442 4722 ἀφθονίαν
3465 4655 3630 4723 ἐκαρ-

2054 4742 2357 4814 πωσάμεθα
2391 4740 2478 4802 ἂν,
2514 4739 2608 4795 καὶ
2638 4741 2739 4811 τήν
2785 4740 2850 4791 ἐκ
2891 4736 3094 4808 ταύτης
3139 4737 3488 4807 ἀμεριμνίαν·
3535 4736 3630 4790 καὶ

2050 4826 2176 4881 οὔτε
2207 4825 2301 4880 τοῦ
2329 4825 2564 4878 πλούτου
2594 4822 2692 4886 τὰς
2726 4822 3033 4894 φροντίδας,
3077 4819 3199 4873 οὔτε
3231 4821 3328 4891 τῆς
3358 4819 3546 4882 πενίας
3567 4819 3632 4880 τό.

2051 4909 2170 4974 δέος
2194 4907 2566 4979 ὑπεμείναμεν
2588 4907 2673 4961 ἀν.
2704 4906 2811 4959 Kal
2833 4905 2886 4957 τί
2913 4905 3056 4973 λέγω
3074 4905 3142 4958 τά
3161 4903 3220 4969 ἐξ
3243 4905 3407 4972 αὐτῆς
3431 4903 3633 4975 κέρδηί

2052 4993 2194 5048 Αὐτὸ
2218 4992 2326 5065 γὰρ
2349 4990 2472 5044 καθ’
2502 4988 2661 5042 ἐαυτὸ
2688 4988 2746 5040 τὸ
2777 4989 2950 5060 φιλεῖν
2983 4989 3240 5058 ἐννόησον
3272 4989 3461 5057 ήλίκον
3488 4989 3637 5052 ἐστὶ,⁵

2054 5077 2226 5146 πόσην
2260 5075 2418 5144 φέρει
2439 5071 2538 5142 τὴν
2565 5070 2925 5143 εὐφροσύνην,
2960 5072 3018 5124 ἐν
3047 5071 3186 5142 πόσῃ
3217 5069 3503 5141 καθίστησι
3532 5068 3631 5138 χάέ

2057 5175 2163 5230 ριτι
2193 5157 2290 5227 τὴν
2320 5153 2519 5225 ψυχὴν,
2543 5153 2570 5206 ὃ
2597 5153 2830 5223 μάλιστα
2862 5154 3030 5221 αὐτῆς
3055 5155 3202 5204 ἐστιν
3231 5151 3526 5221 ἐξαίρετον.
3549 5153 3636 5206 Ta

2056 5241 2155 5311 μὲν
2189 5239 2301 5312 γὰρ
2339 5237 2476 5290 ἄλλα
2502 5236 2602 5306 τῆς
2634 5235 2837 5306 ἀρετῆς
2867 5236 3008 5306 μέρη
3057 5234 3480 5306 συνεζευγμένον
3520 5234 3636 5306 ἔχει,

2051 5325 2143 5377 τὸν
2185 5324 2366 5386 πόνον,
2397 5316 2510 5374 οἷον
2538 5317 2780 5388 νηστεία,
2820 5317 3161 5389 σωφροσύνη,
3203 5319 3500 5390 ἀγρυπνία,
3535 5319 3633 5386 βα-.

2054 5408 2308 5472 σκανίαν,
2368 5401 2685 5470 ἐπιθυμίαν,
2737 5402 3067 5472 ὑπεροψίαν·
3113 5405 3143 5472 ἡ
3177 5402 3235 5456 δὲ
3265 5403 3453 5472 ἀγάπη
3493 5401 3631 5470 μετά

2052 5491 2146 5546 τοῦ
2192 5489 2420 5560 κέρδους
2462 5485 2660 5557 πολλὴν
2695 5485 2808 5555 ἔχει
2850 5487 2942 5540 καὶ
2975 5488 3074 5556 τὴν
3107 5487 3318 5558 ἡδονήν,
3349 5485 3444 5538 καὶ
3470 5485 3630 5534 πόνον

2053 5576 2264 5630 οὐδένα·
2299 5574 2394 5628 καὶ
2420 5571 2670 5640 καθάπερ
2703 5570 2928 5635 μέλιττα
2960 5571 3159 5637 ἀγαθὴ,
3200 5571 3267 5622 τά
3298 5563 3628 5630 πανταχόθεν

2057 5661 2360 5728 συνάγουσα
2395 5655 2597 5723 ἀγαθά,
2626 5657 2706 5717 εἰς
2734 5654 2833 5724 τὴν
2856 5654 2947 5706 τοῦ
2973 5653 3250 5720 φιλοῦντος
3280 5645 3629 5728 κατατίθεται

2054 5724 2252 5812 ψυχήν.
2280 5740 2396 5794 Κᾶν
2423 5736 2645 5806 δουλεύῃ
2669 5753 2771 5799 τις,
2797 5736 2927 5804 ήδίω
2947 5736 3042 5802 τῆς
3065 5731 3372 5798 ἐλευθερίας
3397 5724 3629 5812 ἀποφαί-

2059 5806 2264 5893 νει-*τὴν
2290 5822 2547 5877 δουλείαν.
2583 5821 2640 5873 Ὀ
2669 5819 2774 5887 γάρ
2795 5815 2962 5885 φιλῶν
2983 5816 3075 5880 οὐχ
3107 5812 3275 5870 οὕτως
3304 5806 3626 5862 ἐπιτάττων.
