  <div class='ocr_page' id='page_1' title='image "/cluster/home/n/w/nwhite01/storage/ocr_20150623/61/mdp.39015008622618/279.png"; bbox 0 0 3990 6168; ppageno 0'>
   <div class='ocr_carea' id='block_1_1' title="bbox 379 267 486 321">
    <p class='ocr_par' dir='ltr' id='par_1_1' title="bbox 379 267 486 321">
     <span class='ocr_line' id='line_1_1' title="bbox 379 267 486 321; baseline 0 -1"><span class='ocrx_word' id='word_1_1' title='bbox 379 267 486 321; x_wconf 72' lang='lat'>275</span> 
     </span>
    </p>
   </div>
   <div class='ocr_carea' id='block_1_2' title="bbox 383 222 2950 323">
    <p class='ocr_par' dir='ltr' id='par_1_2' title="bbox 383 222 2950 323">
     <span class='ocr_line' id='line_1_2' title="bbox 383 222 2950 323; baseline 0 -1"><span class='ocrx_word' id='word_1_2' title='bbox 383 267 486 322; x_wconf 71' lang='grc' dir='ltr'>επ</span> <span class='ocrx_word' id='word_1_3' title='bbox 634 222 645 240; x_wconf 74' lang='grc'><em>’</em></span> <span class='ocrx_word' id='word_1_4' title='bbox 1062 262 1119 318; x_wconf 86' lang='lat' dir='ltr'>s.</span> <span class='ocrx_word' id='word_1_5' title='bbox 1162 261 1452 317; x_wconf 60' lang='lat' dir='ltr'>unum</span> <span class='ocrx_word' id='word_1_6' title='bbox 1491 255 1981 315; x_wconf 67' lang='lat' dir='ltr'>culwsosrom</span> <span class='ocrx_word' id='word_1_7' title='bbox 2034 258 2358 315; x_wconf 64' lang='lat' dir='ltr'><strong>meum.</strong></span> <span class='ocrx_word' id='word_1_8' title='bbox 2399 259 2950 323; x_wconf 58' lang='lat' dir='ltr'>consumma».</span> 
     </span>
    </p>
   </div>
   <div class='ocr_carea' id='block_1_3' title="bbox 3541 276 3648 331">
    <p class='ocr_par' dir='ltr' id='par_1_3' title="bbox 3541 276 3648 331">
     <span class='ocr_line' id='line_1_3' title="bbox 3541 276 3648 331; baseline 0.019 -3"><span class='ocrx_word' id='word_1_9' title='bbox 3541 276 3648 331; x_wconf 67' lang='grc'><strong>274</strong></span> 
     </span>
    </p>
   </div>
   <div class='ocr_carea' id='block_1_4' title="bbox 375 373 3654 464">
    <p class='ocr_par' dir='ltr' id='par_1_4' title="bbox 375 373 3654 464">
     <span class='ocr_line' id='line_1_4' title="bbox 375 373 3654 464; baseline 0.003 -26"><span class='ocrx_word' id='word_1_10' title='bbox 375 386 451 450; x_wconf 86' lang='grc' dir='ltr'>ώς</span> <span class='ocrx_word' id='word_1_11' title='bbox 495 385 919 454; x_wconf 71' lang='grc' dir='ltr'>ἐπιταττόμενος</span> <span class='ocrx_word' id='word_1_12' title='bbox 968 383 1172 455; x_wconf 86' lang='grc' dir='ltr'>χαίρει,</span> <span class='ocrx_word' id='word_1_13' title='bbox 1221 382 1399 436; x_wconf 85' lang='grc' dir='ltr'>καίτοι</span> <span class='ocrx_word' id='word_1_14' title='bbox 1441 396 1506 448; x_wconf 90' lang='grc' dir='ltr'>γε</span> <span class='ocrx_word' id='word_1_15' title='bbox 1556 378 1616 433; x_wconf 85' lang='grc' dir='ltr'>τὸ</span> <span class='ocrx_word' id='word_1_16' title='bbox 1653 378 1963 432; x_wconf 77' lang='grc' dir='ltr'>ἐπιτάττειν</span> <span class='ocrx_word' id='word_1_17' title='bbox 2071 373 2326 446; x_wconf 78' lang='grc' dir='ltr'>ἐννόησον</span> <span class='ocrx_word' id='word_1_18' title='bbox 2355 379 2502 444; x_wconf 88' lang='grc' dir='ltr'>τίνος</span> <span class='ocrx_word' id='word_1_19' title='bbox 2539 376 2674 436; x_wconf 80' lang='grc' dir='ltr'>οὖσα</span> <span class='ocrx_word' id='word_1_20' title='bbox 2703 387 2860 456; x_wconf 77' lang='grc' dir='ltr'>γυνὴ,</span> <span class='ocrx_word' id='word_1_21' title='bbox 2902 386 3007 441; x_wconf 87' lang='grc' dir='ltr'>τίνι</span> <span class='ocrx_word' id='word_1_22' title='bbox 3036 386 3214 459; x_wconf 78' lang='grc' dir='ltr'>βούλει</span> <span class='ocrx_word' id='word_1_23' title='bbox 3247 390 3654 464; x_wconf 77' lang='grc' dir='ltr'>συμπλακῆναι,</span> 
     </span>
    </p>
   </div>
   <div class='ocr_carea' id='block_1_5' title="bbox 376 466 1966 549">
    <p class='ocr_par' dir='ltr' id='par_1_5' title="bbox 376 466 1966 549">
     <span class='ocr_line' id='line_1_5' title="bbox 376 466 1966 549; baseline -0.008 -18"><span class='ocrx_word' id='word_1_24' title='bbox 376 476 498 549; x_wconf 73' lang='grc' dir='ltr'>ἡδύ·</span> <span class='ocrx_word' id='word_1_25' title='bbox 521 476 658 531; x_wconf 84' lang='grc' dir='ltr'>ἀλλά</span> <span class='ocrx_word' id='word_1_26' title='bbox 688 475 1042 546; x_wconf 78' lang='grc' dir='ltr'>μετατίθησιν</span> <span class='ocrx_word' id='word_1_27' title='bbox 1068 474 1206 547; x_wconf 85' lang='grc' dir='ltr'>αῦτη</span> <span class='ocrx_word' id='word_1_28' title='bbox 1237 474 1346 527; x_wconf 81' lang='grc' dir='ltr'>τῶν</span> <span class='ocrx_word' id='word_1_29' title='bbox 1371 473 1712 544; x_wconf 80' lang='grc' dir='ltr'>πραγμάτων</span> <span class='ocrx_word' id='word_1_30' title='bbox 1740 470 1840 540; x_wconf 82' lang='grc' dir='ltr'>τήν</span> <span class='ocrx_word' id='word_1_31' title='bbox 1865 466 1966 537; x_wconf 81' lang='grc' dir='ltr'>φύ-</span> 
     </span>
    </p>
   </div>
   <div class='ocr_carea' id='block_1_6' title="bbox 380 556 1969 636">
    <p class='ocr_par' dir='ltr' id='par_1_6' title="bbox 380 556 1969 636">
     <span class='ocr_line' id='line_1_6' title="bbox 380 556 1969 636; baseline -0.007 -15"><span class='ocrx_word' id='word_1_32' title='bbox 380 583 486 633; x_wconf 91' lang='grc' dir='ltr'>σιν,</span> <span class='ocrx_word' id='word_1_33' title='bbox 528 568 621 621; x_wconf 75' lang='grc' dir='ltr'>καὶ</span> <span class='ocrx_word' id='word_1_34' title='bbox 662 567 839 620; x_wconf 88' lang='grc' dir='ltr'>πάντα</span> <span class='ocrx_word' id='word_1_35' title='bbox 888 567 945 618; x_wconf 71' lang='grc' dir='ltr'>ἐν</span> <span class='ocrx_word' id='word_1_36' title='bbox 990 565 1178 636; x_wconf 80' lang='grc' dir='ltr'>χερσὶν</span> <span class='ocrx_word' id='word_1_37' title='bbox 1231 564 1431 635; x_wconf 78' lang='grc' dir='ltr'>ἔχουσα</span> <span class='ocrx_word' id='word_1_38' title='bbox 1484 560 1844 635; x_wconf 77' lang='grc' dir='ltr'>παραγίνεται</span> <span class='ocrx_word' id='word_1_39' title='bbox 1898 556 1969 611; x_wconf 79' lang='grc' dir='ltr'>τά</span> 
     </span>
    </p>
   </div>
   <div class='ocr_carea' id='block_1_7' title="bbox 378 651 1969 729">
    <p class='ocr_par' dir='ltr' id='par_1_7' title="bbox 378 651 1969 729">
     <span class='ocr_line' id='line_1_7' title="bbox 378 651 1969 729; baseline -0.005 -18"><span class='ocrx_word' id='word_1_40' title='bbox 378 656 585 727; x_wconf 81' lang='grc' dir='ltr'>ἀγαθά,</span> <span class='ocrx_word' id='word_1_41' title='bbox 619 656 802 728; x_wconf 80' lang='grc' dir='ltr'>πάσης</span> <span class='ocrx_word' id='word_1_42' title='bbox 852 657 1057 729; x_wconf 85' lang='grc' dir='ltr'>μητρὸς</span> <span class='ocrx_word' id='word_1_43' title='bbox 1103 658 1409 729; x_wconf 79' lang='grc' dir='ltr'>ἠπιωτέρα,</span> <span class='ocrx_word' id='word_1_44' title='bbox 1460 657 1643 725; x_wconf 82' lang='grc' dir='ltr'>πάσης</span> <span class='ocrx_word' id='word_1_45' title='bbox 1698 651 1969 723; x_wconf 75' lang='grc' dir='ltr'>βασιλίδος</span> 
     </span>
    </p>
   </div>
   <div class='ocr_carea' id='block_1_8' title="bbox 379 746 1967 820">
    <p class='ocr_par' dir='ltr' id='par_1_8' title="bbox 379 746 1967 820">
     <span class='ocr_line' id='line_1_8' title="bbox 379 746 1967 820; baseline -0.005 -18"><span class='ocrx_word' id='word_1_46' title='bbox 379 747 757 820; x_wconf 79' lang='grc' dir='ltr'>εὐπορωτέρα,</span> <span class='ocrx_word' id='word_1_47' title='bbox 788 750 884 802; x_wconf 67' lang='grc' dir='ltr'>καί⁵</span> <span class='ocrx_word' id='word_1_48' title='bbox 913 749 980 801; x_wconf 77' lang='grc' dir='ltr'>τὰ</span> <span class='ocrx_word' id='word_1_49' title='bbox 1006 749 1237 803; x_wconf 76' lang='grc' dir='ltr'>ἐπίπονα</span> <span class='ocrx_word' id='word_1_50' title='bbox 1269 749 1449 818; x_wconf 66' lang='grc' dir='ltr'>κοῦφα</span> <span class='ocrx_word' id='word_1_51' title='bbox 1478 748 1622 801; x_wconf 87' lang='grc' dir='ltr'>ποιεῖ</span> <span class='ocrx_word' id='word_1_52' title='bbox 1647 746 1741 799; x_wconf 73' lang='grc' dir='ltr'>καὶ</span> <span class='ocrx_word' id='word_1_53' title='bbox 1772 746 1967 816; x_wconf 78' lang='grc' dir='ltr'>ῥᾷστα,</span> 
     </span>
    </p>
   </div>
   <div class='ocr_carea' id='block_1_9' title="bbox 380 836 1972 911">
    <p class='ocr_par' dir='ltr' id='par_1_9' title="bbox 380 836 1972 911">
     <span class='ocr_line' id='line_1_9' title="bbox 380 836 1972 911; baseline -0.003 -19"><span class='ocrx_word' id='word_1_54' title='bbox 380 841 477 909; x_wconf 77' lang='grc' dir='ltr'>τὴν</span> <span class='ocrx_word' id='word_1_55' title='bbox 514 839 613 909; x_wconf 84' lang='grc' dir='ltr'>μὲν</span> <span class='ocrx_word' id='word_1_56' title='bbox 642 839 843 910; x_wconf 80' lang='grc' dir='ltr'>ἀρετὴν</span> <span class='ocrx_word' id='word_1_57' title='bbox 881 837 1126 904; x_wconf 77' lang='grc' dir='ltr'>εὔκολον,</span> <span class='ocrx_word' id='word_1_58' title='bbox 1157 840 1256 911; x_wconf 80' lang='grc' dir='ltr'>τὴν</span> <span class='ocrx_word' id='word_1_59' title='bbox 1298 842 1356 895; x_wconf 77' lang='grc' dir='ltr'>δὲ</span> <span class='ocrx_word' id='word_1_60' title='bbox 1392 840 1592 894; x_wconf 81' lang='grc' dir='ltr'>κακίαν</span> <span class='ocrx_word' id='word_1_61' title='bbox 1634 836 1972 909; x_wconf 80' lang='grc' dir='ltr'>πικροτάτην</span> 
     </span>
    </p>
   </div>
   <div class='ocr_carea' id='block_1_10' title="bbox 380 930 1973 1006">
    <p class='ocr_par' dir='ltr' id='par_1_10' title="bbox 380 930 1973 1006">
     <span class='ocr_line' id='line_1_10' title="bbox 380 930 1973 1006; baseline -0.001 -21"><span class='ocrx_word' id='word_1_62' title='bbox 380 933 514 1003; x_wconf 78' lang='grc' dir='ltr'>ἡμῖν</span> <span class='ocrx_word' id='word_1_63' title='bbox 556 932 954 1000; x_wconf 77' lang='grc' dir='ltr'>ἀποφαίνουσα.</span> <span class='ocrx_word' id='word_1_64' title='bbox 993 933 1195 988; x_wconf 86' lang='grc' dir='ltr'>Σκόπει</span> <span class='ocrx_word' id='word_1_65' title='bbox 1230 935 1315 988; x_wconf 85' lang='grc' dir='ltr'>δέ·</span> <span class='ocrx_word' id='word_1_66' title='bbox 1349 935 1422 988; x_wconf 87' lang='grc' dir='ltr'>Τὸ</span> <span class='ocrx_word' id='word_1_67' title='bbox 1452 935 1700 1006; x_wconf 79' lang='grc' dir='ltr'>δαπανᾷν</span> <span class='ocrx_word' id='word_1_68' title='bbox 1727 930 1973 1003; x_wconf 81' lang='grc' dir='ltr'>λυπηρὸν</span> 
     </span>
    </p>
   </div>
   <div class='ocr_carea' id='block_1_11' title="bbox 380 1019 1973 1098">
    <p class='ocr_par' dir='ltr' id='par_1_11' title="bbox 380 1019 1973 1098">
     <span class='ocr_line' id='line_1_11' title="bbox 380 1019 1973 1098; baseline -0.002 -19"><span class='ocrx_word' id='word_1_69' title='bbox 380 1019 522 1080; x_wconf 76' lang='grc' dir='ltr'>εἶναι</span> <span class='ocrx_word' id='word_1_70' title='bbox 548 1026 823 1081; x_wconf 67' lang='grc' dir='ltr'>δοκεῖκαὶ</span> <span class='ocrx_word' id='word_1_71' title='bbox 842 1028 987 1079; x_wconf 82' lang='grc' dir='ltr'>ποιεῖ</span> <span class='ocrx_word' id='word_1_72' title='bbox 1016 1026 1151 1079; x_wconf 80' lang='grc' dir='ltr'>αὐτὸ</span> <span class='ocrx_word' id='word_1_73' title='bbox 1175 1025 1317 1097; x_wconf 81' lang='grc' dir='ltr'>αῦτη</span> <span class='ocrx_word' id='word_1_74' title='bbox 1344 1026 1464 1098; x_wconf 84' lang='grc' dir='ltr'>ἠδύ-</span> <span class='ocrx_word' id='word_1_75' title='bbox 1494 1026 1556 1080; x_wconf 92' lang='grc' dir='ltr'>τὸ</span> <span class='ocrx_word' id='word_1_76' title='bbox 1587 1021 1973 1097; x_wconf 84' lang='grc' dir='ltr'>λαμϐάνειντά</span> 
     </span>
    </p>
   </div>
   <div class='ocr_carea' id='block_1_12' title="bbox 381 1117 1972 1189">
    <p class='ocr_par' dir='ltr' id='par_1_12' title="bbox 381 1117 1972 1189">
     <span class='ocr_line' id='line_1_12' title="bbox 381 1117 1972 1189; baseline -0.001 -17"><span class='ocrx_word' id='word_1_77' title='bbox 381 1118 585 1189; x_wconf 69' lang='grc' dir='ltr'>ἀτέρων</span> <span class='ocrx_word' id='word_1_78' title='bbox 619 1118 739 1189; x_wconf 80' lang='grc' dir='ltr'>ήδῦ,</span> <span class='ocrx_word' id='word_1_79' title='bbox 777 1119 873 1172; x_wconf 77' lang='grc' dir='ltr'>καὶ</span> <span class='ocrx_word' id='word_1_80' title='bbox 928 1119 1030 1172; x_wconf 84' lang='grc' dir='ltr'>οῦκ</span> <span class='ocrx_word' id='word_1_81' title='bbox 1071 1118 1299 1189; x_wconf 83' lang='grc' dir='ltr'>ἀφίησιν</span> <span class='ocrx_word' id='word_1_82' title='bbox 1351 1120 1485 1173; x_wconf 85' lang='grc' dir='ltr'>αὐτὸ</span> <span class='ocrx_word' id='word_1_83' title='bbox 1534 1119 1819 1189; x_wconf 85' lang='grc' dir='ltr'>φαίνεσθαι</span> <span class='ocrx_word' id='word_1_84' title='bbox 1847 1117 1972 1189; x_wconf 77' lang='grc' dir='ltr'>ἡδὺ,</span> 
     </span>
    </p>
   </div>
   <div class='ocr_carea' id='block_1_13' title="bbox 379 1207 1975 1280">
    <p class='ocr_par' dir='ltr' id='par_1_13' title="bbox 379 1207 1975 1280">
     <span class='ocr_line' id='line_1_13' title="bbox 379 1207 1975 1280; baseline 0.001 -19"><span class='ocrx_word' id='word_1_85' title='bbox 379 1207 520 1261; x_wconf 89' lang='grc' dir='ltr'>ἀλλά</span> <span class='ocrx_word' id='word_1_86' title='bbox 561 1207 785 1277; x_wconf 83' lang='grc' dir='ltr'>φεύγειν</span> <span class='ocrx_word' id='word_1_87' title='bbox 816 1207 893 1272; x_wconf 85' lang='grc' dir='ltr'>ὡς</span> <span class='ocrx_word' id='word_1_88' title='bbox 934 1208 1205 1279; x_wconf 87' lang='grc' dir='ltr'>μοχθηρὸν</span> <span class='ocrx_word' id='word_1_89' title='bbox 1250 1211 1681 1280; x_wconf 79' lang='grc' dir='ltr'>παρασκευάζει.</span> <span class='ocrx_word' id='word_1_90' title='bbox 1709 1210 1879 1265; x_wconf 89' lang='grc' dir='ltr'>Πάλιν</span> <span class='ocrx_word' id='word_1_91' title='bbox 1916 1209 1975 1263; x_wconf 82' lang='grc' dir='ltr'>τὸ</span> 
     </span>
    </p>
   </div>
   <div class='ocr_carea' id='block_1_14' title="bbox 384 1298 1976 1375">
    <p class='ocr_par' dir='ltr' id='par_1_14' title="bbox 384 1298 1976 1375">
     <span class='ocr_line' id='line_1_14' title="bbox 384 1298 1976 1375; baseline 0.003 -22"><span class='ocrx_word' id='word_1_92' title='bbox 384 1298 572 1363; x_wconf 82' lang='grc' dir='ltr'>κακῶς</span> <span class='ocrx_word' id='word_1_93' title='bbox 598 1299 799 1368; x_wconf 83' lang='grc' dir='ltr'>λέγειν,</span> <span class='ocrx_word' id='word_1_94' title='bbox 829 1299 1003 1371; x_wconf 82' lang='grc' dir='ltr'>γλυκὺ</span> <span class='ocrx_word' id='word_1_95' title='bbox 1044 1303 1210 1355; x_wconf 73' lang='grc' dir='ltr'>πᾶσιν</span> <span class='ocrx_word' id='word_1_96' title='bbox 1243 1299 1383 1356; x_wconf 78' lang='grc' dir='ltr'>εἶναι</span> <span class='ocrx_word' id='word_1_97' title='bbox 1425 1303 1603 1358; x_wconf 85' lang='grc' dir='ltr'>δοκεῖ·</span> <span class='ocrx_word' id='word_1_98' title='bbox 1640 1303 1782 1375; x_wconf 81' lang='grc' dir='ltr'>αῦτη</span> <span class='ocrx_word' id='word_1_99' title='bbox 1819 1303 1976 1358; x_wconf 88' lang='grc' dir='ltr'>τοῦτο</span> 
     </span>
    </p>
   </div>
   <div class='ocr_carea' id='block_1_15' title="bbox 389 1392 1976 1469">
    <p class='ocr_par' dir='ltr' id='par_1_15' title="bbox 389 1392 1976 1469">
     <span class='ocr_line' id='line_1_15' title="bbox 389 1392 1976 1469; baseline 0.003 -23"><span class='ocrx_word' id='word_1_100' title='bbox 389 1392 489 1464; x_wconf 83' lang='grc' dir='ltr'>μὲν</span> <span class='ocrx_word' id='word_1_101' title='bbox 520 1393 719 1465; x_wconf 85' lang='grc' dir='ltr'>μικρὸν</span> <span class='ocrx_word' id='word_1_102' title='bbox 744 1394 1058 1464; x_wconf 80' lang='grc' dir='ltr'>ἀποφαίνει,</span> <span class='ocrx_word' id='word_1_103' title='bbox 1082 1393 1144 1448; x_wconf 90' lang='grc' dir='ltr'>τὸ</span> <span class='ocrx_word' id='word_1_104' title='bbox 1168 1394 1224 1448; x_wconf 73' lang='grc' dir='ltr'>δὲ</span> <span class='ocrx_word' id='word_1_105' title='bbox 1250 1394 1431 1459; x_wconf 85' lang='grc' dir='ltr'>καλῶς</span> <span class='ocrx_word' id='word_1_106' title='bbox 1455 1396 1653 1466; x_wconf 87' lang='grc' dir='ltr'>λέγειν,</span> <span class='ocrx_word' id='word_1_107' title='bbox 1680 1396 1798 1469; x_wconf 87' lang='grc' dir='ltr'>ἡδύ·</span> <span class='ocrx_word' id='word_1_108' title='bbox 1824 1396 1976 1450; x_wconf 76' lang='grc' dir='ltr'>οὐδὲν</span> 
     </span>
    </p>
   </div>
   <div class='ocr_carea' id='block_1_16' title="bbox 385 1486 1977 1560">
    <p class='ocr_par' dir='ltr' id='par_1_16' title="bbox 385 1486 1977 1560">
     <span class='ocr_line' id='line_1_16' title="bbox 385 1486 1977 1560; baseline 0.001 -20"><span class='ocrx_word' id='word_1_109' title='bbox 385 1486 496 1560; x_wconf 93' lang='lat'>7&amp;9</span> <span class='ocrx_word' id='word_1_110' title='bbox 532 1486 728 1552; x_wconf 74' lang='grc' dir='ltr'>οὕτως,</span> <span class='ocrx_word' id='word_1_111' title='bbox 783 1487 860 1549; x_wconf 85' lang='grc' dir='ltr'>ὡς</span> <span class='ocrx_word' id='word_1_112' title='bbox 911 1487 1005 1541; x_wconf 90' lang='grc' dir='ltr'>τὸν</span> <span class='ocrx_word' id='word_1_113' title='bbox 1048 1487 1373 1558; x_wconf 89' lang='grc' dir='ltr'>φιλούμενον</span> <span class='ocrx_word' id='word_1_114' title='bbox 1417 1489 1810 1560; x_wconf 76' lang='grc' dir='ltr'>ἐγκωμιάζειν,</span> <span class='ocrx_word' id='word_1_115' title='bbox 1842 1491 1977 1559; x_wconf 78' lang='grc' dir='ltr'>ἡμῖν</span> 
     </span>
    </p>
   </div>
   <div class='ocr_carea' id='block_1_17' title="bbox 387 1577 1978 1653">
    <p class='ocr_par' dir='ltr' id='par_1_17' title="bbox 387 1577 1978 1653">
     <span class='ocr_line' id='line_1_17' title="bbox 387 1577 1978 1653; baseline 0.003 -22"><span class='ocrx_word' id='word_1_116' title='bbox 387 1577 509 1648; x_wconf 81' lang='grc' dir='ltr'>ήδύ.</span> <span class='ocrx_word' id='word_1_117' title='bbox 546 1578 716 1633; x_wconf 90' lang='grc' dir='ltr'>Πάλιν</span> <span class='ocrx_word' id='word_1_118' title='bbox 760 1581 788 1632; x_wconf 83' lang='grc' dir='ltr'><strong>ὁ</strong></span> <span class='ocrx_word' id='word_1_119' title='bbox 820 1577 990 1649; x_wconf 92' lang='grc' dir='ltr'>θυμὸς</span> <span class='ocrx_word' id='word_1_120' title='bbox 1027 1579 1139 1650; x_wconf 78' lang='grc' dir='ltr'>ἔχει</span> <span class='ocrx_word' id='word_1_121' title='bbox 1168 1580 1290 1634; x_wconf 72' lang='grc' dir='ltr'>τινὰ</span> <span class='ocrx_word' id='word_1_122' title='bbox 1327 1581 1545 1653; x_wconf 78' lang='grc' dir='ltr'>ἡδονὴν,</span> <span class='ocrx_word' id='word_1_123' title='bbox 1587 1582 1702 1635; x_wconf 90' lang='grc' dir='ltr'>ἀλλ’</span> <span class='ocrx_word' id='word_1_124' title='bbox 1737 1580 1978 1636; x_wconf 73' lang='grc' dir='ltr'>ἐνταῦθα</span> 
     </span>
    </p>
   </div>
   <div class='ocr_carea' id='block_1_18' title="bbox 387 1668 1979 1746">
    <p class='ocr_par' dir='ltr' id='par_1_18' title="bbox 387 1668 1979 1746">
     <span class='ocr_line' id='line_1_18' title="bbox 387 1668 1979 1746; baseline 0.001 -21"><span class='ocrx_word' id='word_1_125' title='bbox 387 1670 594 1737; x_wconf 83' lang='grc' dir='ltr'>οὐκέτι,</span> <span class='ocrx_word' id='word_1_126' title='bbox 640 1668 781 1726; x_wconf 82' lang='grc' dir='ltr'>ἀλλὰ</span> <span class='ocrx_word' id='word_1_127' title='bbox 809 1672 986 1726; x_wconf 85' lang='grc' dir='ltr'>πάντα</span> <span class='ocrx_word' id='word_1_128' title='bbox 1016 1672 1182 1727; x_wconf 82' lang='grc' dir='ltr'>αὑτοῦ</span> <span class='ocrx_word' id='word_1_129' title='bbox 1229 1674 1300 1727; x_wconf 89' lang='grc' dir='ltr'>τά</span> <span class='ocrx_word' id='word_1_130' title='bbox 1344 1674 1511 1746; x_wconf 81' lang='grc' dir='ltr'>νεῦρα</span> <span class='ocrx_word' id='word_1_131' title='bbox 1549 1673 1838 1746; x_wconf 78' lang='grc' dir='ltr'>ἀνῄρηταιο</span> <span class='ocrx_word' id='word_1_132' title='bbox 1876 1673 1979 1727; x_wconf 82' lang='grc' dir='ltr'>κάν</span> 
     </span>
    </p>
   </div>
   <div class='ocr_carea' id='block_1_19' title="bbox 389 1761 1982 1837">
    <p class='ocr_par' dir='ltr' id='par_1_19' title="bbox 389 1761 1982 1837">
     <span class='ocr_line' id='line_1_19' title="bbox 389 1761 1982 1837; baseline 0.001 -22"><span class='ocrx_word' id='word_1_133' title='bbox 389 1761 611 1836; x_wconf 79' lang='grc' dir='ltr'>λυπήσῃ</span> <span class='ocrx_word' id='word_1_134' title='bbox 630 1763 723 1817; x_wconf 90' lang='grc' dir='ltr'>τὸν</span> <span class='ocrx_word' id='word_1_135' title='bbox 746 1763 1005 1831; x_wconf 83' lang='grc' dir='ltr'>φιλοῦντα</span> <span class='ocrx_word' id='word_1_136' title='bbox 1030 1764 1058 1816; x_wconf 86' lang='grc' dir='ltr'>ό</span> <span class='ocrx_word' id='word_1_137' title='bbox 1083 1763 1467 1835; x_wconf 82' lang='grc' dir='ltr'>ἀγαπώμενος,</span> <span class='ocrx_word' id='word_1_138' title='bbox 1499 1766 1672 1837; x_wconf 92' lang='grc' dir='ltr'>θυμὸς</span> <span class='ocrx_word' id='word_1_139' title='bbox 1704 1765 1802 1836; x_wconf 80' lang='grc' dir='ltr'>μὲν</span> <span class='ocrx_word' id='word_1_140' title='bbox 1823 1764 1982 1818; x_wconf 82' lang='grc' dir='ltr'>οὐδα-</span> 
     </span>
    </p>
   </div>
   <div class='ocr_carea' id='block_1_20' title="bbox 396 1854 1982 1929">
    <p class='ocr_par' dir='ltr' id='par_1_20' title="bbox 396 1854 1982 1929">
     <span class='ocr_line' id='line_1_20' title="bbox 396 1854 1982 1929; baseline 0.004 -20"><span class='ocrx_word' id='word_1_141' title='bbox 396 1854 499 1926; x_wconf 86' lang='grc' dir='ltr'>μοῦ</span> <span class='ocrx_word' id='word_1_142' title='bbox 529 1854 803 1925; x_wconf 86' lang='grc' dir='ltr'>φαίνεται,</span> <span class='ocrx_word' id='word_1_143' title='bbox 831 1854 1045 1925; x_wconf 77' lang='grc' dir='ltr'>δάκρυα</span> <span class='ocrx_word' id='word_1_144' title='bbox 1075 1855 1134 1910; x_wconf 69' lang='grc' dir='ltr'>δὲ</span> <span class='ocrx_word' id='word_1_145' title='bbox 1166 1858 1262 1912; x_wconf 77' lang='grc' dir='ltr'>καὶ</span> <span class='ocrx_word' id='word_1_146' title='bbox 1303 1859 1704 1929; x_wconf 82' lang='grc' dir='ltr'>παρακλήσεις,</span> <span class='ocrx_word' id='word_1_147' title='bbox 1744 1858 1840 1911; x_wconf 74' lang='grc' dir='ltr'>καὶ</span> <span class='ocrx_word' id='word_1_148' title='bbox 1865 1861 1982 1915; x_wconf 83' lang='grc' dir='ltr'>ἱκε-</span> 
     </span>
    </p>
   </div>
   <div class='ocr_carea' id='block_1_21' title="bbox 390 1946 1980 2027">
    <p class='ocr_par' dir='ltr' id='par_1_21' title="bbox 390 1946 1980 2027">
     <span class='ocr_line' id='line_1_21' title="bbox 390 1946 1980 2027; baseline 0.002 -26"><span class='ocrx_word' id='word_1_149' title='bbox 390 1946 598 2018; x_wconf 88' lang='grc' dir='ltr'>τηρίαι·</span> <span class='ocrx_word' id='word_1_150' title='bbox 632 1949 885 2002; x_wconf 87' lang='grc' dir='ltr'>τοσοῦτον</span> <span class='ocrx_word' id='word_1_151' title='bbox 923 1948 1119 2019; x_wconf 80' lang='grc' dir='ltr'>ἀπέχει</span> <span class='ocrx_word' id='word_1_152' title='bbox 1148 1949 1242 2003; x_wconf 90' lang='grc' dir='ltr'>τοῦ</span> <span class='ocrx_word' id='word_1_153' title='bbox 1275 1950 1701 2022; x_wconf 84' lang='grc' dir='ltr'>παροξυνθῆναι.</span> <span class='ocrx_word' id='word_1_154' title='bbox 1739 1952 1862 2007; x_wconf 80' lang='grc' dir='ltr'>Κάν</span> <span class='ocrx_word' id='word_1_155' title='bbox 1894 1952 1980 2027; x_wconf 78' lang='grc' dir='ltr'>ῐδῃ</span> 
     </span>
    </p>
   </div>
   <div class='ocr_carea' id='block_1_22' title="bbox 393 2037 1981 2115">
    <p class='ocr_par' dir='ltr' id='par_1_22' title="bbox 393 2037 1981 2115">
     <span class='ocr_line' id='line_1_22' title="bbox 393 2037 1981 2115; baseline 0.004 -23"><span class='ocrx_word' id='word_1_156' title='bbox 393 2037 799 2109; x_wconf 81' lang='grc' dir='ltr'>ἁμαρτάνοντα,</span> <span class='ocrx_word' id='word_1_157' title='bbox 833 2038 1023 2093; x_wconf 83' lang='grc' dir='ltr'>πενθεῖ</span> <span class='ocrx_word' id='word_1_158' title='bbox 1049 2042 1140 2094; x_wconf 75' lang='grc' dir='ltr'>καὶ</span> <span class='ocrx_word' id='word_1_159' title='bbox 1167 2041 1439 2094; x_wconf 81' lang='grc' dir='ltr'>ὀδυνᾶται’</span> <span class='ocrx_word' id='word_1_160' title='bbox 1466 2042 1602 2096; x_wconf 73' lang='grc' dir='ltr'>ἀλλὰ</span> <span class='ocrx_word' id='word_1_161' title='bbox 1631 2043 1726 2096; x_wconf 81' lang='grc' dir='ltr'>καί</span> <span class='ocrx_word' id='word_1_162' title='bbox 1759 2045 1791 2113; x_wconf 89' lang='grc' dir='ltr'>ή</span> <span class='ocrx_word' id='word_1_163' title='bbox 1818 2044 1981 2115; x_wconf 83' lang='grc' dir='ltr'><strong>ὀδύνη</strong></span> 
     </span>
    </p>
   </div>
   <div class='ocr_carea' id='block_1_23' title="bbox 393 2128 1983 2208">
    <p class='ocr_par' dir='ltr' id='par_1_23' title="bbox 393 2128 1983 2208">
     <span class='ocr_line' id='line_1_23' title="bbox 393 2128 1983 2208; baseline 0.006 -27"><span class='ocrx_word' id='word_1_164' title='bbox 393 2128 533 2200; x_wconf 81' lang='grc' dir='ltr'>αῦτη</span> <span class='ocrx_word' id='word_1_165' title='bbox 558 2129 755 2202; x_wconf 77' lang='grc' dir='ltr'>ἡδονὴν</span> <span class='ocrx_word' id='word_1_166' title='bbox 789 2130 966 2201; x_wconf 83' lang='grc' dir='ltr'>φέρει.</span> <span class='ocrx_word' id='word_1_167' title='bbox 998 2132 1251 2203; x_wconf 53' lang='grc' dir='ltr'>Τῆςεγὰρ</span> <span class='ocrx_word' id='word_1_168' title='bbox 1289 2134 1511 2204; x_wconf 79' lang='grc' dir='ltr'>ἀγάπης</span> <span class='ocrx_word' id='word_1_169' title='bbox 1542 2136 1636 2187; x_wconf 75' lang='grc' dir='ltr'>καὶ</span> <span class='ocrx_word' id='word_1_170' title='bbox 1671 2135 1741 2188; x_wconf 85' lang='grc' dir='ltr'>τά</span> <span class='ocrx_word' id='word_1_171' title='bbox 1768 2136 1983 2208; x_wconf 88' lang='grc' dir='ltr'>δάκρυα</span> 
     </span>
    </p>
   </div>
   <div class='ocr_carea' id='block_1_24' title="bbox 395 2221 1983 2301">
    <p class='ocr_par' dir='ltr' id='par_1_24' title="bbox 395 2221 1983 2301">
     <span class='ocr_line' id='line_1_24' title="bbox 395 2221 1983 2301; baseline 0.005 -27"><span class='ocrx_word' id='word_1_172' title='bbox 395 2222 489 2275; x_wconf 74' lang='grc' dir='ltr'>καὶ</span> <span class='ocrx_word' id='word_1_173' title='bbox 534 2222 568 2293; x_wconf 85' lang='grc' dir='ltr'>ή</span> <span class='ocrx_word' id='word_1_174' title='bbox 607 2221 752 2294; x_wconf 82' lang='grc' dir='ltr'>λύπη</span> <span class='ocrx_word' id='word_1_175' title='bbox 806 2224 1061 2295; x_wconf 35' lang='grc' dir='ltr'>γέλωτος,</span> <span class='ocrx_word' id='word_1_176' title='bbox 1087 2225 1289 2288; x_wconf 80' lang='grc' dir='ltr'>παντὸς</span> <span class='ocrx_word' id='word_1_177' title='bbox 1323 2227 1457 2296; x_wconf 80' lang='grc' dir='ltr'>ἡδίω</span> <span class='ocrx_word' id='word_1_178' title='bbox 1502 2228 1596 2281; x_wconf 78' lang='grc' dir='ltr'>καὶ</span> <span class='ocrx_word' id='word_1_179' title='bbox 1632 2231 1828 2300; x_wconf 76' lang='grc' dir='ltr'>χαρᾶς.</span> <span class='ocrx_word' id='word_1_180' title='bbox 1870 2230 1983 2301; x_wconf 78' lang='grc' dir='ltr'>Οὐχ</span> 
     </span>
    </p>
   </div>
   <div class='ocr_carea' id='block_1_25' title="bbox 395 2310 1983 2391">
    <p class='ocr_par' dir='ltr' id='par_1_25' title="bbox 395 2310 1983 2391">
     <span class='ocr_line' id='line_1_25' title="bbox 395 2310 1983 2391; baseline 0.004 -26"><span class='ocrx_word' id='word_1_181' title='bbox 395 2310 540 2365; x_wconf 77' lang='grc' dir='ltr'>οὕτω</span> <span class='ocrx_word' id='word_1_182' title='bbox 587 2313 718 2383; x_wconf 88' lang='grc' dir='ltr'>γοῦν</span> <span class='ocrx_word' id='word_1_183' title='bbox 758 2315 1129 2369; x_wconf 76' lang='grc' dir='ltr'>ἀναπαύονται</span> <span class='ocrx_word' id='word_1_184' title='bbox 1184 2318 1233 2369; x_wconf 85' lang='grc' dir='ltr'>οἰ</span> <span class='ocrx_word' id='word_1_185' title='bbox 1285 2317 1571 2385; x_wconf 81' lang='grc' dir='ltr'>γελῶντες,</span> <span class='ocrx_word' id='word_1_186' title='bbox 1621 2318 1696 2382; x_wconf 84' lang='grc' dir='ltr'>ὡς</span> <span class='ocrx_word' id='word_1_187' title='bbox 1739 2321 1787 2372; x_wconf 82' lang='grc' dir='ltr'>οἱ</span> <span class='ocrx_word' id='word_1_188' title='bbox 1842 2319 1983 2391; x_wconf 84' lang='grc' dir='ltr'>ὑπὲρ</span> 
     </span>
    </p>
   </div>
   <div class='ocr_carea' id='block_1_26' title="bbox 399 2402 1983 2484">
    <p class='ocr_par' dir='ltr' id='par_1_26' title="bbox 399 2402 1983 2484">
     <span class='ocr_line' id='line_1_26' title="bbox 399 2402 1983 2484; baseline 0.005 -29"><span class='ocrx_word' id='word_1_189' title='bbox 399 2402 569 2484; x_wconf 78' lang='grc' dir='ltr'>φίλων</span> <span class='ocrx_word' id='word_1_190' title='bbox 613 2403 930 2470; x_wconf 80' lang='grc' dir='ltr'>κλαίοντες’</span> <span class='ocrx_word' id='word_1_191' title='bbox 976 2403 1080 2458; x_wconf 80' lang='grc' dir='ltr'>κᾶν</span> <span class='ocrx_word' id='word_1_192' title='bbox 1124 2406 1376 2474; x_wconf 83' lang='grc' dir='ltr'>ἀπιστῇς,</span> <span class='ocrx_word' id='word_1_193' title='bbox 1428 2407 1653 2478; x_wconf 79' lang='grc' dir='ltr'>ἐπίσχες</span> <span class='ocrx_word' id='word_1_194' title='bbox 1696 2408 1875 2462; x_wconf 80' lang='grc' dir='ltr'>αὐτῶν</span> <span class='ocrx_word' id='word_1_195' title='bbox 1914 2408 1983 2463; x_wconf 81' lang='grc' dir='ltr'>τὰ</span> 
     </span>
    </p>
   </div>
   <div class='ocr_carea' id='block_1_27' title="bbox 399 2496 1985 2570">
    <p class='ocr_par' dir='ltr' id='par_1_27' title="bbox 399 2496 1985 2570">
     <span class='ocr_line' id='line_1_27' title="bbox 399 2496 1985 2570; baseline 0.004 -19"><span class='ocrx_word' id='word_1_196' title='bbox 399 2497 631 2570; x_wconf 89' lang='grc' dir='ltr'>δάκρυα,</span> <span class='ocrx_word' id='word_1_197' title='bbox 692 2498 786 2552; x_wconf 71' lang='grc' dir='ltr'>καὶ</span> <span class='ocrx_word' id='word_1_198' title='bbox 854 2496 931 2561; x_wconf 87' lang='grc' dir='ltr'>ὡς</span> <span class='ocrx_word' id='word_1_199' title='bbox 996 2497 1064 2551; x_wconf 75' lang='grc' dir='ltr'>τά</span> <span class='ocrx_word' id='word_1_200' title='bbox 1131 2499 1408 2570; x_wconf 77' lang='grc' dir='ltr'>ἀνήκεστα</span> <span class='ocrx_word' id='word_1_201' title='bbox 1480 2500 1775 2569; x_wconf 79' lang='grc' dir='ltr'>παθόντες,</span> <span class='ocrx_word' id='word_1_202' title='bbox 1842 2503 1985 2557; x_wconf 79' lang='grc' dir='ltr'>οὓτω</span> 
     </span>
    </p>
   </div>
   <div class='ocr_carea' id='block_1_28' title="bbox 399 2586 1985 2660">
    <p class='ocr_par' dir='ltr' id='par_1_28' title="bbox 399 2586 1985 2660">
     <span class='ocr_line' id='line_1_28' title="bbox 399 2586 1985 2660; baseline 0.003 -18"><span class='ocrx_word' id='word_1_203' title='bbox 399 2587 859 2659; x_wconf 84' lang='grc' dir='ltr'>δυσχεραίνουσιν.</span> <span class='ocrx_word' id='word_1_204' title='bbox 895 2586 1034 2640; x_wconf 82' lang='grc' dir='ltr'>Ἀλλ’</span> <span class='ocrx_word' id='word_1_205' title='bbox 1072 2587 1269 2659; x_wconf 81' lang='grc' dir='ltr'>ήδονὴν</span> <span class='ocrx_word' id='word_1_206' title='bbox 1308 2589 1444 2660; x_wconf 77' lang='grc' dir='ltr'>ἔχει,</span> <span class='ocrx_word' id='word_1_207' title='bbox 1475 2591 1660 2659; x_wconf 76' lang='grc' dir='ltr'>φησὶν,</span> <span class='ocrx_word' id='word_1_208' title='bbox 1698 2590 1899 2645; x_wconf 85' lang='grc' dir='ltr'>ἄτοπον</span> <span class='ocrx_word' id='word_1_209' title='bbox 1922 2592 1985 2647; x_wconf 89' lang='grc' dir='ltr'>τὸ</span> 
     </span>
    </p>
   </div>
   <div class='ocr_carea' id='block_1_29' title="bbox 401 2677 1986 2754">
    <p class='ocr_par' dir='ltr' id='par_1_29' title="bbox 401 2677 1986 2754">
     <span class='ocr_line' id='line_1_29' title="bbox 401 2677 1986 2754; baseline 0.003 -22"><span class='ocrx_word' id='word_1_210' title='bbox 401 2677 600 2748; x_wconf 80' lang='grc' dir='ltr'>φιλεῖν.</span> <span class='ocrx_word' id='word_1_211' title='bbox 648 2678 887 2747; x_wconf 72' lang='grc' dir='ltr'>Ἄπαγε,</span> <span class='ocrx_word' id='word_1_212' title='bbox 921 2678 1012 2731; x_wconf 76' lang='grc' dir='ltr'>καὶ</span> <span class='ocrx_word' id='word_1_213' title='bbox 1063 2678 1323 2749; x_wconf 84' lang='grc' dir='ltr'>εὐφήμει,</span> <span class='ocrx_word' id='word_1_214' title='bbox 1375 2679 1665 2750; x_wconf 78' lang='grc' dir='ltr'>ἄνθρωπεο</span> <span class='ocrx_word' id='word_1_215' title='bbox 1697 2680 1849 2734; x_wconf 80' lang='grc' dir='ltr'>οὐδὲν</span> <span class='ocrx_word' id='word_1_216' title='bbox 1875 2681 1986 2754; x_wconf 83' lang='grc' dir='ltr'>γὰρ</span> 
     </span>
    </p>
   </div>
   <div class='ocr_carea' id='block_1_30' title="bbox 400 2769 1986 2847">
    <p class='ocr_par' dir='ltr' id='par_1_30' title="bbox 400 2769 1986 2847">
     <span class='ocr_line' id='line_1_30' title="bbox 400 2769 1986 2847; baseline -0.011 -14"><span class='ocrx_word' id='word_1_217' title='bbox 400 2769 577 2836; x_wconf 69' lang='grc' dir='ltr'>οὕτως</span> <span class='ocrx_word' id='word_1_218' title='bbox 631 2771 826 2844; x_wconf 82' lang='grc' dir='ltr'>ἡδονῆς</span> <span class='ocrx_word' id='word_1_219' title='bbox 874 2769 1171 2842; x_wconf 83' lang='grc' dir='ltr'>καθαρεύει</span> <span class='ocrx_word' id='word_1_220' title='bbox 1215 2772 1491 2841; x_wconf 79' lang='grc' dir='ltr'>τοιαύτης.</span> <span class='ocrx_word' id='word_1_221' title='bbox 1519 2770 1595 2835; x_wconf 84' lang='grc' dir='ltr'>ὡς</span> <span class='ocrx_word' id='word_1_222' title='bbox 1624 2772 1814 2843; x_wconf 77' lang='grc' dir='ltr'>ἀγάπη</span> <span class='ocrx_word' id='word_1_223' title='bbox 1848 2790 1986 2847; x_wconf 82' lang='grc' dir='ltr'>γνη-</span> 
     </span>
    </p>
   </div>
   <div class='ocr_carea' id='block_1_31' title="bbox 406 2862 518 2919">
    <p class='ocr_par' dir='ltr' id='par_1_31' title="bbox 406 2862 518 2919">
     <span class='ocr_line' id='line_1_31' title="bbox 406 2862 518 2919; baseline 0.018 -2"><span class='ocrx_word' id='word_1_224' title='bbox 406 2862 518 2919; x_wconf 89' lang='grc' dir='ltr'>σία.</span> 
     </span>
    </p>
   </div>
   <div class='ocr_carea' id='block_1_32' title="bbox 477 3041 1993 3116">
    <p class='ocr_par' dir='ltr' id='par_1_32' title="bbox 477 3041 1993 3116">
     <span class='ocr_line' id='line_1_32' title="bbox 477 3041 1993 3116; baseline -0.001 -17"><span class='ocrx_word' id='word_1_225' title='bbox 477 3045 544 3110; x_wconf 85' lang='grc' dir='ltr'>ζ’.</span> <span class='ocrx_word' id='word_1_226' title='bbox 563 3043 656 3116; x_wconf 82' lang='grc' dir='ltr'>Μὴ</span> <span class='ocrx_word' id='word_1_227' title='bbox 686 3042 795 3113; x_wconf 87' lang='grc' dir='ltr'>γάρ</span> <span class='ocrx_word' id='word_1_228' title='bbox 825 3058 915 3112; x_wconf 90' lang='grc' dir='ltr'>μοι</span> <span class='ocrx_word' id='word_1_229' title='bbox 935 3042 1140 3113; x_wconf 86' lang='grc' dir='ltr'>ταύτην</span> <span class='ocrx_word' id='word_1_230' title='bbox 1167 3041 1329 3115; x_wconf 78' lang='grc' dir='ltr'>εἴπῃς</span> <span class='ocrx_word' id='word_1_231' title='bbox 1346 3042 1445 3114; x_wconf 79' lang='grc' dir='ltr'>τὴν</span> <span class='ocrx_word' id='word_1_232' title='bbox 1474 3042 1698 3114; x_wconf 82' lang='grc' dir='ltr'>δημώδη</span> <span class='ocrx_word' id='word_1_233' title='bbox 1733 3042 1827 3097; x_wconf 76' lang='grc' dir='ltr'>καὶ</span> <span class='ocrx_word' id='word_1_234' title='bbox 1859 3043 1993 3113; x_wconf 77' lang='grc' dir='ltr'>ἀγο-</span> 
     </span>
    </p>
   </div>
   <div class='ocr_carea' id='block_1_33' title="bbox 412 3130 1991 3209">
    <p class='ocr_par' dir='ltr' id='par_1_33' title="bbox 412 3130 1991 3209">
     <span class='ocr_line' id='line_1_33' title="bbox 412 3130 1991 3209; baseline -0.002 -18"><span class='ocrx_word' id='word_1_235' title='bbox 412 3138 585 3209; x_wconf 87' lang='grc' dir='ltr'>ραῖον,</span> <span class='ocrx_word' id='word_1_236' title='bbox 621 3136 717 3190; x_wconf 68' lang='grc' dir='ltr'>καὶ</span> <span class='ocrx_word' id='word_1_237' title='bbox 743 3133 898 3188; x_wconf 86' lang='grc' dir='ltr'>νόσον</span> <span class='ocrx_word' id='word_1_238' title='bbox 933 3133 1131 3205; x_wconf 83' lang='grc' dir='ltr'>μᾶλλον</span> <span class='ocrx_word' id='word_1_239' title='bbox 1163 3133 1195 3205; x_wconf 77' lang='grc' dir='ltr'><strong>ἢ</strong></span> <span class='ocrx_word' id='word_1_240' title='bbox 1223 3134 1441 3205; x_wconf 84' lang='grc' dir='ltr'>ἀγάπην</span> <span class='ocrx_word' id='word_1_241' title='bbox 1469 3130 1656 3201; x_wconf 75' lang='grc' dir='ltr'>οὖσαν,</span> <span class='ocrx_word' id='word_1_242' title='bbox 1691 3134 1829 3189; x_wconf 90' lang='grc' dir='ltr'>ἀλλά</span> <span class='ocrx_word' id='word_1_243' title='bbox 1860 3135 1991 3190; x_wconf 86' lang='grc' dir='ltr'>ταύ-</span> 
     </span>
    </p>
   </div>
   <div class='ocr_carea' id='block_1_34' title="bbox 409 3225 1992 3302">
    <p class='ocr_par' dir='ltr' id='par_1_34' title="bbox 409 3225 1992 3302">
     <span class='ocr_line' id='line_1_34' title="bbox 409 3225 1992 3302; baseline 0.002 -21"><span class='ocrx_word' id='word_1_244' title='bbox 409 3232 511 3299; x_wconf 85' lang='grc' dir='ltr'>την</span> <span class='ocrx_word' id='word_1_245' title='bbox 562 3228 632 3300; x_wconf 71' lang='grc' dir='ltr'>ἢν</span> <span class='ocrx_word' id='word_1_246' title='bbox 681 3227 711 3280; x_wconf 85' lang='grc' dir='ltr'>ό</span> <span class='ocrx_word' id='word_1_247' title='bbox 762 3225 975 3290; x_wconf 82' lang='grc' dir='ltr'>Παῦλος</span> <span class='ocrx_word' id='word_1_248' title='bbox 1018 3225 1285 3298; x_wconf 76' lang='grc' dir='ltr'>ἐπιζητεῖ,</span> <span class='ocrx_word' id='word_1_249' title='bbox 1325 3229 1424 3299; x_wconf 83' lang='grc' dir='ltr'>τὴν</span> <span class='ocrx_word' id='word_1_250' title='bbox 1472 3229 1531 3283; x_wconf 85' lang='grc' dir='ltr'>τὸ</span> <span class='ocrx_word' id='word_1_251' title='bbox 1574 3231 1855 3302; x_wconf 87' lang='grc' dir='ltr'>συμφέρον</span> <span class='ocrx_word' id='word_1_252' title='bbox 1881 3231 1992 3285; x_wconf 87' lang='grc' dir='ltr'>τῶν</span> 
     </span>
    </p>
   </div>
   <div class='ocr_carea' id='block_1_35' title="bbox 412 3317 1990 3403">
    <p class='ocr_par' dir='ltr' id='par_1_35' title="bbox 412 3317 1990 3403">
     <span class='ocr_line' id='line_1_35' title="bbox 412 3317 1990 3403; baseline 0.002 -29"><span class='ocrx_word' id='word_1_253' title='bbox 412 3318 1153 3403; x_wconf 38' lang='grc' dir='ltr'>ἀγαπωμένωνσσκοποῦσαν,</span> <span class='ocrx_word' id='word_1_254' title='bbox 1195 3320 1290 3373; x_wconf 81' lang='grc' dir='ltr'>καὶ</span> <span class='ocrx_word' id='word_1_255' title='bbox 1312 3319 1432 3389; x_wconf 67' lang='grc' dir='ltr'>ὄψει</span> <span class='ocrx_word' id='word_1_256' title='bbox 1451 3324 1533 3376; x_wconf 83' lang='grc' dir='ltr'>ὅτι</span> <span class='ocrx_word' id='word_1_257' title='bbox 1559 3322 1814 3393; x_wconf 81' lang='grc' dir='ltr'>πατέρων</span> <span class='ocrx_word' id='word_1_258' title='bbox 1845 3317 1990 3378; x_wconf 77' lang='grc' dir='ltr'>οὗτοι</span> 
     </span>
    </p>
   </div>
   <div class='ocr_carea' id='block_1_36' title="bbox 413 3411 1993 3487">
    <p class='ocr_par' dir='ltr' id='par_1_36' title="bbox 413 3411 1993 3487">
     <span class='ocr_line' id='line_1_36' title="bbox 413 3411 1993 3487; baseline 0.003 -21"><span class='ocrx_word' id='word_1_259' title='bbox 413 3411 905 3484; x_wconf 87' lang='grc' dir='ltr'>φιλοστοργότεροι.</span> <span class='ocrx_word' id='word_1_260' title='bbox 943 3413 1054 3467; x_wconf 98' lang='lat' dir='ltr'>Kal</span> <span class='ocrx_word' id='word_1_261' title='bbox 1099 3416 1288 3487; x_wconf 82' lang='grc' dir='ltr'>ὥσπερ</span> <span class='ocrx_word' id='word_1_262' title='bbox 1327 3415 1378 3468; x_wconf 85' lang='grc' dir='ltr'>οἰ</span> <span class='ocrx_word' id='word_1_263' title='bbox 1411 3414 1670 3487; x_wconf 87' lang='grc' dir='ltr'>χρήματα</span> <span class='ocrx_word' id='word_1_264' title='bbox 1710 3414 1993 3486; x_wconf 87' lang='grc' dir='ltr'>φιλοῦντες</span> 
     </span>
    </p>
   </div>
   <div class='ocr_carea' id='block_1_37' title="bbox 412 3503 1994 3578">
    <p class='ocr_par' dir='ltr' id='par_1_37' title="bbox 412 3503 1994 3578">
     <span class='ocr_line' id='line_1_37' title="bbox 412 3503 1994 3578; baseline 0.001 -18"><span class='ocrx_word' id='word_1_265' title='bbox 412 3505 513 3560; x_wconf 84' lang='grc' dir='ltr'>οὐκ</span> <span class='ocrx_word' id='word_1_266' title='bbox 549 3503 616 3560; x_wconf 80' lang='grc' dir='ltr'>ἂν</span> <span class='ocrx_word' id='word_1_267' title='bbox 642 3504 847 3560; x_wconf 72' lang='grc' dir='ltr'>ἕλοιντο</span> <span class='ocrx_word' id='word_1_268' title='bbox 871 3504 1179 3576; x_wconf 79' lang='grc' dir='ltr'>δαπανῆσαι</span> <span class='ocrx_word' id='word_1_269' title='bbox 1210 3506 1490 3577; x_wconf 89' lang='grc' dir='ltr'>χρήματα,</span> <span class='ocrx_word' id='word_1_270' title='bbox 1521 3505 1637 3560; x_wconf 81' lang='grc' dir='ltr'>ἀλλ’</span> <span class='ocrx_word' id='word_1_271' title='bbox 1663 3507 1813 3578; x_wconf 77' lang='grc' dir='ltr'>ἥδιον</span> <span class='ocrx_word' id='word_1_272' title='bbox 1842 3507 1909 3562; x_wconf 79' lang='grc' dir='ltr'>ἂν</span> <span class='ocrx_word' id='word_1_273' title='bbox 1934 3509 1994 3562; x_wconf 74' lang='grc' dir='ltr'>ὲν</span> 
     </span>
    </p>
   </div>
   <div class='ocr_carea' id='block_1_38' title="bbox 416 3595 1989 3672">
    <p class='ocr_par' dir='ltr' id='par_1_38' title="bbox 416 3595 1989 3672">
     <span class='ocr_line' id='line_1_38' title="bbox 416 3595 1989 3672; baseline 0.001 -20"><span class='ocrx_word' id='word_1_274' title='bbox 416 3595 748 3670; x_wconf 78' lang='grc' dir='ltr'>στενοχωρίᾳ</span> <span class='ocrx_word' id='word_1_275' title='bbox 783 3597 1059 3666; x_wconf 88' lang='grc' dir='ltr'>γενέσθαι,</span> <span class='ocrx_word' id='word_1_276' title='bbox 1098 3597 1130 3670; x_wconf 81' lang='grc' dir='ltr'>ἢ</span> <span class='ocrx_word' id='word_1_277' title='bbox 1183 3600 1368 3653; x_wconf 74' lang='grc' dir='ltr'>ἐκεῖνα</span> <span class='ocrx_word' id='word_1_278' title='bbox 1419 3599 1549 3653; x_wconf 87' lang='grc' dir='ltr'>ἰδεῖν</span> <span class='ocrx_word' id='word_1_279' title='bbox 1599 3599 1989 3672; x_wconf 84' lang='grc' dir='ltr'>έλαττούμενα·</span> 
     </span>
    </p>
   </div>
   <div class='ocr_carea' id='block_1_39' title="bbox 414 3689 1995 3763">
    <p class='ocr_par' dir='ltr' id='par_1_39' title="bbox 414 3689 1995 3763">
     <span class='ocr_line' id='line_1_39' title="bbox 414 3689 1995 3763; baseline 0.002 -20"><span class='ocrx_word' id='word_1_280' title='bbox 414 3689 558 3744; x_wconf 79' lang='grc' dir='ltr'>οὕτω</span> <span class='ocrx_word' id='word_1_281' title='bbox 606 3692 704 3744; x_wconf 79' lang='grc' dir='ltr'>καὶ</span> <span class='ocrx_word' id='word_1_282' title='bbox 742 3691 771 3744; x_wconf 88' lang='grc' dir='ltr'>ὀ</span> <span class='ocrx_word' id='word_1_283' title='bbox 802 3690 939 3761; x_wconf 87' lang='grc' dir='ltr'>πρός</span> <span class='ocrx_word' id='word_1_284' title='bbox 960 3707 1081 3744; x_wconf 92' lang='grc' dir='ltr'>τινα</span> <span class='ocrx_word' id='word_1_285' title='bbox 1118 3690 1288 3760; x_wconf 84' lang='grc' dir='ltr'>ήδέως</span> <span class='ocrx_word' id='word_1_286' title='bbox 1313 3690 1473 3761; x_wconf 85' lang='grc' dir='ltr'>έχων,</span> <span class='ocrx_word' id='word_1_287' title='bbox 1510 3690 1677 3763; x_wconf 84' lang='grc' dir='ltr'>μυρία</span> <span class='ocrx_word' id='word_1_288' title='bbox 1722 3693 1788 3746; x_wconf 85' lang='grc' dir='ltr'>ἂν</span> <span class='ocrx_word' id='word_1_289' title='bbox 1821 3691 1995 3747; x_wconf 65' lang='grc' dir='ltr'>ἕλοιτο</span> 
     </span>
    </p>
   </div>
   <div class='ocr_carea' id='block_1_40' title="bbox 415 3778 1994 3854">
    <p class='ocr_par' dir='ltr' id='par_1_40' title="bbox 415 3778 1994 3854">
     <span class='ocr_line' id='line_1_40' title="bbox 415 3778 1994 3854; baseline 0.008 -23"><span class='ocrx_word' id='word_1_290' title='bbox 415 3779 631 3842; x_wconf 82' lang='grc' dir='ltr'>παθεῖν,</span> <span class='ocrx_word' id='word_1_291' title='bbox 668 3779 704 3846; x_wconf 79' lang='grc' dir='ltr'>ἢ</span> <span class='ocrx_word' id='word_1_292' title='bbox 741 3780 834 3833; x_wconf 88' lang='grc' dir='ltr'>τὸν</span> <span class='ocrx_word' id='word_1_293' title='bbox 871 3778 1236 3850; x_wconf 82' lang='grc' dir='ltr'>ἀγαπώμενον</span> <span class='ocrx_word' id='word_1_294' title='bbox 1283 3781 1796 3854; x_wconf 88' lang='grc' dir='ltr'>καταϐλαπτόμενον</span> <span class='ocrx_word' id='word_1_295' title='bbox 1844 3785 1994 3843; x_wconf 84' lang='grc' dir='ltr'>ἰδεῖν.</span> 
     </span>
    </p>
   </div>
   <div class='ocr_carea' id='block_1_41' title="bbox 419 3866 1998 3944">
    <p class='ocr_par' dir='ltr' id='par_1_41' title="bbox 419 3866 1998 3944">
     <span class='ocr_line' id='line_1_41' title="bbox 419 3866 1998 3944; baseline 0.007 -21"><span class='ocrx_word' id='word_1_296' title='bbox 419 3870 545 3933; x_wconf 83' lang='grc' dir='ltr'>Πῶς</span> <span class='ocrx_word' id='word_1_297' title='bbox 567 3866 679 3934; x_wconf 78' lang='grc' dir='ltr'>οὖν,</span> <span class='ocrx_word' id='word_1_298' title='bbox 704 3872 858 3940; x_wconf 70' lang='grc' dir='ltr'>φησι,</span> <span class='ocrx_word' id='word_1_299' title='bbox 883 3872 976 3924; x_wconf 90' lang='grc' dir='ltr'>τὸν</span> <span class='ocrx_word' id='word_1_300' title='bbox 1008 3873 1205 3942; x_wconf 78' lang='grc' dir='ltr'>Ἰωσὴφ</span> <span class='ocrx_word' id='word_1_301' title='bbox 1235 3876 1269 3942; x_wconf 79' lang='grc' dir='ltr'><strong>ἡ</strong></span> <span class='ocrx_word' id='word_1_302' title='bbox 1295 3874 1564 3944; x_wconf 83' lang='grc' dir='ltr'>Αἰγυπτία</span> <span class='ocrx_word' id='word_1_303' title='bbox 1589 3878 1840 3944; x_wconf 88' lang='grc' dir='ltr'>φιλοῦσα,</span> <span class='ocrx_word' id='word_1_304' title='bbox 1863 3879 1998 3933; x_wconf 83' lang='grc' dir='ltr'>καθ-</span> 
     </span>
    </p>
   </div>
   <div class='ocr_carea' id='block_1_42' title="bbox 419 3961 1997 4041">
    <p class='ocr_par' dir='ltr' id='par_1_42' title="bbox 419 3961 1997 4041">
     <span class='ocr_line' id='line_1_42' title="bbox 419 3961 1997 4041; baseline 0.006 -27"><span class='ocrx_word' id='word_1_305' title='bbox 419 3961 643 4033; x_wconf 90' lang='grc' dir='ltr'>υϐρίσαι</span> <span class='ocrx_word' id='word_1_306' title='bbox 691 3962 991 4031; x_wconf 79' lang='grc' dir='ltr'>ὴθέλησενς</span> <span class='ocrx_word' id='word_1_307' title='bbox 1021 3963 1153 4015; x_wconf 83' lang='grc' dir='ltr'>Ὅτι</span> <span class='ocrx_word' id='word_1_308' title='bbox 1186 3963 1393 4034; x_wconf 88' lang='grc' dir='ltr'>ταύτην</span> <span class='ocrx_word' id='word_1_309' title='bbox 1428 3967 1600 4035; x_wconf 77' lang='grc' dir='ltr'>ἐφίλει</span> <span class='ocrx_word' id='word_1_310' title='bbox 1646 3968 1743 4039; x_wconf 82' lang='grc' dir='ltr'>τὴν</span> <span class='ocrx_word' id='word_1_311' title='bbox 1776 3970 1997 4041; x_wconf 84' lang='grc' dir='ltr'>ἀγάπην</span> 
     </span>
    </p>
   </div>
   <div class='ocr_carea' id='block_1_43' title="bbox 418 4050 1995 4131">
    <p class='ocr_par' dir='ltr' id='par_1_43' title="bbox 418 4050 1995 4131">
     <span class='ocr_line' id='line_1_43' title="bbox 418 4050 1995 4131; baseline 0.004 -25"><span class='ocrx_word' id='word_1_312' title='bbox 418 4052 519 4124; x_wconf 74' lang='grc' dir='ltr'>τὴν</span> <span class='ocrx_word' id='word_1_313' title='bbox 550 4050 700 4125; x_wconf 62' lang='grc'>[196]</span> <span class='ocrx_word' id='word_1_314' title='bbox 729 4051 1059 4124; x_wconf 85' lang='grc' dir='ltr'>διαϐολικήν.</span> <span class='ocrx_word' id='word_1_315' title='bbox 1106 4053 1163 4107; x_wconf 88' lang='lat'><strong>&#39;0</strong></span> <span class='ocrx_word' id='word_1_316' title='bbox 1210 4055 1391 4124; x_wconf 83' lang='grc' dir='ltr'>μέντοι</span> <span class='ocrx_word' id='word_1_317' title='bbox 1433 4057 1628 4129; x_wconf 83' lang='grc' dir='ltr'>Ἰωσὴφ</span> <span class='ocrx_word' id='word_1_318' title='bbox 1678 4060 1740 4113; x_wconf 77' lang='grc' dir='ltr'>οὗ</span> <span class='ocrx_word' id='word_1_319' title='bbox 1770 4061 1995 4131; x_wconf 88' lang='grc' dir='ltr'>ταύτην,</span> 
     </span>
    </p>
   </div>
   <div class='ocr_carea' id='block_1_44' title="bbox 421 4141 1998 4220">
    <p class='ocr_par' dir='ltr' id='par_1_44' title="bbox 421 4141 1998 4220">
     <span class='ocr_line' id='line_1_44' title="bbox 421 4141 1998 4220; baseline 0.001 -20"><span class='ocrx_word' id='word_1_320' title='bbox 421 4145 537 4201; x_wconf 86' lang='grc' dir='ltr'>ἀλλ’</span> <span class='ocrx_word' id='word_1_321' title='bbox 557 4146 624 4216; x_wconf 71' lang='grc' dir='ltr'>ἢν</span> <span class='ocrx_word' id='word_1_322' title='bbox 654 4147 683 4199; x_wconf 86' lang='grc' dir='ltr'><strong>ὁ</strong></span> <span class='ocrx_word' id='word_1_323' title='bbox 716 4143 928 4207; x_wconf 85' lang='grc' dir='ltr'>Παῦλος</span> <span class='ocrx_word' id='word_1_324' title='bbox 952 4143 1123 4215; x_wconf 80' lang='grc' dir='ltr'>ζητεῖ.</span> <span class='ocrx_word' id='word_1_325' title='bbox 1178 4145 1454 4215; x_wconf 82' lang='grc' dir='ltr'>Ἐννόησον</span> <span class='ocrx_word' id='word_1_326' title='bbox 1485 4141 1578 4200; x_wconf 84' lang='grc' dir='ltr'>οῦν</span> <span class='ocrx_word' id='word_1_327' title='bbox 1608 4148 1739 4218; x_wconf 78' lang='grc' dir='ltr'>ὅσης</span> <span class='ocrx_word' id='word_1_328' title='bbox 1778 4149 1998 4220; x_wconf 85' lang='grc' dir='ltr'>ἀγάπης</span> 
     </span>
    </p>
   </div>
   <div class='ocr_carea' id='block_1_45' title="bbox 420 4230 1998 4313">
    <p class='ocr_par' dir='ltr' id='par_1_45' title="bbox 420 4230 1998 4313">
     <span class='ocr_line' id='line_1_45' title="bbox 420 4230 1998 4313; baseline 0.001 -21"><span class='ocrx_word' id='word_1_329' title='bbox 420 4236 588 4294; x_wconf 81' lang='grc' dir='ltr'>αὐτοῦ</span> <span class='ocrx_word' id='word_1_330' title='bbox 635 4234 705 4289; x_wconf 81' lang='grc' dir='ltr'>τά</span> <span class='ocrx_word' id='word_1_331' title='bbox 751 4236 974 4307; x_wconf 75' lang='grc' dir='ltr'>ῥήματα</span> <span class='ocrx_word' id='word_1_332' title='bbox 1021 4230 1110 4308; x_wconf 79' lang='grc' dir='ltr'>ἦν,</span> <span class='ocrx_word' id='word_1_333' title='bbox 1143 4236 1236 4290; x_wconf 79' lang='grc' dir='ltr'>καὶ</span> <span class='ocrx_word' id='word_1_334' title='bbox 1282 4237 1351 4290; x_wconf 84' lang='grc' dir='ltr'>τὰ</span> <span class='ocrx_word' id='word_1_335' title='bbox 1395 4238 1699 4309; x_wconf 87' lang='grc' dir='ltr'>πράγματα</span> <span class='ocrx_word' id='word_1_336' title='bbox 1742 4239 1779 4295; x_wconf 80' lang='grc' dir='ltr'>ἃ</span> <span class='ocrx_word' id='word_1_337' title='bbox 1817 4240 1998 4313; x_wconf 71' lang='grc' dir='ltr'>ἐκείνη</span> 
     </span>
    </p>
   </div>
   <div class='ocr_carea' id='block_1_46' title="bbox 421 4329 2001 4403">
    <p class='ocr_par' dir='ltr' id='par_1_46' title="bbox 421 4329 2001 4403">
     <span class='ocr_line' id='line_1_46' title="bbox 421 4329 2001 4403; baseline 0.001 -17"><span class='ocrx_word' id='word_1_338' title='bbox 421 4331 593 4401; x_wconf 73' lang='grc' dir='ltr'>έλεγε³</span> <span class='ocrx_word' id='word_1_339' title='bbox 621 4329 967 4399; x_wconf 81' lang='grc' dir='ltr'>Καθύϐρισόν</span> <span class='ocrx_word' id='word_1_340' title='bbox 989 4347 1056 4401; x_wconf 90' lang='grc' dir='ltr'>με</span> <span class='ocrx_word' id='word_1_341' title='bbox 1085 4330 1179 4384; x_wconf 83' lang='grc' dir='ltr'>καὶ</span> <span class='ocrx_word' id='word_1_342' title='bbox 1202 4329 1428 4402; x_wconf 88' lang='grc' dir='ltr'>ποίησον</span> <span class='ocrx_word' id='word_1_343' title='bbox 1459 4331 1761 4403; x_wconf 80' lang='grc' dir='ltr'>μοιχαλίδα,</span> <span class='ocrx_word' id='word_1_344' title='bbox 1792 4333 2001 4388; x_wconf 77' lang='grc' dir='ltr'>καὶτὸν</span> 
     </span>
    </p>
   </div>
   <div class='ocr_carea' id='block_1_47' title="bbox 421 4426 1999 4499">
    <p class='ocr_par' dir='ltr' id='par_1_47' title="bbox 421 4426 1999 4499">
     <span class='ocr_line' id='line_1_47' title="bbox 421 4426 1999 4499; baseline -0.001 -16"><span class='ocrx_word' id='word_1_345' title='bbox 421 4427 593 4499; x_wconf 81' lang='grc' dir='ltr'>ἀνδρα</span> <span class='ocrx_word' id='word_1_346' title='bbox 626 4426 903 4498; x_wconf 86' lang='grc' dir='ltr'>άδίκησον,</span> <span class='ocrx_word' id='word_1_347' title='bbox 948 4428 1042 4480; x_wconf 79' lang='grc' dir='ltr'>καὶ</span> <span class='ocrx_word' id='word_1_348' title='bbox 1070 4426 1168 4497; x_wconf 83' lang='grc' dir='ltr'>τὴν</span> <span class='ocrx_word' id='word_1_349' title='bbox 1201 4426 1376 4481; x_wconf 88' lang='grc' dir='ltr'>οἰκίαν</span> <span class='ocrx_word' id='word_1_350' title='bbox 1417 4428 1718 4499; x_wconf 79' lang='grc' dir='ltr'>ἀνάτρεψον</span> <span class='ocrx_word' id='word_1_351' title='bbox 1759 4429 1999 4494; x_wconf 80' lang='grc' dir='ltr'>ἀπασαν,</span> 
     </span>
    </p>
   </div>
   <div class='ocr_carea' id='block_1_48' title="bbox 422 4518 1999 4592">
    <p class='ocr_par' dir='ltr' id='par_1_48' title="bbox 422 4518 1999 4592">
     <span class='ocr_line' id='line_1_48' title="bbox 422 4518 1999 4592; baseline 0 -19"><span class='ocrx_word' id='word_1_352' title='bbox 422 4520 519 4573; x_wconf 77' lang='grc' dir='ltr'>καὶ</span> <span class='ocrx_word' id='word_1_353' title='bbox 577 4519 773 4571; x_wconf 89' lang='grc' dir='ltr'>σαυτὸν</span> <span class='ocrx_word' id='word_1_354' title='bbox 823 4518 924 4582; x_wconf 88' lang='grc' dir='ltr'>τῆς</span> <span class='ocrx_word' id='word_1_355' title='bbox 975 4518 1112 4589; x_wconf 84' lang='grc' dir='ltr'>πρὸς</span> <span class='ocrx_word' id='word_1_356' title='bbox 1150 4518 1243 4571; x_wconf 85' lang='grc' dir='ltr'>τὸν</span> <span class='ocrx_word' id='word_1_357' title='bbox 1268 4518 1399 4572; x_wconf 84' lang='grc' dir='ltr'>Θεὸν</span> <span class='ocrx_word' id='word_1_358' title='bbox 1433 4518 1627 4573; x_wconf 79' lang='grc' dir='ltr'>έκϐαλε</span> <span class='ocrx_word' id='word_1_359' title='bbox 1666 4520 1999 4592; x_wconf 68' lang='grc' dir='ltr'>παρρησίας·</span> 
     </span>
    </p>
   </div>
   <div class='ocr_carea' id='block_1_49' title="bbox 425 4608 2002 4681">
    <p class='ocr_par' dir='ltr' id='par_1_49' title="bbox 425 4608 2002 4681">
     <span class='ocr_line' id='line_1_49' title="bbox 425 4608 2002 4681; baseline 0.001 -19"><span class='ocrx_word' id='word_1_360' title='bbox 425 4608 570 4678; x_wconf 70' lang='grc' dir='ltr'>ἅπερ</span> <span class='ocrx_word' id='word_1_361' title='bbox 600 4608 663 4660; x_wconf 82' lang='grc' dir='ltr'>οὐ</span> <span class='ocrx_word' id='word_1_362' title='bbox 696 4608 853 4679; x_wconf 84' lang='grc' dir='ltr'>μόνον</span> <span class='ocrx_word' id='word_1_363' title='bbox 883 4610 1116 4675; x_wconf 75' lang='grc' dir='ltr'>ἐκεῖνον,</span> <span class='ocrx_word' id='word_1_364' title='bbox 1175 4608 1291 4661; x_wconf 84' lang='grc' dir='ltr'>ἀλλ’</span> <span class='ocrx_word' id='word_1_365' title='bbox 1330 4608 1451 4661; x_wconf 74' lang='grc' dir='ltr'>οὐδὲ</span> <span class='ocrx_word' id='word_1_366' title='bbox 1499 4608 1700 4678; x_wconf 77' lang='grc' dir='ltr'>ἑαυτὴν</span> <span class='ocrx_word' id='word_1_367' title='bbox 1743 4610 2002 4681; x_wconf 84' lang='grc' dir='ltr'>φιλούσης</span> 
     </span>
    </p>
   </div>
   <div class='ocr_carea' id='block_1_50' title="bbox 424 4694 2006 4773">
    <p class='ocr_par' dir='ltr' id='par_1_50' title="bbox 424 4694 2006 4773">
     <span class='ocr_line' id='line_1_50' title="bbox 424 4694 2006 4773; baseline 0.002 -20"><span class='ocrx_word' id='word_1_368' title='bbox 424 4695 513 4771; x_wconf 80' lang='grc' dir='ltr'>ῆν.</span> <span class='ocrx_word' id='word_1_369' title='bbox 547 4694 715 4763; x_wconf 75' lang='grc' dir='ltr'>Οὗτος</span> <span class='ocrx_word' id='word_1_370' title='bbox 743 4700 802 4753; x_wconf 79' lang='grc' dir='ltr'>δὲ</span> <span class='ocrx_word' id='word_1_371' title='bbox 839 4700 1026 4770; x_wconf 75' lang='grc' dir='ltr'>ἐπειδὴ</span> <span class='ocrx_word' id='word_1_372' title='bbox 1052 4701 1293 4773; x_wconf 88' lang='grc' dir='ltr'>γνησίως</span> <span class='ocrx_word' id='word_1_373' title='bbox 1331 4700 1525 4767; x_wconf 77' lang='grc' dir='ltr'>ἐφίλει,</span> <span class='ocrx_word' id='word_1_374' title='bbox 1554 4701 1758 4754; x_wconf 83' lang='grc' dir='ltr'>τούτων</span> <span class='ocrx_word' id='word_1_375' title='bbox 1785 4703 2006 4756; x_wconf 86' lang='grc' dir='ltr'>πάντων</span> 
     </span>
    </p>
   </div>
   <div class='ocr_carea' id='block_1_51' title="bbox 427 4790 2005 4864">
    <p class='ocr_par' dir='ltr' id='par_1_51' title="bbox 427 4790 2005 4864">
     <span class='ocr_line' id='line_1_51' title="bbox 427 4790 2005 4864; baseline 0.004 -23"><span class='ocrx_word' id='word_1_376' title='bbox 427 4790 632 4862; x_wconf 80' lang='grc' dir='ltr'>ἀπῆγε.</span> <span class='ocrx_word' id='word_1_377' title='bbox 663 4791 775 4845; x_wconf 92' lang='lat' dir='ltr'>Kal</span> <span class='ocrx_word' id='word_1_378' title='bbox 816 4791 901 4843; x_wconf 83' lang='grc' dir='ltr'>ἴνα</span> <span class='ocrx_word' id='word_1_379' title='bbox 952 4791 1130 4863; x_wconf 82' lang='grc' dir='ltr'>μάθῃς</span> <span class='ocrx_word' id='word_1_380' title='bbox 1175 4794 1258 4845; x_wconf 87' lang='grc' dir='ltr'>ὃτι</span> <span class='ocrx_word' id='word_1_381' title='bbox 1295 4793 1466 4863; x_wconf 79' lang='grc' dir='ltr'>αὐτῆς</span> <span class='ocrx_word' id='word_1_382' title='bbox 1514 4792 1758 4864; x_wconf 80' lang='grc' dir='ltr'>ἐκήδετο,</span> <span class='ocrx_word' id='word_1_383' title='bbox 1794 4796 1858 4847; x_wconf 79' lang='grc' dir='ltr'>ὲκ</span> <span class='ocrx_word' id='word_1_384' title='bbox 1906 4795 2005 4864; x_wconf 88' lang='grc' dir='ltr'>τῆς</span> 
     </span>
    </p>
   </div>
   <div class='ocr_carea' id='block_1_52' title="bbox 428 4872 2007 4957">
    <p class='ocr_par' dir='ltr' id='par_1_52' title="bbox 428 4872 2007 4957">
     <span class='ocr_line' id='line_1_52' title="bbox 428 4872 2007 4957; baseline 0.003 -23"><span class='ocrx_word' id='word_1_385' title='bbox 428 4872 806 4954; x_wconf 78' lang='grc' dir='ltr'>παραινέσεως</span> <span class='ocrx_word' id='word_1_386' title='bbox 837 4880 970 4935; x_wconf 78' lang='grc' dir='ltr'>αὐτὸ</span> <span class='ocrx_word' id='word_1_387' title='bbox 1000 4883 1306 4953; x_wconf 87' lang='grc' dir='ltr'>κατάμαθε.</span> <span class='ocrx_word' id='word_1_388' title='bbox 1349 4885 1423 4937; x_wconf 80' lang='grc' dir='ltr'>υύ</span> <span class='ocrx_word' id='word_1_389' title='bbox 1464 4884 1572 4957; x_wconf 80' lang='grc' dir='ltr'>γὰρ</span> <span class='ocrx_word' id='word_1_390' title='bbox 1613 4883 1873 4938; x_wconf 83' lang='grc' dir='ltr'>ἀπώσατο</span> <span class='ocrx_word' id='word_1_391' title='bbox 1911 4886 2007 4956; x_wconf 79' lang='grc' dir='ltr'>μόο</span> 
     </span>
    </p>
   </div>
   <div class='ocr_carea' id='block_1_53' title="bbox 428 4972 2010 5048">
    <p class='ocr_par' dir='ltr' id='par_1_53' title="bbox 428 4972 2010 5048">
     <span class='ocr_line' id='line_1_53' title="bbox 428 4972 2010 5048; baseline 0.003 -19"><span class='ocrx_word' id='word_1_392' title='bbox 428 4991 520 5029; x_wconf 91' lang='grc' dir='ltr'>νον</span> <span class='ocrx_word' id='word_1_393' title='bbox 549 4973 740 5046; x_wconf 79' lang='grc' dir='ltr'>αὐτὴν,</span> <span class='ocrx_word' id='word_1_394' title='bbox 770 4972 907 5028; x_wconf 89' lang='grc' dir='ltr'>ἀλλά</span> <span class='ocrx_word' id='word_1_395' title='bbox 938 4973 1035 5028; x_wconf 72' lang='grc' dir='ltr'>καὶ</span> <span class='ocrx_word' id='word_1_396' title='bbox 1061 4975 1380 5047; x_wconf 90' lang='grc' dir='ltr'>παραίνεσιν</span> <span class='ocrx_word' id='word_1_397' title='bbox 1414 4977 1678 5048; x_wconf 78' lang='grc' dir='ltr'>εἰσήγαγε</span> <span class='ocrx_word' id='word_1_398' title='bbox 1712 4978 1892 5033; x_wconf 78' lang='grc' dir='ltr'>πᾶσαν</span> <span class='ocrx_word' id='word_1_399' title='bbox 1919 4979 2010 5033; x_wconf 88' lang='grc' dir='ltr'>δυ-</span> 
     </span>
    </p>
   </div>
   <div class='ocr_carea' id='block_1_54' title="bbox 429 5066 2008 5142">
    <p class='ocr_par' dir='ltr' id='par_1_54' title="bbox 429 5066 2008 5142">
     <span class='ocr_line' id='line_1_54' title="bbox 429 5066 2008 5142; baseline 0.001 -21"><span class='ocrx_word' id='word_1_400' title='bbox 429 5068 669 5141; x_wconf 86' lang='grc' dir='ltr'>ναμένην</span> <span class='ocrx_word' id='word_1_401' title='bbox 704 5066 896 5123; x_wconf 87' lang='grc' dir='ltr'>σϐέσαι</span> <span class='ocrx_word' id='word_1_402' title='bbox 938 5067 1137 5141; x_wconf 89' lang='grc' dir='ltr'>πυράν.</span> <span class='ocrx_word' id='word_1_403' title='bbox 1184 5071 1256 5122; x_wconf 77' lang='lat' dir='ltr'>Ei</span> <span class='ocrx_word' id='word_1_404' title='bbox 1286 5068 1396 5139; x_wconf 75' lang='grc' dir='ltr'>γὰρ</span> <span class='ocrx_word' id='word_1_405' title='bbox 1440 5072 1473 5123; x_wconf 88' lang='grc' dir='ltr'>ό</span> <span class='ocrx_word' id='word_1_406' title='bbox 1498 5070 1701 5137; x_wconf 81' lang='grc' dir='ltr'>κύριός</span> <span class='ocrx_word' id='word_1_407' title='bbox 1721 5088 1863 5140; x_wconf 85' lang='grc' dir='ltr'>μου,</span> <span class='ocrx_word' id='word_1_408' title='bbox 1900 5088 2008 5142; x_wconf 83' lang='grc' dir='ltr'>φη-</span> 
     </span>
    </p>
   </div>
   <div class='ocr_carea' id='block_1_55' title="bbox 433 5159 2010 5230">
    <p class='ocr_par' dir='ltr' id='par_1_55' title="bbox 433 5159 2010 5230">
     <span class='ocr_line' id='line_1_55' title="bbox 433 5159 2010 5230; baseline 0.003 -18"><span class='ocrx_word' id='word_1_409' title='bbox 433 5160 541 5224; x_wconf 74' lang='grc' dir='ltr'>σὶν,</span> <span class='ocrx_word' id='word_1_410' title='bbox 573 5161 646 5214; x_wconf 81' lang='grc' dir='ltr'>οὐ</span> <span class='ocrx_word' id='word_1_411' title='bbox 689 5159 969 5230; x_wconf 71' lang='grc' dir='ltr'>γινώσκει</span> <span class='ocrx_word' id='word_1_412' title='bbox 1014 5160 1102 5215; x_wconf 80' lang='grc' dir='ltr'>δι”</span> <span class='ocrx_word' id='word_1_413' title='bbox 1135 5161 1240 5230; x_wconf 69' lang='grc' dir='ltr'>ἐμὲ</span> <span class='ocrx_word' id='word_1_414' title='bbox 1279 5160 1462 5215; x_wconf 74' lang='grc' dir='ltr'>οὐδὲν</span> <span class='ocrx_word' id='word_1_415' title='bbox 1502 5161 1622 5215; x_wconf 82' lang='grc' dir='ltr'>τῶν</span> <span class='ocrx_word' id='word_1_416' title='bbox 1658 5162 1730 5215; x_wconf 80' lang='grc' dir='ltr'>ἐν</span> <span class='ocrx_word' id='word_1_417' title='bbox 1759 5161 1839 5228; x_wconf 84' lang='grc' dir='ltr'>τῷ</span> <span class='ocrx_word' id='word_1_418' title='bbox 1865 5163 2010 5228; x_wconf 80' lang='grc' dir='ltr'>οῑκῳ</span> 
     </span>
    </p>
   </div>
   <div class='ocr_carea' id='block_1_56' title="bbox 432 5247 2007 5324">
    <p class='ocr_par' dir='ltr' id='par_1_56' title="bbox 432 5247 2007 5324">
     <span class='ocr_line' id='line_1_56' title="bbox 432 5247 2007 5324; baseline 0.001 -19"><span class='ocrx_word' id='word_1_419' title='bbox 432 5247 641 5305; x_wconf 76' lang='grc' dir='ltr'>αὑτοῦ.</span> <span class='ocrx_word' id='word_1_420' title='bbox 674 5248 891 5314; x_wconf 78' lang='grc' dir='ltr'>Εὐθέως</span> <span class='ocrx_word' id='word_1_421' title='bbox 922 5252 1092 5324; x_wconf 77' lang='grc' dir='ltr'>αὐτὴν</span> <span class='ocrx_word' id='word_1_422' title='bbox 1117 5252 1390 5322; x_wconf 82' lang='grc' dir='ltr'>ἀνέμνησε</span> <span class='ocrx_word' id='word_1_423' title='bbox 1419 5251 1512 5306; x_wconf 89' lang='grc' dir='ltr'>τοῦ</span> <span class='ocrx_word' id='word_1_424' title='bbox 1551 5253 1760 5324; x_wconf 84' lang='grc' dir='ltr'>ἀνδρὸς,</span> <span class='ocrx_word' id='word_1_425' title='bbox 1802 5255 1888 5307; x_wconf 84' lang='grc' dir='ltr'>ἴνα</span> <span class='ocrx_word' id='word_1_426' title='bbox 1920 5256 2007 5308; x_wconf 82' lang='grc' dir='ltr'>ὲν-</span> 
     </span>
    </p>
   </div>
   <div class='ocr_carea' id='block_1_57' title="bbox 432 5339 2011 5415">
    <p class='ocr_par' dir='ltr' id='par_1_57' title="bbox 432 5339 2011 5415">
     <span class='ocr_line' id='line_1_57' title="bbox 432 5339 2011 5415; baseline 0.002 -19"><span class='ocrx_word' id='word_1_427' title='bbox 432 5339 633 5415; x_wconf 56' lang='grc' dir='ltr'>τρέψῃ,</span> <span class='ocrx_word' id='word_1_428' title='bbox 660 5341 772 5395; x_wconf 82' lang='lat' dir='ltr'>Kal</span> <span class='ocrx_word' id='word_1_429' title='bbox 803 5343 903 5395; x_wconf 79' lang='grc' dir='ltr'>οὐκ</span> <span class='ocrx_word' id='word_1_430' title='bbox 926 5340 1099 5407; x_wconf 76' lang='grc' dir='ltr'>εἶπεν,</span> <span class='ocrx_word' id='word_1_431' title='bbox 1147 5345 1206 5397; x_wconf 83' lang='grc'>’0</span> <span class='ocrx_word' id='word_1_432' title='bbox 1227 5346 1367 5414; x_wconf 86' lang='grc' dir='ltr'>ἀνήρ</span> <span class='ocrx_word' id='word_1_433' title='bbox 1396 5362 1512 5406; x_wconf 90' lang='grc' dir='ltr'>σου,</span> <span class='ocrx_word' id='word_1_434' title='bbox 1550 5343 1664 5397; x_wconf 79' lang='grc' dir='ltr'>ἀλλ’</span> <span class='ocrx_word' id='word_1_435' title='bbox 1698 5345 1762 5398; x_wconf 88' lang='lat'><em>&#39;0</em></span> <span class='ocrx_word' id='word_1_436' title='bbox 1805 5346 2011 5413; x_wconf 76' lang='grc' dir='ltr'>κύριός</span> 
     </span>
    </p>
   </div>
   <div class='ocr_carea' id='block_1_58' title="bbox 431 5430 2009 5505">
    <p class='ocr_par' dir='ltr' id='par_1_58' title="bbox 431 5430 2009 5505">
     <span class='ocr_line' id='line_1_58' title="bbox 431 5430 2009 5505; baseline 0.002 -19"><span class='ocrx_word' id='word_1_437' title='bbox 431 5450 569 5504; x_wconf 80' lang='grc' dir='ltr'>μου,</span> <span class='ocrx_word' id='word_1_438' title='bbox 604 5431 635 5486; x_wconf 85' lang='grc' dir='ltr'>δ</span> <span class='ocrx_word' id='word_1_439' title='bbox 665 5432 867 5503; x_wconf 80' lang='grc' dir='ltr'>μᾶλλον</span> <span class='ocrx_word' id='word_1_440' title='bbox 898 5433 1079 5487; x_wconf 85' lang='grc' dir='ltr'>ἰκανὸν</span> <span class='ocrx_word' id='word_1_441' title='bbox 1116 5430 1186 5504; x_wconf 80' lang='grc' dir='ltr'>ἦν</span> <span class='ocrx_word' id='word_1_442' title='bbox 1216 5435 1385 5504; x_wconf 80' lang='grc' dir='ltr'>αὐτὴν</span> <span class='ocrx_word' id='word_1_443' title='bbox 1420 5439 1733 5505; x_wconf 81' lang='grc' dir='ltr'>κατασχεῖν,</span> <span class='ocrx_word' id='word_1_444' title='bbox 1759 5438 1854 5491; x_wconf 78' lang='grc' dir='ltr'>καὶ</span> <span class='ocrx_word' id='word_1_445' title='bbox 1888 5438 2009 5490; x_wconf 83' lang='grc' dir='ltr'>πεῖ-</span> 
     </span>
    </p>
   </div>
   <div class='ocr_carea' id='block_1_59' title="bbox 436 5518 2007 5595">
    <p class='ocr_par' dir='ltr' id='par_1_59' title="bbox 436 5518 2007 5595">
     <span class='ocr_line' id='line_1_59' title="bbox 436 5518 2007 5595; baseline 0.001 -18"><span class='ocrx_word' id='word_1_446' title='bbox 436 5540 528 5577; x_wconf 84' lang='grc' dir='ltr'>σαι</span> <span class='ocrx_word' id='word_1_447' title='bbox 555 5522 807 5595; x_wconf 71' lang='grc' dir='ltr'>ἐννοῆσαι</span> <span class='ocrx_word' id='word_1_448' title='bbox 843 5523 928 5588; x_wconf 86' lang='grc' dir='ltr'>τίς</span> <span class='ocrx_word' id='word_1_449' title='bbox 957 5518 1093 5576; x_wconf 82' lang='grc' dir='ltr'>οὖσα</span> <span class='ocrx_word' id='word_1_450' title='bbox 1130 5524 1276 5586; x_wconf 86' lang='grc' dir='ltr'>τίνος</span> <span class='ocrx_word' id='word_1_451' title='bbox 1302 5525 1422 5595; x_wconf 78' lang='grc' dir='ltr'>ἐρᾷ.</span> <span class='ocrx_word' id='word_1_452' title='bbox 1448 5527 1531 5577; x_wconf 82' lang='grc' dir='ltr'>ὅτι</span> <span class='ocrx_word' id='word_1_453' title='bbox 1567 5525 1824 5581; x_wconf 87' lang='grc' dir='ltr'>δέσποινα</span> <span class='ocrx_word' id='word_1_454' title='bbox 1851 5522 2007 5590; x_wconf 76' lang='grc' dir='ltr'>οὖσα,</span> 
     </span>
    </p>
   </div>
   <div class='ocr_carea' id='block_1_60' title="bbox 435 5614 2013 5688">
    <p class='ocr_par' dir='ltr' id='par_1_60' title="bbox 435 5614 2013 5688">
     <span class='ocr_line' id='line_1_60' title="bbox 435 5614 2013 5688; baseline 0.002 -21"><span class='ocrx_word' id='word_1_455' title='bbox 435 5614 642 5670; x_wconf 84' lang='grc' dir='ltr'>δούλου.</span> <span class='ocrx_word' id='word_1_456' title='bbox 691 5615 754 5669; x_wconf 75' lang='lat' dir='ltr'><strong><em>El</em></strong></span> <span class='ocrx_word' id='word_1_457' title='bbox 785 5614 896 5688; x_wconf 88' lang='lat'>7&amp;9</span> <span class='ocrx_word' id='word_1_458' title='bbox 936 5615 1141 5677; x_wconf 70' lang='grc' dir='ltr'>έκεῖνος</span> <span class='ocrx_word' id='word_1_459' title='bbox 1179 5614 1389 5684; x_wconf 85' lang='grc' dir='ltr'>κύριος,</span> <span class='ocrx_word' id='word_1_460' title='bbox 1446 5614 1541 5667; x_wconf 77' lang='grc' dir='ltr'>καὶ</span> <span class='ocrx_word' id='word_1_461' title='bbox 1579 5615 1644 5667; x_wconf 81' lang='grc' dir='ltr'>σὺ</span> <span class='ocrx_word' id='word_1_462' title='bbox 1688 5616 1873 5685; x_wconf 89' lang='grc' dir='ltr'>κυρία,</span> <span class='ocrx_word' id='word_1_463' title='bbox 1918 5618 2013 5670; x_wconf 81' lang='grc' dir='ltr'>Αἰ-</span> 
     </span>
    </p>
   </div>
   <div class='ocr_carea' id='block_1_61' title="bbox 438 5705 2013 5781">
    <p class='ocr_par' dir='ltr' id='par_1_61' title="bbox 438 5705 2013 5781">
     <span class='ocr_line' id='line_1_61' title="bbox 438 5705 2013 5781; baseline 0.001 -21"><span class='ocrx_word' id='word_1_464' title='bbox 438 5706 697 5781; x_wconf 86' lang='grc' dir='ltr'>σχύνθητι</span> <span class='ocrx_word' id='word_1_465' title='bbox 750 5706 927 5763; x_wconf 84' lang='grc' dir='ltr'>τοίνυν</span> <span class='ocrx_word' id='word_1_466' title='bbox 978 5706 1076 5779; x_wconf 75' lang='grc' dir='ltr'>τὴν</span> <span class='ocrx_word' id='word_1_467' title='bbox 1123 5705 1261 5778; x_wconf 81' lang='grc' dir='ltr'>πρὸς</span> <span class='ocrx_word' id='word_1_468' title='bbox 1300 5705 1391 5759; x_wconf 85' lang='grc' dir='ltr'>τὸν</span> <span class='ocrx_word' id='word_1_469' title='bbox 1418 5705 1602 5760; x_wconf 81' lang='grc' dir='ltr'>δοῦλον</span> <span class='ocrx_word' id='word_1_470' title='bbox 1636 5706 1871 5777; x_wconf 76' lang='grc' dir='ltr'>ὁμιλίαν,</span> <span class='ocrx_word' id='word_1_471' title='bbox 1918 5709 2013 5765; x_wconf 71' lang='grc' dir='ltr'>καὶ</span> 
     </span>
    </p>
   </div>
   <div class='ocr_carea' id='block_1_62' title="bbox 2078 468 3659 554">
    <p class='ocr_par' dir='ltr' id='par_1_62' title="bbox 2078 468 3659 554">
     <span class='ocr_line' id='line_1_62' title="bbox 2078 468 3659 554; baseline 0.012 -33"><span class='ocrx_word' id='word_1_472' title='bbox 2078 468 2174 522; x_wconf 75' lang='grc' dir='ltr'>καὶ</span> <span class='ocrx_word' id='word_1_473' title='bbox 2215 472 2344 541; x_wconf 79' lang='grc' dir='ltr'>περὶ</span> <span class='ocrx_word' id='word_1_474' title='bbox 2371 473 2492 527; x_wconf 91' lang='grc' dir='ltr'>τίνα</span> <span class='ocrx_word' id='word_1_475' title='bbox 2521 474 2815 547; x_wconf 87' lang='grc' dir='ltr'>ἀχάριστος</span> <span class='ocrx_word' id='word_1_476' title='bbox 2850 480 2976 554; x_wconf 87' lang='grc' dir='ltr'>γίνῃ</span> <span class='ocrx_word' id='word_1_477' title='bbox 3021 482 3115 535; x_wconf 72' lang='grc' dir='ltr'>καὶ</span> <span class='ocrx_word' id='word_1_478' title='bbox 3142 482 3430 553; x_wconf 84' lang='grc' dir='ltr'>ἀγνώμων,</span> <span class='ocrx_word' id='word_1_479' title='bbox 3455 490 3548 539; x_wconf 70' lang='grc' dir='ltr'>καὶ</span> <span class='ocrx_word' id='word_1_480' title='bbox 3575 487 3659 540; x_wconf 79' lang='grc' dir='ltr'>ὃτι</span> 
     </span>
    </p>
   </div>
   <div class='ocr_carea' id='block_1_63' title="bbox 2078 561 3661 649">
    <p class='ocr_par' dir='ltr' id='par_1_63' title="bbox 2078 561 3661 649">
     <span class='ocr_line' id='line_1_63' title="bbox 2078 561 3661 649; baseline 0.011 -36"><span class='ocrx_word' id='word_1_481' title='bbox 2078 561 2188 629; x_wconf 75' lang='grc' dir='ltr'>ἐγὼ</span> <span class='ocrx_word' id='word_1_482' title='bbox 2239 563 2460 621; x_wconf 86' lang='grc' dir='ltr'>πλείονα</span> <span class='ocrx_word' id='word_1_483' title='bbox 2505 568 2657 638; x_wconf 83' lang='grc' dir='ltr'>αὐτῷ</span> <span class='ocrx_word' id='word_1_484' title='bbox 2700 571 2959 642; x_wconf 87' lang='grc' dir='ltr'>ἀπονέμω</span> <span class='ocrx_word' id='word_1_485' title='bbox 2996 571 3228 629; x_wconf 78' lang='grc' dir='ltr'>εὔνοιαν.</span> <span class='ocrx_word' id='word_1_486' title='bbox 3261 576 3372 629; x_wconf 86' lang='lat' dir='ltr'>Kal</span> <span class='ocrx_word' id='word_1_487' title='bbox 3405 578 3511 649; x_wconf 85' lang='grc' dir='ltr'>ὅρα</span> <span class='ocrx_word' id='word_1_488' title='bbox 3545 578 3661 642; x_wconf 82' lang='grc' dir='ltr'>πῶς</span> 
     </span>
    </p>
   </div>
   <div class='ocr_carea' id='block_1_64' title="bbox 2078 652 3662 739">
    <p class='ocr_par' dir='ltr' id='par_1_64' title="bbox 2078 652 3662 739">
     <span class='ocr_line' id='line_1_64' title="bbox 2078 652 3662 739; baseline 0.012 -35"><span class='ocrx_word' id='word_1_489' title='bbox 2078 652 2297 722; x_wconf 68' lang='grc' dir='ltr'>ἐπαίρει</span> <span class='ocrx_word' id='word_1_490' title='bbox 2346 655 2514 710; x_wconf 85' lang='grc' dir='ltr'>αὐτοῦ</span> <span class='ocrx_word' id='word_1_491' title='bbox 2567 658 2667 722; x_wconf 83' lang='grc' dir='ltr'>τὰς</span> <span class='ocrx_word' id='word_1_492' title='bbox 2716 660 3056 731; x_wconf 81' lang='grc' dir='ltr'>εὐεργεσίας.</span> <span class='ocrx_word' id='word_1_493' title='bbox 3106 665 3323 735; x_wconf 80' lang='grc' dir='ltr'>Ἐπειδὴ</span> <span class='ocrx_word' id='word_1_494' title='bbox 3368 667 3479 739; x_wconf 86' lang='lat'>7&amp;9</span> <span class='ocrx_word' id='word_1_495' title='bbox 3510 668 3662 723; x_wconf 78' lang='grc' dir='ltr'>οὐδὲν</span> 
     </span>
    </p>
   </div>
   <div class='ocr_carea' id='block_1_65' title="bbox 2078 740 3666 828">
    <p class='ocr_par' dir='ltr' id='par_1_65' title="bbox 2078 740 3666 828">
     <span class='ocr_line' id='line_1_65' title="bbox 2078 740 3666 828; baseline 0.012 -35"><span class='ocrx_word' id='word_1_496' title='bbox 2078 740 2186 793; x_wconf 86' lang='grc' dir='ltr'>τῶν</span> <span class='ocrx_word' id='word_1_497' title='bbox 2219 742 2438 813; x_wconf 73' lang='grc' dir='ltr'>ὑψηλῶν</span> <span class='ocrx_word' id='word_1_498' title='bbox 2464 748 2716 818; x_wconf 80' lang='grc' dir='ltr'>ἐννοῆσαι</span> <span class='ocrx_word' id='word_1_499' title='bbox 2744 749 2973 819; x_wconf 76' lang='grc' dir='ltr'>ἠδύνατο</span> <span class='ocrx_word' id='word_1_500' title='bbox 3000 754 3033 823; x_wconf 86' lang='grc' dir='ltr'>ή</span> <span class='ocrx_word' id='word_1_501' title='bbox 3061 752 3336 825; x_wconf 89' lang='grc' dir='ltr'>βάρϐαρος</span> <span class='ocrx_word' id='word_1_502' title='bbox 3357 757 3544 828; x_wconf 80' lang='grc' dir='ltr'>ἐκείνη</span> <span class='ocrx_word' id='word_1_503' title='bbox 3573 758 3666 812; x_wconf 74' lang='grc' dir='ltr'>καὶ</span> 
     </span>
    </p>
   </div>
   <div class='ocr_carea' id='block_1_66' title="bbox 2081 831 3666 919">
    <p class='ocr_par' dir='ltr' id='par_1_66' title="bbox 2081 831 3666 919">
     <span class='ocr_line' id='line_1_66' title="bbox 2081 831 3666 919; baseline 0.012 -35"><span class='ocrx_word' id='word_1_504' title='bbox 2081 831 2401 898; x_wconf 85' lang='grc' dir='ltr'>ἀκόλαστος,</span> <span class='ocrx_word' id='word_1_505' title='bbox 2435 836 2544 890; x_wconf 77' lang='grc' dir='ltr'>ἀπὸ</span> <span class='ocrx_word' id='word_1_506' title='bbox 2573 838 2681 891; x_wconf 82' lang='grc' dir='ltr'>τῶν</span> <span class='ocrx_word' id='word_1_507' title='bbox 2713 839 3070 910; x_wconf 86' lang='grc' dir='ltr'>ἀνθρωπίνων</span> <span class='ocrx_word' id='word_1_508' title='bbox 3098 844 3266 917; x_wconf 77' lang='grc' dir='ltr'>αὐτὴν</span> <span class='ocrx_word' id='word_1_509' title='bbox 3293 847 3546 919; x_wconf 71' lang='grc' dir='ltr'>ἐντρέπει</span> <span class='ocrx_word' id='word_1_510' title='bbox 3577 847 3666 903; x_wconf 82' lang='grc' dir='ltr'>λέ-</span> 
     </span>
    </p>
   </div>
   <div class='ocr_carea' id='block_1_67' title="bbox 2079 926 3668 1011">
    <p class='ocr_par' dir='ltr' id='par_1_67' title="bbox 2079 926 3668 1011">
     <span class='ocr_line' id='line_1_67' title="bbox 2079 926 3668 1011; baseline 0.011 -35"><span class='ocrx_word' id='word_1_511' title='bbox 2079 938 2214 991; x_wconf 87' lang='grc' dir='ltr'>γων·</span> <span class='ocrx_word' id='word_1_512' title='bbox 2255 927 2337 980; x_wconf 84' lang='grc' dir='ltr'>Οὐ</span> <span class='ocrx_word' id='word_1_513' title='bbox 2369 926 2650 996; x_wconf 78' lang='grc' dir='ltr'>γινώσκει</span> <span class='ocrx_word' id='word_1_514' title='bbox 2682 930 2756 983; x_wconf 76' lang='grc' dir='ltr'>δι’</span> <span class='ocrx_word' id='word_1_515' title='bbox 2785 931 2892 1000; x_wconf 78' lang='grc' dir='ltr'>ἐμὲ</span> <span class='ocrx_word' id='word_1_516' title='bbox 2918 932 3119 987; x_wconf 78' lang='grc' dir='ltr'>οὐδέν’</span> <span class='ocrx_word' id='word_1_517' title='bbox 3156 936 3462 1001; x_wconf 86' lang='grc' dir='ltr'>τουτέστιν,</span> <span class='ocrx_word' id='word_1_518' title='bbox 3495 940 3668 1011; x_wconf 75' lang='grc' dir='ltr'>Εὐερ-</span> 
     </span>
    </p>
   </div>
   <div class='ocr_carea' id='block_1_68' title="bbox 2080 1018 3665 1101">
    <p class='ocr_par' dir='ltr' id='par_1_68' title="bbox 2080 1018 3665 1101">
     <span class='ocr_line' id='line_1_68' title="bbox 2080 1018 3665 1101; baseline 0.009 -31"><span class='ocrx_word' id='word_1_519' title='bbox 2080 1018 2235 1085; x_wconf 77' lang='grc' dir='ltr'>γετεῐ</span> <span class='ocrx_word' id='word_1_520' title='bbox 2268 1034 2336 1087; x_wconf 86' lang='grc' dir='ltr'>με</span> <span class='ocrx_word' id='word_1_521' title='bbox 2367 1019 2601 1089; x_wconf 88' lang='grc' dir='ltr'>μεγάλα,</span> <span class='ocrx_word' id='word_1_522' title='bbox 2633 1023 2724 1075; x_wconf 78' lang='grc' dir='ltr'>καὶ</span> <span class='ocrx_word' id='word_1_523' title='bbox 2760 1024 2823 1078; x_wconf 79' lang='grc' dir='ltr'>οὐ</span> <span class='ocrx_word' id='word_1_524' title='bbox 2850 1023 3088 1097; x_wconf 87' lang='grc' dir='ltr'>δύναμαι</span> <span class='ocrx_word' id='word_1_525' title='bbox 3137 1028 3230 1082; x_wconf 84' lang='grc' dir='ltr'>τὸν</span> <span class='ocrx_word' id='word_1_526' title='bbox 3259 1030 3572 1101; x_wconf 84' lang='grc' dir='ltr'>προστάτην</span> <span class='ocrx_word' id='word_1_527' title='bbox 3606 1033 3665 1085; x_wconf 74' lang='grc' dir='ltr'>έν</span> 
     </span>
    </p>
   </div>
   <div class='ocr_carea' id='block_1_69' title="bbox 2080 1109 3666 1194">
    <p class='ocr_par' dir='ltr' id='par_1_69' title="bbox 2080 1109 3666 1194">
     <span class='ocr_line' id='line_1_69' title="bbox 2080 1109 3666 1194; baseline 0.009 -32"><span class='ocrx_word' id='word_1_528' title='bbox 2080 1112 2195 1175; x_wconf 86' lang='grc' dir='ltr'>τοῖς</span> <span class='ocrx_word' id='word_1_529' title='bbox 2228 1110 2439 1182; x_wconf 85' lang='grc' dir='ltr'>κυρίοις</span> <span class='ocrx_word' id='word_1_530' title='bbox 2464 1113 2686 1184; x_wconf 81' lang='grc' dir='ltr'>πλῆξαι.</span> <span class='ocrx_word' id='word_1_531' title='bbox 2720 1116 2851 1187; x_wconf 73' lang='grc' dir='ltr'>Ἐμὲ</span> <span class='ocrx_word' id='word_1_532' title='bbox 2874 1115 3126 1188; x_wconf 85' lang='grc' dir='ltr'>δεύτερον</span> <span class='ocrx_word' id='word_1_533' title='bbox 3148 1120 3375 1190; x_wconf 80' lang='grc' dir='ltr'>ἐποίησε</span> <span class='ocrx_word' id='word_1_534' title='bbox 3399 1109 3666 1194; x_wconf 75' lang='grc' dir='ltr'>δεσπότην</span> 
     </span>
    </p>
   </div>
   <div class='ocr_carea' id='block_1_70' title="bbox 2081 1203 3665 1281">
    <p class='ocr_par' dir='ltr' id='par_1_70' title="bbox 2081 1203 3665 1281">
     <span class='ocr_line' id='line_1_70' title="bbox 2081 1203 3665 1281; baseline 0.008 -27"><span class='ocrx_word' id='word_1_535' title='bbox 2081 1203 2432 1271; x_wconf 65' lang='grc' dir='ltr'>τῆςνοίκίας,</span> <span class='ocrx_word' id='word_1_536' title='bbox 2484 1205 2601 1271; x_wconf 72' lang='grc' dir='ltr'>καὶ,</span> <span class='ocrx_word' id='word_1_537' title='bbox 2637 1206 2849 1274; x_wconf 78' lang='grc' dir='ltr'>Οὐδεὶς</span> <span class='ocrx_word' id='word_1_538' title='bbox 2896 1209 3272 1277; x_wconf 76' lang='grc' dir='ltr'>ὑπεξῄρηται</span> <span class='ocrx_word' id='word_1_539' title='bbox 3310 1229 3460 1281; x_wconf 82' lang='grc' dir='ltr'>μου,</span> <span class='ocrx_word' id='word_1_540' title='bbox 3495 1212 3665 1281; x_wconf 71' lang='grc' dir='ltr'>πλὴν</span> 
     </span>
    </p>
   </div>
   <div class='ocr_carea' id='block_1_71' title="bbox 2083 1293 3663 1373">
    <p class='ocr_par' dir='ltr' id='par_1_71' title="bbox 2083 1293 3663 1373">
     <span class='ocr_line' id='line_1_71' title="bbox 2083 1293 3663 1373; baseline 0.008 -27"><span class='ocrx_word' id='word_1_541' title='bbox 2083 1293 2221 1347; x_wconf 84' lang='grc' dir='ltr'>σοῦ.</span> <span class='ocrx_word' id='word_1_542' title='bbox 2262 1293 2528 1350; x_wconf 87' lang='grc' dir='ltr'>Ἐνταῦθα</span> <span class='ocrx_word' id='word_1_543' title='bbox 2563 1297 2779 1369; x_wconf 72' lang='grc' dir='ltr'>έπαίρει</span> <span class='ocrx_word' id='word_1_544' title='bbox 2825 1300 2995 1370; x_wconf 75' lang='grc' dir='ltr'>αὐτῆς</span> <span class='ocrx_word' id='word_1_545' title='bbox 3024 1300 3085 1354; x_wconf 89' lang='grc' dir='ltr'>τὸ</span> <span class='ocrx_word' id='word_1_546' title='bbox 3118 1301 3395 1373; x_wconf 86' lang='grc' dir='ltr'>φρόνημα,</span> <span class='ocrx_word' id='word_1_547' title='bbox 3436 1303 3524 1357; x_wconf 83' lang='grc' dir='ltr'>ἴνα</span> <span class='ocrx_word' id='word_1_548' title='bbox 3558 1304 3663 1358; x_wconf 74' lang='grc' dir='ltr'>κᾶν</span> 
     </span>
    </p>
   </div>
   <div class='ocr_carea' id='block_1_72' title="bbox 2084 1382 3665 1465">
    <p class='ocr_par' dir='ltr' id='par_1_72' title="bbox 2084 1382 3665 1465">
     <span class='ocr_line' id='line_1_72' title="bbox 2084 1382 3665 1465; baseline 0.006 -29"><span class='ocrx_word' id='word_1_549' title='bbox 2084 1382 2258 1449; x_wconf 78' lang='grc' dir='ltr'>οὕτως</span> <span class='ocrx_word' id='word_1_550' title='bbox 2291 1387 2646 1458; x_wconf 75' lang='grc' dir='ltr'>αἰσχυνθῆναι</span> <span class='ocrx_word' id='word_1_551' title='bbox 2677 1390 3097 1462; x_wconf 85' lang='grc' dir='ltr'>παρασκευάσῃ,</span> <span class='ocrx_word' id='word_1_552' title='bbox 3122 1393 3214 1445; x_wconf 73' lang='grc' dir='ltr'>καὶ</span> <span class='ocrx_word' id='word_1_553' title='bbox 3240 1392 3388 1465; x_wconf 83' lang='grc' dir='ltr'>δείξῃ</span> <span class='ocrx_word' id='word_1_554' title='bbox 3424 1393 3665 1463; x_wconf 79' lang='grc' dir='ltr'>μεγάλην</span> 
     </span>
    </p>
   </div>
   <div class='ocr_carea' id='block_1_73' title="bbox 2084 1471 3671 1556">
    <p class='ocr_par' dir='ltr' id='par_1_73' title="bbox 2084 1471 3671 1556">
     <span class='ocr_line' id='line_1_73' title="bbox 2084 1471 3671 1556; baseline 0.008 -29"><span class='ocrx_word' id='word_1_555' title='bbox 2084 1471 2249 1530; x_wconf 80' lang='grc' dir='ltr'>οὖσαν</span> <span class='ocrx_word' id='word_1_556' title='bbox 2283 1476 2384 1549; x_wconf 80' lang='grc' dir='ltr'>τὴν</span> <span class='ocrx_word' id='word_1_557' title='bbox 2428 1481 2615 1550; x_wconf 83' lang='grc' dir='ltr'>τιμήν.</span> <span class='ocrx_word' id='word_1_558' title='bbox 2642 1481 2753 1534; x_wconf 89' lang='lat' dir='ltr'>Kal</span> <span class='ocrx_word' id='word_1_559' title='bbox 2775 1481 2897 1535; x_wconf 75' lang='grc' dir='ltr'>οὐδὲ</span> <span class='ocrx_word' id='word_1_560' title='bbox 2928 1482 3090 1553; x_wconf 87' lang='grc' dir='ltr'>μέχρι</span> <span class='ocrx_word' id='word_1_561' title='bbox 3131 1482 3318 1536; x_wconf 83' lang='grc' dir='ltr'>τούτου</span> <span class='ocrx_word' id='word_1_562' title='bbox 3349 1483 3501 1556; x_wconf 77' lang='grc' dir='ltr'>ἔστη.</span> <span class='ocrx_word' id='word_1_563' title='bbox 3535 1485 3671 1539; x_wconf 84' lang='grc' dir='ltr'>ἀλλὰ</span> 
     </span>
    </p>
   </div>
   <div class='ocr_carea' id='block_1_74' title="bbox 2086 1568 3667 1644">
    <p class='ocr_par' dir='ltr' id='par_1_74' title="bbox 2086 1568 3667 1644">
     <span class='ocr_line' id='line_1_74' title="bbox 2086 1568 3667 1644; baseline 0.006 -24"><span class='ocrx_word' id='word_1_564' title='bbox 2086 1568 2182 1620; x_wconf 73' lang='grc' dir='ltr'>καὶ</span> <span class='ocrx_word' id='word_1_565' title='bbox 2210 1568 2491 1639; x_wconf 80' lang='grc' dir='ltr'>ἐπήγαγεν</span> <span class='ocrx_word' id='word_1_566' title='bbox 2520 1570 2692 1642; x_wconf 74' lang='grc' dir='ltr'>ὄνομα</span> <span class='ocrx_word' id='word_1_567' title='bbox 2723 1573 2905 1627; x_wconf 87' lang='grc' dir='ltr'>ἱκανὸν</span> <span class='ocrx_word' id='word_1_568' title='bbox 2928 1573 3095 1643; x_wconf 78' lang='grc' dir='ltr'>αὐτὴν</span> <span class='ocrx_word' id='word_1_569' title='bbox 3129 1578 3448 1644; x_wconf 82' lang='grc' dir='ltr'>κατασχεῖν,</span> <span class='ocrx_word' id='word_1_570' title='bbox 3472 1576 3667 1644; x_wconf 83' lang='grc' dir='ltr'>λέγων·</span> 
     </span>
    </p>
   </div>
   <div class='ocr_carea' id='block_1_75' title="bbox 2087 1657 3673 1736">
    <p class='ocr_par' dir='ltr' id='par_1_75' title="bbox 2087 1657 3673 1736">
     <span class='ocr_line' id='line_1_75' title="bbox 2087 1657 3673 1736; baseline 0.006 -25"><span class='ocrx_word' id='word_1_571' title='bbox 2087 1657 2191 1712; x_wconf 87' lang='grc' dir='ltr'>Διὰ</span> <span class='ocrx_word' id='word_1_572' title='bbox 2224 1659 2293 1713; x_wconf 87' lang='grc' dir='ltr'>τό</span> <span class='ocrx_word' id='word_1_573' title='bbox 2329 1674 2405 1713; x_wconf 84' lang='grc' dir='ltr'>σε</span> <span class='ocrx_word' id='word_1_574' title='bbox 2437 1661 2697 1730; x_wconf 75' lang='grc' dir='ltr'>γυναῖκα</span> <span class='ocrx_word' id='word_1_575' title='bbox 2729 1662 2916 1717; x_wconf 81' lang='grc' dir='ltr'>αὑτοῦ</span> <span class='ocrx_word' id='word_1_576' title='bbox 2944 1660 3117 1731; x_wconf 76' lang='grc' dir='ltr'>εἶναι,</span> <span class='ocrx_word' id='word_1_577' title='bbox 3149 1665 3247 1719; x_wconf 77' lang='grc' dir='ltr'>καὶ</span> <span class='ocrx_word' id='word_1_578' title='bbox 3279 1664 3406 1733; x_wconf 82' lang='grc' dir='ltr'>πῶς</span> <span class='ocrx_word' id='word_1_579' title='bbox 3436 1666 3673 1736; x_wconf 78' lang='grc' dir='ltr'>ποιήσω</span> 
     </span>
    </p>
   </div>
   <div class='ocr_carea' id='block_1_76' title="bbox 2087 1747 3671 1825">
    <p class='ocr_par' dir='ltr' id='par_1_76' title="bbox 2087 1747 3671 1825">
     <span class='ocr_line' id='line_1_76' title="bbox 2087 1747 3671 1825; baseline 0.006 -23"><span class='ocrx_word' id='word_1_580' title='bbox 2087 1748 2153 1802; x_wconf 85' lang='grc' dir='ltr'>τὸ</span> <span class='ocrx_word' id='word_1_581' title='bbox 2185 1747 2350 1819; x_wconf 77' lang='grc' dir='ltr'>ῥῆμα</span> <span class='ocrx_word' id='word_1_582' title='bbox 2383 1750 2450 1805; x_wconf 86' lang='grc' dir='ltr'>τὸ</span> <span class='ocrx_word' id='word_1_583' title='bbox 2482 1755 2753 1822; x_wconf 80' lang='grc' dir='ltr'>πονηρὸν</span> <span class='ocrx_word' id='word_1_584' title='bbox 2789 1754 2996 1818; x_wconf 75' lang='grc' dir='ltr'>τοῦτο,</span> <span class='ocrx_word' id='word_1_585' title='bbox 3044 1755 3205 1810; x_wconf 81' lang='grc' dir='ltr'>Ἀλλὰ</span> <span class='ocrx_word' id='word_1_586' title='bbox 3248 1756 3301 1810; x_wconf 89' lang='grc' dir='ltr'>τί</span> <span class='ocrx_word' id='word_1_587' title='bbox 3342 1757 3558 1825; x_wconf 85' lang='grc' dir='ltr'>λέγεις;</span> <span class='ocrx_word' id='word_1_588' title='bbox 3591 1759 3671 1812; x_wconf 81' lang='grc' dir='ltr'>ὅτι</span> 
     </span>
    </p>
   </div>
   <div class='ocr_carea' id='block_1_77' title="bbox 2087 1840 3674 1916">
    <p class='ocr_par' dir='ltr' id='par_1_77' title="bbox 2087 1840 3674 1916">
     <span class='ocr_line' id='line_1_77' title="bbox 2087 1840 3674 1916; baseline 0.007 -24"><span class='ocrx_word' id='word_1_589' title='bbox 2087 1840 2148 1894; x_wconf 89' lang='grc' dir='ltr'>οὺ</span> <span class='ocrx_word' id='word_1_590' title='bbox 2183 1840 2449 1913; x_wconf 88' lang='grc' dir='ltr'>πάρεστιν</span> <span class='ocrx_word' id='word_1_591' title='bbox 2476 1845 2504 1896; x_wconf 87' lang='grc' dir='ltr'>ό</span> <span class='ocrx_word' id='word_1_592' title='bbox 2533 1844 2691 1916; x_wconf 76' lang='grc' dir='ltr'>ἀνὴρ,</span> <span class='ocrx_word' id='word_1_593' title='bbox 2725 1846 2845 1899; x_wconf 81' lang='grc' dir='ltr'>οὐδὲ</span> <span class='ocrx_word' id='word_1_594' title='bbox 2872 1842 3013 1900; x_wconf 76' lang='grc' dir='ltr'>οἶδεν</span> <span class='ocrx_word' id='word_1_595' title='bbox 3035 1848 3116 1900; x_wconf 83' lang='grc' dir='ltr'>ὅτι</span> <span class='ocrx_word' id='word_1_596' title='bbox 3136 1847 3441 1915; x_wconf 78' lang='grc' dir='ltr'>ἀδικεῖται;</span> <span class='ocrx_word' id='word_1_597' title='bbox 3478 1848 3621 1901; x_wconf 77' lang='grc' dir='ltr'>Ἀλλ’</span> <span class='ocrx_word' id='word_1_598' title='bbox 3645 1852 3674 1903; x_wconf 87' lang='grc' dir='ltr'>ό</span> 
     </span>
    </p>
   </div>
   <div class='ocr_carea' id='block_1_78' title="bbox 2088 1932 3675 2011">
    <p class='ocr_par' dir='ltr' id='par_1_78' title="bbox 2088 1932 3675 2011">
     <span class='ocr_line' id='line_1_78' title="bbox 2088 1932 3675 2011; baseline 0.006 -27"><span class='ocrx_word' id='word_1_599' title='bbox 2088 1932 2220 1998; x_wconf 85' lang='grc' dir='ltr'>Θεὸς</span> <span class='ocrx_word' id='word_1_600' title='bbox 2252 1934 2534 2005; x_wconf 77' lang='grc' dir='ltr'>ἐπόψεται.</span> <span class='ocrx_word' id='word_1_601' title='bbox 2574 1936 2714 1989; x_wconf 84' lang='grc' dir='ltr'>Ἀλλ’</span> <span class='ocrx_word' id='word_1_602' title='bbox 2747 1936 2849 1991; x_wconf 82' lang='grc' dir='ltr'>οὐκ</span> <span class='ocrx_word' id='word_1_603' title='bbox 2894 1937 3187 2008; x_wconf 81' lang='grc' dir='ltr'>ἐκέρδανεν</span> <span class='ocrx_word' id='word_1_604' title='bbox 3232 1938 3383 1992; x_wconf 73' lang='grc' dir='ltr'>οὐδὲν</span> <span class='ocrx_word' id='word_1_605' title='bbox 3432 1939 3544 1995; x_wconf 83' lang='grc' dir='ltr'>άπὸ</span> <span class='ocrx_word' id='word_1_606' title='bbox 3577 1941 3675 2011; x_wconf 88' lang='grc' dir='ltr'>τῆς</span> 
     </span>
    </p>
   </div>
   <div class='ocr_carea' id='block_1_79' title="bbox 2091 2023 3677 2101">
    <p class='ocr_par' dir='ltr' id='par_1_79' title="bbox 2091 2023 3677 2101">
     <span class='ocr_line' id='line_1_79' title="bbox 2091 2023 3677 2101; baseline 0.006 -26"><span class='ocrx_word' id='word_1_607' title='bbox 2091 2023 2402 2096; x_wconf 83' lang='grc' dir='ltr'>συμϐουλῆς</span> <span class='ocrx_word' id='word_1_608' title='bbox 2433 2025 2640 2096; x_wconf 76' lang='grc' dir='ltr'>ἐκείνη,</span> <span class='ocrx_word' id='word_1_609' title='bbox 2677 2026 2793 2080; x_wconf 82' lang='grc' dir='ltr'>ἀλλ’</span> <span class='ocrx_word' id='word_1_610' title='bbox 2828 2027 3182 2082; x_wconf 61' lang='grc' dir='ltr'>ἐπεσπάσατο</span> <span class='ocrx_word' id='word_1_611' title='bbox 3210 2030 3393 2082; x_wconf 83' lang='grc' dir='ltr'>αὐτόν.</span> <span class='ocrx_word' id='word_1_612' title='bbox 3427 2030 3542 2100; x_wconf 78' lang='grc' dir='ltr'>Τήν</span> <span class='ocrx_word' id='word_1_613' title='bbox 3567 2029 3677 2101; x_wconf 79' lang='grc' dir='ltr'>γὰρ</span> 
     </span>
    </p>
   </div>
   <div class='ocr_carea' id='block_1_80' title="bbox 2088 2114 3676 2189">
    <p class='ocr_par' dir='ltr' id='par_1_80' title="bbox 2088 2114 3676 2189">
     <span class='ocr_line' id='line_1_80' title="bbox 2088 2114 3676 2189; baseline 0.005 -22"><span class='ocrx_word' id='word_1_614' title='bbox 2088 2114 2295 2168; x_wconf 89' lang='grc' dir='ltr'>οἰκείαν</span> <span class='ocrx_word' id='word_1_615' title='bbox 2323 2115 2518 2185; x_wconf 89' lang='grc' dir='ltr'>μανίαν</span> <span class='ocrx_word' id='word_1_616' title='bbox 2540 2116 2825 2188; x_wconf 80' lang='grc' dir='ltr'>πληρῶσαι</span> <span class='ocrx_word' id='word_1_617' title='bbox 2861 2117 3182 2189; x_wconf 84' lang='grc' dir='ltr'>βουλομένη,</span> <span class='ocrx_word' id='word_1_618' title='bbox 3218 2120 3280 2173; x_wconf 81' lang='grc' dir='ltr'>οὐ</span> <span class='ocrx_word' id='word_1_619' title='bbox 3320 2119 3553 2187; x_wconf 81' lang='grc' dir='ltr'>φιλοῦσα</span> <span class='ocrx_word' id='word_1_620' title='bbox 3584 2122 3676 2176; x_wconf 83' lang='grc' dir='ltr'>τὸν</span> 
     </span>
    </p>
   </div>
   <div class='ocr_carea' id='block_1_81' title="bbox 2102 2206 3678 2285">
    <p class='ocr_par' dir='ltr' id='par_1_81' title="bbox 2102 2206 3678 2285">
     <span class='ocr_line' id='line_1_81' title="bbox 2102 2206 3678 2285; baseline 0.005 -24"><span class='ocrx_word' id='word_1_621' title='bbox 2102 2206 2324 2278; x_wconf 82' lang='grc' dir='ltr'>Ἰωσὴφ,</span> <span class='ocrx_word' id='word_1_622' title='bbox 2357 2208 2530 2263; x_wconf 87' lang='grc' dir='ltr'>ταῦτα</span> <span class='ocrx_word' id='word_1_623' title='bbox 2557 2210 2816 2281; x_wconf 78' lang='grc' dir='ltr'>ἔπραττε·</span> <span class='ocrx_word' id='word_1_624' title='bbox 2844 2211 2937 2265; x_wconf 65' lang='grc' dir='ltr'>καὶ</span> <span class='ocrx_word' id='word_1_625' title='bbox 2959 2211 3116 2283; x_wconf 89' lang='grc' dir='ltr'>δῆλον</span> <span class='ocrx_word' id='word_1_626' title='bbox 3153 2212 3213 2278; x_wconf 75' lang='grc' dir='ltr'><strong>ἐξ</strong></span> <span class='ocrx_word' id='word_1_627' title='bbox 3234 2207 3308 2267; x_wconf 83' lang='grc' dir='ltr'>ὧν</span> <span class='ocrx_word' id='word_1_628' title='bbox 3338 2215 3476 2285; x_wconf 88' lang='grc' dir='ltr'>μετά</span> <span class='ocrx_word' id='word_1_629' title='bbox 3503 2214 3678 2269; x_wconf 88' lang='grc' dir='ltr'>ταῦτα</span> 
     </span>
    </p>
   </div>
   <div class='ocr_carea' id='block_1_82' title="bbox 2092 2300 3676 2379">
    <p class='ocr_par' dir='ltr' id='par_1_82' title="bbox 2092 2300 3676 2379">
     <span class='ocr_line' id='line_1_82' title="bbox 2092 2300 3676 2379; baseline 0.004 -26"><span class='ocrx_word' id='word_1_630' title='bbox 2092 2300 2337 2372; x_wconf 67' lang='grc' dir='ltr'>ἐποίησε.</span> <span class='ocrx_word' id='word_1_631' title='bbox 2371 2302 2481 2354; x_wconf 93' lang='lat' dir='ltr'>Kal</span> <span class='ocrx_word' id='word_1_632' title='bbox 2510 2302 2620 2374; x_wconf 87' lang='lat'>7&amp;9</span> <span class='ocrx_word' id='word_1_633' title='bbox 2645 2302 2996 2375; x_wconf 83' lang='grc' dir='ltr'>δικαστήριον</span> <span class='ocrx_word' id='word_1_634' title='bbox 3040 2303 3277 2371; x_wconf 73' lang='grc' dir='ltr'>καθίζει,</span> <span class='ocrx_word' id='word_1_635' title='bbox 3303 2308 3398 2358; x_wconf 71' lang='grc' dir='ltr'>καῖ.</span> <span class='ocrx_word' id='word_1_636' title='bbox 3436 2323 3676 2379; x_wconf 86' lang='grc' dir='ltr'>κατηγο-</span> 
     </span>
    </p>
   </div>
   <div class='ocr_carea' id='block_1_83' title="bbox 2093 2392 3678 2468">
    <p class='ocr_par' dir='ltr' id='par_1_83' title="bbox 2093 2392 3678 2468">
     <span class='ocr_line' id='line_1_83' title="bbox 2093 2392 3678 2468; baseline 0.003 -23"><span class='ocrx_word' id='word_1_637' title='bbox 2093 2392 2217 2463; x_wconf 87' lang='grc' dir='ltr'>ρίαν</span> <span class='ocrx_word' id='word_1_638' title='bbox 2240 2392 2474 2460; x_wconf 86' lang='grc' dir='ltr'>εἰσάγει,</span> <span class='ocrx_word' id='word_1_639' title='bbox 2508 2395 2602 2448; x_wconf 77' lang='grc' dir='ltr'>καὶ</span> <span class='ocrx_word' id='word_1_640' title='bbox 2628 2396 2697 2449; x_wconf 68' lang='grc' dir='ltr'>τὰ</span> <span class='ocrx_word' id='word_1_641' title='bbox 2727 2394 2898 2467; x_wconf 79' lang='grc' dir='ltr'>ψευδῆ</span> <span class='ocrx_word' id='word_1_642' title='bbox 2942 2400 3368 2468; x_wconf 85' lang='grc' dir='ltr'>καταμαρτυρεῖ,</span> <span class='ocrx_word' id='word_1_643' title='bbox 3405 2398 3495 2450; x_wconf 74' lang='grc' dir='ltr'>καὶ</span> <span class='ocrx_word' id='word_1_644' title='bbox 3536 2397 3678 2452; x_wconf 82' lang='grc' dir='ltr'>ἐκδί-</span> 
     </span>
    </p>
   </div>
   <div class='ocr_carea' id='block_1_84' title="bbox 2090 2480 3678 2559">
    <p class='ocr_par' dir='ltr' id='par_1_84' title="bbox 2090 2480 3678 2559">
     <span class='ocr_line' id='line_1_84' title="bbox 2090 2480 3678 2559; baseline 0.003 -24"><span class='ocrx_word' id='word_1_645' title='bbox 2090 2480 2222 2535; x_wconf 82' lang='grc' dir='ltr'>δωσι</span> <span class='ocrx_word' id='word_1_646' title='bbox 2257 2480 2433 2554; x_wconf 83' lang='grc' dir='ltr'>θηρίῳ</span> <span class='ocrx_word' id='word_1_647' title='bbox 2458 2482 2549 2537; x_wconf 91' lang='grc' dir='ltr'>τὸν</span> <span class='ocrx_word' id='word_1_648' title='bbox 2581 2485 2734 2538; x_wconf 80' lang='grc' dir='ltr'>οὐδὲν</span> <span class='ocrx_word' id='word_1_649' title='bbox 2767 2486 3087 2555; x_wconf 72' lang='grc' dir='ltr'>ἠδικηκότα,</span> <span class='ocrx_word' id='word_1_650' title='bbox 3116 2488 3212 2542; x_wconf 81' lang='grc' dir='ltr'>καὶ</span> <span class='ocrx_word' id='word_1_651' title='bbox 3261 2489 3341 2552; x_wconf 88' lang='grc' dir='ltr'>εἰς</span> <span class='ocrx_word' id='word_1_652' title='bbox 3396 2487 3678 2559; x_wconf 83' lang='grc' dir='ltr'>δεσμωτή-</span> 
     </span>
    </p>
   </div>
   <div class='ocr_carea' id='block_1_85' title="bbox 2096 2574 3678 2654">
    <p class='ocr_par' dir='ltr' id='par_1_85' title="bbox 2096 2574 3678 2654">
     <span class='ocr_line' id='line_1_85' title="bbox 2096 2574 3678 2654; baseline 0.003 -27"><span class='ocrx_word' id='word_1_653' title='bbox 2096 2590 2209 2646; x_wconf 91' lang='grc' dir='ltr'>ριον</span> <span class='ocrx_word' id='word_1_654' title='bbox 2239 2574 2519 2646; x_wconf 76' lang='grc' dir='ltr'>ἐμϐάλλει·</span> <span class='ocrx_word' id='word_1_655' title='bbox 2555 2577 2755 2647; x_wconf 80' lang='grc' dir='ltr'>μᾶλλον</span> <span class='ocrx_word' id='word_1_656' title='bbox 2780 2578 2856 2646; x_wconf 79' lang='grc' dir='ltr'>δὲ,</span> <span class='ocrx_word' id='word_1_657' title='bbox 2886 2580 2945 2635; x_wconf 91' lang='grc' dir='ltr'>τό</span> <span class='ocrx_word' id='word_1_658' title='bbox 2973 2597 3036 2649; x_wconf 90' lang='grc' dir='ltr'>γε</span> <span class='ocrx_word' id='word_1_659' title='bbox 3057 2581 3226 2653; x_wconf 81' lang='grc' dir='ltr'>αὐτῆς</span> <span class='ocrx_word' id='word_1_660' title='bbox 3254 2581 3441 2654; x_wconf 86' lang='grc' dir='ltr'>μέρος,</span> <span class='ocrx_word' id='word_1_661' title='bbox 3470 2581 3563 2636; x_wconf 81' lang='grc' dir='ltr'>καὶ</span> <span class='ocrx_word' id='word_1_662' title='bbox 3586 2582 3678 2634; x_wconf 86' lang='grc' dir='ltr'>ἀν-</span> 
     </span>
    </p>
   </div>
   <div class='ocr_carea' id='block_1_86' title="bbox 2092 2666 3682 2745">
    <p class='ocr_par' dir='ltr' id='par_1_86' title="bbox 2092 2666 3682 2745">
     <span class='ocr_line' id='line_1_86' title="bbox 2092 2666 3682 2745; baseline 0.006 -25"><span class='ocrx_word' id='word_1_663' title='bbox 2092 2666 2255 2721; x_wconf 85' lang='grc' dir='ltr'>εῖλεν·</span> <span class='ocrx_word' id='word_1_664' title='bbox 2291 2666 2435 2722; x_wconf 76' lang='grc' dir='ltr'>οὕτω</span> <span class='ocrx_word' id='word_1_665' title='bbox 2475 2668 2567 2722; x_wconf 91' lang='grc' dir='ltr'>τὸν</span> <span class='ocrx_word' id='word_1_666' title='bbox 2614 2669 2876 2743; x_wconf 80' lang='grc' dir='ltr'>δικαστὴν</span> <span class='ocrx_word' id='word_1_667' title='bbox 2907 2673 3241 2728; x_wconf 85' lang='grc' dir='ltr'>καθώπλισε.</span> <span class='ocrx_word' id='word_1_668' title='bbox 3287 2674 3353 2727; x_wconf 89' lang='grc' dir='ltr'>Τί</span> <span class='ocrx_word' id='word_1_669' title='bbox 3394 2669 3523 2741; x_wconf 71' lang='grc' dir='ltr'>οῦνς</span> <span class='ocrx_word' id='word_1_670' title='bbox 3570 2669 3682 2745; x_wconf 82' lang='grc' dir='ltr'>ἆρα</span> 
     </span>
    </p>
   </div>
   <div class='ocr_carea' id='block_1_87' title="bbox 2094 2760 3679 2839">
    <p class='ocr_par' dir='ltr' id='par_1_87' title="bbox 2094 2760 3679 2839">
     <span class='ocr_line' id='line_1_87' title="bbox 2094 2760 3679 2839; baseline 0.003 -23"><span class='ocrx_word' id='word_1_671' title='bbox 2094 2762 2190 2817; x_wconf 73' lang='grc' dir='ltr'>καὶ</span> <span class='ocrx_word' id='word_1_672' title='bbox 2215 2760 2409 2834; x_wconf 84' lang='grc' dir='ltr'>Ἰωσὴφ</span> <span class='ocrx_word' id='word_1_673' title='bbox 2442 2762 2718 2830; x_wconf 85' lang='grc' dir='ltr'>τοιοῦτος;</span> <span class='ocrx_word' id='word_1_674' title='bbox 2752 2765 3072 2821; x_wconf 76' lang='grc' dir='ltr'>Τοὺναντίον</span> <span class='ocrx_word' id='word_1_675' title='bbox 3106 2768 3204 2839; x_wconf 82' lang='grc' dir='ltr'>μὲν</span> <span class='ocrx_word' id='word_1_676' title='bbox 3231 2763 3325 2822; x_wconf 86' lang='grc' dir='ltr'>οῦν</span> <span class='ocrx_word' id='word_1_677' title='bbox 3354 2767 3523 2823; x_wconf 77' lang='grc' dir='ltr'>ἅπανο</span> <span class='ocrx_word' id='word_1_678' title='bbox 3555 2765 3679 2822; x_wconf 74' lang='grc' dir='ltr'>οὔτε</span> 
     </span>
    </p>
   </div>
   <div class='ocr_carea' id='block_1_88' title="bbox 2093 2843 3683 2930">
    <p class='ocr_par' dir='ltr' id='par_1_88' title="bbox 2093 2843 3683 2930">
     <span class='ocr_line' id='line_1_88' title="bbox 2093 2843 3683 2930; baseline 0.003 -21"><span class='ocrx_word' id='word_1_679' title='bbox 2093 2854 2203 2926; x_wconf 82' lang='grc' dir='ltr'>γὰρ</span> <span class='ocrx_word' id='word_1_680' title='bbox 2230 2857 2504 2921; x_wconf 82' lang='grc' dir='ltr'>ἀντεῖπεν,</span> <span class='ocrx_word' id='word_1_681' title='bbox 2530 2855 2654 2910; x_wconf 75' lang='grc' dir='ltr'>οὔτε</span> <span class='ocrx_word' id='word_1_682' title='bbox 2688 2859 3034 2930; x_wconf 87' lang='grc' dir='ltr'>κατηγόρησε</span> <span class='ocrx_word' id='word_1_683' title='bbox 3065 2843 3164 2930; x_wconf 83' lang='grc' dir='ltr'>τῆς</span> <span class='ocrx_word' id='word_1_684' title='bbox 3190 2860 3471 2929; x_wconf 89' lang='grc' dir='ltr'>γυναικός.</span> <span class='ocrx_word' id='word_1_685' title='bbox 3521 2860 3683 2914; x_wconf 80' lang='grc' dir='ltr'>Ἦπι-</span> 
     </span>
    </p>
   </div>
   <div class='ocr_carea' id='block_1_89' title="bbox 2097 2948 3684 3023">
    <p class='ocr_par' dir='ltr' id='par_1_89' title="bbox 2097 2948 3684 3023">
     <span class='ocr_line' id='line_1_89' title="bbox 2097 2948 3684 3023; baseline 0.003 -21"><span class='ocrx_word' id='word_1_686' title='bbox 2097 2948 2268 3020; x_wconf 84' lang='grc' dir='ltr'>στήθη</span> <span class='ocrx_word' id='word_1_687' title='bbox 2295 2948 2406 3020; x_wconf 87' lang='grc' dir='ltr'>γάρ</span> <span class='ocrx_word' id='word_1_688' title='bbox 2440 2948 2529 3013; x_wconf 79' lang='grc' dir='ltr'>ἂν,</span> <span class='ocrx_word' id='word_1_689' title='bbox 2563 2949 2719 3021; x_wconf 89' lang='grc' dir='ltr'>φησί.</span> <span class='ocrx_word' id='word_1_690' title='bbox 2755 2950 2867 3003; x_wconf 88' lang='lat' dir='ltr'>Kal</span> <span class='ocrx_word' id='word_1_691' title='bbox 2905 2948 3013 3021; x_wconf 88' lang='grc' dir='ltr'>μὴν</span> <span class='ocrx_word' id='word_1_692' title='bbox 3053 2950 3261 3023; x_wconf 88' lang='grc' dir='ltr'>σφόδρα</span> <span class='ocrx_word' id='word_1_693' title='bbox 3295 2952 3555 3021; x_wconf 69' lang='grc' dir='ltr'>ἐφιλεῖτο,</span> <span class='ocrx_word' id='word_1_694' title='bbox 3588 2951 3684 3006; x_wconf 75' lang='grc' dir='ltr'>καὶ</span> 
     </span>
    </p>
   </div>
   <div class='ocr_carea' id='block_1_90' title="bbox 2095 3038 3689 3113">
    <p class='ocr_par' dir='ltr' id='par_1_90' title="bbox 2095 3038 3689 3113">
     <span class='ocr_line' id='line_1_90' title="bbox 2095 3038 3689 3113; baseline 0.003 -21"><span class='ocrx_word' id='word_1_695' title='bbox 2095 3038 2254 3111; x_wconf 85' lang='grc' dir='ltr'>δῆλον</span> <span class='ocrx_word' id='word_1_696' title='bbox 2279 3040 2380 3093; x_wconf 83' lang='grc' dir='ltr'>οὐκ</span> <span class='ocrx_word' id='word_1_697' title='bbox 2399 3040 2506 3095; x_wconf 89' lang='grc' dir='ltr'>ἀπὸ</span> <span class='ocrx_word' id='word_1_698' title='bbox 2533 3042 2633 3112; x_wconf 87' lang='grc' dir='ltr'>τῆς</span> <span class='ocrx_word' id='word_1_699' title='bbox 2659 3041 2836 3113; x_wconf 86' lang='grc' dir='ltr'>ἀρχῆς</span> <span class='ocrx_word' id='word_1_700' title='bbox 2869 3042 3048 3112; x_wconf 89' lang='grc' dir='ltr'>μόνον,</span> <span class='ocrx_word' id='word_1_701' title='bbox 3071 3041 3206 3097; x_wconf 88' lang='grc' dir='ltr'>ἀλλά</span> <span class='ocrx_word' id='word_1_702' title='bbox 3232 3043 3329 3097; x_wconf 78' lang='grc' dir='ltr'>καὶ</span> <span class='ocrx_word' id='word_1_703' title='bbox 3352 3042 3461 3097; x_wconf 88' lang='grc' dir='ltr'>ἀπὸ</span> <span class='ocrx_word' id='word_1_704' title='bbox 3479 3042 3575 3097; x_wconf 83' lang='grc' dir='ltr'>τοῦ</span> <span class='ocrx_word' id='word_1_705' title='bbox 3594 3044 3689 3097; x_wconf 74' lang='grc' dir='ltr'>τέο</span> 
     </span>
    </p>
   </div>
   <div class='ocr_carea' id='block_1_91' title="bbox 2097 3131 3689 3207">
    <p class='ocr_par' dir='ltr' id='par_1_91' title="bbox 2097 3131 3689 3207">
     <span class='ocr_line' id='line_1_91' title="bbox 2097 3131 3689 3207; baseline 0.001 -21"><span class='ocrx_word' id='word_1_706' title='bbox 2097 3131 2243 3198; x_wconf 87' lang='grc' dir='ltr'>λους.</span> <span class='ocrx_word' id='word_1_707' title='bbox 2268 3133 2332 3188; x_wconf 85' lang='grc' dir='ltr'>Εἰ</span> <span class='ocrx_word' id='word_1_708' title='bbox 2351 3132 2462 3206; x_wconf 80' lang='grc' dir='ltr'>γὰρ</span> <span class='ocrx_word' id='word_1_709' title='bbox 2494 3134 2570 3207; x_wconf 77' lang='grc' dir='ltr'>μὴ</span> <span class='ocrx_word' id='word_1_710' title='bbox 2602 3134 2810 3207; x_wconf 86' lang='grc' dir='ltr'>σφόδρα</span> <span class='ocrx_word' id='word_1_711' title='bbox 2834 3134 2996 3189; x_wconf 82' lang='grc' dir='ltr'>αὐτὸν</span> <span class='ocrx_word' id='word_1_712' title='bbox 3026 3134 3303 3207; x_wconf 88' lang='grc' dir='ltr'>βάρϐαρος</span> <span class='ocrx_word' id='word_1_713' title='bbox 3335 3136 3544 3198; x_wconf 72' lang='grc' dir='ltr'>ἐκεῖνος</span> <span class='ocrx_word' id='word_1_714' title='bbox 3564 3133 3689 3205; x_wconf 70' lang='grc' dir='ltr'>ἐφί-</span> 
     </span>
    </p>
   </div>
   <div class='ocr_carea' id='block_1_92' title="bbox 2096 3226 3683 3297">
    <p class='ocr_par' dir='ltr' id='par_1_92' title="bbox 2096 3226 3683 3297">
     <span class='ocr_line' id='line_1_92' title="bbox 2096 3226 3683 3297; baseline -0.002 -13"><span class='ocrx_word' id='word_1_715' title='bbox 2096 3226 2201 3292; x_wconf 85' lang='grc' dir='ltr'>λει,</span> <span class='ocrx_word' id='word_1_716' title='bbox 2229 3226 2335 3282; x_wconf 80' lang='grc' dir='ltr'>κᾶν</span> <span class='ocrx_word' id='word_1_717' title='bbox 2376 3228 2667 3281; x_wconf 86' lang='grc' dir='ltr'>ἀπέκτεινε</span> <span class='ocrx_word' id='word_1_718' title='bbox 2701 3228 2939 3297; x_wconf 86' lang='grc' dir='ltr'>σιγῶντα</span> <span class='ocrx_word' id='word_1_719' title='bbox 2981 3228 3076 3281; x_wconf 78' lang='grc' dir='ltr'>καὶ</span> <span class='ocrx_word' id='word_1_720' title='bbox 3114 3227 3271 3282; x_wconf 80' lang='grc' dir='ltr'>οὐδὲν</span> <span class='ocrx_word' id='word_1_721' title='bbox 3311 3226 3683 3297; x_wconf 85' lang='grc' dir='ltr'>ἀντιλέγοντα.</span> 
     </span>
    </p>
   </div>
   <div class='ocr_carea' id='block_1_93' title="bbox 2098 3313 3693 3390">
    <p class='ocr_par' dir='ltr' id='par_1_93' title="bbox 2098 3313 3693 3390">
     <span class='ocr_line' id='line_1_93' title="bbox 2098 3313 3693 3390; baseline -0.001 -19"><span class='ocrx_word' id='word_1_722' title='bbox 2098 3318 2210 3371; x_wconf 87' lang='lat' dir='ltr'>Kal</span> <span class='ocrx_word' id='word_1_723' title='bbox 2252 3318 2362 3389; x_wconf 87' lang='lat'>7&amp;9</span> <span class='ocrx_word' id='word_1_724' title='bbox 2401 3317 2697 3388; x_wconf 81' lang='grc' dir='ltr'>Αἰγύπτιος</span> <span class='ocrx_word' id='word_1_725' title='bbox 2739 3313 2827 3390; x_wconf 80' lang='grc' dir='ltr'>ἦν,</span> <span class='ocrx_word' id='word_1_726' title='bbox 2861 3319 2955 3372; x_wconf 81' lang='grc' dir='ltr'>καὶ</span> <span class='ocrx_word' id='word_1_727' title='bbox 2992 3319 3197 3390; x_wconf 85' lang='grc' dir='ltr'>ἄρχων,</span> <span class='ocrx_word' id='word_1_728' title='bbox 3234 3317 3487 3390; x_wconf 71' lang='grc' dir='ltr'>καὶπερὶ</span> <span class='ocrx_word' id='word_1_729' title='bbox 3525 3317 3693 3389; x_wconf 75' lang='grc' dir='ltr'>εὐνὴν</span> 
     </span>
    </p>
   </div>
   <div class='ocr_carea' id='block_1_94' title="bbox 2100 3408 3691 3482">
    <p class='ocr_par' dir='ltr' id='par_1_94' title="bbox 2100 3408 3691 3482">
     <span class='ocr_line' id='line_1_94' title="bbox 2100 3408 3691 3482; baseline 0 -19"><span class='ocrx_word' id='word_1_730' title='bbox 2100 3409 2450 3481; x_wconf 75' lang='grc' dir='ltr'>ἠδικημένος,</span> <span class='ocrx_word' id='word_1_731' title='bbox 2481 3408 2634 3482; x_wconf 74' lang='lat'>[297]</span> <span class='ocrx_word' id='word_1_732' title='bbox 2654 3409 2730 3474; x_wconf 87' lang='grc' dir='ltr'>ὡς</span> <span class='ocrx_word' id='word_1_733' title='bbox 2752 3410 2993 3480; x_wconf 77' lang='grc' dir='ltr'>ἐνόμιζε,</span> <span class='ocrx_word' id='word_1_734' title='bbox 3025 3410 3121 3464; x_wconf 71' lang='grc' dir='ltr'>καὶ</span> <span class='ocrx_word' id='word_1_735' title='bbox 3148 3408 3301 3482; x_wconf 86' lang='grc' dir='ltr'>παρά</span> <span class='ocrx_word' id='word_1_736' title='bbox 3329 3410 3568 3476; x_wconf 85' lang='grc' dir='ltr'>οἰκέτου,</span> <span class='ocrx_word' id='word_1_737' title='bbox 3591 3410 3691 3463; x_wconf 67' lang='grc' dir='ltr'>καὶ</span> 
     </span>
    </p>
   </div>
   <div class='ocr_carea' id='block_1_95' title="bbox 2100 3500 3692 3576">
    <p class='ocr_par' dir='ltr' id='par_1_95' title="bbox 2100 3500 3692 3576">
     <span class='ocr_line' id='line_1_95' title="bbox 2100 3500 3692 3576; baseline 0 -19"><span class='ocrx_word' id='word_1_738' title='bbox 2100 3502 2312 3558; x_wconf 89' lang='grc' dir='ltr'>οἰκέτου</span> <span class='ocrx_word' id='word_1_739' title='bbox 2341 3500 2569 3557; x_wconf 87' lang='grc' dir='ltr'>τοιαῦτα</span> <span class='ocrx_word' id='word_1_740' title='bbox 2593 3503 3069 3576; x_wconf 86' lang='grc' dir='ltr'>εὐεργετηθέντος.</span> <span class='ocrx_word' id='word_1_741' title='bbox 3098 3503 3237 3557; x_wconf 79' lang='grc' dir='ltr'>Ἀλλ’</span> <span class='ocrx_word' id='word_1_742' title='bbox 3265 3503 3487 3575; x_wconf 85' lang='grc' dir='ltr'>ὲνίκησε</span> <span class='ocrx_word' id='word_1_743' title='bbox 3515 3502 3692 3557; x_wconf 81' lang='grc' dir='ltr'>ταῦτα</span> 
     </span>
    </p>
   </div>
   <div class='ocr_carea' id='block_1_96' title="bbox 2103 3594 3692 3667">
    <p class='ocr_par' dir='ltr' id='par_1_96' title="bbox 2103 3594 3692 3667">
     <span class='ocr_line' id='line_1_96' title="bbox 2103 3594 3692 3667; baseline 0.001 -18"><span class='ocrx_word' id='word_1_744' title='bbox 2103 3595 2283 3650; x_wconf 88' lang='grc' dir='ltr'>πάντα</span> <span class='ocrx_word' id='word_1_745' title='bbox 2320 3596 2350 3648; x_wconf 84' lang='grc' dir='ltr'>ό</span> <span class='ocrx_word' id='word_1_746' title='bbox 2394 3595 2559 3658; x_wconf 88' lang='grc' dir='ltr'>πόθος</span> <span class='ocrx_word' id='word_1_747' title='bbox 2601 3595 2696 3649; x_wconf 79' lang='grc' dir='ltr'>καὶ</span> <span class='ocrx_word' id='word_1_748' title='bbox 2730 3597 2764 3666; x_wconf 81' lang='grc' dir='ltr'><strong>ἡ</strong></span> <span class='ocrx_word' id='word_1_749' title='bbox 2804 3595 2983 3666; x_wconf 79' lang='grc' dir='ltr'>χάρις,</span> <span class='ocrx_word' id='word_1_750' title='bbox 3016 3596 3081 3667; x_wconf 84' lang='grc' dir='ltr'>ἢν</span> <span class='ocrx_word' id='word_1_751' title='bbox 3112 3597 3141 3650; x_wconf 86' lang='grc' dir='ltr'><strong>ὁ</strong></span> <span class='ocrx_word' id='word_1_752' title='bbox 3170 3594 3302 3660; x_wconf 87' lang='grc' dir='ltr'>Θεὸς</span> <span class='ocrx_word' id='word_1_753' title='bbox 3345 3594 3514 3650; x_wconf 84' lang='grc' dir='ltr'>αὐτοῦ</span> <span class='ocrx_word' id='word_1_754' title='bbox 3559 3612 3692 3650; x_wconf 87' lang='grc' dir='ltr'>κατ-</span> 
     </span>
    </p>
   </div>
   <div class='ocr_carea' id='block_1_97' title="bbox 2103 3688 3690 3761">
    <p class='ocr_par' dir='ltr' id='par_1_97' title="bbox 2103 3688 3690 3761">
     <span class='ocr_line' id='line_1_97' title="bbox 2103 3688 3690 3761; baseline 0.001 -19"><span class='ocrx_word' id='word_1_755' title='bbox 2103 3688 2246 3760; x_wconf 82' lang='grc' dir='ltr'>έχεε.</span> <span class='ocrx_word' id='word_1_756' title='bbox 2280 3689 2439 3744; x_wconf 85' lang='grc' dir='ltr'>Μετὰ</span> <span class='ocrx_word' id='word_1_757' title='bbox 2475 3688 2533 3743; x_wconf 80' lang='grc' dir='ltr'>δὲ</span> <span class='ocrx_word' id='word_1_758' title='bbox 2563 3688 2664 3758; x_wconf 84' lang='grc' dir='ltr'>τῆς</span> <span class='ocrx_word' id='word_1_759' title='bbox 2695 3688 2919 3760; x_wconf 87' lang='grc' dir='ltr'>χάριτος</span> <span class='ocrx_word' id='word_1_760' title='bbox 2958 3689 3055 3742; x_wconf 73' lang='grc' dir='ltr'>καὶ</span> <span class='ocrx_word' id='word_1_761' title='bbox 3089 3689 3439 3761; x_wconf 76' lang='grc' dir='ltr'>τῆς’άγάπης</span> <span class='ocrx_word' id='word_1_762' title='bbox 3481 3688 3690 3759; x_wconf 86' lang='grc' dir='ltr'>ταύτης</span> 
     </span>
    </p>
   </div>
   <div class='ocr_carea' id='block_1_98' title="bbox 2104 3776 3690 3852">
    <p class='ocr_par' dir='ltr' id='par_1_98' title="bbox 2104 3776 3690 3852">
     <span class='ocr_line' id='line_1_98' title="bbox 2104 3776 3690 3852; baseline -0.001 -18"><span class='ocrx_word' id='word_1_763' title='bbox 2104 3782 2200 3834; x_wconf 77' lang='grc' dir='ltr'>καὶ</span> <span class='ocrx_word' id='word_1_764' title='bbox 2262 3781 2539 3851; x_wconf 89' lang='grc' dir='ltr'>τεκμήρια</span> <span class='ocrx_word' id='word_1_765' title='bbox 2589 3776 2733 3850; x_wconf 79' lang='grc' dir='ltr'>εἶχεν</span> <span class='ocrx_word' id='word_1_766' title='bbox 2789 3781 2850 3835; x_wconf 84' lang='grc' dir='ltr'>οὐ</span> <span class='ocrx_word' id='word_1_767' title='bbox 2898 3780 3092 3852; x_wconf 88' lang='grc' dir='ltr'>μικρά,</span> <span class='ocrx_word' id='word_1_768' title='bbox 3138 3782 3187 3833; x_wconf 88' lang='grc' dir='ltr'>εἰ</span> <span class='ocrx_word' id='word_1_769' title='bbox 3232 3779 3690 3849; x_wconf 81' lang='grc' dir='ltr'>δικαιολογεῖσθαι</span> 
     </span>
    </p>
   </div>
   <div class='ocr_carea' id='block_1_99' title="bbox 2105 3866 3686 3943">
    <p class='ocr_par' dir='ltr' id='par_1_99' title="bbox 2105 3866 3686 3943">
     <span class='ocr_line' id='line_1_99' title="bbox 2105 3866 3686 3943; baseline 0.001 -20"><span class='ocrx_word' id='word_1_770' title='bbox 2105 3870 2529 3936; x_wconf 71' lang='grc' dir='ltr'>έϐούλετο,αὐτά</span> <span class='ocrx_word' id='word_1_771' title='bbox 2541 3872 2608 3924; x_wconf 87' lang='grc' dir='ltr'>τὰ</span> <span class='ocrx_word' id='word_1_772' title='bbox 2626 3872 2835 3942; x_wconf 82' lang='grc' dir='ltr'>ἱμάτια.</span> <span class='ocrx_word' id='word_1_773' title='bbox 2861 3873 2921 3925; x_wconf 86' lang='grc' dir='ltr'>Εἰ</span> <span class='ocrx_word' id='word_1_774' title='bbox 2937 3871 3047 3943; x_wconf 84' lang='grc' dir='ltr'>γὰρ</span> <span class='ocrx_word' id='word_1_775' title='bbox 3070 3871 3207 3943; x_wconf 81' lang='grc' dir='ltr'>αὐτὴ</span> <span class='ocrx_word' id='word_1_776' title='bbox 3228 3866 3297 3943; x_wconf 82' lang='grc' dir='ltr'>ῆν</span> <span class='ocrx_word' id='word_1_777' title='bbox 3315 3873 3349 3942; x_wconf 85' lang='grc' dir='ltr'>ή</span> <span class='ocrx_word' id='word_1_778' title='bbox 3378 3870 3686 3942; x_wconf 78' lang='grc' dir='ltr'>βιασθεῖσα,</span> 
     </span>
    </p>
   </div>
   <div class='ocr_carea' id='block_1_100' title="bbox 2103 3958 3688 4032">
    <p class='ocr_par' dir='ltr' id='par_1_100' title="bbox 2103 3958 3688 4032">
     <span class='ocr_line' id='line_1_100' title="bbox 2103 3958 3688 4032; baseline 0.001 -20"><span class='ocrx_word' id='word_1_779' title='bbox 2103 3960 2195 4013; x_wconf 83' lang='grc' dir='ltr'>τὸν</span> <span class='ocrx_word' id='word_1_780' title='bbox 2222 3958 2427 4030; x_wconf 85' lang='grc' dir='ltr'>χιτῶνα</span> <span class='ocrx_word' id='word_1_781' title='bbox 2467 3959 2637 4030; x_wconf 78' lang='grc' dir='ltr'>αὐτῆς</span> <span class='ocrx_word' id='word_1_782' title='bbox 2662 3961 3058 4032; x_wconf 75' lang='grc' dir='ltr'>περιερρῆχθαι</span> <span class='ocrx_word' id='word_1_783' title='bbox 3102 3961 3230 4025; x_wconf 80' lang='grc' dir='ltr'>ἔδει,</span> <span class='ocrx_word' id='word_1_784' title='bbox 3270 3961 3368 4031; x_wconf 85' lang='grc' dir='ltr'>τὴν</span> <span class='ocrx_word' id='word_1_785' title='bbox 3397 3960 3523 4032; x_wconf 57' lang='lat' dir='ltr'>MM</span> <span class='ocrx_word' id='word_1_786' title='bbox 3554 3978 3688 4014; x_wconf 85' lang='grc' dir='ltr'>κατ-</span> 
     </span>
    </p>
   </div>
   <div class='ocr_carea' id='block_1_101' title="bbox 2106 4050 3690 4124">
    <p class='ocr_par' dir='ltr' id='par_1_101' title="bbox 2106 4050 3690 4124">
     <span class='ocr_line' id='line_1_101' title="bbox 2106 4050 3690 4124; baseline 0.001 -18"><span class='ocrx_word' id='word_1_787' title='bbox 2106 4051 2469 4124; x_wconf 89' lang='grc' dir='ltr'>εσπαράχθαι,</span> <span class='ocrx_word' id='word_1_788' title='bbox 2501 4051 2563 4105; x_wconf 84' lang='grc' dir='ltr'>οὐ</span> <span class='ocrx_word' id='word_1_789' title='bbox 2596 4050 2665 4105; x_wconf 81' lang='grc' dir='ltr'>τά</span> <span class='ocrx_word' id='word_1_790' title='bbox 2705 4051 2914 4106; x_wconf 80' lang='grc' dir='ltr'>ἐκείνου</span> <span class='ocrx_word' id='word_1_791' title='bbox 2966 4053 3215 4123; x_wconf 81' lang='grc' dir='ltr'>κατέχειν</span> <span class='ocrx_word' id='word_1_792' title='bbox 3267 4053 3480 4123; x_wconf 80' lang='grc' dir='ltr'>ἱμάτια.</span> <span class='ocrx_word' id='word_1_793' title='bbox 3526 4052 3690 4107; x_wconf 67' lang='grc' dir='ltr'>Ἀλλ’</span> 
     </span>
    </p>
   </div>
   <div class='ocr_carea' id='block_1_102' title="bbox 2106 4141 3688 4214">
    <p class='ocr_par' dir='ltr' id='par_1_102' title="bbox 2106 4141 3688 4214">
     <span class='ocr_line' id='line_1_102' title="bbox 2106 4141 3688 4214; baseline 0.001 -16"><span class='ocrx_word' id='word_1_794' title='bbox 2106 4144 2359 4213; x_wconf 77' lang='grc' dir='ltr'>ἤκουσε,</span> <span class='ocrx_word' id='word_1_795' title='bbox 2384 4143 2569 4214; x_wconf 73' lang='grc' dir='ltr'>φησὶν,</span> <span class='ocrx_word' id='word_1_796' title='bbox 2599 4141 2688 4196; x_wconf 77' lang='grc' dir='ltr'>ὅτι</span> <span class='ocrx_word' id='word_1_797' title='bbox 2722 4143 2941 4212; x_wconf 76' lang='grc' dir='ltr'>ῦψωσα</span> <span class='ocrx_word' id='word_1_798' title='bbox 2977 4143 3094 4212; x_wconf 82' lang='grc' dir='ltr'>τὴν</span> <span class='ocrx_word' id='word_1_799' title='bbox 3120 4143 3352 4214; x_wconf 70' lang='grc' dir='ltr'>φωνὴν,</span> <span class='ocrx_word' id='word_1_800' title='bbox 3375 4145 3472 4198; x_wconf 86' lang='grc' dir='ltr'>καί</span> <span class='ocrx_word' id='word_1_801' title='bbox 3506 4157 3688 4199; x_wconf 81' lang='grc' dir='ltr'>κατα·</span> 
     </span>
    </p>
   </div>
   <div class='ocr_carea' id='block_1_103' title="bbox 2106 4230 3691 4305">
    <p class='ocr_par' dir='ltr' id='par_1_103' title="bbox 2106 4230 3691 4305">
     <span class='ocr_line' id='line_1_103' title="bbox 2106 4230 3691 4305; baseline -0.001 -16"><span class='ocrx_word' id='word_1_802' title='bbox 2106 4234 2304 4290; x_wconf 63' lang='grc' dir='ltr'>λιπὼν</span> <span class='ocrx_word' id='word_1_803' title='bbox 2328 4235 2402 4289; x_wconf 84' lang='grc' dir='ltr'>τὰ</span> <span class='ocrx_word' id='word_1_804' title='bbox 2435 4233 2634 4305; x_wconf 76' lang='grc' dir='ltr'>ἱμάτια</span> <span class='ocrx_word' id='word_1_805' title='bbox 2654 4234 2863 4293; x_wconf 84' lang='grc' dir='ltr'>αὐτοῦ.</span> <span class='ocrx_word' id='word_1_806' title='bbox 2889 4234 3149 4303; x_wconf 76' lang='grc' dir='ltr'>ἀπῆλθε.</span> <span class='ocrx_word' id='word_1_807' title='bbox 3192 4235 3348 4298; x_wconf 85' lang='grc' dir='ltr'>Τίνος</span> <span class='ocrx_word' id='word_1_808' title='bbox 3380 4230 3473 4290; x_wconf 80' lang='grc' dir='ltr'>οὗν</span> <span class='ocrx_word' id='word_1_809' title='bbox 3504 4235 3691 4289; x_wconf 78' lang='grc' dir='ltr'>ἕνεκεν</span> 
     </span>
    </p>
   </div>
   <div class='ocr_carea' id='block_1_104' title="bbox 2108 4323 3688 4399">
    <p class='ocr_par' dir='ltr' id='par_1_104' title="bbox 2108 4323 3688 4399">
     <span class='ocr_line' id='line_1_104' title="bbox 2108 4323 3688 4399; baseline -0.002 -16"><span class='ocrx_word' id='word_1_810' title='bbox 2108 4329 2203 4384; x_wconf 74' lang='grc' dir='ltr'>καὶ</span> <span class='ocrx_word' id='word_1_811' title='bbox 2240 4327 2515 4393; x_wconf 86' lang='grc' dir='ltr'>ἀπέδυσας</span> <span class='ocrx_word' id='word_1_812' title='bbox 2540 4343 2555 4395; x_wconf 88' lang='grc'>;</span> <span class='ocrx_word' id='word_1_813' title='bbox 2584 4326 2637 4380; x_wconf 91' lang='grc' dir='ltr'>τί</span> <span class='ocrx_word' id='word_1_814' title='bbox 2682 4325 2790 4399; x_wconf 89' lang='grc' dir='ltr'>γάρ</span> <span class='ocrx_word' id='word_1_815' title='bbox 2832 4326 3077 4398; x_wconf 88' lang='grc' dir='ltr'>παθούσῃ</span> <span class='ocrx_word' id='word_1_816' title='bbox 3110 4326 3229 4397; x_wconf 84' lang='grc' dir='ltr'>βίαν</span> <span class='ocrx_word' id='word_1_817' title='bbox 3268 4327 3556 4397; x_wconf 84' lang='grc' dir='ltr'>ἀγαπητὸν</span> <span class='ocrx_word' id='word_1_818' title='bbox 3583 4323 3688 4399; x_wconf 79' lang='grc' dir='ltr'>ἦνς</span> 
     </span>
    </p>
   </div>
   <div class='ocr_carea' id='block_1_105' title="bbox 2109 4416 3692 4490">
    <p class='ocr_par' dir='ltr' id='par_1_105' title="bbox 2109 4416 3692 4490">
     <span class='ocr_line' id='line_1_105' title="bbox 2109 4416 3692 4490; baseline 0 -16"><span class='ocrx_word' id='word_1_819' title='bbox 2109 4420 2183 4474; x_wconf 82' lang='grc' dir='ltr'>Τὸ</span> <span class='ocrx_word' id='word_1_820' title='bbox 2211 4419 2591 4490; x_wconf 85' lang='grc' dir='ltr'>ἀπαλλαγῆναι</span> <span class='ocrx_word' id='word_1_821' title='bbox 2614 4417 2708 4472; x_wconf 86' lang='grc' dir='ltr'>τοῦ</span> <span class='ocrx_word' id='word_1_822' title='bbox 2731 4418 3095 4490; x_wconf 77' lang='grc' dir='ltr'>ἐνοχλοῦντος.</span> <span class='ocrx_word' id='word_1_823' title='bbox 3130 4418 3273 4489; x_wconf 83' lang='grc' dir='ltr'>Ἐγὼ</span> <span class='ocrx_word' id='word_1_824' title='bbox 3295 4420 3354 4473; x_wconf 85' lang='grc' dir='ltr'>δὲ</span> <span class='ocrx_word' id='word_1_825' title='bbox 3381 4419 3482 4475; x_wconf 84' lang='grc' dir='ltr'>οὐκ</span> <span class='ocrx_word' id='word_1_826' title='bbox 3508 4416 3692 4474; x_wconf 72' lang='grc' dir='ltr'>ἐντεῦ-</span> 
     </span>
    </p>
   </div>
   <div class='ocr_carea' id='block_1_106' title="bbox 2110 4510 3691 4584">
    <p class='ocr_par' dir='ltr' id='par_1_106' title="bbox 2110 4510 3691 4584">
     <span class='ocr_line' id='line_1_106' title="bbox 2110 4510 3691 4584; baseline -0.001 -17"><span class='ocrx_word' id='word_1_827' title='bbox 2110 4512 2203 4568; x_wconf 89' lang='grc' dir='ltr'>θεν</span> <span class='ocrx_word' id='word_1_828' title='bbox 2228 4514 2409 4584; x_wconf 88' lang='grc' dir='ltr'>μόνον,</span> <span class='ocrx_word' id='word_1_829' title='bbox 2443 4512 2581 4566; x_wconf 87' lang='grc' dir='ltr'>ἀλλά</span> <span class='ocrx_word' id='word_1_830' title='bbox 2608 4511 2705 4566; x_wconf 76' lang='grc' dir='ltr'>καὶ</span> <span class='ocrx_word' id='word_1_831' title='bbox 2731 4514 2797 4566; x_wconf 73' lang='grc' dir='ltr'>ὲκ</span> <span class='ocrx_word' id='word_1_832' title='bbox 2834 4510 2945 4565; x_wconf 87' lang='grc' dir='ltr'>τῶν</span> <span class='ocrx_word' id='word_1_833' title='bbox 2974 4511 3113 4583; x_wconf 89' lang='grc' dir='ltr'>μετά</span> <span class='ocrx_word' id='word_1_834' title='bbox 3135 4510 3306 4567; x_wconf 85' lang='grc' dir='ltr'>ταῦτα</span> <span class='ocrx_word' id='word_1_835' title='bbox 3331 4512 3504 4579; x_wconf 79' lang='grc' dir='ltr'>δεῖξαι</span> <span class='ocrx_word' id='word_1_836' title='bbox 3531 4511 3691 4583; x_wconf 83' lang='grc' dir='ltr'>δυνή-</span> 
     </span>
    </p>
   </div>
   <div class='ocr_carea' id='block_1_107' title="bbox 2113 4601 3690 4675">
    <p class='ocr_par' dir='ltr' id='par_1_107' title="bbox 2113 4601 3690 4675">
     <span class='ocr_line' id='line_1_107' title="bbox 2113 4601 3690 4675; baseline -0.002 -17"><span class='ocrx_word' id='word_1_837' title='bbox 2113 4620 2275 4675; x_wconf 90' lang='grc' dir='ltr'>σομαι</span> <span class='ocrx_word' id='word_1_838' title='bbox 2330 4602 2495 4657; x_wconf 81' lang='grc' dir='ltr'>αὐτοῦ</span> <span class='ocrx_word' id='word_1_839' title='bbox 2540 4602 2639 4674; x_wconf 77' lang='grc' dir='ltr'>τὴν</span> <span class='ocrx_word' id='word_1_840' title='bbox 2670 4601 2882 4657; x_wconf 76' lang='grc' dir='ltr'>εὔνοιαν</span> <span class='ocrx_word' id='word_1_841' title='bbox 2920 4605 3015 4657; x_wconf 74' lang='grc' dir='ltr'>καὶ</span> <span class='ocrx_word' id='word_1_842' title='bbox 3041 4602 3139 4675; x_wconf 81' lang='grc' dir='ltr'>τὴν</span> <span class='ocrx_word' id='word_1_843' title='bbox 3166 4602 3408 4675; x_wconf 87' lang='grc' dir='ltr'>ἀγάπην.</span> <span class='ocrx_word' id='word_1_844' title='bbox 3444 4604 3558 4658; x_wconf 81' lang='lat' dir='ltr'>Kal</span> <span class='ocrx_word' id='word_1_845' title='bbox 3584 4602 3690 4673; x_wconf 88' lang='lat'>7&amp;9</span> 
     </span>
    </p>
   </div>
   <div class='ocr_carea' id='block_1_108' title="bbox 2111 4692 3688 4765">
    <p class='ocr_par' dir='ltr' id='par_1_108' title="bbox 2111 4692 3688 4765">
     <span class='ocr_line' id='line_1_108' title="bbox 2111 4692 3688 4765; baseline -0.002 -16"><span class='ocrx_word' id='word_1_846' title='bbox 2111 4696 2200 4749; x_wconf 77' lang='grc' dir='ltr'>ὅτε</span> <span class='ocrx_word' id='word_1_847' title='bbox 2235 4695 2315 4758; x_wconf 89' lang='grc' dir='ltr'>εἰς</span> <span class='ocrx_word' id='word_1_848' title='bbox 2349 4693 2596 4765; x_wconf 87' lang='grc' dir='ltr'>ἀνάγκην</span> <span class='ocrx_word' id='word_1_849' title='bbox 2628 4694 2854 4748; x_wconf 76' lang='grc' dir='ltr'>ἐνέπεσε</span> <span class='ocrx_word' id='word_1_850' title='bbox 2886 4692 2980 4747; x_wconf 88' lang='grc' dir='ltr'>τοῦ</span> <span class='ocrx_word' id='word_1_851' title='bbox 3014 4694 3116 4765; x_wconf 78' lang='grc' dir='ltr'>τήν</span> <span class='ocrx_word' id='word_1_852' title='bbox 3164 4694 3344 4748; x_wconf 87' lang='grc' dir='ltr'>αἰτίαν</span> <span class='ocrx_word' id='word_1_853' title='bbox 3385 4694 3569 4747; x_wconf 85' lang='grc' dir='ltr'>εἰπεῖν</span> <span class='ocrx_word' id='word_1_854' title='bbox 3598 4692 3688 4746; x_wconf 84' lang='grc' dir='ltr'>τοῦ</span> 
     </span>
    </p>
   </div>
   <div class='ocr_carea' id='block_1_109' title="bbox 2110 4784 3689 4858">
    <p class='ocr_par' dir='ltr' id='par_1_109' title="bbox 2110 4784 3689 4858">
     <span class='ocr_line' id='line_1_109' title="bbox 2110 4784 3689 4858; baseline -0.002 -18"><span class='ocrx_word' id='word_1_855' title='bbox 2110 4786 2485 4858; x_wconf 86' lang='grc' dir='ltr'>δεσμωτηρίου</span> <span class='ocrx_word' id='word_1_856' title='bbox 2536 4785 2631 4839; x_wconf 83' lang='grc' dir='ltr'>καὶ</span> <span class='ocrx_word' id='word_1_857' title='bbox 2678 4785 2780 4852; x_wconf 88' lang='grc' dir='ltr'>τῆς</span> <span class='ocrx_word' id='word_1_858' title='bbox 2817 4786 2934 4839; x_wconf 73' lang='grc' dir='ltr'>ἐκεῖ</span> <span class='ocrx_word' id='word_1_859' title='bbox 2961 4784 3266 4856; x_wconf 84' lang='grc' dir='ltr'>διατριϐῆς,</span> <span class='ocrx_word' id='word_1_860' title='bbox 3293 4784 3415 4839; x_wconf 78' lang='grc' dir='ltr'>οὐδὲ</span> <span class='ocrx_word' id='word_1_861' title='bbox 3450 4785 3574 4839; x_wconf 87' lang='grc' dir='ltr'>τότε</span> <span class='ocrx_word' id='word_1_862' title='bbox 3609 4784 3689 4849; x_wconf 77' lang='grc' dir='ltr'>ἑξ-</span> 
     </span>
    </p>
   </div>
   <div class='ocr_carea' id='block_1_110' title="bbox 2113 4878 3689 4951">
    <p class='ocr_par' dir='ltr' id='par_1_110' title="bbox 2113 4878 3689 4951">
     <span class='ocr_line' id='line_1_110' title="bbox 2113 4878 3689 4951; baseline -0.002 -18"><span class='ocrx_word' id='word_1_863' title='bbox 2113 4883 2234 4934; x_wconf 86' lang='grc' dir='ltr'>εῖπε</span> <span class='ocrx_word' id='word_1_864' title='bbox 2261 4880 2320 4933; x_wconf 90' lang='grc' dir='ltr'>τὸ</span> <span class='ocrx_word' id='word_1_865' title='bbox 2346 4879 2553 4951; x_wconf 77' lang='grc' dir='ltr'>δρᾶμα,</span> <span class='ocrx_word' id='word_1_866' title='bbox 2581 4879 2717 4933; x_wconf 88' lang='grc' dir='ltr'>ἀλλά</span> <span class='ocrx_word' id='word_1_867' title='bbox 2743 4878 2796 4931; x_wconf 92' lang='grc' dir='ltr'>τί</span> <span class='ocrx_word' id='word_1_868' title='bbox 2825 4896 2991 4951; x_wconf 85' lang='grc' dir='ltr'>φησι;</span> <span class='ocrx_word' id='word_1_869' title='bbox 3014 4879 3124 4932; x_wconf 72' lang='grc' dir='ltr'>Καὶ</span> <span class='ocrx_word' id='word_1_870' title='bbox 3156 4878 3272 4949; x_wconf 71' lang='grc' dir='ltr'>ἐγὼ</span> <span class='ocrx_word' id='word_1_871' title='bbox 3291 4880 3404 4933; x_wconf 82' lang='grc' dir='ltr'>οὐκ</span> <span class='ocrx_word' id='word_1_872' title='bbox 3431 4878 3689 4946; x_wconf 74' lang='grc' dir='ltr'>ἐποίησα</span> 
     </span>
    </p>
   </div>
   <div class='ocr_carea' id='block_1_111' title="bbox 2113 4970 3685 5042">
    <p class='ocr_par' dir='ltr' id='par_1_111' title="bbox 2113 4970 3685 5042">
     <span class='ocr_line' id='line_1_111' title="bbox 2113 4970 3685 5042; baseline -0.004 -13"><span class='ocrx_word' id='word_1_873' title='bbox 2113 4973 2313 5039; x_wconf 79' lang='grc' dir='ltr'>οὐδὲν,</span> <span class='ocrx_word' id='word_1_874' title='bbox 2354 4974 2517 5029; x_wconf 75' lang='grc' dir='ltr'>ἀλλὰ</span> <span class='ocrx_word' id='word_1_875' title='bbox 2552 4971 2755 5041; x_wconf 76' lang='grc' dir='ltr'>κλοπῇ</span> <span class='ocrx_word' id='word_1_876' title='bbox 2800 4972 3076 5041; x_wconf 72' lang='grc' dir='ltr'>ἐκλάπην</span> <span class='ocrx_word' id='word_1_877' title='bbox 3117 4972 3188 5026; x_wconf 76' lang='grc' dir='ltr'>ἐκ</span> <span class='ocrx_word' id='word_1_878' title='bbox 3237 4970 3352 5042; x_wconf 76' lang='grc' dir='ltr'>γῆς</span> <span class='ocrx_word' id='word_1_879' title='bbox 3391 4971 3685 5039; x_wconf 76' lang='grc' dir='ltr'>Ἐϐραίων·</span> 
     </span>
    </p>
   </div>
   <div class='ocr_carea' id='block_1_112' title="bbox 2114 5061 3689 5135">
    <p class='ocr_par' dir='ltr' id='par_1_112' title="bbox 2114 5061 3689 5135">
     <span class='ocr_line' id='line_1_112' title="bbox 2114 5061 3689 5135; baseline -0.004 -16"><span class='ocrx_word' id='word_1_880' title='bbox 2114 5063 2210 5119; x_wconf 77' lang='grc' dir='ltr'>καὶ</span> <span class='ocrx_word' id='word_1_881' title='bbox 2242 5062 2479 5135; x_wconf 83' lang='grc' dir='ltr'>οὐδαμοῦ</span> <span class='ocrx_word' id='word_1_882' title='bbox 2513 5064 2783 5134; x_wconf 88' lang='grc' dir='ltr'>μέμνηται</span> <span class='ocrx_word' id='word_1_883' title='bbox 2803 5065 2902 5133; x_wconf 76' lang='grc' dir='ltr'>τῆς</span> <span class='ocrx_word' id='word_1_884' title='bbox 2927 5061 3252 5135; x_wconf 88' lang='grc' dir='ltr'>μοιχαλίδος,</span> <span class='ocrx_word' id='word_1_885' title='bbox 3277 5063 3396 5117; x_wconf 73' lang='grc' dir='ltr'>οὐδὲ</span> <span class='ocrx_word' id='word_1_886' title='bbox 3423 5062 3689 5117; x_wconf 79' lang='grc' dir='ltr'>καλλωπί·</span> 
     </span>
    </p>
   </div>
   <div class='ocr_carea' id='block_1_113' title="bbox 2116 5149 3688 5226">
    <p class='ocr_par' dir='ltr' id='par_1_113' title="bbox 2116 5149 3688 5226">
     <span class='ocr_line' id='line_1_113' title="bbox 2116 5149 3688 5226; baseline -0.003 -17"><span class='ocrx_word' id='word_1_887' title='bbox 2116 5152 2268 5218; x_wconf 72' lang='grc' dir='ltr'>ζεται</span> <span class='ocrx_word' id='word_1_888' title='bbox 2297 5153 2391 5208; x_wconf 72' lang='grc' dir='ltr'>ἐπὶ</span> <span class='ocrx_word' id='word_1_889' title='bbox 2421 5153 2501 5225; x_wconf 85' lang='grc' dir='ltr'>τῷ</span> <span class='ocrx_word' id='word_1_890' title='bbox 2532 5154 2838 5226; x_wconf 87' lang='grc' dir='ltr'>πράγματι,</span> <span class='ocrx_word' id='word_1_891' title='bbox 2872 5153 2901 5207; x_wconf 82' lang='grc' dir='ltr'>δ</span> <span class='ocrx_word' id='word_1_892' title='bbox 2928 5155 3035 5218; x_wconf 83' lang='grc' dir='ltr'>πᾶς</span> <span class='ocrx_word' id='word_1_893' title='bbox 3072 5171 3156 5217; x_wconf 87' lang='grc' dir='ltr'>τις</span> <span class='ocrx_word' id='word_1_894' title='bbox 3183 5149 3277 5209; x_wconf 86' lang='grc' dir='ltr'>οὗν</span> <span class='ocrx_word' id='word_1_895' title='bbox 3307 5154 3373 5209; x_wconf 87' lang='grc' dir='ltr'>ἂν</span> <span class='ocrx_word' id='word_1_896' title='bbox 3393 5154 3615 5219; x_wconf 74' lang='grc' dir='ltr'>ἔπαθεν,</span> <span class='ocrx_word' id='word_1_897' title='bbox 3643 5153 3688 5205; x_wconf 90' lang='grc' dir='ltr'>εἰ</span> 
     </span>
    </p>
   </div>
   <div class='ocr_carea' id='block_1_114' title="bbox 2115 5245 3689 5324">
    <p class='ocr_par' dir='ltr' id='par_1_114' title="bbox 2115 5245 3689 5324">
     <span class='ocr_line' id='line_1_114' title="bbox 2115 5245 3689 5324; baseline -0.005 -16"><span class='ocrx_word' id='word_1_898' title='bbox 2115 5254 2208 5308; x_wconf 75' lang='grc' dir='ltr'>καὶ</span> <span class='ocrx_word' id='word_1_899' title='bbox 2239 5252 2313 5324; x_wconf 83' lang='grc' dir='ltr'>μὴ</span> <span class='ocrx_word' id='word_1_900' title='bbox 2348 5249 2659 5321; x_wconf 80' lang='grc' dir='ltr'>φιλοτιμίας</span> <span class='ocrx_word' id='word_1_901' title='bbox 2692 5249 2899 5311; x_wconf 72' lang='grc' dir='ltr'>ἕνεκεν,</span> <span class='ocrx_word' id='word_1_902' title='bbox 2924 5246 3040 5300; x_wconf 85' lang='grc' dir='ltr'>ἀλλ’</span> <span class='ocrx_word' id='word_1_903' title='bbox 3065 5245 3204 5301; x_wconf 85' lang='grc' dir='ltr'>ὣστε</span> <span class='ocrx_word' id='word_1_904' title='bbox 3245 5248 3319 5319; x_wconf 81' lang='grc' dir='ltr'>μὴ</span> <span class='ocrx_word' id='word_1_905' title='bbox 3350 5247 3501 5313; x_wconf 74' lang='grc' dir='ltr'>δόξαι</span> <span class='ocrx_word' id='word_1_906' title='bbox 3530 5262 3689 5315; x_wconf 81' lang='grc' dir='ltr'>πονη-</span> 
     </span>
    </p>
   </div>
   <div class='ocr_carea' id='block_1_115' title="bbox 2118 5340 3685 5417">
    <p class='ocr_par' dir='ltr' id='par_1_115' title="bbox 2118 5340 3685 5417">
     <span class='ocr_line' id='line_1_115' title="bbox 2118 5340 3685 5417; baseline -0.006 -17"><span class='ocrx_word' id='word_1_907' title='bbox 2118 5348 2217 5417; x_wconf 77' lang='grc' dir='ltr'>ρᾶς</span> <span class='ocrx_word' id='word_1_908' title='bbox 2247 5346 2433 5399; x_wconf 72' lang='grc' dir='ltr'>ἕνεκεν</span> <span class='ocrx_word' id='word_1_909' title='bbox 2454 5341 2634 5406; x_wconf 89' lang='grc' dir='ltr'>αἰτίας</span> <span class='ocrx_word' id='word_1_910' title='bbox 2670 5342 2751 5403; x_wconf 89' lang='grc' dir='ltr'>εἰς</span> <span class='ocrx_word' id='word_1_911' title='bbox 2774 5340 2836 5393; x_wconf 90' lang='grc' dir='ltr'>τὸ</span> <span class='ocrx_word' id='word_1_912' title='bbox 2868 5340 3074 5412; x_wconf 71' lang='grc' dir='ltr'>οἴκημα</span> <span class='ocrx_word' id='word_1_913' title='bbox 3097 5341 3469 5410; x_wconf 82' lang='grc' dir='ltr'>ἐμϐεϐλῆσθαι</span> <span class='ocrx_word' id='word_1_914' title='bbox 3494 5342 3685 5394; x_wconf 77' lang='grc' dir='ltr'>έκεῖνο.</span> 
     </span>
    </p>
   </div>
   <div class='ocr_carea' id='block_1_116' title="bbox 2116 5431 3690 5507">
    <p class='ocr_par' dir='ltr' id='par_1_116' title="bbox 2116 5431 3690 5507">
     <span class='ocr_line' id='line_1_116' title="bbox 2116 5431 3690 5507; baseline -0.004 -17"><span class='ocrx_word' id='word_1_915' title='bbox 2116 5438 2179 5490; x_wconf 87' lang='grc' dir='ltr'>Εἰ</span> <span class='ocrx_word' id='word_1_916' title='bbox 2208 5436 2318 5507; x_wconf 88' lang='lat'>7&amp;9</span> <span class='ocrx_word' id='word_1_917' title='bbox 2347 5436 2442 5489; x_wconf 75' lang='grc' dir='ltr'>καὶ</span> <span class='ocrx_word' id='word_1_918' title='bbox 2470 5433 2874 5505; x_wconf 82' lang='grc' dir='ltr'>ἁμαρτάνοντες</span> <span class='ocrx_word' id='word_1_919' title='bbox 2904 5433 3201 5503; x_wconf 79' lang='grc' dir='ltr'>ἄνθρωποι,</span> <span class='ocrx_word' id='word_1_920' title='bbox 3241 5433 3362 5487; x_wconf 77' lang='grc' dir='ltr'>οῦδὲ</span> <span class='ocrx_word' id='word_1_921' title='bbox 3390 5431 3566 5498; x_wconf 81' lang='grc' dir='ltr'>οὕτως</span> <span class='ocrx_word' id='word_1_922' title='bbox 3590 5434 3690 5486; x_wconf 82' lang='grc' dir='ltr'>ἀπο</span> 
     </span>
    </p>
   </div>
   <div class='ocr_carea' id='block_1_117' title="bbox 2116 5520 3689 5600">
    <p class='ocr_par' dir='ltr' id='par_1_117' title="bbox 2116 5520 3689 5600">
     <span class='ocr_line' id='line_1_117' title="bbox 2116 5520 3689 5600; baseline -0.004 -17"><span class='ocrx_word' id='word_1_923' title='bbox 2116 5529 2332 5600; x_wconf 85' lang='grc' dir='ltr'>έχονται</span> <span class='ocrx_word' id='word_1_924' title='bbox 2359 5526 2453 5581; x_wconf 88' lang='grc' dir='ltr'>τοῦ</span> <span class='ocrx_word' id='word_1_925' title='bbox 2490 5525 2663 5582; x_wconf 86' lang='grc' dir='ltr'>ταῦτα</span> <span class='ocrx_word' id='word_1_926' title='bbox 2695 5525 2968 5594; x_wconf 75' lang='grc' dir='ltr'>ἐγκαλεῖν,</span> <span class='ocrx_word' id='word_1_927' title='bbox 3001 5525 3176 5578; x_wconf 89' lang='grc' dir='ltr'>καίτοι</span> <span class='ocrx_word' id='word_1_928' title='bbox 3207 5540 3269 5592; x_wconf 89' lang='grc' dir='ltr'>γε</span> <span class='ocrx_word' id='word_1_929' title='bbox 3305 5524 3572 5595; x_wconf 86' lang='grc' dir='ltr'>αἰσχύνην</span> <span class='ocrx_word' id='word_1_930' title='bbox 3597 5520 3689 5576; x_wconf 85' lang='grc' dir='ltr'>τοῦ</span> 
     </span>
    </p>
   </div>
   <div class='ocr_carea' id='block_1_118' title="bbox 2117 5613 3687 5691">
    <p class='ocr_par' dir='ltr' id='par_1_118' title="bbox 2117 5613 3687 5691">
     <span class='ocr_line' id='line_1_118' title="bbox 2117 5613 3687 5691; baseline -0.005 -17"><span class='ocrx_word' id='word_1_931' title='bbox 2117 5619 2442 5691; x_wconf 88' lang='grc' dir='ltr'>πράγματος</span> <span class='ocrx_word' id='word_1_932' title='bbox 2470 5616 2749 5687; x_wconf 85' lang='grc' dir='ltr'>φέροντος,</span> <span class='ocrx_word' id='word_1_933' title='bbox 2780 5615 2899 5680; x_wconf 87' lang='grc' dir='ltr'>πῶς</span> <span class='ocrx_word' id='word_1_934' title='bbox 2924 5615 3025 5669; x_wconf 86' lang='grc' dir='ltr'>οὑκ</span> <span class='ocrx_word' id='word_1_935' title='bbox 3057 5613 3203 5678; x_wconf 76' lang='grc' dir='ltr'>ἀξιον</span> <span class='ocrx_word' id='word_1_936' title='bbox 3238 5614 3523 5685; x_wconf 65' lang='grc' dir='ltr'>θαυμάσαι</span> <span class='ocrx_word' id='word_1_937' title='bbox 3549 5615 3687 5669; x_wconf 65' lang='lat' dir='ltr'><strong><em>tul-</em></strong></span> 
     </span>
    </p>
   </div>
   <div class='ocr_carea' id='block_1_119' title="bbox 2118 5703 3688 5784">
    <p class='ocr_par' dir='ltr' id='par_1_119' title="bbox 2118 5703 3688 5784">
     <span class='ocr_line' id='line_1_119' title="bbox 2118 5703 3688 5784; baseline -0.003 -17"><span class='ocrx_word' id='word_1_938' title='bbox 2118 5729 2226 5779; x_wconf 88' lang='lat' dir='ltr'>vov,</span> <span class='ocrx_word' id='word_1_939' title='bbox 2254 5712 2335 5766; x_wconf 80' lang='grc' dir='ltr'>ὅτι</span> <span class='ocrx_word' id='word_1_940' title='bbox 2362 5712 2454 5766; x_wconf 73' lang='grc' dir='ltr'>καὶ</span> <span class='ocrx_word' id='word_1_941' title='bbox 2488 5710 2726 5784; x_wconf 87' lang='grc' dir='ltr'>καθαρὸς</span> <span class='ocrx_word' id='word_1_942' title='bbox 2751 5709 2827 5766; x_wconf 84' lang='grc' dir='ltr'>ὢν</span> <span class='ocrx_word' id='word_1_943' title='bbox 2850 5710 2949 5764; x_wconf 81' lang='grc' dir='ltr'>οὐκ</span> <span class='ocrx_word' id='word_1_944' title='bbox 2981 5703 3099 5763; x_wconf 77' lang='grc' dir='ltr'>εἰπε</span> <span class='ocrx_word' id='word_1_945' title='bbox 3132 5707 3220 5761; x_wconf 85' lang='grc' dir='ltr'>τὸν</span> <span class='ocrx_word' id='word_1_946' title='bbox 3251 5707 3433 5778; x_wconf 75' lang='grc' dir='ltr'>ἔρωτα</span> <span class='ocrx_word' id='word_1_947' title='bbox 3461 5708 3560 5780; x_wconf 67' lang='grc' dir='ltr'>τῆς</span> <span class='ocrx_word' id='word_1_948' title='bbox 3592 5721 3688 5777; x_wconf 79' lang='grc' dir='ltr'>γυ-</span> 
     </span>
    </p>
   </div>
  </div>
