3990 6168
349 302 459 362 273

350 432 482 476 vero
504 420 811 475 libertatem
840 430 869 471 a
896 416 1058 481 curis,
1105 428 1167 469 ac
1194 406 1373 483 neque
1395 413 1699 468 divitiarum
1729 404 1933 467 solliei—

353 509 608 574 tudines,
657 522 827 578 neque
879 505 1209 576 paupertatis
1257 513 1458 562 metum
1517 503 1929 558 sustineremus.

356 601 563 672 Ecquid
584 600 709 655 dico
731 599 798 654 de
827 597 990 653 lucris
1018 613 1085 652 ex
1112 596 1197 651 illa
1224 596 1433 665 partis?
1464 594 1581 665 lpsa
1625 607 1841 665 quoque
1879 593 1933 649 in

351 708 417 748 se
437 692 676 757 dilectio,
706 697 897 761 quanta
929 690 999 745 sit
1020 689 1326 755 considera,
1354 696 1608 759 quantam
1638 685 1772 742 ferat
1794 685 1934 741 lteti-

350 786 499 851 tiam,
531 784 583 839 in
609 792 805 855 quanta
828 785 998 853 gratia
1028 782 1322 839 constituat
1346 781 1578 836 animam
1605 798 1619 836 :
1649 779 1789 851 quod
1817 780 1935 851 qui-

278 930 282 935 .
349 877 470 932 dem
503 876 554 931 in
577 876 664 930 illa
696 875 959 931 eximium
984 883 1086 929 est.
1109 875 1245 929 Alite
1271 889 1503 944 namque
1528 873 1740 928 virtutis
1756 881 1936 943 partes

348 969 688 1039 conjunctum
717 968 922 1024 habent
946 967 1227 1033 laborem;
1255 968 1402 1023 verbi
1430 967 1622 1037 gratia,
1649 965 1930 1036 jejunium,

349 1061 698 1130 temperantia
719 1102 734 1127 ,
779 1059 977 1130 vigilite
1001 1101 1017 1125 ,
1063 1059 1319 1115 invidiam
1343 1100 1357 1124 ,
1410 1058 1930 1128 concupiscentiam,

347 1161 712 1222 contemptum
734 1169 749 1206 :
768 1155 965 1208 caritas
995 1161 1173 1207 autem
1196 1168 1318 1208 cum
1345 1152 1495 1207 lucro
1523 1152 1741 1207 multam
1773 1150 1936 1205 habet

345 1246 503 1301 etiam
532 1247 883 1315 voluptatem,
914 1254 969 1301 et
993 1246 1229 1301 laborem
1262 1245 1466 1301 nullum
1493 1261 1508 1297 :
1540 1253 1595 1299 et
1623 1243 1762 1298 sicut
1792 1242 1933 1298 bona

344 1339 481 1408 apis,
512 1338 752 1407 undique
797 1339 934 1393 bona
979 1338 1257 1408 colligens,
1286 1337 1375 1393 illa
1406 1334 1623 1406 deponit
1653 1335 1707 1388 in
1755 1333 1932 1387 anima

344 1430 466 1500 ejus
493 1430 584 1499 qui
612 1429 800 1499 diligit.
833 1429 1055 1484 Etiamsi
1084 1430 1204 1500 quis
1249 1430 1473 1493 serviat,
1527 1427 1776 1481 libertate
1804 1439 1930 1478 sua-

341 1521 554 1575 viorem
604 1520 821 1574 exhibet
847 1522 1183 1575 servitutem.
1237 1520 1336 1588 Qui
1369 1519 1513 1574 enim
1541 1525 1686 1571 amat
1711 1530 1820 1570 non
1858 1514 1929 1567 ita

342 1612 539 1681 gaudet
565 1626 685 1665 cum
714 1611 954 1679 imperat.
990 1621 1050 1666 ut
1076 1628 1197 1667 cum
1240 1611 1557 1681 imperatur,
1585 1605 1796 1663 etiamsi
1825 1605 1930 1660 im-

342 1718 538 1779 perare
564 1704 636 1762 sit
658 1703 988 1776 jucundum;
1017 1704 1110 1759 sed
1141 1706 1253 1773 ipsa
1282 1718 1462 1758 rerum
1481 1711 1727 1756 naturam
1753 1708 1931 1753 trans-

342 1808 539 1860 mutat,
570 1798 890 1869 advenitque
917 1797 969 1852 in
1003 1811 1159 1850 manu
1183 1794 1321 1849 bona
1350 1794 1532 1848 omnia
1561 1792 1783 1855 habens,
1804 1803 1931 1861 qua-

339 1891 422 1944 vis
440 1899 611 1944 matre
626 1890 895 1957 blandior,
912 1888 1100 1959 quavis
1126 1887 1304 1958 regina
1332 1886 1647 1954 locupletior
1671 1902 1686 1939 :
1706 1898 1930 1953 quaeque

336 1980 608 2035 laboriosa
634 1989 782 2045 sunt,
816 1981 950 2035 levia
981 1989 1034 2034 et
1067 1978 1241 2035 facilia
1287 1977 1483 2035 reddit.
1513 1976 1765 2030 virtutem
1794 1973 1926 2028 faci-

326 2073 465 2137 lem,
519 2071 813 2141 nequitiam
859 2071 1263 2127 acerbissimam
1296 2069 1450 2123 nobis
1479 2067 1762 2123 exhibens.
1795 2067 1928 2121 Ani-

328 2163 613 2218 madverte
634 2172 811 2217 autem
846 2179 863 2214 :
890 2162 1205 2232 impendere
1234 2160 1442 2215 videtur
1469 2161 1751 2215 molestum
1781 2174 1922 2222 esse.

328 2263 387 2310 et
415 2253 518 2310 hoc
565 2253 652 2308 illa
682 2254 836 2309 dulce
862 2252 1037 2308 reddit
1064 2270 1079 2317 ;
1113 2254 1291 2307 aliena
1336 2253 1582 2322 accipere
1603 2250 1922 2322 jucundum,

325 2353 384 2402 et
419 2361 525 2400 non
552 2345 681 2400 sinit
706 2344 834 2399 illud
853 2344 1149 2414 jucundum
1178 2358 1464 2414 apparere.
1493 2343 1587 2399 sed
1617 2352 1674 2397 ut
1699 2358 1922 2412 pravum

324 2436 517 2507 fugere
536 2434 749 2491 suadet.
772 2435 981 2490 Rursus
1008 2434 1339 2490 maledicere
1381 2449 1545 2490 suave
1570 2434 1820 2490 omnibus
1846 2434 1927 2488 vi-

322 2528 492 2584 detur
517 2543 637 2585 esse
662 2545 676 2593 ;
709 2530 823 2598 ipsa
852 2537 1030 2583 autem
1059 2527 1191 2584 illud
1220 2542 1461 2582 amarum
1502 2541 1624 2583 esse
1666 2526 1921 2594 declarat,

321 2628 378 2674 et
414 2618 737 2675 benedicere
767 2618 925 2674 dulce
955 2638 966 2674 :
1000 2618 1131 2673 nihil
1162 2619 1305 2673 enim
1335 2618 1488 2674 nobis
1531 2619 1604 2673 ita
1630 2632 1792 2673 suave
1818 2627 1921 2684 est,

319 2717 378 2765 ut
430 2709 647 2765 laudare
694 2725 816 2765 eum
862 2724 1021 2780 quem
1052 2724 1316 2765 amamus.
1348 2707 1559 2764 Rursus
1584 2709 1657 2763 ira
1688 2708 1919 2779 aliquam

320 2803 495 2859 habet
517 2803 879 2874 voluptatem;
904 2811 959 2857 at
984 2802 1072 2858 hie
1098 2817 1451 2873 nequaquam,
1479 2800 1573 2856 sed
1596 2815 1783 2855 omnes
1805 2798 1921 2870 ejus

321 2894 483 2950 nervi
501 2894 698 2949 sublati
721 2903 847 2949 sunt
871 2913 882 2947 :
910 2895 1120 2949 etiamsi
1152 2895 1198 2951 ls
1223 2896 1312 2965 qui
1337 2894 1577 2965 diligitur
1594 2894 1832 2964 diligenti
1862 2909 1922 2949 se

324 2986 635 3041 molestiam
656 2986 873 3051 crearit,
896 2986 969 3040 ira
995 3001 1257 3057 nusquam
1279 2995 1520 3058 apparet,
1535 2985 1630 3041 sed
1648 2987 1917 3056 lacrymw,

326 3078 738 3134 adhortationes
758 3087 812 3134 et
839 3078 1256 3147 supplicationes
1290 3098 1304 3134 :
1338 3087 1542 3134 tantum
1570 3079 1723 3134 abest
1751 3088 1809 3133 ut
1829 3094 1923 3133 ex-

328 3180 634 3242 asperetur.
679 3172 898 3226 Etiamsi
921 3171 1100 3226 videat
1135 3180 1441 3240 peccantem
1462 3212 1477 3238 ,
1507 3172 1648 3242 luget
1676 3181 1730 3226 et
1752 3171 1917 3237 dolet;

328 3265 420 3321 sed
448 3264 612 3320 dolor
640 3263 727 3319 ille
749 3264 1073 3333 voluptatem
1102 3264 1272 3319 aﬂ‘ert.
1300 3264 1548 3319 Caritatis
1573 3264 1716 3318 enim
1748 3264 1923 3333 lacry-

327 3370 431 3409 mae
462 3363 523 3410 et
543 3354 695 3409 dolor
722 3357 833 3409 risu
857 3364 983 3409 sunt
1006 3357 1149 3410 omni
1175 3367 1227 3410 et
1255 3354 1450 3428 gaudio
1476 3358 1776 3412 suaviores.
1801 3355 1918 3410 Non

331 3446 474 3501 adeo
496 3445 653 3517 igitur
673 3448 955 3518 quiescunt
990 3449 1022 3505 ii
1045 3451 1136 3521 qui
1168 3451 1366 3518 rident,
1398 3459 1458 3505 ut
1488 3451 1521 3504 ii
1545 3450 1635 3520 qui
1662 3466 1757 3519 pro
1782 3450 1915 3503 amio

332 3539 412 3594 cis
444 3540 664 3609 plorant
693 3557 706 3596 :
735 3541 848 3597 etsi
879 3543 929 3597 id
957 3559 1060 3598 non
1103 3543 1299 3608 credis,
1330 3543 1563 3612 reprime
1594 3543 1807 3596 illorum
1841 3542 1917 3594 Ia-

329 3644 575 3706 crymas,
608 3641 662 3688 ct
688 3648 750 3688 ac
788 3635 829 3689 si
857 3635 1169 3704 gravissima
1202 3643 1529 3702 paterentur,
1560 3633 1630 3686 ita
1653 3646 1795 3700 mgre
1839 3631 1917 3685 fe-

328 3735 473 3780 runt.
507 3725 576 3779 At
596 3740 795 3792 amare,
828 3725 1059 3796 inquies,
1080 3724 1368 3779 absurdam
1390 3722 1550 3778 habet
1572 3722 1916 3791 voluptatem.

329 3817 508 3882 Absit,
534 3816 671 3873 bona
704 3817 881 3881 verba,
914 3833 946 3872 o
968 3816 1130 3872 homo
1157 3834 1169 3870 :
1202 3815 1330 3870 nihil
1356 3815 1496 3870 enim
1521 3814 1589 3868 ita
1619 3827 1811 3884 purum
1836 3822 1920 3868 est

326 3915 384 3963 ut
418 3908 622 3963 caritas
641 3909 892 3979 genuina.

398 4000 451 4057 '1.
502 3998 582 4055 Ne
613 3999 742 4053 mihi
784 4000 926 4056 enim
956 3998 1101 4055 dicas
1128 4000 1269 4054 illam
1313 3997 1626 4069 popularem
1653 4004 1707 4051 et
1733 3995 1914 4050 furen-

273 4115 275 4117 ί
327 4108 459 4162 sem,
503 4092 598 4167 qui
626 4101 712 4148 est
752 4093 928 4162 pmius
952 4093 1189 4155 morbus,
1233 4108 1390 4164 quam
1423 4093 1616 4147 caritas
1646 4100 1701 4145 et
1743 4105 1913 4155 amor,

330 4185 419 4240 sed
449 4187 589 4240 hanc
618 4198 780 4255 quam
807 4185 999 4239 Paulus
1027 4184 1236 4254 quaerit,
1288 4199 1406 4253 quae
1432 4182 1572 4253 quod
1602 4183 1732 4236 utile
1777 4180 1914 4235 dile-

330 4277 429 4331 ctis
453 4285 537 4332 est
566 4286 797 4348 spectat,
830 4284 887 4332 et
913 4276 1122 4331 videbis
1154 4276 1274 4330 illos
1299 4290 1420 4329 esse
1465 4273 1705 4343 patribus
1729 4288 1915 4326 amano

331 4368 514 4426 tiores.
538 4373 619 4425 Ac
647 4368 1099 4441 quemadmodum
1128 4368 1161 4422 ii
1185 4368 1279 4438 qui
1304 4368 1558 4438 pecunias
1587 4375 1787 4428 amant,
1816 4380 1914 4435 pe-

334 4462 512 4517 cunias
538 4462 858 4532 impendere
879 4478 986 4516 non
1020 4461 1312 4531 elegerint,
1344 4459 1438 4515 sed
1472 4458 1686 4513 suavius
1731 4465 1918 4526 putant

332 4548 386 4604 in
424 4554 668 4624 angustia
695 4568 836 4621 esse,
870 4568 1029 4625 quam
1070 4554 1189 4607 illas
1232 4552 1543 4607 imminutas
1570 4552 1753 4606 videre
1783 4566 1796 4602 :
1840 4551 1918 4605 sic

333 4650 386 4696 et
414 4644 501 4699 ille
524 4644 619 4714 qui
645 4660 770 4716 erga
791 4646 1019 4716 aliquem
1051 4645 1188 4700 bene
1225 4652 1278 4699 et
1301 4644 1536 4698 suaviter
1560 4641 1784 4697 all‘ectus
1809 4649 1912 4708 est,

334 4732 611 4790 innumera
637 4736 741 4804 pati
762 4736 1028 4802 maluerit,
1048 4734 1471 4806 quamdilectum
1497 4734 1677 4788 videre
1705 4734 1912 4787 besem.

335 4824 613 4892 Quotnodo
664 4827 845 4898 igitur,
906 4828 1134 4898 inquies,
1168 4827 1416 4898 Egyptia
1450 4828 1558 4893 illa,
1605 4843 1725 4897 quze
1764 4826 1917 4881 Jose-

333 4914 492 4982 phum
555 4918 803 4983 amabat,
859 4918 1006 4973 illum
1053 4917 1373 4971 contumelia
1434 4916 1654 4971 afﬁcere
1704 4915 1914 4970 voluit?

333 5006 460 5070 Quia
494 5008 648 5061 illum
676 5008 890 5064 amabat
917 5008 1206 5063 dilectione
1233 5007 1516 5062 diabolica.
1562 5006 1758 5076 Joseph
1788 5023 1915 5062 vero

335 5109 437 5150 non
462 5095 606 5152 hanc
650 5096 854 5163 habuit,
889 5098 981 5153 sed
1010 5113 1125 5152 eam
1158 5112 1317 5167 quam
1352 5097 1545 5151 Paulus
1572 5096 1913 5153 dilectionem

336 5189 627 5254 qutrrebat.
666 5188 849 5259 Cogita
899 5191 1059 5260 igitur
1098 5200 1308 5260 quant-.e
1336 5189 1572 5244 caritatis
1605 5189 1719 5258 ejus
1752 5190 1914 5245 verba

338 5287 535 5343 essent,
564 5288 616 5333 et
639 5295 770 5350 quas
795 5295 881 5334 res
904 5281 989 5333 illa
1012 5281 1220 5335 dicebat
1244 5299 1257 5333 :
1287 5280 1366 5334 Me
1391 5280 1716 5336 contumelia
1758 5279 1916 5336 aflice

338 5373 391 5419 et
406 5367 701 5423 adulteram
726 5368 924 5424 redde:
953 5369 1197 5439 injuriam
1228 5373 1367 5426 infer
1385 5371 1589 5436 viro,et
1614 5377 1776 5424 totam
1789 5370 1918 5425 snb-

341 5467 485 5526 verte
513 5458 749 5528 domum,
785 5469 940 5529 teque
970 5462 1140 5529 ipsum
1170 5461 1341 5530 abjice
1363 5476 1392 5516 a
1422 5462 1611 5518 ﬁducia
1652 5477 1812 5531 quam
1860 5464 1914 5518 in

344 5546 505 5602 Deum
532 5547 696 5604 habes
727 5567 741 5604 :
774 5567 892 5621 qua:
918 5551 1078 5606 verba
1108 5552 1253 5606 illius
1272 5561 1443 5618 erant,
1473 5568 1593 5623 quae
1622 5568 1719 5607 nec
1740 5553 1911 5619 illum,

344 5650 442 5692 nec
466 5638 693 5708 seipsam
724 5652 955 5696 amaret.
1006 5641 1104 5696 llic
1149 5651 1364 5708 autem,
1410 5644 1658 5712 quoniam
1705 5645 1914 5698 sincere

349 5729 575 5798 amabat,
622 5733 734 5791 hac
756 5734 933 5791 omnia
973 5734 1186 5805 abjccit.
1230 5736 1401 5806 Atque
1446 5747 1502 5792 ut
1529 5738 1736 5794 ediscas
1768 5739 1907 5811 quod

1339 294 1406 355 ΙΝ
1443 295 1659 352 EPIST.
1699 296 1720 352 Ι
1784 295 1877 351 AD
1911 293 2070 355 COR.
2113 295 2346 355 ﬂOMlL.
2384 294 2602 354 XXXII.

3525 302 3634 360 τη

2042 411 2159 481 lius
2186 427 2369 468 curam
2398 421 2632 484 gereret,
2662 428 2728 470 ex
2750 412 2868 484 ejus
2891 413 3268 472 adhortatione
3296 414 3350 473 id
3390 416 3629 487 percipe.
3668 396 3681 451 ἐ

2042 503 2157 559 Non
2188 504 2348 560 modo
2385 506 2528 560 enim
2556 506 2723 560 illam.
2748 507 2965 578 repulit,
2997 507 3092 564 sed
3117 516 3172 563 et
3200 507 3630 564 adhortationem

2041 594 2270 662 induxit,
2310 611 2430 667 quae
2469 605 2678 667 poterat
2704 613 2917 654 omnem
2958 598 3227 654 ﬂammam
3248 600 3629 670 exstinguere:

2043 685 2104 740 Si
2127 687 2263 740 enim
2282 687 2519 749 dominus
2546 705 2705 755 meus,
2727 689 2918 760 inquit,
2940 698 3146 761 propter
3170 706 3250 744 me
3269 690 3396 744 nihil
3415 690 3549 745 nouit
3575 691 3630 745 in

2040 776 2189 845 domo
2231 793 2324 831 sua
2371 777 2523 848 (Gen.
2568 779 2664 853 39,
2707 779 2786 850 8).
2833 781 3024 837 Statim
3071 781 3145 835 illi
3182 783 3355 837 virum
3382 798 3536 837 suum
3567 782 3625 838 in

2040 877 2277 923 mentem
2307 869 2600 933 revocavit,
2631 878 2691 924 ut
2710 870 2848 925 illam
2887 870 3089 939 pudore
3116 870 3380 927 afﬁceret.
3408 871 3520 928 Nec
3543 872 3628 927 di-

2039 961 2137 1026 xit,
2174 961 2269 1017 Vir
2299 971 2440 1029 tuus,
2482 961 2577 1019 sed
2606 962 2856 1017 Dominus
2895 980 3054 1030 meus,
3085 964 3226 1035 quod
3256 965 3425 1035 magis
3449 974 3631 1035 posset

2041 1054 2187 1110 illam
2215 1056 2453 1111 retinere
2481 1064 2536 1111 et
2558 1057 2788 1111 suadere
2826 1056 3085 1127 cogitare,
3112 1071 3354 1127 quaenam
3384 1073 3506 1114 cum
3537 1072 3630 1113 es-

2039 1155 2142 1214 set,
2189 1161 2347 1217 quem
2387 1156 2616 1213 amaret,
2663 1162 2856 1216 nempe
2892 1146 3110 1202 domina
3152 1162 3388 1203 servum.
3421 1146 3552 1202 Nam
3581 1148 3628 1203 si

2039 1238 2130 1292 ille
2156 1248 2240 1293 est
2265 1237 2538 1307 dominus,
2570 1247 2622 1293 et
2657 1248 2712 1293 tu
2743 1238 2979 1294 domina.
3015 1238 3294 1294 Pudeat'te
3326 1241 3485 1309 igitur
3515 1240 3628 1294 col-

2038 1327 2201 1399 loquii
2229 1330 2351 1385 talis
2378 1346 2502 1386 cum
2529 1345 2709 1397 servo,
2760 1338 2816 1386 et
2835 1331 3007 1401 cogita
3035 1330 3187 1399 cujus
3212 1345 3334 1385 cum
3364 1330 3438 1385 sis
3466 1346 3625 1392 uxor.

2036 1434 2158 1475 cum
2186 1436 2293 1490 quo
2321 1421 2454 1477 velis
2481 1422 2650 1487 coire,
2673 1430 2729 1477 et
2755 1422 2808 1477 in
2834 1437 2991 1492 quem
3034 1420 3110 1477 sis
3140 1421 3368 1492 ingrata,
3399 1430 3453 1477 et
3477 1422 3620 1491 quod

2035 1525 2135 1581 ego
2176 1512 2431 1582 majorem
2463 1513 2754 1569 exhibeam
2800 1514 3256 1569 benevolentiam.
3290 1513 3422 1568 Vide
3441 1523 3623 1568 autem

2035 1602 2307 1671 quomodo
2334 1602 2451 1673 ejus
2480 1604 2701 1659 extollat
2725 1604 3007 1659 beneﬁcia.
3041 1603 3176 1671 Quia
3203 1606 3347 1659 enim
3374 1603 3507 1659 nihil
3531 1619 3626 1659 su-

2035 1694 2201 1750 blime
2244 1705 2452 1764 poterat
2497 1697 2723 1753 barbara
2764 1698 2852 1752 illa
2878 1706 2934 1753 et
2974 1698 3240 1768 impudica
3267 1700 3521 1770 cogitare,
3553 1699 3623 1755 ab

2036 1784 2284 1841 humanis
2312 1787 2458 1841 illam
2489 1787 2693 1857 pudore
2712 1787 2989 1854 suﬂundit,
3019 1788 3207 1845 dicens
3235 1805 3252 1845 :
3287 1788 3509 1860 Propter
3538 1807 3618 1844 me

2035 1878 2166 1932 nihil
2191 1880 2449 1948 cognoscit
2473 1897 2493 1945 ;
2517 1879 2568 1947 id
2598 1889 2703 1943 est,
2733 1880 2919 1951 Magna
2948 1881 3080 1935 mihi
3104 1881 3358 1937 beneﬁcia
3388 1880 3619 1948 confert,

2033 1984 2133 2024 nec
2157 1984 2376 2040 possunt
2410 1980 2691 2039 patronum
2711 1971 2763 2026 in
2790 1971 2953 2026 rebus
2981 1973 3267 2043 praecipuis
3294 1972 3507 2028 laedere.
3537 1972 3622 2029 Ile

2033 2059 2327 2129 secundum
2355 2060 2631 2116 dominum
2673 2060 2798 2117 fecit
2822 2061 3018 2116 domus
3036 2077 3170 2130 sum,
3200 2072 3254 2118 et
3285 2060 3479 2118 Nullus
3506 2064 3620 2120 exi-

2031 2153 2206 2215 mitur,
2236 2153 2336 2207 nisi
2362 2161 2437 2206 tu.
2466 2153 2565 2208 llic
2583 2152 2699 2222 ejus
2723 2167 2940 2207 sensum
2969 2161 3024 2208 et
3044 2152 3284 2210 animum
3305 2153 3536 2219 extollit,
3560 2163 3621 2208 ut

2029 2243 2108 2301 sic
2153 2242 2296 2297 illam
2335 2242 2403 2298 ad
2441 2242 2699 2313 pudorem
2736 2243 2981 2311 inducat,
3003 2252 3057 2299 et
3086 2244 3341 2300 ostendat
3366 2258 3619 2315 magnum

2031 2350 2149 2391 esse
2179 2334 2461 2390 honorem.
2494 2334 2677 2405 Neque
2700 2335 2787 2391 hic
2813 2335 3071 2400 subStitit,
3096 2334 3190 2390 sed
3218 2335 3380 2390 etiam
3410 2335 3620 2390 induxit

2030 2442 2227 2482 nomen
2270 2426 2412 2498 quod
2453 2436 2636 2496 posset
2681 2426 2826 2481 illam
2857 2427 3092 2483 retinere
3123 2427 3310 2483 dicens
3339 2445 3352 2480 :
3383 2424 3462 2482 Eo
3482 2427 3619 2498 quod

2029 2528 2084 2573 tu
2107 2519 2176 2573 sis
2193 2535 2325 2573 uxor
2342 2518 2487 2588 ejus;
2512 2528 2560 2573 et
2579 2518 2831 2589 quomodo
2848 2520 3036 2591 faciam
3056 2519 3258 2575 verbum
3280 2519 3574 2575 [secundum
3591 2520 3619 2574 ἵ

2027 2610 2136 2667 Sed
2157 2611 2484 2681 quiddicis?
2510 2611 2626 2666 Non
2665 2611 2819 2668 adest
2863 2612 2967 2679 vir,
2998 2628 3173 2682 neque
3198 2616 3305 2669 scit
3332 2628 3393 2671 se
3424 2613 3616 2682 injuria

2028 2704 2166 2758 allici
2188 2705 2211 2757 ?
2236 2702 2342 2759 Sed
2372 2705 2510 2759 Deus
2539 2704 2782 2773 aspiciet.
2812 2707 2883 2759 At
2907 2706 3043 2762 nihil
3061 2720 3130 2761 ex
3153 2706 3242 2761 tali
3270 2707 3495 2761 consilio
3524 2706 3615 2762 illa

2029 2797 2230 2853 lucrata
2252 2808 2354 2861 est,
2370 2796 2466 2853 sed
2489 2797 2637 2851 illum
2660 2797 2899 2852 attraxit.
2926 2798 3184 2854 Furorem
3207 2813 3437 2869 namque
3457 2814 3615 2855 suum

2027 2888 2302 2957 complere
2328 2889 2539 2953 volens.
2572 2905 2681 2943 non
2711 2905 2898 2946 amans
2923 2888 3216 2960 Joscphum
3246 2892 3362 2946 htrc
3388 2889 3533 2955 fecit,
3557 2900 3615 2946 ut

2029 2981 2199 3050 palam
2225 2991 2385 3036 estex
2412 2982 2612 3053 iisquae
2635 2991 2816 3051 postea
2839 2982 3159 3053 designavit.
3184 2983 3448 3039 Judicium
3467 2983 3613 3040 enim

2026 3073 2325 3139 constituit,
2356 3083 2409 3127 et
2435 3075 2831 3130 accusationem
2862 3074 3044 3143 infert,
3072 3087 3234 3147 atque
3260 3075 3395 3132 falsa
3426 3075 3615 3132 testiﬁ-

2026 3172 2199 3230 catur,
2247 3178 2310 3218 ac
2349 3162 2477 3219 ferae
2517 3165 2679 3219 tradit
2728 3182 2872 3229 cum,
2917 3168 3010 3237 qui
3049 3182 3107 3224 se
3133 3167 3266 3223 nihil
3294 3168 3530 3233 laeserat,
3558 3167 3611 3224 in

2026 3271 2405 3323 carceremque
2450 3257 2707 3326 conjicit;
2755 3259 2862 3313 imo
2913 3260 3108 3329 potius,
3164 3269 3422 3331 quantum
3470 3260 3521 3314 in
3552 3273 3613 3315 se

2025 3357 2160 3410 erat,
2196 3347 2395 3402 occidit
2429 3367 2442 3401 :
2477 3349 2545 3402 ita
2580 3364 2772 3417 nempe
2794 3350 3029 3418 judicent
3054 3353 3301 3405 armavit.
3353 3351 3490 3420 Quid
3516 3351 3614 3421 igi-

2028 3441 2153 3494 tur?
2180 3448 2366 3493 eratne
2402 3439 2600 3508 Joseph
2648 3440 2810 3494 etiam
2859 3441 3017 3494 talis?
3047 3442 3159 3495 lmo
3179 3428 3367 3497 'contra
3393 3460 3408 3505 ;
3438 3457 3613 3512 neque

2024 3530 2169 3586 enim
2199 3531 2546 3594 contradixit,
2578 3547 2753 3601 neque
2784 3533 3061 3588 mulierem
3089 3536 3380 3588 accusavit.
3410 3537 3500 3594 At.
3525 3535 3610 3589 in-

2026 3622 2200 3691 quies.
2230 3639 2337 3676 non
2370 3622 2632 3677 creditum
2671 3624 2743 3677 illi
2776 3622 2988 3678 fuisset.
3018 3624 3178 3694 Atqui
3208 3625 3365 3680 valde
3389 3624 3611 3680 amaba-

2027 3725 2135 3783 tur,
2164 3725 2223 3770 ut
2244 3716 2418 3785 palam
2460 3726 2564 3783 est,
2599 3731 2703 3771 non
2729 3732 2792 3770 ex
2817 3716 3080 3786 principio
3105 3717 3298 3782 solum,
3330 3717 3423 3772 scd
3448 3717 3609 3775 etiam

2025 3825 2091 3865 ex
2122 3809 2247 3864 fine.
2283 3808 2391 3863 Nisi
2420 3810 2562 3864 enim
2592 3810 2738 3873 illum
2776 3809 3036 3865 barbarus
3082 3810 3175 3865 ille
3209 3811 3432 3866 multum
3470 3809 3610 3864 dile—

2023 3903 2210 3966 xissct,
2237 3904 2397 3957 etiam
2422 3903 2703 3958 occidisset
2732 3904 2980 3959 silentem
3006 3913 3058 3957 et
3086 3903 3216 3958 nihil
3235 3902 3611 3959 contradicen'

2027 4002 2154 4048 tem.
2177 3995 2384 4048 Etenim
2401 3994 2687 4066 Egyptius
2707 4005 2820 4050 erat
2838 4005 2891 4050 et
2910 3997 3180 4065 princeps,
3200 4005 3249 4049 et
3276 3995 3326 4048 in
3341 3991 3610 4064 coniugali

2026 4086 2163 4141 lecto
2185 4086 2406 4141 allectus
2425 4087 2639 4154 injuria,
2661 4096 2718 4140 ut
2736 4087 2974 4155 putabat;
2994 4096 3046 4142 et
3063 4102 3092 4140 a
3116 4087 3335 4151 famulo,
3356 4101 3384 4138 a
3403 4084 3611 4141 famulo

2024 4176 2264 4246 inquam,
2297 4178 2388 4247 qui
2421 4187 2498 4231 tot
2529 4176 2785 4232 beneficia
2817 4187 3118 4247 acceperat.
3151 4176 3255 4232 Sed
3286 4176 3401 4229 lucc
3427 4174 3608 4229 omnia

2023 4270 2148 4324 vicit
2189 4270 2408 4325 dilectio
2449 4279 2503 4324 et
2545 4270 2731 4338 gratia,
2778 4284 2937 4338 quam
2969 4269 3109 4324 lleus
3137 4268 3189 4321 in
3219 4268 3368 4320 illum
3397 4264 3607 4319 infudit.

2022 4360 2155 4414 Cum
2179 4362 2345 4430 gratia
2369 4370 2544 4414 autem
2568 4371 2622 4414 et
2642 4360 2926 4415 dilectione
2949 4359 3047 4413 hac
3075 4358 3264 4413 indicia
3291 4357 3473 4411 habuit
3500 4372 3605 4412 non

2024 4466 2207 4521 parva,
2237 4453 2279 4506 si
2305 4452 2427 4520 jure
2455 4451 2781 4506 contendere
2811 4451 3086 4514 voluisset,
3116 4450 3226 4519 ipsa
3259 4448 3603 4504 vestimenta.

2025 4543 2080 4598 Si
2109 4544 2250 4598 enim
2283 4543 2367 4597 illa
2396 4543 2501 4597 vim
2533 4557 2686 4607 passa
2719 4543 2924 4602 fuisset.
2954 4542 3234 4611 oportebat
3260 4551 3470 4610 ruptam
3492 4541 3610 4611 ejus

2026 4637 2192 4694 fuisse
2238 4636 2496 4703 tunicam,
2528 4636 2819 4691 laceratum
2867 4634 3092 4701 vultum,
3136 4649 3243 4689 non
3282 4634 3421 4688 illius
3451 4636 3612 4688 vesti-

2026 4740 2203 4783 menta
2239 4737 2440 4784 tenere.
2469 4727 2577 4783 Sed
2602 4727 2814 4783 audivit.
2847 4726 3037 4796 inquit,
3067 4725 3202 4795 quod
3226 4741 3392 4779 vocem
3418 4724 3606 4793 extuli,

2024 4830 2073 4874 et
2103 4820 2291 4874 relictis
2331 4820 2544 4873 vestibus
2581 4819 2701 4871 abiit
2737 4816 2885 4889 (Gen.
2918 4818 3015 4885 39,
3056 4817 3171 4888 15).
3200 4815 3307 4872 Cur
3331 4832 3460 4886 ergo
3484 4831 3606 4871 eum

2025 4913 2260 4969 exuisti?
2287 4913 2413 4982 quid
2455 4913 2560 4965 vim
2596 4910 2820 4980 patienti
2864 4910 3154 4980 optandum
3197 4909 3351 4965 erat?
3379 4907 3445 4963 Ut
3473 4908 3604 4962 libe-

2024 5012 2236 5059 raretur
2262 5004 2329 5056 ah
2358 5018 2423 5056 eo
2454 5002 2541 5070 qui
2571 5002 2669 5055 sihi
2697 5002 3002 5057 violentiam
3035 5001 3278 5056 inferret.
3312 5000 3424 5068 Ego
3477 5015 3605 5054 vero

2026 5111 2130 5150 non
2154 5094 2277 5148 hinc
2305 5102 2530 5153 tantum,
2561 5093 2653 5146 sed
2678 5093 2837 5148 etiam
2865 5108 2931 5146 ex
2954 5091 3299 5160 sequentibus
3321 5089 3608 5144 ostendere

2027 5186 2228 5256 possim
2270 5185 2386 5254 ejus
2427 5183 2849 5239 benevolentiam
2879 5193 2933 5237 et
2958 5197 3217 5237 amorem.
3251 5182 3455 5238 Etenim
3483 5198 3606 5238 cum

2025 5277 2079 5331 in
2108 5276 2483 5331 necessitatem
2511 5274 2718 5338 incidit,
2749 5283 2807 5328 ut
2828 5288 3046 5329 causam
3071 5272 3278 5329 diceret
3295 5275 3530 5329 carceris
3550 5283 3604 5328 et

2025 5370 2290 5424 diuturnae
2334 5370 2387 5420 in
2437 5366 2530 5420 illo
2578 5381 2779 5432 morze;
2826 5380 2998 5435 neque
3038 5375 3163 5420 tunc
3190 5365 3372 5420 drama
3402 5363 3528 5419 illud
3555 5370 3610 5416 et

2027 5478 2139 5520 rem
2170 5469 2373 5531 gestam
2402 5459 2611 5530 aperuit
2637 5476 2653 5525 ;
2700 5459 2793 5515 sed
2822 5458 2949 5530 quid
2975 5459 3045 5514 ait
3068 5459 3092 5513 2
3113 5458 3182 5513 Et
3216 5475 3306 5530 ego
3332 5456 3471 5510 nihil
3489 5454 3606 5524 feci.

2021 5553 2112 5609 sed
2139 5554 2282 5628 furto
2310 5550 2535 5604 sublatus
2564 5565 2673 5603 sum
2700 5565 2764 5603 ea:
2789 5559 2922 5602 terra
2968 5547 3298 5603 Hebrteornm
3327 5543 3481 5614 (Gen.
3514 5541 3614 5597 40.

2023 5645 2133 5719 15).
2164 5645 2232 5701 Et
2262 5657 2522 5712 nu3quam
2544 5653 2803 5697 memorat
2825 5641 3155 5704 adulteram;
3180 5651 3353 5706 neque
3373 5634 3440 5686 de
3463 5647 3524 5685 ea
3547 5649 3609 5687 ro

2021 5739 2307 5810 gloriatur,
2353 5732 2494 5805 quod
2534 5733 2784 5804 quislibet
2827 5732 2961 5786 alius
3004 5729 3236 5792 fecisset,
3264 5721 3472 5779 etiamsi
3504 5737 3611 5774 non
