3990 6168
374 299 478 357 275

377 413 563 484 gloria:
583 426 764 476 causa,
789 409 886 466 sed
913 425 980 465 ne
1010 409 1282 464 videretur
1323 405 1459 460 mala
1486 404 1555 459 de
1581 419 1743 458 cauza
1768 403 1822 458 in
1852 401 1959 458 tale

376 510 650 576 conjectus
697 504 861 560 fuisse
901 502 1252 558 domicilium.
1289 500 1344 554 Si
1373 499 1515 554 enim
1548 505 1830 568 peccantes
1854 496 1956 550 ho-

379 599 556 653 mines
581 611 753 667 ncque
781 596 857 650 sic
887 595 1157 650 abstinent
1184 608 1213 646 a
1249 592 1336 646 tali
1365 591 1724 654 accusatione,
1749 589 1958 645 etiamsi

376 709 464 747 res
503 691 738 746 dedecus
769 689 994 744 afferat:
1039 687 1310 758 quomodo
1353 701 1459 741 non
1491 685 1685 756 dignus
1721 683 1958 738 admira-

371 782 519 839 tione
560 783 651 837 ille
699 789 801 848 est,
854 782 997 852 quod
1047 797 1168 836 cum
1211 788 1358 834 esset
1407 793 1590 848 purus,
1633 793 1737 831 non
1767 776 1962 831 dixerit

376 888 615 927 amorem
671 872 929 936 mulieris,
969 888 1142 942 neque
1180 880 1457 942 peccatum
1488 869 1834 940 evulgaverit,
1864 883 1962 922 ne-

371 979 478 1033 que
503 965 663 1020 etiam
708 964 922 1035 quando
969 965 1022 1020 in
1065 964 1256 1018 solium
1287 962 1529 1018 ascendit
1557 973 1609 1017 ct
1640 960 1856 1032 ngypti
1885 969 1964 1014 to-

373 1055 479 1109 tius
525 1071 620 1110 rex
661 1055 833 1110 factus
872 1066 976 1122 est,
1011 1057 1217 1124 injuriae
1243 1055 1344 1110 sibi
1374 1070 1404 1109 a
1434 1054 1658 1108 muliere
1688 1053 1845 1106 illata:
1872 1066 1963 1106 re-

373 1145 627 1200 cordatus
649 1147 738 1212 sit,
770 1161 946 1217 neque
971 1147 1039 1201 ab
1070 1147 1159 1201 illa
1195 1160 1382 1216 pmnas
1401 1143 1726 1215 expetierit?

443 1235 498 1289 8.
541 1236 784 1292 Vidistin’
813 1239 1082 1308 quomodo
1107 1239 1219 1307 ipse
1241 1238 1356 1306 ejus
1381 1251 1562 1291 curam
1587 1233 1838 1298 habebat;
1875 1231 1961 1286 illa

372 1343 500 1382 vero
529 1345 632 1384 non
654 1330 888 1398 amabat,
918 1332 1009 1386 sed
1037 1331 1272 1388 furebat?
1299 1329 1478 1400 Neque
1499 1330 1640 1384 enim
1668 1327 1961 1396 Josephum

374 1419 652 1489 diligebat,
676 1421 768 1475 sed
805 1422 1017 1476 volebat
1048 1422 1322 1477 libidinem
1344 1421 1562 1490 explere
1587 1434 1743 1474 :nam
1772 1419 1816 1474 si
1843 1419 1963 1488 quis

374 1509 488 1578 ipsa
510 1513 670 1565 verba
699 1521 946 1568 accurate
967 1514 1372 1577 examinaverit,
1397 1527 1457 1566 ea
1485 1511 1719 1566 furorem
1742 1511 1963 1564 omnino

372 1603 578 1670 spirant
601 1612 655 1657 et
689 1603 912 1659 cmdem.
955 1605 1089 1672 Quid
1119 1606 1261 1661 enim
1307 1606 1424 1680 ait?
1453 1603 1712 1659 lndnxisti
1753 1619 1963 1672 puerum

375 1692 644 1748 Hebreum
668 1735 682 1759 ,
715 1705 770 1749 ut
799 1697 938 1750 nobis
967 1696 1202 1752 illuderet
1233 1697 1252 1767 (
1276 1695 1403 1751 Gen.
1435 1695 1527 1764 59,
1555 1696 1662 1764 l7)
1696 1711 1710 1748 ε
1757 1694 1962 1749 beneﬁ-

370 1785 513 1839 cium
544 1787 734 1840 marito
763 1787 1133 1856 exprobrans:
1177 1796 1232 1842 et
1257 1786 1574 1841 vestimenta
1599 1785 1919 1840 ostendebat
1943 1826 1960 1852 ,

373 1877 519 1931 omni
569 1876 681 1932 fera
737 1879 951 1932 srevior.
1013 1877 1120 1934 Sed
1162 1893 1268 1932 non
1318 1878 1389 1933 ita
1437 1877 1548 1933 ille.
1590 1877 1792 1947 Ecquid
1842 1875 1964 1932 dico

372 1970 489 2040 cjus
513 1986 636 2042 erga
667 1970 838 2042 ipsam
870 1970 1321 2037 benevolentiam,
1350 1971 1566 2042 quando
1591 1986 1717 2042 erga
1747 1970 1961 2034 fratres,

378 2061 468 2130 qui
495 2063 666 2131 ipsum
700 2077 838 2131 pene
866 2063 1212 2129 occiderant,
1242 2063 1364 2118 talis
1391 2071 1506 2118 erat
1527 2103 1542 2125 ,
1589 2071 1644 2117 et
1669 2077 1961 2132 numquam

377 2151 443 2206 de
483 2153 612 2224 ipsis
642 2155 727 2209 vel
755 2155 899 2209 intus
941 2153 1022 2209 vel
1064 2154 1194 2210 foris
1237 2153 1436 2224 aliquid
1477 2169 1642 2224 grave
1669 2153 1753 2208 vel
1798 2153 1967 2208 mole-

371 2251 514 2297 stum
539 2243 718 2298 dixit?
749 2243 874 2299 Ideo
901 2244 1101 2299 Paulus
1118 2244 1396 2300 caritatem
1425 2244 1558 2299 dixit
1581 2259 1702 2300 esse
1738 2251 1962 2298 matrem

372 2336 612 2390 omnium
660 2337 961 2402 bonorum,
1003 2351 1230 2408 eamque
1269 2335 1486 2407 prmfert
1528 2337 1696 2406 signis
1737 2334 1964 2406 aliisque

371 2425 805 2482 charismatibus.
865 2427 1328 2496 Quemadmodum
1376 2427 1520 2484 enim
1583 2426 1629 2481 si
1683 2436 1860 2482 vestes
1909 2436 1965 2483 et

371 2519 535 2574 calcei
564 2519 710 2574 aurei
744 2520 848 2574 sint
869 2562 886 2589 ,
934 2521 1042 2575 alio
1067 2520 1229 2576 etiam
1270 2520 1465 2575 indicio
1504 2534 1639 2589 opus
1666 2518 1922 2574 habemus
1943 2560 1961 2586 ,

375 2620 432 2664 ut
469 2626 752 2668 noscamus
781 2628 958 2683 regem
987 2630 1001 2678 ;
1044 2614 1088 2668 si
1120 2629 1250 2668 vero
1281 2627 1570 2683 purpuram
1611 2612 1885 2666 videamus
1911 2619 1966 2667 et

371 2701 658 2770 diadema,
692 2705 895 2760 nullum
941 2705 1084 2760 aliud
1126 2706 1274 2776 regni
1325 2705 1536 2775 signum
1581 2704 1765 2760 videre
1812 2719 1963 2775 quaa-

373 2794 588 2850 rimus:
637 2797 706 2850 ita
767 2798 851 2852 hic
896 2813 1127 2868 quoque.
1180 2797 1313 2852 Cum
1366 2798 1605 2852 caritatis
1653 2806 1737 2851 est
1793 2797 1964 2867 impo-

373 2885 535 2940 situm
589 2887 867 2952 diadema,
911 2888 1111 2943 sufficit
1154 2898 1214 2943 ut
1263 2887 1459 2943 Christi
1515 2902 1699 2941 verum
1726 2887 1961 2958 discipu-

374 2976 484 3030 lmn
537 2979 826 3044 ostendat,
864 2994 969 3032 non
1025 2979 1180 3033 nobis
1235 2986 1439 3032 tantum
1467 3018 1482 3044 ,
1521 2977 1614 3032 sed
1643 2979 1802 3033 ctiam
1838 2977 1964 3033 inli-

378 3066 611 3122 delibus.
676 3067 743 3122 In
794 3070 890 3122 hoc
955 3069 1088 3122 enim
1116 3109 1132 3136 ,
1187 3069 1400 3135 inquit,
1447 3078 1750 3140 cognoscent
1792 3084 1966 3122 omnes

376 3158 516 3228 quod
541 3157 782 3228 discipuli
811 3159 906 3214 mei
937 3160 1085 3226 estis,
1140 3160 1185 3213 si
1214 3157 1493 3214 dilexeritis
1517 3161 1732 3214 invicem
1763 3159 1961 3231 (Joau.

380 3248 484 3313 l5,
529 3248 663 3318 35).
735 3249 914 3319 Itaque
965 3250 1065 3304 hoc
1107 3249 1316 3322 signum
1377 3252 1626 3306 omnibus
1672 3252 1841 3322 signis
1881 3260 1966 3308 est

379 3339 554 3409 majus
583 3381 598 3406 ,
659 3340 920 3414 siquidem
991 3341 1043 3397 in
1103 3343 1219 3413 ipso
1265 3344 1612 3414 cognoscitur
1646 3345 1961 3416 discipulus.

380 3427 604 3484 Etiamsi
646 3431 787 3486 enim
823 3433 1037 3502 quidam
1067 3433 1344 3488 innumera
1383 3434 1548 3490 edant
1575 3436 1723 3506 signa
1748 3477 1763 3503 ,
1809 3436 1852 3491 si
1881 3437 1965 3490 in-

376 3520 548 3576 vicem
573 3521 886 3588 dissideant.
921 3525 1128 3580 ridiculi
1157 3524 1456 3581 infidelibus
1477 3537 1633 3582 erunt
1665 3545 1679 3583 :
1706 3527 1966 3598 quemad-

379 3612 597 3668 modum
628 3614 671 3669 si
698 3615 902 3670 nullum
932 3615 1125 3671 faciant
1154 3617 1364 3686 signmn
1390 3659 1405 3679 .
1436 3627 1491 3672 et
1515 3632 1636 3673 sese
1663 3618 1818 3673 Valde
1841 3635 1964 3674 mu-

377 3714 474 3760 tuo
522 3707 796 3776 diligant,
847 3717 902 3763 et
949 3711 1236 3764 venerandi
1269 3721 1324 3765 et
1375 3711 1556 3766 invicti
1584 3711 1724 3780 apud
1774 3727 1964 3768 omnes

379 3797 690 3850 manebunt.
711 3798 840 3852 Nam
860 3809 914 3854 et
935 3800 1155 3854 Paulum
1176 3800 1296 3855 ideo
1315 3801 1591 3868 miramur,
1618 3819 1721 3857 non
1747 3814 1965 3875 propter

381 3895 623 3941 mortuos
652 3902 788 3955 quos
812 3890 1090 3944 suscitavit
1113 3931 1127 3952 ,
1158 3905 1262 3945 non
1292 3901 1514 3961 propter
1555 3893 1802 3962 leprosos
1827 3910 1964 3964 quos

380 3978 690 4044 mandavit,
721 3979 816 4034 sed
844 3977 966 4048 quia
995 3981 1210 4036 dicebat
1237 4022 1252 4047 ,
1284 3985 1409 4048 Quis
1439 3986 1749 4053 inlinuntur,
1795 3998 1840 4040 et
1871 4004 1962 4057 ego

379 4085 480 4122 non
525 4069 804 4138 inﬁrmor.’
848 4069 961 4138 quis
1008 4072 1384 4126 scandalizatur
1412 4115 1425 4137 ,
1489 4085 1535 4128 et
1579 4091 1673 4144 ego
1701 4093 1800 4130 nou
1841 4093 1963 4132 uror

377 4156 448 4228 (2.
470 4157 588 4214 Cor.
623 4161 709 4230 ll,
737 4159 809 4216 29
834 4160 896 4232 )?
933 4160 1155 4215 Etiamsi
1184 4163 1326 4217 enim
1374 4164 1534 4218 millia
1565 4167 1632 4218 ad
1663 4164 1780 4221 haec
1809 4167 1960 4236 signa

378 4250 678 4320 adjeceris,
731 4268 826 4321 par
878 4251 1009 4307 nihil
1053 4253 1220 4310 dices.
1282 4255 1414 4310 Nam
1458 4266 1512 4312 et
1558 4257 1668 4325 ipse
1709 4257 1959 4327 diccbat,

379 4359 624 4413 magnam
668 4345 770 4399 sibi
821 4344 1124 4400 mercedem
1173 4347 1460 4416 repositam
1490 4362 1610 4402 esse
1635 4390 1650 4415 ,
1684 4363 1788 4403 non
1819 4351 1961 4420 quod

378 4435 530 4504 signa
561 4434 814 4502 fecisset,
847 4435 942 4490 sed
972 4438 1095 4507 quia
1125 4437 1350 4492 inﬁmis
1381 4438 1550 4493 factus
1576 4448 1660 4493 est
1692 4440 1957 4496 infirmus.

379 4528 626 4594 Quianam
653 4538 725 4583 est
753 4529 895 4583 enim
918 4569 933 4593 ,
964 4529 1169 4598 inquit,
1210 4547 1324 4584 mra
1366 4548 1554 4585 merces
1582 4532 1606 4584 ?
1648 4531 1715 4586 Ut
1745 4548 1960 4603 evange-

377 4619 538 4672 lizans
564 4619 674 4672 sine
699 4629 904 4687 sumptu
935 4621 1459 4692 ponantanngelium
1485 4622 1562 4692 (l.
1596 4621 1713 4676 Cor.
1745 4624 1800 4686 9,
1832 4623 1953 4694 l8).

1113 295 1170 353 S.
1207 291 1484 352 JOANNIS
1503 285 1977 348 CHRYSOSTOMI
2013 285 2329 345 ARCHIEP.
2370 289 2901 349 CONSTAN’I‘INOP.

3553 293 3656 352 276

2071 400 2140 456 Et
2165 417 2286 457 cum
2314 417 2372 458 se
2402 406 2658 475 apostolis
2683 409 2965 478 prmponit.
2997 423 3104 462 non
3129 406 3277 473 dicit,
3309 407 3464 462 Plura
3493 423 3654 478 quam

2069 493 2168 563 ipsi
2201 496 2300 550 feci
2331 497 2505 566 signa,
2553 499 2646 552 sed
2672 540 2688 564 ,
2725 497 2851 552 Plus
2880 501 2984 553 illis
3014 499 3240 553 laboraui
3269 499 3287 571 (
3319 501 3370 554 l.
3407 497 3530 554 Cor.
3562 501 3654 563 l5,

2070 583 2138 639 10
2167 585 2205 654 ).
2246 585 2384 652 Quin
2415 588 2574 642 etiam
2603 588 2738 643 fame
2767 589 2888 643 ideo
2919 591 3054 644 mori
3085 589 3330 654 volebat,
3360 604 3458 658 pro
3483 589 3655 644 salute

2068 674 2456 746 discipulorum
2493 696 2506 730 :
2538 677 2738 733 Bonum
2768 691 2839 734 est
2868 681 3010 735 enim
3038 722 3053 744 ,
3086 681 3259 750 inquit
3287 721 3305 746 ,
3335 682 3463 734 mihi
3493 683 3656 752 ntagis

2069 769 2220 831 mori,
2250 785 2401 838 quam
2421 780 2475 824 ut
2501 771 2853 840 gloriatione»:
2881 789 3040 825 meum
3067 773 3179 840 quis
3205 782 3408 826 evacuet
3431 773 3510 838 (l.
3533 771 3642 828 Cor.

2069 858 2124 928 9,
2157 859 2246 931 15)
2273 878 2286 924 ;
2317 877 2423 915 non
2449 862 2587 931 quod
2620 863 2733 933 ipse
2761 864 3100 933 gloriaretur,
3129 861 3224 918 sed
3266 877 3334 917 ne
3382 862 3656 919 videretur

2069 950 2198 1020 ipsis
2241 952 2589 1021 exprobrare.
2636 953 2904 1024 Nusquam
2953 955 3096 1010 enim
3147 955 3286 1010 solet
3335 954 3552 1024 gloriari
3603 957 3658 1013 in

2069 1039 2223 1096 bonis
2249 1043 2500 1112 operibus
2531 1045 2642 1100 suis
2669 1085 2683 1109 ,
2715 1045 2759 1098 si
2790 1055 2998 1113 tempus
3027 1045 3093 1100 ad
3124 1045 3174 1100 id
3205 1060 3313 1099 non
3345 1054 3530 1109 vocet;
3558 1047 3653 1102 sed

2070 1131 2275 1187 etiamsi
2303 1144 2520 1190 coactus
2546 1135 2615 1189 sit
2640 1177 2654 1199 ,
2692 1136 3028 1206 insipientem
3053 1151 3114 1192 se
3144 1146 3319 1192 vocat.

2144 1223 2340 1278 Paulus
2384 1227 2660 1294 aliquando
2698 1237 2901 1281 coactus
2939 1227 3210 1297 gloriatur.
3246 1256 3322 1268 --
3357 1227 3410 1284 Si
3438 1229 3652 1299 quando

2069 1324 2244 1370 autem
2287 1315 2547 1384 gloriatur
2567 1359 2582 1381 ,
2617 1317 2669 1370 in
2701 1317 3133 1384 infirmitatibus,
3184 1318 3235 1372 in
3266 1320 3605 1374 contumeliis
3632 1361 3648 1384 ,

2070 1405 2122 1457 in
2150 1419 2215 1459 eo
2245 1406 2384 1473 quod
2416 1406 2569 1462 valde
2609 1408 2930 1462 misereatur
2954 1423 3142 1463 eorum
3169 1409 3364 1479 quibus
3405 1409 3652 1464 molestia

2068 1507 2280 1551 creatur
2303 1539 2316 1561 ,
2361 1497 2413 1552 id
2440 1496 2562 1552 facit
2589 1514 2604 1563 ;
2653 1506 2708 1552 ut
2736 1499 2899 1553 etiam
2927 1497 3030 1553 hoc
3067 1499 3187 1552 loco
3211 1498 3342 1554 dicit
3372 1518 3386 1554 :
3418 1499 3544 1566 Quis
3572 1501 3656 1553 iu-

2069 1587 2321 1656 ﬁrmatur,
2351 1597 2399 1642 et
2423 1604 2516 1658 ego
2542 1605 2645 1643 non
2681 1590 2916 1658 iuﬁrmor
2938 1589 2964 1642 ?
3005 1589 3129 1644 llaec
3158 1590 3319 1645 verba
3350 1601 3478 1644 sunt
3508 1593 3654 1660 peri-

2068 1678 2204 1734 culis
2251 1681 2380 1750 ipsis
2421 1681 2622 1750 majora
2666 1699 2681 1736 :
2729 1681 2957 1752 ideoque
2999 1681 3087 1735 illa
3133 1681 3427 1752 posteriora
3459 1683 3651 1751 ponit,

2069 1785 2373 1826 sermonem
2411 1772 2763 1842 amplificans.
2810 1773 3052 1842 Quanam
3091 1786 3222 1843 ergo
3259 1788 3318 1828 re
3364 1787 3465 1828 nos
3511 1773 3656 1844 digni

2070 1861 2343 1927 fuerimus,
2377 1863 2423 1916 si
2453 1877 2574 1917 cum
2605 1863 2698 1918 illo
2726 1878 3128 1935 comparemur,
3159 1865 3252 1935 qui
3284 1879 3460 1934 neque
3491 1879 3657 1934 pecu-

2071 1954 2188 2008 nias
2216 1952 2540 2023 despicimus
2567 1963 2786 2025 propter
2816 1970 2915 2010 nos
2946 1957 3092 2025 ipsos
3115 1997 3132 2022 ,
3177 1970 3356 2026 neque
3382 1955 3654 2025 superﬂua

2070 2060 2136 2101 ex
2185 2045 2526 2101 facultatibus
2575 2048 2908 2117 erogamus?
2955 2049 3026 2102 At
3052 2062 3159 2102 non
3187 2048 3280 2103 ille
3305 2049 3385 2102 sic
3408 2088 3424 2113 ,
3472 2047 3566 2102 sed
3603 2057 3660 2104 et

2070 2138 2302 2193 animam
2331 2146 2388 2193 et
2413 2152 2614 2209 corpus
2636 2137 2882 2194 tradebat
2905 2179 2920 2204 ,
2951 2147 3010 2193 ut
3036 2141 3124 2208 qui
3158 2139 3306 2194 illum
3345 2139 3659 2209 lapidabant

2069 2238 2126 2285 et
2153 2229 2392 2300 colaphis
2421 2230 2702 2286 escdebant
2725 2270 2742 2295 ,
2786 2247 3012 2302 regnum
3041 2243 3528 2302 consequerentur.
3568 2232 3659 2288 Sic

2070 2321 2213 2376 enim
2243 2336 2328 2376 mc
2351 2362 2366 2386 ,
2397 2321 2568 2390 inquit
2589 2361 2607 2388 ,
2637 2321 2820 2376 docuit
2843 2321 3090 2377 Christus
3124 2322 3352 2391 diligere
3375 2362 3392 2386 ,
3432 2324 3524 2393 qui
3552 2339 3658 2378 no-

2071 2426 2195 2465 vum
2238 2411 2545 2467 mandatum
2576 2411 2791 2482 reliquit
2818 2412 2886 2468 de
2913 2413 3236 2480 dilectione,
3287 2422 3344 2468 et
3368 2416 3511 2483 quod
3539 2415 3659 2484 ipse

2070 2501 2325 2572 operibus
2371 2502 2628 2575 implevit.
2687 2504 2898 2560 Etenim
2941 2519 3063 2559 cum
3114 2505 3229 2562 Rex
3283 2506 3661 2562 universorum

2071 2602 2245 2660 esset,
2297 2603 2354 2650 et
2402 2595 2574 2650 beata:
2602 2595 2747 2652 illius
2799 2606 3042 2663 naturae;
3093 2596 3339 2653 homines
3368 2639 3384 2667 ,
3431 2612 3566 2669 quos
3591 2614 3660 2653 ex

2072 2686 2240 2742 nihilo
2269 2687 2562 2756 produxit,
2599 2698 2654 2743 et
2678 2688 2872 2758 quibus
2902 2689 3064 2742 millia
3101 2690 3330 2744 contulit
3357 2690 3616 2746 beneﬁcia
3639 2731 3659 2756 ,

2072 2791 2133 2833 se
2161 2777 2482 2833 contumelia
2513 2778 2808 2834 allicientes
2828 2789 2882 2833 et
2913 2790 3229 2849 respuentes
3255 2797 3360 2836 non
3385 2791 3665 2834 aversatus

2071 2879 2175 2936 est,
2206 2869 2300 2925 sed
2327 2880 2382 2926 et
2408 2873 2568 2926 homo
2593 2871 2764 2926 factus
2789 2881 2870 2926 est
2902 2881 3123 2941 prepter
3148 2872 3269 2926 illos
3288 2911 3305 2938 ,
3333 2886 3456 2926 cum
3488 2886 3666 2926 incre-

2073 2962 2294 3018 tria'hus
2338 2971 2393 3016 et
2418 2963 2718 3033 publicanis
2747 2973 3098 3019 conversatus
3127 2973 3212 3018 est
3236 3006 3252 3028 ,
3294 2963 3664 3019 daemoniacos

2071 3056 2314 3119 curavit,
2344 3065 2399 3109 et
2425 3055 2616 3110 caelum
2657 3055 2921 3125 promisit.
2971 3054 3099 3110 Post
3129 3054 3246 3110 hzec
3272 3063 3452 3110 autem
3480 3055 3663 3110 omnia

2071 3147 2517 3217 comprehensum
2561 3148 2734 3216 ipsum
2777 3145 3018 3216 colaphis
3054 3145 3407 3213 ceciderunt,
3455 3146 3662 3213 ligave-

2073 3248 2234 3304 runt,
2265 3237 2600 3307 llagellaruut
2625 3279 2641 3305 ,
2672 3238 2953 3292 irriserunt
2971 3279 2986 3305 ,
3014 3237 3233 3293 demum
3254 3238 3660 3292 cruciﬁxerunt.

2072 3329 2176 3385 Sed
2206 3346 2271 3384 ue
2298 3331 2376 3384 sic
2403 3329 2618 3399 quidem
2646 3331 2764 3384 illos
2793 3340 3068 3385 aversatus
3097 3340 3180 3385 est
3207 3372 3224 3396 ,
3265 3333 3359 3386 sed
3384 3345 3509 3386 cum
3539 3347 3665 3386 sur-

2073 3435 2191 3475 sum
2221 3431 2364 3477 essct
2392 3421 2444 3476 in
2472 3435 2630 3476 cruce
2651 3462 2666 3487 ,
2699 3421 2833 3476 dixit
2857 3462 2872 3486 ,
2907 3421 3087 3486 Pater,
3119 3421 3317 3476 dimitte
3342 3421 3448 3476 illis
3476 3437 3662 3491 pecca-

2071 3522 2178 3566 tum
2207 3515 2226 3584 (
2251 3512 2378 3569 Luc.
2425 3514 2520 3580 25,
2549 3514 2619 3569 54
2640 3513 2680 3584 ).
2713 3514 2999 3570 Latronem
3029 3530 3155 3570 vero
3181 3556 3196 3580 ,
3241 3515 3332 3585 qui
3362 3530 3486 3570 eum
3535 3525 3664 3574 ante

2070 3614 2451 3672 accusaverat,
2481 3607 2642 3662 etiam
2675 3609 2726 3662 in
2754 3607 3058 3678 paradisum
3087 3607 3378 3663 introduxit
3405 3649 3420 3673 ,
3450 3617 3506 3663 et
3533 3623 3661 3679 per-

2071 3708 2415 3767 sequutorem
2439 3697 2662 3753 Paulum
2687 3699 2986 3768 apostolum
3017 3699 3161 3761 fecit;
3195 3700 3296 3754 sibi
3325 3708 3504 3754 autem
3534 3715 3662 3770 pro—

2073 3789 2219 3858 prios
2271 3799 2326 3843 et
2375 3787 2620 3844 addictos
2668 3789 2964 3860 discipulos
3015 3791 3080 3846 ad
3134 3800 3365 3846 mortem
3441 3793 3660 3847 tradidit

2072 3891 2290 3951 propter
2315 3880 2529 3936 Judznos
2550 3922 2565 3940 .
2591 3882 2680 3951 qui
2709 3883 2882 3951 ipsum
2910 3884 3302 3936 erucilixerant.
3345 3883 3471 3938 lltee
3496 3885 3660 3954 igitur

2070 3976 2247 4030 omnia
2268 4015 2282 4039 ,
2306 3990 2426 4044 qua:
2458 3975 2550 4029 Dei
2577 3983 2736 4040 sunt,
2768 3991 2887 4045 qua:
2917 3975 3214 4042 hominum,
3244 3976 3384 4044 apud
3414 3993 3512 4031 nos
3538 3978 3656 4030 eol-

2071 4068 2297 4138 ligentes
2320 4108 2334 4129 ,
2363 4070 2478 4122 hac
2501 4068 2750 4136 prmelara
2773 4079 2919 4137 gesta
2942 4069 3276 4135 :cmulemur,
3301 4077 3355 4122 et
3375 4070 3655 4123 caritatem

2068 4158 2482 4214 charismatibus
2509 4159 2759 4212 omnibus
2793 4159 3128 4228 superiorem
3177 4159 3521 4228 acquirauius
3545 4200 3561 4222 ,
3602 4169 3656 4212 ut

2069 4260 2124 4305 et
2152 4250 2434 4320 praesentia
2485 4260 2539 4303 et
2585 4249 2761 4303 futura
2809 4249 2946 4304 bona
2995 4265 3346 4319 assequamur
3379 4267 3391 4302 :
3422 4266 3652 4320 quorum

2071 4343 2271 4396 utinam
2306 4357 2403 4394 nos
2427 4341 2714 4411 participes
2743 4340 2854 4394 lieri
2881 4340 3149 4408 conlingat
3178 4383 3192 4404 ,
3222 4340 3390 4411 gratia
3420 4352 3475 4396 ct
3506 4343 3654 4396 beni-

2067 4436 2269 4506 gnitate
2303 4435 2510 4489 Domini
2563 4436 2730 4489 nostri
2776 4435 2902 4489 Jesu
2945 4433 3186 4499 Clll'lall,
3233 4435 3450 4505 quicum
3503 4435 3646 4491 Patri

2069 4544 2281 4598 unaque
2312 4528 2530 4597 Spiritui
2575 4535 2762 4580 sancto
2801 4527 2971 4596 gloria
2995 4567 3009 4591 ,
3060 4527 3343 4596 imperium
3368 4568 3382 4590 ,
3435 4527 3611 4584 honor
3636 4569 3651 4594 ,

2070 4638 2210 4675 nune
2239 4631 2290 4675 et
2323 4635 2554 4690 semper,
2587 4628 2641 4674 et
2669 4620 2718 4672 in
2752 4619 2945 4674 smcula
2973 4621 3313 4674 saeculorum.
3360 4621 3557 4676 Amen.

3247 4755 3653 4773 ~—

1677 4827 2017 4891 HOMILIA
2049 4829 2357 4890 XXXIII.

378 4975 509 5029 Car.
541 4976 632 5042 13,
662 4991 710 5026 v.
758 4975 814 5029 4.
847 4972 1049 5027 Caritas
1094 4977 1292 5044 patiens
1321 4982 1424 5038 est,
1469 4974 1683 5046 benigna
1711 4983 1782 5030 est
1813 4991 1831 5028 :
1862 4991 1964 5031 non

522 5070 822 5136 wiiiulatttr,
852 5086 953 5125 non
992 5069 1098 5140 agit
1127 5085 1429 5140 perperam,
1457 5085 1559 5124 non
1586 5070 1817 5140 inﬂatur.

455 5161 504 5212 Ι.
550 5161 838 5229 Postquam
889 5161 1032 5214 enim
1088 5159 1486 5229 pronuntiavit,
1539 5175 1638 5215 nec
1685 5159 1835 5226 fidei,
1864 5175 1964 5216 nec

380 5251 745 5314 scientitc,nec
771 5252 1068 5323 pr0phetia:
1096 5266 1272 5322 neque
1300 5251 1809 5322 linguarum,neque
1833 5251 1962 5307 cha-

379 5343 786 5406 rismatum,nee
816 5344 1066 5414 perfecta:
1092 5344 1348 5412 vitaz,nec
1374 5345 1652 5417 martyrii,
1681 5345 1728 5399 si
1767 5346 1964 5401 caritas

383 5434 554 5504 absit,
593 5446 844 5506 magnam
871 5451 992 5492 esse
1022 5437 1305 5494 utilitatem
1329 5479 1346 5505 ,
1377 5438 1681 5494 necessario
1708 5437 1964 5508 deinceps

381 5528 636 5584 describit
701 5523 1015 5582 immensam
1083 5529 1199 5598 ejus
1252 5529 1708 5599 pulchritudinem
1744 5570 1761 5596 ,
1808 5528 1960 5599 quasi

380 5619 696 5689 quibusdam
719 5617 992 5674 coloribus
1018 5619 1229 5674 virtutis
1258 5619 1494 5689 partibus
1524 5619 1640 5688 ejus
1672 5619 1959 5689 imaginem

382 5723 681 5777 exornans,
708 5717 764 5764 et
802 5707 920 5778 ejus
961 5711 1200 5767 membra
1230 5711 1406 5765 omnia
1453 5718 1698 5764 accurate
1743 5723 1964 5780 compo-

2073 4988 2230 5028 nens.
2256 4972 2325 5026 At
2350 4987 2418 5027 ne
2449 4982 2852 5042 praetereurras,
2879 4973 3076 5030 dilecte
3096 5015 3113 5040 ,
3146 4989 3206 5030 ea
3237 4991 3357 5046 qua:
3381 4974 3653 5036 dicuntur,

2072 5063 2166 5120 sed
2212 5079 2401 5118 eorum
2450 5065 2662 5134 singula
2707 5065 2958 5120 examina
3000 5067 3409 5137 diligentissime
3435 5109 3451 5134 ,
3493 5076 3551 5121 ut
3579 5064 3655 5120 rei

2075 5157 2384 5213 thesaurum
2418 5157 2600 5212 videas
2624 5199 2638 5221 ,
2671 5167 2725 5212 et
2766 5158 2990 5229 pictoris
3015 5167 3212 5214 artem.
3247 5160 3527 5232 Perpende
3557 5157 3656 5230 igi-

2073 5256 2160 5302 tur
2189 5248 2328 5304 unde
2357 5249 2534 5303 statim
2587 5249 2871 5319 inceperit,
2905 5262 2959 5304 et
2986 5265 3144 5320 quam
3170 5253 3394 5321 primam
3425 5250 3658 5323 posuerit

2071 5343 2312 5397 omnium
2341 5343 2606 5397 bonorum
2635 5357 2873 5398 causam.
2903 5343 3041 5409 Quid
3072 5353 3250 5398 autem
3284 5344 3389 5400 hoc
3412 5343 3532 5401 est?
3559 5343 3658 5398 Pa-

2075 5434 2299 5498 tientia;
2351 5434 2466 5489 hzec
2496 5433 2847 5504 philosophia:
2891 5436 3066 5489 omnis
3091 5444 3177 5490 est
3218 5435 3391 5490 radix.
3425 5436 3548 5491 Ideo
3573 5449 3658 5489 sa-

2073 5525 2227 5593 piens
2268 5523 2530 5594 quispiam
2571 5525 2823 5579 dicchat:
2869 5524 2956 5579 Vir
2984 5527 3178 5596 patiens
3215 5536 3290 5580 est
3329 5529 3505 5582 multa
3533 5542 3656 5596 pru-

2071 5616 2254 5670 dentiar
2290 5617 2438 5679 :,qui
2474 5628 2646 5670 autem
2689 5617 2955 5686 impatiens
2983 5626 3056 5672 est
3101 5618 3250 5672 valde
3293 5618 3534 5690 insipiens
3579 5627 3650 5669 cst

2070 5709 2254 5781 (Prov.
2294 5710 2380 5781 14,
2403 5709 2517 5779 9.9).
2553 5709 2618 5765 Et
2659 5724 2779 5763 cum
2809 5709 2940 5765 urbe
2982 5709 3182 5764 munita
3211 5709 3382 5778 ipsam
3439 5725 3646 5775 compa-
