3990 6168
321 216 424 272 277

331 333 482 387 οὐδὲν
519 332 886 405 παρέϐλαψεν,
912 332 1072 397 αὐτὸς
1107 333 1163 386 δὲ
1193 333 1425 406 ἐσϐέσθη
1455 335 1671 406 ρᾳδίως-
1725 334 1896 398 οὕτως

324 420 403 482 είς
431 419 782 490 μακρόθυμον
816 417 993 488 ψυχὴν
1018 418 1154 489 ὅπερ
1185 418 1251 471 ἀν
1292 419 1512 492 ἐμπέσῃ
1559 417 1668 471 τῶν
1702 420 1899 490 ἀδοκή-

323 518 452 565 των,
492 499 646 554 τοῦτο
685 498 787 568 μὲν
818 499 1139 568 ἀφανίζεται
1199 500 1416 572 ῥᾳδίως,
1474 502 1693 570 ἐκείνην
1738 502 1796 555 δὲ
1838 501 1899 554 οὐ

322 584 600 654 ταράττει.
623 582 735 636 Καὶ
760 582 870 654 γὰρ
902 582 1117 637 πάντων
1142 584 1493 655 στερῤότερον
1525 584 1896 656 μακροθυμία’

323 664 429 721 κᾶν
463 665 805 736 στρατόπεδα
832 666 1014 739 εἴπῃς,
1065 665 1169 720 κᾶν
1204 669 1487 738 χρήματα,
1528 668 1632 722 κάν
1675 669 1897 732 ἵππους,

322 746 426 802 κᾶν
454 747 631 817 τείχη,
670 746 774 801 κᾶν
805 749 966 812 ὅπλα,
996 749 1099 801 κάν
1127 748 1326 812 ὁτιοῦν,
1357 750 1508 805 οὐδὲν
1541 751 1654 804 ἴσον
1690 768 1897 823 μακρο-

326 828 520 902 θυμίας
566 832 730 901 ἐρεῖς.
764 831 821 884 '0
880 831 979 903 μὲν
1021 831 1131 904 γὰρ
1170 834 1355 888 ἐκεῖνα
1407 834 1895 906 περιϐεϐλημένος,

324 912 429 967 ὕπὸ
463 911 635 983 θυμοῦ
667 913 965 984 κρατηθεὶς
1004 915 1284 980 πολλάκις,
1322 917 1574 989 καθάπερ
1612 919 1897 990 μειράκιον

321 994 558 1060 εὐτελὲς,
611 997 1025 1067 περιτρέπεται,
1069 1000 1161 1052 καὶ
1215 999 1391 1052 πάντα
1435 999 1665 1071 θορύϐου
1699 1002 1899 1072 πληροῖ

321 1077 415 1132 καὶ
443 1078 648 1150 ζάλης·
705 1072 859 1145 οὗτος
899 1080 955 1133 δέ
991 1079 1177 1153 ὥσπερ
1221 1082 1279 1134 ἐν
1329 1082 1510 1153 λιμένι
1564 1083 1895 1154 καθήμενος,

323 1162 546 1234 βαθείας
574 1162 837 1217 ἀπολαύει
881 1165 1120 1237 γαλήνης
1146 1180 1161 1196 ·
1220 1166 1324 1220 κᾶν
1353 1167 1528 1237 ζημίᾳ
1573 1168 1894 1240 περιϐάλῃς,

318 1248 421 1302 ούκ
458 1247 717 1319 ἐκίνησας
741 1249 841 1319 τὴν
868 1248 1097 1320 πέτραν,
1138 1249 1243 1303 κᾶν
1271 1249 1430 1322 ὕϐριν
1457 1251 1766 1325 ἐπαγάγῃς,
1797 1252 1898 1305 οὐκ

321 1333 536 1396 ἔσεισας
574 1334 666 1387 τὸν
696 1332 927 1403 πύργον,
988 1333 1092 1387 κᾶν
1143 1332 1359 1403 πληγάς
1411 1335 1773 1406 προστρίψῃς,
1799 1336 1898 1388 οὐκ

319 1415 561 1487 ἐπληξας
594 1415 685 1469 τὸν
719 1415 1002 1484 ἀδάμαντα
1025 1432 1039 1446 ο
1101 1415 1195 1469 καί
1232 1416 1341 1488 γάρ
1381 1418 1764 1485 μακρόϐιψος
1810 1418 1898 1473 διὰ

317 1498 480 1553 τοῦτο
509 1499 744 1567 λέγεται,
778 1500 963 1569 ἐπειδὴ
996 1500 1212 1571 μακράν
1241 1516 1364 1554 τινα
1393 1501 1486 1554 καὶ
1516 1500 1760 1571 μεγάλην
1782 1501 1897 1571 ἔχει

315 1581 516 1651 ψυχήν·
553 1581 613 1635 τὸ
646 1581 754 1653 γὰρ
793 1582 1022 1652 μακρὸν,
1071 1582 1164 1636 καὶ
1227 1583 1371 1651 μέγα
1431 1582 1672 1652 λέγεται.
1737 1583 1896 1637 Ἀλλά

318 1662 478 1716 τοῦτο
527 1663 590 1716 τὸ
637 1663 800 1717 καλὸν
836 1663 945 1717 ἀπὸ
997 1667 1097 1728 τῆς
1148 1665 1369 1734 ἀγάπης
1417 1665 1632 1734 φύεται,
1660 1667 1896 1730 καὶτοῖς

322 1746 678 1817 κεκτημένοις
726 1747 820 1800 καὶ
870 1750 983 1811 τοῖς
1032 1747 1367 1803 ἀπολαύουσι
1415 1749 1617 1819 πολλὴν
1654 1749 1894 1820 παρέχον

318 1828 417 1899 τὴν
461 1829 751 1899 ὠφέλειαν.
811 1832 902 1898 Μὴ
962 1830 1072 1901 γάρ
1115 1848 1205 1902 μοι
1257 1832 1385 1895 τοὺς
1434 1833 1895 1903 ἀπεγνωσμένους

318 1911 503 1984 εἴπῃς,
545 1912 595 1966 οἳ
628 1912 912 1976 ποιοῦντες
964 1913 1151 1977 κακῶς
1189 1913 1284 1967 καὶ
1341 1914 1414 1986 μὴ
1460 1916 1760 1985 πάσχοντες
1793 1931 1894 1969 κα-

319 1994 455 2060 κῶς,
486 1997 704 2067 χείρους
743 1997 1002 2067 γίνονται,
1049 1997 1313 2051 Ἐνταῦθα
1359 1998 1466 2068 γὰρ
1505 1998 1565 2050 ού
1600 1997 1751 2068 παρά
1795 1998 1892 2068 τὴν

320 2078 704 2149 μακροθυμίαν
734 2080 946 2146 τούτου,
976 2080 1114 2134 ἀλλά
1166 2082 1295 2151 παρ’
1345 2080 1589 2144 ἐκείνους
1633 2081 1761 2144 τοὺς
1792 2081 1893 2136 οὐκ

295 2161 398 2225 εἰς
426 2162 543 2215 δέον
570 2162 704 2234 αὐτῇ
733 2164 1050 2233 χρωμένους
1078 2162 1237 2216 τοῦτο
1261 2163 1566 2234 συμϐαίνει.
1593 2164 1685 2234 Μὴ
1713 2163 1893 2216 τοίνυν

319 2260 411 2313 μοι
463 2243 686 2308 τούτους
746 2245 926 2316 εἴπῃς,
968 2244 1104 2297 άλλά
1142 2246 1271 2309 τοὺς
1326 2245 1787 2316 ἐπιεικεστέρους,
1841 2245 1891 2298 οἳ

320 2327 537 2398 μεγάλα
587 2326 837 2382 ἐντεῦθεν
889 2328 1281 2400 κερδαίνουσιν.
1324 2327 1493 2382 Ὅταν
1545 2327 1651 2400 γάρ
1705 2330 1893 2392 κακῶς

316 2411 647 2480 ποιήσαντες
698 2411 773 2482 μὴ
829 2411 1043 2464 πάθωσι
1097 2410 1306 2477 κακῶς,
1335 2412 1436 2482 τὴν
1468 2412 1760 2482 πραΰτητα
1797 2411 1891 2465 τοῦ

316 2489 469 2563 [300]
498 2492 761 2556 παθόντος
788 2493 1185 2564 θαυμάσαντες,
1211 2493 1474 2565 μεγίστην
1501 2493 1748 2548 ἐντεῦθεν
1765 2512 1891 2567 καρ-

315 2575 545 2630 ποῦνται
571 2576 883 2647 φιλοσοφίας
910 2576 1277 2631 διδασκαλίαν.
1300 2577 1472 2640 Δύτὸς
1495 2576 1551 2630 δὲ
1576 2577 1699 2631 οὐδὲ
1729 2577 1891 2648 μέχρι

313 2657 504 2712 τούτου
535 2658 772 2723 ἵσταται,
799 2660 936 2714 ἀλλά
958 2660 1053 2735 καί
1079 2664 1148 2715 τά
1175 2660 1310 2714 ἀλλα
1342 2660 1513 2731 αὐτῆς
1534 2661 1731 2731 ἐπάγει
1762 2679 1894 2714 κατ-

312 2741 631 2814 ορθώματα,
679 2743 884 2813 λέγων’
930 2746 1351 2812 Χρηστεύεται.
1402 2744 1619 2816 Ἐπειδὴ
1673 2746 1779 2817 γάρ
1805 2763 1891 2799 τι-

315 2823 405 2889 νές
437 2826 595 2892 εἰσιν,
624 2826 673 2880 οἳ
703 2829 768 2898 τῇ
803 2827 1155 2899 μακροθυμίᾳ
1182 2829 1283 2880 ούκ
1322 2828 1402 2889 εἰς
1427 2827 1528 2898 τὴν
1564 2828 1772 2882 οἰκείαν
1795 2828 1889 2881 κέ-

314 2904 548 2981 χρηνται
588 2910 930 2979 φιλοσοφίαν,
966 2910 1083 2963 ἀλλ’
1108 2911 1189 2973 εἰς
1232 2913 1330 2985 τὴν
1370 2910 1582 2981 ἄμυναν
1614 2910 1723 2964 τῶν
1753 2929 1893 2982 παρ-

313 2992 646 3059 οξυνάντων,
690 2991 1117 3064 διαρρηγνύντες
1156 2994 1404 3057 ἑαυτοὺς,
1452 2995 1614 3063 φησὶν
1651 2995 1733 3047 ὅτι
1770 2994 1892 3047 οὐδὲ

313 3073 475 3128 τοῦτο
522 3073 635 3144 ἔχει
667 3074 726 3126 τὸ
772 3074 1082 3143 ἐλάττωμα.
1128 3074 1219 3127 Διὸ
1278 3076 1375 3129 καὶ
1416 3077 1687 3148 ἐπήγαγε,
1735 3079 1891 3146 Χρη-

314 3155 610 3210 στεύεται.
640 3156 715 3209 υύ
738 3154 846 3227 γὰρ
877 3156 970 3210 ἐπὶ
993 3155 1070 3228 τῷ
1097 3158 1195 3226 τὴν
1226 3157 1399 3228 φλόγα
1427 3158 1629 3228 ἀνάψαι
1652 3159 1759 3215 τῶν
1786 3159 1891 3213 ὑπὸ

314 3238 414 3308 τῆς
454 3238 622 3310 ὀργῆς
668 3240 1042 3310 ἐκκαιομένων
1072 3239 1406 3312 ἠθικώτερον
1437 3242 1623 3304 αὐτοῖς
1654 3243 1891 3314 κέχρην-

313 3336 427 3384 ται,
460 3320 577 3374 ἀλλ’
613 3322 717 3389 ἐπὶ⁸
734 3321 812 3393 τῷ
847 3322 1229 3394 καταπραῧναι
1272 3325 1369 3404 ξιαὶ
1401 3324 1758 3379 κατασϐέσαι·
1798 3326 1891 3380 καὶ

313 3403 375 3455 οὐ
409 3403 571 3471 μόνον
594 3404 673 3475 τῷ
704 3405 891 3476 φέρειν
924 3406 1206 3474 γενναίως,
1261 3403 1398 3481 άλλά
1446 3408 1542 3461 καὶ
1588 3408 1665 3478 τῷ
1721 3407 1887 3481 θεραο

314 3488 500 3541 πεύειν
524 3487 616 3542 καὶ
657 3488 993 3558 παρακαλεῖν
1017 3489 1076 3544 τὸ
1105 3490 1260 3555 ’έλκος
1302 3490 1488 3544 ἰῶνται
1523 3492 1614 3543 καὶ
1643 3491 1704 3545 τὸ
1725 3492 1891 3563 τραῦ-

316 3587 395 3641 μα
443 3570 807 3642 θεραπεύουσι
856 3571 950 3626 τοῦ
987 3571 1179 3642 θυμοῦο
1223 3575 1306 3628 Οὺ
1338 3573 1538 3641 ζηλοῖ*
1575 3576 1733 3628 Ἔστι
1778 3577 1888 3647 γάρ

314 3653 409 3707 καὶ
449 3654 803 3725 μακρόθυμόν
822 3672 943 3708 τινα
978 3651 1117 3708 εἶναι
1148 3656 1240 3709 καὶ
1261 3655 1552 3727 βάσκανον,
1590 3659 1684 3711 καί
1713 3658 1890 3731 τούτῳ

312 3738 489 3791 ἐκεῖνο
539 3737 909 3807 διαφθείρεται
950 3737 1011 3790 τὸ
1056 3738 1404 3810 κατόρθωμα.
1444 3740 1583 3794 Ἀλλ’
1618 3740 1756 3813 αὕτη
1796 3744 1890 3796 καὶ

313 3816 471 3872 τοῦτο
510 3818 780 3887 διέφυγεν.
834 3821 915 3873 Οὐ
956 3821 1394 3886 περπερεύεται.
1450 3822 1760 3885 Τουτέστιν,
1815 3826 1886 3878 οὐ

315 3900 735 3971 προπετεύεταιέ
767 3902 859 3953 καί
896 3901 1003 3971 γάρ
1041 3902 1259 3954 συνετὸν
1292 3903 1585 3972 ἐργάζεται
1631 3906 1722 3959 τὸν
1752 3908 1888 3975 ἀγα-

315 3982 502 4035 πῶντα
527 3983 623 4036 καί
657 3982 828 4054 βαρὺν
877 3985 970 4037 καὶ
1024 3982 1313 4054 βεϐηκότα.
1366 3986 1487 4039 Τῶν
1522 3988 1620 4056 μὲν
1654 3989 1762 4060 γὰρ
1798 3991 1886 4043 αἰ-

314 4062 497 4137 σχρῶς
523 4063 819 4134 φιλούντων
850 4064 980 4118 ἴδιον
1006 4067 1066 4119 τὸ
1093 4065 1381 4136 ἐλάττωμα
1415 4067 1592 4121 τοῦτο’
1622 4071 1650 4121 ὁ
1679 4071 1734 4123 δὲ
1760 4070 1886 4124 ταύ-

308 4161 411 4211 την
440 4147 598 4211 εἰδὼς
630 4146 728 4219 τὴν
764 4147 1004 4220 ἀγάπην,
1036 4148 1239 4202 τούτων
1275 4150 1512 4219 μάλιστα
1540 4152 1753 4207 πάντων
1782 4155 1885 4208 ἀπ-

310 4229 594 4301 ήλλακται.
626 4232 794 4283 Ὅταν
822 4230 932 4304 γὰρ
983 4230 1153 4302 θυμὸς
1202 4231 1351 4287 ἔνδον
1399 4234 1474 4303 μὴ
1528 4230 1584 4307 ᾖ,
1626 4239 1721 4289 καὶ
1750 4254 1884 4305 προ-

313 4315 501 4369 πέτεια
528 4316 677 4370 πᾶσα
703 4315 973 4387 ἀνῄρηται
1008 4316 1105 4370 καὶ
1138 4313 1315 4385 ῦϐρις.
1354 4316 1461 4368 Καὶ
1492 4319 1600 4388 γὰρ
1632 4318 1882 4392 καθάπερ

308 4413 391 4460 τις
417 4397 638 4469 ἄριστος
677 4399 923 4468 γεωργὸς
961 4398 1109 4453 ἔνδον
1151 4396 1504 4470 ἐγκαθημένη
1560 4402 1626 4471 τῇ
1672 4400 1816 4475 ψυχῇ
1851 4406 1882 4474 ἡ

307 4478 519 4550 ἀγάπη,
552 4481 652 4533 οὐκ
694 4481 920 4551 ἀφίησιν
964 4481 1119 4535 ούδέν
1164 4480 1371 4535 τούτων
1428 4480 1753 4553 βλαστῆσαι“
1774 4486 1883 4539 τῶν

306 4561 578 4615 ἀκανθῶν.
618 4563 701 4615 Οὐ
738 4562 1078 4631 φυσιοῦται.
1112 4564 1221 4615 Καὶ
1265 4565 1374 4634 γάρ
1408 4564 1623 4634 ὁρῶμεν
1654 4566 1883 4633 πολλοὺς

306 4645 396 4696 ἐπ’
434 4645 617 4708 αὐτοῖς
656 4645 865 4708 τούτοις
892 4648 1004 4708 τοῖς
1032 4644 1423 4717 κατορθώμασι
1455 4647 1598 4716 μέγα
1625 4651 1884 4719 φρονοῦν-

306 4742 424 4790 τας,
452 4721 564 4779 οἷον
590 4727 673 4780 ὅτι
718 4728 795 4797 μή
841 4729 956 4782 ἐστι
989 4730 1259 4799 βάσκανος
1293 4729 1427 4799 μηδέ
1480 4732 1714 4801 πονηρὸς
1747 4735 1882 4803 μηδέ

302 4809 624 4879 ὀλιγόψυχος
673 4809 809 4879 μηδὲ
852 4812 1150 4882 προπετὴς.
1188 4811 1325 4865 Οὐδέ
1374 4810 1483 4882 γάρ
1531 4802 1757 4884 πλούτῳ
1785 4802 1881 4870 καὶ

308 4893 469 4966 πενίᾳ
494 4893 885 4965 παρυφέστηκε
914 4894 983 4945 τὰ
1013 4894 1158 4948 κακά
1188 4894 1363 4950 ταῦτα
1393 4897 1576 4966 μόνον,
1609 4897 1746 4951 ἀλλά
1784 4901 1879 4953 καὶ

304 4977 489 5040 αὐτοῖς
520 4979 634 5041 τοῖς
667 4975 828 5045 φύσει
853 4976 1061 5041 καλοῖς.
1096 4978 1237 5031 Ἀλλ’
1267 4980 1299 5047 ή
1329 4980 1516 5051 ἀγάπη
1552 4982 1690 5051 μετά
1720 4984 1879 5054 ἀκρι-

307 5059 462 5123 ϐείας
489 5060 807 5131 ἐκκαθαίρει
839 5061 1036 5115 πάντα.
1064 5060 1265 5115 Σκόπει
1295 5062 1352 5115 δέ
1373 5078 1387 5092 ·
1428 5064 1487 5117 '0
1523 5065 1877 5137 μακρόθυμος

303 5142 365 5193 οὐ
398 5144 612 5205 πάντως
641 5143 736 5197 καὶ
766 5143 1000 5214 χρηστός
1019 5160 1035 5175 θ
1070 5143 1137 5198 ἂν
1166 5143 1223 5197 δέ
1257 5145 1332 5217 μὴ
1361 5144 1394 5216 ᾗ
1429 5148 1683 5218 χρηστὸς,
1713 5166 1877 5219 πονη-

308 5225 399 5298 ρία
425 5224 487 5277 τὸ
522 5227 753 5297 πρᾶγμα
781 5229 1011 5296 γίνεται,
1040 5229 1135 5283 καὶ
1163 5230 1462 5283 κινδυνεύει
1494 5232 1574 5294 εἰς
1607 5249 1868 5303 μνησικα-

305 5309 432 5364 κίαν
471 5310 750 5379 ἐμπεσεῖν.
784 5311 883 5366 Διά
926 5311 1084 5365 τοῦτο
1111 5311 1249 5385 αὕτη
1279 5313 1340 5367 τὸ
1369 5315 1662 5385 φάρμακον
1686 5316 1872 5384 δοῦσα,

303 5391 404 5463 τὴν
436 5390 778 5463 χρηστότητα
817 5392 982 5461 λέγω,
1028 5395 1277 5465 καθαράν
1328 5395 1577 5469 διατηρεῖ
1607 5402 1707 5470 τὴν
1747 5400 1876 5470 ἀρε-

302 5477 424 5544 τήν.
458 5474 625 5529 Πάλιν
647 5475 676 5530 ὁ
704 5473 939 5548 χρηστὸς
965 5475 1224 5538 πολλάκις
1246 5477 1465 5543 εὔκολος
1490 5481 1721 5549 γίνεται,
1739 5483 1875 5539 ἀλλά

304 5557 400 5612 καί⁵
445 5556 603 5611 τοῦτο
642 5557 784 5628 αῦτη
826 5557 1156 5627 διορθοῦται·
1203 5559 1266 5614 Ἠ
1299 5560 1499 5631 ἀγάπη
1528 5562 1657 5633 γάρ,
1685 5567 1869 5636 φησὶν,

307 5642 380 5695 οὐ
419 5643 857 5712 περπερεύεται,
910 5642 983 5697 οὺ
1022 5642 1364 5712 φυσιοῦται.
1395 5645 1454 5696 '0
1508 5647 1743 5719 χρηστὸς
1775 5651 1871 5706 καὶ

1018 220 1075 276 S.
1117 219 1408 276 JOANNIS
1444 219 1939 277 CHRYSOSTOMI
1976 222 2302 282 ARCIIIEP.
2343 220 2898 280 CONSTANTINOP.

3467 216 3575 274 278

2005 338 2361 410 μακρόθυμος
2389 337 2777 403 ἀλαζονεύεται
2805 333 3085 397 πολλάκις*
3111 330 3244 388 ἀλλά
3264 330 3359 385 καὶ
3374 330 3579 403 ταύτην

2000 420 2220 492 ἀναιρεῖ
2250 422 2348 489 τὴν
2376 421 2594 475 κακίαν.
2824 445 2831 450 ”

2069 502 2132 573 β’.
2166 502 2274 557 Καὶ
2299 504 2396 558 θέα
2414 505 2531 568 πῶς
2557 504 2728 574 αὐτὴν
2756 503 2854 555 οὐκ
2878 501 2969 569 ἀφ’
2989 494 3065 553 ὧν
3096 497 3208 569 ἔχει
3232 497 3416 569 μόνον,
3442 497 3582 555 ἀλλά

1996 585 2087 638 καί
2117 587 2212 656 ἀφ’
2239 580 2314 640 ὢν
2350 587 2452 640 οὐκ
2482 587 2618 658 ἔχει,
2646 586 2861 657 κοσμεῖ.
2889 583 2999 638 Καὶ
3021 581 3131 654 γάρ
3161 581 3366 652 ἀρετὴν
3388 583 3579 636 ἐπεισ-

1995 671 2141 738 άγει,
2194 672 2287 725 καὶ
2339 672 2542 725 κακίαν
2573 671 2854 730 ἐκκόπτει,
2900 666 3056 737 φησὶ,
3123 664 3325 734 μᾶλλον
3366 664 3423 719 δέ
3455 665 3580 720 ούδὶ

1995 752 2187 822 ἀφίησι
2216 752 2380 821 φῦναι
2415 753 2515 822 τὴν
2543 753 2740 823 ἀρχήν.
2785 750 2918 804 Ούδέ
2954 749 3062 821 γάρ
3089 744 3231 813 εἷπε,
3257 747 3422 818 Ζηλοῖ
3457 748 3577 819 μὲν,

1995 838 2336 906 περιγίνεται
2373 837 2430 889 δὲ
2463 836 2557 890 τοῦ
2599 834 2816 903 φθόνου,
2844 833 2951 887 οὐδ’
2975 834 3056 887 ὅτι
3089 832 3425 885 Ἀπονοεῖται
3456 833 3576 902 μὲν,

1995 918 2212 984 κολάζει
2235 918 2290 972 δὲ
2316 919 2377 972 τὸ
2411 918 2604 981 πάθος,
2647 916 2761 970 ἀλλ’
2787 917 2870 969 ὅτι
2902 917 2985 970 Οὐ
3023 912 3210 980 ζηλοῖ,
3244 916 3317 967 οὐ
3352 928 3574 982 aspara-

1987 1003 2245 1070 ρεύεται,
2277 1003 2348 1056 οὐ
2383 1001 2739 1072 φυσιοῦταν
2787 998 2816 1051 δ
2860 998 2924 1071 δὴ
2959 997 3195 1067 μάλιστά
3222 998 3337 1050 ἐστι
3364 998 3576 1068 θαυμα-

1997 1086 2140 1149 στὸν,
2167 1086 2248 1138 ὅτι
2282 1086 2377 1139 καὶ
2426 1084 2595 1157 χωρὶς
2642 1083 2817 1136 πόνων
2860 1081 3116 1151 κατορθοῖ
3143 1082 3209 1134 τὰ
3238 1081 3434 1148 ἀγαθὰ,
3474 1085 3571 1136 καὶ

1995 1169 2162 1236 χωρὶς
2190 1168 2427 1239 πολέμου
2461 1168 2553 1221 καὶ
2578 1166 2934 1236 παρατάξεως
2961 1163 3021 1217 τὸ
3049 1164 3307 1234 τρόπαιον
3328 1166 3566 1236 ἵστησιν.

1996 1252 2071 1304 UO
2124 1251 2233 1324 γάρ
2276 1254 2502 1324 ἀφίησιν
2553 1251 2779 1322 ἱδρῶσαι
2808 1249 2898 1303 τὸν
2933 1248 3145 1319 ἔχοντα,
3190 1249 3281 1301 καὶ
3312 1248 3449 1302 οὕτω
3473 1249 3567 1301 τὸν

1997 1337 2257 1403 στέφανον
2296 1336 2504 1399 λαϐεῖν,
2547 1334 2665 1389 ἀλλ’
2697 1332 2930 1403 ἀπονητί
2980 1332 3195 1401 κομίζει
3228 1332 3287 1384 τὸ
3318 1331 3566 1402 βραϐεῖον

1995 1417 2163 1487 αὐτῷ.
2212 1419 2382 1472 Ἔνθα
2431 1418 2540 1489 γάρ
2594 1418 2694 1470 οὐκ
2735 1416 2881 1468 ἔστιν
2928 1414 3220 1467 ἀντίπαλον
3274 1414 3440 1477 πάθος
3489 1414 3569 1486 τῷ

1997 1496 2236 1571 σώφρονι
2264 1501 2530 1572 λογισμῷ,
2562 1498 2715 1572 [5011
2750 1498 2835 1562 τίς
2870 1497 2936 1553 ἀν
2962 1497 3171 1565 γένοιτο
3199 1498 3400 1564 πόνος;
3446 1501 3570 1553 Οὑν

1992 1584 2332 1653 ἀσχημονεῖ
2365 1598 2413 1637 ο.
2448 1584 2512 1636 Τί
2546 1583 2653 1651 γὰρ
2687 1582 2852 1649 λέγω,
2889 1580 3074 1649 φησὶν,
3118 1581 3198 1633 ὅτι
3231 1580 3294 1634 ού
3344 1580 3574 1649 φυσιοῦ-

1991 1683 2104 1733 ται,
2131 1667 2264 1719 ὅπου
2293 1683 2357 1735 γε
2384 1664 2638 1719 τοσοῦτον
2671 1664 2866 1734 ἀπέχει
2890 1662 2984 1716 τοῦ
3014 1663 3239 1725 πάθους,
3275 1663 3357 1719 ὅτι
3380 1664 3477 1717 καὶ
3504 1663 3576 1717 τά

1993 1748 2194 1820 ἔσχατα
2229 1747 2474 1802 παθοῦσα
2505 1748 2592 1801 διὰ
2629 1745 2721 1799 τὸν
2749 1744 3136 1815 ἀγαπώμενον.
3176 1745 3297 1798 οὐδὲ
3333 1745 3572 1816 ἀσχημο·

1995 1831 2161 1902 σύνην
2214 1831 2275 1885 τὸ
2330 1832 2566 1902 πρᾶγμα
2615 1827 2868 1900 νομίζει;
2928 1828 3042 1881 Οὐκ
3097 1825 3216 1880 εἷπε
3268 1828 3453 1890 πάλιν,
3489 1829 3572 1882 ὃτι

1991 1916 2296 1984 ἀσχημονεῖ
2347 1915 2469 1985 μὲν,
2522 1913 2679 1982 φέρει
2728 1910 2786 1964 δέ
2830 1911 2930 1982 τὴν
2973 1909 3239 1981 αἰσχύνην
3280 1910 3569 1979 γενναίως.

1992 1995 2107 2048 ἀλλ’
2138 1997 2219 2049 ὅτι
2249 1995 2370 2048 οὐδὲ
2403 1993 2655 2066 αἴσθησίν
2690 2010 2813 2047 τινα
2842 1993 3111 2064 λαμϐάνει
3138 1995 3240 2064 τῆς
3282 1992 3565 2063 αἰσχύνης.

1990 2076 2051 2131 Εἰ
2083 2078 2193 2150 γάρ
2234 2079 2283 2131 οἰ
2312 2079 2714 2148 φιλοχρήματοι
2759 2075 2938 2129 πάντα
2971 2076 3336 2144 ὑπομένοντες
3361 2074 3429 2127 τὰ
3464 2077 3568 2127 ἐπ·

1990 2159 2261 2213 ονείδιστα
2288 2159 2390 2227 τῆς
2418 2159 2724 2229 καπηλείας
2740 2158 2927 2212 ἕνεκεν
2945 2158 3183 2229 ἐκείνης,
3204 2158 3266 2211 ού
3289 2156 3448 2227 μόνον
3466 2158 3570 2211 οὐκ

1992 2242 2449 2312 ἐγκαλύπτονται,
2472 2243 2608 2296 ἀλλά
2639 2243 2734 2296 καὶ
2762 2242 3110 2311 ἀγάλλονται,
3146 2239 3328 2310 πολλῴ
3369 2239 3570 2311 μᾶλλον

1988 2329 2017 2380 ὁ
2045 2327 2143 2397 τὴν
2167 2328 2460 2399 ἐπαινετὴν
2481 2328 2688 2398 ταύτην
2716 2326 2854 2397 ἔχων
2882 2327 3128 2396 ἀγάπην,
3161 2325 3304 2396 ὑπὲρ
3333 2326 3431 2395 τῆς
3460 2323 3569 2377 τῶν

1990 2409 2330 2482 φιλουμένων
2373 2411 2676 2481 ἀσφαλείας
2728 2409 2883 2463 οὐδὲν
2927 2406 3108 2463 ὁτιοῦν
3147 2408 3567 2478 παραιτήσεται,

1990 2494 2084 2546 καὶ
2115 2494 2176 2547 οὐ
2218 2494 2379 2564 μόνον
2420 2495 2480 2548 ού
2520 2493 2921 2566 παραιτήσεται
2953 2491 3003 2558 1),
3035 2491 3148 2546 ἀλλ’
3179 2490 3301 2543 οὐδέ
3347 2488 3569 2559 πάσχων

1990 2576 2325 2647 αἰσχύνεταισ
2369 2576 2483 2630 ἀλλ’
2503 2577 2590 2631 ἴνα
2622 2578 2696 2649 μὴ
2726 2576 2831 2631 ἀπὸ
2855 2574 2947 2629 τοῦ
2978 2572 3217 2646 πονηροῦ
3245 2573 3570 2644 πράγματος

1987 2659 2053 2713 τὸ
2087 2660 2434 2731 παράδειγμα
2481 2661 2758 2732 φέρωμεν,
2793 2658 3139 2728 ἐξετάσωμεν
3170 2656 3266 2709 ἐπὶ
3302 2654 3398 2708 τοῦ
3429 2655 3563 2725 Χρι-

1992 2741 2117 2794 στοῦ
2146 2742 2304 2794 τοῦτο
2332 2742 2483 2809 αὐτὸ,
2506 2744 2601 2794 καὶ
2616 2741 2737 2795 τότε
2765 2741 3011 2811 ὀψόμεθα
3033 2737 3128 2793 τοῦ
3161 2737 3444 2808 λεχθέντος
3469 2734 3569 2806 τὴν

1988 2823 2239 2895 δύναμιν.
2286 2825 2344 2878 Ὀ
2399 2824 2508 2896 γὰρ
2540 2823 2745 2897 Κύριος
2796 2824 2953 2895 ήμῶν
2989 2819 3198 2894 Ἰησοῦς
3248 2824 3278 2874 ό
3329 2819 3570 2892 Χριστὸς

1989 2907 2084 2959 καὶ
2130 2907 2421 2960 ἐνεπτύετο
2475 2909 2568 2960 καὶ
2619 2907 2944 2980 ἐρῤαπίζετο
2998 2907 3151 2979 παρά
3215 2903 3570 2976 ἀνδραπόδων

1988 2990 2240 3062 οἰκτρῶν⁸
2292 2991 2387 3044 καὶ
2431 2991 2493 3045 οὐ
2554 2991 2715 3064 μόνον
2764 2992 2866 3047 οὐκ
2912 2992 3161 3064 ἐνόμιζεν
3208 2991 3566 3060 ἀσχημονεῖν.

1988 3072 2127 3126 ἀλλὰ
2155 3074 2251 3127 καὶ
2289 3074 2573 3144 ἠγάλλετο,
2627 3078 2722 3129 καὶ
2774 3076 2932 3140 δόξαν
2957 3075 3017 3129 τὸ
3063 3075 3300 3145 πρᾶγμα
3344 3071 3565 3125 ἐκάλειο

1989 3157 2084 3210 καὶ
2103 3156 2305 3228 λῃστὴν
2336 3156 2431 3210 καὶ
2458 3157 2780 3229 ἀνδροφόνον
2809 3157 2930 3228 μεθ’
2960 3156 3155 3210 ἐαυτοῦ
3199 3155 3307 3226 πρὸ
3333 3152 3445 3207 τῶν
3472 3152 3570 3207 ἀλ-

1989 3240 2097 3295 λων
2125 3243 2204 3305 εἰς
2246 3241 2335 3294 τὸν
2369 3240 2698 3311 παράδεισον
2726 3241 2982 3310 εἰσάγων,
3007 3240 3102 3293 καὶ
3128 3240 3301 3310 πόρνῃ
3328 3236 3567 3303 διαλεγό-

1993 3341 2174 3393 μενος,
2215 3324 2508 3376 καὶταῦτα
2546 3322 2653 3376 τῶν
2692 3324 3074 3395 περιεστώτων
3103 3321 3361 3376 ἁπάντων
3400 3321 3569 3386 ἐγκα-

1988 3407 2245 3470 λούντων,
2277 3409 2378 3461 οὐκ
2403 3407 2619 3478 ἐνόμιζε
2644 3406 2702 3460 τὸ
2729 3409 2962 3479 πρᾶγμα
2996 3402 3136 3460 εἶναι
3158 3405 3401 3476 αἰσχρὸν,
3430 3403 3566 3457 ἀλλὰ

1989 3490 2082 3544 καὶ
2127 3490 2301 3560 φιλεῖν
2342 3490 2481 3561 αὐτῇ
2529 3491 2657 3553 τοὺς
2692 3490 2860 3554 πόδας
2914 3491 3143 3559 παρεῖχε
3186 3489 3313 3551 τοὺς
3343 3484 3565 3549 ἑαυτοῦ,

1989 3575 2084 3628 καὶ
2112 3573 2326 3644 βρέχειν
2354 3572 2416 3625 τὸ
2446 3572 2606 3643 σῶμα
2632 3573 2745 3635 τοῖς
2779 3572 3029 3642 δάκρυσι,
3081 3570 3175 3624 καὶ
3223 3569 3566 3639 ἀπομάσσειν

1988 3659 2107 3719 ταῖς
2140 3656 2284 3726 θριξί
2307 3673 2321 3687 ο
2364 3655 2460 3709 καὶ
2490 3654 2661 3707 ταῦτα
2690 3656 2748 3706 ἐν
2781 3654 2930 3725 μέσῳ
2975 3653 3187 3724 θεάτρῳ
3217 3652 3325 3706 τῶν
3352 3649 3567 3722 ἐχθρῶν

1990 3743 2086 3794 καὶ
2115 3740 2407 3810 πολεμίων.
2446 3739 2509 3791 Ἦ
2563 3738 2671 3809 γάρ
2710 3738 2900 3808 ἀγάπη
2950 3738 3050 3791 οὐκ
3095 3739 3412 3807 ἀσχημονεῖ.
3462 3734 3565 3788 Διά

1987 3822 2146 3877 τοῦτο
2171 3826 2266 3877 καὶ
2297 3821 2548 3892 πατέρες,
2579 3823 2680 3873 κᾶν
2707 3821 2961 3874 ἁπάντων
2990 3815 3090 3874 ὦσι
3137 3818 3562 3890 φιλοσοφώτεροι

1988 3906 2081 3958 καὶ
2117 3902 2561 3975 ρητορικώτεροι,
2588 3904 2689 3955 οὐκ
2716 3904 3060 3973 αἰσχύνονται
3086 3906 3198 3966 τοῖς
3243 3904 3399 3956 παισί
3430 3919 3564 3971 συμ-

1985 3987 2346 4057 ψελλίζοντεςσ
2398 3988 2491 4040 καὶ
2523 3986 2695 4049 οὐδεὶς
2740 3987 2963 4054 ἐγκαλεῖ
2994 3987 3101 4039 τῶν
3133 3985 3409 4057 ὁρώντων,
3446 3983 3563 4038 ἀλλ’

1983 4069 2128 4122 οὓτω
2178 4068 2345 4122 καλὸν
2375 4063 2513 4120 εἶναι
2567 4067 2628 4119 τὸ
2678 4070 2911 4139 πρᾶγμα
2962 4068 3126 4130 δοκεῖ,
3159 4068 3236 4132 ὼς
3269 4067 3362 4120 καὶ
3394 4067 3563 4136 εὐχῆς

1985 4153 2133 4219 ἄξιον
2166 4147 2325 4206 εἶναι.
2360 4152 2478 4205 Κᾶν
2511 4153 2736 4223 πονηροὶ
2761 4153 3023 4219 γένωνται
3059 4151 3242 4218 πάλιν,
3272 4143 3419 4203 οὗτοι
3470 4151 3564 4217 μέ-

1983 4252 2132 4288 νουσι
2159 4233 2515 4305 διορθοῦντες,
2543 4234 2945 4305 ἐπιμελόμενοι,
2975 4234 3353 4295 συστέλλοντες
3380 4231 3562 4285 αὐτῶν

1982 4318 2052 4371 τά
2081 4318 2278 4388 ὀνείδη,
2315 4317 2408 4370 καὶ
2453 4316 2553 4369 οὐκ
2587 4316 2955 4387 αἰσχύνονται.
2990 4317 3053 4370 Ἠ
3087 4317 3196 4387 γὰρ
3244 4316 3434 4383 ἀγάπη
3461 4314 3562 4367 οὐκ

1984 4403 2304 4472 ἀσχημονεῖ,
2338 4399 2472 4452 ἀλλά
2504 4400 2754 4470 καθάπερ
2779 4401 3007 4470 χρυσαῖς
3037 4415 3148 4452 τισι
3176 4394 3399 4468 πτέρυξι
3430 4412 3564 4461 συγ-

1984 4484 2249 4537 καλύπτει
2279 4483 2458 4535 πάντα
2491 4483 2557 4534 τά
2603 4483 2978 4552 ἁμαρτήματα
3006 4480 3114 4533 τῶν
3152 4478 3557 4549 ἀγαπωμένων.

1984 4566 2141 4620 θῦτω
2167 4566 2262 4618 καὶ
2295 4564 2383 4616 τὸν
2430 4563 2592 4618 Δαυῒδ
2623 4566 2652 4618 ὁ
2681 4564 2933 4619 ’ῐωνάθαν
2963 4564 3155 4632 ἐφίλει,
3203 4562 3297 4615 καὶ
3342 4561 3560 4615 ἀκούων

1981 4649 2075 4702 τοῦ
2128 4646 2331 4716 πατρὸς
2375 4645 2642 4713 λέγοντος,
2681 4647 2775 4699 Υιὲ
2821 4648 3119 4714 κορασίων
3152 4644 3561 4715 αὐτομολούν-

1982 4751 2100 4789 των
2146 4743 2170 4772 ο
2237 4731 2726 4802 γυναικοτραφὲς,
2798 4730 2899 4784 ούκ
2956 4730 3240 4802 ⁴ᾐσχύνετο,
3282 4728 3459 4782 καίτοι
3492 4743 3557 4796 γε

1982 4816 2181 4884 πολλῆς
2211 4813 2566 4883 αἰσχρότητος
2595 4813 2661 4866 τά
2699 4813 2919 4885 ῥήματα
2946 4813 3130 4882 γέμει.
3154 4814 3220 4863 '0
3247 4810 3358 4880 γὰρ
3381 4810 3553 4878 λέγει,

1980 4898 2137 4953 τοῦτό
2161 4900 2328 4950 ἐστιν·
2367 4896 2464 4949 Υἱέ
2493 4895 2782 4967 πορνιδίων
2809 4896 2899 4947 ἐπι
2908 4894 3249 4966 μαινομένων
3273 4893 3553 4965 ἀνδράσιν,

1982 4981 2373 5053 ἐπιτρεχόντων
2391 4980 2503 5041 τοῖς
2535 4979 2837 5050 παριοῦσιν,
2866 4977 3311 5049 ἐκνενευρισμένε
3338 4979 3432 5030 καὶ
3452 4994 3556 5046 μα-

1978 5065 2108 5119 λακέ
2161 5065 2254 5118 καὶ
2303 5061 2470 5135 μηδὲν
2510 5060 2647 5133 ἔχων
2686 5059 2897 5131 ἀνδρὸς,
2931 5058 3048 5113 ἀλλ’
3074 5060 3162 5113 ἐπ’
3195 5058 3425 5132 αἰσχύνη
3457 5075 3553 5111 σου

2041 5229 2064 5258 ’⁸
2089 5229 2197 5279 Alia
2221 5226 2371 5290 let-[io
2397 5229 2492 5290 est,
2513 5223 2568 5272 οὐ
2592 5220 3025 5290 φιλοτιμεῖ,,ςιε12ω
3062 5225 3267 5290 σεοαιηε
3291 5222 3371 5268 est
3407 5220 3553 5290 τηεσε

1975 5289 2227 5352 inlerpres
2244 5287 2342 5352 quiA
2356 5279 2639 5352 vertit._no‘g
2658 5279 3035 5352 es!
3055 5282 3346 5352 gecliongm
3376 5285 3552 5352 30!qu

1975 5340 2065 5401 οὐκ
2082 5340 2363 5415 ἀσχημόνιῖ,
2383 5360 2495 5409 qua
2526 5348 2575 5394 in
2597 5344 2781 5395 Graecis
2798 5343 3162 5452 exem9laribus
3202 5341 3353 5404 vulgo
3375 5340 3551 5400 fertur,

1976 5415 2041 5452 ila
2069 5413 2323 5452 vpraimns.
2348 5416 2402 5452 υι
2421 5407 2527 5452 inse
2547 5406 2919 5452 Chrvsostomus
2961 5409 3321 5452 nlernrctalur.
3344 5413 3440 5450 non
3458 5399 3551 5451 de-

1976 5399 2323 5462 ἰήιαίιῖρίῖἱῆιιις.
2348 5399 2527 5468 ill-ipse
2547 5406 2919 5468 Chr.\'$0$'-Qm“s
2941 5399 3321 5468 ίηιοτρνουίίὲί
3344 5413 3440 5468 Μ
3458 5399 3552 5451 de-

1974 5474 2121 5523 decus
2139 5464 2613 5538 εἰὸίβηῖεννίςριιιαι,
2646 5464 2848 5538 quando
2885 5464 3093 5538 scili‘ce‘t'
3116 5477 3206 5527 pro
3242 5464 3434 5538 Chrigto
3455 5473 3553 5509 ex-

1975 5540 2137 5593 trema
2153 5526 2351 5593 patilu'r.
2384 5590 2393 5593 _
2439 5526 2473 5593 b:
2495 5532 2892 5593 Degrgzgconmm,
2918 5526 2999 5573 καὶ
3022 5526 3161 5593 oz‘q..'._.
3185 5526 3547 5593 παραιτήσεται.

2039 5600 2058 5625 π
2085 5582 2168 5645 Sié
2205 5588 2505 5655 exemplaria
2552 5587 2735 5640 Biblica
2774 5593 2820 5639 et
2844 5582 2966 5637 uim:
2985 5592 3094 5635 cod.
3126 5582 3268 5651 ch.‘
3287 5582 3550 5648 Legebat"

1972 5656 2173 5721 αῦτομο)
2182 5655 2354 5703 ουσιῖηι.
