3990 6168
390 354 488 408 277
1368 353 1435 412 ΙΝ
1472 355 1686 412 EPIST.
1727 356 1746 408 l
1810 357 1902 410 Al)
1939 355 2094 410 COR.
2135 357 2366 414 iiOMlL.
2409 360 2645 416 XXXIII.

2057 472 2485 528 recordationem
2513 474 2823 542 injuriarum
2852 478 3068 534 incidat.
3096 480 3216 534 Ideo
3246 481 3356 550 ipsa
3388 482 3646 550 pharma-

385 486 510 524 rans
530 511 546 536 ,
598 471 848 525 tutiorem
897 483 1013 524 eam
1058 469 1146 525 illa
1173 483 1293 526 esse
1320 469 1455 527 dixit
1483 487 1498 524 :
1530 485 1652 525 nam
1681 480 1948 525 armatura

391 562 639 633 qumdaln
690 572 773 618 est
815 562 1256 633 inexpugnabilis,
1304 573 1362 620 et
1407 564 1722 618 inconcussa
1747 563 1906 618 turris
1934 603 1950 628 ,

385 669 507 722 quae
528 656 750 708 molesta
780 654 952 707 omnia
975 651 1130 708 facile
1155 655 1448 724 propulsat.
1476 655 1543 710 Et
1566 657 1705 710 sicut
1725 655 1953 710 scintilla

388 743 440 796 in
472 743 717 814 abyssum
744 744 983 799 incidens
1006 787 1020 812 ,
1068 746 1211 801 illam
1239 746 1455 817 quidem
1487 747 1616 801 nihil
1645 747 1809 811 laedit,
1839 749 1952 816 ipsa

389 851 520 890 vero
547 836 697 891 facile
717 837 1070 907 exstinguitur
1093 856 1107 890 :
1137 839 1214 894 sic
1241 849 1296 893 et
1325 839 1376 893 in
1404 840 1692 907 patientem
1721 839 1953 893 animam

386 928 637 997 quidquid
665 931 1081 998 inexspectatum
1111 930 1330 997 incidit,
1360 931 1410 984 id
1436 931 1648 997 quidem
1678 930 1829 985 facile
1855 930 1952 985 de-

382 1021 550 1085 letur,
588 1022 727 1074 illam
758 1037 888 1076 vero
935 1023 1155 1077 minime
1208 1022 1405 1076 turbat.
1439 1022 1646 1077 Etenim
1697 1022 1952 1090 patientia

377 1110 614 1164 omnium
665 1111 969 1166 firmissima
1014 1122 1096 1168 est
1147 1130 1161 1167 :
1207 1115 1416 1169 etiamsi
1463 1113 1726 1168 exercitus
1755 1113 1902 1166 dicas
1931 1153 1947 1177 ,

378 1199 582 1254 etiamsi
613 1216 743 1270 opes
763 1242 780 1268 ,
811 1203 1022 1256 etiamsi
1064 1217 1260 1272 equos,
1291 1219 1471 1258 muros
1494 1244 1508 1268 ,
1539 1219 1683 1256 arma
1710 1213 1764 1258 et
1791 1202 1948 1272 quid-

376 1293 457 1347 vis
485 1293 629 1347 aliud
655 1335 670 1358 ,
716 1295 845 1348 nihil
886 1297 1155 1364 patientiae
1186 1311 1278 1365 par
1322 1296 1488 1350 dices.
1529 1295 1660 1350 Nam
1706 1295 1796 1364 qui
1843 1294 1950 1347 illis

376 1383 669 1438 instructus
698 1393 757 1439 et
782 1386 1142 1442 circumdatus
1169 1396 1271 1452 est,
1299 1403 1328 1441 a
1358 1386 1534 1442 furore
1559 1401 1704 1455 stepe
1733 1400 1951 1454 correp-

377 1484 484 1538 tus,
517 1477 687 1530 instar
716 1478 858 1545 pueri
885 1477 1074 1533 debilis
1103 1480 1389 1545 evertitur,
1416 1489 1471 1534 ct
1512 1480 1694 1534 omnia
1721 1479 1947 1534 tumultu

377 1581 442 1620 ac
470 1575 786 1636 tempestate
834 1569 1040 1636 replet:
1075 1569 1162 1625 hic
1207 1578 1384 1626 autem
1413 1581 1680 1640 tamquam
1710 1571 1762 1625 in
1793 1579 1946 1640 portu

377 1663 578 1716 sedens
602 1701 616 1724 ,
645 1660 907 1730 profunda
950 1661 1142 1716 fruitur
1189 1663 1569 1732 tranquillitate
1596 1681 1609 1716 :
1641 1662 1848 1718 etiamsi
1894 1662 1947 1716 in

377 1750 634 1807 damnum
678 1753 1010 1820 conjeceris,
1058 1765 1262 1824 petram
1303 1771 1409 1811 non
1457 1757 1709 1822 movisti;
1738 1757 1947 1812 etiamsi

379 1845 759 1898 contumeliam
783 1845 1044 1911 intuleris,
1067 1848 1253 1901 turrim
1275 1863 1378 1902 non
1401 1850 1742 1911 concussisti;
1764 1849 1950 1904 etiam-

379 1935 424 1987 si
459 1935 638 2003 plagas
668 1935 952 2000 inllixeris,
984 1937 1320 1994 adamantem
1351 1955 1454 1994 non
1488 1941 1818 2010 percussisti.
1853 1941 1945 1996 Et-

377 2021 518 2083 enim
545 2027 846 2094 longanimis
874 2026 993 2081 ideo
1023 2028 1234 2096 dicitur,
1266 2031 1387 2099 quia
1416 2032 1630 2102 longum
1663 2032 1943 2102 quemdam

372 2122 427 2167 et
458 2129 706 2184 magnum
733 2115 893 2170 habet
921 2118 1155 2171 animum
1182 2136 1196 2174 :
1225 2121 1364 2189 quod
1391 2131 1568 2178 autem
1600 2124 1814 2194 longum
1837 2135 1940 2186 est,

370 2204 530 2258 etiam
562 2221 812 2276 maguum
853 2207 1064 2264 dicitur.
1108 2208 1212 2264 Sed
1249 2209 1354 2266 hoc
1394 2211 1593 2268 bonum
1625 2229 1689 2268 ex
1721 2217 1944 2270 caritate

370 2295 541 2348 oritur
564 2337 579 2358 ,
607 2305 663 2351 et
696 2296 758 2350 iis
778 2339 793 2362 ,
824 2299 912 2367 qui
958 2315 1075 2354 eam
1112 2301 1388 2370 possident
1416 2304 1612 2374 illaque
1651 2303 1901 2360 fruuntur
1925 2346 1939 2370 ,

375 2400 619 2455 magnam
668 2389 804 2456 parit
834 2389 1134 2446 utilitatem.
1183 2392 1260 2448 Ne
1291 2393 1419 2448 mihi
1452 2395 1596 2450 enim
1627 2396 1942 2468 desperatos

367 2475 716 2549 dixeris,qui
748 2481 884 2535 mala
931 2483 1232 2552 facientes,
1280 2502 1457 2556 neque
1503 2490 1767 2558 patientes
1811 2492 1944 2548 fiunt

367 2565 682 2623 deteriores.
739 2570 837 2626 Hic
890 2587 994 2627 non
1045 2590 1113 2629 ex
1166 2577 1420 2645 patientia
1471 2579 1662 2649 hujus,
1716 2583 1810 2638 sed
1875 2587 1942 2642 ab

372 2657 468 2721 iis,
500 2659 586 2727 qui
618 2660 705 2712 illa
736 2676 840 2714 non
889 2671 946 2716 ut
991 2681 1086 2732 par
1116 2676 1260 2721 esset
1292 2675 1546 2736 utuntur,
1579 2671 1682 2726 hoc
1725 2675 1937 2730 accidit.

366 2746 443 2802 Ne
472 2748 646 2818 itaque
688 2750 816 2805 mihi
851 2751 949 2806 hos
980 2753 1184 2810 dixeris
1207 2797 1223 2822 ,
1257 2757 1351 2813 sed
1378 2762 1800 2830 mansuetiores,
1849 2770 1937 2837 qui

367 2854 552 2910 magna
585 2841 707 2896 hinc
735 2843 1029 2899 lucrentur.
1071 2845 1296 2914 Quando
1326 2852 1466 2906 enim
1494 2854 1636 2910 male
1681 2856 1938 2915 facientes

365 2948 469 2986 non
499 2935 636 2990 male
664 2937 968 3004 patiuntur,
1000 2940 1250 3008 patientis
1281 2947 1739 3003 mansuetudinem
1765 2951 1936 3006 admi-

364 3035 541 3081 rantes
561 3067 576 3092 ,
610 3044 854 3098 magnam
882 3030 1004 3085 inde
1031 3031 1306 3088 lncrantur
1331 3035 1683 3108 philosophiae
1731 3041 1934 3097 doctri-

362 3130 506 3168 nam.
557 3116 674 3186 lpse
703 3133 830 3174 vero
861 3135 965 3173 non
1000 3121 1084 3176 hic
1131 3125 1351 3194 gradum
1382 3128 1556 3193 sistit,
1589 3131 1686 3185 sed
1732 3141 1788 3188 et
1832 3135 1933 3188 alia

362 3208 477 3275 ejus
505 3211 759 3278 praeclara
788 3221 936 3282 gesta
981 3214 1255 3286 subjungit
1295 3217 1479 3275 dicens
1517 3238 1531 3274 :
1574 3221 1800 3294 Benigna
1839 3235 1933 3281 est.

360 3297 491 3366 Quia
521 3301 663 3355 enim
690 3303 906 3370 quidam
949 3314 1111 3372 sunt,
1146 3309 1233 3376 qui
1266 3311 1519 3378 patientia
1559 3329 1665 3367 non
1693 3315 1766 3369 ad
1807 3331 1930 3384 pro-

361 3392 532 3459 priam
559 3393 944 3464 philosophiam
971 3407 1209 3466 utuntur,
1232 3401 1325 3455 sed
1350 3402 1415 3456 ad
1443 3405 1696 3462 ultionem
1722 3423 1932 3474 eorum,

361 3482 453 3550 qui
483 3482 627 3550 ipsos
655 3486 925 3542 irritavere
945 3529 958 3551 ,
993 3489 1202 3559 seipsos
1228 3492 1622 3564 disrumpentes
1642 3539 1656 3564 ,
1692 3499 1823 3554 dicit
1866 3501 1930 3553 il-

361 3575 470 3627 lam
503 3575 604 3629 hoc
635 3578 760 3630 vitio
787 3594 890 3632 non
919 3580 1179 3638 laborare.
1214 3583 1278 3639 Et
1327 3587 1447 3641 ideo
1475 3591 1746 3660 subjungit
1769 3633 1784 3656 ,
1828 3592 1928 3648 Be-

357 3667 516 3736 nigno
564 3676 653 3723 est.
703 3668 881 3739 Neque
922 3672 1061 3728 enim
1108 3676 1172 3731 ad
1218 3678 1612 3734 accendendam
1662 3682 1929 3739 ﬂammam

355 3773 542 3812 eorum
565 3760 654 3828 qui
683 3761 758 3815 ira
784 3763 1151 3832 incenduntur,
1171 3785 1293 3823 cum
1316 3771 1421 3824 illis
1445 3772 1726 3842 benignius
1745 3787 1928 3844 agunt,

355 3849 446 3902 sed
473 3850 539 3903 ad
570 3850 862 3907 sedandam
901 3864 956 3911 et
983 3859 1467 3930 exstinguendam;
1502 3879 1676 3934 neque
1728 3877 1930 3924 tantum

353 3955 612 4006 generose
641 3941 896 4009 ferendo,
945 3948 1039 4002 sed
1085 3950 1246 4006 etiam
1277 3953 1513 4010 curando
1562 3968 1616 4012 et
1667 3958 1931 4018 hortando

355 4031 516 4088 ulceri
540 4033 823 4092 medentur
842 4046 894 4094 et
919 4042 1107 4096 vulnus
1134 4043 1226 4098 ira:
1255 4056 1461 4101 curant.
1493 4047 1612 4103 Non
1637 4052 1926 4108 muniatur.

357 4124 536 4179 Potest
563 4129 704 4182 enim
733 4131 929 4201 aliquis
957 4135 1166 4202 patiens
1194 4152 1313 4193 esse
1357 4150 1410 4194 et
1455 4142 1663 4198 invidus
1687 4185 1702 4212 ,
1734 4155 1786 4199 et
1827 4147 1928 4204 hoc

357 4219 482 4273 vitio
511 4220 704 4276 bonum
723 4239 856 4292 opus
879 4226 1005 4280 illud
1023 4232 1400 4300 corrumpitur.
1419 4232 1523 4288 Sed
1543 4235 1653 4304 ipsa
1675 4237 1778 4292 hoc
1794 4255 1926 4310 quo-

351 4326 452 4380 que
481 4313 680 4384 effugit.
730 4315 852 4372 Non
881 4320 986 4389 agit
1015 4339 1297 4391 perperam.
1328 4324 1382 4379 Id
1405 4335 1518 4392 est,
1554 4344 1660 4383 non
1690 4347 1926 4402 praaceps

350 4413 434 4456 cst
463 4421 615 4460 :nam
645 4408 961 4476 prudentem
985 4413 1293 4469 redditenm
1323 4417 1410 4485 qui
1441 4418 1611 4489 diligit
1637 4431 1691 4475 et
1709 4439 1924 4492 gravem

351 4502 403 4546 et
424 4495 624 4562 placide
645 4500 1004 4555 incedentem.
1029 4503 1094 4558 lis
1115 4506 1255 4559 enim
1275 4507 1364 4575 qui
1385 4512 1608 4577 turpiter
1625 4524 1806 4567 amant
1825 4515 1925 4570 hoc

352 4602 467 4654 pro;
490 4587 618 4640 rium
643 4591 828 4644 vitium
851 4602 934 4646 est
955 4612 967 4646 :
991 4597 1077 4662 qui
1102 4612 1229 4651 vero
1245 4599 1380 4653 hanc
1397 4602 1920 4674 novitdilectionem,

347 4678 517 4733 abhis
538 4685 786 4739 omnibus
815 4688 1044 4747 maxime
1072 4689 1206 4746 liber
1231 4701 1332 4747 est.
1372 4694 1502 4749 Nam
1526 4711 1645 4752 cum
1673 4700 1816 4754 intus
1845 4702 1921 4755 ira

347 4787 453 4824 non
486 4773 682 4840 fuerit,
738 4781 1027 4845 petulantia
1059 4786 1232 4838 omnis
1257 4797 1311 4841 et
1340 4792 1662 4844 contumelia
1710 4794 1920 4848 sublata

341 4874 445 4918 est.
479 4865 687 4922 Etenim
719 4879 775 4922 nt
803 4872 1014 4940 quidam
1045 4877 1276 4944 Optimus
1304 4880 1531 4948 agricola
1563 4882 1704 4938 intus
1729 4887 1921 4941 anima:

344 4955 586 5010 insidens
606 4961 805 5015 caritas
830 4971 884 5017 et
909 4964 1147 5032 dilectio,
1174 4984 1277 5022 non
1305 4971 1433 5024 sinit
1459 4973 1593 5028 ullas
1615 4974 1918 5044 hujusmodi

338 5045 521 5114 spinas
545 5050 868 5118 germinare.
902 5053 1024 5109 Non
1050 5058 1279 5126 inﬂatur.
1312 5060 1520 5116 Etenim
1553 5066 1746 5121 multos
1773 5069 1919 5125 vide-

339 5150 457 5189 mus
479 5136 550 5193 de
577 5139 659 5193 his
687 5142 956 5210 praeclaris
986 5147 1237 5214 operibus
1257 5151 1419 5206 altum
1444 5155 1743 5223 sapientes;
1768 5176 1918 5215 nem—

339 5242 404 5293 pe
447 5229 589 5298 quod
635 5246 743 5285 non
786 5234 898 5288 sint
941 5235 1103 5291 invidi
1154 5255 1326 5310 neque
1371 5245 1497 5297 mali
1544 5263 1716 5316 neque
1743 5253 1915 5318 pusilli

336 5317 497 5372 animi
528 5335 704 5390 neque
737 5325 1052 5391 petulantes.
1095 5328 1276 5399 Neque
1303 5335 1442 5388 enim
1469 5337 1639 5391 solum
1683 5317 1805 5394 cum
1833 5343 1915 5396 di-

337 5405 474 5461 vitiis
520 5418 577 5464 et
627 5424 941 5482 paupertate
985 5417 1099 5472 lucc
1144 5422 1277 5476 mala
1310 5423 1600 5495 habentur,
1629 5431 1724 5485 sed
1754 5435 1918 5487 etiam

333 5507 452 5549 cum
479 5498 587 5552 illis
611 5515 732 5569 quae
760 5512 948 5559 natura
979 5520 1102 5564 sunt
1128 5511 1286 5566 bona.
1314 5514 1416 5570 Sed
1445 5521 1640 5576 caritas
1662 5535 1916 5582 accurate

336 5590 511 5643 omnia
538 5605 822 5663 expurgat.
856 5598 1107 5655 Animum
1133 5616 1309 5660 autem
1331 5609 1524 5666 adhibe
1552 5631 1563 5666 :
1587 5615 1676 5684 qui
1707 5619 1915 5686 patiens

345 5688 458 5745 est,
503 5695 612 5738 non
662 5698 741 5740 est
787 5691 1006 5745 omnino
1057 5694 1359 5766 benignus:
1406 5702 1548 5770 quod
1577 5706 1621 5760 si
1650 5708 1912 5780 benignus

337 5784 438 5824 non
470 5775 542 5828 sit
567 5819 580 5841 ,
615 5777 731 5832 haec
758 5797 841 5835 res
869 5794 948 5838 est
976 5785 1160 5842 vitium
1182 5831 1195 5855 ,
1225 5799 1280 5845 et
1319 5795 1609 5861 periculum
1641 5812 1722 5857 est
1763 5822 1830 5860 ne
1859 5808 1907 5861 in

671 5897 942 5964 PATROL.
995 5909 1110 5970 Gn.
1163 5916 1306 5976 LXI.

3536 371 3641 423 ειη

2063 577 2184 618 cum
2211 564 2343 621 dans
2364 609 2380 634 ,
2415 567 2792 636 benignitatem
2821 570 2942 625 dico
2964 613 2979 637 ,
3003 587 3188 640 puram
3212 583 3495 629 conservat
3527 575 3634 628 vir-

2064 663 2252 708 tutem.
2275 655 2506 710 Rursum
2531 658 2790 727 benignus
2829 674 2971 730 smpe
2998 662 3167 716 facilis
3189 671 3270 718 est
3295 704 3309 729 ,
3341 664 3433 719 sed
3459 674 3513 718 et
3541 663 3640 719 hoc

2063 744 2150 798 illa
2184 746 2442 815 corrigit:
2472 746 2670 802 Caritas
2719 751 2860 803 enim
2885 791 2901 816 ,
2947 751 3156 822 inquit,
3189 771 3289 808 non
3317 757 3422 826 agit
3463 772 3639 826 perpe-

2061 851 2206 901 ram,
2237 853 2338 890 non
2368 838 2596 906 inﬂatur.
2629 840 2731 906 Qui
2770 841 3031 911 benignus
3055 854 3111 898 et
3141 859 3345 913 pauens
3373 857 3475 911 est,
3498 862 3640 916 εει-ρο

2059 941 2314 995 arrogans
2342 937 2425 981 est
2453 947 2465 982 :
2495 929 2588 983 sed
2617 941 2671 983 ct
2702 930 2840 985 hanc
2869 933 3008 986 tollit
3038 937 3368 1003 nequitiam;

2127 1016 2180 1069 2.
2211 1017 2276 1070 Et
2295 1019 2558 1086 perpende
2585 1022 2854 1089 quomodo
2873 1039 3010 1088 eam,
3037 1042 3140 1079 non
3164 1028 3323 1080 modo
3348 1027 3412 1080 ab
3430 1027 3494 1080 iis
3513 1043 3630 1094 qtne

2060 1107 2255 1173 habet,
2280 1109 2375 1163 sed
2401 1110 2559 1164 etiam
2581 1111 2648 1164 ab
2675 1111 2740 1166 iis
2767 1129 2885 1182 qua:
2913 1130 3015 1169 non
3043 1117 3201 1170 habet
3224 1127 3469 1170 exornet.
3498 1119 3631 1172 Dicit

2057 1199 2202 1252 enim
2232 1215 2348 1253 eam
2377 1209 2431 1254 et
2459 1202 2709 1254 virtutem
2763 1204 3013 1259 inducere
3063 1215 3115 1259 et
3142 1207 3396 1260 malitiam
3424 1209 3626 1262 exscin-

2055 1288 2183 1342 dere
2206 1305 2221 1352 ;
2249 1289 2354 1341 imo
2380 1305 2505 1343 vero
2528 1306 2594 1344 ne
2609 1291 2677 1345 ab
2700 1292 2849 1347 initio
2874 1295 3017 1350 nasci
3047 1296 3259 1365 quidem
3288 1298 3431 1350 sinit.
3453 1298 3634 1366 Neque

2055 1378 2195 1432 enim
2225 1378 2394 1443 dixit,
2424 1379 2729 1436 [Enudatur
2759 1383 3004 1452 quidem,
3041 1385 3292 1439 invidiam
3321 1402 3447 1441 vero
3477 1401 3634 1456 supe-

2057 1478 2174 1533 rat;
2225 1485 2414 1539 neque,
2450 1477 2718 1541 Arrogans
2767 1473 2979 1542 quidem
3024 1484 3138 1542 est,
3171 1478 3268 1540 sed
3314 1479 3415 1532 hoc
3447 1478 3634 1534 vitium

2053 1561 2304 1632 castigat;
2335 1562 2427 1616 sed
2448 1603 2464 1629 ,
2494 1561 2614 1617 Non
2651 1566 2944 1632 (emittatur,
2968 1583 3068 1620 non
3087 1567 3193 1637 agit
3216 1585 3500 1638 perperam,
3528 1585 3630 1621 non

2051 1651 2258 1720 inﬂatur
2280 1668 2296 1704 :
2320 1653 2461 1720 quod
2486 1661 2665 1708 autem
2697 1655 2926 1710 maxime
2949 1657 3190 1712 mirabile
3219 1667 3320 1724 est,
3344 1659 3458 1712 sine
3487 1658 3635 1712 labo-

2054 1742 2202 1796 ribus
2225 1744 2363 1798 bona
2390 1743 2554 1810 facit,
2585 1757 2637 1799 et
2663 1747 2780 1800 sine
2807 1748 2950 1802 bello
2982 1750 3064 1804 vel
3094 1751 3208 1804 acie
3237 1759 3494 1820 tropazum
3526 1752 3632 1806 eri-

2049 1835 2145 1902 git.
2179 1833 2359 1902 Neque
2384 1835 2524 1887 eniut
2557 1836 2749 1891 sudare
2774 1837 2902 1892 sinit
2932 1854 3051 1892 eum
3085 1841 3173 1909 qui
3202 1855 3261 1895 se
3291 1841 3544 1909 possidet,
3576 1851 3628 1895 et

2051 1925 2122 1977 ita
2162 1939 2416 1977 coronam
2450 1926 2730 1996 accipere,
2765 1929 2858 1984 sed
2903 1931 3020 1986 sine
3064 1932 3246 1987 labore
3276 1934 3513 1988 bravium
3557 1934 3631 1988 illi

2051 2015 2242 2070 defert.
2273 2015 2372 2071 Ubi
2396 2018 2536 2072 enim
2567 2035 2670 2073 non
2699 2029 2781 2074 est
2806 2021 3172 2078 adversarium
3203 2025 3385 2079 vitium
3417 2035 3624 2094 tempe-

2049 2107 2187 2160 ranti
2214 2107 2554 2176 cogitationi,
2590 2111 2709 2179 quis
2735 2110 2886 2166 labor
2914 2112 3114 2167 fuerit?
3143 2115 3198 2172 ὅ.
3243 2115 3367 2169 Non
3411 2116 3629 2171 dedecus

2048 2198 2142 2251 sibi
2172 2199 2349 2269 inferri
2379 2208 2542 2269 putat.
2576 2200 2713 2267 Quid
2739 2203 2880 2258 enim
2910 2203 3030 2258 dico
3051 2246 3066 2269 ,
3113 2206 3276 2276 inquit
3302 2248 3316 2271 ,
3349 2206 3492 2278 quod
3521 2223 3626 2262 non

2050 2286 2263 2341 inﬂetur
2286 2329 2302 2354 ,
2335 2289 2546 2358 quando
2575 2301 2778 2346 tantum
2804 2293 2968 2348 distat
2991 2294 3059 2349 ab
3087 2297 3186 2352 hoc
3219 2298 3367 2363 vitio,
3400 2308 3478 2364 ut,
3505 2313 3628 2353 cum

2049 2393 2145 2446 pro
2173 2377 2364 2433 dilecto
2386 2389 2624 2435 extrema
2655 2397 2809 2452 passa
2836 2385 2937 2449 sit,
2973 2400 3077 2440 non
3105 2386 3337 2444 dedecus
3366 2404 3486 2444 esse
3511 2405 3626 2444 rem

2048 2469 2372 2524 existimet?
2415 2471 2598 2542 Neque
2624 2472 2757 2528 dixit
2787 2491 3001 2531 rursum
3024 2519 3039 2546 ,
3071 2494 3179 2533 non
3227 2480 3476 2538 indecore
3502 2482 3625 2552 qui-

2046 2560 2169 2614 dem
2200 2563 2396 2630 patitur
2417 2605 2431 2629 ,
2480 2563 2575 2618 sed
2604 2564 2836 2621 dedecus
2861 2566 2968 2624 fert
3009 2584 3312 2640 generose;
3351 2573 3447 2628 sed
3476 2575 3621 2643 quod

2047 2668 2114 2707 ne
2141 2669 2353 2706 sensum
2382 2654 2595 2724 quidem
2627 2656 2908 2713 dedecoris
2951 2660 3168 2718 habeat.
3216 2664 3348 2718 Nam
3376 2666 3420 2718 si
3461 2681 3621 2734 pecu-

2046 2744 2148 2798 nia:
2175 2755 2417 2800 amantes
2442 2788 2456 2814 ,
2487 2747 2744 2816 probrosa
2788 2753 2965 2806 omnia
2995 2769 3089 2822 pro
3118 2756 3205 2810 illa
3231 2760 3624 2827 cauponatione

2045 2835 2278 2891 ferentes
2302 2877 2318 2903 ,
2349 2852 2452 2891 non
2490 2839 2650 2893 modo
2682 2856 2786 2895 non
2815 2845 3176 2909 erubescunt,
3211 2850 3303 2902 sed
3336 2851 3497 2905 etiam
3525 2865 3621 2905 ex-

2043 2925 2274 2991 sultant;
2305 2928 2469 2981 multo
2499 2931 2665 2999 magis
2693 2933 2758 2998 is,
2796 2934 2885 3003 qui
2913 2935 3232 2992 laudabilem
3261 2938 3398 2994 hanc
3433 2943 3625 2996 carita-

2045 3025 2150 3070 tem
2182 3017 2343 3072 habet
2365 3058 2380 3077 .
2424 3034 2519 3087 pro
2547 3020 2864 3078 dilectorum
2913 3028 3206 3084 securitate
3235 3030 3368 3085 nihil
3399 3035 3622 3086 omnino

2043 3107 2342 3173 recusabit;
2391 3107 2498 3162 imo
2546 3128 2718 3180 neque
2786 3116 2990 3184 patiens
3043 3119 3342 3177 erubescet.
3394 3122 3500 3179 Sed
3555 3141 3623 3180 ne

2043 3213 2070 3248 a
2119 3214 2176 3252 re
2234 3200 2370 3253 mala
2425 3204 2726 3272 exemplum
2799 3206 3117 3277 aderamus,
3178 3211 3279 3266 hoc
3337 3213 3510 3284 ipsum
3569 3216 3617 3268 in

2039 3286 2252 3344 Christo
2303 3295 2705 3361 examincmus,
2757 3307 2812 3352 et
2869 3311 2995 3356 tunc
3050 3303 3175 3358 dicti
3228 3305 3336 3360 vim
3404 3309 3621 3374 consiti-

2039 3382 2260 3436 ciemus.
2308 3383 2562 3440 Dominus
2607 3390 2749 3444 enim
2792 3391 2948 3448 Jesus
2975 3393 3220 3451 Christus
3257 3407 3312 3453 et
3349 3414 3618 3467 conspue-

2039 3472 2193 3527 batur
2236 3485 2290 3528 et
2332 3477 2572 3547 colaphis
2618 3482 2924 3537 cmdebatur
2972 3502 3001 3538 a
3057 3488 3450 3544 miserabilibus
3503 3505 3615 3544 ser-

2037 3565 2152 3630 vis;
2184 3574 2238 3620 et
2276 3582 2382 3619 non
2428 3570 2586 3621 modo
2631 3587 2689 3626 se
2741 3575 2991 3631 indecore
3043 3594 3148 3633 non
3180 3596 3336 3651 agere
3365 3583 3616 3650 putabat,

2039 3655 2132 3708 sed
2169 3658 2326 3710 etiam
2371 3660 2707 3728 exsultabat,
2765 3680 2992 3737 eamque
3045 3685 3156 3724 rem
3201 3673 3423 3741 gloriam
3457 3689 3615 3728 voca-

2037 3744 2159 3809 bat;
2215 3756 2268 3799 et
2321 3745 2446 3802 dum
2497 3749 2756 3808 latronem
2820 3767 2874 3810 et
2924 3758 3242 3816 homicidam
3295 3771 3420 3818 ante
3475 3765 3610 3820 alius

2035 3851 2217 3891 secum
2250 3837 2301 3892 in
2329 3840 2629 3908 paradisum
2661 3845 3020 3905 introduceret
3040 3893 3055 3918 ,
3089 3862 3142 3907 et
3172 3857 3507 3912 meretricem
3536 3860 3616 3911 al-

2035 3927 2375 3998 loqueretur,
2407 3931 2564 4002 idque
2595 3936 3066 3998 cireun'tstantilms
3111 3946 3362 4003 omnibus
3390 3964 3612 4004 accusa-

2038 4021 2243 4076 toribus
2269 4023 2378 4077 suis
2399 4065 2414 4090 ,
2447 4041 2553 4081 non
2582 4033 2799 4097 putabat
2839 4050 2948 4088 rem
2986 4051 3108 4092 esse
3139 4047 3345 4109 turpem
3374 4083 3390 4108 ,
3422 4043 3515 4096 sed
3559 4053 3613 4098 et

2035 4110 2132 4179 ipsi
2159 4111 2320 4181 pedes
2342 4130 2468 4170 suos
2498 4120 2719 4186 praebuit
2743 4127 3061 4184 osculandos
3087 4171 3102 4196 ,
3133 4141 3187 4186 et
3214 4147 3409 4202 corpus
3435 4135 3608 4206 laery-

2033 4201 2134 4255 mis
2187 4203 2510 4273 irrigandum
2565 4215 2876 4284 capillisque
2929 4201 3394 4289 tcrgendumpet
3424 4225 3524 4280 hnc
3556 4227 3613 4280 in

2041 4291 2222 4345 medio
2253 4294 2482 4350 hostium
2513 4311 2562 4354 et
2594 4303 2930 4360 inimicorum
2963 4310 3195 4365 theatro.
3230 4312 3438 4370 Caritas
3469 4317 3612 4370 enim

2032 4395 2136 4433 non
2184 4381 2432 4440 indecore
2493 4405 2672 4445 secum
2733 4396 2814 4463 agi
2879 4407 3042 4462 putat.
3105 4401 3331 4470 Ideoque
3381 4415 3606 4474 patres,

2033 4473 2240 4526 etiamsi
2268 4475 2598 4546 philosoPhis
2622 4484 3032 4555 rhetoribusque
3059 4491 3306 4546 omnibus
3336 4473 3610 4563 pra-stent,

2032 4580 2136 4618 non
2183 4569 2503 4623 erubescunt
2532 4571 2690 4628 simul
2723 4577 2992 4635 balbutire
3019 4597 3140 4636 cum
3169 4583 3328 4652 filiis;
3363 4597 3418 4643 et
3449 4606 3607 4644 nemo

2030 4655 2319 4710 videntium
2351 4659 2400 4712 id
2432 4661 2794 4730 reprehendit,
2829 4670 2923 4723 sed
2949 4672 3084 4726 adeo
3115 4675 3332 4743 pulchra
3362 4695 3448 4734 res
3479 4696 3600 4736 esse

2028 4744 2273 4813 videtur,
2306 4758 2361 4802 ut
2391 4750 2432 4802 si
2463 4754 2622 4807 etiam
2654 4755 2704 4808 in
2750 4760 2906 4814 votis.
2940 4761 3010 4816 Et
3048 4765 3093 4818 si
3125 4782 3311 4822 rursus
3337 4773 3460 4825 mali
3491 4771 3607 4828 fne-

2030 4836 2128 4888 rint
2157 4879 2171 4903 ,
2207 4837 2258 4892 hi
2314 4853 2528 4896 tuanent
2571 4847 2898 4917 corrigentes
2923 4893 2936 4917 ,
2966 4867 3212 4914 curantes
3239 4900 3252 4925 ,
3295 4863 3484 4930 probra
3513 4880 3608 4918 eu-

2028 4943 2145 4980 rmn
2177 4943 2486 4986 coercenles
2510 4976 2522 5000 ,
2556 4952 2655 4990 nec
2695 4941 2854 5007 pudet
2888 4945 3028 5000 illos.
3073 4948 3280 5008 Caritas
3313 4958 3454 5010 enim
3503 4973 3605 5013 non

2029 5018 2280 5076 indecore
2309 5026 2450 5093 agit;
2484 5027 2578 5081 sed
2610 5033 2760 5096 quasi
2791 5039 2968 5094 aureis
2995 5042 3314 5110 quibusdam
3341 5049 3464 5112 alis,
3485 5064 3604 5104 om-

2028 5112 2114 5165 nia
2144 5113 2458 5170 delictorum
2491 5133 2707 5188 peceata
2738 5130 2998 5199 contegit.
3028 5133 3117 5189 Sic
3145 5145 3202 5189 et
3230 5138 3479 5194 Davidem
3510 5140 3604 5196 Jo-

2026 5202 2212 5256 nathas
2259 5209 2490 5271 amabat,
2537 5211 2864 5285 audiensque
2914 5231 3115 5288 patrem
3144 5225 3452 5297 dicentem,
3500 5231 3606 5289 Fili

2025 5293 2307 5361 puellarum
2350 5298 2482 5350 ultro
2530 5303 2872 5372 venientium,
2903 5310 3189 5378 e/I'eminalc
3216 5318 3295 5390 (l.
3341 5293 3468 5395 Reg.
3510 5325 3599 5382 9.0.

2025 5383 2150 5452 50),
2188 5399 2291 5438 non
2326 5387 2710 5460 erubescebat,
2753 5399 2850 5451 etsi
2887 5383 3598 5479 turpitudineplenavverba

2023 5483 2195 5527 erant.
2226 5473 2356 5529 Nam
2386 5476 2486 5532 hoc
2515 5482 2627 5535 vult
2654 5486 2985 5559 signiﬁcare,
3017 5496 3116 5553 Fili
3143 5473 3597 5560 meretricularum

2024 5565 2074 5617 in
2106 5567 2247 5621 vires
2275 5569 2670 5643 insanientium,
2695 5579 2758 5633 ad
2779 5595 3161 5652 praetereuntes
3181 5598 3596 5662 accurrentium,

2024 5668 2276 5751 enervata
2297 5702 2311 5726 ,
2344 5663 2550 5730 mollis,
2581 5671 2669 5736 qui
2699 5673 2830 5728 nihil
2869 5679 3022 5734 virile
3048 5682 3214 5740 habes
3240 5727 3253 5751 ,
3283 5687 3374 5742 sed
3405 5688 3471 5740 ad
3497 5687 3594 5742 de-

2023 5746 2187 5800 decus
2219 5758 2400 5818 tuum,
2434 5766 2486 5809 et
2529 5760 2646 5828 ejus
2692 5766 2781 5833 qui
2829 5775 2878 5820 te
2923 5774 3131 5839 peperit
3184 5778 3404 5841 matris,
3438 5779 3591 5833 vivis.

2020 5837 2154 5904 Quid
2200 5841 2389 5912 igitur,
2422 5849 2654 5909 lueccine
2697 5872 2839 5924 aegre
2880 5837 3023 5928 tulit,
3057 5874 3106 5916 et
3153 5881 3262 5933 prie
3291 5870 3492 5936 pudore
3532 5886 3590 5927 se
