3990 6168
351 333 453 386 E79

348 446 861 511 abscondit,-atque
909 457 936 493 a
981 438 1180 493 dilecto
1230 432 1500 488 recessit?
1544 430 1737 484 Tutum
1778 436 1920 481 certe

347 538 674 592 contrarium
719 534 886 594 iecit,
937 529 1004 583 de
1057 541 1241 581 amore
1291 523 1618 593 gloriabatur
1649 539 1661 573 :
1693 519 1792 573 etsi
1840 519 1927 574 ille

351 641 478 682 tunc
510 641 600 680 rex
625 607 779 685 erat,
814 622 952 674 filius
981 633 1107 672 vero
1131 617 1277 685 regis
1317 615 1574 669 Jouatlias
1601 652 1613 674 ,
1645 609 1805 666 David
1837 624 1928 661 au-

352 731 457 772 tem
494 716 760 786 fugitivus.
813 711 918 766 Sed
953 725 1128 780 neque
1157 710 1234 761 sic
1280 707 1348 760 de
1391 703 1622 758 amicitia
1667 699 1881 755 erubuit
1914 715 1927 748 τ

350 809 544 860 caritas
571 804 713 860 enim
746 818 851 857 non
881 800 1130 872 indecore
1168 798 1296 866 agit.
1341 795 1470 849 Nam
1496 793 1602 847 hoc
1630 793 1680 846 in
1709 791 1796 845 illa
1827 790 1929 842 mi-

351 898 521 952 rabile
571 906 688 960 est,
735 894 873 964 quod
922 889 1246 946 contumelia
1277 887 1526 941 affectum
1554 924 1569 947 ,
1617 898 1722 937 non
1770 881 1930 935 modo

353 1006 458 1044 non
489 989 629 1042 sinat
653 987 837 1040 dolere
866 991 922 1038 et
964 981 1232 1041 morderi,
1269 979 1363 1033 sed
1395 976 1554 1031 etiam
1602 984 1658 1029 ut
1703 971 1932 1042 gaudeat

350 1081 566 1136 efﬁciat.
593 1078 833 1144 Ideoque
865 1077 954 1129 ille
997 1081 1117 1144 post
1157 1071 1270 1125 lucc
1299 1073 1510 1133 omnla,
1542 1065 1694 1136 quasi
1729 1077 1928 1117 corona

355 1173 633 1228 redimitus
653 1211 668 1236 ,
697 1172 773 1224 sic
796 1169 982 1222 abiens
1006 1163 1258 1220 Davidcm
1285 1160 1594 1229 complexus
1616 1165 1718 1211 est.
1746 1153 1931 1223 Neque

352 1265 495 1318 cnim
525 1263 724 1316 caritas
763 1261 863 1314 scit
889 1257 1016 1328 quid
1047 1257 1112 1308 sit
1147 1253 1400 1324 probrum
1427 1269 1442 1303 :
1474 1249 1594 1304 ideo
1641 1247 1800 1302 etiam
1831 1244 1929 1299 sibi

353 1359 528 1430 placet
556 1355 608 1409 in
639 1369 704 1408 eo
724 1395 739 1420 ,
767 1352 835 1404 de
864 1365 970 1420 quo
998 1350 1134 1402 alius
1159 1344 1446 1401 erubescit.
1477 1339 1654 1396 Pudor
1680 1337 1821 1394 enim
1852 1345 1932 1391 est

353 1427 561 1504 nescire
609 1459 829 1507 amare,
882 1450 936 1496 et
977 1449 1243 1492 amantem
1295 1450 1399 1489 non
1449 1447 1609 1487 oume
1639 1427 1931 1500 periculum

356 1542 503 1595 azlire
543 1539 826 1608 omniaque
860 1534 1061 1604 perpeti
1093 1546 1188 1602 pro
1215 1527 1445 1584 dilectis.
1473 1526 1608 1581 Cum
1637 1523 1816 1577 omnia
1857 1521 1938 1574 di-

359 1652 423 1690 eo
448 1678 462 1701 ,
491 1649 557 1688 ne
588 1641 740 1702 putes
786 1645 869 1684 me
896 1643 957 1682 ea
1003 1641 1122 1696 mue
1165 1633 1287 1678 sunt
1318 1621 1473 1676 noxia
1519 1619 1742 1680 dicere;
1795 1625 1852 1670 ut
1892 1614 1937 1668 si

359 1729 479 1798 quis
507 1725 721 1789 dixerit,
745 1738 805 1778 se
827 1720 1009 1791 juveni
1036 1734 1192 1788 opem
1222 1715 1361 1771 ferre
1383 1722 1441 1768 ut
1467 1713 1698 1782 potiatur
1723 1709 1895 1764 amica
1922 1725 1935 1770 ;

359 1830 448 1874 aut
476 1820 520 1874 si
543 1817 666 1887 quis
685 1815 826 1870 aliud
853 1812 1121 1882 quidpiam
1149 1811 1466 1865 damnosum
1495 1806 1666 1860 facere
1687 1804 1936 1874 postulet.

359 1911 489 1964 Nam
537 1909 625 1978 qui
670 1908 789 1961 talis
834 1914 1056 1959 estnon
1085 1901 1298 1972 diligit;
1329 1909 1385 1955 et
1430 1899 1532 1953 hoc
1577 1913 1746 1968 nuper
1787 1895 1941 1949 vobis

359 2003 568 2058 ostendi
598 2017 664 2054 ex
692 1999 938 2069 Egyptia
979 1995 1226 2050 muliere.
1261 1992 1391 2046 Nam
1424 1991 1512 2045 ille
1552 1990 1700 2043 stilus
1726 1986 1896 2058 diligit
1923 2029 1938 2050 ,

362 2095 450 2165 qui
483 2109 543 2148 ea
571 2107 691 2162 quzc
721 2091 914 2144 dilecto
945 2087 1090 2142 utilia
1129 2095 1255 2140 sunt
1279 2083 1470 2154 quaerit
1498 2101 1511 2135 ε
1547 2083 1617 2135 ita
1643 2090 1700 2134 ιιι
1739 2082 1780 2133 si
1825 2079 1943 2148 quis

366 2187 466 2240 hoc
490 2186 686 2237 bonum
717 2197 821 2233 non
853 2186 1110 2242 venetur,
1141 2174 1350 2230 etiamsi
1377 2171 1678 2228 sexcenties
1706 2171 1847 2223 dicat
1884 2184 1942 2223 se

365 2278 617 2346 diligere,
649 2272 988 2326 inimicorum
1015 2267 1255 2322 omnium
1287 2266 1355 2318 sit
1401 2262 1820 2318 inimicissimus.
1856 2259 1945 2312 Sic

363 2378 418 2422 et
445 2368 570 2422 olitn
615 2365 873 2426 Rebecca,
897 2362 1020 2430 quia
1049 2358 1202 2414 valde
1225 2372 1254 2412 a
1286 2357 1394 2411 ﬁlio
1439 2355 1723 2426 pendebat,
1754 2363 1808 2407 et
1839 2352 1947 2406 fur-

369 2471 481 2512 tum
505 2456 629 2510 fecit
657 2465 711 2508 et
739 2471 844 2507 non
878 2452 1092 2507 erubuit
1117 2465 1184 2505 ne
1213 2447 1709 2518 deprehenderetur
1730 2487 1743 2509 ,
1776 2460 1947 2514 neque

367 2548 542 2601 timuit
577 2561 592 2608 ;
628 2560 799 2612 neque
829 2542 972 2598 enim
1002 2543 1122 2598 leve
1155 2538 1453 2611 periculum
1479 2545 1628 2602 erat;
1660 2536 1752 2591 sed
1781 2536 1946 2590 etiam

377 2641 487 2695 ﬁlio
539 2647 868 2710 repugnante
918 2645 971 2690 et
1020 2633 1200 2691 verbis
1237 2648 1364 2688 cum
1418 2631 1508 2686 illa
1548 2629 1903 2686 contendente
1933 2671 1947 2694 ,

369 2732 502 2786 dixit
526 2750 539 2785 :
567 2731 631 2784 In
663 2747 741 2784 me
765 2730 829 2784 sit
856 2727 1143 2783 maledictio
1167 2737 1286 2790 tua,
1316 2724 1396 2794 ﬁli
1424 2722 1573 2795 (Gen.
1602 2721 1693 2776 27.
1731 2720 1840 2792 l3).

442 2824 492 2876 5.
525 2820 768 2876 Vidistin‘
799 2820 958 2875 etiam
985 2823 1035 2872 in
1068 2818 1287 2872 ntuliere
1309 2817 1542 2870 animant
1566 2812 1949 2884 apostolicum?

373 2913 501 2966 Nam
527 2915 665 2966 sicut
706 2913 909 2980 Optavit
937 2909 1134 2964 Paulus
1175 2909 1256 2977 (si
1299 2907 1416 2978 quis
1443 2921 1665 2974 parvum
1692 2919 1810 2958 cum
1840 2919 1951 2957 ma-

371 3020 476 3074 gno
505 3002 778 3070 conferat)
813 3016 908 3069 pro
937 2998 1136 3053 Judaeis
1159 2996 1444 3050 anathema
1467 3010 1586 3049 esse
1623 3011 1637 3049 :
1664 2996 1741 3049 sic
1783 3004 1839 3048 et
1866 2994 1954 3047 illa

376 3107 433 3151 ιιι
467 3097 606 3150 ﬁlius
649 3091 1075 3151 benediceretur,
1103 3089 1264 3142 etiam
1294 3087 1535 3142 maledici
1563 3085 1951 3141 consentiebat.

387 3191 447 3243 Iit
477 3187 550 3242 illi
577 3185 792 3257 quidem
848 3181 1000 3238 bonis
1047 3180 1306 3246 cedebat;
1349 3195 1454 3234 non
1509 3180 1652 3234 enim
1699 3194 1820 3234 cum
1865 3178 1956 3232 illo

377 3279 803 3336 benedictionem
831 3284 1111 3344 acceptura
1143 3281 1254 3330 erat
1278 3289 1292 3336 ;
1354 3273 1491 3326 mala
1520 3280 1696 3325 autem
1725 3270 1836 3339 ipsa
1864 3286 1956 3324 so-

381 3377 430 3429 la
451 3375 716 3428 sustinere
751 3378 931 3440 parata
959 3377 1076 3424 erat
1104 3386 1118 3422 :
1149 3378 1384 3422 attamen
1410 3367 1672 3437 gaudebat
1716 3375 1771 3420 et
1805 3354 1960 3435 urge-'-

383 3469 490 3533 hat,
513 3475 568 3521 et
594 3466 695 3520 hoc
714 3480 834 3519 cum
867 3472 1070 3518 tantum
1092 3461 1395 3516 immineret
1423 3458 1736 3529 periculum,
1766 3465 1820 3511 et
1845 3471 1959 3510 mo-

382 3574 494 3612 ram
535 3573 678 3628 aegre
709 3558 931 3612 ferebat.
964 3553 1210 3610 Timebat
1251 3554 1413 3616 enim,
1448 3569 1516 3608 ne
1541 3552 1586 3607 si
1613 3550 1962 3622 pra3veuisset

383 3650 546 3710 Esaia,
597 3665 784 3704 vanam
817 3648 932 3717 ejus
965 3647 1213 3702 redderet
1255 3645 1590 3715 sapientiam.
1641 3643 1762 3697 Ideo
1801 3643 1960 3697 etiam

387 3742 545 3795 verba
577 3741 628 3793 iu
659 3739 1033 3808 cumpcndium
1064 3738 1252 3806 redigit
1275 3745 1327 3790 et
1360 3745 1510 3805 urget
1543 3734 1961 3798 adolescentem,

389 3843 437 3886 el
487 3842 766 3902 postquam
801 3831 1066 3898 prioribus
1098 3830 1470 3884 contradicere
1494 3828 1654 3892 sivit,
1703 3829 1963 3881 rationem

387 3922 540 3976 aﬁ‘eit
563 3937 680 3989 qua:
701 3920 928 3973 sufﬁciat
956 3919 1020 3974 ad
1049 3919 1494 3988 persuadendum.
1517 3918 1697 3988 Neque
1717 3918 1859 3973 enim
1887 3917 1967 3970 di-

389 4016 494 4074 xit,
526 4011 741 4066 Frustra
776 4012 888 4065 lucc
918 4011 1084 4078 dicis,
1116 4021 1169 4066 et
1194 4013 1312 4065 sine
1356 4027 1516 4065 causa
1564 4011 1755 4064 metuis
1780 4052 1794 4075 ,
1844 4025 1965 4063 eum

389 4115 538 4172 ιιειιιιι·
568 4111 688 4156 tuus
709 4102 1046 4156 consenuerit
1065 4113 1122 4157 ct
1143 4103 1290 4157 claro
1311 4118 1470 4158 sensu
1493 4104 1560 4156 sit
1593 4102 1851 4172 privatas;
1877 4101 1968 4155 sed

391 4196 549 4266 quid?
578 4193 643 4248 In
689 4209 767 4249 me
792 4195 854 4248 sit
896 4195 1184 4250 maledictio
1226 4205 1332 4260 tua,
1359 4196 1475 4262 ﬁti:
1507 4204 1708 4247 tantum
1758 4209 1868 4246 rem
1918 4203 1973 4247 et

400 4291 586 4345 drama
613 4305 679 4344 ne
705 4291 914 4360 perdas,
969 4302 1140 4358 neque
1167 4295 1410 4340 venatum
1439 4287 1649 4339 amittas
1672 4327 1688 4349 ,
1731 4299 1830 4339 uec
1859 4283 1973 4337 the-

401 4403 614 4440 saut'ttm
664 4385 876 4454 prodas.
924 4382 1041 4452 Ipse
1071 4395 1199 4434 vero
1238 4378 1403 4434 Jacob
1428 4394 1606 4433 annon
1635 4377 1734 4433 fuit
1764 4391 1965 4432 merce-

405 4480 582 4532 narius
610 4475 747 4546 apud
777 4482 1056 4543 cognatum
1078 4473 1160 4528 bis
1189 4480 1391 4541 septem
1419 4470 1629 4526 annos?
1656 4484 1832 4524 annon
1854 4483 1972 4524 cum

405 4569 682 4630 servitute,
715 4567 872 4619 etiam
901 4579 996 4631 pro
1025 4563 1112 4618 illa
1147 4563 1349 4616 fallacia
1384 4561 1510 4615 risui
1539 4561 1688 4615 erat?
1718 4559 1855 4627 Quid
1887 4576 1976 4614 er-

410 4673 476 4722 go
491 4661 514 4710 ’ἐ
539 4672 660 4710 num
677 4670 836 4708 sensu
855 4654 1078 4708 allectus
1100 4653 1260 4709 estob
1274 4650 1477 4705 risum?
1497 4666 1622 4704 num
1647 4666 1705 4704 se
1729 4650 1978 4704 indecore

417 4762 574 4816 agere
597 4749 816 4813 putavit,
840 4747 979 4815 quod
1009 4745 1142 4801 liber
1169 4752 1448 4800 cumesset
1469 4751 1604 4798 etex
1625 4742 1807 4797 liberis
1829 4753 1981 4797 natus

416 4854 478 4892 ac
500 4836 788 4890 liberaliter
805 4836 1077 4899 educatus,
1104 4851 1222 4906 qua:
1240 4849 1516 4890 servorum
1538 4842 1690 4888 erant
1711 4848 1898 4903 passus
1915 4835 1984 4888 sit

414 4948 442 4982 a
473 4927 752 5000 cognatis?
781 4927 920 4997 quod
954 4929 1179 4981 maxime
1207 4927 1455 4982 mordere
1484 4926 1620 4980 solet
1660 4940 1780 4980 cum
1810 4924 1929 4995 quis
1955 4942 1982 4978 a

415 5023 554 5077 uotis
594 5021 712 5074 suis
735 5019 1120 5073 contumeliose
1149 5020 1341 5089 agitur.
1395 5018 1738 5089 Nequaquam
1776 5038 1790 5072 :
1824 5035 1982 5073 causa

417 5125 590 5170 autem
617 5123 731 5166 erat
751 5111 988 5174 dilectio,
1011 5125 1128 5179 quae
1157 5119 1383 5176 tempus,
1413 5110 1719 5164 diuturntnn
1750 5126 1870 5164 cum
1895 5125 1984 5164 es-

419 5214 521 5269 set,
545 5204 807 5258 modicum
839 5201 966 5257 illud
988 5200 1289 5255 exhibebat.
1327 5199 1488 5254 Erant
1510 5202 1663 5257 enim.
1695 5199 1883 5268 inquit,
1935 5201 1985 5252 in

419 5305 682 5361 conspectu
709 5297 817 5362 ejus
841 5294 982 5362 quasi
1007 5294 1113 5346 dies
1148 5292 1295 5363 pauci
1320 5290 1472 5361 (Gen.
1500 5291 1587 5346 29.
1611 5291 1726 5361 20).
1759 5291 1984 5344 Tantum

428 5387 610 5438 aberat
636 5392 697 5436 ut
721 5383 1055 5436 morderetur
1071 5393 1124 5435 et
1140 5383 1478 5436 erubesceret
1500 5381 1567 5436 de
1585 5382 1683 5435 hac
1706 5381 1985 5436 servitute.

430 5477 553 5530 lure
572 5489 699 5544 ergo
719 5474 924 5528 dicebat
951 5475 1132 5528 beatus
1157 5474 1350 5528 Paulus
1382 5493 1396 5526 :
1427 5473 1622 5529 Caritas
1642 5493 1742 5528 non
1760 5475 1990 5528 indecore

429 5571 570 5636 agit:
609 5582 710 5622 non
735 5565 914 5635 quat-it
943 5579 1054 5634 qua:
1078 5580 1170 5618 tua
1187 5575 1321 5629 sunt,
1347 5581 1446 5618 non
1477 5567 1721 5619 irritatur.
1748 5565 1880 5620 Cum
1911 5566 1991 5619 di-

431 5666 591 5718 xisset
617 5660 778 5718 cnim.-
801 5673 901 5711 uon
921 5657 1152 5711 indecore
1167 5657 1290 5726 agit,
1322 5656 1534 5709 modum
1561 5657 1719 5711 etiam
1737 5658 1989 5719 ostendit,

433 5765 537 5824 quo
567 5769 670 5807 non
699 5749 1096 5819 indecore-agit.
1127 5746 1254 5814 Quis
1301 5756 1474 5799 autem
1508 5747 1694 5803 modus
1734 5748 1819 5802 ille
1864 5757 1942 5800 est
1970 5750 1989 5799 Υ

1066 321 1117 378 S.
1159 317 1434 375 JOANNIS
1472 307 1946 369 CIIRYSOSTOMI
1983 309 2296 365 ARCIIIEP.
2338 310 2862 371 CONS'I'ANTINOP.

3352 383 3357 388 η
3513 317 3616 372 seu

2040 429 2178 494 Quia
2210 443 2308 480 non
2333 430 2512 497 qua'rit
2539 445 2654 499 qua:
2688 446 2780 484 sua
2805 441 2940 485 siml.
2979 429 3236 483 Dilectum
3265 431 3408 485 enim
3439 436 3615 487 omnia

2041 515 2141 570 sibi
2171 531 2290 571 esse
2316 527 2485 588 putat,
2518 531 2570 573 ct
2594 531 2718 576 tunc
2745 521 2996 575 indecore
3025 536 3084 574 se
3111 535 3272 589 agere
3299 533 3471 590 putat,
3497 538 3615 577 cum

2041 625 2146 662 non
2167 620 2340 678 potest
2367 613 2512 666 illum
2549 614 2798 669 indecore
2818 622 3060 683 agentem
3095 613 3360 680 liberare;
3393 615 3462 668 ita
3493 625 3549 669 ut
3575 618 3616 667 si

2038 699 2221 755 liceret
2250 718 2344 771 per
2369 703 2599 759 dedecus
2627 721 2780 760 suum
2810 705 3061 760 dilectum
3092 719 3248 760 suum
3272 706 3480 776 juvare,
3512 723 3616 762 noo

2037 791 2162 846 illud
2191 795 2424 850 dedecus
2451 811 2572 852 esse
2601 807 2812 866 putaret
2843 814 2856 851 :
2881 798 2973 853 ille
2997 814 3230 869 namque
3257 799 3344 856 hie
3375 801 3490 872 ipse
3511 813 3612 857 est.

2036 885 2144 939 lloc
2165 897 2245 940 est
2265 890 2409 942 enim
2434 889 2689 954 amicitia,
2733 905 2855 944 cum
2896 891 2942 944 is
2979 892 3068 960 qui
3099 891 3292 962 diligit,
3345 902 3402 948 et
3452 895 3495 948 is
3529 912 3615 964 qui

2033 977 2294 1047 diligitur,
2321 995 2427 1034 non
2454 980 2560 1035 duo
2587 979 2740 1036 divisi
2769 989 2912 1048 smit,
2946 981 3039 1037 sed
3071 999 3208 1037 unus
3234 984 3394 1039 homo
3428 1003 3442 1039 :
3475 987 3616 1054 quod

2037 1083 2141 1122 non
2188 1070 2424 1138 aliunde,
2465 1073 2558 1126 sed
2608 1087 2637 1126 a
2667 1073 2887 1128 caritate
2917 1074 3029 1128 sola
3057 1075 3304 1133 efﬁcitur.
3361 1076 3440 1132 Ne
3488 1091 3619 1144 ergo

2036 1174 2244 1227 (pueras
2274 1161 2415 1230 quod
2444 1172 2588 1216 tuum
2615 1175 2696 1218 est
2718 1205 2732 1226 ,
2791 1175 2848 1218 ut
2879 1165 3120 1219 invenias
3163 1168 3300 1235 quod
3331 1175 3477 1222 tuum
3508 1179 3615 1226 est.

2035 1249 2135 1317 Qui
2162 1253 2303 1306 enim
2339 1254 2480 1323 quod
2509 1270 2662 1309 suum
2691 1267 2770 1310 est
2799 1257 3010 1326 quzrrit,
3039 1257 3180 1327 quod
3211 1272 3361 1312 suum
3391 1268 3473 1314 est
3509 1277 3615 1314 non

2041 1342 2260 1397 invenit.
2287 1343 2407 1400 Ideo
2434 1345 2628 1401 Paulus
2643 1346 2872 1410 dicebat,
2907 1347 3069 1403 Nemo
3097 1361 3291 1419 quan-at
3316 1351 3450 1419 quod
3472 1370 3618 1406 suum

2040 1442 2132 1496 est,
2161 1436 2249 1486 sed
2275 1438 2614 1506 unusquisque
2637 1439 2772 1508 quod
2803 1440 3021 1507 proximi
3042 1451 3109 1493 est
3136 1442 3215 1512 (l.
3242 1441 3364 1497 Cor.
3393 1443 3480 1498 l0.
3502 1444 3618 1512 Si).

2043 1524 2260 1594 Propria
2299 1528 2442 1582 enim
2471 1529 2671 1583 utilitas
2702 1531 2750 1583 iu
2801 1531 3030 1586 utilitate
3062 1533 3289 1600 proximi
3319 1536 3420 1587 sita
3449 1547 3550 1599 est,
3572 1547 3626 1590 et

2040 1619 2183 1674 illius
2229 1621 2427 1676 utilitas
2454 1623 2504 1676 in
2537 1624 2647 1677 illa.
2679 1625 3135 1692 Quemadmodum
3162 1643 3292 1696 ergo
3323 1629 3367 1682 si
3396 1630 3516 1698 quis
3536 1646 3626 1683 au-

2045 1725 2160 1764 rum
2191 1712 2460 1780 proprium
2491 1715 2542 1766 in
2570 1713 2731 1768 domo
2763 1717 2989 1783 proximi
3019 1717 3296 1773 defossum
3329 1719 3550 1783 liabcns,
3581 1722 3624 1772 si

2047 1799 2137 1854 illo
2167 1802 2383 1856 veniens
2412 1803 2460 1856 id
2480 1819 2723 1873 quaerere
2747 1815 2796 1860 et
2822 1806 3077 1863 defodere
3101 1812 3454 1873 recusaverit,
3480 1827 3626 1864 num-

2045 1908 2204 1962 quam
2228 1894 2401 1963 ipsum
2431 1896 2630 1950 videbit
2660 1900 2774 1953 :sic
2799 1900 2888 1969 qui
2921 1916 3026 1954 non
3055 1902 3170 1956 vult
3193 1902 3244 1955 in
3275 1903 3503 1971 proximi
3528 1905 3628 1963 uti.-

2049 1986 2194 2041 Iitate
2211 2003 2362 2042 suam
2389 1990 2668 2044 utilitatem
2699 2007 2964 2061 qurerere,
2997 2009 3224 2049 coronas
3252 1995 3372 2050 huic
3413 1996 3490 2050 rei
3543 2003 3634 2050 de-

2050 2076 2187 2130 bitas
2216 2093 2322 2131 non
2354 2091 2733 2150 consequetur.
2776 2083 2987 2138 Etenim
3032 2085 3172 2138 Deus
3219 2084 3337 2139 ideo
3379 2084 3510 2138 illud
3557 2085 3630 2139 ita

2049 2169 2333 2240 disposuit,
2369 2181 2426 2226 ut
2465 2173 2630 2228 simus
2663 2185 2848 2230 mutuo
2871 2176 3124 2247 colligati.
3157 2178 3232 2232 Ac
3264 2178 3403 2232 sicut
3445 2178 3490 2232 si
3515 2177 3631 2247 quis

2051 2276 2274 2330 puerum
2305 2265 2724 2320 somniculosum
2753 2269 3015 2334 excitans,
3043 2279 3100 2323 ut
3119 2269 3338 2325 fratrem
3357 2280 3626 2340 sequatur;

2050 2355 2094 2407 si
2117 2370 2189 2408 ex
2221 2368 2279 2408 se
2315 2355 2479 2420 nolit,
2511 2357 2650 2426 quod
2685 2359 2782 2427 ipsi
2813 2359 3168 2416 desiderabile
3196 2370 3250 2415 et
3275 2361 3626 2431 expetendum

2053 2455 2137 2500 est
2167 2447 2327 2502 tradit
2357 2448 2504 2503 fratri
2525 2491 2539 2511 ,
2570 2460 2627 2503 ut
2656 2451 2952 2520 accipiendi
2976 2453 3267 2523 cupiditate
3293 2469 3415 2509 eum
3443 2455 3532 2525 qui
3560 2465 3627 2509 ιο·

2055 2547 2148 2594 net
2186 2550 2441 2607 sequatur
2468 2583 2481 2604 ,
2515 2542 2655 2611 quod
2683 2543 2841 2598 etiam
2882 2543 3115 2600 efﬁcitur
3143 2564 3156 2599 :
3189 2547 3255 2599 ita
3285 2556 3342 2602 et
3383 2547 3467 2600 hic
3495 2548 3629 2614 quod

2059 2631 2340 2701 unicuique
2363 2635 2489 2688 utile
2519 2645 2620 2699 est,
2655 2635 2898 2703 proximo
2927 2637 3163 2702 tradidit,
3186 2647 3242 2691 ut
3265 2638 3391 2691 hinc
3411 2638 3545 2692 alter
3568 2640 3631 2691 ad

2056 2723 2280 2779 alterum
2305 2741 2670 2790 accurramus,
2706 2738 2760 2782 et
2791 2743 2856 2783 ne
2883 2731 3052 2784 simus
3080 2729 3294 2784 divulsi.
3323 2731 3389 2784 Et
3408 2730 3452 2784 si
3482 2730 3632 2790 velis.

2059 2814 2160 2870 hoc
2189 2825 2244 2871 et
2292 2818 2342 2871 in
2371 2817 2521 2871 nobis
2547 2819 2667 2874 vide
2687 2820 2775 2888 qui
2806 2820 3073 2890 loquimur
3106 2837 3119 2873 :
3153 2821 3293 2890 quod
3322 2822 3466 2876 enim
3507 2821 3633 2875 mihi

2059 2906 2190 2961 utile
2217 2917 2320 2973 est,
2345 2908 2396 2961 iu
2427 2918 2478 2963 te
2506 2909 2667 2964 situm
2699 2921 2800 2974 est,
2845 2923 2897 2965 et
2923 2911 3066 2981 quod
3101 2912 3194 2966 tibi
3225 2913 3355 2966 utile
3378 2953 3395 2979 ,
3440 2913 3493 2966 iu
3524 2927 3633 2967 me.

2060 2997 2178 3053 Tibi
2209 3001 2351 3054 enim
2383 3001 2512 3056 utile
2540 3011 2622 3056 est
2648 3010 2708 3057 ut
2735 3002 2981 3057 docearis
3011 3019 3070 3058 ea
3099 3020 3220 3073 qua:
3254 3004 3367 3058 Deo
3397 3005 3633 3074 placent;

2060 3089 2155 3145 sed
2187 3089 2301 3146 litec
2326 3107 2452 3146 cura
2478 3092 2606 3146 mihi
2628 3094 2827 3148 credita
2849 3092 2969 3160 fuit,
2990 3106 3047 3148 ut
3071 3102 3124 3149 tu
3145 3109 3173 3149 a
3204 3110 3288 3150 me
3316 3095 3366 3150 id
3387 3097 3636 3166 accipias,

2063 3182 2289 3253 ideoque
2317 3195 2532 3240 coactus
2579 3187 2653 3240 sis
2705 3187 2771 3240 ad
2803 3202 2890 3242 me
2914 3201 3195 3242 accurrere
3227 3205 3241 3242 :
3273 3198 3329 3244 et
3355 3189 3482 3244 mihi
3517 3191 3639 3244 utile

2063 3285 2147 3330 est
2173 3285 2227 3331 ut
2251 3287 2304 3330 tu
2336 3279 2524 3332 melior
2543 3278 2823 3345 efﬁciaris;
2856 3295 3098 3351 magnam
3129 3280 3412 3336 eniminde
3441 3297 3641 3336 merce-

2065 3369 2187 3424 dem
2216 3370 2504 3440 aceipiam;
2532 3371 2624 3426 sed
2640 3370 2746 3427 hoc
2764 3387 2945 3428 rursus
2969 3373 3020 3428 in
3048 3383 3098 3428 te
3125 3374 3283 3428 situm
3305 3383 3408 3440 est,
3441 3383 3496 3429 et
3525 3374 3642 3429 ideo

2069 3469 2120 3516 te
2162 3461 2419 3531 consequi
2454 3477 2638 3532 cogor,
2673 3472 2804 3518 utet
2834 3473 2890 3518 tu
2915 3465 3108 3520 melior
3129 3465 3224 3529 sis,
3255 3472 3312 3519 et
3355 3479 3456 3536 ego
3504 3467 3640 3535 quod

2068 3552 2197 3606 mihi
2250 3551 2378 3607 utile
2407 3562 2490 3607 est
2514 3568 2546 3606 'a
2578 3562 2634 3607 te
2678 3554 2959 3623 accipiam.
3005 3553 3132 3610 Ideo
3167 3554 3380 3610 dicebat
3428 3555 3641 3618 Paulus,

2071 3646 2198 3710 Qui:
2218 3646 2348 3699 enim
2374 3661 2484 3699 mea
2511 3663 2624 3713 spes
2641 3647 2756 3700 est?
2787 3663 2955 3701 annon
2987 3663 3072 3701 vos
3089 3649 3116 3700 .9
3140 3657 3193 3702 et
3236 3663 3421 3703 rursus
3444 3689 3460 3713 ,
3518 3649 3647 3718 Spes

2070 3753 2199 3800 mea,
2220 3737 2460 3806 gaudium
2473 3747 2707 3799 meum,et
2722 3754 2907 3791 corona
2921 3738 3238 3810 gloriationis
3253 3739 3403 3808 ηιριτ(
3413 3739 3429 3790 l
3443 3776 3456 3788 .
3468 3736 3643 3790 Thess.

2069 3827 2239 3881 2.19.
2269 3826 2382 3897 ‘20).
2416 3825 2598 3896 Itaque
2636 3827 2785 3880 Pauli
2821 3827 3071 3896 gaudium
3114 3827 3351 3897 discipuli
3379 3835 3554 3890 erant,
3593 3839 3648 3881 et

2073 3919 2239 3986 ipsius
2279 3919 2526 3988 gaudium
2568 3919 2638 3972 illi
2671 3917 2956 3973 habebant.
2982 3919 3105 3974 Ideo
3131 3920 3290 3974 etiam
3322 3919 3649 3991 lacrymaba-

2076 4020 2180 4073 tur,
2214 4011 2256 4062 si
2279 4011 2493 4079 quando
2517 4021 2806 4080 pereuntes
2839 4011 3064 4066 videret.
3099 4012 3332 4067 Rursum
3375 4012 3516 4081 quod
3549 4010 3650 4065 illis

2077 4101 2224 4163 utile,
2272 4102 2323 4153 iu
2380 4100 2543 4154 Paulo
2571 4111 2688 4156 erat
2735 4118 2748 4154 :
2797 4113 3077 4172 propterea
3127 4101 3335 4157 diccbat
3364 4121 3378 4155 :
3411 4101 3516 4156 Pro
3565 4119 3652 4171 spe

2079 4194 2287 4248 lsraelis
2329 4195 2519 4248 cinctus
2547 4211 2658 4248 sum
2702 4195 2796 4249 hac
2829 4206 3005 4248 catena
3033 4195 3166 4266 (Act.
3185 4195 3275 4250 23.
3299 4195 3426 4264 20);
3453 4203 3508 4250 et
3532 4210 3651 4248 rur-

2081 4300 2219 4352 sum,
2249 4285 2371 4341 Ηιτσ
2421 4286 2586 4354 patior
2627 4295 2832 4356 prapter
2876 4287 3075 4352 electos,
3108 4297 3160 4340 ut
3212 4287 3363 4340 vitam
3418 4295 3654 4340 aternam

2081 4388 2447 4448 consequantur
2469 4377 2548 4448 (ἓ.
2577 4376 2707 4430 Tim.
2737 4377 2792 4431 2.
2820 4377 2933 4445 l0).
2966 4379 3075 4431 Hoc
3100 4378 3258 4432 etiam
3287 4377 3472 4432 videre
3498 4378 3652 4432 estin

2084 4468 2148 4522 iis
2173 4483 2292 4537 quae
2317 4468 2382 4521 ad
2423 4469 2582 4523 vitatu
2615 4469 2879 4537 pertinent
2913 4487 2925 4520 :
2961 4484 3080 4522 nam
3107 4468 3201 4532 ait,
3239 4467 3427 4521 Mulier
3469 4468 3660 4539 proprii

2083 4561 2308 4629 corporis
2351 4569 2640 4628 potestatem
2690 4577 2791 4614 non
2823 4561 2987 4624 habet,
3023 4578 3177 4632 neque
3199 4562 3309 4624 vir;
3352 4561 3441 4614 sed
3482 4559 3658 4612 mulier

2086 4653 2201 4717 uiri,
2229 4661 2273 4704 et
2297 4651 2372 4704 t'ir
2397 4653 2621 4706 mulieris
2647 4651 2723 4724 (l.
2754 4651 2873 4708 Cor.
2907 4654 2959 4706 7.
2993 4654 3072 4725 4).
3100 4654 3172 4708 Ita
3195 4663 3250 4709 et
3273 4669 3372 4709 nos
3395 4668 3519 4707 cum
3559 4652 3656 4706 ali-

2087 4756 2223 4812 quos
2249 4743 2504 4812 colligare
2535 4744 2802 4811 volumus,
2830 4743 2932 4799 hoc
2969 4743 3190 4799 facimus
3222 4762 3235 4797 :
3269 4745 3542 4801 nemiuem
3579 4741 3657 4796 sui

2090 4835 2362 4888 dominum
2391 4835 2764 4904 relinquimus,
2795 4835 2887 4890 sed
2920 4835 3150 4890 mediam
3198 4836 3548 4890 extendentes
3573 4847 3649 4890 ca-

2093 4937 2289 4991 tenam,
2322 4927 2372 4980 id
2399 4925 2678 4993 eflicimus,
2728 4937 2784 4981 ut
2814 4927 2899 4981 hic
2932 4927 3000 4982 ab
3047 4928 3138 4982 illo
3164 4938 3218 4981 et
3242 4928 3330 4982 ille
3359 4928 3428 4981 ab
3461 4930 3560 4982 hoc
3586 4936 3656 4980 te-

2091 5030 2300 5075 neatur.
2326 5018 2417 5074 Vis
2447 5018 2547 5074 hoc
2573 5019 2734 5073 etiam
2787 5019 2968 5074 videre
3007 5019 3058 5073 in
3086 5018 3525 5089 magistratibus?
3560 5019 3655 5084 Qui

2088 5113 2308 5182 judicat,
2355 5127 2460 5167 non
2501 5112 2651 5166 sedet
2689 5111 2792 5165 sibi
2831 5111 3100 5180 judicans,
3131 5111 3226 5166 sed
3251 5126 3495 5180 quaareus
3520 5109 3656 5180 quod

2095 5203 2334 5272 proximo
2382 5198 2662 5256 conferat.'
2697 5201 2902 5256 Rursus
2951 5201 3045 5271 qui
3092 5201 3197 5256 illis
3252 5201 3451 5255 subditi
3502 5211 3660 5260 sunt,

2095 5292 2236 5361 quod
2285 5291 2508 5361 principi
2559 5291 2798 5346 conferat
2846 5300 3109 5361 qumrunt,
3161 5307 3256 5361 per
3294 5292 3518 5356 cultum,
3569 5306 3660 5360 per

2095 5383 2450 5436 unnisterium
2503 5396 2701 5451 perque
2741 5381 2844 5436 alia
2891 5382 3091 5436 oumia.
3138 5381 3332 5437 “dites
3383 5397 3480 5450 pro
3513 5382 3662 5436 nobis

2096 5489 2242 5528 arma
2264 5481 2509 5537 sumunt;
2533 5485 2752 5544 propter
2772 5487 2869 5527 nos
2893 5474 3033 5528 enim
3057 5473 3290 5542 pericula
3309 5473 3540 5528 adeunt:
3567 5487 3660 5526 nos

2097 5581 2194 5634 pro
2235 5566 2338 5619 illis
2367 5565 2576 5621 labores
2621 5565 2975 5635 suscipimus;
3007 5579 3036 5618 a
3064 5564 3214 5619 nobis
3243 5565 3388 5620 enim
3430 5567 3658 5619 aluntur.

2168 5661 2222 5713 4.
2265 5656 2457 5712 Caritas
2493 5675 2524 5711 a
2568 5656 2734 5711 Paulo
2776 5659 3168 5711 commendatur.
3189 5688 3255 5697 —
3283 5657 3337 5713 Si
3371 5667 3547 5711 autem
3576 5656 3651 5709 di-

2104 5751 2262 5817 xeris,
2293 5765 2723 5820 unumquemque
2748 5766 2841 5807 sua
2869 5760 3192 5822 qumreutem
3211 5750 3310 5808 hoc
3339 5749 3532 5811 facere,
3565 5751 3660 5801 hoc
