3990 6168
413 350 512 406 281

413 480 534 531 της,
571 461 663 514 ἐὰν
690 462 764 530 μὴ
798 460 1077 530 πολεμήση
1106 460 1244 529 ὑπὲρ
1265 457 1370 510 τῶν
1396 456 1722 527 τρεφόντων,
1747 454 1846 505 οὐκ
1875 450 1986 520 ἕχει

414 545 505 599 τὸν
532 545 610 605 είς
640 540 794 594 τοῦτο
820 540 1235 610 διακονούμενον
1256 553 1269 569 ·
1321 540 1483 602 αὐτὸς
1513 555 1574 591 τε
1619 533 1771 599 οὗτος
1802 534 1986 596 πάλιν,

413 629 509 680 ἐὰν
533 626 608 696 μὴ
654 623 825 695 θρέψῃ
875 625 965 675 τὸν
1002 621 1361 693 στρατιώτην,
1390 622 1491 674 οὐκ
1542 620 1654 690 ἔχει
1702 619 1794 670 τὸν
1823 618 1990 687 ὕπερ-

413 706 728 771 ασπίζοντα.
754 702 904 769 Εἶδες
933 706 1029 775 τὴν
1054 705 1273 776 ἀγάπην
1296 703 1571 774 πανταχοῦ
1598 700 1991 771 διατεταμένην

416 792 508 846 καὶ
543 793 719 845 πάντα
769 789 1190 859 οἱκονομοῦσαν;
1231 789 1389 842 Ἀλλά
1429 788 1502 859 μὴ
1545 787 1859 857 ἀποκάμῃς,
1889 785 1994 847 ἕως

417 875 483 929 ἂν
514 874 805 946 ὁλόκληρον
829 872 927 943 τὴν
959 873 1168 943 χρυσῆν
1196 872 1400 942 ταύτην
1431 871 1617 942 σειρὰν
1646 866 1989 940 καταμάθῃς.

418 956 600 1010 Εἰπὼν
622 957 752 1027 γὰρ,
790 958 872 1010 Οὐ
900 954 1060 1021 ζητεῖ
1087 956 1158 1011 τὰ
1180 954 1423 1026 ἑαυτῆς,
1453 955 1603 1021 λέγει
1635 952 1796 1007 πάλιν
1828 951 1897 1004 τὰ
1932 953 1995 1001 ὲκ

416 1037 606 1091 τούτου
650 1039 942 1108 τικτόμενα
975 1038 1173 1105 ἀγαθά.
1225 1038 1357 1091 Τίνα
1399 1038 1457 1091 δὲ
1483 1035 1657 1090 ταῦτά
1682 1036 1861 1097 ἐστιν;
1913 1033 1994 1084 Οὐ

415 1121 840 1189 παροξύνεται,
882 1123 955 1174 οὐ
987 1119 1280 1190 λογίζεται
1323 1121 1390 1173 τὸ
1420 1121 1627 1174 κακόν.
1655 1120 1799 1189 Ὅρα
1835 1115 1995 1170 πάλιν

416 1204 476 1256 οὐ
510 1203 818 1274 κρατοῦσαν
846 1203 946 1272 τῆς
985 1202 1182 1266 κακίας
1217 1203 1398 1273 μόνον,
1440 1202 1553 1255 ἀλλ’
1581 1202 1702 1254 οὐδὲ
1746 1201 1995 1269 ἀφιεῖσαν

418 1285 587 1355 αὐτὴν
620 1285 811 1356 στῆναι
841 1284 940 1354 τὴν
979 1285 1171 1356 ἀρχήν.
1220 1286 1293 1338 Οὐ
1324 1285 1432 1356 γάρ
1461 1283 1602 1347 εἷπε,
1631 1282 1995 1353 Παροξύνεται

425 1368 543 1437 μὲν,
598 1370 933 1438 περιγίνεται
983 1370 1062 1430 δὲ,
1117 1368 1231 1422 ἀλλ’
1295 1368 1428 1420 Οὐδὲ
1483 1366 1859 1431 παροξύνεται·
1902 1363 1996 1417 καὶ

421 1451 522 1505 οὐκ
548 1447 720 1519 εἶπεν,
746 1452 859 1506 υὺκ
887 1452 1180 1524 ἐργάζεται
1207 1451 1268 1506 τὸ
1291 1452 1481 1515 κακὸν,
1519 1451 1636 1505 ἀλλ’
1688 1449 1821 1502 Οὐδὲ
1850 1446 1995 1514 λογίο

422 1533 592 1598 ζεται.
619 1535 780 1588 Οὐδὲν
807 1533 917 1606 γὰρ
947 1535 1179 1605 πονηρὸν
1210 1535 1269 1587 οὐ
1301 1534 1459 1605 μόνον
1485 1534 1547 1587 οὐ
1576 1529 1994 1594 κατασκευάζει,

423 1617 538 1670 ἀλλ’
560 1617 679 1670 οὐδὲ
707 1617 999 1675 ὑποπτεύει
1032 1618 1174 1672 κατὰ
1211 1618 1305 1672 τοῦ
1360 1616 1703 1686 φιλουμένου.
1754 1613 1878 1677 Πῶς
1904 1608 1996 1665 οῦν

427 1701 494 1753 ἂν
537 1701 850 1771 ἐργάσαιτο,
903 1701 934 1771 ἢ
990 1701 1107 1764 πῶς
1139 1701 1204 1755 ἂν
1236 1699 1599 1773 παροξυνθείη
1635 1700 1667 1768 ή
1705 1697 1838 1768 μηδὲ
1868 1695 1998 1748 ὑπό⁴

425 1799 575 1836 νοιαν
593 1784 836 1852 πονηρὰν
855 1783 1249 1849 καταδέξασθαι
1278 1783 1576 1853 ἀνεχομένη
1598 1799 1612 1847 ;
1643 1781 1762 1834 ὅθεν
1793 1782 1824 1850 ἡ
1847 1777 1997 1849 πηγὴ

425 1865 525 1935 τῆς
561 1866 813 1937 στοργῆς.
853 1867 936 1920 Οὐ
965 1866 1156 1936 χαίρει
1197 1867 1295 1921 ἐπὶ
1330 1864 1406 1934 τῇ
1439 1866 1653 1932 ἀδικίᾳ.
1685 1861 1994 1926 Τουτέστιν,

424 1949 526 2001 οὐκ
569 1948 822 2018 ἐφήδεται
870 1952 984 2013 τοῖς
1030 1949 1214 2012 κακῶς
1243 1950 1563 2019 πάσχουσιν·
1606 1944 1700 1999 καὶ
1750 1945 1810 1997 ού
1844 1942 1999 1997 τοῦτο

428 2031 608 2101 μόνον,
635 2032 773 2086 ἀλλά
802 2031 916 2096 καὶ,
941 2031 970 2084 ὃ
1005 2031 1182 2103 πολλῷ
1216 2030 1399 2102 μεῖζόν
1423 2031 1559 2091 ἐστι,
1592 2027 1905 2098 Συγχαίρει
1931 2022 2001 2077 δὲ

423 2112 500 2183 τῇ
529 2114 800 2183 ἀληθείᾳ.
834 2114 1148 2184 Συνήδεται,
1181 2115 1334 2185 φησὶ,
1360 2115 1475 2176 τοῖς
1505 2109 1880 2181 εὐδοκιμοῦσιν
1903 2124 1918 2139 ·
1971 2107 2001 2160 6

426 2195 571 2263 λέγει
589 2196 816 2259 Παῦλος·
842 2197 1079 2263 Χαίρειν
1096 2196 1249 2265 μετὰ
1271 2196 1619 2264 χαιρόντων,
1638 2194 1736 2247 καί
1767 2190 2003 2246 κλαίειν

422 2281 572 2348 μετὰ
625 2279 982 2333 κλαιόντων.
1026 2279 1305 2333 Ἐντεῦθεν
1334 2279 1395 2332 οὐ
1440 2276 1612 2348 ζηλοῖ,
1661 2275 1906 2330 ἐντεῦθεν
1937 2273 1998 2326 οὐ

427 2358 714 2426 φυσιοῦται
735 2376 748 2387 ·
780 2360 876 2412 καὶ
899 2361 1007 2432 γὰρ
1033 2362 1206 2413 οίκεῖα
1236 2361 1305 2414 τά
1323 2360 1579 2432 ἀλλότρια
1600 2358 1807 2430 νομίζει
1837 2357 1997 2412 καλά·

426 2437 566 2504 εἶδες
596 2439 712 2505 πῶς
742 2444 883 2495 κατὰ
917 2444 1110 2516 μικρὸν
1134 2444 1363 2512 ἄγγελον
1385 2446 1530 2499 ποιεῖ
1553 2447 1645 2497 τὸν
1672 2443 1839 2511 αὐτῆς
1874 2440 1999 2513 τρό-

429 2539 595 2594 φιμον
623 2526 657 2595 ή
685 2524 874 2596 ἀγάπη
901 2542 931 2591 ;‘
949 2528 1118 2582 Ὅταν
1147 2527 1257 2599 γὰρ
1278 2528 1544 2599 ἀόργητος
1573 2524 1628 2601 ᾖ,
1662 2527 1756 2579 καὶ
1792 2526 2000 2596 βασκα-

430 2603 547 2668 νίας
574 2606 829 2677 καθαρὸς,
863 2609 955 2660 καὶ
1006 2610 1201 2673 παντὸς
1247 2610 1570 2681 τυραννικοῦ
1612 2610 1814 2672 πάθους
1852 2607 2002 2661 ἐλεύ-

428 2687 605 2760 θερος,
637 2690 884 2762 ἐννόησον
909 2692 991 2745 ὅτι
1027 2693 1243 2763 καὶτῆς
1272 2693 1621 2763 ἀνθρωπίνης
1656 2693 1869 2762 φύσεως
1892 2693 2002 2745 ἀπ-

424 2770 638 2844 ηλλάγη
689 2771 890 2835 λοιπὸν.
943 2777 1036 2829 καὶ
1087 2775 1220 2847 πρὸς
1270 2776 1438 2848 αὐτὴν
1481 2775 1589 2830 τῶν
1616 2775 1867 2844 ἀγγέλων
1904 2775 2004 2843 τὴν

427 2854 696 2909 ἀπάθειαν
754 2855 1155 2928 μεθωρμίσατο.
1215 2857 1353 2911 Ἀλλ’
1406 2860 1555 2929 ὅμως
1613 2859 1714 2912 οὒκ
1756 2859 2004 2927 ἀρκεῖται

427 2937 656 3001 τούτοις,
680 2938 796 2991 ἀλλ’
835 2938 946 3010 ἔχει
978 2957 1031 2994 τι
1063 2941 1155 2993 καὶ
1187 2942 1368 2994 πλεῖον
1411 2941 1616 2997 τούτων
1665 2943 1840 2995 εἰπεῖν
1863 2958 1878 2972 ·
1939 2940 2006 2995 τά

428 3020 536 3092 γὰρ
582 3022 904 3092 ἰσχυρότερα
956 3023 1180 3094 ὕστερον
1236 3024 1439 3094 τίθησι.
1480 3024 1572 3079 Διό
1619 3042 1773 3096 φησι,
1803 3023 2007 3079 Πάντα

429 3101 644 3171 στέγει.
687 3103 819 3155 Ἀπὸ
856 3105 955 3175 τῆς
987 3105 1391 3177 μακροθυμίας,
1437 3107 1544 3161 ἀπὸ
1568 3107 1670 3178 τῆς
1698 3107 2005 3178 χρηστότη-

430 3202 541 3249 τος,
575 3186 678 3239 κᾶν
715 3189 947 3259 φορτικά
984 3186 1042 3264 ᾗ,
1070 3190 1174 3244 κᾶν
1206 3191 1421 3263 ἐπαχθῆ
1451 3203 1502 3252 ι,
1534 3190 1638 3246 κᾶν
1666 3190 1877 3262 ὕϐρεις,
1907 3190 2008 3244 κᾶν

433 3268 659 3339 πληγαὶ,
696 3272 801 3325 κᾶν
832 3270 1082 3338 θάνατος,
1133 3273 1234 3329 κᾶν
1277 3275 1474 3334 ὁτιοῦν.
1506 3274 1619 3328 Καὶ
1659 3272 1816 3328 τοῦτο
1850 3274 2009 3329 πάλιν

433 3352 542 3405 ἀπὸ
568 3351 662 3406 τοῦ
713 3356 984 3428 μακαρίου
1039 3357 1202 3412 Δαυῒδ
1244 3359 1475 3413 συνιδεῖν
1523 3358 1766 3414 δυνατόν.
1804 3360 1871 3412 Τί
1903 3358 2009 3431 γὰρ

434 3436 836 3509 φορτικώτερον
885 3439 981 3493 τοῦ
1029 3440 1142 3501 υἱὸν
1174 3441 1300 3496 ἰδεῖν
1334 3441 1765 3513 ἐπανιστάμενον
1791 3442 1887 3495 καὶ
1915 3460 2006 3495 τυ-

437 3520 676 3591 ραννίδος
709 3521 995 3593 ἐφιέμενον
1040 3526 1133 3579 καὶ
1165 3525 1396 3596 αἵματος
1433 3525 1676 3596 διψῶντα
1720 3523 2008 3597 πατρῴους

448 3602 607 3657 Ἀλλά
641 3606 737 3658 καὶ
787 3606 944 3661 τοῦτο
996 3606 1217 3677 ἔστεγεν
1259 3611 1288 3662 6
1338 3608 1603 3680 μακάριος
1663 3608 1890 3671 ἐκεῖνος,
1919 3608 2012 3661 καὶ

436 3684 557 3740 οὐδὲ
584 3685 756 3752 οὕτως
784 3688 1031 3759 ἠνείχετο
1061 3681 1258 3760 πικρὸν
1292 3692 1443 3764 ῥῆμα
1465 3690 1716 3745 ἐκϐαλεῖν
1748 3690 1893 3745 κατά
1916 3690 2010 3743 τοῦ

437 3769 784 3839 πατραλοίου,
816 3772 950 3824 ἀλλά
978 3774 1202 3837 καὶτοῖς
1227 3776 1550 3846 στρατηγοῖς
1573 3774 1749 3830 πάντα
1782 3775 1851 3829 τά
1878 3773 2012 3830 ἄλλα

437 3851 616 3920 ἀφεὶς,
668 3852 808 3922 ὑπὲρ
866 3853 966 3921 τῆς
1027 3856 1236 3909 ἐκείνου
1307 3857 1581 3929 σωτηρίας
1635 3859 2009 3928 ἐπέσκηπτεν·

441 3932 636 4004 ἰσχυρὰ
666 3932 774 4004 γὰρ
802 3929 867 4003 ἦν
906 3937 939 4004 ἡ
965 3936 1063 4004 τῆς
1088 3938 1309 4008 ἀγάπης
1349 3940 1567 4010 κρηπίς.
1603 3940 1694 3994 Διὸ
1718 3941 1810 3994 καὶ
1834 3941 2017 3995 πάντα

444 4013 644 4083 στέγει·
678 4016 770 4068 καὶ
800 4016 898 4088 τὴν
936 4016 1035 4086 μὲν
1065 4018 1294 4089 δύναμιν
1316 4021 1485 4091 αὐτῆς
1512 4021 1760 4076 ἐντεῦθεν
1785 4023 2016 4076 αἰνίττε-

444 4114 554 4164 ται,
588 4096 685 4169 τὴν
709 4098 765 4153 δὲ
786 4099 1098 4170 ἀγαθότητα
1126 4102 1215 4154 διὰ
1246 4101 1352 4155 τῶν
1385 4102 1531 4173 έξῆς·
1560 4103 1763 4158 Πάντα
1787 4104 1894 4178 γὰρ
1924 4106 2017 4159 6.1-

441 4180 613 4249 πίζει,
651 4185 802 4254 φησὶ,
837 4183 1033 4238 πάντα
1066 4186 1355 4251 πιστεύει,
1385 4186 1582 4241 πάντα
1607 4188 1914 4257 ὑπομένει.
1951 4190 2018 4243 Τί

446 4271 581 4330 ἐστι,
607 4266 811 4322 Πάντα
844 4268 1099 4333 ἐλπίζει;
1139 4271 1323 4325 Πάντα
1353 4270 1421 4325 τὰ
1443 4274 1675 4344 χρηστὰ,
1707 4273 1890 4344 φησὶν,
1918 4274 2018 4328 οὐκ

445 4350 814 4421 ἀπογινώσκει
853 4353 946 4407 τοῦ
991 4354 1380 4425 ἀγαπωμένου,
1427 4356 1564 4409 ἀλλά
1591 4355 1695 4410 κᾶν
1726 4356 1930 4424 φαῦλος
1958 4353 2016 4429 ᾗ,

446 4435 748 4505 παραμένει
812 4435 1189 4510 διορθουμένη,
1246 4438 1566 4510 προνοοῦσα,
1623 4440 2016 4513 ἐπιμελομένη.

447 4517 650 4572 Πάντα
695 4520 983 4575 πιστεύει.
1041 4523 1115 4574 υύ
1151 4521 1259 4592 γὰρ
1302 4522 1488 4587 ἁπλῶς
1534 4523 1767 4587 ἐλπίζει,
1831 4526 2018 4594 φησὶν,

448 4601 585 4656 ἀλλά
641 4603 732 4655 καὶ
770 4603 1013 4657 πιστεύει
1051 4606 1116 4659 ἐκ
1172 4606 1266 4658 τοῦ
1321 4606 1525 4677 σφόδρα
1569 4606 1759 4674 φιλεῖν·
1806 4607 1909 4661 κᾶν
1945 4608 2021 4679 μὴ

450 4685 677 4757 ἐκϐαίνῃ
704 4685 845 4739 κατά
876 4686 974 4757 τὴν
1003 4688 1191 4742 ἐλπίδα
1220 4688 1288 4742 τὰ
1322 4690 1533 4759 χρηστά
1564 4691 1759 4754 ταῦτα,
1788 4691 1904 4744 ἀλλ’
1938 4691 2018 4744 ἔτι

451 4764 847 4839 φορτικώτερος
903 4771 1105 4834 ἐκεῖνος
1146 4768 1202 4843 ᾗ,
1260 4771 1356 4825 καὶ
1388 4771 1561 4827 ταῦτα
1593 4773 1766 4843 φέρει.
1822 4773 2023 4828 Πάντα

344 4858 357 4871 '
449 4850 581 4922 γὰρ,
612 4850 794 4920 φησὶν,
821 4849 971 4924 [⁸505]
992 4853 1294 4923 ὑπομένει.
1312 4857 1375 4909 Ἠ
1390 4854 1590 4926 ἀγάπη
1608 4854 1899 4910 οὐδέποτε
1921 4856 2020 4909 ἐκ·

450 4935 671 4989 πίπτει.
706 4927 859 4997 Εἶδες
894 4935 993 5005 τὴν
1022 4938 1285 5006 κορωνίδα
1318 4939 1447 4992 πότε
1477 4938 1662 5009 ἔθηκε,
1716 4939 1810 4992 καὶ
1854 4938 1883 4991 ὃ
1918 4941 2023 5009 μάν

448 5016 608 5071 λιστά
634 5018 782 5073 ἐστιν
835 5017 1107 5089 ἐξαίρετον
1157 5020 1347 5074 τούτου
1405 5021 1499 5075 τοῦ
1550 5020 1762 5092 δώρους
1813 5020 1879 5074 Τί
1909 5021 2019 5088 γάρ

453 5100 620 5165 ἐστιν,
656 5101 778 5155 Οὐκ
808 5101 1112 5167 Eveniunt;
1142 5104 1217 5156 Οὐ
1255 5103 1623 5167 διακόπτεται,
1652 5105 1713 5157 οὐ
1748 5103 2024 5158 διαλύεται

455 5181 533 5252 τῷ
559 5180 763 5254 φέρειν·
796 5185 1011 5259 στέργει
1046 5186 1154 5257 γὰρ
1188 5187 1384 5241 πάντα.
1422 5188 1481 5240 Ὀ
1535 5188 1632 5258 ίάρ
1675 5187 1844 5256 φιλῶν
1878 5188 2027 5242 οὐδέ-

456 5281 587 5319 ποτε
630 5267 853 5337 μισῆσαι
909 5270 1153 5334 δύναται,
1187 5271 1291 5324 κᾶν
1339 5270 1518 5325 ὁτιοῦν
1555 5271 1814 5343 γένηται·
1871 5272 2028 5326 τοῦτο

457 5346 567 5417 γὰρ
591 5348 759 5420 αὐτῆς
806 5351 868 5403 τὸ
913 5354 1166 5423 μέγιστον
1192 5354 1417 5423 ἀγαθόν.
1451 5352 1704 5419 Τοιοῦτος
1731 5350 1798 5427 ἦν
1820 5357 1847 5409 6
1877 5354 2025 5409 Παῦ-

457 5430 577 5495 λος·
612 5429 692 5484 διδ
714 5434 807 5485 καὶ
843 5433 1047 5502 ἔλεγεν,
1081 5436 1155 5489 Et
1181 5452 1306 5500 πως
1330 5435 1734 5504 παραζηλώσω
1761 5456 1882 5506 μου
1913 5436 2029 5504 τὴν

457 5510 676 5583 σάρκα,
715 5517 806 5569 καὶ
835 5514 1023 5586 ἔμενεν
1067 5517 1320 5582 ἐλπίζων.
1372 5519 1479 5571 Καὶ
1508 5519 1759 5590 Τιμοθέῳ
1797 5519 2028 5590 παρῄνει

461 5596 634 5666 λέγων
654 5615 666 5629 ⁸
704 5598 936 5654 Δοῦλον
966 5600 1033 5653 δὲ
1072 5600 1294 5668 Κυρίου
1326 5602 1398 5654 οὑ
1431 5600 1522 5655 δεῖ
1546 5601 1861 5671 μάχεσθαι,
1891 5601 2028 5656 ἀλλ’

530 5831 557 5860 ⁸
597 5830 795 5883 Deerant
816 5829 975 5891 verba,
996 5830 1084 5879 κᾶν
1104 5845 1214 5894 φη..
1243 5826 1440 5889 ἐπαχθῆ.

1100 348 1157 401 S.
1200 343 1486 403 JOANNIS
1523 336 2015 397 CHRYSOSTO‘MI
2054 336 2373 396 ARCIIIEP.
2415 340 2961 398 CONSTANTINOP.

3561 343 3667 399 282

2101 447 2283 517 ἣπιον
2314 446 2464 504 εἶναι
2500 452 2650 519 πρὸς
2681 453 2933 521 πάντας,
2982 455 3052 507 ἐν
3093 453 3380 519 πραΰτητι
3423 454 3669 508 παιδεύ-

2098 549 2245 586 οντα
2272 532 2414 598 τοὺς
2445 534 3040 605 ἀντιδιατιθεμένους,
3068 537 3304 605 μήποτε
3340 535 3424 601 δῷ
3464 538 3665 604 αὐτοῖς

2099 620 2132 671 ό
2172 618 2316 684 Θεὸς
2363 619 2692 688 ἐπίγνωσιν
2739 622 3045 688 ἀληθείας.
3097 621 3162 673 Τί
3215 617 3330 686 οὖν,
3378 622 3565 691 φησὶν,
3600 622 3666 676 ἂν

2094 701 2280 773 ἐχθροὶ
2308 701 2412 757 ὦσι
2444 704 2539 757 καὶ
2563 704 2844 775 Ἕλληνες,
2879 706 2939 758 οὐ
2973 706 3052 758 δεῖ
3083 707 3297 775 μισεῖν;
3330 705 3528 758 Μισεῖν
3547 704 3663 775 μὲν,

2097 784 2198 838 οὐκ
2235 785 2476 850 ἐκείνους
2523 788 2603 851 δέ,
2653 787 2791 842 ἀλλὰ
2821 788 2881 840 τὸ
2915 788 3113 856 δόγμα,
3140 788 3202 840 οὺ
3242 788 3335 841 τὸν
3356 786 3663 859 ἄνθρωπον,

2096 867 2236 945 ἀλλὰ
2268 870 2369 941 τὴν
2407 870 2651 941 πονηρὰν
2698 869 2914 942 πρᾶξιν,
2963 872 3063 939 τὴν
3097 869 3502 941 διεφθαρμένην
3526 869 3667 939 γνὼ-

2102 967 2231 1020 μην.
2281 952 2341 1004 Ὀ
2380 952 2478 1023 μὲν
2505 953 2615 1025 γὰρ
2642 952 2925 1023 ἄνθρωπος
2951 953 3109 1022 ἔργον
3146 950 3302 1016 Θεοῦ,
3341 954 3374 1023 η
3405 951 3463 1006 δέ
3491 952 3666 1021 πλάνη

2097 1034 2258 1104 ἔργον
2303 1037 2398 1090 τοῦ
2449 1036 2717 1092 διαϐόλου.
2771 1038 2862 1109 Μὴ
2918 1037 3098 1091 τοίνυν
3148 1036 3415 1109 ἀναμίξῃς
3459 1038 3529 1090 τά
3571 1036 3668 1090 τοῦ

2097 1116 2256 1183 Θεοῦ,
2293 1120 2387 1173 καίΙ
2433 1120 2502 1174 τά
2540 1120 2633 1174 τοῦ
2679 1120 2948 1173 διαϐόλου·
2983 1121 3104 1173 ἐπεὶ
3153 1118 3248 1173 καὶ
3284 1120 3523 1173 Ἰουδαῖοι
3574 1122 3669 1173 καὶ

2100 1200 2410 1273 βλάσφημοι
2440 1199 2581 1274 ἦσαν
2619 1206 2714 1258 καὶ
2740 1204 2967 1257 διῶκται
2993 1204 3085 1257 καὶ
3116 1203 3389 1274 ὑϐρισταὶ,
3427 1203 3523 1257 καὶ
3565 1220 3670 1273 μυ-

2100 1283 2191 1354 ρία
2236 1284 2326 1337 τὸν
2375 1285 2607 1355 Χριστὸν
2642 1287 2827 1356 ἔλεγον
2855 1288 3004 1341 κακά
3024 1303 3040 1321 ·
3088 1281 3216 1357 Ἆρ’
3241 1281 3333 1340 οὖν
3362 1286 3544 1356 ἐμίσει
3576 1286 3673 1338 αὒ-

2097 1367 2224 1429 τοὺς
2256 1367 2484 1430 Παῦλος,
2514 1371 2543 1422 ὁ
2578 1369 2813 1439 μάλιστα
2839 1370 3056 1422 πάντων
3086 1368 3177 1423 τὸν
3206 1368 3444 1440 Χριστὸν
3476 1368 3667 1437 φιλῶνς

2099 1446 2384 1520 Οὐδαμῶς,
2431 1451 2567 1504 ἀλλά
2609 1451 2703 1505 καὶ
2746 1451 2941 1521 ἐφίλει,
2991 1453 3085 1505 καὶ
3111 1453 3286 1509 πάντα
3325 1451 3467 1523 ὑπὲρ
3494 1451 3670 1504 αὐτῶν

2099 1531 2364 1603 ἔπραττε·
2407 1534 2500 1586 καὶ
2540 1533 2635 1587 νῦν
2670 1534 2769 1604 μέν
2807 1550 2992 1604 φησιν,
3024 1533 3094 1589 Ἢ
3124 1534 3244 1603 μὲν
3281 1533 3531 1588 εὐδοκία
3573 1533 3670 1588 καὶ

2098 1617 2138 1685 ή
2174 1615 2381 1685 δέησίς
2414 1634 2534 1687 μου
2581 1617 2732 1685 πρὸς
2757 1619 2868 1672 τὸν
2897 1619 3047 1671 Θεὸν
3086 1618 3242 1687 ὑπὲρ
3279 1617 3480 1673 αὐτῶν
3504 1619 3673 1672 ἐστιν

2097 1701 2187 1764 είς
2239 1700 2570 1769 σωτηρίαν·
2607 1699 2702 1753 νῦν
2747 1700 2824 1766 δέ,
2873 1702 3167 1770 Ηὺχόμην
3209 1700 3477 1770 ἀνάθεμα
3523 1698 3676 1755 εἶναι

2099 1782 2219 1837 ἀπὸ
2253 1783 2361 1838 τοῦ
2393 1784 2654 1853 Χριστοῦ
2690 1783 2845 1853 ὑπὲρ
2875 1784 3094 1839 αὐτῶν.
3140 1784 3297 1838 Οὕτω
3328 1786 3424 1840 καὶ¹
3448 1788 3478 1840 6
3511 1786 3673 1849 Ἰεζει

2102 1866 2249 1937 κιὴλ,
2282 1867 2425 1938 δρῶν
2450 1870 2648 1932 αὐτοὺς
2694 1868 3065 1939 σφαζομένους
3097 1867 3301 1935 ἔλεγεν·
3336 1869 3524 1938 οιμοι,
3558 1870 3675 1923 Κύ-

2094 1966 2208 2018 ριε,
2251 1950 2585 2020 ἐξαλείφεις
2644 1950 2729 2005 σὺ
2793 1951 2936 2017 τοὺς
2987 1952 3386 2016 καταλοίπους
3421 1951 3531 2005 τοῦ
3566 1953 3677 2005 Ἰσ-

2097 2032 2299 2099 ραήλ;
2348 2034 2442 2088 καὶ
2487 2036 2515 2087 6
2571 2034 2834 2104 Μωῦσῆς,
2868 2037 2936 2089 El
2966 2035 3084 2104 μὲν
3128 2032 3287 2102 ἀφῇς
3313 2033 3517 2100 αὐτοῖς
3553 2035 3673 2102 τὴν

2103 2116 2415 2185 ἁμαρτίαν,
2448 2117 2618 2187 ἄφες.
2660 2119 2725 2171 Τί
2753 2114 2847 2172 οὖν
2895 2135 3059 2190 φησιν
3092 2121 3121 2171 6
3156 2118 3351 2183 Δαυῖδ;
3393 2117 3541 2184 Τοὺς
3576 2135 3673 2186 μι-

2104 2201 2371 2266 σοῦντάς
2394 2219 2487 2265 σε,
2515 2204 2717 2270 Κύριε,
2737 2203 3024 2271 ἐμίσησα,
3046 2202 3143 2255 καὶ
3180 2201 3278 2253 ἐπὶ
3297 2199 3423 2266 τοῖς
3439 2200 3679 2269 ἐχθροῖς

2106 2298 2221 2336 σου
2245 2283 2643 2353 ἐξετηκόμην·
2667 2283 2902 2338 τέλειον
2933 2284 3116 2353 μῖσος
3150 2285 3405 2352 ἐμίσουν
3432 2284 3673 2349 αὐτούς.

2103 2366 2355 2420 Μάλιστα
2393 2368 2490 2436 μὲν
2523 2369 2590 2420 ὀὐ
2634 2368 2815 2421 πάντα
2844 2367 2913 2420 τὰ
2936 2368 2996 2419 ἐν
3023 2369 3134 2430 τοῖς
3164 2367 3416 2437 Ψαλμοῖς
3445 2366 3551 2419 ὑπὸ
3580 2366 3674 2419 τοῦ

2104 2448 2267 2503 Δαυῒδ
2309 2450 2596 2521 εἰρημένα,
2650 2452 2717 2504 ἐκ
2757 2449 3050 2521 προσώπου
3097 2450 3192 2503 τοῦ
3242 2448 3408 2506 Δαυῒδ
3438 2450 3673 2521 εἴρηται·

2104 2535 2200 2587 καὶ
2229 2533 2336 2605 γὰρ
2360 2535 2524 2597 αὐτὸς
2547 2529 2704 2598 οὗτός
2728 2551 2884 2607 φησι,
2916 2534 3367 2604 Κατεσκήνωσα
3385 2535 3536 2605 μετὰ
3558 2532 3677 2587 τῶν

2104 2616 2518 2687 σκηνωμάτων
2580 2617 2786 2689 Κηδάρ
2809 2635 2823 2649 ·
2876 2619 2992 2684 καὶ,
3032 2618 3165 2672 Ἐπί
3232 2618 3351 2672 τῶν
3401 2615 3677 2688 ποταμῶν

2104 2698 2466 2766 Βαϐυλῶνος
2514 2700 2646 2755 ἐκεῖ
2675 2701 3063 2770 ὲκαθίσαμεν,
3095 2700 3195 2754 καὶ
3256 2701 3677 2770 ἐκλαύσαμεν·

2105 2784 2230 2839 οὔτε
2252 2784 2308 2838 δέ
2340 2783 2631 2838 Βαϐυλῶνα
2658 2781 2818 2847 εἶδεν,
2839 2782 2963 2837 οὔτε
2993 2782 3061 2837 τά
3088 2784 3424 2855 σκηνώματα
3468 2784 3675 2856 Κηδάρ·

2108 2866 2281 2930 ἄλλως
2304 2866 2381 2929 δὲ,
2412 2868 2506 2919 καὶ
2535 2865 2753 2921 πλείονα
2795 2865 2890 2920 νῦν
2928 2866 3311 2936 ἁπαιτούμεθα
3342 2866 3678 2936 φιλοσοφίαν.

2107 2949 2197 3003 Διὸ
2226 2949 2323 3004 καὶ
2350 2949 2458 3003 τῶν
2486 2949 2746 3022 μαθητῶν
2782 2950 3078 3017 ἀξιούντων
3111 2951 3502 3022 κατενεχθῆναι
3551 2952 3681 3024 πῦρ.

2109 3031 2185 3095 ὡς
2217 3033 2309 3085 ἐπὶ
2339 3032 2543 3096 Ἠλιοῦ,
2568 3035 2692 3087 Οὐκ
2721 3033 2938 3100 οἴδατε,
2974 3034 3138 3103 φησὶν
3164 3035 3193 3087 6
3218 3032 3473 3105 Χριστὸς,
3506 3035 3680 3089 ποίου

2112 3115 2345 3185 πνεύμα
2353 3116 2448 3181 τός
2482 3116 2641 3170 ἐστε.

2181 3271 2243 3319 ε’.
2277 3265 2412 3319 Τότε
2439 3267 2537 3335 μὲν
2570 3265 2675 3336 γὰρ
2698 3267 2818 3336 οὐχ).
2837 3265 2935 3337 τὴν
2958 3265 3209 3319 ἀσέϐειαν
3245 3266 3427 3336 μόνον,
3446 3267 3684 3321 ἀλλὰκαὶ

2112 3350 2236 3410 τοὺς
2263 3347 2596 3411 ἀσεϐοῦντας
2626 3350 2821 3412 αὐτοὺς
2860 3352 3037 3418 μισεῖν
3064 3348 3398 3412 ἐκελεύοντο,
3423 3350 3511 3403 ῖνα
3546 3348 3619 3419 μὴ
3652 3352 3685 3419 ἡ

2114 3431 2267 3499 φιλία
2303 3432 2524 3503 ἀφορμὴ
2551 3433 2771 3503 γένηται
2808 3432 3148 3503 παρανομίας
3177 3432 3359 3495 αὐτοῖς
3381 3451 3393 3464 ·
3417 3431 3508 3485 διά
3535 3432 3689 3485 τοῦτο

2114 3516 2208 3568 καὶ
2237 3514 2336 3578 τὰς
2363 3515 2685 3584 συγγενείας
2714 3514 2950 3583 διέκοψε,
2992 3516 3086 3568 καὶ
3126 3516 3226 3578 τὰς
3255 3516 3558 3586 ἐπιμιξίας,
3596 3515 3690 3569 καὶ

2115 3596 2380 3651 πάντοθεν
2392 3597 2588 3661 αὐτοὺς
2602 3597 2769 3651 ἀπετε
2779 3598 2934 3667 ίχιζε·
2949 3595 3042 3649 νῦν
3053 3596 3111 3650 δὲ
3124 3597 3311 3668 ἐπειδὴ
3322 3598 3454 3668 πρὸς
3467 3597 3690 3669 μείζονα

2119 3681 2265 3750 ἡμᾶς
2294 3680 2467 3750 ἤγαγε
2494 3680 2829 3749 φιλοσοφίαν,
2848 3680 2942 3732 καὶ
2971 3679 3334 3751 ὑψηλοτέρους
3354 3681 3450 3750 τῆς
3480 3680 3693 3750 βλάϐης

2116 3761 2330 3832 ἐκείνης
2363 3763 2607 3832 ἐποίησε,
2637 3764 2731 3816 καὶ
2765 3761 3082 3831 προσίεσθαι
3110 3763 3206 3815 καὶ
3234 3761 3563 3833 παρακαλεῖν
3602 3780 3693 3817 κε-

2116 3843 2284 3899 λεύει.
2337 3846 2412 3899 Οὐ
2450 3844 2559 3916 γὰρ
2612 3847 2740 3916 ἡμῖν
2773 3843 2834 3909 ἐξ
2871 3845 3094 3899 ἐκείνων
3125 3845 3316 3915 βλάϐη,
3367 3844 3481 3899 ἀλλ’
3538 3846 3693 3899 ἐκεί-

2117 3945 2229 3990 νοις
2253 3927 2314 3991 ἐξ
2337 3927 2494 3998 ἡμῶν
2518 3927 2755 3995 ὠφέλεια
2785 3927 3014 3996 γίνεται.
3059 3928 3125 3980 Τί
3153 3924 3248 3981 οὖν
3277 3944 3471 3997 quam;
3502 3927 3577 3982 Οὐ
3608 3928 3695 3983 δεῖ

2121 4013 2319 4083 μισεῖν,
2347 4011 2461 4063 ἀλλ’
2493 4012 2681 4063 ἐλεεῖν.
2716 4012 2811 4064 "Av
2838 4013 2946 4082 γάρ
2992 4012 3249 4083 μισήσῃς,
3285 4012 3402 4077 πῶς
3432 4013 3698 4083 ἐπιστρέ-

2117 4095 2238 4165 ψεις
2264 4094 2459 4167 ῥᾳδίως
2485 4093 2575 4147 τὸν
2619 4093 3004 4164 πλανώμενον;
3058 4094 3176 4157 πῶς
3222 4093 3353 4167 εὔξῃ
3413 4096 3554 4168 ὑπὲρ
3598 4094 3699 4150 τοῦ

2119 4180 2383 4245 ἀπίστου;
2418 4179 2541 4232 Ὅτι
2574 4176 2680 4249 γὰρ
2712 4176 2965 4247 εὔχεσθαι
2989 4178 3090 4242 δεῖ,
3119 4177 3352 4233 ἄκουσον
3383 4179 3437 4232 τί
3474 4196 3642 4250 φησιν
3668 4181 3702 4233 6

2121 4263 2347 4326 Παῦλος·
2382 4258 2710 4329 Παρακαλῶ
2738 4257 2851 4314 οὖν
2872 4259 3107 4328 πρῶτον
3132 4260 3376 4317 πάντων
3398 4262 3705 4317 ποιεῖσθαι

2122 4345 2269 4417 [506]
2289 4343 2549 4411 δεήσεις,
2576 4345 2940 4412 προσευχὰς,
2960 4344 3280 4410 ἐντεύξεις,
3306 4345 3707 4413 εὐχαριστίας

2119 4431 2272 4497 ὑπὲρ
2305 4428 2545 4483 πάντων
2587 4426 2929 4493 ἀνθρώπων.
2970 4428 3091 4481 ’Ὁτι
3129 4428 3187 4480 δὲ
3219 4428 3419 4491 πάντες
3453 4428 3576 4481 τότε
3599 4430 3710 4483 οὐκ

2121 4507 2260 4584 ἦσαν
2301 4510 2504 4574 πιστοὶ,
2540 4509 2703 4562 παντί
2755 4526 2857 4562 που
2907 4508 3082 4580 δῆλον.
3140 4510 3251 4563 Καὶ
3302 4509 3485 4572 πάλιν,
3528 4510 3709 4578 ’Υπὲρ

2117 4594 2446 4659 βασιλέων,
2502 4592 2602 4645 καὶ
2654 4590 2771 4645 τῶν
2804 4592 2875 4645 ἐν
2911 4591 3180 4662 ὑπεροχῇ
3236 4591 3445 4647 ὄντων.
3484 4593 3613 4659 Ὅτι
3648 4592 3710 4645 δὲ

2124 4669 2269 4730 οὗτοι
2304 4674 2519 4738 ἀσεϐεῖς
2544 4669 2687 4746 ἦσαν
2715 4674 2810 4727 καὶ
2850 4675 3178 4746 παράνομοι,
3219 4676 3314 4728 καὶ
3353 4674 3512 4728 τοῦτο
3540 4673 3711 4745 δῆλον

2123 4762 2344 4831 ὁμοίως.
2380 4755 2515 4813 Εἶτα
2541 4760 2634 4813 καὶ
2675 4759 2773 4830 τὴν
2805 4760 2984 4812 αἰτίαν
3014 4760 3188 4826 λέγων
3235 4761 3337 4830 τῆς
3376 4760 3565 4830 εὐχῆς,
3600 4761 3709 4813 ἐπ-

2126 4843 2269 4912 άγει·
2301 4841 2477 4897 Τοῦτο
2498 4842 2606 4911 γὰρ
2627 4836 2824 4897 καλὸν
2837 4841 2937 4896 καὶ
2955 4842 3291 4896 ἀποδεκτόν
3314 4841 3574 4896 ἐνώπιον
3594 4842 3712 4896 τοῦ

2127 4926 2401 4995 Σωτῆρος
2431 4925 2601 4997 ἡμῶν
2635 4927 2802 4993 Θεοῦ,
2836 4926 2905 4992 ὅς
2938 4925 3169 4990 πάντας
3205 4923 3555 4992 ἀνθρώπους
3607 4923 3718 4978 θέ-

2125 5014 2215 5065 λει
2244 5008 2529 5078 σωθῆναι,
2577 5009 2675 5064 καί
2698 5012 2786 5076 εις
2816 5010 3145 5078 ἐπίγνωσιν
3167 5006 3455 5075 ἀληθείας
3477 5006 3715 5061 ἐλθεῖν.

2127 5093 2226 5147 Διά
2252 5093 2409 5147 τοῦτο
2437 5093 2540 5147 xiv
2560 5093 2588 5133 ι)
2616 5092 2895 5163 Ἑλληνίδα
2922 5094 3155 5159 γυναῖκα
3182 5089 3320 5162 εὕρῃ
3347 5088 3721 5144 συνοικοῦσαν

2127 5177 2326 5248 πιστῷ,
2371 5177 2432 5230 οὐ
2486 5174 2832 5244 διαζεύγνυσι
2887 5174 2978 5228 τὸν
3011 5174 3207 5243 γάμον·
3240 5172 3416 5226 καίτοι
3445 5187 3510 5239 γε
3539 5172 3601 5224 τί
3630 5174 3717 5227 οῖ-

2127 5261 2404 5331 κειότερον
2432 5259 2622 5330 ἀνδρὸς
2654 5258 2902 5326 γυναικί;
2946 5257 3226 5311 Ἔσονται
3261 5254 3371 5325 γάρ
3400 5256 3455 5308 οὶ
3479 5253 3595 5309 δύο
3626 5259 3725 5320 εἰς

2129 5343 2346 5413 σάρκα,
2383 5342 2540 5413 φησὶ,
2561 5342 2728 5411 μίαν·
2761 5340 2855 5396 καὶ
2886 5339 3021 5394 πολὺ
3068 5339 3129 5392 τὸ
3165 5337 3383 5409 φίλτρον
3436 5338 3569 5391 ἐκεῖ.
3616 5340 3726 5391 καὶ

2131 5424 2331 5498 θερμὸς
2357 5426 2385 5478 6
2417 5424 2601 5488 πόθος.
2635 5423 2699 5477 Et
2721 5423 2779 5475 δὲ
2814 5423 3100 5494 μέλλοιμεν
3137 5421 3356 5484 ἀσεϐεῖς
3402 5422 3589 5489 μισεῖν
3622 5423 3727 5475 καὶ

2133 5505 2605 5581 παρανομοῦντας,
2643 5506 2923 5577 προϊόντες
2951 5506 3046 5559 καὶ
3069 5502 3427 5573 ἁμαρτωλοὺς
3472 5504 3728 5573 μισήσο-

2137 5608 2257 5662 μεν,
2317 5591 2411 5645 καὶ
2463 5588 2637 5653 οὕτως
2690 5588 2792 5658 ὁδῷ
2845 5586 3151 5658 προϐαίνων
3187 5583 3427 5639 καὶτῶν
3459 5582 3729 5655 ἀδελφῶν

2200 5823 2226 5863 Iv
2257 5819 2515 5888 Legebatur
2538 5822 2613 5881 ἦν.
