3990 6168
368 311 464 368 $8!

369 431 531 484 etiam
548 440 650 498 ego
668 425 809 491 dico;
826 424 920 482 sed
937 424 1060 496 quia
1098 436 1195 494 per
1213 420 1450 478 alienum
1482 434 1637 476 suum
1657 418 1944 473 invenitur.

372 517 528 574 Miles
557 516 722 583 enim,
752 514 857 571 nisi
878 513 1078 570 bellum
1107 520 1257 584 gerat
1281 525 1379 580 pro
1417 510 1482 565 iis
1512 509 1603 580 qui
1636 510 1810 578 ipsum
1854 523 1952 563 nu-

381 611 550 665 triunt
571 651 588 674 ,
621 623 726 664 non
754 607 915 662 habet
940 606 1028 676 qui
1073 603 1175 659 hoc
1207 604 1305 673 ipsi
1349 602 1618 657 ministret
1647 617 1661 654 :
1689 601 1777 655 hic
1826 614 1955 655 vero

380 718 583 767 rursus,
607 702 706 756 nisi
737 700 961 755 militem
981 698 1123 762 alat,
1159 713 1263 751 non
1292 696 1452 751 habet
1477 695 1568 764 qui
1598 708 1657 748 se
1682 692 1951 748 defendat.

387 795 626 850 Vidistin‘
647 794 922 848 caritatem
954 790 1152 859 ubique
1197 799 1472 844 extensam
1502 797 1557 841 et
1583 785 1760 840 omnia
1786 784 1957 838 admio

381 887 688 941 nistrantcm
708 883 731 936 ?
751 881 856 938 Sed
884 896 952 936 ne
996 879 1306 948 defatigeris
1334 878 1507 932 donec
1554 876 1690 930 hanc
1740 889 1954 929 auream

374 985 614 1030 catenam
641 973 918 1030 didiceris.
950 972 1083 1026 Cum
1113 970 1339 1025 dixisset
1381 969 1526 1023 enim
1552 1009 1567 1032 ,
1616 965 1738 1021 Non
1778 963 1957 1034 qmcrit

371 1082 486 1135 qua:
507 1082 604 1120 sua
636 1074 776 1128 sunt,
798 1064 930 1120 dicit
967 1076 1156 1117 rursus
1180 1060 1320 1115 bona
1347 1074 1469 1129 qua:
1495 1057 1616 1113 inde
1641 1066 1956 1112 nascuntur.

370 1163 627 1229 Quasnam
659 1159 792 1214 illa?
823 1157 947 1213 Non
968 1158 1217 1220 irritatur,
1250 1170 1352 1208 non
1372 1153 1559 1224 cogitat
1583 1150 1794 1205 malum.
1828 1148 1958 1203 Vide

373 1238 591 1309 rursum
617 1267 736 1307 eam
765 1265 872 1304 non
898 1249 1070 1305 solum
1094 1249 1146 1303 in
1175 1248 1355 1301 vitim
1383 1247 1667 1315 imperare,
1688 1243 1781 1298 sed
1794 1243 1955 1298 etiam

375 1360 484 1400 non
512 1344 693 1399 sinere
715 1351 773 1396 ut
797 1343 915 1408 ejus
942 1340 1222 1410 imperium
1246 1338 1523 1393 consistat.
1553 1335 1667 1390 Non
1698 1334 1843 1390 enim
1871 1333 1957 1389 di-

375 1436 476 1500 xit,
493 1434 739 1489 lrritatur
753 1432 986 1503 quidem,
1004 1431 1098 1486 sed
1125 1437 1378 1500 superat;
1410 1426 1528 1494 sed,
1554 1425 1669 1482 Non
1691 1425 1955 1491 irritatur;

376 1539 558 1596 neque
583 1523 736 1589 dixit,
765 1521 881 1578 Non
925 1531 1174 1591 operatur
1225 1520 1445 1584 malum,
1501 1517 1618 1582 sed,
1639 1516 1718 1572 Ne
1763 1516 1961 1587 cogitat

380 1618 618 1690 quidem.
648 1617 787 1671 Nihil
825 1615 968 1671 enim
999 1614 1124 1669 mali
1149 1629 1253 1666 non
1278 1611 1437 1666 modo
1458 1625 1563 1665 non
1590 1618 1833 1678 apparat,
1866 1605 1960 1661 sed

384 1727 455 1767 ne
483 1708 787 1780 suspicatur
836 1705 1051 1776 quidem
1105 1703 1362 1758 adversus
1409 1716 1534 1756 eum
1572 1701 1664 1771 qui
1707 1699 1957 1769 diligitur.

384 1800 669 1869 Quomodo
703 1814 836 1870 ergo
876 1807 1094 1867 operata
1144 1793 1309 1850 fuerit
1331 1834 1345 1859 ,
1377 1803 1469 1848 aut
1493 1790 1762 1862 quomodo
1785 1790 1956 1846 irrite-

388 1904 494 1958 tnr,
527 1907 649 1963 qua:
687 1904 755 1945 ne
803 1889 1162 1959 suspicionem
1204 1885 1420 1957 quidem
1472 1884 1665 1939 malam
1694 1883 1962 1953 suspicere

384 1983 533 2047 velit,
566 1980 708 2035 unde
729 1978 852 2034 fons
876 1989 959 2035 est
980 1978 1177 2032 amoris
1193 1977 1220 2031 ἵ
1245 1976 1297 2031 6.
1333 1973 1454 2030 Non
1477 1974 1663 2045 gaudet
1684 1990 1837 2044 super
1862 1974 1962 2027 ini-

379 2074 588 2143 quitate.
634 2071 753 2127 [loc
772 2077 876 2135 est,
906 2084 1013 2124 non
1040 2069 1143 2138 ipsi
1189 2069 1361 2137 placet
1386 2065 1526 2136 quod
1552 2066 1643 2121 alii
1684 2066 1826 2121 male
1866 2080 1963 2135 pa~

384 2166 587 2219 tiantur
619 2180 631 2215 :
663 2177 837 2232 neque
863 2161 964 2217 hoc
995 2167 1198 2214 tantum
1222 2200 1235 2220 ,
1265 2157 1361 2212 sed
1391 2158 1533 2227 quod
1582 2158 1739 2227 longe
1790 2156 1967 2227 majus

381 2262 489 2321 est,
512 2251 803 2323 Congaudet
826 2261 995 2305 autem
1014 2249 1212 2304 ueritati
1242 2246 1418 2319 (Rom.
1447 2247 1535 2302 12.
1566 2247 1680 2318 15).
1712 2245 1965 2302 ατειιιιιει-

384 2356 490 2410 tur,
532 2346 724 2416 inquit,
757 2344 843 2408 iis,
874 2345 963 2414 qui
1004 2342 1143 2396 bene
1171 2356 1282 2395 rem
1313 2347 1536 2410 gemat;
1569 2339 1621 2393 id
1646 2338 1788 2417 quod
1835 2339 1967 2394 dicit

384 2439 580 2495 Paulus
612 2455 626 2493 :
668 2437 903 2492 Gaudere
924 2452 1043 2490 cum
1060 2434 1401 2505 gaudentibus
1420 2474 1436 2499 ,
1468 2443 1516 2489 et
1541 2435 1663 2503 flere
1688 2448 1800 2486 cum
1832 2433 1966 2501 ﬂen-

386 2529 534 2584 tibus.
565 2528 703 2584 Hinc
729 2542 835 2582 non
861 2526 1168 2591 aemulatur,
1198 2524 1325 2579 hinc
1347 2538 1453 2578 non
1474 2522 1691 2578 inﬂatur
1727 2540 1742 2577 :
1772 2524 1967 2578 etenim

388 2620 561 2676 aliena
591 2619 728 2675 bona
752 2632 849 2674 sua
880 2631 1001 2672 esse
1024 2617 1316 2671 existimat.
1334 2613 1522 2669 Viden‘
1543 2613 1817 2683 quomodo
1829 2615 1968 2671 cari-

390 2725 471 2769 tas
524 2714 799 2769 alumnum
825 2725 985 2766 suum
1012 2708 1265 2779 paulatim
1315 2707 1561 2778 angelum
1589 2705 1784 2762 iaciat?
1837 2706 1968 2763 Cum

391 2805 533 2860 enim
574 2805 668 2860 ira:
681 2817 877 2871 expers
902 2802 995 2868 sit,
1022 2802 1091 2856 ab
1111 2800 1306 2856 invidia
1338 2816 1522 2871 purus,
1547 2810 1599 2855 et
1630 2800 1698 2854 ab
1714 2800 1860 2855 omni
1891 2809 1973 2871 ty-

392 2896 613 2952 rannieo
652 2897 786 2951 vitio
812 2895 948 2950 liber
970 2933 987 2960 ,
1015 2893 1188 2963 cogita
1220 2892 1367 2947 illum
1396 2892 1464 2948 ab
1505 2892 1736 2946 humana
1782 2899 1971 2945 natura

392 2988 697 3054 abductum,
727 2985 796 3041 ad
823 2986 993 3056 ipsam
1032 2984 1341 3054 angelorum
1371 2983 1849 3052 impassibilitatem
1876 2998 1974 3051 ap-

395 3079 613 3150 pulisse.
661 3080 912 3133 Attamen
943 3092 1048 3132 non
1098 3076 1183 3130 his
1224 3086 1508 3131 contentus
1555 3084 1675 3141 cst,
1724 3075 1817 3131 sed
1847 3074 1973 3144 quid

394 3174 555 3227 etiam
607 3170 690 3226 his
716 3170 889 3239 majus
913 3167 1196 3223 dicendum
1226 3168 1383 3222 habet
1411 3184 1426 3222 :
1455 3182 1578 3221 nam
1603 3182 1723 3237 qua:
1755 3166 1974 3220 fortiora

397 3270 523 3316 sunt
563 3270 837 3331 postremo
865 3259 1036 3325 ponit.
1069 3258 1406 3328 Quapropter
1433 3258 1563 3312 dicit
1595 3274 1608 3310 :
1643 3256 1828 3310 Omnia
1867 3258 1978 3327 suf-

404 3349 519 3416 fert.
560 3354 604 3405 Α
632 3351 911 3420 patientia,
948 3364 979 3403 a
1004 3348 1446 3412 mansuetudine;
1498 3349 1610 3402 sive
1638 3346 1978 3401 contuimelite

404 3441 535 3507 sint,
558 3441 671 3497 sive
699 3442 884 3512 plagae,
911 3441 1025 3496 sive
1044 3456 1211 3505 mors,
1229 3440 1343 3495 sive
1368 3438 1578 3509 quidvis
1598 3437 1773 3492 aliud.‘
1789 3439 1853 3492 Et
1879 3436 1981 3490 hoc

404 3545 594 3586 rursus
617 3545 681 3587 ex
705 3531 856 3588 beato
868 3532 1063 3587 Davide
1086 3531 1317 3601 perspici
1336 3540 1532 3599 potest.
1555 3528 1691 3596 Quid
1705 3528 1846 3582 enim
1874 3542 1980 3582 mo-

400 3623 594 3678 lestius
614 3633 715 3686 est,
747 3640 901 3692 quam
928 3623 1111 3678 videre
1134 3623 1300 3676 tilium
1331 3621 1691 3690 insurgentem
1719 3626 1775 3673 et
1797 3630 1980 3690 tyran-

397 3715 579 3772 nidem
591 3714 922 3770 all'ectantem
938 3724 1324 3784 paternumque
1342 3711 1651 3781 sanguinem
1675 3709 1941 3764 sitientem
1958 3708 1982 3762 ?

392 3807 501 3864 Sed
531 3815 589 3863 et
608 3805 713 3862 hoc
739 3805 859 3861 tulit
884 3806 1069 3861 beatus
1092 3805 1215 3869 ille;
1241 3818 1410 3873 neque
1452 3802 1523 3854 ita
1558 3800 1981 3855 sustinuitacer-

395 3898 522 3953 bum
545 3897 771 3953 verbum
791 3896 1039 3952 emittere
1055 3907 1240 3950 contra
1268 3891 1609 3965 parricidam,
1628 3891 1720 3946 sed
1734 3905 1853 3945 cum
1878 3890 1981 3943 alia

395 3989 575 4043 omnia
592 3987 715 4044 belli
731 3986 959 4042 ducibus
980 3985 1355 4050 commisisset,
1377 3982 1627 4052 proillius
1644 3982 1814 4036 salute
1826 3995 1907 4034 ma
1917 3997 1979 4033 n-

396 4081 520 4137 data
541 4080 733 4145 dabat;
764 4080 975 4134 firmum
1003 4078 1146 4133 enim
1173 4086 1286 4133 erat
1311 4075 1978 4132 caritatisfundamentum.

399 4171 625 4245 Ideoque
659 4171 840 4226 omnia
872 4170 1092 4235 suffert;
1125 4169 1321 4225 ethinc
1341 4168 1555 4236 quidem
1589 4165 1705 4235 ejus
1732 4166 1980 4220 virtutem

398 4263 725 4329 subindicat,
758 4263 1048 4318 bonitatem
1077 4270 1255 4315 autem
1288 4274 1383 4328 per
1407 4274 1470 4314 ea
1499 4274 1618 4328 qum
1648 4267 1943 4327 sequuntur
1967 4274 1978 4309 :

402 4371 524 4409 nam
546 4357 641 4419 ait,
676 4354 864 4410 Omnia
902 4364 1094 4425 sperat,
1125 4353 1297 4407 omnia
1331 4350 1519 4413 credit,
1557 4350 1725 4403 omnia
1753 4352 1979 4403 sustinet.

401 4447 538 4513 Quid
562 4456 666 4506 est.
701 4445 888 4501 Omnia
912 4456 1078 4514 sperat
1102 4446 1127 4498 ?
1157 4445 1230 4499 De
1251 4443 1408 4498 bouis
1427 4442 1869 4513 quibuscumque,
1904 4442 1984 4495 in-

401 4538 535 4606 quit,
576 4537 755 4593 dilecti
780 4538 863 4591 sui
893 4552 998 4592 non
1024 4535 1309 4607 desperat;
1342 4534 1437 4590 sed
1465 4532 1674 4589 etiamsi
1703 4533 1789 4588 ille
1816 4532 1985 4587 malus

402 4630 492 4694 sit,
524 4639 805 4698 permanet
825 4628 973 4683 illum
1000 4629 1293 4698 corrigens,
1322 4625 1626 4697 providens,
1665 4639 1847 4679 curam
1889 4639 1984 4693 ge-

400 4734 546 4775 rens.
574 4717 760 4773 Omnia
774 4720 949 4774 credit.
975 4718 1092 4774 Non
1109 4719 1277 4773 solum
1294 4718 1436 4774 enim
1454 4728 1654 4787 sperat,
1676 4715 1866 4786 inquit,
1890 4713 1983 4769 sed

400 4810 564 4867 etiam
591 4811 786 4879 credit,
801 4827 866 4867 ex
885 4825 952 4866 eo
970 4812 1110 4881 quod
1126 4810 1278 4865 valde
1291 4818 1436 4864 amet
1459 4826 1472 4861 :
1489 4809 1695 4864 etiamsi
1715 4808 1829 4863 haec
1848 4807 1985 4862 bona

400 4917 510 4959 non
538 4903 834 4959 secundum
863 4919 1014 4973 spem
1043 4901 1353 4968 succedant,
1374 4901 1467 4957 sed
1481 4902 1689 4957 etiamsi
1707 4901 1796 4956 ille
1817 4900 1985 4955 mole.

399 4997 536 5052 stior
564 4997 656 5061 sit,
683 5011 745 5052 ea
786 4998 946 5053 etiam
975 4998 1096 5052 fert.
1128 4997 1315 5051 Omnia
1343 4995 1488 5051 enim
1518 4996 1753 5063 sustinet,
1790 4995 1981 5065 inquit.

397 5088 452 5143 8.
483 5086 689 5143 Caritas
717 5104 992 5159 numquam
1017 5087 1221 5143 excidit.
1255 5087 1502 5142 Vidistin‘
1525 5085 1740 5156 quando
1766 5087 1981 5141 comni-

398 5180 523 5236 dem
557 5180 893 5250 imposuerit,
916 5190 970 5237 et
996 5182 1136 5253 quod
1168 5181 1220 5236 in
1247 5181 1349 5236 hoc
1376 5179 1519 5235 dono
1542 5180 1711 5250 magis
1730 5179 1984 5235 eximium

397 5274 509 5330 sit?
538 5274 678 5342 Quid
712 5276 854 5331 enim
890 5275 993 5332 sibi
1019 5275 1155 5342 vult,
1184 5273 1305 5330 Non
1328 5274 1556 5330 cecidit?
1583 5273 1699 5328 Non
1727 5272 1983 5327 discindi-

401 5378 506 5435 tur,
539 5384 645 5424 non
686 5369 998 5426 dissolvitur
1017 5369 1268 5426 ferendo:
1289 5380 1434 5425 amat
1460 5370 1603 5425 enim
1628 5368 1827 5424 omnia.
1852 5367 1985 5423 Nam

401 5461 491 5529 qui
521 5470 688 5527 amat,
731 5476 1023 5533 numquam
1047 5462 1226 5518 odisse
1251 5465 1438 5531 possit,
1485 5459 1741 5532 quidquid
1788 5459 1985 5516 factum

402 5550 566 5607 fuerit
588 5568 604 5604 :
630 5551 735 5609 lzoc
762 5555 960 5625 quippe
990 5564 1074 5611 est
1097 5555 1387 5609 maximum
1411 5553 1574 5624 ipsius
1593 5554 1811 5610 bonum.
1843 5554 1988 5608 Talis

403 5656 515 5700 erat
544 5646 786 5704 Paulus:
821 5649 1048 5719 ideoque
1086 5647 1319 5713 dicebat,
1349 5646 1411 5702 Si
1448 5663 1547 5714 quo
1598 5647 1748 5700 modo
1799 5664 1982 5714 provo-

407 5751 510 5791 cem
556 5739 625 5794 ad
650 5741 994 5797 wmulandum
1023 5757 1225 5797 carnem
1254 5756 1413 5795 meam
1439 5738 1615 5809 (Hom.
1650 5742 1673 5796 1
1686 5742 1734 5796 ι.
1771 5742 1881 5810 li),
1933 5752 1987 5798 et

1362 305 1428 362 ΙΝ
1467 303 1682 361 EPIST.
1726 302 1744 355 1
1794 302 1901 354 Ml
1939 300 2092 355 (10R.
2137 301 2366 358 unum.
2409 302 2648 358 XXXIII.

3535 310 3643 365 282

2058 433 2287 487 sperans
2326 422 2542 476 mansit.
2593 420 2662 476 Et
2690 421 3028 479 Timotheum
3058 423 3370 481 hortabatur
3415 424 3643 482 dicens:

2059 508 2267 565 Servum
2294 521 2461 565 autem
2499 510 2703 566 Domini
2730 528 2831 567 nou
2877 524 3076 583 oportet
3114 530 3360 586 pugnare,
3387 517 3477 570 sed
3498 532 3647 570 men-

2059 610 2257 653 suetum
2285 616 2391 655 esse
2413 602 2483 654 ad
2525 617 2721 667 omnes,
2753 604 2809 658 in
2837 605 3085 660 modestia
3124 605 3430 660 erudientcm
3459 622 3543 660 eos
3562 614 3650 677 qui

2060 691 2296 745 resistunt
2337 694 2537 747 Μίθαιὶ
2557 734 2574 760 ,
2615 711 2681 749 an
2711 696 2843 763 forte
2880 698 2960 753 det
2988 698 3093 752 illis
3130 697 3272 753 Deus
3307 698 3645 770 cognitionem

2062 782 2281 836 veritatis
2335 782 2410 853 (2.
2437 782 2572 837 Tim.
2596 784 2653 838 2.
2676 785 2767 842 24.
2790 785 2906 858 25).
2954 788 3091 855 Quid
3136 804 3298 858 ergo,
3342 791 3567 861 inquies,
3601 790 3645 845 si

2062 870 2262 925 inimici
2282 876 2396 930 sint
2423 884 2477 929 et
2500 875 2751 944 gentiles,
2783 891 2961 932 annon
2977 878 3159 935 odisse
3174 880 3438 950 oportuit?
3456 879 3649 936 Odisse

2062 964 2301 1033 quidem,
2351 982 2459 1020 non
2486 967 2629 1033 illos,
2661 968 2757 1024 sed
2783 968 3008 1040 dogma;
3060 986 3167 1026 non
3208 966 3499 1041 hominem,
3553 973 3651 1030 sed

2065 1054 2259 1109 malum
2288 1070 2447 1124 opus,
2475 1067 2787 1127 corruptum
2812 1060 3072 1115 animum.
3098 1060 3272 1116 Homo
3299 1078 3528 1133 namque
3566 1075 3649 1120 est

2062 1158 2197 1213 Opus
2227 1145 2342 1212 Dei,
2375 1161 2530 1202 error
2555 1158 2735 1204 autem
2766 1163 2901 1219 opus
2921 1150 3140 1206 diaboli.
3162 1151 3239 1207 Ne
3262 1168 3393 1223 ergo
3419 1157 3651 1211 misceas

2063 1251 2125 1291 ea
2150 1252 2272 1307 quae
2294 1239 2387 1293 Dei
2417 1248 2563 1305 sunt,
2585 1249 2640 1295 ct
2660 1257 2781 1312 qua!
2805 1241 3025 1297 diaboli.
3052 1242 3186 1298 Nam
3215 1242 3385 1300 Judaei
3415 1259 3565 1302 erant
3594 1258 3650 1304 et

2064 1326 2361 1398 blasphemi
2382 1339 2437 1385 et
2459 1340 2877 1402 persequutores
2897 1342 2953 1389 et
2978 1334 3375 1402 contumeliosi,
3404 1337 3651 1394 innume-

2066 1435 2228 1490 raqne
2253 1420 2321 1475 de
2344 1420 2562 1479 Christo
2591 1424 2842 1480 dicebant
2872 1425 3008 1480 mala
3044 1438 3057 1479 :
3086 1441 3286 1498 ergone
3313 1428 3436 1484 illos
3464 1429 3652 1486 oderat

2064 1516 2261 1572 Paulus
2281 1558 2297 1584 ,
2323 1518 2413 1588 qui
2441 1520 2675 1574 maxime
2701 1521 2939 1577 omnium
2969 1521 3247 1578 Christum
3277 1525 3525 1580 amabat?
3546 1524 3650 1582 Ne-

2065 1623 2355 1679 quaquam,
2389 1611 2497 1665 imo
2523 1621 2578 1666 et
2603 1612 2835 1679 amabat,
2860 1622 2917 1668 et
2939 1610 3118 1667 omnia
3147 1630 3243 1683 pro
3270 1615 3398 1685 ipsis
3423 1615 3646 1687 agebat:

2064 1709 2118 1754 et
2148 1716 2288 1755 nunc
2317 1700 2535 1770 quidem
2566 1700 2719 1768 dicit,
2785 1702 3035 1757 Voluntas
3059 1705 3262 1773 quidem
3291 1714 3337 1758 et
3362 1705 3651 1772 deprecatio

2065 1807 2177 1846 mea
2194 1792 2264 1845 ad
2284 1791 2448 1846 Deum
2469 1792 2525 1861 ﬁt
2541 1810 2635 1864 pro
2663 1793 2765 1847 illis
2789 1796 2858 1846 ad
2882 1795 3098 1849 salutem
3118 1795 3395 1863 (Rom.i0.
3410 1796 3490 1866 1);
3510 1812 3650 1852 nunc

2067 1893 2269 1948 autem,
2305 1882 2558 1953 Optabam
2582 1885 2859 1940 anathema
2886 1902 2994 1941 esse
3033 1902 3067 1939 a
3118 1885 3325 1940 Christo
3374 1903 3467 1956 pro
3524 1888 3648 1958 ipsis

2069 1975 2243 2045 (llam.
2286 1975 2339 2031 9.
2373 1977 2452 2043 ‘5).
2475 1975 2565 2032 Sic
2593 1986 2647 2032 et
2677 1976 2932 2033 Ezechiel
2974 1975 3161 2032 videns
3188 1991 3282 2033 eos
3308 1978 3476 2034 occidi
3504 1978 3649 2033 dice-

2069 2067 2156 2121 bat
2183 2085 2195 2117 :
2227 2065 2328 2121 Hei
2348 2067 2473 2121 mihi
2490 2109 2507 2134 ,
2538 2066 2771 2135 Domine,
2799 2067 2937 2123 deles
2958 2078 3012 2121 tu
3038 2084 3123 2122 eos
3145 2069 3231 2139 qui
3254 2080 3371 2123 sunt
3391 2071 3571 2139 reliqui
3593 2086 3657 2125 es:

2069 2156 2235 2211 Israel
2261 2156 2471 2227 (Ezecb.
2503 2157 2558 2213 9.
2588 2158 2690 2227 8)?
2717 2170 2770 2213 et
2800 2159 3047 2230 Moyses:
3084 2158 3145 2214 Si
3189 2160 3391 2230 quidem
3437 2146 3655 2215 dimittis

2068 2250 2171 2304 illis
2196 2260 2474 2321 peccatum,
2506 2251 2702 2304 dimitte
2729 2249 2926 2322 (Exod.
2950 2250 3040 2307 '52.
3064 2252 3177 2322 3i).
3208 2251 3346 2320 Quid
3376 2267 3504 2322 ergo
3527 2252 3657 2306 dicit

2074 2341 2281 2397 David?
2330 2342 2531 2412 Eosqui
2565 2343 2781 2397 oderunt
2808 2353 2875 2412 te,
2904 2341 3141 2410 Domine,
3168 2345 3398 2411 oderam,
3439 2354 3486 2399 et
3504 2361 3657 2415 super

2069 2436 2311 2490 inimicos
2350 2446 2462 2490 tuos
2494 2437 2805 2492 tabescebam
2831 2454 2850 2491 :
2880 2441 3099 2509 perfecto
3128 2437 3248 2493 odio
3289 2438 3497 2493 oderant
3541 2438 3659 2492 illos

2077 2526 2247 2596 (Psal.
2276 2526 2399 2582 158.
2431 2526 2521 2582 21.
2545 2526 2659 2598 22).
2689 2528 2848 2597 Atqui
2875 2544 2981 2582 non
3012 2528 3211 2595 omnia,
3242 2543 3361 2599 qua:
3384 2542 3413 2582 a
3447 2528 3649 2583 Davide

2075 2624 2127 2674 in
2160 2619 2387 2675 Psalmis
2408 2620 2549 2675 dicta
2568 2629 2713 2682 sunt,
2738 2636 2802 2675 ex
2831 2635 3057 2688 persona
3091 2622 3304 2675 Davidis
3323 2630 3444 2676 sunt
3466 2621 3609 2675 dicta
3637 2639 3650 2674 :

2073 2714 2269 2767 etenim
2299 2713 2385 2767 hic
2415 2714 2528 2781 ipse
2559 2712 2705 2778 dicit,
2734 2713 3142 2768 Tabernaculum
3170 2715 3262 2783 ﬁxi
3286 2730 3401 2767 eum
3427 2713 3656 2768 taberna-

2074 2808 2203 2862 culis
2227 2806 2421 2868 Cedar;
2458 2815 2532 2873 et,
2567 2806 2738 2877 Super
2756 2808 2970 2876 ﬂumina
2993 2805 3273 2877 Babylonis
3297 2806 3405 2861 illic
3434 2806 3657 2861 sedimus

2077 2909 2124 2953 et
2152 2901 2380 2971 ﬂeuimus
2401 2897 2572 2971 (Psal.
2607 2898 2734 2954 119.
2765 2900 2818 2953 5.
2841 2908 2888 2953 et
2916 2898 3150 2967 156.1);
3175 2911 3350 2968 neque
3374 2912 3503 2952 vero
3531 2896 3663 2951 vidit

2078 2992 2446 3064 Babylonem,
2506 3006 2680 3059 neque
2732 2990 3073 3046 tabernacula
3131 2989 3306 3045 Cedar
3358 3006 3372 3042 :
3429 2988 3663 3058 alioquin

2078 3084 2236 3139 etiam
2258 3098 2400 3138 nunc
2416 3082 2587 3152 major
2609 3098 2637 3136 a
2660 3083 2814 3137 nobis
2842 3082 3069 3152 exigitur
3094 3079 3661 3151 philosophia.Quam-

2079 3177 2287 3240 obrcm,
2343 3175 2654 3247 rogantibus
2684 3174 2960 3245 discipulis
2986 3185 3043 3229 ut
3074 3173 3447 3229 demitteretur
3490 3172 3658 3242 ignis,

2079 3280 2139 3323 ut
2160 3277 2401 3338 tempore
2424 3267 2577 3332 Elite,
2602 3265 2844 3333 Nescitis,
2869 3265 3041 3336 inquit
3085 3264 3347 3326 Christus.
3372 3267 3515 3324 cuius
3548 3262 3660 3331 spi-

2080 3361 2206 3414 ritus
2235 3360 2349 3413 cstis
2377 3357 2523 3427 (Luc.
2554 3357 2607 3412 9.
2638 3358 2751 3428 55).

2160 3452 2215 3507 5.
2250 3450 2404 3507 Tunc
2432 3453 2577 3507 enim
2619 3466 2726 3504 non
2772 3452 3100 3520 impietatem
3144 3451 3334 3515 modo,
3363 3450 3457 3504 sed
3481 3449 3657 3504 'etiam

2092 3544 2288 3613 impios
2312 3544 2462 3613 ipsos
2491 3542 2675 3597 odisse
2700 3543 3052 3612 jubebantur,
3078 3558 3145 3595 ne
3168 3541 3407 3596 amicitia
3435 3541 3661 3596 occasio

2092 3636 2227 3705 ipsis
2258 3645 2403 3690 esset
2447 3634 2776 3704 iniquitatis;
2819 3634 3049 3704 ideoque
3081 3634 3436 3705 cognationes
3478 3633 3658 3690 absci-

2093 3729 2175 3783 dit
2223 3738 2277 3784 et
2326 3728 2759 3794 commixtiones,
2800 3736 2853 3783 et
2899 3727 3137 3799 undique
3185 3728 3309 3784 illos
3355 3728 3655 3783 muniebat.

2093 3817 2248 3874 Nunc
2280 3826 2489 3885 autem,
2521 3818 2646 3890 quia
2681 3818 2747 3873 ad
2786 3816 3046 3888 majorem
3087 3833 3190 3874 nos
3228 3819 3381 3872 duxit
3419 3818 3659 3889 philoso-

2084 3909 2261 3979 phiam
2281 3918 2336 3964 et
2362 3909 2683 3965 excelsiores
2712 3910 2909 3982 posuit,
2925 3924 3083 3981 quam
3098 3918 3155 3963 ut
3170 3907 3367 3963 damno
3379 3906 3506 3962 hinc
3525 3904 3664 3959 allici

2086 4016 2382 4069 possemus,
2404 4009 2459 4056 et
2484 4001 2767 4056 admittere
2787 4015 2881 4057 eos
2902 4009 2956 4055 et
2978 3999 3245 4056 consolari
3274 4000 3443 4070 jubet.
3475 3997 3663 4067 Neque

2083 4093 2225 4148 enim
2249 4092 2404 4147 nobis
2431 4092 2500 4146 ab
2528 4092 2631 4147 illis
2672 4093 2950 4159 damnum,
2978 4092 3073 4148 sed
3103 4092 3209 4146 illis
3229 4107 3258 4144 a
3282 4090 3436 4145 nobis
3466 4090 3667 4144 utilitas

2085 4183 2348 4254 provenit.
2369 4183 2507 4251 Quid
2524 4184 2792 4253 crgodicit
2806 4186 2828 4237 ‘?
2846 4183 2962 4239 Non
2986 4192 3197 4252 Oportet
3223 4181 3421 4243 odisse,
3447 4180 3540 4235 sed
3564 4181 3667 4232 mi-

2085 4275 2278 4330 sereri.
2301 4275 2354 4330 Si
2382 4274 2522 4328 enim
2545 4274 2743 4336 oderis,
2765 4274 3035 4344 quomodo
3066 4283 3337 4327 errantem
3360 4271 3515 4325 facile
3540 4285 3668 4322 t-on-

2087 4366 2299 4420 vertes‘l
2327 4365 2594 4434 quomodo
2614 4364 2794 4418 orabis
2815 4380 2911 4433 pro
2936 4363 3172 4417 infideli?
3202 4362 3331 4415 Nam
3352 4359 3492 4430 quod
3515 4374 3670 4413 orare

2086 4465 2349 4527 Oporteat,
2378 4457 2499 4510 audi
2529 4456 2653 4526 quid
2685 4455 2828 4510 dicat
2854 4455 3050 4510 Paulus
3080 4474 3094 4509 :
3126 4454 3344 4508 Obsecro
3384 4453 3539 4523 igitur
3562 4451 3669 4519 pri-

2086 4564 2224 4602 munt
2248 4549 2474 4601 omnium
2502 4548 2615 4618 ﬁeri
2634 4546 3023 4611 obsecrationes,
3063 4546 3337 4608 orationes,
3369 4541 3665 4613 postulatio-

2087 4658 2196 4705 nes,
2224 4641 2502 4712 gratiarum
2523 4641 2745 4695 actiones
2762 4657 2853 4709 pro
2874 4638 3106 4693 omnibus
3127 4636 3410 4692 hominibus
3427 4637 3476 4707 (i
3494 4678 3506 4689 .
3533 4634 3665 4689 Tim.

2086 4733 2140 4787 2.
2173 4735 2224 4788 1.
2246 4735 2324 4804 2).
2347 4733 2500 4801 Quod
2527 4741 2706 4787 autem
2733 4741 2858 4785 tunc
2888 4746 2993 4785 non
3022 4744 3210 4784 omnes
3235 4727 3418 4783 ﬁdeles
3467 4735 3669 4788 essent,

2088 4828 2257 4882 cuivis
2285 4827 2624 4881 manifestum
2662 4835 2766 4878 est.
2794 4826 2860 4878 lit
2892 4839 3122 4887 rursum,
3149 4823 3255 4878 Pro
3280 4822 3498 4894 regibus,
3534 4829 3583 4874 et
3610 4821 3672 4874 iis

2087 4921 2174 4990 qui
2216 4920 2271 4973 in
2318 4919 2564 4989 dignitate
2602 4918 2860 4972 constituti
2889 4929 3026 4973 sunt.
3059 4918 3210 4985 Quod
3249 4931 3408 4986 porro
3440 4916 3491 4968 hi
3524 4916 3672 4984 impii

2088 5019 2271 5067 essent
2313 5018 2368 5064 et
2413 5008 2598 5078 iniqui,
2654 5007 2756 5062 hoc
2783 5008 2906 5063 item
2939 5022 3278 5078 perspicuum
3329 5015 3429 5059 (δεῖ.
3465 5005 3669 5060 Deinde

2090 5115 2306 5157 causam
2333 5114 2547 5170 quoque
2567 5100 2826 5154 orationis
2844 5100 3051 5163 dicens,
3074 5098 3378 5167 sulijungit:
3409 5096 3520 5152 Iloc
3541 5098 3672 5151 enim

2092 5195 2275 5247 bonum
2315 5203 2391 5246 est
2435 5203 2480 5246 et
2508 5202 2774 5260 acceptum
2810 5192 2863 5246 in
2907 5207 3177 5259 conspectu
3204 5191 3486 5246 Saluatoris
3514 5194 3674 5246 nostri

2089 5283 2209 5351 Dei,
2237 5284 2326 5355 qui
2354 5299 2526 5338 omnes
2566 5283 2792 5337 homines
2817 5283 2922 5336 vult
2946 5283 3111 5338 salvos
3131 5284 3258 5352 ﬁeri,
3291 5293 3336 5337 et
3362 5287 3429 5338 ad
3457 5284 3675 5355 agnitio-

2090 5396 2204 5434 nem
2234 5379 2456 5434 veritatis
2484 5379 2654 5432 venire
2682 5376 2847 5447 (Ibid.
2878 5394 2926 5432 υ.
2954 5378 3010 5432 5.
3056 5376 3133 5449 4).
3180 5378 3302 5433 Ideo
3341 5378 3385 5431 si
3416 5377 3667 5446 gentilcm

2092 5471 2370 5526 mulierem
2398 5468 2662 5524 invenerit
2683 5483 2802 5523 cum
2828 5467 2967 5524 fideli
2994 5467 3339 5530 habitantem,
3370 5484 3472 5521 non
3514 5466 3667 5517 solvit

2092 5560 2397 5632 conjugium
2423 5577 2434 5610 :
2464 5575 2781 5630 quamquam
2804 5559 2932 5630 quid
2963 5567 3045 5614 est
3074 5559 3280 5613 mulieri
3304 5558 3418 5611 viro
3443 5555 3669 5622 conjun-

2092 5652 2265 5707 ctius?
2298 5648 2461 5705 Erunt
2504 5652 2644 5706 enim
2705 5652 2805 5704 duo
2851 5651 2902 5704 in
2947 5667 3098 5704 carne
3149 5665 3249 5699 una
3277 5646 3424 5713 (Gen.
3452 5644 3507 5697 2.
3531 5643 3667 5706 ‘24):

2095 5760 2387 5814 magnaque
2434 5752 2513 5800 est
2540 5743 2647 5798 illic
2677 5744 2974 5797 animorum
3012 5737 3320 5805 conjuuclio
3369 5743 3424 5791 et
3457 5736 3671 5793 fervens
