3990 6168
392 310 502 367 983

392 442 562 481 amor.
589 427 643 481 Si
672 435 846 479 autem
868 423 1060 493 impios
1077 433 1127 476 ct
1158 421 1366 490 iniquos
1383 419 1507 475 odio
1530 418 1754 474 habituri
1783 419 1970 482 simus,

393 522 533 575 ultra
561 517 828 590 progressi
860 518 1021 572 etiam
1069 525 1377 584 peccatores
1405 513 1529 568 odio
1557 510 1889 573 habebimus,
1922 520 1975 563 et

392 614 472 667 sic
501 613 722 665 ulterius
753 609 1068 679 procedens,
1097 622 1126 660 a
1155 606 1335 660 multis
1352 603 1606 660 fratribus
1632 601 1969 664 discinderis,

391 706 500 758 imo
531 704 596 757 ab
618 702 863 756 omnibus
901 719 913 755 τ
941 715 1098 755 nemo
1128 700 1295 762 enim,
1340 713 1498 753 nemo
1524 706 1670 753 certe
1700 697 1816 750 sine
1847 710 1973 765 pec-

391 807 508 850 cato
537 805 637 850 est.
673 795 801 849 Nam
841 794 886 849 si
917 801 1163 863 oporteat
1211 792 1303 847 Dei
1338 791 1582 845 inimicos
1611 789 1788 844 odisse
1811 830 1825 852 .
1867 804 1970 842 non

388 888 562 943 solum
582 886 796 956 impios,
827 885 922 940 sed
947 885 1107 940 etiam
1133 893 1440 952 peccatores
1456 881 1580 936 odio
1599 880 1797 934 habere
1816 895 1974 947 opor-

389 987 462 1032 tet
496 995 509 1030 :
543 987 595 1032 et
618 978 696 1031 sic
714 976 914 1031 erimus
943 975 1065 1030 feris
1087 974 1404 1040 deteriores,
1433 987 1620 1027 omnes
1641 981 1970 1037 aversantes,

389 1069 693 1139 arrogantia
723 1068 909 1132 inflati,
937 1071 1075 1122 sicut
1094 1067 1181 1122 ille
1205 1066 1524 1120 Pharisarus.
1555 1065 1625 1118 At
1647 1062 1974 1131 nonitajns-

389 1161 456 1214 sit
487 1160 703 1224 Paulus,
734 1159 826 1213 sed
860 1158 1172 1228 quomodo?
1215 1156 1419 1210 Monete
1444 1155 1820 1224 incompositos,
1851 1169 1971 1206 con-

387 1250 624 1304 sulamini
649 1250 1019 1320 pusillanimes,
1047 1249 1284 1316 suscipite
1299 1248 1549 1316 inﬁrmos,
1574 1247 1817 1316 patientes
1840 1254 1973 1298 esto-

385 1354 433 1397 te
457 1341 524 1395 ad
552 1358 721 1395 omnes
749 1341 824 1412 (-l.
855 1340 1034 1394 Thess.
1061 1340 1112 1394 5.
1139 1338 1400 1410 M).Qnid
1428 1354 1574 1408 ergo,
1603 1338 1827 1407 inquies,
1849 1351 1968 1390 cum

384 1432 539 1486 dicit:
572 1431 632 1486 Si
682 1433 792 1498 quis
818 1448 917 1484 non
944 1431 1105 1484 obedit
1146 1430 1292 1483 verba
1333 1438 1503 1483 nostro
1550 1445 1638 1498 per
1667 1427 1967 1494 epistolam,

388 1525 522 1576 hunc
549 1532 734 1587 notate,
769 1532 815 1575 et
841 1539 939 1576 non
963 1522 1386 1576 commisceamiui
1423 1537 1536 1574 cum
1565 1522 1653 1574 illo
1683 1520 1756 1590 (ἓ.
1791 1519 1966 1574 Thess.

387 1617 439 1670 3.
475 1615 602 1682 ll)?
631 1615 764 1669 Vere
787 1615 999 1685 quidem
1028 1615 1132 1668 hoc
1158 1616 1223 1668 de
1264 1614 1514 1668 fratribus
1540 1613 1739 1668 dictum
1770 1621 1884 1678 est;
1916 1625 1970 1666 at

386 1722 491 1760 non
521 1707 786 1770 absolute,
818 1707 910 1760 sed
941 1722 1060 1760 eum
1087 1705 1519 1759 mansuetudine.
1549 1703 1626 1758 Ne
1656 1704 1798 1756 enim
1826 1718 1970 1757 rese-

383 1813 476 1853 ces
501 1812 561 1852 ea
590 1813 710 1867 quae
732 1807 1048 1866 sequuntur,
1077 1795 1171 1850 sed
1208 1804 1262 1849 et
1284 1810 1344 1849 ea
1368 1811 1488 1865 qua:
1517 1805 1636 1848 sunt
1662 1805 1842 1864 postea
1870 1793 1968 1847 ad-

384 1890 558 1958 jicias.
581 1888 712 1942 Nam
736 1903 858 1942 cum
888 1887 1132 1953 dixisset,
1167 1886 1249 1941 Ne
1279 1887 1720 1952 couuuisceumini,
1743 1886 1968 1954 subjun-

381 1981 460 2035 xit
489 1997 502 2034 :
534 1977 603 2033 Et
624 1981 779 2035 nolite
805 1981 952 2051 quasi
972 1981 1230 2035 inimicum
1257 1981 1562 2045 existimare,
1596 1980 1684 2033 sed
1708 1979 1970 2033 admonete

382 2081 434 2124 ut
461 2075 669 2142 fratrem
700 2070 864 2140 (Ibid.
899 2088 945 2125 υ.
1002 2071 1111 2142 15).

456 2161 598 2233 Opus
625 2162 814 2215 diaboli
848 2172 919 2215 est
951 2162 1166 2215 alterum
1192 2161 1253 2215 ab
1279 2163 1439 2215 altero
1469 2161 1726 2216 divellere.
1761 2161 1967 2216 Caritas

382 2254 554 2306 omnia
573 2262 801 2323 superat.
827 2281 895 2291 —
924 2251 1110 2306 Viden‘
1143 2251 1414 2321 quomodo
1437 2251 1638 2305 malum
1666 2267 1800 2322 opus
1815 2253 1969 2321 jubet

385 2345 586 2411 odisse,
613 2361 719 2400 non
751 2343 1022 2399 hominem
1046 2345 1068 2398 ?
1098 2344 1230 2398 Nam
1259 2359 1396 2413 opus
1425 2345 1622 2400 diaboli
1649 2354 1731 2400 est
1756 2360 1855 2400 nos
1883 2346 1966 2399 al-

388 2449 560 2494 terum
590 2439 658 2493 ab
681 2438 854 2493 altero
876 2437 1130 2493 divellere
1164 2457 1177 2492 :
1207 2446 1262 2492 et
1294 2437 1450 2493 valde
1469 2438 1691 2494 curabat
1717 2439 1807 2494 ille
1832 2439 1968 2494 cari-

386 2539 549 2583 tatem
576 2528 645 2583 de
673 2529 850 2584 medio
875 2529 1084 2595 tollere,
1115 2537 1173 2583 ut
1197 2529 1550 2584 correctionis
1574 2531 1714 2584 viam
1736 2539 1964 2597 secaret,

386 2622 760 2693 detineretque
783 2622 931 2677 illum
961 2622 1176 2692 quidem
1204 2622 1256 2676 in
1287 2638 1492 2689 errore,
1518 2630 1568 2678 te
1594 2631 1770 2677 autem
1795 2622 1845 2676 in
1869 2622 1968 2677 ini-

386 2715 608 2782 micitia,
633 2715 933 2786 deindeque
954 2723 1166 2770 arceret
1193 2730 1313 2770 eum
1337 2730 1367 2769 a
1399 2715 1480 2768 via
1511 2715 1718 2770 salutis.
1747 2714 1969 2782 Quando

386 2806 530 2860 enim
553 2807 794 2862 medicus
819 2806 933 2861 odit
959 2816 1216 2877 aegrotum
1244 2805 1388 2860 etab
1411 2806 1504 2859 illo
1527 2805 1678 2876 fugit,
1711 2815 1765 2860 et
1793 2821 1967 2874 aegro-

386 2907 471 2951 tus
492 2898 754 2952 mediCum
785 2906 1084 2958 aversatur,
1113 2897 1452 2965 quandonam
1492 2896 1580 2950 hic
1608 2895 1966 2960 convalescet,

388 3004 510 3042 cum
542 3003 714 3057 neque
743 2987 830 3042 hic
857 2988 1005 3042 illum
1022 2987 1267 3053 advocet,
1290 3003 1466 3056 neque
1495 2987 1773 3060 illeipsum
1791 2987 1970 3044 adeat?

384 3080 494 3132 Cur
532 3093 682 3148 ergo,
737 3093 942 3147 quaeso,
991 3080 1259 3132 aversaris
1283 3087 1336 3132 et
1364 3077 1502 3147 fugis
1525 3078 1716 3133 illum?
1749 3094 1817 3132 an
1847 3080 1969 3148 quia

388 3178 473 3225 est
498 3170 826 3239 impius?At
848 3170 968 3225 ideo
996 3178 1208 3240 oportet
1239 3170 1386 3224 illum
1415 3171 1564 3227 adire
1593 3178 1648 3225 et
1673 3186 1884 3236 curare,
1913 3179 1971 3224 ut

384 3269 643 3332 :egrotum
669 3259 735 3316 ad
759 3261 1116 3316 valetudinem
1150 3276 1393 3315 revoces.
1421 3260 1573 3328 Quod
1619 3261 1663 3316 si
1693 3260 1968 3316 incurabili

393 3351 582 3406 morbo
607 3351 831 3418 laborat,
873 3352 966 3406 sed
1001 3361 1054 3406 tu
1095 3351 1279 3420 jussus
1313 3365 1372 3405 es
1415 3351 1558 3421 quod
1606 3353 1657 3406 iu
1707 3362 1759 3406 te
1787 3362 1868 3407 est
1889 3351 1969 3405 fa-

388 3458 511 3499 cere
553 3459 567 3496 :
616 3458 736 3498 nam
780 3452 835 3498 et
888 3443 1053 3498 Judas
1111 3444 1389 3498 incurabili
1443 3445 1630 3499 morbo
1675 3444 1965 3509 laborabat,

387 3550 488 3592 nec
520 3543 698 3590 tamen
747 3534 955 3591 destitit
999 3536 1137 3590 Deus
1195 3535 1338 3588 illum
1396 3551 1606 3590 curare.
1662 3535 1740 3591 Ne
1792 3537 1970 3608 itaque

388 3637 444 3680 tu
502 3641 716 3696 quoque
766 3625 1093 3696 defatigeris.
1141 3626 1273 3680 Nam
1327 3627 1564 3694 etiamsi,
1589 3643 1781 3697 magno
1815 3628 1970 3683 adhi-

386 3719 497 3772 bito
545 3718 744 3782 studio,
798 3719 972 3788 ipsqu
1012 3719 1080 3773 ab
1120 3719 1392 3788 impietate
1432 3735 1537 3774 non
1573 3721 1793 3787 liberes,
1825 3736 1889 3776 ac
1920 3722 1965 3776 si

387 3811 674 3865 liberasses
724 3809 1031 3864 mercedem
1077 3811 1351 3880 accipies,
1398 3820 1454 3867 et
1499 3812 1702 3867 efﬁcies
1745 3821 1806 3866 ut
1858 3814 1973 3882 ipse

390 3899 852 3954 mansuetudinem
905 3910 1048 3954 tuam
1098 3902 1428 3968 admiretur;
1479 3905 1660 3973 sicque
1688 3905 1754 3959 ad
1803 3906 1968 3960 Deum

389 3997 499 4042 tota
527 3989 641 4042 lucc
669 3989 836 4058 gloria
871 3990 1136 4045 transibit.
1166 3991 1393 4046 Etiamsi
1418 3993 1560 4047 enim
1589 3995 1845 4049 miracula
1877 4011 1971 4064 pa-

387 4091 522 4149 tres,
571 4081 779 4136 etiamsi
824 4081 1035 4153 quidvis
1073 4083 1217 4140 aliud
1264 4084 1450 4154 facias,
1503 4101 1789 4156 numquam
1819 4097 1870 4143 te
1900 4088 1970 4142 ita

386 4174 797 4232 admirabuntur
842 4175 1094 4247 gentiles,
1138 4185 1197 4232 ut
1241 4193 1363 4232 cum
1397 4187 1447 4233 te
1478 4179 1711 4234 viderint
1764 4181 1969 4245 mitem,

385 4277 746 4335 mansuetum,
793 4282 1091 4340 suavcsque
1133 4283 1312 4324 mores
1351 4269 1715 4325 exhibentem.
1751 4271 1863 4326 Non
1889 4281 1974 4329 est

387 4367 564 4414 autem
608 4359 708 4414 hoc
736 4361 1004 4415 modicum
1048 4358 1259 4415 virtutis
1289 4375 1424 4428 Opus
1455 4379 1468 4414 :
1503 4361 1652 4416 multi
1683 4363 1824 4416 enim
1858 4375 1972 4418 tan-

388 4454 511 4507 dem
538 4468 568 4504 a
600 4453 742 4506 malo
772 4452 1163 4508 liberabuntur.
1196 4451 1495 4508 Nihilenim
1523 4454 1596 4508 ita
1622 4463 1796 4523 potest
1816 4465 1972 4510 attra—

393 4543 544 4606 here,
570 4551 629 4595 ut
655 4544 872 4597 caritas.
903 4543 1035 4596 Nam
1066 4554 1286 4613 pr0pter
1313 4545 1403 4599 illa
1425 4545 1639 4614 quidem
1673 4556 1725 4602 te
1754 4548 1972 4602 armula-

393 4635 614 4699 lmntur,
643 4643 860 4702 propter
889 4635 1039 4704 signa
1064 4636 1184 4690 dico
1213 4645 1268 4690 et
1295 4636 1549 4690 miracula
1575 4653 1591 4702 ;
1624 4648 1842 4708 propter
1870 4640 1974 4695 hoc

390 4734 570 4778 autem
597 4731 650 4778 et
671 4724 1078 4779 admirabuntur
1101 4736 1156 4780 et
1181 4726 1439 4781 amabunt
1469 4745 1481 4780 :
1524 4735 1574 4782 te
1593 4736 1770 4783 autem
1791 4744 1973 4785 aman-

392 4827 498 4879 tes,
528 4815 809 4870 veritatcm
857 4816 994 4872 ultra
1025 4819 1292 4888 progressi
1319 4819 1727 4890 amplectentur.
1762 4821 1818 4877 Si
1846 4839 1972 4879 vero

390 4921 499 4960 non
526 4906 704 4960 statim
735 4907 826 4962 fiat
853 4906 1048 4975 ﬁdelis,
1073 4925 1141 4964 ne
1171 4911 1403 4975 mireris,
1438 4927 1610 4982 neque
1639 4928 1846 4984 urgeas.
1880 4930 1974 4970 ne-

390 5013 495 5066 que
541 4997 720 5053 omnia
769 4999 928 5054 simul
975 5014 1215 5070 quaeras;
1265 5001 1359 5056 sed
1405 5003 1521 5058 sine
1568 5003 1715 5058 illum
1761 5005 1972 5060 interim

391 5088 631 5155 laudare,
665 5105 867 5154 amare,
899 5099 954 5146 ct
979 5091 1058 5146 sic
1091 5091 1316 5147 ulterius
1347 5094 1645 5162 procedens
1672 5095 1872 5150 veniet.
1909 5097 1973 5151 Et

393 5193 450 5232 nt
479 5181 623 5234 clare
649 5181 823 5237 discas
840 5192 1099 5253 quantum
1131 5183 1231 5239 hoc
1257 5185 1346 5249 sit,
1371 5185 1494 5240 audi
1515 5187 1781 5257 quomodo
1811 5188 1968 5243 etiam

397 5270 592 5324 l'aulus
631 5271 902 5326 infidelem
945 5273 1180 5343 judicem
1231 5275 1416 5331 adiens
1443 5292 1564 5332 sese
1588 5287 1812 5347 purget:
1844 5295 1966 5333 nam

391 5364 490 5429 ait,
513 5359 724 5414 Beatum
751 5379 830 5416 me
852 5364 1106 5431 existimo,
1153 5383 1266 5418 cum
1294 5367 1434 5435 apud
1460 5377 1508 5421 te
1532 5369 1628 5421 sim
1655 5385 1732 5422 me
1757 5370 1968 5440 iujudi-

391 5457 470 5506 cio
495 5454 794 5524 defensurus
821 5456 840 5523 (
857 5454 968 5508 Act.
994 5455 1085 5508 26.
1117 5455 1210 5526 2).
1244 5457 1367 5512 Ihec
1396 5467 1572 5514 autem
1603 5459 1833 5527 dicebat,
1862 5477 1967 5515 non

391 5554 672 5599 assentans
694 5545 764 5611 ei,
785 5545 944 5612 absit,
967 5545 1062 5600 sed
1091 5554 1148 5598 ut
1166 5561 1286 5600 eum
1312 5549 1716 5605 mansuetudine
1737 5550 1970 5606 lucrare-

392 5647 496 5690 tur.
533 5637 597 5692 Et
636 5655 699 5692 ex
747 5649 896 5706 parte
923 5639 1158 5693 lucratus
1194 5646 1296 5703 est,
1340 5647 1392 5692 et
1417 5639 1650 5706 judicem
1683 5643 1846 5711 cepit,
1877 5644 1965 5706 qui

390 5724 646 5786 hactenus
687 5733 896 5788 crimini
948 5731 1210 5787 obnoxius
1263 5731 1563 5802 putabatur,
1600 5743 1651 5788 et
1683 5735 1958 5792 victoriam

1159 307 1216 362 S.
1256 304 1532 361 JOANNIS
1568 301 2035 360 CHRYSOSTOMI
2072 299 2387 356 ARClllEP.
2429 300 2957 359 CONSTANTINOP.

3567 313 3673 369 984

2083 415 2199 484 ejus
2249 416 2294 469 is
2340 415 2455 486 ipse
2482 417 2569 486 qui
2597 429 2783 485 captus
2807 427 2888 473 est
2908 418 3184 487 splendida
3215 422 3347 477 vace
3381 437 3665 493 prtesenti-

2080 509 2180 564 bus
2219 510 2468 564 omnibus
2497 511 2847 567 confitebatur
2892 513 3071 568 dicens
3107 533 3119 566 :
3158 513 3350 568 Parum
3377 518 3517 573 abest
3547 523 3666 590 quin

2079 602 2201 653 mihi
2229 602 2534 671 persuadeas
2563 615 2618 656 ut
2643 605 2763 671 ﬁam
2791 604 3108 660 Christianus
3139 606 3272 678 (Act.
3302 608 3392 664 26.
3422 611 3494 667 28
3517 613 3555 682 ).

2150 694 2200 748 6.
2222 694 2357 761 Quid
2374 709 2501 764 ergo
2523 695 2751 749 Paulus?
2774 697 2936 766 Magis
2953 700 3204 766 expandit
3221 715 3474 771 sagenam
3491 715 3546 759 et
3562 707 3664 764 ait:

2082 785 2323 854 Optarent
2352 802 2463 856 ego,
2497 803 2596 840 non
2613 789 2777 841 solum
2799 799 2863 853 te,
2892 789 2979 842 sed
2999 791 3147 843 etiam
3167 809 3338 848 omnes
3354 797 3442 865 qui
3456 798 3662 862 adsunt,

2078 876 2174 929 hoc
2207 892 2315 930 esse
2349 877 2485 946 quod
2522 894 2613 949 ego
2663 895 2792 938 sum,
2835 885 3053 949 exceptis
3099 883 3178 936 his
3229 884 3444 941 vinculis
3474 885 3579 959 (Ib.
3612 905 3658 942 υ.

2075 966 2190 1036 29).
2221 967 2356 1033 Quid
2397 969 2529 1024 dicis
2551 1010 2569 1038 ,
2597 985 2630 1024 0
2660 970 2838 1035 Paule,
2870 970 3106 1040 Exceptis
3135 975 3384 1030 vinculis?
3417 987 3471 1032 et
3511 995 3661 1047 qua:-

2077 1074 2198 1112 nam
2235 1059 2327 1113 tibi
2359 1059 2426 1114 de
2456 1072 2654 1114 caetero
2678 1060 2888 1125 fiducia,
2919 1062 2961 1116 si
2995 1078 3181 1118 eorum
3212 1073 3262 1118 te
3295 1067 3484 1135 pudeat
3512 1079 3568 1123 et
3593 1084 3656 1124 ea

2075 1149 2263 1218 fugias,
2293 1160 2347 1204 et
2377 1152 2477 1205 hoc
2519 1161 2666 1204 tanto
2692 1161 2957 1222 prtrsente
2990 1156 3223 1225 populo?
3263 1173 3436 1211 annon
3465 1159 3515 1213 in
3544 1160 3658 1228 cpi-

2076 1243 2229 1295 stolis
2261 1243 2364 1296 tuis
2399 1244 2496 1298 hac
2535 1245 2602 1299 de
2637 1261 2697 1300 re
2735 1245 2930 1316 ubique
2955 1247 3222 1315 gloriaris,
3253 1257 3310 1302 et
3341 1259 3392 1304 te
3421 1252 3652 1307 vinctum

2075 1333 2334 1402 appellas,
2368 1334 2608 1404 hancque
2626 1345 2868 1390 catenam
2901 1336 3094 1405 ubique
3122 1338 3275 1391 nobis
3300 1341 3450 1408 quasi
3479 1342 3654 1396 diade-

2077 1440 2160 1477 ma
2187 1426 2541 1500 circumfers?
2565 1428 2690 1497 quid
2721 1443 2853 1497 ergo
2875 1443 3015 1484 nunc
3045 1429 3238 1484 factum
3261 1440 3363 1498 est,
3399 1442 3457 1486 ut
3477 1435 3658 1488 vincu-

2075 1514 2123 1568 la
2153 1515 2498 1593 depreceris?
2522 1517 2636 1572 Non
2671 1520 2785 1588 ipse
2814 1519 3092 1588 deprecor,
3135 1522 3325 1590 inquit,
3366 1540 3544 1594 neque
3575 1542 3659 1582 me

2077 1607 2256 1674 pudet,
2285 1609 2379 1663 sed
2414 1610 2625 1663 illorum
2645 1610 2940 1665 inﬁrmitati
2964 1627 3049 1666 me
3065 1621 3364 1684 attempero
3384 1633 3398 1680 ;
3422 1617 3656 1672 nondum

2072 1701 2213 1752 enim
2264 1711 2485 1769 possunt
2533 1703 2804 1771 suscipere
2850 1719 3020 1758 meam
3064 1706 3461 1774 gloriationem.
3491 1711 3656 1766 Did’ici

2073 1799 2251 1845 autem
2281 1807 2312 1845 a
2341 1792 2566 1847 Domino
2596 1809 2736 1858 meo,
2766 1809 2869 1849 non
2896 1795 3282 1852 immittendam
3304 1815 3426 1856 esse
3452 1812 3654 1871 partem

2074 1883 2232 1951 panni
2261 1883 2412 1938 rudis
2439 1883 2490 1937 in
2518 1899 2750 1954 pannum
2773 1896 3006 1941 veterem
3030 1889 3048 1958 (
3073 1887 3257 1942 Matth.
3286 1890 3340 1946 9.
3374 1892 3466 1962 16)
3493 1894 3656 1948 :ideo

2073 1973 2150 2027 sic
2181 1974 2431 2045 loquutus
2457 1990 2598 2030 sum.
2639 1976 2771 2031 Nam
2802 1979 2943 2034 male
2967 1980 3107 2049 apud
3140 1981 3256 2037 illos
3281 1983 3428 2038 audit
3456 1986 3646 2057 dogma

2072 2074 2339 2130 nostrum,
2387 2075 2443 2120 et
2489 2082 2621 2122 crux
2670 2068 2777 2123 illis
2824 2070 2996 2125 invisa
3043 2081 3145 2126 est.
3177 2072 3230 2128 Si
3270 2089 3395 2144 ergo
3439 2077 3649 2134 vincula

2071 2171 2282 2228 quoque
2309 2157 2574 2228 adjiciam,
2607 2159 2780 2228 majus
2808 2160 2987 2215 odium
3019 2163 3140 2218 erit.
3171 2163 3294 2219 Ideo
3319 2166 3434 2220 haec
3461 2177 3646 2223 sustu-

2073 2247 2133 2312 li,
2179 2257 2236 2302 ut
2267 2247 2395 2303 illud
2442 2259 2584 2304 esset
2625 2260 2926 2320 acceptum.
2954 2252 3166 2308 Etenim
3198 2259 3647 2314 contumeliosum

2073 2340 2177 2394 illis
2212 2340 2422 2418 videtur
2466 2356 2586 2397 esse
2609 2343 2838 2398 vinculis
2863 2347 3178 2416 constringi,
3211 2348 3336 2416 quia
3362 2365 3504 2413 eam,
3536 2366 3654 2420 quae

2071 2433 2209 2504 apud
2237 2449 2336 2489 nos
2381 2443 2482 2499 est,
2509 2435 2734 2506 gloriam
2760 2437 2996 2492 nondum
3027 2437 3398 2509 degustarunt.
3431 2441 3652 2510 Oportet

2073 2526 2236 2596 igitur
2265 2540 2385 2581 sese
2413 2535 2789 2597 attemperare.
2818 2528 2948 2583 Nam
2971 2544 3090 2584 cum
3111 2530 3394 2586 didicerint
3423 2531 3648 2600 philoso-

2073 2615 2246 2683 phari,
2276 2623 2404 2670 tunc
2429 2617 2601 2671 scient
2628 2619 2787 2673 etiam
2831 2617 2990 2688 hujus
3031 2619 3155 2674 ferri
3199 2621 3648 2692 pulchritudinem

2071 2715 2126 2761 et
2149 2708 2487 2777 splendorem
2517 2711 2607 2780 qui
2637 2726 2702 2766 ex
2722 2712 2950 2766 vinculis
2979 2713 3169 2768 oritur.
3197 2713 3332 2769 Cum
3357 2714 3482 2770 aliis
3506 2731 3654 2769 nam-

2071 2814 2174 2867 que
2204 2799 2496 2868 disserens,
2544 2801 2680 2856 hanc
2711 2819 2824 2856 rem
2867 2805 3090 2874 gratiam
3120 2813 3278 2859 vocat
3303 2804 3514 2872 dicens,
3546 2805 3656 2859 Da-

2073 2900 2177 2942 tum
2208 2900 2280 2944 est
2321 2892 2462 2946 nobis
2499 2909 2532 2945 a
2565 2891 2669 2948 Deo
2698 2910 2799 2948 non
2821 2894 2972 2947 modo
2997 2895 3128 2948 utin
3166 2897 3335 2966 ipsum
3365 2898 3651 2962 credamus,

2071 2984 2159 3036 sed
2188 2984 2337 3037 etiam
2367 2993 2418 3037 ut
2445 3000 2537 3054 pro
2560 2985 2649 3038 illo
2672 2986 2926 3055 patiamur
2954 2984 3220 3058 (Philipp.
3252 2989 3304 3042 1.
3336 2987 3406 3042 29
3435 2989 3453 3059 )
3483 3007 3498 3042 :
3532 2999 3655 3044 tunc

2073 3083 2253 3128 autem
2280 3073 2382 3129 hoc
2415 3090 2578 3128 unum
2617 3076 2909 3145 optandum
2941 3085 3074 3138 erat,
3109 3087 3166 3132 nt
3189 3095 3405 3134 crucem
3436 3082 3656 3136 audien-

2075 3173 2154 3218 tes
2195 3179 2299 3218 non
2339 3165 2542 3234 pudore
2585 3165 2946 3223 afﬁcerentur.
3005 3169 3293 3238 PrOpterea
3335 3173 3474 3226 ultra
3526 3187 3652 3243 pro-

2071 3255 2331 3326 greditur.
2371 3257 2488 3312 Nou
2535 3259 2676 3312 enim
2705 3259 2750 3313 si
2795 3261 2912 3328 quis
2969 3260 3021 3314 in
3062 3263 3260 3331 regiam
3310 3263 3539 3332 aliquem
3580 3266 3652 3317 in-

2076 3347 2338 3411 Iroducat,
2393 3357 2675 3420 antequam
2705 3351 2972 3408 vestibula
3020 3369 3139 3424 qua:
3169 3354 3298 3408 foris
3347 3363 3474 3409 sunt
3498 3371 3655 3425 aspe-

2076 3444 2239 3509 xerit,
2278 3444 2422 3514 cogit
2447 3444 2595 3498 illum
2623 3453 2680 3499 ut
2702 3460 2765 3502 ea
2797 3461 2917 3514 qua:
2947 3446 3088 3501 intus
3114 3456 3239 3502 sunt
3260 3448 3511 3503 observet
3543 3450 3656 3505 :sic

2073 3533 2214 3588 enim
2238 3549 2336 3589 nec
2367 3535 2625 3590 mirabilia
2657 3536 2742 3591 illa
2769 3546 3109 3607 apparerent,
3137 3539 3240 3592 nisi
3262 3539 3381 3609 quis
3402 3541 3536 3593 intra
3566 3555 3658 3610 p0-

2075 3628 2229 3692 situs,
2259 3627 2437 3680 omnia
2461 3627 2725 3682 didicerit.
2759 3626 2849 3683 Sic
2875 3629 3052 3698 itaque
3078 3639 3132 3684 et
3162 3645 3260 3684 nos
3287 3631 3654 3684 cumetlmicis

2075 3720 2403 3775 disseramus
2433 3737 2556 3775 cum
2602 3722 3068 3791 attemperatione,
3101 3737 3222 3777 cum
3253 3725 3488 3778 caritate.
3524 3722 3650 3775 [hec

2075 3813 2273 3881 quippe
2322 3826 2512 3880 magna
2539 3821 2622 3866 est
2645 3813 2918 3882 magistra,
2949 3828 3067 3882 quze
3094 3814 3265 3881 possit
3297 3813 3437 3868 etab
3464 3825 3650 3866 errore

2075 3904 2362 3970 abducere,
2411 3914 2464 3959 et
2518 3919 2697 3959 mores
2750 3919 3091 3974 componere,
3150 3916 3310 3975 atque
3355 3905 3419 3959 ad
3477 3904 3654 3974 philo-

2076 3996 2318 4064 sophiam
2348 3997 2486 4050 viam
2515 4005 2776 4059 sternere,
2807 4012 2981 4066 exque
3008 3997 3274 4066 lapidibus
3304 3997 3550 4053 homines
3574 3997 3654 4051 fa-

2075 4103 2218 4142 cere.
2253 4086 2319 4141 Et
2345 4087 2390 4142 si
2419 4087 2498 4142 vis
2529 4087 2645 4159 ejus
2671 4089 2920 4143 virtutem
2944 4089 3207 4150 ediscere.
3232 4088 3408 4143 adduc
3429 4089 3557 4144 mihi
3587 4090 3660 4144 vi-

2076 4197 2194 4234 rum
2215 4179 2456 4234 timidum
2483 4187 2537 4234 et
2556 4180 2646 4250 qui
2673 4181 2756 4234 vel
2783 4180 3062 4249 strepitum
3089 4179 3341 4234 formidet
3366 4191 3417 4234 et
3443 4180 3660 4235 umbras

2078 4273 2299 4337 timeat;
2330 4273 2504 4342 sitque
2534 4270 2842 4337 iracundus,
2873 4287 3052 4340 asper,
3082 4281 3136 4326 et
3161 4270 3268 4325 fera
3301 4273 3471 4342 magis
3498 4287 3661 4342 quam

2078 4362 2256 4429 homo,
2293 4365 2440 4418 salax
2483 4372 2538 4418 et
2580 4363 2914 4421 libidinosus.
2947 4363 3093 4417 nullo
3115 4378 3221 4417 non
3251 4363 3380 4417 vitio
3406 4362 3658 4430 affectus;

2077 4468 2125 4508 et
2160 4453 2308 4508 trade
2354 4453 2502 4508 illum
2540 4453 2592 4507 in
2623 4467 2811 4506 manus
2842 4453 3100 4518 caritatis,
3133 4463 3187 4508 et
3214 4454 3266 4508 in
3295 4453 3398 4508 hoc
3429 4469 3659 4525 gymna-

2077 4544 2212 4599 sium
2239 4544 2428 4607 induc;
2459 4553 2514 4597 et
2541 4545 2647 4598 cito
2673 4543 2876 4598 videbis
2905 4544 3148 4598 timidum
3173 4543 3321 4600 illum
3346 4559 3410 4600 ac
3436 4543 3660 4602 meticu-

2077 4638 2274 4701 losum,
2328 4635 2520 4689 fortem
2568 4633 2825 4690 effectum
2854 4644 2910 4690 et
2934 4636 3115 4706 magni
3139 4636 3325 4701 animi,
3371 4639 3660 4708 omniaque

2079 4727 2231 4782 facile
2285 4725 2591 4780 audentem.
2640 4725 2791 4792 Quod
2854 4733 3031 4782 autem
3079 4727 3323 4782 mirabile
3364 4737 3486 4794 est,
3543 4728 3656 4782 inec

2077 4835 2183 4874 non
2216 4827 2416 4874 mutata
2445 4818 2560 4888 ejus
2590 4827 2776 4873 natura
2806 4820 2958 4884 fiunt,
2987 4819 3078 4873 sed
3107 4819 3161 4873 in
3192 4822 3307 4889 ipsa
3335 4820 3521 4875 timida
3543 4822 3658 4874 ani-

2078 4928 2161 4968 ma
2195 4927 2342 4966 suam
2371 4912 2566 4966 caritas
2593 4911 2826 4966 ostendit
2849 4913 3099 4967 virtutem
3125 4929 3139 4979 ;
3171 4923 3228 4968 et
3255 4914 3474 4982 perinde
3502 4915 3559 4968 ﬁt
3580 4926 3657 4970 at.

2076 5021 2180 5075 quc
2204 5005 2248 5059 si
2278 5004 2396 5075 quis
2413 5018 2595 5058 ensem
2615 5002 2940 5073 plumbeum,
2971 5019 3076 5058 non
3106 5005 3338 5060 ferreum
3369 5007 3615 5063 effectum
3638 5050 3652 5073 ,

2076 5097 2168 5151 sed
2190 5105 2491 5151 manentem
2517 5096 2569 5150 in
2596 5096 2795 5164 plumbi
2823 5107 3031 5164 natura,
3049 5097 3239 5151 efﬁciat
3259 5109 3315 5154 ut
3333 5099 3519 5154 eadem
3539 5116 3655 5170 quae

2077 5189 2274 5243 ferrum
2308 5199 2579 5258 operetur.
2609 5189 2859 5242 Animum
2881 5200 3059 5245 autem
3083 5191 3281 5245 adhibe
3313 5191 3516 5246 :Jacob
3543 5192 3654 5245 sine

2077 5281 2198 5335 fuco
2225 5289 2357 5344 erat,
2391 5280 2535 5333 domi
2565 5279 2810 5335 habitans
2841 5290 2896 5336 et
2920 5282 3161 5336 laborum
3192 5284 3654 5352 periculorumque

2074 5388 2287 5441 expers,
2318 5372 2480 5425 vitam
2512 5370 2798 5440 quamdam
2825 5386 2992 5442 agens
3020 5373 3294 5427 remissam
3323 5382 3380 5427 et
3407 5375 3650 5438 liberant,

2074 5472 2126 5516 et
2155 5463 2290 5516 sicut
2312 5462 2460 5530 virgo
2488 5461 2537 5514 in
2583 5460 2837 5527 thalamo,
2873 5463 2951 5517 sic
2977 5464 3120 5517 intus
3145 5463 3360 5530 sedens,
3393 5473 3453 5519 ut
3481 5466 3650 5534 pluri-

2074 5569 2218 5608 mum
2241 5553 2458 5607 domum
2491 5569 2707 5609 servare
2732 5555 3044 5625 cogebatur,
3073 5571 3102 5610 a
3129 5555 3226 5609 fori
3262 5559 3487 5612 tumultu
3514 5568 3567 5613 et
3587 5560 3653 5613 ab

2073 5645 2321 5700 omnibus
2343 5645 2645 5712 huiusmodi
2664 5647 2812 5708 liber,
2835 5662 3044 5716 semper
3063 5658 3240 5702 autem
3265 5649 3316 5702 in
3339 5652 3519 5716 quiete
3535 5653 3649 5704 etin

2076 5737 2459 5810 tranquillitate
2493 5753 2730 5794 manens.
2778 5737 2916 5807 Quid
2948 5739 3149 5810 igitur?
3190 5739 3476 5810 Postquam
3500 5743 3645 5798 illum
