3990 6168
287 367 394 428 ⁸285

286 489 662 560 ἀπορῥαγὴσῃ
713 488 820 542 τῶν
863 490 1144 557 πλειόνων,
1200 495 1404 564 μᾶλλον
1437 495 1494 549 δὲ
1527 495 1764 550 πάντων·
1800 495 1862 548 οὐ

285 571 398 642 γάρ
421 571 596 636 ἐστιν,
619 573 719 625 οὐκ
747 571 892 626 ἐστιν
919 573 1095 640 οὐδεὶς
1121 577 1400 650 ἀμαρτίας
1438 579 1628 650 χωρίς.
1660 580 1723 632 Et
1751 579 1861 651 7&9

285 653 369 708 δεῖ
398 656 524 719 τοὺς
554 655 776 726 ἐχθροὺς
824 655 918 710 τοῦ
965 658 1102 714 Θεοῦ
1159 665 1358 732 μισεῖν,
1389 663 1513 734 οὐχὶ
1543 663 1760 728 ἀσεϐεῖς
1785 663 1867 717 δεῖ

291 740 474 807 μισεῖν
508 737 686 808 μόνον,
720 737 856 793 ἀλλά
877 741 972 796 καὶ
1001 742 1378 815 ἁμαρτωλούς
1412 747 1506 800 καὶ
1534 746 1709 811 οὕτως
1749 745 1868 801 ἐσό-

292 819 435 889 μεθα
465 821 668 893 θηρίων
689 823 929 895 χείρους,
965 826 1176 890 πάντας
1221 829 1720 901 ἀποστρεφόμενοι,
1771 830 1866 884 καὶ

287 903 516 976 ἀπονοίᾳ
559 905 894 977 φυσώμενοι,
951 909 1205 983 καθάπερ
1253 914 1282 966 ό
1313 914 1606 986 Φαρισαῖος
1638 913 1861 977 ἐκεῖνος.

301 986 438 1039 Ἀλλ’
467 987 564 1058 οὐχ
601 990 633 1042 ό
671 989 885 1055 Παῦλος
937 992 1113 1056 οὕτως
1159 994 1465 1058 ἐκέλευσεν,
1511 995 1649 1050 ἀλλά
1699 995 1862 1061 πῶςς

283 1067 630 1126 Νουθετεῖτε
676 1072 820 1140 τοὺς
869 1072 1188 1142 ἀτάκτους,
1245 1077 1686 1146 παραμυθεῖσθε
1721 1078 1865 1145 τοὺς

287 1149 716 1224 ὀλιγοψύχους,
740 1155 1070 1226 ἀντέχεσθε
1103 1156 1224 1212 τῶν
1255 1159 1549 1226 ἀσθενῶν,
1567 1164 1866 1230 μακροθυ-

278 1233 444 1302 μεῖτε
462 1237 618 1304 πρὸς
645 1238 897 1306 πάντας.
925 1239 992 1294 Τί
1018 1237 1112 1295 οὖν
1139 1257 1322 1312 φησιν,
1345 1244 1476 1296 ὅταν
1509 1243 1665 1317 λέγῃ,
1679 1243 1752 1296 El
1773 1259 1864 1310 τις

283 1317 396 1386 οὐχ
430 1320 726 1374 ὑπακούει
761 1321 840 1387 τῷ
860 1326 1022 1393 λόγῳ
1045 1324 1214 1395 ήμῶν
1246 1325 1343 1380 διὰ
1365 1324 1474 1394 τῆς
1505 1325 1862 1394 ἐστιστολῆςο

281 1397 502 1480 τοῦτον
537 1403 920 1471 σημειοῦσθε,
957 1406 1057 1461 καί
1079 1406 1168 1476 μὴ
1200 1410 1732 1480 συναναμίγνυσθε
1753 1409 1862 1462 αὺ-

283 1477 400 1544 τῷς
433 1481 689 1538 Μάλιστα
715 1487 812 1556 μέν
837 1489 966 1559 περὶ
989 1489 1234 1560 ἀδελφῶν
1271 1477 1696 1558 τοῦτοὴεῖρηται,
1724 1491 1862 1562 πλὴν

283 1562 408 1616 ούδέ
435 1563 596 1618 τοῦτο
619 1567 827 1634 ἀπλῶς,
858 1571 994 1624 ἀλλά
1017 1574 1113 1626 καὶ
1142 1571 1303 1626 τοῦτο
1335 1573 1473 1644 μετά
1499 1573 1860 1645 ἡμερότητος.

285 1645 380 1714 Μὴ
424 1647 536 1720 γὰρ
581 1649 646 1722 δὴ
689 1653 994 1725 περικόψῃς
1036 1655 1107 1710 τὰ
1139 1655 1288 1726 ἑξῆς,
1333 1656 1471 1710 ἀλλά
1507 1657 1604 1710 καὶ
1631 1657 1699 1712 τὰ
1729 1656 1865 1728 μετά

285 1730 466 1784 ταῦτα
490 1735 796 1804 προστίθει.
847 1737 958 1792 Kal
1001 1737 1111 1812 γάρ
1161 1737 1352 1804 εἰπὼν,
1395 1739 1494 1808 Μὴ
1529 1741 1862 1810 συναναμί-

289 1817 537 1880 γνυσθε,
583 1817 852 1888 ἐπήγαγε,
908 1821 1018 1876 Καί
1070 1821 1159 1891 μὴ
1215 1823 1295 1888 ὡς
1347 1822 1566 1893 ἐχθρὸν
1599 1823 1859 1894 ἡγεῖσθε,

289 1895 452 1950 ἀλλὰ
483 1899 814 1955 νουθετεῖτε
839 1903 921 1956 ὠ(-
942 1903 1230 1974 ἀδελφόν.

369 2050 532 2134 Ὄρᾷς
567 2053 684 2118 πῶς
731 2055 791 2109 τὸ
827 2057 988 2128 ἔργον
1026 2063 1212 2128 μισεῖν
1242 2062 1303 2116 τὸ
1341 2063 1564 2129 φαῦλον,
1605 2063 1726 2134 ούχὶ
1769 2061 1861 2116 τὸν

280 2131 571 2219 ἀνθρωπον
603 2137 890 2208 ἐκέλευσες
924 2141 1034 2219 Kal
1060 2143 1172 2214 7&9
1196 2143 1359 2216 ἔργον
1385 2144 1480 2200 τοῦ
1515 2131 1767 2200 διαϐόλου
1797 2146 1862 2200 τὸ

276 2213 519 2302 δωσπᾴν
542 2221 692 2292 ἡμᾶς
719 2223 816 2276 ἀπ’
841 2213 1109 2296 ἀλλήλων,
1138 2213 1250 2282 καῖ
1281 2228 1488 2302 σφόδρα
1522 2230 1861 2285 ἐσπούδακεν

275 2298 494 2386 ἀνελεῖν
523 2303 623 2374 τὴν
649 2306 888 2379 ἀγάπην,
918 2307 1006 2362 ίνα
1037 2309 1250 2384 ἐκκόψῃ
1269 2313 1370 2382 τῆς
1398 2298 1742 2386 διορθώσεως
1761 2313 1861 2385 τὴν

274 2384 552 2470 δδδνηκαὶ
581 2391 832 2470 κατάσχῃ
861 2395 1072 2448 ἐκεῖνον
1113 2395 1214 2466 μέν
1269 2397 1328 2450 ἐν
1366 2384 1566 2470 πλάνῃ,
1613 2397 1674 2452 σέ
1717 2384 1862 2452 δὲέν

275 2467 567 2542 ἀπεχθείᾳ,
602 2468 705 2526 εἴθ’
728 2473 901 2539 οὕτως
919 2477 1244 2550 ἀποτειχίσῃ
1278 2479 1382 2549 τῆς
1421 2467 1634 2532 ἐκείνου
1682 2497 1858 2550 σωτη-

279 2551 407 2620 ρῖας
438 2551 539 2623 τὴν
569 2555 706 2610 ὁδόν.
741 2558 912 2612 Ὅταν
939 2557 1050 2630 γὰρ
1071 2559 1167 2612 καὶ
1195 2562 1224 2614 ὁ
1251 2560 1437 2632 ίατρδς
1463 2563 1596 2634 μισῇ
1636 2561 1730 2615 τὸν
1757 2561 1858 2617 κάο

275 2653 488 2706 μνοντα
517 2639 612 2694 καὶ
645 2641 844 2714 φεύγῃ,
879 2644 972 2698 καὶ
997 2645 1027 2698 ό
1061 2644 1288 2716 κάμνων
1339 2645 1430 2698 τὸν
1483 2646 1668 2718 ἰατρὸν
1719 2647 1858 2702 ἀπο-

280 2719 606 2792 στρέφηται,
633 2723 766 2777 πότε
799 2726 1166 2798 ἀναστήσεται
1214 2731 1242 2782 ό
1293 2725 1482 2792 νοσῶν,
1533 2731 1663 2784 ὅταν
1717 2731 1856 2802 μήτε

276 2803 490 2866 ἐκεῖνος
533 2805 670 2876 πρὸς
719 2809 882 2862 αὑτὸν
935 2810 1096 2883 καλῇ,
1154 2814 1292 2884 μήτε
1346 2808 1503 2877 οὗτος
1533 2813 1670 2884 πρὸς
1694 2813 1857 2868 αὑτὸν

276 2885 448 2960 ἀπίῃς
479 2886 638 2952 Τίνος
666 2888 724 2944 δέ
753 2890 960 2956 ἕνεκεν,
988 2893 1112 2950 είπέ
1145 2911 1256 2964 μοι,
1283 2895 1378 2948 καὶ
1406 2895 1732 2970 ἀποστρέφῃ
1763 2897 1859 2951 καὶ

279 2971 504 3040 φεύγεις
535 2973 734 3041 αὐτόν;
768 2975 849 3029 ὅτι
887 2977 1092 3044 ἀσεϐής
1129 2979 1311 3044 ἐστιν;
1341 2978 1553 3034 Οὐκοῦν
1583 2980 1673 3036 διά
1699 2979 1859 3048 τοῦτο

277 3052 360 3108 δεῖ
402 3055 728 3126 προσίεσθαι
779 3059 875 3112 καὶ
925 3059 1274 3131 θεραπεύειν,
1308 3063 1395 3116 ἴνα
1427 3063 1740 3137 ἀναστήσῃς
1765 3081 1854 3118 νο·

281 3137 500 3194 σοῦντα.
526 3141 590 3195 Εί
613 3140 670 3194 δέ
693 3141 886 3197 ἀνίατα
909 3145 1075 3206 νοσεῖ,
1108 3144 1246 3200 ἀλλά
1271 3147 1335 3200 σὺ
1357 3147 1419 3200 τὸ
1449 3149 1647 3202 σαυτοῦ
1683 3151 1857 3203 ποιεῖν

279 3221 632 3292 ἐκελεύσθης·
657 3225 781 3279 ἐπεὶ
819 3227 914 3279 καὶ
934 3228 964 3280 ό
1001 3227 1201 3292 Ἰούδας
1227 3229 1426 3286 ἀνίατα
1455 3231 1652 3293 ἐνόσει,
1675 3232 1772 3287 καὶ
1794 3235 1856 3286 οὐ

279 3304 526 3358 διέλιπεν
552 3307 584 3358 ό
610 3306 742 3370 Θεὸς
771 3308 934 3362 αὑτὸν
980 3309 1320 3380 θεραπεύων.
1349 3313 1442 3384 Μὴ
1491 3313 1668 3366 τοίνυν
1721 3313 1858 3386 μηδέ

287 3386 356 3440 σὺ
379 3387 694 3460 ἀποκάμῃς.
725 3390 844 3445 Κάν
871 3393 981 3464 γὰρ
1010 3395 1178 3448 πολλά
1209 3395 1517 3462 σπουδάσας
1555 3397 1629 3468 μὴ
1677 3397 1850 3452 ἀπαλο

283 3468 460 3542 λάξῃς
477 3470 578 3540 τῆς
601 3472 846 3530 ἀσεϐείας
868 3475 1050 3542 αὑτὸν,
1081 3479 1231 3548 ὅμως
1262 3481 1358 3534 καὶ
1384 3480 1480 3535 τοῦ
1513 3481 1859 3547 ἀπαλλάξαν-

281 3569 379 3616 τος
403 3551 549 3626 λήψῃ
573 3554 666 3608 τὸν
690 3555 896 3626 μισθὸν,
919 3550 1014 3614 καὶ
1052 3561 1498 3634 παρασκευάσεις
1529 3564 1692 3618 αὐτὸν
1731 3564 1860 3618 θαυ-

278 3634 486 3705 μάζειν
507 3652 604 3690 σου
636 3637 736 3709 τὴν
766 3641 1102 3714 ἡμερότητα,
1143 3646 1236 3698 καί
1275 3644 1449 3710 οὕτως
1490 3646 1571 3709 εἰς
1603 3645 1695 3698 τδν
1723 3647 1858 3701 Θεὸν

274 3719 309 3786 ἡ
345 3718 475 3784 δόξά
505 3719 696 3774 ἀπασα
737 3721 871 3795 αὕτη
902 3723 1238 3796 διαϐήσεται.
1277 3729 1396 3782 Κάν
1445 3728 1554 3798 γὰρ
1603 3728 1860 3800 θαύματα

276 3803 459 3874 ποιῇς,
511 3801 619 3858 κάν
667 3807 895 3878 νεκροὺς
947 3809 1186 3883 ἐγείρῃς,
1236 3810 1342 3866 κάν
1393 3810 1574 3866 ὁτιοῦν
1622 3813 1857 3885 ἐργάσῃ,

277 3886 534 3942 οὐδέποτέ
589 3905 650 3942 σε
699 3889 842 3946 οὕτω
889 3892 1264 3964 θαυμάσουται
1289 3895 1570 3967 Ἕλληνες,
1623 3897 1700 3962 ὡς
1727 3897 1859 3954 ὅταν

278 3967 433 4024 ἴδωσι
453 3973 630 4042 πρᾶον
645 3973 742 4027 καὶ
759 3973 908 4046 [507]
925 3976 1133 4048 ἥμερον
1149 3980 1244 4032 καὶ
1261 3979 1464 4048 γλυκὺν
1486 3981 1858 4053 παρεχόμενον

275 4055 500 4124 τρόπον.
532 4056 608 4110 Οὐ
647 4057 843 4129 μικρὸν
871 4058 929 4113 δὲ
959 4060 1056 4114 καὶ
1093 4061 1252 4115 τοῦτο
1290 4063 1642 4136 κατόρθωμαο
1671 4065 1858 4120 πολλοὶ

277 4137 388 4210 γάρ
445 4141 542 4192 καὶ
587 4139 772 4194 τέλεον
823 4141 1306 4214 ἀπαλλαγήσονται
1335 4144 1432 4198 τοῦ
1461 4147 1659 4202 κακοῦ.
1691 4149 1858 4204 Ούδέν

275 4221 387 4293 γὰρ
431 4221 610 4286 οὕτως
641 4225 1053 4281 ἐπισπάσασθαι
1097 4227 1348 4294 δύναται,
1374 4229 1451 4293 ὡς
1484 4229 1696 4300 ἀγάπη.
1740 4233 1858 4285 Ἐπ’

273 4303 509 4369 ἐκείνοις
538 4305 640 4374 μέν
666 4307 778 4378 γάρ
826 4325 888 4362 σε
933 4311 1029 4363 καὶ
1073 4309 1534 4384 ζηλοτυπήσουσι,
1595 4316 1710 4378 τοῖς
1763 4332 1857 4386 σηο

278 4387 480 4456 μείοις,
509 4387 674 4459 λέγω,
708 4391 804 4447 καὶ
821 4391 1116 4464 θαύμασιν,
1140 4395 1234 4448 ἐπὶ
1249 4394 1426 4464 τούτῳ
1444 4395 1502 4448 δὲ
1532 4395 1627 4450 καὶ
1646 4396 1858 4467 θαυμά-

275 4485 468 4524 σονται
493 4471 588 4526 καὶ
614 4473 922 4544 φιλήσουσι·
955 4475 1240 4546 φιλοῦντες
1263 4475 1320 4530 δὲ
1351 4477 1446 4530 καὶ
1467 4477 1568 4549 τῆς
1597 4477 1860 4550 ἀληθείας

273 4551 636 4624 ἐπιλήψονται
657 4556 762 4628 ὁδῷ
789 4557 1198 4628 προϐαίνοντες.
1237 4561 1299 4614 El
1331 4559 1387 4614 δὲ
1411 4560 1513 4615 οὐκ
1541 4561 1746 4624 εὐθέως
1774 4563 1860 4632 γί-

271 4653 424 4692 νεται
464 4638 681 4704 πιστὸς,
715 4641 791 4710 μὴ
819 4640 1070 4712 θαύμαζε
1096 4642 1232 4714 μηδέ
1259 4643 1480 4713 ἐπείγου
1520 4643 1654 4716 μηδέ
1685 4644 1858 4700 ἀπαν-

271 4733 340 4770 τα
385 4719 530 4790 όμοῦ
580 4721 751 4793 ζήτει,
786 4724 903 4778 ἀλλ’
927 4724 1087 4778 ἔασον
1117 4725 1277 4779 αὑτὸν
1305 4726 1443 4790 τέως
1481 4727 1742 4791 ἐπαινεῖν,
1771 4746 1859 4797 φι-

271 4801 407 4870 λεῖν,
452 4805 555 4859 καὶ
588 4807 671 4870 είς
692 4806 850 4860 τοῦτο
881 4807 986 4879 ὁδῷ
1014 4806 1221 4880 προῖὼν
1242 4807 1383 4880 ἥξει.
1413 4811 1522 4863 Kal
1556 4811 1642 4864 ῖνα
1678 4810 1858 4885 μάθῃς

276 4887 464 4954 σαφῶς
487 4888 680 4959 ἡλίκον
705 4887 864 4944 τοῦτό
892 4891 1062 4957 ἐστιν,
1102 4890 1336 4944 ἄκουσον
1367 4891 1484 4956 πῶς
1510 4893 1606 4946 καὶ
1645 4894 1857 4958 Παῦλος

273 4969 409 5039 πρὸς
433 4969 703 5042 δικαστὴν
722 4972 908 5026 εἰσιὼν
929 4973 1157 5028 ἄπιστον
1178 4973 1522 5042 ἀπελογεῖτο.
1551 4976 1858 5046 Μακάρων

274 5051 402 5122 γάρ,
456 5053 648 5124 φησὶν,
697 5052 923 5124 ἥγημαι
974 5057 1254 5126 ἐμαυτὸν,
1299 5056 1542 5126 μέλλων
1593 5057 1692 5112 ἐπί
1737 5060 1856 5115 σοῦ

274 5134 606 5202 κρίνεσθαι.
637 5135 824 5192 Ταῦτα
851 5138 910 5192 δέ
948 5137 1154 5208 ἔλεγεν,
1200 5140 1262 5194 οὐ
1313 5138 1626 5194 κολακεύων
1671 5141 1853 5206 αὐτὸν,

273 5219 478 5286 ἄπαγε,
507 5220 647 5274 ἀλλά
676 5221 766 5276 διὰ
787 5221 888 5292 τῆς
922 5223 1261 5294 ἡμερότητος
1308 5223 1567 5295 κερδᾶναι
1589 5223 1853 5295 βουλόμε-

277 5316 380 5364 νος.
411 5303 530 5358 Καὶ
560 5305 626 5358 ἐκ
657 5303 860 5375 μέρους
882 5305 1158 5378 ἐκέρδανε,
1191 5307 1284 5361 καὶ
1309 5307 1400 5360 τὸν
1422 5307 1686 5379 δικαστὴν
1711 5303 1854 5362 είλεν

274 5386 302 5434 ό
325 5386 466 5449 τέως
501 5387 797 5452 κατάδικος
833 5385 973 5444 εἶναι
1001 5390 1374 5463 νομιζόμενος,
1405 5392 1498 5445 καὶ
1552 5394 1652 5462 τὴν
1695 5394 1853 5464 νίκην

277 5467 433 5533 αὐτὸς
461 5473 492 5523 ό
521 5471 809 5542 χειρωθεὶς
837 5473 1089 5543 ὁμολογεῖ
1115 5473 1346 5544 λαμπρᾷ
1375 5477 1441 5546 τῇ
1469 5479 1616 5546 φωνῇ
1655 5478 1852 5548 παρόν-

277 5566 381 5603 των
433 5553 700 5607 ἀπάντων
751 5555 946 5624 λέγων,
987 5555 1088 5611 Ἐν
1119 5557 1302 5625 ὀλίγῳ
1330 5573 1409 5624 με
1445 5558 1666 5627 πείθεις
1721 5563 1852 5630 Χρι-

278 5648 346 5684 στ
355 5634 533 5690 ιανὸν
554 5636 856 5708 γενέσθαι.

392 5787 599 5841 ιτ..
779 5791 1520 5822 ..μ...;..-.
1709 5799 1719 5812 ,

349 5805 422 5851 ς.
501 5793 930 5859 ιουνόΠαυλος,
991 5795 1271 5847 Επιπλεον
1304 5809 1851 5868 απλοιτηνσαγηνῃν,

284 5871 371 5922 καί
396 5871 582 5944 φησιν’
611 5877 923 5946 Εὐξαίμην
951 5878 1026 5931 ἂν
1054 5878 1230 5947 ἔγωγε
1260 5877 1551 5948 μὴμόνον
1577 5896 1667 5944 σε,
1694 5883 1855 5936 ἀλλὰ

1315 379 1383 435 l:\
1421 380 1698 437 EPIST.‘|
1736 383 1825 435 AD
1864 381 2020 438 COR.
2067 381 2302 439 HOMIL.
2337 377 2579 436 XXXIII.

3452 377 3562 432 εει

1976 495 2237 563 καὶτοὺς
2264 496 2568 564 παρόντας
2596 494 2870 560 ἅπαντας
2889 489 3067 548 τοῦτο
3099 489 3381 559 γενέσθαι
3413 490 3559 557 ὅπερ

1971 577 2108 649 ἐγὼ,
2129 577 2276 634 ἄνευ
2298 576 2416 632 τῶν
2437 576 2680 646 δεσμῶν
2699 577 2944 630 τούτων.
2969 573 3036 627 Τί
3063 573 3262 642 λέγεις,
3286 567 3331 627 ὦ
3355 573 3556 634 Παῦλε,

1978 661 2164 716 Ἀνευ
2186 658 2308 715 τῶν
2337 659 2609 728 δεσμῶν-ς
2645 660 2738 712 καῖ
2771 657 2900 713 ποία
2925 675 3011 712 σοι
3039 656 3228 711 λοιπὸν
3250 657 3554 730 παρρησία,

1973 741 2216 797 είταῦτα
2245 741 2480 815 αἰσχύνῃ
2523 742 2618 795 καὶ
2661 739 2906 812 φεύγεις,
2930 741 3023 795 καὶ
3053 738 3226 794 ταῦτα
3251 739 3344 792 ἐπὶ
3382 739 3558 808 δήμου

1973 824 2266 890 τοσούτου;
2296 823 2358 878 οὐ
2390 823 2670 894 πανταχοῦ
2704 824 2814 878 τῶν
2846 822 3146 878 ἐπιστολῶν
3181 823 3274 875 ἐπὶ
3306 820 3385 891 τῷ
3412 819 3558 892 πρά-

1973 922 2146 978 γματι
2169 907 2344 980 τούτῳ
2369 909 2666 978 καυχᾶσαι,
2697 907 2792 961 καὶ
2819 906 3045 976 δέσμιον
3076 905 3304 960 σεαυτὸν
3346 904 3556 968 καλεῖς,

1973 992 2066 1046 καὶ
2080 993 2180 1062 τὴν
2195 989 2386 1048 ἅλυσιν
2403 991 2609 1062 ταύτην
2628 993 2662 1063 ή
2672 993 2762 1062 μῖν
2781 991 2906 1046 ἀντὶ
2921 990 3251 1064 διαδήματος
3277 988 3556 1060 πανταχοῦ

1973 1074 2319 1148 περιφέρειςς
2339 1075 2395 1128 τί
2409 1074 2798 1144 τοίνυνγὲγονε
2810 1071 2928 1140 νῦν,
2945 1073 3027 1128 ὄτι
3041 1071 3259 1144 ἀπεύχῃ
3275 1073 3342 1126 τὰ
3357 1071 3554 1142 Scapti;

1973 1157 2086 1210 οὐκ
2097 1157 2256 1220 αὐτὸς
2269 1155 2602 1227 ἀπεύχομαι,
2615 1155 2928 1226 φησὶν,ούδὲ
2945 1153 3408 1227 αἰσχύνομαι,ἀλλ’
3422 1154 3558 1208 ἐκεί-

1971 1258 2078 1293 νων
2109 1244 2175 1313 τῇ
2201 1217 2451 1312 ἀσθενείᾷ
2473 1217 2894 1308 ἀυγκάταϐαίνω
2915 1256 2928 1270 ·
2960 1217 3114 1292 οὔπω
3145 1217 3556 1309 γὰρ’χωροῦσιν

1971 1323 2224 1389 δέξασθαι
2253 1323 2314 1376 τὸ
2333 1322 2594 1394 καύχημα
2617 1321 2678 1375 τὸ
2706 1321 2861 1392 ἐμόν.
2913 1319 3158 1390 Ἔμαθον
3189 1319 3250 1372 δέ
3279 1319 3429 1390 παρά
3461 1317 3555 1372 τοῦ

1971 1407 2244 1460 Δεσπότου
2271 1423 2374 1477 μου
2397 1407 2472 1476 μὴ
2506 1404 2820 1458 ἐπιϐάλλειν
2843 1401 3123 1474 ἐπίϐλημα
3161 1402 3363 1473 ῥάκους
3389 1401 3556 1468 ἀγνά-

1972 1505 2073 1556 φου
2107 1488 2200 1541 ἐπὶ
2235 1488 2432 1560 ίματίῳ
2469 1487 2686 1558 παλαιῷ
2704 1503 2718 1520 ο
2747 1487 2838 1540 διὰ
2863 1485 3022 1556 τοῦτο
3043 1484 3216 1548 οὓτως
3245 1478 3420 1536 εἷπον.
3444 1483 3554 1536 Kal

1970 1571 2078 1642 γὰρ
2116 1571 2496 1643 διαϐέϐληνται
2529 1572 2667 1632 τέως
2707 1570 2842 1642 πρὸς
2871 1569 2933 1623 τὸ
2961 1569 3136 1640 δόγμα
3171 1566 3234 1622 τδ
3261 1567 3548 1638 ἡμέτερον,

1970 1654 2065 1708 καὶ
2100 1653 2238 1726 πρὸς
2280 1655 2370 1708 τδν
2393 1655 2625 1726 σταυρὸν
2665 1652 2922 1724 ἀπεχθῶς
2966 1651 3200 1722 ἔχουσιν.
3249 1651 3346 1705 Ἂν
3371 1650 3549 1705 τοίνυν

1970 1737 2158 1792 καὶτὰ
2197 1736 2374 1808 δεσμά
2405 1737 2648 1810 προσθῶ,
2692 1735 2880 1807 μεῖζον
2903 1735 2964 1788 τὸ
2997 1737 3152 1806 μῖσος
3177 1734 3404 1802 γίνεται.
3449 1732 3548 1786 Διά

1969 1819 2128 1874 τοῦτο
2153 1819 2358 1876 ἀνεῖλον
2378 1820 2574 1882 ταῦτα,
2603 1820 2692 1874 ἶνα
2728 1821 2906 1874 ἐκεῖνο
2935 1818 3344 1889 εύπαράδεκτον
3374 1816 3540 1889 γένη-

1967 1919 2080 1956 ται.
2121 1903 2233 1956 Kal
2259 1902 2368 1974 7&9
2393 1903 2752 1957 ἐπονείδιστον
2777 1901 2962 1966 αὐτοῖς
2986 1896 3292 1954 εἶναιδοκεῖ
3313 1897 3374 1951 τὸ
3405 1897 3550 1953 δεδέ-

1971 1984 2119 2048 σθαι,
2155 1986 2281 2038 ἐπεὶ
2323 1985 2551 2056 μηδέπω
2587 1986 2686 2054 τῆς
2721 1986 2853 2055 παρ’
2882 1985 3018 2055 ἡμῖν
3057 1981 3350 2052 ἐγεύσαντο
3370 1979 3548 2050 δόξης.

1969 2069 2062 2120 Δεῖ
2091 2067 2270 2121 τοίνυν
2299 2067 2774 2137 συγκαταϐαίνειν.
2812 2066 2984 2120 Ὅταν
3014 2065 3123 2138 γάρ
3153 2063 3367 2136 μάθωσι
3403 2063 3553 2133 φιλο-

1971 2154 2176 2222 σοφεῖν,
2207 2153 2329 2207 τότε
2356 2152 2592 2206 εἴσονται
2625 2151 2718 2204 καὶ
2743 2149 2839 2204 τοῦ
2870 2149 3094 2222 σιδήρου
3111 2148 3306 2203 τούτου
3331 2148 3393 2200 τὸ
3418 2147 3551 2201 κάλ-

1968 2231 2079 2294 λος,
2111 2231 2206 2284 καὶ
2237 2231 2332 2302 τὴν
2361 2231 2470 2285 ἀπὸ
2497 2229 2606 2284 τῶν
2645 2228 2860 2299 δεσμῶν
2909 2227 3285 2300 περιφάνειαν.
3335 2225 3551 2289 Ἀλλοις

1968 2312 2098 2380 γοῦν
2127 2312 2532 2384 διαλεγόμενος,
2563 2313 2655 2366 καὶ
2694 2313 2856 2384 χάριν
2895 2309 2958 2364 τὸ
3001 2311 3233 2382 πρᾶγμα
3277 2307 3432 2362 καλεῖ
3460 2307 3552 2361 λέ-

1967 2410 2112 2464 γων,
2144 2396 2224 2451 ὅτι
2271 2395 2481 2463 Ἐδόθη
2525 2395 2670 2465 ἡμῖν
2701 2391 2822 2449 ἀπὸ
2855 2395 3007 2452 Θεοῦ
3036 2394 3109 2450 οὐ
3137 2393 3330 2463 μόνον
3365 2389 3431 2444 τὸ
3462 2393 3551 2458 είς

1966 2479 2152 2533 αὑτὸν
2195 2481 2525 2542 πιστεύειν,
2565 2478 2730 2534 ἀλλὰ
2764 2477 2864 2531 καὶ
2903 2475 2970 2532 τό
3018 2475 3172 2546 ὑπὲρ
3210 2476 3398 2530 αὑτοῦ
3433 2475 3547 2528 πά-

1968 2579 2143 2631 σχειν
2165 2579 2180 2594 ·
2213 2563 2275 2616 τὸ
2305 2563 2362 2616 δέ
2383 2561 2520 2625 τέως
2549 2561 2830 2630 ἀγαπητὸν
2857 2557 2925 2632 ἦν
2949 2560 3011 2614 τὸ
3043 2560 3136 2613 τὸν
3166 2559 3396 2631 σταυρὸν
3420 2559 3546 2622 τοὺς

1967 2645 2268 2709 ἀκούοντας
2331 2645 2406 2716 μὴ
2443 2645 2893 2715 ἐπαισχυνθῆναι.
2936 2645 3036 2697 Διά
3074 2643 3235 2697 τοῦτο
3269 2642 3372 2712 ὀδῷ
3407 2642 3545 2714 πρό-

1965 2745 2122 2783 εισιν.
2163 2728 2300 2782 Ούδὲ
2325 2729 2434 2798 γάρ
2465 2730 2546 2790 είς
2589 2727 2836 2797 βασίλειά
2867 2745 2948 2791 τις
2979 2731 3214 2792 είσάγων
3242 2726 3384 2790 τινὰ,
3415 2727 3546 2798 πρὶν

1967 2813 1999 2886 ἦ
2029 2813 2096 2868 τά
2133 2811 2445 2883 προπύλαια
2482 2809 2782 2866 θεάσασθαι
2824 2811 2930 2877 ἔξω
2961 2810 3194 2871 ἑστῶτα,
3239 2807 3542 2877 ἀναγκάζει

1967 2895 2322 2952 κατοπτεύειν
2349 2896 2420 2949 τά
2440 2894 2590 2950 ἔνδον
2613 2911 2626 2924 ·
2657 2893 2800 2948 οὕτω
2827 2894 2937 2966 γάρ
2963 2894 3086 2948 ούδέ
3124 2893 3414 2965 θαυμαστά
3439 2909 3541 2960 φα-

1966 2983 2158 3045 νεῖται,
2193 2980 2260 3033 ἂν
2291 2981 2364 3051 μή
2387 2996 2473 3044 τις
2500 2977 2650 3032 ἐνδον
2682 2977 2995 3048 γενόμενος,
3035 2976 3254 3032 ᾶπαντα
3289 2975 3542 3047 καταμά-

1965 3061 2068 3116 θοι.
2129 3060 2286 3116 Οῦτω
2333 3061 2513 3116 τοίνυν
2567 3061 2660 3115 καὶ
2708 3062 2868 3132 ἡμεῖς
2913 3062 3026 3124 τοῖς
3077 3059 3344 3132 Ἐλλήνων
3389 3061 3544 3112 παισὶ

1965 3145 2361 3218 προσϐάλωμεν
2387 3185 2403 3212 ,
2465 3144 2604 3216 μετά
2664 3142 2815 3216 [308]
2870 3142 3352 3212 συγκαταϐάσεως,
3405 3144 3546 3212 μετὰ

1965 3229 2204 3298 ἀγάπης.
2254 3227 2482 3299 Μεγάλη
2527 3226 2636 3299 7&9
2673 3227 2814 3298 αὕτη
2855 3227 3194 3293 διδάσκαλος,
3239 3227 3334 3282 καὶ
3385 3227 3545 3296 ἱκανὴ

1966 3311 2062 3364 καὶ
2088 3311 2295 3382 πλάνης
2335 3311 2664 3379 ἀπαγαγεῖν,
2714 3311 2808 3364 καὶ
2845 3309 3046 3380 τρόπον
3081 3307 3543 3382 μεταρρυθμίσαι,

1967 3395 2062 3448 καὶ
2100 3393 2238 3464 πρὸς
2273 3392 2591 3463 φιλοσοφίαν
2627 3393 3042 3463 χειραγωγῆσαι
3061 3431 3078 3458 ,
3115 3395 3208 3446 καί⁵
3235 3392 3345 3446 ἀπὸ
3381 3391 3546 3445 λίθων

1967 3476 2284 3548 ἀνθρώπους
2316 3475 2676 3548 ἐργάσασθαι.
2711 3475 2822 3527 Καὶ
2863 3475 2914 3526 εί
2943 3473 3122 3544 βούλει
3151 3472 3344 3542 μαθεῖν
3373 3471 3546 3542 αὐτῆς

1966 3559 2066 3631 τὴν
2092 3558 2340 3628 δύναμιν,
2377 3557 2478 3627 άγε
2514 3575 2606 3628 μοι
2633 3557 2802 3628 ἄνδρα
2834 3557 3008 3610 δειλὸν
3031 3557 3128 3611 καὶ
3160 3554 3400 3625 ψοφοδεῆ
3449 3557 3544 3608 καὶ

1965 3641 2063 3706 τὰς
2087 3640 2246 3705 σκιὰς
2266 3641 2558 3712 τρέμοντα,
2603 3641 2698 3694 καὶ
2725 3637 2942 3711 ὀργίλον
2969 3639 3062 3692 καὶ
3083 3639 3292 3710 τραχὺν
3322 3637 3415 3690 καὶ
3445 3636 3543 3708 θη-

1969 3725 2085 3797 ρίον
2105 3723 2354 3796 μᾶλλονῆ
2380 3722 2689 3795 ἄνθρωπον,
2714 3723 2810 3778 καὶ
2830 3721 3030 3792 λάγνον
3049 3721 3143 3777 καὶ
3175 3721 3414 3792 ἀσελγῆ,
3449 3721 3546 3774 καὶ

1969 3810 2149 3862 πᾶσαν
2180 3807 2373 3878 ἔχοντα
2405 3803 2626 3871 κακίαν,
2666 3806 2763 3860 καὶ
2795 3805 3038 3876 παράδος
3078 3804 3248 3858 αὐτὸν
3282 3806 3402 3868 ταῖς
3441 3804 3543 3876 τῆς

1967 3891 2187 3962 ἀγάπης
2215 3889 2394 3962 χερσὶ,
2422 3891 2515 3943 καὶ
2539 3889 2620 3952 είς
2654 3889 2715 3941 τὸ
2747 3889 3048 3958 γυμνάσιον
3070 3888 3330 3958 είσάγαγε
3359 3887 3538 3952 τοῦτο,

1968 3974 2064 4031 καὶ
2091 3973 2214 4045 ὕψει
2234 3974 2443 4045 ταχέως
2473 3973 2561 4027 τὸν
2598 3972 2770 4026 δειλὸν
2803 3975 3010 4028 ἐκεῖνον
3042 3975 3136 4026 καὶ
3166 3973 3416 4042 ἄτολμον,
3447 3973 3541 4026 ἀν-

1965 4060 2141 4131 δρεῖον
2189 4059 2284 4113 καὶ
2330 4057 2708 4128 μεγαλόψυχον
2751 4057 3033 4128 γινόμενον
3074 4059 3170 4110 καὶ
3206 4058 3382 4111 πάντα
3423 4055 3541 4110 τολ-

1969 4142 2155 4214 μῶντα
2187 4139 2404 4214 ῥᾳδίως.
2443 4143 2552 4194 Kal
2575 4142 2635 4194 τὸ
2663 4139 3082 4210 ὗὴθαυμαστὺν,
3117 4141 3198 4192 ὅτι
3222 4139 3284 4192 ού
3316 4139 3415 4207 τῆς
3437 4137 3540 4206 φύ-

1967 4243 2105 4292 σεως
2143 4225 2292 4297 αὐτῷ
2348 4225 2779 4296 μεταϐληθείσης
2829 4225 3005 4278 ταῦτα
3053 4224 3279 4292 γίνεται,
3329 4221 3446 4276 ἀλλ’
3481 4223 3542 4274 ἐν

1965 4311 2102 4382 αὐτῇ
2123 4313 2190 4382 τῇ
2219 4311 2365 4380 δειλῇ
2401 4309 2546 4381 ψυχῇ
2578 4309 2686 4380 τὴν
2722 4309 2926 4378 ἐαυτῆς
2964 4307 3292 4360 ἐνδείκνυσιν
3317 4305 3542 4376 δύναμιν

1967 4392 2214 4464 ήάγάπη
2235 4409 2251 4423 ο
2291 4393 2386 4446 καὶ
2413 4392 2608 4444 ταυτὸν
2636 4391 2866 4458 γίνεται,
2894 4385 3005 4443 οἷον
3039 4389 3106 4443 ἂν
3139 4390 3192 4441 εί
3223 4405 3305 4452 τις
3341 4389 3540 4460 μάχαι-

1969 4494 2068 4547 ραν
2103 4475 2432 4546 μολιϐδίνην,
2467 4475 2528 4528 ού
2561 4474 2788 4542 σιδηρᾶν
2828 4478 3080 4544 ποιήσας,
3106 4471 3242 4525 ἀλλά
3277 4473 3541 4543 μένουσαν

1965 4561 2059 4614 ἐπὶ
2083 4560 2182 4630 τῆς
2205 4559 2300 4612 τοῦ
2335 4558 2584 4629 μολίϐδου
2609 4557 2843 4627 φύσεως,
2871 4557 2940 4610 τά
2973 4556 3190 4628 σιδήρου
3212 4555 3542 4628 ἐργάζεσθαι

1965 4643 2380 4717 παρασκευάσῃ.
2402 4643 2600 4696 Σκόπει
2623 4641 2681 4697 δέ
2699 4658 2715 4675 ·
2749 4641 2809 4696 '0
2843 4639 3038 4694 Ἰακὼϐ
3059 4641 3335 4704 ἄπλαστος
3353 4636 3442 4712 ἦν,
3458 4643 3540 4694 οι-

1965 4727 2080 4782 κῶν
2119 4726 2316 4792 οίκίαν,
2359 4727 2455 4780 καὶ
2503 4726 2680 4780 πόνων
2735 4723 3066 4794 ἀμελέτητος
3114 4726 3210 4778 καί⁹
3262 4723 3537 4789 κινδύνων,

1964 4809 2245 4878 ἀνειμένον
2267 4809 2391 4862 τινὰ
2413 4808 2525 4878 βίον
2564 4807 2672 4872 ζῶν
2704 4810 2797 4862 καὶ
2826 4807 3130 4878 ἐλεύθερον,
3164 4809 3257 4861 καὶ
3290 4807 3541 4880 καθάπερ

1967 4895 2236 4966 παρθένος
2263 4896 2320 4946 ἐν
2345 4892 2596 4963 θαλάμῳ,
2631 4891 2775 4945 οὕτω
2805 4892 2898 4946 καὶ
2917 4885 3071 4956 οὗτος
3101 4891 3250 4945 ἔνδον
3295 4891 3542 4962 καθήμε-

1965 4994 2054 5041 νος
2090 4976 2159 5030 τά
2196 4976 2420 5030 πλείονα
2473 4975 2742 5046 οἰκουρεῖν
2780 4975 3144 5044 ἠναγκάζετο,
3191 4973 3393 5044 ἀγορᾶς
3442 4973 3542 5043 μὲν

1967 5059 2194 5113 καὶτῶν
2239 5059 2305 5112 ἐκ
2353 5059 2454 5128 τῆς
2493 5058 2698 5128 ἀγορᾶς
2749 5056 2994 5126 θορύϐων
3031 5057 3128 5109 καὶ
3173 5057 3390 5110 πάντων
3433 5055 3541 5108 τῶν

1969 5142 2226 5196 τοιούτων
2267 5139 2710 5212 ἀπηλλαγμένος,
2749 5139 3042 5202 διαπαντὸς
3079 5139 3136 5192 δὲ
3167 5141 3225 5190 ἐν
3253 5139 3406 5210 ἀδείᾳ
3449 5140 3542 5194 καὶ

1965 5225 2165 5297 ἠσυχίᾳ
2196 5225 2394 5296 μένων.
2431 5223 2495 5276 Τί
2525 5219 2654 5286 οὗν;
2694 5223 2917 5292 Ἐπειδὴ
2956 5222 3118 5276 αὐτὸν
3149 5225 3177 5277 ὁ
3217 5222 3420 5296 πυρσὸς
3444 5226 3540 5294 τῆς

1963 5305 2187 5374 ἀγάπης
2237 5302 2430 5373 ἀνῆψε,
2479 5302 2570 5356 τὸν
2615 5301 2889 5354 άπλαστον
2920 5301 3110 5354 τοῦτον
3149 5303 3241 5356 καὶ
3285 5302 3541 5357 οἰκοῦντα

1965 5387 2142 5440 οἰκίαν
2173 5387 2274 5454 δρα
2309 5385 2426 5449 πῶς
2466 5385 2690 5456 ἐποίησε
2733 5385 3057 5456 καρτερικὸν
3101 5387 3194 5440 καὶ
3233 5386 3538 5456 φιλόπονον.

1966 5467 2074 5520 Kal
2099 5465 2270 5518 ταῦτα
2302 5463 2376 5536 μὴ
2401 5465 2532 5536 παρ’
2559 5463 2712 5534 ἐμοῦ,
2750 5463 2885 5517 ἀλλά
2915 5467 3042 5535 παρ’
3067 5464 3230 5519 αὐτοῦ
3257 5465 3420 5519 ἀκουε
3446 5464 3538 5516 τοῦ

1965 5549 2326 5620 πατριάρχου.
2363 5545 2640 5616 Ἐγκαλῶν
2661 5545 2769 5618 γὰρ
2793 5545 2869 5618 τῷ
2887 5547 3143 5619 κηδεστῇ,
3169 5548 3327 5617 φησὶ,
3351 5544 3539 5600 Ταῦτά

1959 5650 2060 5702 μοι
2103 5631 2339 5686 εἴκοσιν
2375 5633 2476 5700 ἐτη
2509 5629 2625 5700 ἐγώ
2653 5633 2768 5700 ειμι
2797 5631 2948 5699 μετὰ
2984 5631 3120 5686 σοῦ.
3159 5633 3268 5683 Kal
3301 5629 3416 5690 πῶς
3467 5629 3536 5681 τὰ

1965 5717 2165 5770 είκοσιν
2205 5715 2298 5784 ἔτη
2339 5717 2556 5784 ἐγένου;
2603 5717 2698 5768 καὶ
2743 5715 2850 5785 γάρ
2885 5717 2979 5767 καὶ
3030 5715 3184 5768 τοῦτο
3235 5711 3534 5784 προστίθει,

1965 5801 2401 5869 Συγκαιόμενος
2443 5800 2520 5866 τῷ
2568 5801 2816 5866 καύματι
2853 5797 2958 5862 τῆς
3014 5798 3274 5864 ἡμέρας,
3314 5797 3407 5849 καί
3459 5815 3537 5859 τῳ

1967 5882 2198 5950 παγετιῇ
2231 5883 2334 5948 τῆς
2367 5885 2602 5948 νυκτίς,
2639 5884 2737 5936 καί
2779 5881 3074 5946 ἀφίστατο
3123 5883 3153 5932 o'
3187 5879 3372 5944 ὕπνος
3415 5879 3533 5934 ἀπὲ
