3990 6168
422 325 528 381 285

423 443 542 495 τῶν
574 438 896 510 ὀφθαλμῶν
930 456 1070 508 μου.
1105 439 1289 492 Ταῦτα
1325 442 1352 492 ό
1381 441 1654 505 ἄπλαστος
1694 445 1786 496 καὶ
1822 443 1987 497 οἰκῶν

421 524 597 580 οἰκίαν
626 524 720 577 καί⁵
748 523 838 574 τὸν
858 520 1137 591 ἀνειμένον
1166 524 1278 591 βίον
1309 523 1433 588 ζῶν.
1472 527 1590 578 Ὀτι
1625 524 1681 579 δὲ
1711 527 1805 580 καὶ
1821 526 1992 591 δειλὸς

422 605 512 678 ἦν,
550 606 707 676 δῆλον
733 605 792 670 ἐξ
816 599 890 657 ὧν
913 605 1003 658 τὸν
1047 605 1216 659 Ἡσαῦ
1257 607 1567 678 προσδοκῶν
1598 608 1844 678 ὄψεσθαι,
1876 612 1992 664 ἐτε-

423 691 613 762 θνήκει
646 688 723 756 τῷ
752 687 883 741 δέει.
928 687 1067 740 Ἀλλ’
1100 689 1202 760 δρα
1239 692 1356 754 πῶς
1389 691 1551 744 πάλιν
1584 687 1737 755 οὗτος
1766 694 1794 745 ὁ
1822 692 1994 756 δειλὸς

421 772 632 836 λέοντος
657 770 986 842 θρασύτερος
1009 770 1112 824 ὑπὸ
1134 772 1232 842 τῆς
1257 772 1477 844 ἀγάπης
1490 773 1700 842 γέγονε.
1729 776 1994 847 Καθάπερ

422 858 528 927 γάρ
576 873 697 909 τινα
747 855 1007 927 πρόϐολον
1055 855 1245 909 ἑαυτὸν
1298 857 1402 928 πρὸ
1452 858 1559 911 τῶν
1604 858 1778 913 ἀλλων
1827 859 1993 924 τάξας

421 940 696 1001 ἀπάντων,
735 938 949 1009 ἕτοιμος
989 933 1057 1010 ἦν
1097 937 1186 991 τὸν
1227 938 1417 1009 ἄγριον
1463 942 1667 995 ἐκεῖνον
1701 943 1797 996 καί⁹
1835 943 1993 1012 φόνου

423 1022 677 1088 πνέοντα,
704 1020 885 1086 καθὼς
923 1019 1079 1092 ᾤετο,
1117 1022 1374 1089 δέξασθαι
1426 1024 1657 1096 πρῶτος,
1692 1027 1785 1079 καὶ
1829 1027 1886 1078 ὲν
1919 1025 1995 1096 τῷ

423 1105 608 1176 οἰκείῳ
651 1103 862 1175 σώματι
912 1107 1029 1168 ταῖς
1085 1106 1299 1173 γυναιξὶ
1350 1105 1447 1178 τὴν
1491 1109 1789 1177 ἀσφάλειαν
1826 1126 1997 1162 κατα-

426 1189 688 1242 σκευάσαι
707 1202 720 1216 ⁸
752 1188 848 1242 καὶ
877 1188 934 1240 δν
960 1187 1212 1242 ἐδεδοίκει
1243 1189 1337 1243 καί.
1363 1188 1601 1260 ἔφριττε,
1629 1192 1844 1264 πρῶτος
1870 1193 1995 1246 ἰδεῖν

424 1271 517 1324 ἐπὶ
547 1271 649 1341 τῆς
686 1269 1042 1343 παρατάξεως
1070 1271 1352 1342 ἐπεθύμει.
1391 1272 1499 1326 Τοῦ
1530 1275 1641 1344 γάρ
1674 1272 1842 1342 φόϐου
1874 1273 1997 1328 τού-

424 1354 518 1407 τθυ
539 1352 905 1423 δυνατώτερος
930 1350 996 1424 ἦν
1022 1356 1050 1408 ὁ
1071 1354 1178 1407 τῶν
1197 1355 1471 1423 γυναικῶν
1497 1355 1679 1418 πόθος.
1710 1352 1861 1420 Εἶδες
1882 1356 1996 1420 πῶς

425 1435 597 1498 δειλὸς
643 1434 738 1501 ῶν,
780 1436 1055 1507 τολμητὴς
1103 1437 1325 1505 γέγονεν
1368 1436 1582 1506 ἀθρόον,
1633 1438 1692 1490 οὑ
1743 1439 1842 1508 τὴν
1884 1438 1997 1499 ἕξιν
2059 1447 2062 1451 ’

430 1516 765 1587 μεταϐαλὼν,
799 1518 914 1570 ἀλλ’
950 1519 1057 1571 ὑπὸ
1094 1520 1194 1590 τῆς
1224 1519 1446 1589 ἀγάπης
1480 1518 1837 1591 κρατυνθείς;
1876 1521 1997 1576 ῗΟτι

426 1602 648 1672 γάρκαὶ
684 1602 822 1671 μετὰ
852 1602 1026 1656 ταῦτα
1060 1602 1228 1667 δειλὸς
1257 1599 1346 1674 ἦν,
1392 1602 1550 1673 δῆλον
1587 1602 1646 1667 ἐξ
1685 1597 1759 1657 ὧν
1797 1603 1999 1665 τόπους

426 1685 492 1736 ἐκ
518 1682 697 1735 τόπων
731 1682 967 1752 ἀμείϐει.
1032 1684 1192 1737 Ἀλλά
1234 1684 1422 1756 μηδεὶς
1456 1683 1721 1755 νομιζέτω
1762 1701 1999 1754 κατηγο-

431 1767 551 1838 ρίαν
583 1762 722 1819 εἶναι
745 1764 839 1818 τοῦ
863 1765 1070 1819 δικαίου
1095 1765 1168 1820 τά
1190 1765 1475 1837 εἰρημένα.
1507 1767 1582 1819 Οὑ
1605 1767 1714 1838 γάρ
1739 1767 1800 1819 τὸ
1830 1766 2000 1821 δειλὸν

428 1845 589 1913 εῖναι,
619 1848 908 1921 ἔγκλημα·
954 1849 1111 1903 τοῦτο
1157 1850 1266 1922 γὰρ
1302 1849 1549 1920 φύσεωςο
1606 1851 1742 1905 ἀλλά
1785 1851 1847 1904 τὸ
1908 1851 1999 1905 διά

426 1933 625 1987 δειλίαν
676 1951 727 1986 τι
766 1936 934 1987 ποιεῖν
980 1934 1087 1987 τῶν
1138 1935 1213 2005 μὴ
1249 1934 1652 2005 προσηκόντων.
1696 1932 1853 1987 Ἔστι
1892 1934 2001 2006 γάρ

426 2016 522 2069 καὶ
547 2015 717 2070 δειλὸν
746 2015 875 2071 ὅντα
905 2019 969 2088 τῇ
999 2018 1178 2086 φύσει,
1219 2017 1461 2086 ἀνδρεῖον
1491 2016 1742 2086 γενέσθαι
1772 2016 1877 2069 ὑπὸ
1902 2018 2001 2088 τῆς

426 2100 731 2165 εὐλαϐείας.
800 2101 865 2152 Τί
900 2101 958 2154 δὲ
1009 2103 1037 2154 ό
1074 2100 1353 2171 Μωυσῆςς
1405 2101 1524 2170 οὑχὶ
1566 2101 1661 2154 ἕνα
1706 2099 2001 2167 Αἰγύπτιον

427 2184 689 2256 φοϐηθεὶς
718 2183 905 2251 ἔφυγε,
951 2182 1047 2260 καὶ
1086 2182 1223 2260 πρὸς
1264 2182 1362 2250 τὴν
1396 2183 1693 2254 ὑπερορίαν
1729 2182 1997 2252 μετέστης

440 2265 583 2319 Ἀλλ’
609 2265 759 2335 ὅμως
782 2265 811 2317 ό
833 2258 1009 2332 φυγὰς
1037 2258 1213 2327 οὗτος,
1256 2266 1350 2318 καὶ
1394 2265 1512 2328 ἐνὸς
1551 2263 1744 2335 ἀνδρὸς
1773 2263 2002 2333 ἀπειλὴν

428 2348 528 2402 οὑκ
563 2346 819 2415 ἐνεγκὼν,
845 2346 1032 2405 ἐπειδὴ
1060 2348 1322 2415 ἐγεύσατο
1356 2346 1450 2400 τοῦ
1493 2346 1706 2418 μέλιτος
1733 2346 1883 2420 [509]
1904 2348 2003 2416 τῆς

429 2429 672 2499 ἀγάπης,
712 2428 892 2494 καλῶς
936 2429 1032 2483 καὶ
1067 2430 1292 2500 μηδενὸς
1330 2431 1835 2500 καταναγκάζοντος
1875 2447 2002 2483 συν-ι

430 2514 724 2570 απολέσθαι
757 2518 868 2579 τοῖς
914 2517 1299 2587 ἀγαπωμένοις
1329 2518 1607 2587 ἠπείγετο.
1658 2520 1729 2572 El
1749 2517 1869 2586 μὲν
1890 2515 2003 2586 γὰρ

431 2597 594 2667 ἀφῇς
640 2598 843 2665 αὐτοῖς
887 2598 1003 2667 τὴν
1037 2599 1353 2670 ἁμαρτίαν,
1401 2601 1586 2669 φησὶν,
1620 2598 1800 2667 ἄφεςσ
1845 2601 1899 2652 εἰ
1935 2598 2004 2652 δὲ

430 2680 536 2751 μή,
563 2683 716 2751 κάμὲ
738 2681 1068 2751 ἐξάλειψον
1090 2685 1161 2737 ἐκ
1192 2682 1305 2752 τῆς
1327 2684 1551 2747 ,βίϐλου
1587 2697 1703 2737 σου
1728 2679 1804 2754 ἧς
1828 2685 2003 2753 ἄγρα-

432 2768 576 2835 φας.
608 2765 728 2820 Ὅτι
757 2765 815 2818 δὲ
849 2764 943 2819 καὶ
970 2763 1062 2820 τὸν
1091 2765 1293 2837 θρασὺν
1323 2765 1562 2834 ἐπιεικῆ,
1599 2767 1695 2819 καὶ
1724 2766 1817 2818 τὸν
1844 2767 2004 2820 ἀσελ-

443 2973 826 2997 ~—

831 2974 926 2991 -.-

1107 325 1165 376 S.
1205 322 1491 379 JOANNIS
1529 322 2021 381 CHRYSOSTOMI
2060 324 2381 383 ARCHIEP.
2418 327 2970 388 CONSTANTINOP.

3555 339 3665 395 S85

2093 450 2161 517 γῆ
2199 446 2448 517 σώφρονα
2491 449 2637 500 ποιεῖ
2695 447 2756 500 τὸ
2798 447 2989 515 φιλεῖν,
3036 445 3157 500 οὑδὲ
3200 447 3666 520 παραδειγμάτων

2094 535 2223 601 ἡμῖν
2255 531 2486 585 ἐνταῦθα
2513 530 2671 602 χρεία
2698 531 2912 584 λοιπόν·
2959 531 3093 583 πᾶσι
3125 529 3234 600 γὰρ
3270 530 3430 585 τοῦτο
3468 533 3626 604 δῆλον
3646 554 3660 568 ·

2094 614 2196 668 κΞιν
2224 613 2411 685 θηρίου
2445 613 2643 677 παντός
2662 628 2747 677 τις
2771 612 3104 685 ἀγριώτερος
3132 610 3189 686 ᾗ,
3226 615 3502 687 προϐάτου
3530 635 3666 673 παν-

2094 697 2182 760 τὸς
2213 695 2561 768 ἡμερώτερος
2593 695 2701 748 ἀπὸ
2726 695 2820 749 τοῦ
2866 695 3038 765 φιλεῖν
3068 696 3297 763 γίνεται.
3336 698 3401 750 Τί
3427 699 3536 771 γὰρ
3568 700 3668 754 τοῦ

2095 779 2268 854 Σαοὺλ
2296 778 2632 851 ἀγριώτερον
2664 773 2733 850 ἦν
2768 778 2860 831 καὶ
2894 777 3295 850 μανικώτερον;
3340 781 3480 836 Ἀλλ’
3508 784 3671 854 ἡνίκα

2095 864 2186 916 τὸν
2201 845 2413 933 ’ἐχθρόν
2440 845 2710 914 ἀπέλυσεν
2732 861 2765 930 ἡ
2788 845 3053 931 θυγάτηρ,
3078 845 3201 915 οὑδέ
3227 864 3379 934 ῥῆμα
3408 845 3544 936 πρὸς
3569 868 3670 920 αὑ-

2095 946 2192 1015 τὴν
2220 943 2437 1009 ἐξέϐαλε
2463 943 2658 1014 πικρόν
2682 960 2695 974 ·
2734 945 2826 997 καὶ
2853 942 2881 994 ὁ
2910 946 3037 1007 τοὺς
3079 944 3261 1015 ἱερέας
3290 946 3459 1018 ἄρδην
3496 948 3671 1003 ἄπαν-

2095 1046 2188 1090 τας
2213 1026 2565 1095 κατασφάξας
2591 1026 2678 1080 διά
2699 1025 2791 1078 τὸν
2828 1025 2990 1079 Δαυῒδ
3010 1066 3025 1092 ,
3067 1027 3166 1097 τὴν
3217 1027 3493 1100 θυγατέρα
3523 1031 3670 1102 δρῶν

2097 1111 2160 1163 ἐκ
2196 1110 2293 1179 τῆς
2329 1107 2505 1171 οἰκίας
2535 1106 2694 1161 αὑτὸν
2727 1103 2975 1177 ἀφεῖσαν,
3007 1108 3129 1161 οὑδὲ
3158 1109 3322 1180 μέχρι
3349 1111 3505 1180 λόγου
3530 1112 3671 1182 πρὸς

2097 1191 2265 1259 αὑτὴν
2314 1191 2681 1260 ἠγανάκτησε,
2748 1191 2841 1242 καὶ
2902 1188 3074 1243 ταῦτα
3119 1192 3336 1263 ἀπάτης
3398 1192 3673 1262 τοσαύτης

2098 1274 2182 1325 ἐπ’
2212 1272 2372 1325 αὑτὸν
2412 1271 2759 1341 συντεθείσης
2779 1287 2794 1303 ο
2826 1270 3180 1343 δυνατωτέρῳ
3215 1275 3323 1343 γάρ
3358 1274 3560 1344 χαλινῷ
3588 1275 3673 1343 τῷ

2097 1357 2195 1424 τῆς
2219 1353 2439 1426 ἀγάπης
2466 1353 2769 1423 κατείχετο.
2800 1353 3010 1422 Ὥσπερ
3030 1353 3085 1406 δὲ
3110 1356 3395 1418 ἐπιεικεῖς,
3418 1354 3558 1409 οὑτω
3577 1356 3673 1409 καὶ

2101 1435 2382 1509 σώφρονας
2412 1432 2550 1488 οἶδεν
2597 1434 2735 1505 αῦτη
2786 1438 2991 1488 ποιεῖν·
3042 1436 3143 1489 κᾶν
3199 1438 3298 1505 τὴν
3347 1437 3538 1491 ἑαυτοῦ
3586 1454 3673 1500 τις

2099 1521 2287 1589 ἀγαπᾷ
2314 1522 2546 1586 γυναῖκά
2569 1517 2760 1582 οὕτως,
2787 1517 3099 1589 ὡςάγαπᾷν
3136 1518 3236 1582 δεῖ,
3272 1521 3378 1573 κᾶν
3411 1521 3671 1591 μυριάκις

2098 1601 2329 1671 ἀσελγὴς
2364 1598 2421 1674 ᾖ,
2445 1602 2546 1655 οὑκ
2581 1601 2827 1665 ἀνέξεται
2873 1601 3067 1674 ἐτέραν
3111 1603 3239 1656 ἰδεῖν
3275 1604 3364 1657 διά
3409 1605 3499 1657 τὸν
3537 1604 3673 1674 πρὸς

2101 1684 2315 1753 ἐκείνην
2343 1683 2524 1737 πόθον.
2556 1684 2813 1751 Κραταιὰ
2849 1684 2979 1756 γὰρ,
3020 1687 3205 1755 φησιν,
3239 1687 3320 1753 ὡς
3344 1686 3598 1752 θάνατος
3629 1688 3672 1755 ἠ

2100 1767 2324 1837 ἀγάπη.
2359 1767 2525 1820 Ὥστε
2551 1766 2847 1837 οὐδαμόθεν
2876 1767 3099 1821 ἄλλοθεν
3125 1770 3185 1822 τὸ
3216 1769 3559 1836 ἀσελγαίνειν
3587 1769 3676 1835 γί-

2100 1868 2269 1916 νεται,
2318 1851 2352 1920 ἦ
2394 1852 2458 1904 ἐκ
2506 1849 2599 1904 τοῦ
2634 1851 2708 1921 μὴ
2756 1851 2950 1918 φιλεῖν.
3015 1852 3167 1904 Ἐπεὶ
3203 1849 3295 1905 οὖν
3338 1851 3678 1923 δημιουργὸς

2100 1935 2299 2006 ἀρετῆς
2326 1934 2545 2004 ἀπάσης
2575 1936 2608 2004 ὴ
2645 1934 2855 2002 ἀγάπη,
2894 1934 3030 2005 μετὰ
3057 1933 3334 2005 ἀκριϐείας
3362 1934 3587 2003 ἀπάσης
3612 1934 3677 1985 ἐν

2100 2019 2217 2078 ταῖς
2242 2014 2449 2070 ἑαυτῶν
2477 2015 2977 2087 καταφυτεύσωμεν
3008 2016 3174 2086 αὑτὴν
3198 2014 3413 2085 ψυχαῖς,
3446 2014 3512 2067 ἶν’
3533 2017 3673 2084 ἡμῖν

2103 2098 2272 2153 πολλά
2303 2098 2505 2172 κομίσῃ
2546 2098 2616 2151 τά
2664 2097 2865 2167 ἀγαθά,
2905 2100 2999 2152 καὶ
3032 2097 3264 2169 βρύοντα
3291 2096 3459 2166 αὑτῆς
3497 2095 3679 2165 διηνε-

2103 2181 2214 2246 κῶς
2233 2181 2324 2234 τδν
2357 2182 2569 2253 καρπὸν
2596 2180 2829 2251 ἔχωμεν,
2853 2180 2944 2234 τὸν
2975 2182 3062 2236 ἀεὶ
3099 2179 3363 2250 τεθηλότα
3408 2178 3504 2233 καὶ
3531 2177 3683 2231 οὑδὲ-

2104 2281 2233 2317 ποτε
2266 2265 2684 2335 μαραινόμενον.
2718 2262 2875 2317 Οὕτω
2907 2263 3015 2334 γὰρ
3042 2266 3136 2318 καὶ
3164 2262 3273 2316 τῶν
3293 2261 3530 2317 αἰωνίων
3554 2262 3679 2314 ἐπι-

2101 2346 2401 2416 τευξόμεθα
2434 2344 2679 2413 ἀγαθῶν’
2720 2338 2795 2398 ὧν
2828 2346 3036 2414 γένοιτο
3065 2348 3277 2408 πάντας
3308 2346 3458 2416 ἡμᾶς
3492 2346 3680 2397 ἐπιτυ-

2103 2431 2239 2500 χεῖν,
2272 2429 2454 2500 χάριτι
2487 2428 2580 2481 καὶ
2612 2426 2995 2500 φιλανθρωπίᾳ
3017 2427 3108 2482 τοῦ
3142 2427 3349 2498 Κυρίου
3382 2426 3534 2497 ἡμῶν
3576 2426 3682 2494 Ἰη-

2106 2511 2198 2564 σοῦ
2221 2509 2480 2583 Χριστοῦ,
2521 2509 2638 2581 μεθ’
2670 2502 2731 2563 οὗ
2768 2508 2845 2579 τῷ
2870 2509 3067 2581 Πατρὶ,
3098 2509 3215 2580 ἆμα
3248 2510 3326 2580 τῷ
3354 2509 3487 2580 ἁγίῳ
3509 2506 3681 2560 Πνεύ-

2108 2611 2259 2664 ματι,
2282 2593 2433 2660 δόξα,
2473 2593 2695 2665 κράτος,
2723 2592 2879 2663 τιμὴ,
2904 2592 2998 2646 νῦν
3034 2593 3131 2647 καὶ
3165 2593 3276 2659 ἀεὶ,
3299 2594 3394 2648 καὶ
3436 2593 3512 2655 εἰς
3549 2589 3679 2653 τοὺς

2105 2677 2309 2741 αἰῶνας
2335 2676 2443 2730 τῶν
2471 2676 2705 2732 αἰώνων.
2747 2676 2940 2747 Ἀμην.

1846 3148 2085 3201 ΟΜΙΛΙᾹ
2134 3150 2254 3200 ΛΔ’.

433 3296 572 3350 Ειτε
648 3295 718 3350 δὲ
786 3294 1132 3364 προφητεῖαι
1223 3297 1801 3365 καταργηθήσονται,
1891 3297 2012 3349 εἴτε

506 3378 783 3450 γλῶσσαι
817 3378 1180 3443 παύσονται,
1223 3377 1344 3432 εἴτε
1382 3377 1604 3449 γνῶσις
1635 3378 2004 3449 καταργηθήο

504 3480 696 3520 σεται.
1902 3482 1905 3483 ⁷

505 3576 577 3625 α’.
597 3566 895 3637 Δείξαςτῆς
914 3565 1135 3638 ἀγάπης
1159 3566 1257 3634 τὴν
1286 3566 1558 3638 ὑπεροχὴν
1596 3566 1663 3619 ἐκ
1697 3566 1789 3619 τοῦ
1828 3566 1920 3619 καὶ
1943 3565 2014 3619 τά

437 3653 753 3726 χαρίσματα
777 3650 871 3704 καὶ¹
899 3649 969 3704 τά
994 3649 1088 3702 τοῦ
1126 3647 1241 3718 βίου
1271 3648 1675 3719 κατορθώματα
1703 3649 1873 3718 αὑτῆς
1900 3649 2012 3702 δεῖ·

440 3737 587 3800 σθαι,
634 3736 698 3788 ἐκ
743 3732 838 3786 τοῦ
884 3732 984 3795 τὰς
1020 3733 1222 3802 ἀρετὰς
1266 3734 1437 3802 αὑτῆς
1472 3732 1775 3804 ἀριθμῆσαι
1810 3733 2012 3798 πάσας,

439 3818 532 3874 καί¹
560 3815 875 3885 φιλοσοφίας
900 3814 1159 3885 ἀκριϐοῦς
1186 3816 1442 3869 ὑπόθεσιν
1471 3816 1769 3886 ἀποφῆναι,
1795 3816 1853 3881 ἐξ
1893 3816 2008 3868 ἐτέ-

446 3913 536 3965 ρου
582 3896 744 3950 πάλιν
783 3896 968 3966 τρίτου
1020 3897 1314 3963 κεφαλαίου
1365 3898 1635 3950 δείκνυσιν
1690 3898 1860 3965 αὑτῆς
1916 3897 2013 3968 τὴν

445 3978 618 4043 ἀξίαν.
649 3979 758 4031 Καὶ
789 3978 962 4032 ταῦτα
992 3980 1297 4049 ποιεῖ-τούς
1325 3996 1383 4032 τε
1409 3980 1755 4049 ἡλαττῶσθαι
1793 3980 2013 4033 δοκοῦν-

438 4078 538 4126 τας
571 4064 756 4120 πεῖσαι
780 4060 969 4124 θέλων,
1009 4062 1090 4114 ὃτι
1131 4046 1340 4127 ἔξεστιν
1386 4046 1569 4125 αὑτοῖς
1611 4062 1672 4115 τὸ
1721 4062 2013 4132 κεφάλαιον

438 4146 549 4200 τῶν
583 4144 823 4216 σημείων
856 4144 1021 4214 ἔχειν,
1066 4144 1158 4198 καὶ
1203 4144 1356 4197 οὐδὲν
1406 4145 1624 4198 ἔλαττον
1669 4145 1847 4211 ἕξουσι
1905 4144 2014 4198 τῶν

438 4229 674 4299 ἐχόντων
705 4227 776 4281 τά
814 4228 1149 4299 χαρίσματα,
1182 4229 1231 4281 εἰ
1262 4227 1469 4300 ταύτην
1517 4228 1711 4298 ἔχοιεν,
1746 4228 1879 4281 ἀλλά
1920 4231 2015 4281 καὶ

438 4311 620 4383 πολλῷ
643 4311 806 4365 πλέον
824 4327 840 4345 ·
869 4312 1104 4375 καὶτοὺς
1126 4311 1349 4381 ἔχοντας
1374 4311 1445 4365 τά
1466 4313 1678 4381 μεγάλα
1704 4312 2016 4382 χαρίσματα

438 4396 602 4450 πάλιν
626 4396 720 4449 καὶ
746 4393 998 4449 ἐντεῦθεν
1025 4394 1442 4465 ἐπαιρομένους,
1476 4395 1813 4448 ταπεινῶσαι
1844 4411 2013 4447 σπου-

436 4476 637 4546 δάζων,
693 4479 784 4532 καὶ
826 4478 995 4545 δεῖξαι
1042 4478 1210 4549 μηδὲν
1269 4477 1510 4549 ἔχοντας,
1550 4478 1644 4531 ἐάν
1697 4479 1772 4548 μὴ
1809 4478 2015 4548 ταύτην

439 4561 655 4631 ἐχωσιν.
703 4560 858 4614 Οὑτω
904 4560 1013 4631 γάρ
1064 4560 1289 4630 ἔμελλόν
1347 4577 1407 4612 τε
1458 4560 1719 4630 ἀλλήλους
1771 4563 2012 4631 ἀγαπᾷν,

443 4641 741 4711 βασκανίας
779 4659 842 4694 τε
872 4641 967 4694 καὶ
1003 4642 1262 4704 ἀπονοίας
1302 4642 1548 4695 ἐντεῦθεν
1593 4644 2012 4714 ἀναιρουμένης,

441 4724 766 4794 ἀγαπῶντες
796 4741 856 4777 τε
885 4725 1047 4778 πάλιν
1086 4724 1421 4797 πορρωτέρω
1450 4725 1625 4777 ταῦτα
1664 4724 1921 4796 ὲξώριζον
1947 4724 2018 4777 τά

443 4808 591 4879 πάθη
618 4823 632 4837 ·
686 4808 755 4861 Ἠ
797 4808 904 4878 γάρ
950 4807 1149 4877 ἀγάπη
1191 4810 1265 4861 οὐ
1308 4806 1493 4874 ζηλοῖ,
1540 4810 1613 4861 οὐ
1671 4809 2013 4876 φυσιοῦται.

445 4891 609 4947 Ὥστε
638 4889 975 4959 πανταχόθεν
1002 4892 1179 4959 τεῖχος
1211 4893 1392 4955 αὑτοῖς
1433 4893 1675 4963 ἀρραγὲς
1704 4891 2014 4962 περιέϐαλε,

444 4973 594 5048 [510]
623 4973 717 5028 καὶ
740 4971 1075 5026 πολύπλοκον
1106 4974 1359 5044 ὁμόνοιαν
1384 4975 1715 5046 ἀναιῳῦσάν
1744 4991 1802 5026 τε
1835 4973 1904 5027 τά
1932 4992 2019 5026 νο-

444 5058 666 5128 σήματα
687 5055 922 5121 ἅπαντα,
946 5056 1041 5108 καὶ
1075 5054 1327 5109 ἐντεῦθεν
1352 5057 1514 5111 πάλιν
1549 5058 1904 5129 ἰσχυροτέραν
1934 5075 2020 5125 γι-

444 5140 695 5209 νομένην.
725 5139 824 5192 Διά
863 5139 1021 5193 τοῦτο
1057 5138 1153 5193 καὶ
1198 5140 1425 5210 μυρίους
1465 5141 1683 5210 ἐκίνησε
1726 5140 2020 5211 λογισμοὺς

442 5223 570 5284 τοὺς
602 5222 934 5293 δυναμένους
979 5222 1159 5276 αὑτῶν
1210 5223 1708 5295 παραμυθήσασθαι
1750 5224 1849 5295 τὴν
1887 5224 2018 5277 ἀθυ-

447 5304 598 5374 μίαν.
643 5303 752 5357 Καὶ
804 5305 910 5376 γὰρ
950 5305 1013 5357 τὸ
1058 5306 1189 5360 αὑτὸ
1236 5307 1461 5377 Πνεῦμα
1498 5306 1711 5371 δίδωσι,
1743 5308 1898 5375 φησι,
1931 5308 2021 5359 καὶ

446 5387 584 5457 πρὸς
613 5387 675 5440 τὸ
707 5387 986 5458 συμφέρον
1018 5388 1218 5453 δίδωσι,
1267 5394 1362 5443 καὶ
1401 5391 1476 5452 ώς
1525 5390 1772 5459 βούλεται
1801 5390 2019 5459 διαιρεῖ,

447 5471 541 5526 καὶ
587 5471 967 5544 χαριζόμενον,
1019 5472 1118 5523 οὑκ
1151 5471 1363 5541 ὑφεῖλον
1399 5473 1616 5544 διαιρεῖ.
1662 5471 1780 5525 Κᾶν
1829 5471 2023 5542 μικρὸν

447 5555 641 5628 λάϐῃς,
682 5554 881 5624 ὁμοίως
910 5554 989 5616 εἰς
1029 5553 1091 5606 τὸ
1122 5553 1281 5625 σῶμα
1323 5556 1517 5622 τελεῖς,
1559 5555 1653 5608 καὶ
1696 5553 1898 5624 πολλῆς
1928 5555 2024 5607 καὶ

447 5640 622 5703 οὑτως
646 5637 939 5703 ἀπολαύεις
977 5638 1137 5709 τιμῆς
1159 5655 1173 5668 ·
1214 5638 1307 5692 καὶ
1343 5641 1371 5691 ὁ
1402 5639 1459 5691 τὸ
1497 5640 1680 5709 μεῖζον
1717 5640 1876 5710 ἔχων,
1929 5638 2023 5692 σοῦ

449 5720 543 5779 τοῦ
571 5724 633 5779 τὸ
666 5724 884 5778 Ιλαττον
925 5722 1142 5793 ἔχοντος
1185 5721 1389 5776 δεῖται·
1426 5724 1519 5775 καὶ
1550 5724 1633 5776 ὅτι
1677 5723 1739 5775 τὸ
1773 5724 2024 5791 μέγιστον

455 5807 701 5880 χάρισμα
733 5808 825 5861 καὶ
852 5808 885 5877 ή
924 5806 1045 5859 καθ’
1079 5804 1386 5875 ὑπερϐολὴν
1419 5802 1533 5865 όδός
1566 5807 1710 5857 ἐστιν
1745 5807 1778 5871 ἡ
1811 5806 2022 5874 ἀγάπη.

2186 3295 2372 3350 Ταῦτα
2400 3296 2460 3351 δὲ
2485 3295 2659 3365 ἔλεγε,
2683 3296 2841 3367 διπλῇ
2873 3296 3253 3365 περισφίγγων
3283 3296 3480 3361 αὐτοὺς
3516 3298 3682 3370 ἀλλή-

2112 3377 2245 3441 λοις,
2267 3378 2345 3450 τῷ
2369 3396 2429 3433 τε
2467 3379 2544 3451 μὴ
2586 3379 2827 3449 νομίζειν
2864 3378 3212 3449 ἡλαττῶσθαι
3244 3380 3451 3448 ταύτης
3480 3380 3684 3454 παρού-

2114 3479 2233 3532 σης,
2264 3463 2357 3517 καὶ
2381 3461 2459 3533 τῷ
2484 3462 2885 3533 ἐπιδραμόντας
2925 3463 3063 3534 αὑτῇ
3101 3462 3197 3515 καὶ
3241 3463 3484 3529 ἑλόντας,
3523 3464 3686 3536 μηδὲν

2115 3546 2344 3616 πάσχειν
2366 3545 2553 3599 λοιπὸν
2577 3543 2938 3616 ἀνθρώπινον,
2969 3545 3063 3598 καὶ
3098 3546 3173 3608 ὡς
3215 3546 3316 3615 τὴν
3346 3546 3503 3617 ῥίζαν
3536 3547 3687 3618 έχον-

2114 3647 2212 3692 τας
2256 3627 2365 3682 τῶν
2408 3628 2785 3700 χαρισμάτων,
2833 3627 2925 3681 καὶ
2976 3627 3052 3690 ὡς
3105 3627 3288 3680 οὑκέτι
3335 3628 3684 3698 δυναμένους,

2111 3712 2231 3765 οὐδὲ
2264 3713 2312 3764 εἰ
2349 3712 2516 3782 μηδὲν
2545 3707 2711 3781 εἰχον,
2750 3711 3091 3781 φιλονεικεῖν.
3134 3710 3194 3763 '0
3216 3711 3323 3779 γάρ
3344 3710 3502 3771 ἁλοὺς
3532 3708 3688 3774 ἅπαξ

2114 3794 2219 3848 ὑπὸ
2249 3794 2349 3864 τῆς
2396 3793 2619 3862 ἀγάπης
2639 3834 2654 3858 ,
2695 3792 3030 3862 φιλονεικίας
3063 3793 3418 3861 ἀπήλλακται.
3462 3792 3552 3844 Διὸ
3586 3793 3688 3845 καὶ

2112 3876 2325 3939 δεικνὺς
2352 3876 2557 3939 αὑτοῖς,
2591 3876 2691 3928 ὅσα
2711 3875 2961 3929 ἐντεῦθεν
2982 3876 3362 3945 καρπώσονται
3387 3875 3456 3927 τὰ
3481 3874 3686 3941 ἀγαθὰ,

2112 3962 2239 4023 τοὺς
2285 3959 2530 4029 καρποὺς
2568 3958 2735 4028 αὑτῆς
2775 3958 3081 4029 ὑπέγραψε,
3121 3958 3210 4012 διά
3242 3958 3349 4012 τῶν
3399 3958 3689 4029 ἐγκωμίων

2114 4042 2283 4112 αὑτῆς
2310 4042 2379 4095 τά
2403 4042 2628 4095 ἐκείνων
2667 4042 2951 4111 νοσήματα
2992 4040 3396 4095 καταστέλλων.
3433 4040 3542 4094 Καὶ
3579 4040 3689 4111 γάρ

2112 4125 2221 4178 τῶν
2278 4125 2583 4194 εἰρημένων
2627 4122 2854 4176 ἕκαστον
2904 4124 3195 4193 φάρμακον
3238 4123 3424 4177 ἰκανὸν
3467 4119 3538 4195 ἦν
3577 4126 3689 4185 τοῖς

2115 4207 2338 4261 ἐκείνων
2368 4206 2681 4279 τραύμασιν
2714 4205 2969 4276 ἀρκέσαι.
2996 4205 3089 4258 Διδ
3126 4206 3219 4259 καὶ
3247 4205 3421 4273 ἔλεγε,
3457 4208 3689 4273 Μακρο-

2114 4289 2306 4359 θυμεῖ,
2355 4289 2493 4360 πρὸς
2533 4288 2660 4350 τοὺς
2704 4287 2954 4358 ἀλλήλοις
3001 4286 3443 4356 φιλονεικοῦντας
3467 4302 3482 4316 °
3534 4289 3686 4355 Χρη-

2115 4373 2410 4433 στεύεται,
2469 4372 2605 4440 πρὸς
2646 4370 2772 4433 τοὺς
2804 4368 3100 4432 διεστῶτας
3142 4371 3236 4423 καὶ
3273 4368 3538 4432 ὑπούλους
3560 4386 3575 4401 ο
3607 4370 3687 4424 υὺ

2117 4454 2302 4521 ζηλοῖ,
2344 4453 2483 4524 πρὸς
2520 4454 2648 4516 τοὺς
2692 4452 3083 4521 βασκαίνοντας
3123 4454 3236 4516 τοῖς
3281 4451 3641 4522 ὑπερέχουσιν
3669 4467 3685 4483 σ

2121 4539 2204 4589 Οὐ
2250 4535 2689 4602 περπερεύεται,
2747 4535 2883 4606 πρὸς
2937 4532 3062 4596 τοὺς
3108 4533 3577 4597 διασπασθένταςο
3609 4533 3693 4586 οὐ

2116 4617 2460 4686 φυσιοῦται,
2492 4616 2626 4683 πρὸς
2664 4616 2791 4679 τοὺς
2836 4615 3436 4686 καταλαζονευομένους
3473 4614 3691 4671 αὐτῶν·

2121 4703 2241 4755 Οὐκ
2268 4697 2622 4767 ἀσχημονεῖ,
2662 4698 2798 4769 πρὸς
2827 4700 2953 4762 τοὺς
3004 4700 3106 4752 οὐκ
3150 4698 3513 4766 όφείλονταςι
3566 4713 3697 4765 συγ-

2120 4781 2468 4835 καταϐαίνειν
2490 4794 2503 4809 ο
2540 4782 2623 4834 Οὐ
2654 4779 2815 4847 ζητεῖ
2842 4780 2909 4833 τὸ
2931 4779 3171 4848 ἑαυτῆς,
3201 4781 3341 4851 πρὸς
3371 4781 3501 4843 τοὺς
3529 4781 3698 4849 ὑπερ-

2118 4866 2359 4938 ορῶντας
2396 4864 2504 4919 τῶν
2530 4864 2733 4919 λοιπῶν
2759 4882 2773 4896 ·
2807 4869 2890 4918 οὐ
2925 4864 3348 4933 παροξύνεται,
3376 4868 3449 4919 οὑ
3475 4863 3699 4934 λογίζω-

2120 4966 2212 5002 ται
2236 4947 2302 5001 τὸ
2332 4948 2540 5012 κακὸν,
2570 4947 2705 5018 πρὸς
2750 4948 2876 5010 τοὺς
2906 4946 3291 5018 ὑϐριζομένους
3329 4964 3343 4978 ο
3379 4950 3461 5001 Οὐ
3506 4947 3699 5014 χαίρει

2119 5033 2219 5086 ἐπὶ
2266 5029 2339 5101 τῇ
2378 5030 2599 5099 ἀδικίᾳ,
2651 5031 2967 5099 συγχαίρει
3010 5030 3079 5083 δὲ
3122 5029 3197 5098 τῇ
3242 5031 3516 5097 ἀληθείᾳ,
3568 5029 3697 5100 πρὸς

2120 5118 2247 5180 τοὺς
2279 5114 2666 5185 βασκαίνοντας
2695 5114 2855 5166 πάλιν
2880 5128 2893 5143 ·
2925 5112 3129 5168 Πάντα
3150 5112 3372 5183 στέγει,
3406 5113 3543 5183 πρὸς
3570 5113 3697 5173 τοὺς

2122 5198 2664 5269 ἐπιϐουλευομένους·
2705 5196 2907 5251 Πάντα
2955 5195 3197 5259 ἐλπίζει,
3234 5196 3373 5267 πρὸς
3400 5196 3528 5255 τοὺς
3559 5195 3699 5247 ἀπο-

2122 5282 2487 5352 γινώσκοντας
2503 5297 2518 5311 *
2544 5279 2747 5333 Πάντα
2762 5279 3069 5348 ὑπομένει,
3090 5279 3382 5334 οὐδέποτε
3402 5278 3699 5341 ἐκπίπτει,

2125 5367 2260 5437 πρὸς
2292 5366 2419 5427 τοὺς
2465 5361 2699 5425 εὑκόλως
2737 5362 3134 5432 διῖσταμένους.
3170 5362 3325 5414 Ἐπεὶ
3370 5358 3465 5415 οὖν
3493 5376 3703 5414 παντα-

2125 5448 2279 5519 κόθεν
2304 5447 2475 5518 αὑτὴν
2506 5445 2748 5516 μεγάλην
2779 5445 2949 5511 ἔδειξε
2975 5445 3092 5517 μεθ’
3118 5444 3425 5514 ὑπερϐολῆς
3455 5444 3702 5513 ἀπάσης,

2125 5531 2285 5583 πάλιν
2317 5527 2378 5595 ἐξ
2424 5528 2610 5601 ἐτέρου
2665 5527 2959 5597 κεφαλαίου
3018 5527 3272 5600 μεγίστου
3322 5527 3482 5581 τοῦτο
3533 5527 3705 5591 ποιεῖ,

2190 5751 2207 5775 ¹
2227 5750 2510 5819 Legendum
2531 5753 2672 5813 putat
2695 5748 2911 5797 Savilius
2936 5745 2991 5793 οὑ
3012 5745 3245 5801 θέλοντας,
3270 5746 3324 5791 et
3347 5744 3419 5792 sic
3462 5740 3589 5804 legit
3609 5748 3705 5785 ve-

2134 5821 2217 5866 tu
2238 5823 2505 5875 Interpres.
