3990 6168
325 392 431 449 985

330 511 412 561 tax
442 501 643 558 amoris
675 497 936 561 accendit.
982 493 1106 550 vide
1133 491 1404 563 quomodo
1430 488 1725 558 simplicem
1753 484 1903 539 illum

332 606 391 654 et
411 596 628 653 domum
657 591 996 655 incolentem,
1015 586 1207 643 fortem
1226 594 1280 640 et
1304 584 1630 643 laboriosum
1657 575 1906 634 reddide—

332 690 406 743 rit
432 704 447 741 :
478 694 536 742 et
570 686 671 739 hoc
700 696 805 737 non
841 695 872 735 a
900 694 1009 743 me,
1049 677 1145 734 sed
1182 675 1254 731 ab
1293 678 1410 744 ipso
1435 668 1732 742 patriarcha
1763 667 1907 722 audi.

336 778 590 833 Socerum
615 772 754 825 enim
788 770 1058 832 incusans,
1091 766 1205 820 ait:
1243 763 1352 818 Hos
1373 760 1546 833 viginti
1568 775 1727 813 annos
1755 766 1912 811 tecum

337 882 428 938 ego
450 881 559 920 sum
588 860 737 933 (Gen.
762 861 849 916 51.
875 859 966 915 53.
997 856 1126 927 40).
1158 857 1226 911 Et
1245 853 1514 937 quomodo
1543 852 1683 906 fuisti
1715 849 1814 904 hos
1836 847 1914 900 vi-

336 956 462 1027 ginti
508 952 715 1009 annos?
759 967 885 1006 nam
919 943 984 1007 et.
1017 949 1119 1004 hoc
1157 962 1370 1018 quoque
1405 944 1643 1015 adjecit:
1688 941 1913 995 Adnstus

339 1055 464 1102 testu
494 1043 594 1097 diei
617 1051 664 1096 et
693 1043 884 1111 {rigore
922 1041 1103 1106 noctis,
1133 1047 1180 1093 et
1205 1036 1439 1092 abscessit
1467 1048 1671 1089 somnus
1698 1030 1761 1085 ab
1787 1046 1914 1085 ocn-

334 1139 395 1193 lis
420 1138 563 1190 meis.
582 1133 712 1189 Hmc
734 1133 825 1189 ille
849 1132 965 1186 sine
991 1130 1131 1191 fuco.
1163 1129 1251 1199 qui
1278 1126 1422 1182 domi
1454 1123 1726 1179 habitabat
1744 1135 1806 1176 ac
1833 1135 1917 1174 re-

334 1227 550 1282 missam
599 1223 834 1280 ducebat
882 1223 1071 1276 vitam.
1108 1218 1261 1287 Quod
1290 1227 1464 1271 autem
1506 1212 1719 1268 timidus
1748 1221 1912 1275 esset,

335 1320 506 1390 palam
534 1327 618 1374 est
645 1331 712 1371 ex
737 1329 804 1371 eo
832 1313 1003 1385 quod,
1030 1328 1150 1367 cum
1177 1326 1235 1365 se
1265 1310 1406 1364 Esau
1431 1308 1664 1361 visurum
1690 1316 1917 1370 exspec-

338 1418 501 1476 taret,
556 1417 703 1463 metu
743 1413 1062 1461 moreretur.
1106 1403 1209 1458 Sed
1254 1400 1374 1455 vide
1411 1413 1621 1453 rursum
1647 1391 1918 1464 quomodo

339 1502 430 1556 ille
458 1498 675 1556 timidus
703 1499 855 1554 leone
876 1496 1126 1551 audacior
1148 1509 1213 1548 ex
1237 1508 1430 1550 amore
1450 1489 1619 1544 factus
1645 1486 1733 1544 sit.
1783 1483 1915 1539 Nam

339 1590 488 1646 velut
514 1589 728 1659 quidam
779 1596 1138 1656 propugnator
1164 1592 1285 1638 ante
1315 1582 1451 1636 alios
1476 1594 1664 1634 omnes
1694 1576 1915 1645 positus,

344 1689 566 1754 paratus
610 1689 726 1735 erat
772 1676 1003 1732 ferocem
1042 1676 1186 1729 illum
1217 1682 1272 1728 et
1293 1671 1492 1727 caedem
1521 1668 1832 1738 spirantem,
1862 1671 1920 1719 ut

278 1776 282 1779 ’
346 1769 708 1834 existimabat,
751 1769 954 1838 primus
978 1766 1245 1835 excipere,
1276 1773 1328 1817 et
1354 1763 1407 1815 in
1432 1774 1659 1829 corpore
1677 1771 1772 1811 suo
1799 1772 1919 1810 mu-

346 1863 565 1920 lieribus
591 1861 932 1915 securitatem
962 1872 1240 1928 apparare,
1268 1867 1322 1911 et
1346 1869 1466 1911 eum
1492 1867 1650 1923 quem
1673 1852 1920 1906 timuerat

346 1964 401 2010 et
431 1952 829 2017 formidaverat,
860 1951 1063 2019 primus
1102 1948 1357 2003 instructa
1388 1944 1503 2000 acie
1531 1942 1711 1998 videre
1733 1940 1919 2012 cupie-

345 2045 455 2100 bat.
507 2043 621 2097 Hoc
656 2043 853 2111 quippe
900 2041 1093 2095 timore
1119 2038 1306 2092 fortior
1331 2045 1451 2092 erat
1480 2050 1704 2090 uxorum
1743 2047 1916 2089 amor.

296 2138 299 2139 ⁷
336 2137 527 2194 Viden‘
574 2135 861 2207 quomodo.
883 2133 1098 2189 timidus
1140 2147 1261 2187 cum
1304 2139 1472 2195 esset,
1516 2128 1687 2185 audax
1740 2126 1921 2182 subito

333 2230 511 2285 factus
545 2229 634 2293 sit,
666 2241 770 2282 non
799 2234 999 2281 mutato
1029 2224 1230 2288 habitu,
1260 2223 1354 2278 sed
1380 2223 1447 2277 ab
1473 2235 1658 2276 amore
1679 2219 1907 2274 robora-

335 2322 460 2378 tus?
483 2319 614 2375 Nam
639 2316 780 2386 quod
808 2318 967 2372 etiam
999 2323 1181 2385 postea
1207 2313 1424 2369 timidus
1449 2321 1614 2377 esset,
1642 2312 1816 2380 palam
1836 2318 1923 2365 est

332 2428 399 2467 ex
435 2425 522 2475 eo,
553 2407 694 2478 quod
724 2407 898 2462 locum
930 2421 1000 2462 ex
1028 2405 1149 2459 loco
1174 2412 1422 2460 mutaret.
1450 2402 1556 2458 Sed
1587 2417 1745 2457 nemo
1772 2408 1924 2471 putet

331 2517 425 2568 ea,
477 2515 596 2572 quas
637 2498 779 2553 dicta
824 2505 970 2562 sunt,
1007 2495 1138 2565 justi
1181 2509 1302 2550 esse
1343 2493 1756 2548 accusationem.
1803 2489 1919 2545 Non

331 2593 482 2650 enim
526 2588 772 2643 timidum
798 2601 921 2642 esse
958 2585 1112 2654 culpa
1141 2593 1224 2640 est
1256 2602 1269 2637 :
1299 2599 1420 2637 nam
1449 2582 1550 2636 hoc
1577 2591 1660 2637 est
1682 2589 1918 2645 naturae;

331 2683 433 2739 sed
455 2699 520 2738 ex
550 2683 744 2736 timore
764 2679 966 2749 aliquid
996 2687 1187 2733 contra
1216 2675 1453 2731 oftieium
1482 2685 1716 2744 patrare.
1740 2673 1922 2728 Potest

330 2775 479 2830 enim
521 2773 641 2842 quis
676 2781 864 2826 natura
905 2768 1142 2828 timidus.
1192 2783 1221 2821 a
1254 2768 1446 2835 pietate
1471 2766 1623 2820 fortis
1653 2774 1707 2818 et
1741 2763 1919 2833 magni

331 2856 502 2913 animi
540 2855 702 2911 eflici.
736 2853 873 2921 Quid
905 2861 1080 2907 autem
1112 2850 1363 2920 Moyses?
1389 2864 1563 2903 annon
1611 2845 1918 2918 IEgyptium

336 2964 503 3005 unum
535 2947 732 3003 timens
760 2945 911 3015 fugit,
942 2952 997 2998 et
1024 2943 1074 2997 in
1099 2942 1344 2998 exsilium
1371 2941 1503 2994 ivit?
1534 2941 1781 2993 Attamen
1826 2936 1920 2991 ille

335 3042 608 3114 fugitivus,
637 3039 728 3110 qui
756 3039 856 3092 viri
882 3033 1039 3091 unius
1060 3035 1229 3089 minas
1259 3048 1364 3087 non
1392 3033 1607 3096 tulerat,
1632 3039 1913 3100 postquam

336 3132 571 3203 gustavit
601 3129 707 3185 mel
728 3124 989 3190 caritatis,
1020 3123 1242 3194 pulchre
1262 3139 1327 3178 ac
1352 3123 1564 3177 nemine
1584 3129 1831 3190 cogente,
1863 3124 1923 3171 ut

1272 377 1337 435 ΙΝ
1374 375 1591 433 EPIST.
1631 374 1651 430 Ι
1714 373 1804 428 ΑΙ)
1839 370 1995 427 00R.
2034 366 2267 425 HOMIL.
2307 363 2551 422 XXXIV.

3483 361 3590 414 286

2016 495 2118 534 una
2139 495 2260 535 cum
2290 477 2501 531 dilectis
2525 475 2728 545 periret
2775 471 3073 528 festinabat.
3116 470 3177 526 Si
3203 472 3369 533 enim,
3401 472 3588 541 inquit.

2017 571 2226 624 dimittis
2265 570 2369 621 illis
2402 575 2680 635 peccatum,
2722 564 2951 627 dimitte;
2993 564 3074 616 sin
3102 563 3290 625 mimis,
3318 572 3459 614 eme
3480 563 3593 615 dele

2020 662 2083 714 de
2111 661 2239 714 libro
2267 667 2373 721 tuo,
2400 673 2545 726 quem
2574 654 2821 725 scripsisti
2844 653 3038 721 (Exod.
3071 652 3159 707 52.
3184 653 3297 721 3i).
3324 652 3476 717 Quod
3499 667 3595 705 an-

2019 764 2122 807 tem
2151 766 2304 804 amor
2342 758 2397 804 et
2433 758 2638 802 trucem
2669 754 3025 811 mansuetum,
3052 754 3106 797 et
3130 743 3472 799 libidinosum
3509 759 3596 798 ca-

2015 852 2155 897 stum
2187 839 2407 902 efﬁciat,
2439 852 2543 892 non
2576 836 2664 890 hic
2697 836 2831 889 ultra
2872 834 3132 902 exemplis
3159 835 3311 888 nobis
3337 848 3506 902 opus;
3540 833 3593 889 id

2015 934 2157 987 enim
2178 929 2424 984 munibus
2455 932 2625 996 palam
2656 935 2738 979 est
2763 943 2777 978 :
2807 925 3014 978 etiamsi
3048 924 3157 977 fera
3185 925 3371 995 quavis
3400 925 3592 978 imma-

2020 1024 2140 1077 nior
2178 1022 2297 1090 quis
2337 1018 2516 1079 fuerit,
2557 1033 2657 1071 ove
2695 1016 3020 1069 mansuetior
3045 1031 3109 1069 ex
3139 1029 3322 1070 arnore
3344 1014 3592 1070 efﬁcitur.

2017 1112 2148 1166 Nam
2196 1108 2322 1178 quid
2369 1106 2529 1164 Saiile
2579 1106 2863 1160 immanius
2913 1114 2969 1158 et
3014 1103 3265 1158 furiosius
3292 1104 3450 1158 erat?
3488 1103 3596 1158 Sed

2018 1200 2231 1272 quando
2253 1199 2361 1254 filia
2391 1198 2509 1266 ejus
2532 1197 2803 1251 inimicum
2832 1195 3010 1260 solvit,
3043 1210 3110 1248 ne
3134 1194 3354 1248 verbum
3382 1195 3597 1264 quidem

2022 1306 2262 1347 amarum
2292 1297 2479 1345 contra
2499 1288 2639 1340 illam
2667 1286 2846 1341 emisit
2865 1300 2885 1337 :t
2903 1292 2957 1338 et
2975 1284 3060 1352 qui
3085 1284 3394 1339 sacerdotes
3413 1298 3605 1338 omnes

2022 1384 2232 1455 penitus
2274 1382 2613 1436 interiecerat
2656 1387 2874 1450 prepter
2917 1376 3191 1440 Davidcm,
3231 1377 3392 1430 tiliam
3416 1376 3606 1432 videns

2022 1490 2140 1544 quae
2167 1488 2232 1526 ex
2255 1471 2417 1527 domo
2446 1471 2595 1524 illum
2619 1471 2895 1534 emiserat,
2924 1484 2990 1522 ne
3020 1467 3185 1521 verbo
3206 1468 3419 1537 quidem
3450 1477 3607 1523 tenus

2019 1566 2280 1620 adversus
2323 1564 2469 1618 illam
2500 1561 2804 1630 indignatus
2829 1568 2932 1623 est,
2965 1560 3174 1613 etiamsi
3218 1560 3363 1615 fraus
3390 1562 3474 1615 illa
3507 1564 3603 1615 ad-

2019 1670 2231 1711 versum
2252 1670 2310 1708 se
2335 1653 2591 1706 adornata
2616 1650 2802 1706 fuisset
2826 1669 2838 1703 :
2871 1651 3170 1720 potentiore
3197 1666 3425 1721 namque
3446 1667 3599 1705 amo-

2021 1748 2098 1803 ris
2132 1745 2289 1800 freno
2326 1743 2685 1799 detinebatur.
2740 1743 2806 1798 Ut
2845 1754 3022 1796 autem
3065 1752 3392 1807 mansuetos,
3436 1744 3507 1797 ita
3538 1753 3598 1799 et

2022 1842 2380 1905 temperantes
2396 1833 2534 1888 solet
2547 1833 2742 1888 caritas
2756 1832 2932 1888 facere
2959 1848 2976 1885 :
3007 1832 3052 1887 si
3073 1833 3194 1903 quis
3213 1834 3356 1887 enim
3380 1849 3601 1888 uxorem

2025 1945 2177 1985 suam
2207 1936 2372 1992 amat,
2405 1936 2461 1980 ut
2482 1940 2663 1979 amare
2691 1933 2924 1995 oportet,
2948 1924 3290 1990 quantumvis
3317 1934 3505 1979 natura
3533 1926 3605 1979 sit

2022 2022 2360 2079 libidinosus.
2388 2032 2677 2088 numquam
2709 2019 2866 2071 aliam
2894 2016 3114 2084 videbit,
3143 2030 3255 2071 suae
3274 2031 3459 2071 amore
3506 2015 3607 2071 du-

2022 2124 2173 2169 ctus:
2209 2128 2328 2166 nam
2359 2112 2453 2178 ait,
2479 2109 2652 2164 Fortis
2677 2119 2748 2163 cst
2775 2118 2830 2162 ut
2856 2125 2991 2164 mors
3019 2109 3217 2164 dilectio
3246 2108 3414 2179 (Cant.
3440 2108 3494 2163 8.
3525 2109 3605 2175 6).

2022 2205 2206 2275 Itaque
2274 2219 2381 2258 non
2440 2202 2655 2258 aliunde
2721 2202 2841 2272 quis
2912 2200 3229 2256 libidinosus
3274 2209 3395 2266 est,
3445 2216 3605 2271 quam

2022 2297 2161 2369 quod
2235 2312 2340 2351 non
2393 2304 2556 2351 amet.
2618 2294 2880 2361 Quoniam
2937 2294 3099 2363 igitur
3157 2294 3334 2349 omnis
3394 2294 3608 2348 virtutis

2023 2387 2201 2457 opifex
2231 2399 2310 2441 est
2352 2388 2568 2449 caritas,
2598 2400 2720 2440 cum
2772 2384 3114 2440 accuratiooe
3158 2384 3306 2441 omni
3357 2383 3502 2438 illam
3554 2386 3609 2438 in

2033 2479 2228 2533 animis
2269 2478 2468 2532 nostris
2515 2477 2836 2542 inseramus,
2880 2485 2935 2531 ut
2976 2475 3131 2531 nobis
3166 2477 3326 2529 multa
3370 2475 3612 2529 conferat

2025 2570 2186 2635 bona,
2221 2579 2274 2624 et
2301 2569 2520 2624 uberem
2550 2568 2665 2636 ejus
2696 2567 2924 2621 fructum
2954 2576 3211 2635 perpetuo
3235 2566 3609 2634 decerpamns,

2025 2676 2244 2729 semper
2273 2661 2559 2722 virentem,
2588 2658 2677 2727 qui
2705 2673 2996 2727 numquam
3024 2670 3335 2713 marcescat.
3362 2657 3450 2713 Sic
3467 2658 3611 2712 enim

2024 2768 2222 2808 aeterna
2273 2766 2673 2820 consequemur
2709 2750 2843 2804 bona
2874 2766 2888 2803 :
2928 2766 3046 2817 qum
3076 2750 3276 2803 utinam
3304 2764 3399 2803 nos
3425 2762 3615 2803 omnes

2024 2842 2243 2911 adipisci
2290 2841 2585 2911 contingat,
2636 2839 2803 2908 gratia
2831 2849 2885 2893 et
2921 2839 3248 2908 benignitate
3276 2839 3486 2893 Domini
3513 2854 3611 2893 no-

2031 2932 2128 2987 stri
2158 2931 2284 2986 Jcsu
2314 2930 2534 2993 Christi.
2566 2930 2656 2999 qui
2685 2944 2807 2984 cum
2837 2929 2980 2983 Patri
3009 2944 3217 2999 unaque
3242 2929 3460 3000 Spiritui
3487 2943 3614 2983 san-

2024 3034 2112 3079 eto
2156 3025 2346 3095 gloria,
2385 3024 2695 3093 imperiutn,
2739 3023 2936 3088 honor,
2962 3038 3107 3077 nunc
3129 3031 3183 3078 et
3210 3036 3447 3092 semper,
3474 3022 3606 3078 etin

2026 3116 2223 3171 sa-cula
2254 3117 2595 3170 saeculorum.
2627 3115 2819 3170 Amen.

1684 3325 2021 3388 HOMlLlA
2065 3324 2359 3385 XXXIV.

348 3477 482 3534 Car.
504 3479 589 3533 l3.
608 3494 659 3531 v.
684 3479 737 3532 8.
760 3477 875 3532 Sive
900 3475 1175 3547 prophetia!
1195 3471 1586 3539 evacuabuntur,
1616 3470 1717 3525 sive
1740 3469 1926 3539 lingua:

647 3568 933 3635 cessabunt,
964 3569 1065 3621 sive
1091 3566 1299 3620 scientia
1329 3565 1631 3617 destruetur.

422 3707 476 3761 Ι.
517 3703 653 3760 Cum
681 3704 913 3758 caritatis
949 3702 1323 3758 excellentiam
1360 3697 1719 3772 ostendisset,
1769 3712 1835 3751 ex
1864 3710 1931 3750 eo

344 3796 493 3867 quod
532 3806 588 3851 et
622 3795 945 3849 charismata
983 3805 1038 3848 et
1069 3809 1131 3847 ea
1170 3808 1288 3862 quae
1327 3791 1379 3844 in
1417 3789 1522 3845 vita
1556 3789 1809 3859 prmelare
1840 3801 1931 3856 ge-

344 3897 547 3943 runtur
572 3902 635 3941 ea
667 3885 971 3956 indigeant;
1004 3900 1068 3939 cx
1089 3900 1156 3939 eo
1184 3883 1322 3953 quod
1353 3882 1468 3952 ejus
1495 3895 1681 3937 omnes
1708 3880 1930 3934 virtutes

343 3980 769 4045 enumeraverit,
800 3986 855 4033 et
872 3978 1126 4047 perfectas
1156 3978 1505 4046 philosophiae
1530 3975 1929 4030 fundamentum

344 4087 471 4127 esse
508 4069 786 4140 probarit;
833 4083 901 4122 ex
944 4069 1051 4122 alio
1094 4083 1280 4122 rursus
1318 4069 1579 4137 tertioque
1605 4068 1776 4137 capite
1814 4067 1931 4136 ejus

346 4162 589 4217 ostendit
617 4160 955 4231 dignitatem.
991 4158 1056 4212 Et
1102 4158 1205 4213 hoc
1253 4159 1412 4225 facit,
1455 4167 1565 4212 tum
1604 4168 1660 4211 ut
1697 4158 1801 4213 illis
1838 4157 1932 4229 qui

346 4254 619 4309 imminuti
658 4267 781 4307 esse
815 4235 1137 4306 videbantur
1167 4251 1484 4321 persuadeat
1511 4251 1669 4305 licere
1697 4251 1824 4320 ipsis
1853 4253 1929 4306 si-

346 4359 583 4414 gnorum
607 4344 768 4398 etiam
799 4352 958 4412 caput
988 4358 1083 4398 seu
1115 4342 1418 4396 facultatem
1449 4341 1663 4404 habere,
1695 4341 1933 4412 nihilque

349 4439 535 4492 minus
565 4435 811 4490 obtinere
850 4449 1007 4503 quam
1052 4435 1086 4488 ii
1131 4435 1218 4504 qui
1261 4433 1578 4488 charismata
1610 4434 1843 4502 habent,
1887 4436 1932 4489 si

348 4527 499 4581 illam
532 4526 784 4591 habeant,
814 4525 925 4580 imo
951 4525 1120 4580 multo
1149 4526 1356 4593 majus;
1391 4534 1497 4579 ttnn
1542 4527 1702 4582 etiam
1746 4534 1804 4581 ut
1839 4541 1933 4583 eos

345 4618 441 4687 qui
474 4617 681 4686 majora
712 4617 1035 4671 charismata
1067 4615 1325 4671 haberent
1356 4617 1586 4688 indeque
1612 4618 1935 4674 extolleren-

346 4720 457 4773 tur.
491 4710 622 4766 hinc
649 4710 948 4780 deprimat,
993 4720 1048 4767 et
1089 4712 1337 4767 ostendat
1378 4727 1472 4766 eos
1514 4713 1646 4767 nihil
1697 4712 1928 4777 habere,

345 4803 448 4856 nisi
478 4801 626 4857 hanc
652 4803 947 4859 obtineant.
980 4803 1057 4858 Ita
1077 4805 1220 4859 enim
1244 4818 1364 4859 sese
1388 4816 1443 4861 et
1473 4816 1658 4860 mutuo
1684 4806 1931 4862 dilecturi

342 4902 507 4948 erant
529 4933 546 4959 ,
586 4892 784 4947 invidia
815 4903 870 4948 et
919 4895 1220 4965 arrogantia
1264 4895 1343 4948 sic
1371 4895 1437 4949 de
1466 4896 1643 4952 medio
1676 4897 1930 4964 sublatis,

343 4991 403 5038 et
450 4996 646 5038 rursus
688 4997 813 5039 sese
857 4992 1041 5039 mutuo
1080 4984 1359 5055 diligentes
1383 5026 1398 5051 ,
1447 4985 1561 5039 haec
1589 4987 1711 5041 vitia
1750 4989 1933 5057 procul

344 5073 716 5129 amandabant
743 5092 757 5128 :
782 5089 905 5129 nam
932 5074 1131 5129 Caritas
1151 5092 1251 5129 non
1270 5075 1557 5141 aemulatur,
1582 5093 1681 5131 non
1701 5079 1930 5148 inﬂatur.

344 5165 537 5236 itaque
569 5180 721 5220 muro
754 5167 873 5221 illos
900 5167 1137 5239 undique
1165 5168 1471 5223 firmissimo
1499 5169 1684 5235 cinxit,
1712 5179 1766 5224 et
1794 5171 1932 5224 mul-

348 5259 521 5327 tiplici
555 5259 867 5327 concordia,
892 5276 1012 5329 quae
1037 5261 1251 5316 morbos
1277 5275 1466 5316 omnes
1496 5261 1708 5316 tolleret
1732 5271 1786 5317 et
1811 5263 1936 5318 hinc

345 5364 548 5407 rursus
577 5348 773 5405 fortior
802 5351 1076 5407 evaderet.
1108 5350 1338 5422 Ideoque
1376 5353 1791 5410 innumerabiles
1820 5358 1934 5425 agi-

348 5439 485 5495 tavit
512 5440 774 5506 rationes,
809 5457 928 5510 qua:
977 5450 1192 5511 possent
1235 5443 1471 5512 ipsorum
1521 5444 1758 5499 dolorem
1801 5460 1932 5499 con-

347 5533 554 5603 solari.
611 5530 741 5586 Nam
798 5532 939 5587 idem
996 5531 1089 5587 dat
1141 5534 1412 5603 Spiritus,
1469 5536 1680 5605 inquit,
1748 5545 1803 5592 et
1865 5538 1933 5592 ad

349 5612 643 5678 utilitatem
673 5623 784 5688 dat,
807 5634 861 5679 et
889 5633 947 5677 ut
975 5624 1086 5677 vult
1112 5623 1318 5691 dividit,
1360 5634 1415 5678 et
1439 5631 1600 5695 gratis
1628 5630 1790 5689 dans.
1827 5644 1930 5684 non

350 5715 586 5777 debetis,
609 5713 814 5770 dividit.
846 5715 1060 5770 Etiamsi
1082 5730 1210 5769 vero
1239 5730 1418 5783 parum
1441 5721 1726 5788 acceperis,
1745 5720 1934 5775 simili-

354 5807 437 5853 ter
466 5816 534 5855 es
558 5819 781 5876 corpore
810 5822 889 5872 es,
917 5816 971 5863 et
1000 5807 1169 5861 multo
1193 5807 1270 5860 sic
1293 5808 1450 5861 etiam
1482 5809 1671 5866 frueris
1693 5813 1927 5868 honore:

2037 3479 2100 3519 ac
2130 3467 2219 3533 qui
2252 3464 2423 3532 majus
2452 3462 2647 3527 habet,
2680 3473 2731 3518 te
2760 3466 2847 3533 qui
2879 3465 3054 3520 minus
3086 3465 3252 3521 habes
3281 3467 3519 3538 indiget:
3560 3477 3617 3523 et

2041 3555 2329 3606 niaximum
2355 3553 2642 3616 charisma,
2670 3554 3126 3621 excellentiorque
3150 3554 3233 3608 via
3254 3563 3336 3609 est
3361 3556 3575 3611 caritas.

2105 3642 2306 3697 Caritas
2350 3642 2519 3696 omnia
2557 3643 2689 3696 tollit
2735 3643 2889 3696 mala.
2915 3643 3132 3698 —Ha:c
3162 3659 3324 3714 porro
3363 3644 3613 3713 dicebat,

2034 3732 2233 3802 duplici
2267 3732 2480 3787 vinculo
2503 3733 2776 3804 stringens
2806 3734 2927 3789 illos
2956 3734 3180 3790 invicem
3207 3752 3223 3799 ;
3262 3745 3316 3790 et
3350 3736 3490 3806 quod
3519 3752 3616 3806 pu-

2036 3833 2211 3880 tarent
2248 3840 2309 3880 se
2340 3840 2443 3879 non
2484 3826 2661 3879 minus
2691 3826 2887 3881 habere
2917 3827 3004 3881 illa
3038 3837 3337 3896 praesente,
3376 3838 3431 3883 et
3472 3829 3615 3897 quod

2035 3916 2101 3970 ad
2130 3916 2271 3969 illam
2299 3924 2644 3971 accurrentes
2671 3916 2921 3986 illamque
2944 3917 3246 3973 obtinentes
3269 3959 3284 3985 ,
3316 3918 3448 3973 nihil
3472 3919 3607 3972 ultra

2034 4006 2327 4061 humanum
2374 4017 2705 4077 paterentur.
2752 4018 2863 4063 tum
2900 4010 3022 4080 quia
3057 4010 3293 4066 radicem
3322 4010 3615 4066 charisma-

2037 4104 2146 4150 tum
2179 4096 2442 4152 haberent
2468 4138 2482 4161 ,
2524 4104 2635 4151 tum
2666 4098 2787 4166 quia
2830 4112 2934 4152 non
2976 4100 3112 4154 ultra
3160 4109 3407 4168 possent,
3452 4100 3613 4154 etiam

2034 4191 2078 4243 si
2128 4188 2260 4242 nihil
2294 4188 2581 4251 haberent,
2612 4189 2960 4244 contendere.
2998 4189 3129 4242 Nam
3160 4190 3246 4257 qui
3275 4189 3435 4242 semel
3466 4205 3494 4241 a
3521 4206 3613 4241 Cu-

2034 4279 2194 4333 ri!ate
2233 4289 2420 4348 captus
2463 4287 2585 4342 est,
2630 4293 2658 4331 a
2707 4279 3050 4333 contentione
3088 4278 3225 4332 liber
3272 4285 3375 4330 cst.
3415 4278 3613 4343 Quam-

2035 4369 2219 4422 obrem
2249 4367 2570 4429 ostendens,
2604 4376 2797 4436 quanta
2826 4367 2948 4422 inde
2976 4366 3115 4421 bona
3143 4366 3444 4435 deeerpturi
3468 4370 3575 4422 sint
3594 4412 3609 4431 ,

2036 4458 2242 4513 fructus
2281 4462 2398 4527 ejus
2437 4457 2758 4526 (lescripsit,
2806 4473 2903 4526 per
2941 4458 3083 4511 illius
3118 4460 3359 4513 encomia
3395 4461 3615 4514 motbos

2037 4548 2251 4602 illorum
2294 4549 2613 4617 reprimens.
2655 4548 2866 4603 Etenim
2902 4564 3020 4618 quae
3054 4548 3191 4602 diota
3231 4558 3357 4604 sunt
3385 4551 3613 4621 singula,

2036 4638 2378 4708 pharmacum
2408 4647 2562 4694 erant
2588 4639 2728 4708 quod
2757 4640 3021 4695 sufficeret
3048 4640 3114 4695 ad
3145 4640 3356 4697 illorum
3381 4644 3613 4698 curanda

2033 4730 2279 4784 vulnera.
2308 4731 2538 4800 Ideoque
2571 4731 2800 4793 dicebat,
2834 4731 3045 4787 Patiens
3074 4742 3177 4800 est,
3217 4733 3481 4790 adversus
3519 4753 3614 4790 ens

2035 4820 2125 4888 qui
2157 4820 2297 4875 inter
2326 4836 2385 4874 sc
2411 4821 2785 4886 contendunt;
2823 4819 3051 4892 Benigna
3086 4833 3158 4878 est
3178 4865 3194 4889 ,
3235 4823 3492 4880 adversus
3521 4841 3616 4882 eos

2034 4909 2124 4977 qui
2151 4908 2413 4963 dissident
2434 4918 2489 4963 et
2507 4909 2717 4962 occulto
2742 4909 2984 4964 feruntur
3003 4911 3126 4965 odio
3147 4928 3160 4977 ;
3182 4911 3233 4965 Ν
3236 4930 3300 4965 on
3318 4916 3609 4981 tumulatur,

2034 5009 2219 5053 contra
2249 5014 2346 5053 eos
2378 4998 2467 5066 qui
2515 4998 2750 5053 invident
2784 5001 2899 5069 plus
2940 5001 3292 5066 habentibus;
3345 5001 3466 5055 Non
3509 5007 3613 5072 agit

2037 5104 2301 5157 perperam
2320 5128 2335 5153 ,
2367 5087 2622 5142 adversus
2652 5104 2744 5142 eos
2773 5091 2862 5158 qui
2891 5090 3140 5157 disjuucti
3179 5099 3336 5155 sunt;
3380 5090 3501 5145 Non
3530 5094 3611 5147 in-

2035 5182 2211 5249 ﬂatur,
2244 5189 2427 5233 contra
2455 5195 2549 5234 eos
2573 5181 2662 5249 qui
2689 5181 2739 5233 in
2768 5181 2900 5235 alios
2930 5182 3291 5246 extolluntur;
3322 5181 3441 5237 Non
3470 5184 3613 5239 inde.
3642 5159 3659 5212 ί

2035 5287 2149 5324 core
2176 5271 2300 5342 agit,
2325 5279 2508 5325 contra
2535 5284 2629 5325 eos
2654 5270 2743 5340 qui
2772 5271 2957 5324 nolunt
2983 5287 3041 5326 se
3070 5280 3458 5343 attemperare;
3491 5274 3612 5330 Non

2035 5363 2212 5431 qttwrit
2239 5377 2353 5431 qua:
2379 5378 2473 5414 sua
2497 5372 2633 5426 sunt,
2663 5362 2921 5417 adversus
2947 5378 3040 5419 eos
3067 5365 3155 5435 qui
3185 5377 3408 5423 catteros
3437 5368 3613 5435 despi-

2035 5453 2177 5506 ciunt
2202 5468 2216 5517 ;
2242 5451 2363 5506 Non
2390 5453 2639 5521 irritatur,
2666 5471 2764 5508 non
2786 5456 2972 5525 cogitat
2996 5456 3209 5521 malum,
3236 5458 3492 5512 adversus
3517 5474 3611 5511 eos

2036 5543 2125 5612 qui
2151 5543 2528 5597 contumeliam
2558 5543 2833 5609 inferunt;
2882 5545 3003 5600 Non
3033 5548 3216 5617 gaudet
3243 5554 3395 5616 super
3421 5548 3608 5614 iniqui-

2035 5645 2164 5696 tate,
2199 5636 2479 5707 congaudet
2512 5647 2680 5691 autem
2710 5639 2906 5691 veritati
2925 5679 2941 5705 ,
2981 5654 3166 5693 rursus
3195 5638 3449 5691 adversus
3477 5638 3610 5692 invi-

2033 5724 2131 5779 dos
2154 5742 2168 5789 ;
2201 5724 2383 5779 Omnia
2416 5725 2610 5792 suffert,
2635 5728 2890 5782 adversus
2910 5743 3004 5782 eos
3024 5727 3111 5795 qui
3136 5726 3353 5780 insidias
3378 5738 3597 5796 parant;

2038 5818 2223 5873 Omnia
2266 5830 2470 5887 sperat,
2504 5821 2758 5875 adversus
2800 5836 2894 5874 eos
2937 5820 3025 5887 qui
3065 5818 3385 5887 desperant;
3421 5821 3606 5877 Omnia
