3990 6168
390 361 492 415 287

391 476 621 536 sustinet,
650 487 923 541 numquam
947 469 1157 532 excidit,
1185 477 1370 522 contra
1397 482 1492 522 eos
1518 468 1606 537 qui
1641 466 1793 522 facile
1821 467 1977 521 dissi-

393 568 541 623 dent.
591 564 728 632 Quia
773 559 922 630 igitur
979 560 1124 612 illam
1173 558 1408 628 undique
1450 573 1694 627 magnam
1735 558 1978 613 exhibuit

392 673 515 711 cum
546 652 837 726 hyperbole
863 650 1033 718 omni,
1067 665 1254 704 rursus
1280 665 1343 704 ex
1375 649 1480 703 alio
1506 649 1682 719 capite
1708 648 1810 703 hoc
1831 649 1974 716 facit,

394 766 488 820 per
513 747 971 818 comparationem
999 744 1159 798 aliam
1186 743 1304 812 ejus
1328 743 1644 812 dignitatem
1672 743 1973 807 extollens,

389 851 444 896 et
464 840 542 895 sic
563 837 745 892 dicens
767 853 783 894 :
814 836 934 891 Sive
960 835 1238 906 prophetia:
1260 833 1652 898 evacuabuntur,
1674 834 1776 887 sive
1792 833 1978 902 lingua:

391 933 674 984 cessabunt.
706 928 764 984 Si
785 929 926 982 enim
957 927 1070 981 haec
1094 935 1316 995 utraque
1339 933 1553 995 propter
1578 925 1736 979 fidem
1765 925 1976 978 inducta

392 1031 536 1085 sunt,
569 1021 668 1076 liae
699 1021 892 1089 ubique
924 1029 1185 1073 terrarum
1213 1017 1455 1088 dispersa
1476 1059 1490 1083 ,
1530 1017 1640 1087 jam
1670 1016 1975 1086 superﬂuus

393 1116 603 1170 illorum
633 1129 758 1167 usus
792 1112 968 1166 fuerit.
1016 1110 1120 1165 Sed
1149 1121 1330 1164 mutua
1363 1110 1454 1163 illa
1484 1109 1701 1164 dilectio
1729 1124 1834 1163 non
1861 1123 1980 1162 ces-

393 1207 551 1264 sabit.
581 1207 686 1258 imo
713 1203 880 1272 magis
907 1211 1134 1266 crescet,
1160 1211 1213 1254 et
1239 1201 1324 1254 hic
1353 1210 1405 1254 et
1435 1201 1484 1254 in
1519 1199 1716 1264 futuro,
1751 1208 1979 1268 tuncque

394 1300 564 1368 magis
591 1313 750 1367 quam
779 1311 938 1351 nunc.
974 1295 1070 1349 llic
1095 1296 1237 1349 enim
1267 1294 1432 1347 multa
1462 1302 1587 1347 sunt
1627 1307 1746 1361 qua:
1787 1295 1981 1346 carita-

397 1401 503 1444 tem
535 1388 815 1444 emolliant
845 1397 897 1441 et
926 1387 1196 1449 minuant,
1231 1385 1499 1454 pecunim,
1533 1384 1738 1454 negotia
1763 1426 1776 1449 ,
1808 1383 1978 1437 morbi

394 1494 699 1548 corporum,
720 1477 1062 1548 mgritudines
1078 1477 1303 1537 ειιιὶιιιξιξς
1339 1476 1446 1528 illic
1471 1490 1598 1529 vero
1629 1474 1759 1528 nihil
1789 1474 1979 1527 horum

395 1570 586 1626 aderit.
630 1571 734 1625 Sed
775 1570 917 1638 quod
961 1568 1252 1638 prophetia:
1283 1575 1338 1621 et
1377 1567 1569 1635 lingua:
1597 1573 1852 1631 cessent,
1881 1563 1981 1617 mi-

395 1681 511 1720 rum
544 1679 647 1718 non
687 1673 807 1726 est;
840 1662 979 1732 quod
1021 1669 1198 1716 autem
1237 1659 1462 1714 scientia
1493 1658 1833 1720 destruatur,
1879 1656 1980 1712 hoc

395 1766 540 1811 certe
567 1755 918 1824 qumstionem
944 1763 1122 1807 movet
1148 1769 1159 1803 :
1195 1766 1315 1804 nam
1345 1759 1399 1804 et
1429 1750 1529 1804 hoc
1553 1747 1746 1817 adjecit
1772 1748 1976 1814 dicens,

405 1847 526 1901 Sive
545 1846 755 1900 scicntia
783 1846 1086 1897 destruetur.
1111 1840 1248 1909 Quid
1271 1841 1437 1910 ergo?
1459 1841 1511 1894 in
1540 1839 1832 1910 ignorantia
1857 1846 1981 1894 tunc

399 1937 588 1991 victuri
620 1934 1067 1990 sumns?Absit:
1122 1949 1245 1988 nam
1293 1943 1416 1986 tunc
1465 1932 1696 1986 maxime
1742 1929 1979 2002 augenda

395 2028 620 2083 scientia
650 2038 768 2090 est;
799 2026 1028 2095 ideoque
1055 2025 1300 2079 dicebat:
1341 2022 1486 2076 Tunc
1515 2038 1814 2092 cognoscam
1853 2023 1981 2075 sicut

396 2129 442 2172 ct
472 2120 702 2189 cognitus
727 2134 842 2170 sum
869 2118 947 2185 (l.
976 2116 1095 2170 Cor.
1127 2117 1213 2170 15.
1247 2113 1356 2183 12).
1396 2115 1684 2182 Propterea
1709 2155 1724 2179 ,
1764 2129 1830 2168 ne
1861 2127 1982 2182 per—

397 2212 522 2266 inde
560 2221 720 2280 atque
765 2208 1098 2280 prophetiam
1136 2218 1190 2262 et
1232 2207 1438 2276 linguas
1479 2207 1613 2260 hanc
1653 2217 1980 2262 cessaturam

398 2318 518 2358 esse
549 2310 783 2371 putares,
814 2315 935 2354 cum
963 2299 1208 2362 dixisset,
1243 2298 1366 2353 Sive
1409 2299 1618 2350 scicntia
1660 2298 1978 2362 destruetur,

400 2412 506 2450 non
552 2395 736 2457 tacuit,
767 2391 859 2447 sed
891 2391 1107 2446 modum
1140 2390 1526 2445 destructionis
1557 2390 1848 2460 subjunxit,
1875 2391 1982 2444 cito

399 2487 606 2542 addens
647 2486 773 2539 illttd
805 2504 816 2538 :
863 2484 916 2539 9.
959 2484 1041 2538 lia:
1069 2493 1214 2552 parte
1242 2484 1627 2554 cognoscimus,
1665 2493 1710 2537 et
1739 2501 1804 2538 ea:
1839 2493 1984 2555 parte

400 2580 780 2650 prophetmnus.
829 2578 915 2632 10.
957 2577 1082 2630 Cum
1109 2588 1278 2629 autent
1319 2577 1504 2629 rcuerit
1533 2576 1668 2646 quod
1708 2579 1983 2647 perfectum

401 2681 508 2734 cst,
549 2680 668 2722 tuuc
713 2669 1036 2722 evacuabitur
1083 2667 1218 2734 quod
1270 2683 1332 2720 ex
1378 2677 1521 2737 parte
1559 2678 1650 2721 cst.
1699 2667 1815 2722 Non
1854 2682 1984 2738 ergo

401 2761 625 2814 scientia
667 2759 984 2825 tleSIruitur,
1023 2760 1116 2813 sed
1156 2759 1239 2811 illa
1284 2775 1346 2812 ex
1387 2770 1538 2829 parte
1579 2769 1780 2814 tantum
1811 2760 1983 2814 scien—

403 2855 472 2907 tia
496 2872 508 2906 ε
541 2869 644 2906 non
672 2853 812 2907 cnim
839 2850 1012 2906 solum
1041 2860 1119 2904 tot
1151 2861 1400 2919 tantaque
1427 2850 1675 2911 sciemus,
1704 2851 1797 2905 sed
1823 2852 1981 2906 etiam

403 2944 570 2997 multo
603 2942 776 3012 plura.
809 2939 878 2996 Ut
907 2949 1085 2994 autem
1120 2939 1250 2992 illud
1276 2940 1522 3008 exemplo
1555 2943 1723 3009 palam
1755 2940 1981 2994 faciam:

406 3051 547 3090 nunc
576 3034 776 3088 scimus
818 3031 982 3086 Deum
1028 3031 1222 3100 ubique
1250 3045 1404 3096 esse,
1435 3031 1526 3085 sed
1559 3031 1861 3100 quomodo,
1894 3047 1986 3086 ne-

411 3127 609 3180 scimus
638 3141 650 3175 :
685 3123 824 3192 quod
855 3138 921 3176 ex
954 3121 1121 3174 nihilo
1173 3123 1349 3174 omnia
1379 3121 1564 3176 fecerit
1589 3121 1789 3176 scimus
1809 3163 1824 3187 ,
1866 3138 1984 3177 mo-

407 3216 535 3271 dum
563 3224 741 3268 autem
775 3213 1120 3282 ignoramus:
1167 3211 1306 3280 quod
1352 3228 1416 3267 ex
1451 3212 1663 3282 Virgine
1699 3221 1855 3266 natus
1881 3213 1982 3278 sit,

407 3306 676 3377 quomodo
696 3315 894 3368 autem,
927 3319 1032 3357 non
1057 3304 1203 3357 item.
1227 3302 1378 3357 Tunc
1404 3313 1579 3358 autem
1609 3302 1735 3373 quid
1759 3303 1986 3374 amplius

412 3413 469 3458 et
515 3401 710 3456 clarius
762 3398 830 3453 de
885 3397 968 3452 his
1017 3411 1430 3466 cognoscemus.
1501 3396 1701 3450 Deinde
1753 3396 1987 3451 ostendit

405 3503 661 3564 quantum
700 3489 939 3555 intersit,
974 3497 1027 3543 et
1056 3488 1196 3558 quod
1231 3489 1315 3541 hic
1355 3487 1537 3542 deﬁcit
1579 3503 1684 3542 non
1711 3501 1831 3542 esse
1862 3504 1985 3558 par-

405 3601 562 3649 vum,
601 3583 785 3639 dicens
809 3599 831 3652 :p
872 3581 957 3636 ll.
1006 3579 1132 3635 Cum
1171 3597 1327 3634 essent
1370 3580 1625 3648 parvulus,
1651 3579 1889 3647 loquebar
1934 3590 1988 3633 ut

407 3676 668 3747 parvulus,
691 3674 944 3742 sapicbam
973 3681 1028 3724 ut
1057 3671 1296 3740 paruulus
1321 3686 1338 3723 .'
1363 3686 1475 3724 cum
1501 3681 1666 3724 autem
1691 3673 1855 3742 factus
1877 3687 1988 3724 sunt

407 3768 503 3832 i-ir,
525 3765 757 3818 cvacuavi
783 3778 898 3832 qua:
915 3771 1058 3815 erant
1085 3761 1302 3829 parvuli.
1331 3759 1431 3814 Per
1458 3759 1585 3813 illud
1605 3769 1780 3814 autem
1802 3775 1988 3814 exem-

411 3861 556 3926 plum
588 3857 687 3911 hoc
716 3857 887 3926 ipsum
918 3867 1104 3908 rursus
1131 3851 1402 3916 declarat,
1445 3852 1627 3906 dicens
1653 3870 1665 3905 :
1711 3851 1796 3906 l2.
1837 3852 1987 3907 Vide-

412 3967 522 4004 mus
549 3951 678 4003 enim
719 3964 850 4002 nunc
881 3962 971 4015 per
995 3945 1276 4015 speculum.

479 4043 536 4095 2.
579 4041 778 4096 Deinde
809 4038 930 4107 quia
958 4034 1238 4103 speculum
1272 4033 1322 4087 id
1354 4033 1492 4102 quod
1534 4033 1741 4088 videtur
1779 4043 1989 4089 utcum-

411 4151 514 4204 que
554 4139 839 4194 nianstrat,
872 4126 1166 4194 subjunxit,
1195 4123 1259 4177 In
1286 4124 1572 4193 tcuigmate,
1603 4140 1667 4178 ex
1702 4124 1991 4195 hyperbole

413 4235 717 4279 monstrans
747 4237 839 4291 per
867 4217 1099 4272 modicas
1129 4227 1306 4288 partes
1327 4231 1446 4271 esse
1476 4227 1791 4286 praesentem
1819 4219 1993 4274 scien-

413 4319 561 4370 tiam.
596 4316 736 4369 1’unc
779 4319 947 4366 autem
973 4310 1103 4380 facie
1131 4310 1198 4361 ad
1229 4309 1442 4378 facient;
1490 4325 1594 4362 non
1632 4308 1772 4380 quod
1805 4309 1990 4364 faciem

415 4413 608 4463 habeat
637 4407 810 4469 Deus,
841 4401 935 4458 sed
967 4411 1024 4456 ut
1062 4417 1175 4457 rem
1207 4401 1407 4458 clarius
1429 4410 1485 4458 et
1510 4403 1682 4472 magis
1713 4404 1994 4474 perspicue

411 4503 576 4555 dicat.
635 4495 793 4551 Vides
843 4494 1024 4550 omnia
1095 4493 1369 4549 discentes
1421 4509 1514 4564 per
1559 4497 1993 4550 incrementum?

415 4589 570 4644 Nunc
612 4601 859 4658 cognosco
887 4602 949 4639 ea:
978 4595 1121 4654 parte
1147 4625 1161 4648 ,
1207 4593 1322 4638 tunc
1348 4593 1515 4637 autem
1544 4601 1842 4654 cognoscam
1867 4589 1994 4642 sicut

411 4691 460 4735 et
487 4678 718 4748 cognitus
745 4693 878 4731 sum.
908 4675 1095 4731 Viden'
1132 4673 1402 4745 quomodo
1431 4673 1621 4730 fastum
1662 4693 1846 4731 eorum
1890 4678 1990 4734 du-

419 4771 626 4841 pliciter
652 4767 954 4837 deprimat?
981 4766 1124 4836 quod
1156 4775 1211 4820 et
1241 4781 1334 4836 per
1369 4773 1546 4834 partes
1574 4767 1645 4820 sit
1673 4768 1912 4832 scientia,
1941 4779 1996 4824 et

416 4862 557 4934 quod
591 4875 694 4914 non
725 4861 867 4914 illam
899 4874 963 4912 ex
991 4873 1050 4912 se
1079 4858 1328 4912 habeant.
1376 4856 1492 4911 Non
1529 4859 1670 4912 enim
1706 4876 1805 4928 ego
1847 4860 1994 4916 illum

418 4954 562 5017 novi,
606 4951 700 5006 sed
747 4967 804 5005 se
853 4951 966 5020 ipse
1009 4947 1137 5001 mihi
1169 4957 1351 5003 notum
1384 4948 1528 5014 fecit,
1557 4948 1746 5020 inquit.
1797 4949 1994 5018 Quem-

419 5045 705 5100 admodum
749 5059 876 5113 crgo
917 5043 1032 5112 ipse
1080 5058 1165 5094 me
1210 5041 1362 5094 novit
1401 5042 1546 5110 prior
1587 5059 1750 5110 nunc,
1789 5055 1844 5098 et
1885 5045 1999 5114 ipse

419 5137 485 5190 ad
535 5152 619 5191 me
662 5135 893 5190 accurrit
931 5151 944 5187 :
989 5133 1066 5187 sic
1111 5146 1210 5201 ego
1255 5141 1380 5185 tunc
1417 5130 1483 5184 ad
1529 5132 1676 5186 illmn
1722 5149 1996 5189 aceurram

423 5225 588 5279 multo
619 5226 805 5292 magis,
833 5240 990 5292 quam
1025 5239 1182 5277 mine.
1213 5221 1423 5277 Etenim
1451 5222 1540 5291 qui
1570 5222 1620 5277 in
1654 5223 1886 5280 tenebris
1915 5241 2000 5281 sc-

422 5317 547 5377 det,
575 5313 750 5367 donec
776 5313 966 5366 viderit
1000 5313 1188 5372 solem,
1220 5328 1324 5366 non
1355 5313 1468 5382 ipse
1503 5315 1734 5368 accurrit
1776 5315 1842 5370 ad
1886 5317 1999 5385 pul-

426 5404 786 5460 cltritudinem
815 5403 969 5467 radii,
1001 5402 1092 5455 sed
1124 5403 1209 5455 illa
1239 5403 1468 5472 seipsam
1494 5404 1760 5470 ostendit,
1789 5408 2001 5475 quando

422 5496 699 5552 illuserit:
747 5508 866 5547 cum
905 5502 1082 5545 autem
1127 5492 1242 5560 ejus
1291 5492 1631 5562 splendorem
1673 5498 1998 5566 susceperit,

427 5600 553 5643 tunc
590 5597 643 5642 et
685 5587 800 5654 ipse
843 5583 1058 5637 denmm
1111 5584 1282 5638 lucem
1328 5587 1680 5654 persequitur.
1723 5587 1837 5642 lloc
1874 5603 2003 5658 ergo

426 5683 527 5736 sibi
567 5681 679 5733 vult
722 5676 870 5737 illud.
901 5676 1045 5732 Sicut
1071 5687 1120 5730 ct
1153 5678 1380 5747 cognitus
1411 5694 1566 5732 smn:
1613 5695 1718 5734 non
1764 5681 1888 5750 quia
1933 5683 2000 5736 ita

427 5771 572 5825 ilium
601 5768 861 5839 cognituri
889 5782 1094 5835 smnus,
1125 5769 1260 5822 sicut
1291 5768 1402 5838 ipse
1431 5783 1529 5824 nos
1573 5770 1872 5841 cognoscit;
1909 5772 2002 5828 sed

1183 354 1238 410 S.
1271 353 1550 410 JOANNIS
1585 354 2056 412 CllllYSOSTOMI
2090 355 2401 412 ARCHIEP.
2443 354 2969 410 CONSTANTINOP.

3569 363 3669 418 “298

2085 471 2206 538 quia
2236 471 2375 523 sicut
2406 469 2495 524 ille
2530 469 2595 522 ad
2641 485 2737 525 nos
2775 485 2916 525 nunc
2951 474 3185 526 accurrit
3210 513 3223 535 ,
3274 474 3344 526 ita
3381 484 3435 529 et
3467 493 3564 531 nos
3595 486 3672 533 sic

2087 571 2212 616 tunc
2238 562 2408 630 ipsum
2441 563 2816 632 insequemur,
2846 572 2900 618 et.
2926 563 3090 618 multa
3117 604 3132 628 ,
3161 581 3282 634 qum
3311 583 3454 622 mine
3479 584 3673 626 arcana

2084 660 2226 715 sunt,
2255 653 2521 719 sciemus,
2563 664 2618 708 et
2647 655 2951 710 beatissima
2983 655 3071 709 illa
3098 655 3343 712 fruemur
3381 672 3674 716 consuetu-

2083 742 2208 798 dine
2246 754 2302 798 et
2344 744 2627 813 sapientia.
2678 745 2735 800 Si
2784 748 2927 800 enim
2970 750 3058 815 qui
3108 759 3214 802 tam
3258 751 3428 805 multa
3473 755 3673 810 sciebat

2085 834 2282 890 Paulus
2309 838 2562 906 parvulus
2587 847 2734 901 erat,
2763 838 2933 905 cogita
2963 849 3159 909 quanta
3188 843 3277 897 illa
3307 845 3417 900 sint
3444 864 3458 900 :
3487 849 3530 900 si
3559 849 3675 904 hcce

2083 935 2208 980 sunt
2231 929 2501 996 speculum
2530 939 2584 983 et
2610 931 2860 998 mnigma,
2881 931 2965 984 hic
2988 931 3118 985 mihi
3144 934 3454 991 consideres
3473 949 3672 1008 quanta

2084 1019 2151 1072 sit
2179 1018 2362 1074 facies.
2394 1018 2467 1075 Ut
2504 1029 2682 1074 autem
2723 1021 2814 1074 tibi
2848 1037 3066 1090 parvum
3109 1025 3379 1094 quidpiam
3421 1011 3660 1097 aperiam

2086 1111 2224 1165 circa
2254 1111 2610 1167 dill'erentiam
2640 1113 2798 1177 hanc,
2827 1125 2880 1167 et
2912 1114 3116 1168 radium
3145 1119 3444 1186 quempiam
3472 1121 3668 1176 obseu-

2087 1217 2202 1254 rum
2230 1201 2386 1272 hujus
2409 1204 2728 1273 cognitionis
2754 1205 2807 1258 in
2827 1206 3058 1259 animam
3086 1216 3228 1262 tuam
3253 1209 3557 1278 immittam,
3585 1229 3672 1268 re-

2085 1293 2306 1346 Cordare
2347 1309 2532 1349 eorum
2576 1311 2695 1365 quas
2741 1297 2790 1349 in
2831 1296 2945 1366 lege
2979 1307 3134 1362 sunt,
3174 1315 3316 1354 nunc
3348 1316 3470 1355 cum
3506 1306 3669 1373 gratia

2084 1381 2300 1435 effulsit.
2342 1382 2551 1437 Etenim
2583 1385 2668 1438 illa
2697 1395 2820 1440 ante
2847 1387 3070 1456 gratiam
3113 1403 3304 1459 magna
3333 1392 3575 1461 quasdam
3619 1404 3671 1448 et

2085 1473 2346 1527 mirabilia
2375 1475 2688 1530 videbantur
2724 1491 2879 1542 esse;
2924 1488 3158 1534 attamen
3197 1481 3324 1534 audi
3363 1483 3490 1552 quid
3533 1483 3671 1538 dicat

2085 1565 2151 1618 de
2181 1566 2282 1619 illis
2313 1576 2433 1635 post
2465 1570 2691 1636 gratiam
2736 1570 2930 1624 Paulus
2961 1590 2973 1625 :
3023 1571 3142 1626 Non
3192 1574 3538 1644 gloriﬁcantia
3577 1580 3670 1648 fuit

2084 1657 2217 1726 quod
2243 1657 2429 1710 claruit
2459 1661 2509 1712 in
2539 1662 2636 1713 hac
2658 1672 2819 1729 parte,
2854 1672 3059 1732 propter
3084 1666 3537 1734 suprreminentem
3558 1671 3669 1739 glo-

2085 1749 2214 1800 riam
2241 1748 2314 1816 (2.
2343 1747 2462 1816 Cor,
2491 1750 2545 1804 5.
2575 1750 2690 1822 10).
2721 1751 2790 1807 Ut
2808 1763 2984 1807 autem
3011 1754 3152 1823 quod
3180 1754 3301 1810 dico
3325 1757 3522 1811 clarius
3549 1773 3669 1814 eva-

2084 1838 2192 1904 dat,
2212 1839 2263 1894 in
2282 1855 2441 1895 unam
2459 1842 2692 1912 aliquam
2711 1859 2846 1909 rem,
2859 1860 2979 1913 quae
2997 1853 3122 1899 tunc
3139 1847 3358 1915 mystice
3374 1848 3667 1917 perageha-
3742 1863 3749 1868 ·

2087 1941 2191 1999 tur,
2208 1946 2513 1988 sermonem
2543 1934 2946 2001 transferamus,
2977 1947 3030 1990 et
3056 1946 3178 1993 tunc
3196 1937 3394 1992 videbis
3409 1948 3664 2009 quantum

2085 2022 2154 2076 sit
2179 2023 2515 2078 intervallum
2543 2044 2558 2080 :
2597 2035 2653 2080 et
2677 2027 2720 2081 si
2747 2028 2828 2081 vis
2849 2067 2864 2092 ,
2907 2027 3109 2082 Pascha
3138 2028 3187 2082 in
3213 2027 3440 2083 medium
3468 2026 3662 2084 all‘era-

2087 2129 2202 2168 nius
2232 2123 2286 2169 et
2323 2122 2476 2170 vetus
2507 2125 2562 2171 ct
2600 2131 2796 2172 novum
2818 2159 2832 2180 ,
2862 2128 2914 2173 et
2943 2129 3068 2174 tunc
3096 2119 3234 2174 scies
3263 2119 3663 2175 excellentiam.

2086 2204 2216 2258 Illud
2257 2206 2400 2260 enim
2443 2207 2788 2263 celebrabant
2827 2210 2986 2263 etiam
3017 2209 3209 2273 Judaei,
3244 2209 3349 2266 hoc
3377 2221 3554 2264 autem
3579 2225 3672 2280 pa-

2085 2307 2172 2354 cto
2195 2299 2578 2366 celebrabant,
2609 2309 2666 2355 ut
2704 2301 2755 2355 in
2796 2303 3014 2372 specqu
3055 2311 3110 2358 et
3134 2303 3188 2356 in
3229 2303 3512 2373 mnigmate
3540 2320 3552 2353 :
3581 2319 3668 2356 ar-

2085 2405 2216 2443 cana
2247 2398 2425 2445 autem
2459 2391 2574 2445 hmc
2603 2391 2854 2462 mysteria
2885 2407 2952 2448 ne
2981 2393 3034 2447 in
3061 2403 3294 2447 mentem
3325 2392 3540 2463 quidem
3569 2395 3672 2449 illis

2089 2495 2319 2550 unquam
2349 2490 2626 2548 venerant,
2647 2497 2823 2552 neque
2848 2483 3087 2538 sciebant
3112 2498 3356 2553 quamam
3384 2495 3565 2539 essent
3587 2501 3671 2548 ea,

2087 2587 2208 2640 quae
2236 2571 2323 2625 illa
2353 2573 2812 2640 praenuntiabant;
2843 2573 2936 2628 sed
2967 2588 3121 2628 ovem
3152 2573 3406 2628 videbant
3431 2576 3670 2641 mactari,

2089 2671 2140 2714 et
2167 2664 2475 2732 sanguinem
2505 2663 2735 2728 bruti,et
2764 2673 2944 2732 portas
2972 2665 3064 2718 illo
3086 2674 3306 2728 unctas;
3331 2663 3472 2734 quod
3497 2677 3673 2719 autem

2088 2751 2256 2808 Filius
2285 2755 2375 2810 Dei
2407 2756 2716 2810 incarnatus
2742 2756 3055 2812 mactandos
3081 2767 3224 2811 esset
3249 2768 3304 2812 et
3329 2757 3518 2812 orbem
3546 2757 3676 2812 libe-

2091 2856 2304 2900 raturus
2349 2856 2558 2910 totum,
2611 2847 2942 2917 daturusque
2987 2856 3042 2901 et
3080 2847 3286 2902 Graacis
3323 2857 3380 2902 et
3436 2847 3676 2903 barbaris

2089 2937 2402 3006 sanguinem
2449 2937 2592 2992 hunc
2649 2937 3086 3008 degustandum,
3145 2939 3336 2993 ctelum
3394 2948 3676 3008 aperturos

2089 3029 2360 3093 omnibus,
2394 3039 2447 3082 et
2491 3045 2611 3098 qua:
2654 3031 2761 3085 illic
2802 3040 2928 3084 sunt.
2977 3031 3209 3086 humano
3246 3031 3428 3101 generi
3471 3031 3677 3086 ohlalu-

2091 3135 2181 3173 rus
2207 3136 2222 3184 ;
2256 3130 2310 3175 et
2341 3135 2558 3175 carnem
2598 3121 2742 3175 illam
2770 3123 3029 3191 sanguine
3054 3131 3389 3178 cruentatam
3420 3123 3675 3178 deductu-

2091 3227 2183 3265 rus
2211 3226 2368 3280 supra
2414 3213 2606 3266 czelum
2652 3221 2708 3267 et
2746 3214 2936 3269 Caelum
2965 3214 3106 3281 caeli,
3140 3223 3194 3269 et
3224 3228 3414 3269 omnes
3456 3215 3674 3269 omnino

2091 3317 2354 3372 supernos
2410 3303 2761 3372 angelorum,
2837 3305 3284 3374 archangelorum
3345 3305 3677 3376 aliarumque

2090 3394 2344 3448 virtutum
2363 3395 2650 3459 exercitus,
2669 3403 2724 3448 et
2747 3395 2796 3448 in
2812 3395 2928 3464 ipso
2947 3395 3141 3450 throno
3163 3397 3309 3466 regio
3323 3397 3388 3451 ad
3400 3397 3676 3453 dexteram

2092 3485 2266 3538 Patris
2291 3498 2560 3539 sessurani
2589 3485 2968 3550 collocaturus,
3001 3486 3166 3556 gloria
3194 3486 3448 3542 ineffabili
3478 3487 3681 3558 fulgen-

2095 3586 2200 3632 tem
2227 3594 2240 3631 :
2274 3577 2388 3632 hate
2415 3586 2561 3632 certe
2593 3593 2766 3647 neque
2797 3578 3032 3646 illorum,
3065 3594 3238 3648 neque
3264 3581 3490 3634 aliorum
3515 3580 3681 3634 homi-

2094 3684 2221 3722 num
2252 3668 2516 3737 quispiam
2547 3669 2628 3722 vel
2673 3669 2975 3738 prazscivit,
3006 3669 3087 3723 vel
3139 3669 3190 3723 in
3223 3677 3454 3724 mentem
3487 3684 3676 3725 vocare

2095 3761 2284 3828 potuit.
2315 3759 2418 3814 Sed
2450 3760 2574 3828 quid
2605 3759 2790 3813 dicunt
2821 3760 2852 3813 ii
2883 3760 2970 3829 qui
3010 3762 3188 3814 omnia
3229 3759 3460 3814 audent?
3496 3759 3629 3816 Illud
3650 3799 3669 3825 ,

2099 3848 2254 3903 .Ntmc
2285 3867 2528 3921 cognosco
2555 3868 2618 3904 cx
2646 3863 2809 3919 parte,
2850 3852 2917 3906 de
2943 3852 3428 3923 dispensationibus
3473 3852 3672 3908 dictum

2095 3956 2250 4006 esse;
2303 3941 2474 4010 ipsum
2527 3943 2671 3994 enim
2717 3941 3004 4010 perfectam
3054 3944 3120 3996 de
3171 3943 3279 3998 Deo
3320 3942 3678 4013 cognitionem

2096 4031 2366 4086 habuisse.
2414 4032 2480 4085 Et
2515 4032 2783 4100 quomodo
2813 4049 2874 4087 se
2904 4033 3159 4089 infantem
3192 4035 3386 4089 vocat?
3414 4034 3680 4106 quomodo

2096 4138 2191 4193 per
2216 4123 2491 4192 speculum
2519 4123 2660 4178 videt
2681 4125 2703 4178 ’ἶ
2733 4124 3001 4194 quomodo
3032 4127 3083 4180 in
3114 4129 3412 4196 :cnigmate,
3445 4128 3489 4181 si
3518 4136 3677 4182 totam

2097 4214 2257 4270 habet
2304 4216 2622 4271 scientiam?
2670 4233 2766 4271 cur
2815 4218 2942 4272 illud
2990 4220 3139 4288 quasi
3191 4219 3447 4272 eximium
3502 4220 3681 4273 tribuit

2097 4307 2337 4378 Spiritui,
2370 4319 2424 4364 et
2455 4310 2583 4364 nulli
2614 4311 2700 4364 alii
2739 4320 2934 4365 creatae
2965 4314 3252 4380 potestati,
3284 4311 3474 4367 dicens
3500 4330 3513 4365 :
3559 4313 3680 4378 Quis

2097 4403 2230 4456 cnim
2267 4404 2400 4456 novit
2439 4420 2551 4472 qua:
2591 4413 2708 4456 sunt
2748 4404 3002 4468 hominis,
3038 4404 3133 4458 nisi
3176 4406 3386 4472 spiritus
3423 4404 3675 4466 hominis,

2098 4496 2182 4563 qui
2208 4503 2280 4546 cst
2307 4494 2356 4547 in
2389 4494 2498 4562 ipso
2517 4494 2542 4546 ἶ)
2572 4494 2661 4547 Sic
2691 4503 2736 4546 et
2766 4510 2880 4563 qua:
2922 4493 3017 4548 Dei
3057 4505 3172 4548 sunt
3203 4512 3346 4548 nemo
3383 4496 3518 4549 novit
3539 4537 3552 4559 ,
3585 4495 3679 4548 nisi

2101 4585 2326 4655 Spiritus
2354 4583 2448 4636 Dei
2476 4584 2551 4653 (l.
2600 4584 2718 4638 Cor.
2761 4586 2818 4639 2.
2848 4585 2960 4657 il).
2997 4587 3061 4641 Et
3085 4587 3334 4642 Christus
3359 4603 3570 4643 rursum
3601 4588 3678 4643 sui

2099 4675 2266 4729 solius
2301 4675 2402 4728 hoc
2431 4689 2551 4728 esse
2577 4673 2711 4729 dicit
2739 4677 2808 4729 ita
2842 4676 3104 4746 loquens:
3141 4675 3264 4732 Non
3298 4679 3436 4747 quod
3477 4677 3681 4732 Patrem

2099 4765 2223 4818 uidit
2260 4766 2563 4834 quisquam,
2593 4766 2690 4820 nisi
2719 4768 2803 4838 qui
2842 4779 2914 4821 est
2959 4785 2990 4821 a
3029 4769 3136 4822 Deo
3156 4811 3170 4835 ,
3203 4771 3283 4825 hic
3311 4771 3435 4823 vidit
3478 4770 3682 4824 Patrem

2103 4857 2282 4928 (Joan.
2315 4858 2370 4912 6.
2401 4859 2532 4928 Mi);
2569 4860 2826 4916 visionem
2857 4860 3045 4917 dicens
3074 4863 3424 4918 clarissimam
3463 4873 3521 4919 et
3561 4879 3680 4934 per-

2103 4950 2443 5004 fectissimam
2499 4951 2879 5022 cognitionem.
2945 4955 3225 5019 Quomodo
3280 4965 3459 5010 autem
3504 4957 3550 5010 is
3592 4957 3678 5025 qui

2104 5042 2451 5096 substantiam
2477 5043 2644 5108 novit,
2665 5045 2996 5099 meonomias
3016 5055 3069 5098 et
3089 5045 3513 5116 dispensationes
3539 5047 3684 5116 ignoc

2106 5133 2275 5188 rabit?
2322 5134 2414 5188 Illa
2446 5135 2588 5188 enim
2636 5135 2870 5204 cognitio
2901 5136 3000 5191 hac
3042 5137 3211 5206 major
3239 5147 3342 5193 est.
3381 5139 3684 5209 lgnoranms

2105 5241 2255 5296 ergo,
2282 5226 2472 5296 inquit,
2501 5227 2705 5281 Deum?
2736 5227 2888 5282 Absit
2914 5249 2927 5284 :
2959 5228 3054 5284 sed
3082 5229 3223 5298 quod
3252 5231 3465 5300 quidem
3498 5231 3568 5284 sit
3593 5247 3686 5283 no-

2107 5322 2316 5385 vimus;
2348 5319 2474 5389 quid
2507 5329 2684 5374 autem
2712 5321 3010 5375 substantia
3041 5323 3140 5387 sit,
3175 5338 3280 5376 non
3325 5324 3474 5376 item.
3525 5323 3594 5377 Et
3631 5333 3688 5376 ut

2108 5413 2247 5466 scias
2291 5410 2432 5480 quod
2485 5428 2591 5464 non
2643 5411 2711 5466 de
2763 5412 3249 5482 dispensationibus
3293 5413 3488 5467 dixerit
3536 5412 3683 5476 illud,

2112 5501 2266 5555 Nunc
2300 5517 2546 5573 cognosco
2593 5519 2654 5556 ea:
2693 5513 2865 5574 parte,
2899 5504 3022 5559 audi
3063 5505 3338 5574 sequentia
3366 5522 3379 5558 :
3414 5505 3686 5574 subjunxit

2109 5609 2258 5662 ergo,
2295 5592 2433 5646 Tunc
2475 5605 2642 5648 autem
2676 5613 2974 5666 cognoscant
3017 5597 3148 5650 sicut
3192 5608 3238 5650 ct
3285 5597 3515 5666 cognitus
3553 5614 3682 5651 sum.

2112 5685 2224 5739 Non
2255 5697 2429 5740 autem
2457 5705 2484 5740 a
2512 5688 2998 5758 dispensationibus
3017 5699 3071 5744 et
3097 5691 3414 5744 oeconomiis
3443 5691 3686 5759 cognitus

2115 5786 2192 5831 cst
2221 5817 2235 5842 ,
2282 5776 2372 5832 sed
2404 5793 2430 5831 a
2468 5779 2593 5833 lico.
2630 5778 2796 5835 Nemo
2825 5780 2980 5852 igitur
3009 5781 3090 5836 vel
3120 5795 3335 5851 parvam
3369 5783 3451 5838 vel
3479 5781 3683 5853 simpli~
