3990 6168
312 315 421 368 ενι

297 433 438 483 κατά
475 429 764 501 σύγκρισιν
796 432 983 503 ἑτέραν
1022 433 1263 503 ἐπαίρων
1310 437 1479 505 αὐτῆς
1519 436 1581 488 τὺ
1620 434 1858 504 ἀξίωμα,

296 514 394 565 καὶ
445 511 621 580 λέγων
673 513 875 576 οὕτως’
912 514 1051 569 Εἴτε
1079 515 1149 568 δὲ
1178 517 1529 585 προφητεῖαι
1570 532 1864 584 καταργη-

298 593 612 662 θήσονται,
647 596 765 650 εἴτε
809 595 1082 665 γλῶσσαι
1121 600 1474 653 παύσονται.
1523 601 1588 653 Εἰ
1617 599 1724 670 γὰρ
1758 599 1866 668 άμ-

300 676 503 747 φότερα
549 678 719 731 ταῦτα
778 680 877 748 τῆς
932 679 1168 744 πίστεως
1233 681 1418 735 ἕνεκεν
1471 683 1866 753 εἰσενήνεκται,

299 758 504 830 ταύτης
553 759 821 831 πανταχοῦ
864 761 1282 834 διασπαρείσης,
1338 764 1567 835 περιττὴ
1604 764 1866 833 τούτωνῆ

301 842 457 912 χρεία
498 843 695 895 λοιπόν.
757 842 896 897 Ἀλλ’
922 844 983 897 οὐ
1031 845 1092 898 τι
1124 845 1344 916 ἀγαπᾷν
1371 845 1635 914 ἀλλήλους
1666 845 1874 916 παυθῆ-

302 941 472 988 σεται,
494 924 628 978 ἀλλά
668 924 761 978 xal
792 926 1045 980 ἐπιδώσει
1078 926 1363 997 μειζόνως,
1398 929 1493 983 καὶ
1520 926 1753 985 ἐνταῦθα
1778 928 1872 982 καὶ

179 992 182 993 ν
296 1006 435 1060 κατά
462 1007 524 1059 τὺ
574 1007 788 1077 μέλλον,
835 1008 930 1062 καὶ
961 992 1091 1063 τότε.
1127 1008 1326 1080 μᾶλλον
1350 992 1395 1082 ἢ
1448 1010 1565 1065 νῦν.
1609 1009 1872 1064 Ἐνταῦθα

298 1088 395 1158 μὲν
427 1088 534 1160 γὰρ
567 1089 741 1143 πολλά
763 1090 833 1143 τὰ
862 1089 1170 1161 χαυνοῦντα
1193 1092 1290 1162 τὴν
1319 1092 1562 1164 ἀγάπην,
1589 1093 1867 1164 χρήματα,

295 1170 614 1240 πράγματα,
647 1171 798 1242 πάθη
850 1173 1143 1241 σωμάτων,
1185 1176 1464 1244 νοσήματα
1505 1174 1681 1244 ψυχῆς
1710 1191 1724 1205 ο
1755 1175 1874 1227 ἐκεῖ

291 1252 348 1305 δὲ
392 1253 545 1306 οὐδὲν
582 1252 813 1307 τούτων.
869 1252 1030 1306 Ἀλλά
1079 1255 1141 1307 τὸ
1195 1256 1294 1325 μὲν
1335 1257 1672 1326 προφητείας
1730 1273 1870 1310 κατ-

292 1334 581 1405 αργεῖσθαι
639 1336 735 1389 καὶ
781 1334 1051 1404 γλώσσας,
1124 1338 1431 1408 θαυμαστὸν
1471 1339 1628 1392 οὐδέν
1652 1354 1668 1370 ⁸
1708 1339 1769 1393 τὺ
1809 1338 1868 1392 δέ

290 1418 491 1485 γνῶσιν
534 1419 945 1489 καοιαργείσθαι,
976 1472 979 1475 ,
1005 1418 1162 1474 τοῦτό
1201 1423 1316 1474 ἐστι
1366 1421 1428 1475 τδ
1477 1421 1578 1494 τήν
1634 1422 1868 1493 ἀπορίαν

290 1500 510 1554 ποιοῦνο
541 1502 639 1554 καὶ
667 1502 776 1571 γὰρ
802 1501 896 1555 καὶ
938 1500 1095 1555 τοῦτο
1123 1503 1464 1574 προσέθηκεν
1494 1504 1684 1568 εἰπὼν,
1732 1505 1870 1558 Εἴτε

292 1580 521 1650 γνῶσις
548 1583 1086 1652 καταργηθήσεται.
1114 1584 1179 1636 Τί
1207 1580 1301 1637 οὖν
1328 1602 1343 1650 ;
1376 1588 1435 1638 ἐν
1463 1586 1707 1657 ἀγνωσία
1740 1586 1870 1655 μέλα

292 1664 460 1734 λομεν
484 1664 585 1735 ζῇν
608 1664 764 1729 τότε;
796 1666 1011 1732 ΙἈπαγε
1029 1682 1043 1695 ’
1075 1664 1170 1718 καὶ
1195 1664 1305 1737 γὰρ
1325 1666 1447 1720 τότε
1469 1668 1703 1737 μάλιστα
1719 1666 1869 1740 [511]

294 1746 622 1814 ἐπιταθῆναι
677 1745 824 1809 εἰκὸς
870 1745 969 1816 τὴν
1011 1746 1235 1816 γνῶσιν.
1273 1748 1364 1801 Διὸ
1390 1750 1484 1802 καὶ
1527 1749 1701 1818 ἔλεγε,
1737 1751 1873 1804 Τότε

256 1894 269 1901 _
295 1826 701 1897 ἐπιγνώσομαι
719 1865 734 1889 ,
799 1828 992 1894 καθὼς
1040 1829 1140 1882 καί
1188 1829 1597 1898 ἐπεγνώσθην.
1655 1831 1753 1885 Διά
1787 1849 1868 1884 τοι

296 1907 473 1972 τοῦτο,
497 1910 581 1961 ῐνα
609 1908 683 1979 μὴ
702 1908 902 1979 ὁμοίως
923 1911 987 1979 τῇ
1019 1911 1326 1983 προφητείᾳ
1347 1914 1439 1965 καὶ
1460 1915 1579 1975 ταῖς
1599 1911 1869 1981 γλώσσαις

293 1990 390 2042 καὶ
413 1988 617 2059 ταύτην
644 1990 1037 2060 καταργείσθαι
1065 1991 1314 2063 νομίσῃς.
1341 1992 1545 2056 Εἰπὼν,
1574 1993 1692 2046 εἶτε
1716 1991 1867 2063 γνῶ-

288 2087 392 2137 σις
434 2072 975 2140 καταργηθήσεται,
1015 2072 1115 2126 οὐκ
1155 2074 1427 2145 ἐσίγησεν,
1467 2074 1582 2128 ἀλλ’
1617 2076 1867 2146 ἐπήγαγε

287 2155 500 2207 καὶτὸν
525 2154 729 2225 τρόπον
766 2156 865 2226 τῆς
906 2157 1319 2227 καταργήσεως,
1352 2157 1565 2229 ταχέως
1606 2159 1868 2228 προσθεὶς

284 2238 369 2303 τὸ,
423 2239 525 2293 Ἐκ
551 2238 775 2307 μέρους
808 2239 1198 2308 γινώσκομεν,
1241 2239 1340 2294 καί
1373 2241 1443 2295 ἐκ
1475 2241 1698 2311 μέρους
1724 2257 1868 2310 προ-

284 2323 645 2391 φητεύομεν.
675 2320 853 2373 Ὅταν
875 2319 944 2373 δὲ
980 2321 1131 2391 ἔλθῃ
1163 2321 1230 2375 τὸ
1258 2321 1515 2389 τέλειον,
1543 2325 1676 2377 τότε
1711 2323 1779 2376 τὸ
1798 2324 1867 2377 ἐκ

281 2402 504 2471 μέρους
532 2403 1068 2472 καταργηθήσεται.
1100 2403 1214 2457 Οὐκ
1234 2403 1346 2474 ἄρα
1366 2405 1401 2475 ή
1430 2404 1629 2472 γνῶσις
1660 2421 1867 2475 καταρ-

286 2489 490 2553 γεῖται,
534 2485 670 2540 ἀλλὰ
701 2486 763 2539 τὸ
812 2486 1013 2556 μερικὴ
1065 2481 1205 2540 εἶναι
1241 2485 1479 2554 γνῶσις·
1529 2487 1716 2540 οὐκέτι
1758 2487 1867 2559 γὰρ

285 2567 522 2621 τοσαῦτα
555 2567 814 2639 εἰσόμεθα
868 2567 1048 2638 μόνον,
1097 2567 1232 2621 ἀλλὰ
1272 2570 1368 2622 καὶ
1398 2568 1579 2639 πολλῷ
1623 2567 1863 2622 πλείονα.

289 2650 407 2703 Ἵνα
436 2650 496 2702 δέ
525 2651 620 2704 καὶ
648 2650 740 2702 ἐπὶ
780 2650 1181 2720 ὑποδείγματος
1212 2651 1344 2705 αὐτὸ
1378 2652 1592 2721 ποιήσω
1612 2652 1861 2722 φανερὸν,

285 2730 384 2784 νῦν
424 2732 584 2802 ἴσμεν
626 2732 708 2785 ὅτι
762 2730 1039 2801 πανταχοῦ
1094 2734 1243 2785 ἐστιν
1271 2733 1300 2784 6
1344 2733 1499 2796 Θεὸς,
1540 2731 1676 2786 ἀλλά
1724 2734 1861 2798 πῶς,

284 2814 389 2867 οὐκ
414 2813 592 2885 ίσμεν.
626 2815 746 2868 Ὅτι
772 2814 832 2879 ἐξ
853 2814 952 2867 οὐκ
987 2814 1156 2868 όντων
1193 2815 1263 2868 τά
1300 2815 1430 2869 ὄντα
1469 2817 1747 2887 ἐποίησεν,
1783 2818 1865 2871 τσ-

289 2912 391 2965 μεν
430 2913 446 2928 ο
481 2899 574 2951 τὸν
606 2898 662 2950 δὲ
708 2900 910 2969 τρόπον
959 2897 1261 2969 ἀγνοοῦμεν
1296 2914 1310 2928 ’
1363 2900 1445 2953 ὅτι
1474 2902 1540 2954 ἐκ
1585 2900 1861 2973 Παρθένου

285 2980 502 3051 ἐτέχθη,
532 2982 647 3044 πῶς
674 2981 751 3048 δέ,
784 2981 990 3036 οὐκέτι.
1033 2982 1166 3035 Τότε
1197 2981 1253 3036 δὲ
1306 2981 1567 3051 εἰσόμεθά
1617 2999 1671 3036 τι
1700 2983 1864 3038 πλέον

287 3065 383 3117 καὶ
418 3066 751 3137 σαφέστερον
785 3067 912 3134 περὶ
934 3066 1156 3121 τούτων.
1205 3063 1338 3120 Εἶτα
1381 3065 1622 3121 δείκνυσι
1664 3068 1758 3121 καὶ
1800 3070 1863 3124 τὺ

291 3149 452 3218 μέσον
485 3150 631 3216 ὅσον,
660 3151 754 3202 καὶ
775 3150 856 3201 ὃτι
880 3150 942 3202 οὐ
976 3149 1170 3220 μικρὸν
1199 3149 1258 3202 τὸ
1283 3150 1622 3220 λειπόμενον,
1650 3151 1825 3220 λέγων
1843 3170 1858 3185 ο

290 3231 430 3285 Ὅτε
465 3230 630 3299 ἤμην
669 3229 910 3298 νήπιος,
939 3231 1019 3294 ὡς
1049 3231 1266 3297 νήπιος
1307 3231 1594 3295 ἐλάλουν,
1643 3234 1724 3300 ὡς
1760 3235 1865 3303 νή-

289 3328 426 3379 πιος
467 3313 782 3381 ἐφρόνουν,
823 3314 905 3380 ὡς
962 3312 1178 3381 νήπιος
1215 3314 1564 3385 ἐλογιζόμην
1589 3328 1605 3343 °
1651 3316 1750 3369 ὅτε
1794 3316 1863 3370 δὲ

291 3393 511 3464 γέγονα
542 3393 716 3461 ἀνὴρ,
775 3393 848 3449 τὰ
895 3394 1004 3449 τοῦ
1059 3396 1280 3463 νηπίου
1333 3396 1699 3465 κατήργηκα.
1751 3399 1863 3451 Καὶ

290 3475 362 3528 δι’
392 3474 581 3545 ἐτέρου
611 3475 669 3526 δέ
704 3476 1132 3547 παραδείγματος
1152 3477 1213 3530 τὸ
1240 3478 1371 3531 αὐτὸ
1398 3479 1561 3533 πάλιν
1592 3478 1744 3550 δηλοῖ
1776 3480 1877 3534 λέ-’

289 3574 407 3624 γων
426 3573 442 3587 ·
477 3554 794 3625 Βλέπομεν
818 3557 928 3626 γὰρ
955 3558 1085 3628 ἄρτι
1113 3558 1189 3612 δι’
1226 3557 1547 3629 ἐσόπτρου.

358 3709 427 3781 β’.
446 3704 585 3764 Εἶτα
614 3708 800 3782 ἐπειδὴ
820 3710 880 3764 τὸ
904 3711 1164 3780 ἔσοπτρον
1184 3712 1478 3785 παρίστησι
1499 3715 1558 3767 τὸ
1587 3713 1862 3786 ὁρώμενον

282 3794 670 3863 ὁπωσδήποτε,
706 3793 1000 3865 ἐπήγαγεν,
1047 3797 1142 3849 Ἐν
1170 3797 1469 3865 αἰνίγματι
1489 3837 1504 3862 ,
1553 3797 1671 3865 μεθ’
1694 3798 1863 3868 ὑπερ-

284 3875 447 3947 ϐολῆς
488 3875 710 3940 δεικνὺς
751 3877 1132 3948 μερικωτάτην
1171 3878 1268 3949 τὴν
1314 3879 1595 3948 παροῦσαν
1635 3879 1855 3948 γνῶσιν.

290 3960 425 4013 Τότε
442 3959 510 4014 δὲ
532 3961 864 4028 πρόσωπον
908 3962 1057 4030 πρὸς
1097 3963 1441 4028 πρόσωπον·
1464 3964 1561 4034 οὐχ
1587 3964 1665 4028 ὼς
1689 3966 1859 4036 πρόσ-

282 4057 431 4094 ωπον
448 4041 666 4112 ἔχοντος
682 4042 779 4095 τοῦ
809 4042 968 4106 Θεοῦ,
997 4043 1110 4096 ἀλλ’
1136 4044 1220 4096 ἵνα
1247 4045 1378 4117 είπῃ
1407 4047 1741 4118 σαφέστερον
1766 4049 1860 4101 καὶ

283 4123 627 4195 τρανότερον.
667 4125 832 4196 Ὁρᾷς
858 4126 980 4178 κατ’
1000 4125 1239 4179 ἐπίδοσιν
1256 4128 1431 4180 πάντα
1455 4122 1855 4198 μανθάνοντας

286 4208 445 4273 Ἀρτι
486 4206 759 4276 γινώσκω
801 4208 871 4261 ἐκ
896 4206 1140 4277 μέρους,
1185 4208 1317 4263 τότε
1348 4208 1416 4262 δὲ
1458 4210 1859 4279 ἐπιγνώσομαι

282 4290 479 4355 καθὼς
494 4290 594 4343 καί
613 4290 1022 4358 ἐπεγνώσθην.
1045 4287 1194 4354 Εἶδες
1220 4291 1336 4353 πῶς
1359 4291 1519 4363 διπλῇ
1545 4293 1607 4346 τὸ
1631 4293 1858 4363 φύσημα

281 4372 465 4425 αὐτῶν
509 4372 888 4438 κατέσπασεν;
932 4374 1013 4426 ὅτι
1067 4375 1162 4427 καὶ
1196 4373 1394 4444 μερικὴ
1424 4376 1458 4444 ἡ
1494 4374 1696 4443 γνῶσις
1718 4414 1734 4438 ,
1766 4376 1859 4429 καὶ

281 4455 406 4508 οὐδὲ
440 4456 645 4525 ταύτην
695 4456 908 4511 οἴκοθεν
963 4455 1200 4526 ἔχουσιν.
1258 4457 1333 4509 υύ
1382 4457 1492 4527 γάρ
1548 4457 1658 4524 ἐγὼ
1694 4456 1856 4509 αὐτὸν

283 4537 482 4603 ἔγνων,
511 4538 625 4591 ἀλλ’
656 4537 817 4601 αὐτός
863 4554 931 4608 με
977 4537 1259 4608 ἐγνώρισε,
1297 4540 1481 4611 φησίν.
1519 4541 1728 4611 Ὥσπερ
1763 4536 1856 4593 οὖν

282 4619 448 4682 αὐτός
478 4636 549 4689 με
577 4619 719 4688 ἐγνω
746 4620 1011 4692 πρότερος
1043 4621 1158 4688 νῦν,
1186 4624 1279 4676 καὶ
1308 4623 1467 4687 αὐτός
1499 4641 1590 4693 μοι
1620 4624 1855 4696 ἐπέδρα-

285 4718 407 4769 μεν,
457 4701 628 4767 οὖτως
679 4705 789 4772 ἐγὼ
834 4703 982 4772 αὺτῷ
1037 4705 1442 4776 ἐπιδραμοῦμαι
1493 4707 1616 4758 τότε
1676 4707 1855 4777 πολλῷ

285 4784 571 4853 μειζόνως,
599 4784 635 4856 ἢ
662 4786 779 4840 νῦν.
803 4786 909 4839 Kal
929 4788 1036 4858 γὰρ
1059 4789 1087 4839 6
1111 4788 1168 4839 ἐν
1203 4787 1379 4856 σκότῳ
1398 4787 1725 4858 καθήμενος,
1747 4788 1852 4852 ἐως

283 4866 385 4934 μὲν
414 4867 485 4921 ἂν
521 4866 595 4938 μὴ
626 4867 800 4940 βλέπῃ
828 4868 919 4922 τὸν
943 4869 1114 4938 ἥλιον,
1146 4869 1246 4921 οὐκ
1274 4868 1434 4934 αὐτὸς
1462 4870 1743 4941 ἐπιτρέχει
1775 4870 1853 4941 τῷ

281 4949 474 5003 κάλλει
520 4950 620 5020 τῆς
654 4950 892 5014 ἀκτῖνος,
927 4950 1040 5005 ἀλλ’
1088 4950 1269 5021 ἐκείνη
1317 4950 1583 5005 δείκνυσιν
1630 4952 1849 5023 ἑαυτὴν,

280 5031 507 5085 ἐπειδὰν
541 5030 749 5103 λάμψῃ’
783 5033 910 5086 ὅταν
945 5033 1000 5086 δὲ
1039 5034 1208 5103 αὐτῆς
1248 5032 1471 5105 δέξηται
1520 5035 1615 5104 τὴν
1651 5035 1850 5107 αὐγὴν,

279 5113 401 5167 τότε
433 5114 533 5167 καὶ
558 5114 720 5178 αὐτὸς
739 5116 924 5169 λοιπὸν
956 5116 1141 5170 διώκει
1162 5117 1223 5170 τὸ
1260 5117 1393 5187 φῶς.
1425 5117 1596 5171 Τοῦτο
1620 5115 1712 5171 οὖν
1735 5121 1851 5171 ἐστι

278 5195 359 5260 τὸ,
398 5195 608 5261 Καθὼς
648 5198 746 5250 καί
777 5197 1182 5266 ἐπεγνώσθην·
1231 5201 1329 5270 οὐχ
1365 5203 1445 5254 ὅτι
1489 5199 1659 5264 οὕτως
1693 5202 1854 5255 αὐτὸν

280 5278 561 5347 εἰσόμεθα,
593 5278 772 5342 καθὼς
810 5281 971 5344 αὐτὸς
999 5283 1167 5350 ἡμᾶς,
1200 5282 1313 5334 ἀλλ’
1345 5283 1426 5335 ὅτι
1464 5280 1652 5353 ὥσπερ
1689 5285 1853 5347 αὐτὸς

280 5360 411 5430 ἡμῖν
441 5362 714 5432 ἐπέδραμε
743 5363 860 5427 νῦν,
899 5364 1040 5418 οὕτω
1070 5366 1164 5419 καὶ
1197 5367 1353 5436 ἡμεῖς
1381 5366 1718 5434 ἀνθεξόμεθα
1750 5368 1849 5419 αύ-

279 5443 372 5495 τοῦ
410 5444 536 5496 τότε
558 5486 573 5506 ,
603 5446 699 5498 καὶ
730 5446 900 5500 πολλὰ
933 5447 1041 5501 τῶν
1088 5447 1180 5500 νῦν
1210 5449 1534 5519 ἀπορρήτων
1567 5448 1847 5518 εἰσόμεθα,

281 5526 373 5576 καὶ
410 5525 512 5596 τῆς
545 5529 969 5599 μακαριωτάτης
990 5529 1202 5599 ἐκείνης
1229 5529 1607 5600 ἀπολαύσομεν
1631 5531 1849 5601 ὁμιλίας

283 5608 375 5661 καὶ
402 5608 616 5678 σοφίας.
652 5611 714 5663 Εἰ
747 5613 857 5682 γάρ
889 5614 918 5664 6
945 5612 1181 5666 τοσαῦτα
1213 5611 1369 5676 εἰδὼς
1398 5613 1606 5678 Παῦλος
1632 5616 1843 5685 νήπιος,

282 5692 534 5763 ἐννόησον
572 5694 736 5763 ἡλίκα
774 5697 976 5748 ἐκεῖναο
1021 5697 1070 5748 εἰ
1109 5696 1280 5750 ταῦτα
1319 5698 1581 5767 ἔσοπτρον
1623 5701 1716 5753 καὶ
1759 5700 1845 5754 αἵ-

292 5791 476 5838 διγμα,
527 5777 737 5842 λογίζου
790 5795 880 5845 μοι
927 5776 1085 5833 πάλιν
1139 5778 1386 5835 ἐντεῦθεν
1439 5782 1499 5835 τό
1554 5783 1838 5852 πρόσωπον

1335 320 1402 375 IN
1440 318 1656 375 EPIST.
1701 318 1719 373 1
1757 314 1846 371 AD
1874 315 2035 373 COR.
2074 318 2303 376 HOMIL.
2340 320 2584 379 XXXIV.

3433 336 3539 389 9.88

1968 435 2153 520 ήλίκον
2181 439 2352 494 ἐστίν.
2402 440 2518 494 Ἵνα
2550 439 2607 494 δέ
2652 459 2732 495 σοι
2771 446 2965 515 μικρόν
2994 462 3047 498 τι
3096 446 3406 517 παρανοίξω
3444 454 3541 520 τῆς

1966 517 2227 591 διαφορᾶς
2261 522 2486 593 ταύτης.
2517 525 2612 577 καὶ
2640 526 2834 580 ἀκτῖνά
2863 545 2984 582 τινα
3019 529 3265 601 ἀμυδρὰν
3294 530 3389 584 τοῦ
3417 517 3540 602 νοήα

1971 618 2140 685 ματος
2166 604 2351 674 ἐναφῶ
2396 623 2489 660 σου
2518 610 2583 677 τῇ
2614 608 2758 681 ψυχῇ
2791 611 3003 677 τούτου,
3039 614 3418 685 ἀναμνήσθητι
3450 633 3541 685 μοι

1966 684 2075 768 τῶν
2103 685 2161 737 ἐν
2185 686 2264 757 τῷ
2288 687 2439 758 νόμῳ
2463 689 2578 754 νῦν,
2603 693 2767 762 ἡνίκα
2796 695 2829 765 ή
2851 696 3008 766 χάρις
3037 696 3269 766 ἔλαμψε.
3297 698 3409 751 Kal
3433 684 3543 768 γὰρ

1969 766 2153 849 ἐκεῖνα
2183 769 2290 840 πρὸ
2325 770 2426 840 τῆς
2465 773 2689 843 χάριτος
2722 776 2934 845 μεγάλα
2964 777 3084 832 τινὰ
3115 779 3211 832 καὶ
3255 766 3543 849 θαυμαστά

1968 848 2238 934 ἐιραίνετο·
2269 851 2387 905 ἀλλ’
2414 854 2565 923 ὅμως
2593 855 2823 911 ἄκουσον
2853 858 3000 932 [512]
3026 859 3080 912 τί
3113 877 3245 931 φησι
3286 848 3413 934 περὶ
3442 863 3538 916 αύ-

1966 932 2076 985 τῶν
2103 933 2241 1004 μετά
2266 934 2365 1005 τὴν
2390 937 2553 1007 χάριν
2574 938 2603 991 6
2624 939 2851 1004 Παῦλος,
2878 942 2960 995 ὅτι
2989 944 3071 996 Οὐ
3092 932 3450 1009 δεδόξασται
3476 947 3542 1000 τὸ

1968 1014 2417 1086 δεδοξασμένον
2459 1021 2530 1074 ἐν
2579 1023 2769 1087 τούτῳ
2820 1023 2901 1089 τῷ
2951 1025 3135 1095 μέρει.
3187 1027 3396 1082 ἕνεκεν
3431 1029 3542 1098 τῆς

1968 1099 2471 1182 ῦπερσαλλούσης
2508 1102 2716 1171 δόξης.
2754 1106 2871 1159 Ἵνα
2907 1106 2966 1159 δέ
3007 1110 3101 1161 καὶ
3145 1110 3478 1182 σαφέστερον
3513 1111 3543 1163 ὅ

1967 1178 2112 1264 λέγω
2154 1183 2413 1254 γένηται,
2446 1185 2531 1254 ἐφ’
2569 1187 2686 1250 ἑνός
2717 1206 2860 1251 τινος
2897 1190 3007 1242 τῶν
3038 1191 3160 1243 τότε
3202 1178 3541 1264 τελουμένων

1966 1262 2059 1316 τὸν
2096 1263 2252 1332 λόγον
2300 1269 2787 1339 μεταχειρίσωμεν,
2826 1272 2919 1325 καὶ
2963 1273 3086 1326 τότε
3122 1273 3241 1342 ὕψει
3278 1276 3340 1328 τὸ
3366 1262 3542 1346 μέσον

1968 1346 2110 1399 δσοψ
2148 1347 2261 1413 καὶ,
2291 1350 2339 1401 εἰ
2373 1349 2571 1419 βούλει,
2610 1351 2671 1404 τὸ
2705 1354 2895 1423 Πάσχα
2933 1357 3013 1416 εἰς
3056 1355 3218 1425 μέσον
3244 1357 3541 1427 ἀγάγωμεν

1969 1429 2143 1482 ἐκεῖνο
2177 1432 2271 1484 καὶ
2300 1431 2476 1499 τοῦτο,
2504 1434 2599 1486 καὶ
2635 1434 2754 1487 τότε
2782 1438 2901 1506 είσῃ
2937 1436 3036 1505 τὴν
3080 1438 3375 1510 ὑπεροχήν.
3413 1440 3541 1492 Ἐπ-

1968 1510 2182 1565 ετέλουν
2204 1513 2302 1582 μὲν
2327 1514 2435 1583 γάρ
2460 1517 2553 1568 καὶ
2568 1515 2825 1579 Ἰουδαῖοι,
2849 1519 3137 1575 ἐπετέλουν
3160 1521 3217 1574 δὲ
3243 1521 3437 1587 οὕτως,
3464 1524 3541 1587 ὡς

1968 1594 2025 1644 ἐν
2051 1593 2299 1666 ἐσόπτρῳ
2325 1599 2418 1650 καὶ
2449 1600 2506 1649 ἐν
2532 1599 2844 1668 αἰνίγματι⁹
2875 1602 2944 1654 τὰ
2968 1601 3024 1654 δέ
3051 1604 3338 1675 ἀπόρρητα
3365 1604 3540 1658 ταῦτα

1970 1676 2248 1757 μυστήρια
2283 1678 2404 1730 οὐδὲ
2434 1682 2514 1743 εἰς
2557 1680 2683 1733 νοῦν
2725 1698 2854 1736 ποτε
2900 1684 3110 1750 ἔλαϐον,
3142 1687 3264 1740 οὐδὲ
3295 1686 3535 1757 ᾔδεσανει

1965 1758 2089 1812 τίνα
2109 1754 2198 1829 ἦν,
2225 1759 2262 1814 ἀ
2285 1762 2467 1824 ἐκείνα
2492 1763 2883 1833 προανεφώνει·
2907 1767 3042 1820 άλλά
3062 1754 3332 1839 πρόϐατον
3349 1770 3538 1840 ἐώρων

1969 1845 2356 1915 σφαττόμενον,
2384 1846 2479 1900 καὶ⁴
2504 1842 2644 1916 αἷμα
2670 1847 2888 1918 ἀλόγου,
2921 1852 3013 1904 καὶ
3046 1851 3215 1924 θύρας
3244 1855 3536 1925 χριομένας

1966 1929 2169 1997 τούτῳ’
2192 1929 2352 1984 ὅτιδέ
2371 1932 2399 1984 ό
2424 1931 2552 1995 Υἰὸς
2571 1931 2663 1985 τοῦ
2689 1932 2824 1986 Θεοῦ
2847 1935 3150 2004 σαρκωθεὶς
3172 1941 3533 2008 σφαγήσεται,

1967 2010 2058 2064 καὶ
2089 2011 2189 2081 τὴν
2222 2013 2544 2084 οἰκουμένην
2589 2014 2944 2085 ἐλευθερώσει
2974 2019 3188 2083 πᾶσαν,
3236 2022 3330 2074 καὶ
3375 2020 3533 2075 δώσει

1965 2093 2060 2145 καὶ
2084 2093 2309 2163 Ἕλλησι
2324 2095 2418 2147 καὶ
2442 2094 2739 2166 βαρϐάροις
2760 2096 2852 2150 τοῦ
2877 2100 3108 2169 αἵματος
3125 2101 3534 2170 ἀπογεύσασθαι

1964 2174 2175 2237 τούτου,
2210 2178 2304 2229 καὶ
2346 2178 2438 2231 τὸν
2477 2181 2702 2250 οὐρανὸν
2738 2181 2939 2247 ἀνοίξει
2969 2186 3125 2251 πᾶσι,
3171 2188 3266 2240 καὶ
3312 2186 3379 2240 τά
3418 2188 3537 2240 ἐκεῖ

1966 2259 2264 2343 προσθήσει
2295 2260 2371 2332 τῷ
2408 2262 2517 2315 τῶν
2548 2263 2851 2335 ἀνθρώπων
2896 2266 3070 2335 γένει,
3103 2269 3199 2323 καὶ
3225 2268 3325 2341 τῆν
3369 2272 3535 2343 αίμα-

1964 2341 2182 2410 χθεῖσαν
2217 2343 2396 2415 σάρκα
2423 2344 2603 2399 λαϐὼν
2630 2347 2769 2418 ὑπὲρ
2801 2349 2891 2402 τὸν
2919 2349 3168 2421 οὐρανὸν,
3203 2354 3295 2405 καὶ
3325 2354 3415 2408 τὸν
3434 2341 3534 2409 οὐ·

1967 2425 2126 2494 ρανὸν
2154 2425 2248 2478 τοῦ
2286 2428 2545 2497 ούρανοῦ,
2576 2429 2671 2483 καὶ
2706 2431 2886 2494 πάσας
2916 2432 3102 2496 ἁπλῶς
3140 2433 3239 2497 τὰς
3280 2435 3391 2489 ἄνω
3422 2437 3534 2490 τῶν

1963 2507 2208 2595 ἀγγέλων
2244 2510 2340 2595 καὶ
2372 2512 2721 2595 ἀρχαγγέλων
2752 2514 2845 2567 καὶ
2879 2515 2987 2567 τῶν
3032 2515 3206 2571 ἄλλων
3250 2519 3533 2595 δυνάμεων

1966 2590 2223 2661 στρατιὰς
2258 2592 2577 2647 ἀναϐιϐάσει
2598 2636 2613 2659 ,
2648 2595 2742 2647 καὶ
2786 2597 2873 2648 ἐπ’
2903 2597 3069 2650 αὐτοῦ
3096 2598 3188 2652 τοῦ
3221 2600 3410 2669 θρόνου
3435 2590 3532 2656 τοῦ

1965 2670 2244 2757 βασιλικοῦ
2293 2675 2351 2726 ἐν
2401 2674 2550 2745 δεξιᾷ
2592 2676 2685 2729 τοῦ
2729 2677 2940 2749 Πατρός
2972 2680 3142 2751 αὐτὴν
3182 2682 3366 2735 καθιεῖ
3406 2684 3532 2757 δόξῃ

1962 2754 2283 2825 λάμπουσαν
2332 2757 2587 2829 ἀρρήτῳο
2643 2757 2815 2812 ταῦτα
2863 2760 2927 2831 δή
2972 2761 3095 2814 οὕτε
3135 2764 3357 2818 ἐκείνων
3408 2754 3530 2832 τις

1961 2836 2083 2891 οὔτε
2134 2838 2243 2891 τῶν
2292 2838 2465 2892 ἄλλων
2511 2840 2684 2905 οὐδεὶς
2735 2841 3067 2911 ἀνθρώπων,
3105 2842 3227 2898 οὔτε
3280 2847 3534 2917 προέγνω

1961 2921 2085 2975 οὔτε
2142 2923 2225 2985 εἰς
2274 2923 2397 2977 νοῦν
2444 2923 2683 2996 ἠδυνήθη
2728 2925 2984 2995 βαλέσθαι
3041 2928 3191 2982 ποτέ.
3263 2930 3422 2985 Ἀλλά
3476 2933 3532 2987 τί

1963 3021 2126 3073 φασιν
2167 3007 2216 3059 οἱ
2259 3005 2435 3059 πάντα
2464 3006 2758 3079 τολμηροίς
2790 3008 2878 3072 Τὸ,
2933 3011 3084 3079 Ἄρτι
3130 3013 3402 3082 γινώσκω
3459 3016 3530 3070 ἐκ

1955 3087 2214 3157 μέρους,
2248 3089 2375 3160 περί
2417 3089 2740 3161 οἰκονομιῶν
2783 3090 3071 3162 εἰρῆσθαι·
3118 3094 3216 3166 τὴν
3262 3096 3368 3167 γάρ
3400 3099 3531 3168 περὶ

1961 3169 2052 3221 τοῦ
2080 3169 2215 3223 Θεοῦ
2240 3170 2442 3240 γνῶσιν
2465 3172 2881 3244 ἀπηρτισμένην
2902 3175 3062 3228 αὐτὸν
3088 3175 3250 3246 ἔχειν.
3280 3178 3387 3231 Kal
3412 3178 3529 3243 πῶς

1961 3253 2153 3323 νήπιον
2183 3254 2374 3307 ἑαυτὸν
2400 3254 2587 3321 καλεί;
2621 3254 2738 3319 πῶς
2766 3255 2831 3307 δι’
2859 3257 3125 3329 ἐσόπτρου
3156 3258 3343 3328 βλέπει
3368 3277 3383 3326 ;
3412 3261 3529 3325 πῶς

1960 3334 2016 3385 ἐν
2064 3334 2367 3404 αἰνίγματι,
2415 3336 2464 3388 εἰ
2502 3336 2563 3389 τὸ
2601 3338 2707 3389 πᾶν
2752 3336 2864 3407 ἔχει
2904 3339 3004 3408 τῆς
3054 3340 3340 3410 γνώσεω;;
3374 3344 3425 3397 τί
3472 3343 3529 3396 δὲ

1960 3413 2149 3485 ὥσπερ
2181 3415 2456 3486 ἐξαίρετον
2482 3417 2799 3489 ἀνατίθησιν
2826 3420 2957 3472 αὐτὸ
2984 3420 3061 3490 τῷ
3102 3423 3401 3493 Πνεύματι,
3433 3426 3531 3478 καὶ

1960 3498 2187 3568 οὐδεμιᾷ
2226 3498 2363 3571 ἄλλῃ
2389 3499 2616 3568 δυνάμει
2645 3500 2743 3570 τῆς
2773 3501 3021 3566 κτίσεως,
3051 3503 3225 3571 λέγων
3249 3523 3261 3534 ·
3300 3509 3392 3572 Τίς
3420 3509 3529 3576 γὰρ

1960 3577 2085 3634 οἶδε
2117 3583 2191 3634 τὰ
2224 3582 2329 3635 τοῦ
2358 3581 2693 3649 ἀνθρώπου,
2730 3583 2886 3651 εἰμὴ
2913 3583 2980 3638 τὸ
3012 3589 3248 3654 πνεῦμα
3288 3589 3393 3643 τοῦ
3424 3590 3528 3643 ἁν-

1961 3663 2194 3731 θρώπου
2233 3664 2301 3717 τὸ
2330 3665 2400 3717 ἐν
2437 3663 2617 3728 αὐτῷ;
2653 3663 2813 3717 Οὕτω
2846 3665 2944 3719 καί
2988 3669 3060 3720 τὰ
3100 3669 3207 3723 τοῦ
3247 3670 3394 3726 Θεοῦ
3423 3673 3525 3726 οὑ-

1960 3746 2085 3811 δείς
2112 3743 2294 3811 οἶδεν,
2324 3749 2376 3800 εἰ
2394 3747 2479 3816 μὴ
2506 3745 2571 3799 τό
2603 3747 2843 3817 Πνεῦμα
2870 3747 2975 3802 τοῦ
3007 3750 3176 3804 Θεοῦ.
3208 3753 3317 3805 Kal
3337 3753 3367 3805 6
3392 3753 3527 3824 Χρι-

1962 3831 2086 3893 στὸς
2118 3829 2279 3883 πάλιν
2310 3829 2500 3883 ἐαυτοῦ
2553 3830 2714 3896 μόνου
2752 3831 2906 3885 τοῦτο
2950 3828 3088 3886 εἷναί
3132 3851 3327 3904 φησιν,
3383 3835 3526 3890 οὕτω

1958 3915 2152 3983 λέγων·
2191 3915 2314 3983 Οὐχ
2350 3914 2437 3966 ὅτι
2468 3914 2572 3966 τόν
2600 3914 2830 3982 Πατέρα
2858 3933 2942 3980 τις
2981 3916 3259 3985 ἑώρακεν,
3289 3923 3338 3973 εἰ
3374 3921 3460 3991 μὴ
3491 3929 3523 3977 ὀ

1957 3996 2042 4050 ὢν
2080 3997 2240 4065 παρά
2272 3997 2378 4052 τοῦ
2414 3996 2583 4062 Θεοῦ,
2635 3994 2812 4064 οὗτος
2861 3999 3081 4066 ἑώρακε
3129 4000 3235 4055 τὸν
3272 4003 3519 4073 Πατέρασ

1957 4082 2147 4152 ὅρασιν
2202 4083 2301 4152 τὴν
2365 4082 2565 4150 γνῶσιν
2633 4081 2804 4150 λέγων
2859 4083 2957 4153 τὴν
3024 4085 3368 4155 σαφεστάτην
3429 4090 3523 4141 καὶ

1957 4162 2392 4236 ἀπηρτισμένην.
2436 4163 2559 4227 Ιιῶς
2590 4163 2647 4217 δέ
2677 4164 2706 4215 6
2741 4164 2839 4234 τὴν
2887 4165 3075 4219 οὐσίαν
3110 4165 3286 4233 εἰδὼς,
3316 4168 3415 4231 τὰς
3446 4171 3523 4221 οἰ-

1956 4246 2214 4315 κονομίας
2267 4246 2550 4315 ἀγνοήσει;
2606 4245 2791 4316 ἐκείνη
2835 4247 2944 4316 γὰρ
2993 4246 3193 4316 μείζων
3242 4250 3445 4318 ταύτης
3489 4252 3522 4322 ή

1956 4329 2175 4396 γνῶσις.
2222 4328 2546 4399 Ἀγνοοῦμεν
2580 4324 2696 4395 οῦν,
2732 4329 2884 4398 φησὶ,
2938 4331 3029 4382 τὸν
3063 4326 3235 4395 Θεόνς
3287 4332 3519 4400 Ἄπαγε*

1958 4412 2073 4466 ἀλλ’
2095 4413 2176 4466 ὅτι
2203 4413 2300 4481 μέν
2326 4411 2493 4476 ἐστιν,
2524 4410 2698 4481 ίσμεν·
2724 4412 2777 4464 τί
2807 4429 2937 4465 ποτε
2960 4412 3017 4465 δέ
3045 4414 3161 4465 ἐστι
3185 4414 3283 4484 τὴν
3310 4415 3518 4477 οὐσίαν,

1955 4495 2161 4550 οὐκέτι.
2192 4497 2303 4549 Kal
2335 4495 2421 4548 ἴνα
2442 4493 2584 4565 γνῷς
2606 4496 2688 4548 ότι
2714 4496 2774 4548 οὔ
2807 4498 2933 4567 περί
2962 4496 3072 4549 τῶν
3100 4496 3418 4568 οἰκονομιῶν
3442 4498 3521 4551 εἴ-

1959 4596 2092 4648 ρηκε
2131 4579 2212 4644 τὸ,
2248 4579 2405 4648 Ἄρτι
2448 4576 2718 4647 γινώσκω
2753 4579 2822 4633 ἐκ
2848 4579 3088 4649 μέρους,
3139 4580 3370 4635 ἄκουσον
3409 4581 3521 4636 τῶν

1955 4660 2108 4732 ἑξῆς·
2151 4663 2423 4733 ἐπήγαγεν
2455 4658 2566 4715 οὖν·
2606 4663 2741 4716 Τότε
2774 4662 2842 4716 δὲ
2877 4662 3296 4732 ἐπιγνώσομαι,
3326 4663 3518 4731 καθὼς

1955 4752 2052 4805 καί
2078 4746 2484 4817 ἐπεγνώσθην.
2514 4747 2588 4802 Οὐ
2628 4746 2797 4817 δήπου
2825 4744 2882 4798 δὲ
2915 4745 3019 4799 ὑπὸ
3055 4746 3163 4799 τῶν
3198 4749 3518 4817 οἰκονομιῶν

1955 4830 2292 4902 ἐπεγνώσθη,
2315 4831 2429 4885 ἀλλ’
2451 4831 2556 4883 ὑπὸ
2575 4830 2668 4882 τοῦ
2686 4828 2841 4882 Θεοῦ.
2866 4828 3068 4898 Μηδεὶς
3086 4829 3266 4883 τοίνυν
3292 4830 3513 4901 μικρὰν,

1958 4915 2090 4985 μηδὲ
2121 4916 2298 4986 ἁπλῆν
2326 4914 2589 4984 νομιζέτω
2611 4903 2752 4964 ἐἶναι
2790 4910 2989 4982 ταύτην
3016 4913 3115 4982 τὴν
3151 4912 3514 4982 παρανομίαν,

1952 4999 2087 5051 ἀλλὰ
2114 4999 2209 5050 καὶ
2236 4996 2429 5063 διπλῆν
2455 4996 2548 5047 καί¹
2575 4994 2808 5066 τριπλῆν
2834 4996 2925 5050 καὶ
2959 4995 3411 5049 πολλαπλασίονα.
3440 4995 3514 5047 Οὐ

1953 5082 2060 5151 γὰρ
2084 5080 2322 5151 δήτοῦτο
2346 5080 2502 5149 μόνον
2535 5078 2650 5131 ἐστὶ
2675 5079 2734 5131 τὸ
2762 5079 2978 5141 ἄτοπον,
3005 5080 3087 5131 ὅτι
3113 5076 3288 5131 ταῦτα
3318 5076 3514 5142 ἀλαζο-

1952 5166 2194 5218 νεύονται
2215 5163 2430 5226 εἰδέναι,
2448 5161 2482 5214 ἃ
2507 5161 2597 5213 τοῦ
2622 5159 2932 5230 Πνεύματός
2954 5162 3068 5213 ἐστι
3095 5160 3277 5229 μόνου,
3302 5160 3395 5213 καὶ
3420 5160 3513 5213 τοῦ

1956 5247 2273 5320 μονογενοῦς
2296 5245 2424 5298 Υἱοῦ
2447 5245 2539 5297 τοῦ
2564 5244 2722 5311 Θεοῦ,
2744 5244 2855 5296 ἀλλ’
2874 5245 2954 5298 ὅτι
2976 5246 3070 5297 καὶ
3088 5242 3296 5299 Παύλου
3316 5244 3435 5298 ούδέ
3454 5245 3514 5299 τὸ

1955 5332 2177 5404 μερικὸν
2197 5329 2353 5383 τοῦτο
2368 5327 2466 5398 τῆς
2484 5327 2735 5396 γνώσεως
2754 5328 2880 5382 ἄνευ
2903 5327 3001 5397 τῆς
3023 5327 3228 5382 ἄνωθεν
3248 5326 3514 5381 ἀποκαλύ-

1953 5416 2096 5485 ψεως
2113 5412 2428 5483 δυνηθέντος
2452 5410 2669 5481 μαθεῖν,
2691 5411 2844 5465 αὐτοί
2870 5410 2930 5463 τὸ
2960 5411 3066 5464 πᾶν
3087 5411 3150 5464 ἐκ
3173 5411 3280 5463 τῶν
3302 5409 3513 5462 οίκείων

1953 5497 2101 5569 [515]
2134 5495 2408 5565 λογισμῶν
2439 5494 2821 5566 κατειληφέναι
2855 5495 3036 5564 φασίν.
3066 5493 3198 5546 Οὐδὲ
3226 5492 3333 5560 γὰρ
3360 5489 3513 5557 ἐχου-

2014 5788 2033 5815 ⁸
2068 5787 2236 5835 Nam!
2258 5786 2445 5845 ᾔδεσαν.
2524 5844 2525 5847 η
