3990 6168
436 298 543 356 ειν

434 430 522 467 σιν
546 412 781 483 οὐδαμοῦ
807 411 905 481 τὴν
932 411 970 463 Γ
974 410 1150 482 ραφὴν
1172 410 1525 481 περὶτούτων
1554 412 1685 481 ἡμῖν
1709 408 2006 478 διειλεγμέ-

434 514 532 566 νην
572 496 757 562 δεῖξαι.
816 494 975 547 Ἀλλά
1014 492 1121 565 γάρ
1152 494 1250 563 τὴν
1299 494 1494 563 μανίαν
1531 494 1709 546 αὐτῶν
1755 491 2002 559 ἀφέντες,

433 578 540 632 τῶν
569 576 696 647 ἑξῆς
722 574 977 645 ἐχώμεθα
1000 576 1127 645 περὶ
1156 575 1252 643 τῆς
1274 575 1494 644 ἀγάπης
1519 574 1712 643 λόγων.
1736 573 1869 627 Οὐδὲ
1898 573 2007 644 γάρ

431 660 637 722 τούτοις
684 656 949 728 ἠρκέσθη,
997 656 1110 709 ἀλλ’
1162 657 1355 724 ἐπάγει
1405 656 1565 710 πάλιν
1613 656 1820 725 λέγων·
1856 655 2007 710 Νυνὶ

432 742 501 795 δὲ
538 741 706 809 μένει
754 741 981 804 πίστις,
1013 738 1220 803 ἐλπὶς,
1251 737 1472 807 ἀγάπη,
1506 738 1578 792 τὰ
1606 740 1739 808 τρία
1781 738 1967 792 ταῦτα
1988 752 2001 766 ·

427 821 639 891 μείζων
659 822 726 873 δὲ
758 822 983 874 τούτων
1011 820 1046 886 ἠ
1078 818 1303 891 ἀγάπη.

504 970 577 1041 γ’.
615 972 676 1024 Ἡ
710 971 809 1042 μέν
834 971 942 1043 γάρ
963 972 1142 1031 πίστις
1158 970 1249 1023 καὶ
1270 974 1299 1040 ἡ
1318 969 1469 1034 ἐλπὶς
1490 971 1597 1024 τῶν
1615 970 2006 1025 πιστευθέντων

429 1056 523 1108 καὶ
549 1053 658 1107 τῶν
690 1055 1052 1107 ἐλπισθέντων
1077 1055 1537 1123 παραγενομένων
1566 1054 1809 1121 ἀγαθῶν,
1835 1054 2004 1107 παύε-

426 1156 537 1192 ται.
578 1138 686 1191 Καὶ
718 1137 871 1191 τοῦτο
901 1136 1074 1208 δηλῶν
1113 1139 1141 1190 ό
1172 1137 1377 1200 Παῦλος
1407 1137 1613 1206 ἔλεγεν·
1662 1138 1864 1204 Ἐλπὶς
1894 1139 2006 1207 γὰρ

422 1220 800 1289 βλεπομένη,
825 1222 933 1273 οὐκ
963 1221 1134 1273 ἐστιν
1160 1221 1355 1285 ἐλπίς·
1392 1219 1422 1272 ὃ
1443 1221 1550 1289 γὰρ
1570 1219 1790 1285 ,ϐλέπει
1814 1238 1922 1286 τις,
1949 1222 2006 1274 τί

428 1303 525 1356 καί
551 1301 772 1362 ἐλπίζει
789 1319 808 1367 ;
839 1303 933 1353 καὶ¹
965 1302 1145 1363 πάλιν,
1180 1304 1345 1355 Ἔστι
1380 1302 1446 1353 δὲ
1468 1303 1673 1367 πίστις
1698 1302 2004 1373 ἐλπιζομέ-

427 1402 549 1439 νων
570 1387 928 1450 ὑπόστασις,
957 1384 1315 1455 πραγγιιὶτων
1334 1385 1582 1453 ἐλεγχος
1610 1386 1681 1438 οὺ
1702 1385 2004 1454 ,ϐλεπομέ-

427 1486 568 1521 νων.
602 1468 765 1520 Ὥστε
794 1462 951 1520 αὗται
981 1469 1079 1535 μὲν
1107 1467 1370 1519 παύονται
1401 1467 1674 1535 φανέντων
1702 1467 1941 1521 ἐκείνων·

425 1552 482 1604 δὲ
516 1551 705 1619 ἀγάπη
740 1551 861 1602 τότε
890 1549 1124 1618 μάλιστα
1155 1551 1389 1619 αἴρεται,
1424 1549 1518 1601 καὶ
1544 1549 1752 1616 γίνεται
1780 1551 2003 1621 σφοδρο-

426 1634 578 1705 τέρα.
614 1631 837 1701 Ἕτερον
862 1632 1021 1684 πάλιν
1051 1632 1326 1701 ἐγκώμιον
1356 1631 1455 1699 τῆς
1484 1632 1723 1700 ἀγάπης·
1750 1633 1869 1684 οὐδὲ
1894 1634 2002 1704 γάρ

425 1717 674 1785 ἀρκεῖται
706 1717 819 1776 τοῖς
850 1710 1182 1784 ἔμπροσθεν,
1220 1713 1355 1766 ἀλλά
1407 1716 1500 1766 καὶ
1541 1714 1668 1766 ἀλλο
1711 1710 2004 1782 φιλονεικεῖ

426 1796 587 1850 πάλιν
619 1797 819 1865 εὑρεῖν.
851 1796 1050 1850 Σκόπει
1078 1796 1154 1848 δέ·
1192 1789 1360 1849 Εἶπεν
1388 1796 1558 1867 αὐτὴν
1594 1796 1841 1867 χάρισμα
1864 1792 2001 1849 εἶναι

427 1879 572 1949 μέγα
612 1882 705 1932 καὶ
737 1879 855 1932 ὁδὸν
897 1877 1102 1932 τούτων
1142 1878 1265 1931 καθ’
1310 1876 1636 1949 ὐπερῦολήν·
1679 1873 1800 1930 εἷπε
1834 1879 2002 1948 χωρὶς

422 1964 589 2032 αὐτῆς
628 1962 791 2032 μηδὲν
836 1963 978 2033 μέγα
1009 1960 1237 2031 ὠφελεῖν
1274 1962 1341 2014 τά
1369 1962 1676 2031 χαρίσματα
1698 2000 1713 2024 ,
1757 1960 1997 2031 ὐπέγρα-

421 2046 523 2115 ψεν
561 2046 727 2116 αὐτῆς
775 2045 862 2097 διά
910 2045 1121 2098 πολλῶν
1158 2047 1258 2115 τὴν
1310 2046 1513 2097 εἰκόνα·
1551 2043 1799 2112 βούλεται
1842 2045 2002 2099 πάλιν

426 2128 520 2182 καὶ
548 2128 746 2200 ἑτέρως
778 2128 947 2198 αὐτὴν
979 2130 1201 2198 ἐπᾶραι,
1232 2128 1328 2181 καὶ
1355 2127 1525 2194 δεῖξαι
1560 2127 1805 2197 μεγάλην
1835 2123 2002 2181 οὖσαν

424 2213 490 2264 ἐκ
542 2210 636 2264 τοῦ
679 2210 975 2280 διαμένειν·
1026 2212 1105 2264 διὸ
1157 2212 1249 2264 καὶ
1301 2210 1474 2279 ἔλεγε,
1530 2211 1681 2264 Νυνί
1734 2210 1802 2263 δὲ
1834 2210 2003 2278 μένει

423 2294 647 2358 πίστις,
678 2292 874 2356 ἐλπὶς,
915 2293 1138 2363 ἀγάπη,
1168 2294 1240 2346 τὰ
1278 2294 1409 2361 τριά
1447 2291 1655 2347 ταῦτα·
1693 2291 1901 2358 μείζων
1936 2291 2004 2345 δὲ

424 2376 650 2429 τούτων
701 2377 738 2443 ἡ
786 2374 1007 2444 ἀγάπη.
1041 2377 1165 2440 Πῶς
1204 2372 1296 2430 οὖν
1327 2376 1530 2447 μείζων
1578 2378 1610 2447 ή
1643 2376 1871 2447 ἀγάπη;
1911 2376 2002 2444 Τῷ

425 2460 607 2510 ἐκεῖνα
643 2457 961 2512 διαϐαίνεινι
1010 2459 1070 2511 Εἰ
1113 2458 1290 2511 τοίνυν
1340 2458 1575 2528 τοσαύτη
1620 2462 1653 2527 ἡ
1708 2459 1860 2528 ίσχύς
1904 2459 2003 2529 τῆς

424 2539 681 2609 ἀγάπης,
754 2541 980 2604 εἰκότως
1056 2540 1253 2608 ἐπάγει
1315 2540 1522 2608 λέγων,
1579 2540 1824 2593 Διώκετε
1890 2540 2003 2608 τὴν

420 2620 682 2692 ἀγάπην.
717 2623 825 2674 Καὶ
876 2622 983 2693 γάρ
1025 2623 1259 2688 διώξεως
1301 2624 1458 2695 χρεία
1491 2624 1585 2676 καί
1628 2623 1825 2693 δρόμου
1858 2624 2001 2686 τινος

425 2704 656 2776 σφοδροῦ
686 2708 773 2757 ἐπ’
794 2705 986 2778 αὐτήν·
1016 2706 1186 2770 οὕτως
1210 2707 1366 2776 ἡμῶν
1391 2706 1631 2773 ἀπέπτη,
1653 2706 1746 2756 καί
1768 2705 2001 2757 τοσαῦτα

421 2788 491 2840 τά
515 2788 938 2853 ὐποσκελίζοντα
970 2790 1062 2841 τὸν
1092 2790 1271 2841 ἐκεῖσε
1301 2789 1519 2859 δρόμον.
1554 2787 1644 2839 Διὸ
1677 2789 1771 2839 καὶ
1802 2786 2000 2857 πολλῆς

421 2872 554 2939 ἡμῖν
592 2872 671 2923 δεῖ
706 2872 804 2941 τῆς
843 2871 1222 2942 σφοδρότητος,
1255 2871 1394 2923 ὥστε
1428 2871 1596 2939 αὐτὴν
1646 2870 1996 2923 καταλαϐεῖν.

423 2954 601 3022 Ὅπερ
635 2954 1041 3022 ἐνδεικνύμενος
1075 2955 1103 3005 6
1148 2952 1355 3016 Παῦλος
1387 2952 1485 3005 οὐκ
1528 2949 1700 3015 εἶπεν,
1750 2953 2000 3005 Ἀκολου-

420 3035 562 3088 θείτε
603 3037 670 3107 τῇ
718 3036 931 3106 ἀγάπῃ,
976 3035 1132 3101 ἀλλὰ,
1183 3034 1425 3088 Διώκετε
1478 3036 1667 3106 αὐτὴν,
1718 3035 2000 3106 διεγείρων

421 3119 568 3188 ἡμᾶς
596 3118 691 3170 καὶ
733 3118 987 3172 ἀνάπτων
1017 3120 1150 3190 πρὸς
1180 3121 1275 3188 τὴν
1306 3120 1518 3190 ἐκείνης
1545 3120 1849 3189 ἀντίληψιν.
1886 3119 1999 3172 Καὶ

422 3199 531 3271 γάρ
572 3202 601 3252 6
628 3200 760 3264 Θεὸς
800 3199 1036 3271 ἐξαρχῆς
1068 3201 1239 3270 μυρία
1283 3201 1423 3271 ὑπὲρ
1462 3202 1555 3255 τοῦ
1607 3202 1811 3274 ταύτην
1867 3205 1999 3274 ἡμῖν

421 3282 758 3355 ἐμφυτεύσαι
781 3284 1183 3354 ἐμηχανήσατο·
1210 3282 1303 3335 καὶ
1326 3284 1395 3351 γά
1405 3300 1433 3354 ρ
1457 3284 1583 3353 μίαν
1607 3286 1811 3338 ἆπασιν
1832 3284 1999 3339 ἔδωκε

421 3367 683 3437 κεφαλὴν,
716 3367 807 3418 τὸν
848 3365 1041 3436 Ἀδάμ.
1071 3366 1170 3419 Διά
1197 3367 1249 3419 τί
1283 3365 1392 3437 γάρ
1418 3367 1492 3436 μὴ
1519 3368 1583 3420 ἐκ
1609 3368 1709 3437 γῆς
1738 3368 2000 3439 γινόμεθα

420 3450 651 3514 πάντες;
682 3448 770 3502 διά
811 3448 864 3502 τί
908 3449 984 3520 μὴ
1012 3448 1228 3511 τέλειοι,
1271 3449 1345 3512 ὡς
1381 3452 1621 3515 ἐκεῖνος;
1662 3451 1780 3504 Ἵνα
1821 3451 1915 3504 καί
1947 3453 1997 3504 οί

418 3531 568 3586 τόκοι
593 3532 688 3585 καὶ
710 3534 764 3584 αἰ
789 3531 1187 3602 παιδοτροφίαι,
1214 3533 1307 3585 καί
1327 3532 1387 3585 τὸ
1408 3532 1465 3596 ἐξ
1481 3530 1723 3603 ἀλλήλων
1745 3531 1996 3601 φύεσθαι,

420 3613 723 3699 συνδήσωσι
756 3615 889 3685 πρὸς
920 3615 1198 3699 ἀλλήλους,
1217 3616 1388 3699 ἡμᾶς.
1431 3615 1529 3667 Δια
1559 3614 1719 3668 τοῦτο
1751 3615 1870 3668 οὐδέ
1899 3616 1998 3687 τὴν

418 3700 657 3759 γυναῖκα
696 3698 954 3766 ἐποίησεν
990 3699 1100 3751 ἀπο
1134 3697 1284 3767 γῆς.⁷
1309 3699 1525 3769 Ἐπειδὴ
1557 3700 1667 3771 γάρ
1704 3700 1805 3753 οὐκ
1838 3701 1998 3771 ἤρκει

417 3780 738 3848 δυσωπῆσαι
779 3780 913 3849 πρὸς
948 3781 1199 3849 ὁμόνοιαν
1231 3782 1379 3849 ἡμᾶς
1426 3781 1647 3847 ὁμοίως,
1683 3782 1743 3834 τὸ
1770 3782 1869 3851 τῆς
1903 3782 1998 3834 αὐ-

418 3861 520 3935 τῆς
547 3861 731 3921 οὐσίας
776 3857 935 3922 εἶναι,
972 3862 1021 3913 εἰ
1059 3861 1134 3930 μὴ
1176 3864 1267 3914 καὶ
1305 3864 1394 3914 τὸν
1425 3863 1587 3915 αὐτὸν
1619 3862 1835 3934 ἔχοιμεν
1866 3864 1997 3935 πρό-

418 3933 599 4010 γονον,
640 3941 922 3995 καὶτοῦτο
970 3942 1391 3995 κατεσκεύασεν.
1439 3943 1499 3995 Εἰ
1536 3946 1645 4016 γὰρ
1686 3944 1780 3998 νῦν
1812 3933 1996 4007 τόποις

418 4026 764 4096 διεστηκότες
796 4025 998 4094 μόνοις,
1037 4025 1349 4099 ἀλλοτρίους
1379 4024 1517 4081 εἶναι
1545 4028 1836 4098 νομίζομεν
1865 4030 1993 4082 ἐαυ-

417 4110 548 4171 τοὺς
592 4107 869 4179 ἀλλήλων·
904 4110 953 4159 εἰ
1000 4106 1094 4160 δύο
1123 4107 1183 4160 τὸ
1233 4108 1385 4175 γένος
1415 4108 1573 4179 ήμῶν
1602 4112 1757 4180 ἔσχεν
1798 4113 1992 4182 ἀρχάς,

418 4190 599 4261 πολλῷ
630 4190 829 4261 μᾶλλον
853 4190 919 4243 ἂν
939 4188 1096 4243 τοῦτο
1124 4190 1359 4258 ἐγένετο.
1392 4192 1489 4244 Διά
1509 4191 1572 4263 δὴ
1600 4193 1775 4256 τοῦτο,
1807 4193 1994 4266 ὥσπερ

416 4274 525 4328 ἀπό
550 4291 689 4338 τινος
723 4277 852 4344 μιᾶς
882 4273 1141 4343 κεφαλῆς,
1175 4275 1234 4327 τὸ
1259 4276 1365 4328 πᾶν
1389 4276 1544 4347 ἔδησε
1576 4276 1736 4347 σῶμα
1762 4277 1856 4331 τοῦ
1884 4280 1993 4331 τῶν

415 4352 719 4426 ἀνθρώπων
758 4353 973 4423 γένους.
1002 4354 1112 4406 Καὶ
1141 4354 1441 4426 ἐπειδήπερ
1463 4354 1699 4426 ὲξαρχῆς
1724 4355 1817 4409 δύο
1848 4358 1993 4421 τινὲς

415 4437 634 4491 ἐδόκουν
665 4432 827 4500 εἶναι,
863 4438 965 4507 ὅρα
998 4436 1116 4498 πῶς
1157 4437 1356 4500 αὐτοὺς
1394 4439 1663 4510 συγκολλᾷ
1707 4441 1865 4495 πάλιν
1897 4442 1991 4495 καὶ

414 4522 497 4584 εἰς
538 4519 596 4571 ἓν
644 4520 863 4587 συνάγει
894 4520 982 4571 διὰ
1020 4520 1112 4572 τοῦ
1159 4523 1369 4590 γάμου·
1418 4521 1574 4575 ’Λντί
1622 4525 1834 4578 τούτου
1880 4526 1988 4596 γάρ

414 4604 786 4670 καταλείψει,
829 4605 1013 4670 φησὶν,
1048 4603 1356 4672 ἄνθρωπος
1393 4604 1499 4655 τὸν
1540 4605 1766 4672 πατέρα
1799 4607 1987 4661 αὑτοῦ

415 4682 514 4736 καί
535 4685 649 4749 τὴν
672 4683 915 4751 μητέρα,
946 4685 1041 4737 καὶ
1072 4684 1672 4753 προσκολληθήσεται
1700 4688 1850 4755 πρὸς
1875 4689 1990 4757 τὴν

414 4765 671 4836 γυναῖκα
692 4764 1069 4837 [514]αὑτοῦ,
1092 4768 1188 4820 καί
1209 4766 1450 4819 ἔσονται
1476 4769 1529 4818 οἱ
1554 4767 1663 4820 δύο
1687 4771 1775 4834 εἰς
1792 4770 1989 4840 σάρκα

409 4850 574 4917 μίαν.
631 4849 740 4901 Καὶ
765 4850 864 4900 οὐκ
894 4845 1067 4909 εἶπεν,
1108 4852 1173 4902 Ἰι
1203 4849 1357 4919 γυνὴ.
1388 4850 1503 4902 ἀλλ’
1547 4850 1598 4901 '0
1636 4851 1945 4920 ἄνθρωπος
1967 4894 1983 4917 ,

414 4931 600 5001 ἐπειδὴ
642 4931 735 4983 καὶ
772 4931 974 4999 μείζων
1011 4933 1043 5000 ή
1074 4932 1338 5001 ἐπιθυμία
1386 4932 1443 4984 ἐν
1484 4934 1694 5003 ἐκείνῳ.
1734 4934 1843 4987 Καὶ
1876 4937 1985 5007 γάρ

414 5017 507 5068 καὶ
531 5016 751 5086 μείζονα
768 5016 937 5085 αὐτὴν
958 5014 1042 5066 διὰ
1060 5014 1216 5067 τοῦτο
1235 5017 1507 5083 ἐποίησεν,
1534 5018 1620 5070 ἵνα
1641 5017 1700 5070 τὸ
1720 5020 1985 5091 ὑπερέχον

413 5101 752 5170 κατακάμψῃ
798 5101 864 5169 τῇ
915 5099 1187 5169 τυραννίδι
1246 5099 1435 5152 τούτου
1483 5100 1576 5152 τοῦ
1626 5098 1847 5171 ἔρωτος,
1891 5105 1985 5156 καὶ

415 5179 659 5252 ὑποτάξῃ
714 5181 793 5249 τῷ
847 5180 1241 5253 ἀσθενεστέρῳ.
1311 5182 1526 5254 Ἐπειδὴ
1573 5184 1629 5236 δὲ
1677 5185 1769 5237 καὶ
1805 5187 1982 5256 γάμον

413 5264 521 5320 ἔδει
566 5263 905 5332 εἰσαχθῆναι,
954 5265 1044 5316 τὸν
1089 5265 1147 5330 ἐξ
1198 5259 1258 5317 οὗ
1312 5267 1521 5332 γέγονε,
1570 5266 1755 5320 τοῦτον
1812 5270 1981 5340 ἄνδρα

412 5343 636 5414 ἐποίησε
661 5348 725 5415 τῇ
758 5347 993 5412 γυναικί.
1024 5348 1207 5400 Πάντα
1239 5348 1346 5416 γάρ
1373 5349 1589 5417 ἀγάπης
1618 5349 1695 5419 τῷ
1725 5349 1845 5420 Θεῷ
1870 5352 1982 5405 δεύ-

411 5445 568 5499 τερα.
601 5429 661 5481 Εἰ
685 5427 791 5497 γάρ
812 5426 952 5479 οῦτω
977 5429 1278 5497 γενομένων
1302 5432 1328 5481 ό
1353 5430 1564 5497 πρῶτος
1583 5430 1780 5494 εὐθέως
1806 5431 1980 5499 οὕτως

408 5513 605 5582 ἐμάνη.
627 5512 718 5565 καὶ
738 5511 1001 5581 τοσαύτην
1031 5512 1210 5582 μάχην
1236 5516 1262 5565 6
1287 5513 1530 5577 διάϐολος
1560 5516 1655 5567 καὶ
1680 5516 1977 5583 βασκανίαν

409 5596 712 5665 ἐνέτπειρε,
755 5594 805 5645 τί
836 5594 934 5647 οὐκ
964 5597 1028 5647 ἀν
1054 5596 1367 5665 εἰργάσατο,
1397 5596 1444 5646 εί
1480 5599 1551 5663 μὴ
1582 5597 1690 5648 ἀπὸ
1726 5601 1857 5666 μιᾶς
1898 5601 1978 5670 ῥί-

410 5678 503 5746 ζης
537 5677 903 5747 εςλάττηηη
940 5674 1070 5730 Εἶτα
1112 5679 1195 5730 ἵνα
1240 5678 1299 5729 τὸ
1349 5679 1446 5744 μὶν
1494 5679 1881 5748 ὐποτάττηται,
1919 5685 1974 5734 τὸ

410 5764 462 5814 δὲ
488 5763 625 5834 ἄρχῃ
679 5763 737 5815 τὸ
772 5762 877 5832 γάρ
904 5762 1162 5833 ὁμότιμον
1209 5757 1317 5814 οἶδε
1354 5760 1604 5822 πολλάκις
1638 5762 1815 5832 μάχην
1858 5769 1966 5817 εἱσ-

1135 299 1197 355 S.
1234 294 1522 354 JOANNIS
1557 293 2049 351 CIIRYSOSTOHI
2088 295 2405 352 ARCIIIEP.
2446 297 2989 356 CONSTANTINOP.

3572 302 3677 356 290

2111 410 2286 477 άγειν·
2309 411 2409 463 οὐκ
2431 411 2608 480 ἀφῆκε
2629 412 3001 482 δημοκρατίαν
3032 409 3191 474 εἶναι,
3217 412 3353 466 ἀλλά
3380 413 3677 482 βασιλείαν,

2110 492 2204 543 καὶ
2244 491 2490 563 καθάπερ
2524 495 2581 546 ἐν
2612 495 2979 564 στρατοπέδῳ,
3011 495 3216 562 ταύτην
3246 493 3309 544 ἄν
3340 510 3426 557 τις
3458 494 3555 548 ίδοι
3584 498 3679 565 τὴν

2104 573 2345 638 διάταξιν
2392 576 2511 628 καθ’
2551 578 2789 646 ἑκάστην
2832 577 3030 630 οἰκίαν.
3077 578 3233 629 Ἐστι
3269 577 3401 643 γοῦν
3446 578 3506 629 ὲν
3531 579 3680 639 τάξει

2108 656 2207 726 μὲν
2247 657 2510 725 βασιλέως
2541 661 2569 711 6
2610 658 2769 729 ἀνὴρ,
2811 661 2869 712 ἐν
2895 659 3047 725 τάξει
3081 660 3137 711 δὲ
3182 659 3431 730 ὑπάρχου
3462 661 3497 730 ἡ
3543 667 3679 733 γυνὴ

2106 738 2201 791 καὶ
2223 740 2546 810 στρατηγοῦ·
2579 742 2671 793 καὶ
2698 742 2749 793 οἱ
2780 743 2966 805 παῖδες
2996 742 3053 794 δὲ
3094 741 3270 813 ἀρχὴν
3304 741 3680 813 κεκλήρωνται

2104 821 2310 892 τρίτην·
2342 818 2458 875 εἶτα
2499 824 2637 892 μετά
2675 822 2845 876 ταῦτα
2873 824 3019 894 ἀρχὴ
3051 826 3286 894 τετάρτη
3322 827 3354 893 ἡ
3397 826 3506 879 τῶν
3536 828 3680 880 οἰκε-

2105 905 2233 957 τῶν·
2256 906 2349 958 καὶ
2369 904 2477 975 γάρ
2509 906 2605 959 καὶ
2636 902 2780 960 οὗτοι
2806 905 3068 974 κρατοῦσι
3094 908 3204 959 τῶν
3233 906 3554 971 ἐλαττόνων,
3586 910 3680 962 καὶ

2106 981 2183 1050 εἷς
2209 1004 2293 1050 τις
2320 988 2579 1050 πολλάκις
2599 990 2710 1051 τοῖς
2739 991 2901 1041 πᾶσιν
2929 988 3221 1059 ἐφέστηκε,
3249 988 3345 1059 τὴν
3369 990 3460 1043 τοῦ
3483 991 3679 1045 δεσπόα

2103 1085 2197 1121 του
2249 1069 2399 1133 τάξιν
2438 1070 2731 1141 διατηρῶν,
2784 1071 2922 1140 πλὴν
2971 1073 3048 1135 ὡς
3086 1072 3324 1140 οἰκέτης.
3379 1074 3488 1126 Καὶ
3534 1074 3679 1143 μετὰ

2102 1151 2304 1221 ταύτης
2330 1152 2490 1223 ἐτέρα
2513 1152 2673 1206 πάλιν
2698 1151 2838 1222 ἀρχὴ
2866 1154 2956 1205 καὶ
2986 1155 3045 1205 ἐν
3067 1154 3256 1216 αὐτοῖς
3283 1155 3316 1218 ἡ
3343 1153 3448 1206 τῶν
3479 1170 3678 1222 γυναι·

2105 1235 2236 1297 κῶν,
2267 1237 2299 1305 ή
2328 1234 2436 1287 τῶν
2465 1236 2669 1288 παίδων
2688 1244 2729 1295 ⁸,
2767 1238 2863 1287 καὶ
2886 1236 2944 1286 ἐν
2968 1236 3154 1299 αὐτοῖς
3186 1238 3298 1300 τοῖς
3331 1238 3487 1288 παισὶ
3511 1237 3677 1290 πάλιν

2107 1316 2266 1385 έτέρα
2302 1317 2443 1370 κατά
2479 1317 2576 1385 τὴν
2620 1317 2834 1386 ἡλικίαν
2880 1317 2975 1368 καὶ
3007 1319 3151 1370 κατά
3187 1319 3287 1387 τὴν
3322 1317 3505 1385 φύσιν·
3557 1319 3675 1372 οὐδὲ

2104 1399 2209 1470 γάρ
2248 1402 2305 1453 ὲν
2350 1404 2462 1460 τοῖς
2493 1400 2723 1462 παιδίοις
2773 1399 2974 1469 ὁμοίως
3016 1401 3077 1453 τὸ
3115 1400 3252 1470 θῆλυ
3305 1406 3520 1471 κρατεῖ.
3567 1404 3677 1456 Καὶ

2104 1482 2379 1554 πανταχοῦ
2408 1484 2475 1535 δι’
2513 1483 2695 1549 ὀλίγον
2734 1484 2825 1535 καὶ
2856 1483 3064 1544 πυκνάς
3104 1485 3332 1553 ἐποίησε
3372 1484 3472 1546 τὰς
3506 1483 3676 1554 ἀρχάς

2102 1565 2132 1616 6
2163 1566 2315 1631 θεὸς,
2342 1566 2429 1617 ἴνα
2455 1566 2632 1618 πάντα
2662 1567 2718 1616 ἐν
2753 1565 2975 1632 ὁμονοία
3005 1565 3141 1638 μένῃ
3171 1567 3265 1618 καὶ
3296 1565 3523 1636 εὐταξίᾳ
3550 1566 3675 1618 πολ-

2102 1645 2191 1717 λῇ.
2224 1646 2322 1700 Διά
2363 1646 2521 1699 τοῦτο
2561 1647 2657 1700 καὶ
2690 1648 2818 1717 πρὶν
2867 1647 2946 1708 εἰς
2990 1647 3192 1715 πλῆθος
3222 1646 3570 1717 ἐξενεχθῆναι
3617 1648 3679 1700 τὸ

2104 1730 2277 1797 γένος,
2300 1729 2391 1782 δύο
2424 1728 2599 1799 μόνων
2627 1729 2794 1781 ὅντων
2821 1728 2930 1782 τῶν
2958 1728 3212 1799 πρῶτων,
3238 1729 3317 1799 τῷ
3343 1730 3439 1798 μὲν
3464 1730 3677 1799 ἄρχειν,

2101 1814 2169 1881 τῇ
2214 1812 2269 1865 δὲ
2302 1811 2564 1883 ἄρχεσθαι
2598 1811 2876 1864 ἐκέλευσε.
2914 1812 3024 1863 Καὶ
3056 1812 3143 1864 ἴνα
3185 1812 3258 1881 μὴ
3290 1812 3364 1873 ὡς
3396 1811 3680 1875 ἐλάττονος

2104 1898 2419 1965 καταφρονῇ
2456 1895 2615 1949 πάλιν
2657 1896 2750 1948 καὶ
2789 1892 3170 1963 ἀποσχίξηται,
3213 1896 3314 1963 ὅρα
3354 1894 3470 1956 πῶς
3500 1894 3678 1963 αὐτὴν

2105 1978 2331 2048 ἐτίμησέ
2376 1994 2436 2029 τε
2486 1980 2581 2030 καὶ
2625 1979 2802 2047 ῆνωσε
2857 1978 2952 2031 καὶ
3001 1976 3106 2046 πρὸ
3144 1980 3240 2047 τῆς
3286 1976 3671 2045 δημιουργίας.

2103 2059 2455 2129 Ποιήσωμεν
2489 2061 2599 2130 γὰρ
2637 2059 2816 2124 αὐτῷ,
2854 2060 3019 2128 φησὶ,
3046 2060 3301 2127 βοηθόν·
3342 2059 3552 2120 δεικνὺς
3587 2058 3673 2112 ὅτι

2104 2142 2185 2204 εἰς
2223 2143 2411 2212 χρείαν
2451 2143 2617 2196 αὐτοῦ
2642 2144 2833 2210 γέγονε
2853 2182 2868 2205 ,
2894 2144 2989 2196 καὶ
3022 2142 3194 2215 ταύτῃ
3224 2142 3468 2209 συνάγων
3505 2141 3674 2195 αὐτὸν

2104 2225 2240 2294 πρὸς
2262 2225 2360 2292 τὴν
2381 2225 2447 2278 δι’
2477 2226 2638 2279 αὐτὸν
2661 2225 3052 2295 γεγενημένην.
3078 2227 3189 2280 Καὶ
3213 2227 3321 2296 γὰρ
3343 2226 3483 2295 πρὸς
3496 2224 3673 2279 ταῦτα

2102 2308 2432 2379 οἰκειότερον
2459 2308 2778 2378 διακείμεθα
2806 2309 2876 2361 τά
2903 2309 2971 2361 δι’
2998 2309 3145 2379 ἡμᾶς
3191 2308 3522 2379 πραχθέντα.
3559 2309 3675 2361 Ἵνα

2102 2391 2159 2443 δὲ
2187 2391 2264 2462 μὴ
2291 2393 2585 2464 ἐπαίρηται
2615 2394 2776 2446 πάλιν
2804 2393 3008 2464 ἐκείνη,
3038 2394 3112 2453 ῶς
3136 2395 3215 2454 εἰς
3245 2392 3500 2462 βοήθειαν
3527 2391 3675 2460 αὐτῴ

2102 2474 2336 2535 δοθεῖσα,
2370 2480 2461 2528 καὶ
2499 2477 2591 2529 τὸν
2630 2477 2828 2545 δεσμὸν
2869 2476 3159 2547 ἀπορρήξῃ
3192 2475 3398 2538 τοῦτον,
3439 2475 3549 2529 ἀπὸ
3572 2474 3670 2545 τῆς

2103 2557 2342 2628 πλευρᾶς
2384 2560 2553 2629 αὐτὴν
2582 2562 2740 2623 ποιεῖ,
2771 2559 2985 2622 δεικνὺς
3011 2561 3093 2612 ὅτι
3136 2559 3301 2630 μέρος
3341 2558 3437 2612 τοῦ
3472 2558 3671 2619 παντός

2103 2642 2250 2694 ἐστιν
2290 2642 2425 2710 αὐτη
2456 2642 2548 2694 τοῦ
2590 2643 2859 2713 σώματος.
2904 2645 3024 2697 Ἵνα
3064 2642 3123 2696 δὲ
3167 2643 3302 2713 μηδέ
3340 2644 3370 2695 6
3411 2644 3554 2713 ἀνὴρ
3586 2644 3674 2696 ἐν·

2102 2722 2289 2777 τεῦθεν
2321 2726 2638 2796 ἐπείρηται,
2663 2727 2847 2779 οὐκέτι
2879 2727 3103 2794 ἀφίησιν
3128 2724 3267 2779 εἶναι
3302 2725 3491 2795 μόνου,
3516 2726 3547 2778 δ
3589 2725 3676 2796 μό-

2102 2823 2195 2859 νου
2239 2806 2302 2858 τὸ
2342 2808 2603 2878 πρότερον
2654 2808 2889 2875 ἐγένετο,
2921 2808 3056 2861 ἀλλά
3101 2808 3411 2862 τούναντίον
3449 2810 3673 2877 ἐποίησε

2101 2890 2296 2960 τούτῳ,
2325 2891 2424 2960 τὴν
2455 2891 2801 2944 παιδοποιίαν
2830 2890 3164 2959 εἱσαγαγὼν,
3206 2890 3304 2944 κᾶν
3331 2891 3509 2963 τούτῳ
3542 2907 3674 2961 προ-

2100 2977 2339 3045 τιμήσας
2378 2976 2478 3047 μὲν
2502 2975 2591 3029 τὸν
2630 2977 2819 3048 ἄνδρα,
2860 2978 2919 3030 οὐ
2959 2976 3065 3048 μὴν
3108 2977 3169 3030 τὸ
3201 2978 3310 3031 πᾶν
3350 2979 3509 3048 ἀφεὶς
3534 2973 3673 3033 εἶναι

2101 3057 2289 3112 αὐτοῦ.

2171 3204 2232 3258 δ’.
2265 3200 2416 3267 Εἶδες
2448 3204 2645 3268 πόσους
2670 3205 2993 3275 συνδέσμους
3023 3206 3241 3277 ἀγάπης
3272 3207 3301 3258 6
3324 3207 3451 3269 Θεὸς
3486 3207 3670 3279 εἰργά-

2103 3304 2263 3353 σατο;
2301 3286 2459 3342 ’Λλλά
2480 3288 2651 3340 ταῦτα
2676 3288 2773 3359 μὲν
2798 3289 2905 3341 ἀπὸ
2932 3288 3032 3356 τῆς
3060 3289 3275 3357 φύσεως
3305 3290 3577 3361 κατέθηκε
3602 3291 3671 3360 τῇ

2099 3370 2320 3440 ὁμονοία⁵
2345 3369 2411 3425 τά
2444 3370 2691 3441 ἐνέχυρα.
2724 3370 2834 3423 Καὶ
2854 3371 2961 3440 γὰρ
2980 3373 3039 3423 τὸ
3064 3374 3162 3441 τῆς
3192 3373 3360 3443 αὐτῆς
3389 3373 3576 3438 οὐσίας
3598 3367 3675 3427 εἰ·

2100 3470 2207 3516 ναι,
2246 3453 2325 3516 είς
2351 3451 2506 3505 τοῦτο
2545 3453 2687 3520 άγει·
2718 3455 2824 3506 πᾶν
2852 3453 2960 3523 γάρ
2993 3453 3131 3518 ζῶον
3161 3456 3355 3526 ἀγαπᾷ
3391 3457 3454 3508 τὸ
3491 3457 3676 3526 ὅμοιον

2099 3534 2267 3604 αὐτῷ·
2299 3535 2394 3587 καὶ
2438 3535 2498 3588 τὸ
2549 3535 2610 3599 ἐξ
2639 3534 2828 3607 ἀνδρὸς
2866 3537 2964 3605 τὴν
2997 3539 3231 3603 γυναῖκα
3271 3532 3435 3600 εἶναι,
3488 3540 3579 3591 καὶ
3615 3539 3676 3593 τὸ

2099 3619 2159 3682 ἐξ
2191 3618 2513 3688 ἀμφοτέρων
2560 3620 2719 3672 πάλιν
2754 3620 2879 3681 τούς
2913 3619 3128 3682 παῖδας.
3163 3618 3327 3673 Ὅθεν
3363 3620 3458 3672 καὶ
3493 3620 3675 3675 πολλοὶ

2099 3703 2323 3770 φύονται
2366 3701 2658 3766 διαθέσεως
2687 3702 2901 3772 τρόποι.
2934 3702 3037 3756 Τὸν
3067 3703 3166 3772 μὲν
3194 3702 3304 3772 γὰρ
3338 3700 3413 3765 ὡς
3456 3702 3671 3773 πατέρα

2098 3786 2421 3855 ἀγαπῶμεν,
2453 3786 2542 3837 τὸν
2574 3786 2629 3839 δὲ
2658 3781 2732 3848 ὡς
2764 3786 2986 3839 πάππον
3011 3801 3024 3813 ·
3056 3788 3151 3839 καὶ
3181 3787 3276 3849 τὴν
3320 3785 3418 3854 μὲν
3447 3785 3524 3849 ὠς
3554 3802 3666 3855 μη-

2097 3870 2250 3940 τέρα,
2282 3872 2380 3939 τὴν
2411 3870 2467 3922 δὲ
2505 3870 2579 3933 ῶς
2609 3868 2854 3939 τιθηνόν·
2910 3871 3005 3923 καί
3045 3870 3137 3923 τόν
3183 3869 3280 3939 μὲν
3309 3868 3382 3931 ὡς
3416 3868 3533 3923 υἱὸν
3571 3871 3668 3922 καὶ

2099 3952 2319 4020 ἔγγονον
2350 3953 2441 4004 καὶ
2474 3953 2532 4018 ἐξ
2567 3953 2807 4020 ἐγγόνων
2838 3953 3020 4014 πάλιν.
3050 3953 3148 4023 τὴν
3183 3953 3241 4006 δέ
3276 3952 3349 4015 ὼς
3388 3952 3668 4023 θυγατέρα

2098 4036 2193 4087 καὶ
2224 4033 2567 4104 θυγατριδῆν·
2604 4034 2699 4088 καὶ
2726 4034 2819 4087 τὸν
2852 4035 2949 4105 μὲν
2987 4036 3062 4098 ὡς
3104 4035 3353 4103 ἀδελφὸν,
3386 4037 3476 4088 τὸν
3507 4036 3565 4089 δὲ
3591 4035 3665 4097 ὡς

2100 4116 2247 4189 [515]
2282 4116 2612 4186 ἀδελφιδοῦν·
2638 4117 2731 4170 καὶ
2761 4118 2859 4187 τὴν
2882 4118 2979 4188 μὲν
3004 4117 3080 4180 ὡς
3101 4117 3354 4189 ἀδελφὴν,
3382 4117 3479 4188 τὴν
3507 4119 3564 4172 δὲ
3591 4118 3665 4182 ὡς

2097 4199 2401 4271 ἀδελφιδῆν.
2436 4200 2547 4253 Καὶ
2574 4199 2626 4253 τί
2655 4199 2762 4270 γάρ
2793 4200 2873 4252 δεῖ
2906 4199 3083 4253 πάντα
3112 4201 3433 4269 καταλέγειν
3464 4201 3533 4255 τά
3568 4201 3663 4271 τῆς

2098 4284 2417 4352 συγγενείας
2445 4284 2724 4354 ὀνόματα;
2760 4283 3050 4354 Ἐπενόησε
3070 4284 3128 4338 δέ
3152 4286 3247 4339 καὶ
3276 4287 3471 4357 ἑτέραν
3484 4285 3663 4339 διαθέ-

2097 4384 2232 4431 σεως
2262 4367 2536 4420 ὑπόθεσιν·
2558 4366 2945 4437 ἀπαγορεύσας
2966 4369 3074 4439 γάρ
3095 4368 3219 4431 τοὺς
3244 4368 3352 4422 τῶν
3385 4368 3660 4437 συγγενῶν

2093 4451 2324 4520 γάμους,
2352 4450 2436 4502 ἐπ’
2457 4449 2769 4520 ἀλλοτρίους
2790 4451 2936 4519 ἡμᾶς
2963 4452 3223 4520 ἐξήγαγε,
3246 4451 3534 4515 κάκείνους
3554 4453 3656 4507 πά-

2092 4531 2174 4585 λιν
2210 4532 2345 4602 7:96;
2373 4533 2519 4601 ἡμᾶς
2563 4532 2828 4585 εἵλκυσεν.
2875 4532 3090 4601 Ἐπειδὴ
3138 4533 3247 4603 γάρ
3279 4534 3388 4586 ἀπὸ
3430 4535 3529 4603 τῆς
3560 4551 3658 4603 φυ-

2095 4615 2251 4684 σικῆς
2279 4614 2482 4683 ταύτης
2512 4614 2830 4681 συγγενείας
2858 4615 2959 4667 οὐκ
2989 4612 3057 4686 ἦν
3086 4615 3328 4678 ἐκείνους
3361 4618 3497 4685 ἡμῖν
3538 4634 3656 4669 συν-

2091 4698 2345 4768 αφθῆναι,
2380 4698 2488 4751 ἀπὸ
2519 4698 2612 4750 τοῦ
2639 4700 2816 4768 γάμου
2850 4700 3007 4752 πάλιν
3046 4699 3304 4780 συνῆψεν,
3333 4701 3657 4771 ὁλοκλήρους

2088 4780 2263 4843 οἰκίας
2281 4781 2370 4834 διά
2386 4781 2485 4849 τῆς
2507 4782 2634 4850 μιᾶς
2653 4781 2869 4852 νύμφης
2888 4784 3156 4850 συνάγων,
3183 4784 3277 4836 καὶ
3297 4784 3429 4853 γένη
3450 4786 3661 4851 γένεσιν

2087 4862 2184 4915 ὅλα
2217 4864 2536 4933 ἀναμιγνύς.
2574 4864 2668 4931 Μὴ
2703 4865 2871 4935 γὰμει
2900 4865 3030 4937 γὰρ,
3061 4867 3216 4936 φησὶ.
3249 4866 3366 4934 τὴν
3388 4865 3663 4935 ἀδελφὴν

2087 4945 2202 5013 τὴν
2225 4945 2370 5012 σὴν,
2401 4946 2557 5015 μηδέ
2596 4947 2711 5014 τὴν
2756 4948 3034 5017 ἀδελφὴν
3077 4950 3184 5004 τοῦ
3227 4950 3471 5017 πατρὸς,
3509 4949 3663 5019 μηδέ

2086 5029 2286 5097 ἄλλην
2318 5032 2504 5098 κόρην
2531 5030 2645 5096 τὴν
2682 5033 2967 5099 τοιαύτην
2992 5032 3354 5103 συγγένειαν
3390 5034 3543 5101 πρὸς
3589 5032 3662 5086 σὲ

2085 5113 2477 5181 κεκτημένην,
2520 5114 2553 5185 ἢ
2588 5113 2875 5167 διακωλύει
2920 5116 3008 5168 τὸν
3048 5117 3246 5187 γάμον,
3283 5117 3512 5187 ὀνόματι
3550 5117 3662 5180 θεὶς

2083 5194 2192 5249 τῶν
2223 5195 2479 5249 τοιούτων
2530 5197 2807 5264 συγγενῶν
2854 5198 2923 5251 τὰ
2968 5199 3103 5268 εἴδη.
3154 5201 3339 5269 ’Δρκεῖ
3391 5217 3474 5254 σοι
3527 5200 3659 5271 πρὸς

2082 5279 2180 5347 τὴν
2212 5280 2432 5331 ἐκείνων
2465 5279 2700 5332 διάθεσιν
2728 5281 2789 5334 τὸ
2827 5281 2985 5336 λῦσαι
3022 5290 3122 5345 τὰς
3150 5284 3321 5346 αὐτάς
3357 5282 3575 5348 ὠδῖνας,
3599 5283 3660 5335 τὸ

2081 5360 2283 5429 ἑτέρως
2328 5377 2409 5413 σοι
2457 5363 2754 5431 προσήκειν
2798 5365 2895 5427 τάς
2930 5365 3118 5426 ἄλλας.
3188 5366 3251 5417 Τί
3307 5368 3658 5436 στενοχωρεῖς

2079 5443 2181 5511 τῆς
2217 5444 2438 5513 ἀγάπης
2473 5444 2533 5496 τὸ
2566 5445 2801 5509 πλάτοςς
2848 5446 2902 5499 τί
2939 5448 3206 5518 περιττῶς
3247 5449 3505 5503 ὑπόθεσιν
3531 5451 3659 5503 ἀνα·-

2078 5524 2285 5589 λίσκεις
2308 5528 2387 5588 εἰς
2422 5526 2589 5596 αὐτὴν
2613 5528 2815 5595 φιλίας,
2855 5530 2922 5582 δι’
2964 5526 3031 5600 ἦς
3075 5530 3303 5585 δύνασαι
3334 5535 3431 5587 καὶ
3463 5532 3656 5603 ἑτέραν

2080 5608 2403 5677 πορίσασθαι
2425 5609 2603 5676 φιλίας
2629 5612 2900 5683 ἀςορμὴν,
2932 5612 3127 5677 ἔξωθεν
3148 5617 3381 5680 γυναῖκα
3404 5613 3648 5684 ἀγαγὼν,

2140 5796 2158 5819 ι
2197 5782 2402 5832 Deerant
2427 5782 2587 5846 verba,
2613 5788 2690 5835 καὶ
2712 5788 2759 5835 ἐν
2777 5787 3007 5844 αὐτοῖς....
3023 5787 3200 5835 παίδων
