3990 6168
107 0 1479 27 m

304 379 411 435 289

304 507 422 546 cem
449 490 588 544 hanc
616 485 944 556 iniquitatem
973 493 1095 537 esse
1122 487 1294 549 putet,
1325 476 1420 533 sed
1450 487 1505 532 et
1531 474 1794 545 duplicem
1823 481 1877 528 et

307 579 570 648 triplicem
601 585 658 633 et
685 572 1050 643 multiplicem.
1079 567 1198 627 Non
1242 569 1386 625 enim
1427 569 1531 622 hoc
1568 567 1740 622 solum
1782 565 1881 620 ab-

306 669 532 727 surdum
571 677 674 734 est,
704 664 844 737 quod
872 678 932 720 ea
963 677 1025 719 se
1050 675 1189 717 vane
1215 660 1520 731 glorientur
1544 658 1685 713 scire
1706 698 1723 722 ,
1763 670 1879 726 qua:

308 762 539 831 Spiritus
563 758 727 813 solius
751 763 878 812 sunt
902 762 958 809 et
986 752 1240 823 unigeniti
1277 750 1396 807 Filii
1424 749 1556 815 Dei;
1585 748 1679 804 sed
1720 747 1880 802 etiam

308 852 471 921 quod,
502 865 617 905 cum
656 848 854 902 Paulus
881 860 949 902 ne
977 853 1181 914 partem
1210 843 1423 914 quidem
1455 841 1600 897 illam
1626 839 1883 911 cognitio-

308 944 392 996 nis
419 944 534 996 sine
563 953 789 1011 superna
820 937 1154 993 revelatione
1191 935 1435 1005 accipere
1477 932 1711 1002 potuerit
1732 969 1749 998 ,
1780 929 1880 998 ipsi

307 1042 471 1086 totum
497 1045 564 1086 cx
594 1028 825 1099 propriis
849 1027 1146 1084 ratiociniis
1172 1040 1233 1082 se
1258 1024 1531 1092 accepisse
1553 1022 1754 1077 dicant.
1783 1020 1884 1076 Ne-

303 1139 406 1193 que
431 1125 572 1179 euim
604 1136 831 1191 usquam
867 1130 1096 1191 possunt
1124 1117 1488 1187 Scriptorum,
1534 1131 1651 1185 quas
1689 1113 1757 1170 de
1797 1113 1883 1168 bis

303 1214 650 1278 disseruerit,
682 1213 840 1268 nobis
866 1210 1176 1267 ostendere.
1221 1208 1328 1265 Sed
1357 1207 1519 1263 missa
1549 1207 1763 1261 illormn
1796 1207 1880 1260 in-

303 1309 472 1373 sania,
504 1306 786 1375 sequentia
811 1319 931 1374 qua:
958 1301 1028 1358 de
1054 1302 1277 1357 caritate
1312 1299 1560 1355 dicuntur
1589 1313 1882 1369 persequa-

303 1414 445 1452 mur.
474 1396 662 1466 Neque
686 1395 831 1451 enim
858 1393 945 1449 his
968 1400 1250 1449 centcntus
1273 1390 1403 1457 fuit,
1428 1390 1522 1445 sed
1552 1404 1740 1445 rursus
1768 1389 1884 1444 hmo

302 1486 614 1558 subiungit:
645 1486 732 1541 15.
765 1485 918 1540 Nunc
943 1493 1114 1538 autem
1137 1492 1306 1537 manet
1332 1481 1479 1551 ﬁdes,
1506 1497 1640 1549 spes,
1669 1481 1878 1548 caritas,

306 1580 406 1634 tria
433 1580 577 1643 lucc;
606 1577 770 1646 major
797 1585 964 1631 autem
988 1575 1164 1630 Iterum
1192 1583 1262 1628 est
1289 1575 1492 1628 caritas.

380 1670 434 1725 ὅ.
464 1668 703 1723 Caritatis
724 1664 1195 1722 encomia.—-—Nam
1225 1664 1358 1718 fides
1376 1673 1430 1720 et
1457 1678 1604 1733 spes,
1635 1679 1755 1718 cum
1787 1664 1882 1719 ad-

309 1762 564 1817 venerint
598 1761 735 1814 bona
771 1774 887 1829 qua:
908 1757 1111 1814 credita
1132 1765 1187 1814 et
1206 1766 1415 1827 sperata
1446 1756 1680 1823 fuerunt,
1707 1772 1886 1814 cessa-

311 1854 462 1905 bunt.
495 1852 560 1905 Et
587 1838 685 1906 hoc
715 1849 1023 1921 significans
1053 1848 1249 1903 Paulus
1278 1847 1494 1903 dicebat
1530 1866 1544 1902 :
1589 1848 1721 1919 Spes
1753 1849 1885 1902 enim

310 1957 423 2012 t/tue
445 1941 658 1999 videtur,
693 1955 796 1997 non
824 1949 898 1993 est
930 1954 1045 2006 spes
1074 1954 1094 1992 .'
1120 1938 1256 2009 quod
1279 1938 1409 1993 enim
1449 1938 1581 1992 uidet
1602 1941 1734 2008 quis,
1762 1939 1885 2008 quid

306 2032 456 2084 etiam
484 2039 648 2099 speret
685 2030 863 2101 (Rom.
891 2030 943 2085 8.
974 2029 1067 2098 24)
1095 2029 1120 2083 ΐ
1143 2042 1198 2085 et
1225 2044 1438 2084 rursum
1468 2047 1482 2083 :
1513 2028 1603 2083 Est
1628 2040 1795 2084 autent
1819 2030 1886 2098 β-

303 2121 393 2176 des
420 2137 594 2175 eorum
630 2136 746 2190 quia
780 2129 1051 2190 sperantur
1079 2120 1356 2174 substantia
1374 2161 1390 2187 ,
1435 2136 1602 2175 rerum
1642 2137 1755 2190 qua
1783 2137 1884 2175 non

300 2213 535 2267 videnlur
572 2221 921 2283 argumentum
948 2210 1143 2281 (Hebr.
1176 2211 1265 2267 Η.
1294 2211 1378 2280 Ι).
1409 2210 1767 2280 Quamobrem
1800 2212 1884 2267 has

300 2304 522 2374 quidem
543 2303 958 2359 ccssahuntcum
988 2301 1073 2355 illa
1091 2301 1465 2371 apparuerint:
1493 2304 1686 2358 caritas
1705 2312 1883 2358 autem

301 2407 434 2452 tunc
479 2396 711 2450 maxime
748 2392 1042 2458 extollitur,
1087 2399 1145 2448 et
1180 2393 1240 2447 fit
1284 2392 1673 2448 vehementior.
1723 2393 1883 2448 Aliud

301 2503 495 2567 rursus
540 2487 841 2543 encomium
877 2486 1118 2541 caritatis
1156 2502 1169 2538 :
1202 2501 1378 2554 neque
1415 2485 1558 2540 enim
1601 2494 1886 2541 contentus

297 2590 385 2637 est
411 2579 702 2651 prioribus,
730 2578 829 2635 sed
856 2587 911 2634 et
932 2578 1040 2632 alia
1076 2592 1288 2633 rursum
1326 2577 1567 2633 invenire
1589 2577 1883 2633 contendit.

298 2674 556 2729 Animum
599 2682 779 2728 autem
832 2670 1028 2727 adhibe
1064 2687 1078 2725 :
1125 2669 1259 2726 dixit
1302 2685 1419 2726 eam
1465 2670 1726 2726 charisma
1766 2685 1886 2726 esse

298 2782 555 2838 "uagitum
585 2774 642 2821 et
661 2765 798 2820 viam
820 2762 889 2819 ad
919 2763 1034 2817 haec
1062 2760 1545 2831 supereminentem
1570 2779 1587 2829 ;
1613 2761 1745 2816 dixit
1769 2762 1886 2817 sine

240 2838 247 2843 ⁷
298 2857 395 2912 illa
436 2873 542 2910 non
585 2855 813 2910 nmltum
840 2853 1031 2923 juvare
1072 2853 1419 2917 charismata,
1455 2854 1573 2923 ejus
1601 2854 1884 2923 imaginem

300 2948 549 3017 pluribus
598 2945 883 3014 descripsit
931 2961 943 2996 :
992 2944 1106 3000 vult
1148 2958 1334 2998 rursus
1383 2944 1528 2998 illam
1577 2944 1681 2999 alio
1726 2944 1886 3000 modo

300 3038 584 3105 extollere,
608 3047 662 3091 et
686 3035 975 3091 ostendere
1000 3033 1143 3104 quod
1162 3048 1349 3103 magna
1365 3034 1432 3087 sit
1449 3049 1513 3089 ex
1531 3048 1598 3089 eo
1612 3034 1753 3103 quod
1774 3050 1886 3089 ma-

304 3141 450 3185 neat.
485 3128 718 3199 ldeoquc
756 3127 910 3192 dixit,
947 3124 1099 3180 Nunc
1129 3135 1299 3180 autem
1323 3134 1525 3179 manent
1551 3126 1697 3194 ﬁdes,
1749 3142 1883 3194 spes,

302 3224 525 3287 caritas,‘
542 3223 640 3276 tria
669 3222 809 3285 hac;
838 3222 1004 3289 major
1026 3230 1191 3273 autem
1221 3219 1401 3274 horum
1421 3229 1493 3274 est
1509 3220 1714 3276 caritas.
1744 3220 1885 3286 Quo-

305 3314 471 3371 modo
500 3328 630 3384 ergo
668 3313 837 3382 major
879 3320 960 3366 est
998 3312 1191 3366 caritas
1220 3310 1419 3379 ?Quod
1459 3310 1545 3365 illa
1591 3320 1882 3367 transeant.

309 3404 371 3460 Si
407 3419 536 3474 ergo
561 3412 706 3458 tanta
729 3413 813 3459 est
838 3403 1008 3458 virtus
1031 3403 1290 3468 caritatis,
1334 3404 1456 3471 jure
1500 3402 1772 3472 subjungit
1801 3404 1887 3457 di-

311 3510 451 3551 cens
486 3511 501 3548 :
531 3493 801 3550 Sectamini
847 3494 1129 3547 caritatem.
1170 3493 1380 3548 Etenim
1424 3493 1631 3563 insequi
1677 3502 1889 3563 oportet

311 3601 381 3640 ac
410 3583 755 3640 vehementer
780 3585 843 3638 ad
871 3584 1011 3638 illam
1043 3599 1263 3639 currere
1290 3600 1305 3648 ;
1334 3584 1406 3638 ita
1437 3599 1467 3637 a
1494 3584 1647 3638 nobis
1679 3585 1886 3649 avolat,

308 3687 369 3733 et
396 3686 545 3732 tanta
572 3684 697 3731 sunt
719 3691 835 3746 quae
852 3685 1153 3745 susceptum
1176 3675 1271 3730 illo
1290 3689 1503 3729 cursum
1527 3675 1888 3745 supplantant.

306 3771 654 3841 Quapropter
681 3782 813 3838 opus
848 3776 930 3824 est
970 3783 1069 3823 nos
1100 3781 1289 3837 magna
1332 3767 1407 3822 uti
1447 3766 1802 3833 vehementia,
1836 3778 1893 3822 ut

309 3865 457 3919 illam
509 3861 1026 3931 comprehendamus
1072 3878 1087 3915 :
1145 3859 1285 3930 quod
1352 3859 1642 3915 ostendens
1707 3860 1893 3915 beatus

310 3956 509 4012 Paulus
535 3969 643 4011 non
667 3954 822 4021 dixit,
850 3952 1147 4023 Sequimini
1171 3953 1468 4014 caritatem,
1493 3950 1888 4021 setl,Persequi-

308 4051 438 4104 mini
466 4049 727 4104 caritatem
748 4088 763 4112 ,
791 4047 1031 4102 excitans
1073 4058 1171 4099 nos
1197 4043 1598 4112 accendensque
1631 4043 1696 4097 ad
1749 4044 1890 4097 illam

310 4137 841 4211 apprehendendum.
869 4136 1083 4192 Etenim
1111 4135 1249 4190 Deus
1272 4150 1303 4188 a
1331 4133 1591 4204 principio
1617 4134 1893 4189 innumera

313 4233 383 4287 ad
419 4230 569 4287 illam
600 4230 652 4285 in
687 4227 842 4284 nobis
871 4225 1213 4282 inserendam
1251 4224 1586 4280 machinatus
1613 4233 1696 4278 est
1723 4242 1736 4278 :
1771 4239 1893 4278 nam

312 4322 567 4380 omnibus
596 4335 757 4375 unum
778 4318 926 4375 dedit
959 4326 1139 4389 caput,
1165 4316 1449 4371 Adamum.
1481 4315 1588 4370 Cur
1613 4316 1756 4370 enim
1787 4331 1894 4370 non

314 4432 381 4472 ex
420 4423 562 4470 terra
602 4411 872 4467 nascimur
912 4408 1146 4466 omnes?
1183 4422 1279 4464 cur
1322 4421 1426 4461 non
1479 4404 1737 4477 perfecti,
1782 4407 1896 4462 sive

314 4505 486 4563 adulti
508 4505 645 4561 sicut
665 4502 757 4559 ille
783 4503 807 4557 Ἰ
837 4501 907 4558 Ut
928 4508 986 4557 et
1011 4508 1191 4570 partus
1211 4508 1264 4555 et
1284 4498 1508 4552 filiorum
1532 4497 1895 4565 educationes,

313 4609 370 4656 et
414 4595 561 4669 quod
614 4611 681 4653 ex
731 4594 852 4649 aliis
900 4606 1265 4657 nasceremur,
1295 4605 1393 4645 nos
1440 4596 1626 4644 mutuo
1671 4588 1895 4659 colliga-

314 4700 460 4746 rcnt.
489 4686 617 4744 ldco
652 4700 827 4755 neque
855 4684 1135 4739 mulierem
1170 4697 1235 4737 ex
1265 4690 1404 4736 terra
1434 4679 1576 4735 fecit.
1600 4678 1732 4748 Quia
1754 4680 1896 4735 enim

313 4795 421 4836 non
451 4778 584 4835 satis
608 4785 727 4831 erat
750 4774 818 4830 ad
843 4772 1218 4830 verecundiam
1258 4772 1310 4826 in
1345 4770 1499 4825 nobis
1528 4769 1895 4835 inserendam,

314 4884 436 4941 qua:
467 4869 535 4925 ad
560 4865 901 4924 concordiam
939 4878 1039 4919 nos
1077 4862 1386 4926 adduceret,
1423 4861 1563 4931 quod
1606 4876 1671 4916 ex
1708 4861 1897 4918 eadem

314 4959 618 5017 substantia
647 4970 888 5012 essemus
910 4994 925 5021 ,
959 4953 1060 5009 nisi
1086 4950 1335 5008 eumdem
1366 4949 1689 5007 haberemus
1716 4966 1900 5022 proge-

316 5053 550 5107 nitorem
586 5066 600 5103 :
648 5047 752 5103 hoc
797 5059 1010 5116 quoque
1055 5042 1252 5099 effecit.
1295 5040 1350 5096 Si
1393 5040 1535 5095 enim
1574 5055 1717 5096 nunc
1766 5040 1900 5096 solis

316 5140 574 5212 disjuncti
618 5138 781 5205 locis,
811 5136 1018 5192 alienos
1061 5146 1161 5189 nos
1195 5129 1607 5193 existimamus;
1644 5130 1691 5185 si
1730 5145 1900 5202 genus

317 5246 564 5294 nostrum
602 5233 710 5289 duo
748 5230 1008 5303 principia
1050 5227 1360 5292 habuisset,
1401 5225 1571 5280 multo
1602 5226 1770 5296 magis
1797 5226 1900 5283 hoc

312 5330 581 5387 eveniret.
623 5326 766 5393 Ideo,
811 5327 963 5396 quasi
1006 5324 1074 5380 ab
1116 5337 1223 5379 uno
1247 5320 1440 5393 capite,
1473 5329 1643 5377 totum
1688 5320 1902 5391 generis

283 5464 287 5470 .
318 5419 539 5474 humani
586 5429 781 5484 corpus
817 5413 1109 5484 colligavit.
1139 5411 1209 5468 Et
1236 5411 1359 5482 quia
1408 5409 1462 5466 in
1504 5408 1767 5481 principio
1793 5408 1901 5465 duo

318 5508 537 5578 quidam
569 5505 888 5561 videbantur
915 5517 1036 5559 esse
1057 5544 1074 5570 ,
1099 5500 1222 5557 vide
1239 5500 1508 5571 quomodo
1531 5497 1898 5570 litescunqu-

321 5599 456 5653 tinet
481 5607 537 5652 et
569 5597 622 5652 in
653 5611 817 5652 unum
845 5601 1001 5665 cogat
1024 5609 1120 5664 per
1146 5590 1469 5648 connubium
1508 5609 1522 5645 :
1554 5589 1774 5661 Propter
1806 5592 1901 5646 hoc

321 5690 491 5756 enim,
518 5689 709 5759 inquit,
742 5689 985 5756 relinquet
1015 5685 1163 5739 homo
1193 5690 1387 5752 patrem
1410 5697 1561 5737 suum
1596 5694 1642 5737 et
1666 5692 1896 5743 matrem.

324 5789 369 5833 et
398 5780 672 5836 adluercbit
712 5779 860 5834 uxori
909 5792 1035 5842 suae,
1092 5785 1137 5829 et
1177 5781 1322 5827 erunt
1368 5772 1469 5826 duo
1510 5774 1565 5827 in
1608 5789 1758 5828 carne
1799 5791 1899 5827 tum

1293 364 1360 422 1N
1397 317 1613 421 epist.
1653 360 1671 417 ι
1732 358 1826 417 ΑΒ
1862 357 2019 414 con.
2062 358 2293 414 nomn.
2336 356 2575 414 χχχιι.

3465 361 3563 418 29d

1987 468 2154 540 (Gen.
2181 470 2234 526 2.
2266 472 2395 542 Si).
2436 472 2553 527 Non
2592 471 2765 539 dixit,
2812 472 3031 539 Mulier,
3075 474 3391 544 scd.llomo,
3441 481 3564 547 quia

1986 561 2158 631 major
2180 571 2263 617 est
2305 563 2359 617 in
2389 563 2479 617 illo
2503 565 2957 634 concupiscentia.
2993 564 3127 620 Nam
3155 565 3277 621 ideo
3305 569 3564 638 majorem

1985 651 2132 707 illam
2175 653 2321 719 fecit,
2366 663 2423 708 nt
2463 655 2604 725 quod
2648 657 2998 713 excellentius
3041 668 3159 714 erat
3185 659 3423 717 ﬂecteret
3473 679 3567 733 per

1987 741 2144 810 hujus
2171 744 2371 799 amoris
2397 746 2757 816 tyrannidem,
2790 758 2847 802 ct
2882 749 3221 806 imbecilliori
3252 753 3564 822 subjiceret.

1986 832 2119 900 Quia
2145 848 2275 890 vero
2301 837 2694 891 matrimonium
2716 838 2877 893 etiam
2900 840 3255 896 inducendum
3282 854 3420 912 erat,
3441 861 3563 902 eum

1986 939 2052 979 ex
2079 939 2186 995 quo
2213 933 2327 980 orta
2357 935 2473 982 erat
2510 925 2638 982 fecit
2664 928 2877 983 mulieri
2918 930 3167 985 maritum
3204 951 3216 986 :
3250 933 3392 989 Deus
3417 937 3563 991 enim

1986 1017 2163 1072 omnia
2193 1017 2401 1072 caritati
2430 1018 2722 1089 postponit.
2755 1018 2811 1074 Si
2842 1021 2984 1075 enim
3014 1036 3137 1076 cum
3168 1038 3254 1078 res
3299 1025 3371 1079 ita
3410 1025 3566 1082 facta:

1987 1108 2093 1164 sint
2115 1148 2131 1175 ,
2161 1109 2365 1178 primus
2394 1111 2576 1165 statim
2608 1112 2686 1166 sic
2715 1112 2965 1167 insanivit
2990 1123 3299 1186 tantamque
3337 1134 3568 1188 pugnam

1986 1209 2042 1255 et
2066 1200 2315 1255 invidiam
2357 1201 2579 1256 inseruit
2606 1202 2853 1257 diabolus
2886 1220 2900 1267 ;
2945 1204 3071 1274 quid
3105 1221 3210 1259 non
3243 1207 3451 1263 fecisset
3472 1252 3487 1273 ,
3520 1211 3564 1265 si

1988 1308 2092 1350 non
2113 1309 2178 1348 ex
2207 1310 2311 1349 una
2332 1294 2511 1350 radice
2539 1297 2639 1350 orti
2665 1299 3090 1366 gertninassent.’
3111 1299 3312 1356 Deinde
3340 1313 3397 1357 ut
3420 1305 3566 1360 aliud

1987 1386 2196 1455 quidem
2226 1387 2596 1455 Sulijiceretur,
2634 1389 2777 1443 aliud
2820 1388 3152 1459 imperaret;
3200 1407 3323 1447 nam
3358 1396 3559 1463 paritas

1987 1474 2208 1531 honoris
2233 1478 2372 1533 solet
2391 1494 2534 1549 saepe
2564 1494 2767 1550 pugnas
2793 1480 3044 1537 inducere
3070 1500 3084 1547 ;
3114 1498 3220 1539 non
3246 1485 3368 1539 sivit
3400 1502 3567 1557 popu-

1987 1565 2100 1621 lare
2125 1567 2408 1637 imperium
2436 1584 2578 1634 esse,
2601 1571 2694 1624 sed
2713 1587 2955 1641 regnum,
2985 1583 3039 1627 et
3065 1574 3203 1630 sicut
3232 1576 3281 1630 in
3304 1582 3479 1633 exerci
3508 1595 3563 1647 u,

1987 1659 2233 1714 eumdem
2262 1660 2459 1716 videris
2502 1663 2553 1715 in
2591 1662 2815 1732 singulis
2859 1664 3107 1720 domibus
3152 1667 3416 1723 ordinem.
3467 1669 3563 1725 Est

1987 1767 2114 1822 ergo
2143 1754 2365 1808 maritus
2395 1754 2445 1807 in
2476 1754 2666 1809 ordine
2691 1756 2833 1825 regis
2852 1797 2867 1821 ,
2901 1757 3092 1811 mulier
3121 1774 3251 1812 vero
3279 1759 3330 1812 in
3374 1760 3564 1815 ordine

1990 1842 2225 1914 prtcfecti
2272 1852 2363 1897 aut
2402 1845 2552 1899 ducis
2578 1847 2881 1910 exercitus;
2914 1849 3128 1901 tertium
3159 1848 3251 1901 filii
3283 1849 3564 1919 imperium

1989 1936 2322 2000 sortiuntur;
2378 1937 2575 1993 deinde
2623 1949 2869 2009 quartum
2921 1940 3200 1995 domestici
3253 1953 3565 2013 occupant:

1990 2041 2111 2082 nam
2159 2028 2211 2081 hi
2242 2043 2455 2098 quoque
2502 2029 2768 2099 imperant
2796 2030 3112 2095 minoribus,
3145 2042 3213 2087 .et
3254 2048 3391 2089 unus
3424 2049 3568 2105 smpe

1987 2121 2238 2176 omnibus
2283 2123 2569 2192 praefectus
2618 2122 2747 2188 fuit,
2792 2124 2992 2180 domini
3033 2125 3274 2181 ordinem
3320 2142 3564 2195 servans,

1986 2222 2237 2268 ceterum
2264 2222 2322 2268 ut
2345 2213 2690 2270 domesticus.
2711 2214 2777 2269 Et
2805 2226 2926 2285 post
2959 2216 3061 2272 hoc
3086 2218 3230 2273 aliud
3259 2234 3443 2274 rursus
3468 2220 3568 2275 im-

1988 2305 2192 2375 perium
2211 2305 2287 2377 (a)
2305 2303 2383 2377 [et
2404 2307 2622 2376 inipsis,
2651 2307 2928 2375 imperium
2951 2308 3255 2374 mulierum,
3286 2311 3566 2381 imperium

1991 2395 2279 2468 ﬁliorum],
2327 2404 2383 2452 et
2425 2396 2481 2451 in
2511 2397 2642 2467 ipsis
2687 2397 2809 2452 illiis
2838 2412 3024 2454 rursus
3072 2399 3216 2454 aliud
3270 2402 3566 2457 secundum

1995 2474 2199 2544 etatem
2237 2498 2292 2545 et
2340 2488 2633 2544 secundum
2675 2503 2861 2545 sexum
2895 2507 2910 2544 :
2943 2506 3049 2546 non
3098 2492 3241 2548 enim
3282 2494 3336 2548 in
3384 2495 3567 2549 liberis

1988 2579 2235 2634 similiter
2261 2580 2594 2636 dominatum
2622 2582 2827 2637 obtinet
2865 2582 3080 2638 femina.
3123 2584 3189 2639 Et
3229 2586 3425 2655 ubique
3457 2587 3566 2642 fere

1989 2668 2129 2725 Deus
2187 2670 2480 2741 frequentia
2520 2670 2646 2725 fecit
2696 2672 2951 2741 imperia,
3009 2682 3067 2727 ut
3117 2676 3298 2727 omnia
3347 2676 3399 2729 in
3430 2692 3564 2732 con-

1988 2763 2169 2817 cordia
2212 2772 2490 2816 manerent
2526 2772 2581 2816 et
2615 2761 2665 2815 in
2703 2772 2849 2815 recto
2888 2762 3097 2817 ordine.
3152 2762 3376 2833 Idcirco,
3410 2777 3566 2821 ante-

1989 2868 2147 2922 quam
2183 2868 2351 2922 genus
2399 2851 2685 2906 humanum
2733 2853 3197 2922 multiplicaretur,
3243 2870 3363 2909 cum
3409 2858 3566 2926 primi

1988 2942 2096 2998 duo
2114 2952 2315 2997 tantum
2333 2952 2535 3009 essent,
2551 2942 2711 3013 jussit
2732 2943 2869 2998 hunc
2888 2944 3172 3015 imperare,
3194 2944 3335 2999 illam
3359 2960 3567 3015 parere.

1989 3035 2057 3089 Et
2101 3049 2169 3090 ne
2212 3048 2400 3089 rursus
2447 3035 2590 3089 illam
2624 3043 2682 3088 ut
2710 3035 2971 3090 minorem
3020 3035 3356 3106 despiceret,
3397 3046 3452 3093 et
3478 3038 3567 3092 illa

1989 3127 2405 3193 abscinderetur,
2452 3127 2574 3182 vide
2614 3127 2884 3197 quomodo
2929 3128 3072 3182 illam
3116 3128 3461 3184 honoraverit
3507 3139 3563 3184 ct

1990 3222 2345 3291 conjunxcrit,
2376 3222 2534 3276 etiam
2564 3230 2688 3276 ante
2709 3220 3218 3277 creationem.'Nam
3238 3223 3313 3277 ait
3341 3241 3354 3277 :
3393 3221 3569 3277 Facia-

1990 3329 2102 3366 mus
2129 3313 2207 3367 illi
2235 3313 2518 3382 adjutorem
2567 3311 2714 3384 (Cen.
2743 3312 2796 3366 2.
2830 3312 2922 3382 l8)
2952 3328 2968 3377 ;
3011 3313 3299 3368 ostendens
3335 3314 3475 3367 illam
3517 3315 3569 3368 in

1994 3418 2145 3457 usum
2193 3402 2383 3457 factam
2414 3403 2612 3469 fuisse,
2642 3412 2695 3457 et
2724 3402 2823 3457 hac
2853 3404 3060 3457 ratione
3095 3404 3393 3458 concilians
3423 3405 3569 3459 illum

1993 3509 2115 3549 cum
2143 3511 2226 3559 ea,
2259 3510 2376 3563 qua:
2405 3505 2624 3564 propter
2663 3495 2835 3562 ipsum
2880 3492 3018 3548 facta
3047 3493 3145 3548 fuit
3173 3510 3187 3547 :
3217 3510 3338 3548 nam
3384 3497 3574 3564 majori

1994 3587 2187 3642 affectu
2218 3587 2439 3641 ferimur
2478 3601 2601 3655 erga
2643 3601 2706 3640 ea
2735 3601 2854 3654 qua:
2881 3594 3103 3655 propter
3134 3600 3232 3638 nos
3261 3586 3396 3639 facta
3424 3595 3569 3640 sunt.

1996 3682 2066 3737 Ut
2086 3697 2152 3736 ne
2176 3689 2351 3735 autem
2376 3679 2463 3733 illa
2488 3692 2676 3733 rursus
2701 3678 3003 3741 efferretur,
3036 3687 3216 3747 utpote
3242 3677 3294 3731 in
3316 3679 3568 3733 auxilium

1997 3777 2095 3846 ipsi
2121 3775 2264 3835 data.
2297 3781 2351 3828 et
2380 3772 2480 3827 hoc
2502 3781 2775 3842 rumperet
2801 3771 3095 3839 vinculum,
3133 3786 3196 3825 ex
3230 3771 3395 3825 latere
3424 3768 3569 3825 illam

1996 3868 2143 3932 fecit,
2192 3864 2483 3921 ostendens
2524 3863 2668 3918 illam
2711 3872 2913 3933 partem
2945 3877 3067 3919 esse
3101 3861 3264 3916 totius
3305 3863 3575 3930 corporis.

2001 3959 2068 4015 Ut
2094 3970 2272 4013 autem
2314 3972 2488 4027 neque
2518 3956 2599 4011 vir
2639 3955 2765 4010 inde
2801 3955 3168 4020 extolleretnr,
3200 3969 3304 4008 non
3350 3954 3577 4022 amplius

1997 4055 2125 4110 sinit
2152 4066 2272 4109 esse
2297 4052 2482 4112 solius,
2513 4047 2654 4121 quod
2684 4049 2851 4105 solius
2880 4049 3107 4118 primum
3141 4049 3235 4102 l'uit
3268 4065 3281 4112 ;
3323 4047 3417 4102 sed
3443 4062 3573 4101 con-
3646 4058 3658 4070 '

2001 4147 2218 4202 trari‘um
2266 4144 2410 4210 fecit,
2458 4143 2744 4199 liberorum
2796 4142 3221 4211 procreationem
3271 4139 3574 4202 inducens;

1999 4246 2052 4292 et
2077 4236 2175 4290 hac
2204 4236 2254 4289 in
2283 4250 2341 4289 rc
2366 4233 2581 4304 quidem
2606 4233 2777 4286 virum
2821 4230 3134 4300 prtcferens,
3184 4245 3355 4298 neque
3398 4237 3574 4282 tamen

2000 4336 2166 4384 totum
2191 4327 2288 4396 ipsi
2318 4325 2642 4394 relinquens.

2070 4419 2124 4473 4.
2160 4415 2401 4471 Vidistin’
2423 4422 2547 4483 quot
2583 4412 2779 4467 amoris
2807 4411 3018 4464 vincula
3048 4411 3186 4463 Deus
3219 4409 3448 4464 fecerit?
3470 4408 3576 4464 Sed

2006 4511 2119 4565 lucc
2158 4507 2371 4578 quidem
2418 4523 2482 4563 ex
2543 4514 2726 4558 natura
2774 4502 3072 4557 concordia:
3121 4502 3334 4570 pignora
3379 4499 3577 4570 posuit.

2003 4600 2134 4656 Nam
2163 4599 2302 4670 quod
2330 4613 2393 4653 ex
2435 4596 2622 4652 eadem
2664 4593 2957 4650 substantia
3006 4592 3095 4653 sit,
3141 4590 3206 4645 ad
3249 4590 3351 4645 hoc
3387 4589 3579 4645 ducit:

2002 4710 2162 4751 omne
2191 4693 2387 4765 quippe
2426 4688 2623 4745 animal
2667 4686 2806 4756 quod
2846 4685 3022 4740 simile
3066 4684 3163 4754 ipsi
3207 4691 3290 4738 est
3315 4693 3495 4748 amat;
3528 4692 3580 4736 et

2003 4789 2143 4860 quod
2169 4786 2362 4842 mulier
2391 4785 2461 4847 sit
2490 4797 2553 4837 ex
2579 4783 2697 4836 viro
2721 4821 2735 4845 ,
2768 4787 2822 4832 ct
2849 4776 2990 4847 quod
3019 4789 3086 4829 ex
3111 4784 3337 4844 utroque
3367 4788 3580 4829 rursum

2005 4881 2109 4937 sint
2138 4879 2252 4935 ﬁlii.
2280 4877 2434 4934 Unde
2463 4876 2623 4930 etiam
2656 4877 2945 4927 nascuntur
2973 4868 3128 4923 multi
3165 4868 3386 4923 aﬂ’ectus
3413 4868 3578 4922 modi.

2004 4974 2156 5028 Illum
2203 4983 2431 5040 namque
2472 4977 2529 5021 ut
2558 4972 2763 5036 patrem
2790 4977 3029 5018 amamus
3052 5002 3066 5027 ,
3105 4961 3251 5015 illum
3296 4969 3356 5016 ut
3382 4975 3578 5023 arum;

2005 5076 2053 5122 cl
2085 5066 2227 5121 illam
2253 5074 2311 5117 ut
2337 5069 2589 5123 matrem,
2617 5058 2769 5113 istam
2809 5065 2868 5110 ut
2894 5055 3154 5109 nutricem
3180 5069 3194 5117 ;
3239 5052 3401 5106 alium
3433 5060 3490 5105 ut
3513 5052 3581 5104 ﬁ-

2004 5160 2158 5226 lium,
2184 5166 2243 5212 ut
2287 5161 2557 5224 nepotem,
2598 5160 2654 5204 ut
2698 5154 3088 5219 pronepotem;
3134 5143 3293 5197 aliam
3322 5151 3381 5197 ut
3421 5142 3583 5197 tiliam

2005 5260 2062 5307 et
2084 5256 2141 5303 ut
2165 5246 2365 5304 sororis
2392 5243 2551 5298 filiam
2577 5247 2661 5295 :et
2682 5240 2824 5293 hunc
2843 5237 3054 5308 quidem
3084 5243 3139 5289 ut
3160 5234 3397 5300 fratrem,
3420 5235 3580 5288 alimn

2007 5359 2137 5400 vero
2166 5351 2221 5396 ut
2249 5337 2539 5410 patruelem
2566 5351 2579 5398 ;
2609 5334 2766 5388 aliam
2797 5340 2854 5386 ut
2879 5342 3140 5396 sororem,
3166 5328 3324 5382 aliam
3354 5335 3413 5382 ut
3450 5342 3584 5381 con-

2007 5435 2297 5493 sobrinam.
2330 5429 2397 5484 Et
2427 5425 2554 5498 quid
2584 5439 2717 5495 Opus
2746 5432 2830 5479 est
2856 5435 3142 5477 recensere
3177 5421 3353 5475 omnia
3383 5432 3585 5486 cogna-

2006 5526 2168 5584 tionis
2198 5520 2412 5578 nomina
2440 5519 2464 5573 2
2496 5516 2828 5588 Excogitavit
2855 5514 3013 5570 etiam
3057 5513 3215 5567 aliam
3246 5509 3466 5564 affectus
3493 5519 3584 5556 oc-

2006 5624 2274 5681 casionem
2311 5636 2324 5672 :
2345 5614 2628 5688 prohibitis
2645 5613 2790 5669 enim
2816 5616 3165 5681 cognatorum
3191 5598 3494 5660 connubiis.
3514 5594 3583 5649 ad

2072 5780 2145 5843 (a)
2177 5776 2367 5826 Uncinis
2385 5772 2543 5823 clausa
2569 5781 2598 5818 e
2624 5766 2910 5819 ‘Commelin.
2936 5757 3283 5822 supplevimus.
