3990 6168
403 270 502 326 231

401 386 610 440 alienos
637 377 818 434 eduxit
846 387 941 428 nos
962 414 974 433 ,
1011 371 1239 438 ill05que
1269 381 1480 420 rursum
1522 363 1587 417 ad
1618 377 1714 416 nos
1740 362 1983 414 attraxit.

407 475 540 542 Quia
573 473 714 527 enim
746 483 776 520 a
802 463 1027 519 naturali
1051 461 1142 513 illa
1172 458 1488 528 cognatione
1511 463 1623 508 nou‘
1646 453 1839 507 licebat
1867 451 1986 504 illos

408 568 563 623 nobis
588 559 858 630 conjungi,
887 573 914 610 a
941 553 1213 610 connubio
1235 565 1419 606 rursus
1439 548 1734 618 conjunxit,
1756 547 1988 613 integras

405 658 594 712 domos
624 667 720 722 per
745 663 906 703 unam
938 659 1184 715 sponsam
1209 642 1560 711 conjungens,
1597 648 1651 694 et
1678 652 1872 707 genera
1905 637 1986 689 itt-

405 760 553 816 tegra
581 740 870 812 generibus
901 735 1276 790 connniscens.
1322 730 1404 784 Ne
1426 733 1602 794 ducas,
1637 727 1828 796 inquit,
1861 743 1988 779 uxo—

405 853 510 892 rem
549 848 768 888 sororem
795 841 934 883 luant
953 869 966 893 ,
993 843 1150 896 neque
1181 840 1400 878 sororem
1439 822 1617 892 patris,
1650 836 1807 888 neque
1833 819 1986 870 alium

407 928 626 999 puellam
675 938 786 993 qtae
815 921 965 974 talem
995 929 1156 973 tecum
1194 915 1540 986 cognationem
1585 911 1760 964 habent
1791 907 1986 980 (Levii.

407 1018 497 1074 18.
555 1017 587 1070 8
623 1015 772 1083 10),
815 1027 936 1082 quae
983 1007 1381 1063 matrimonium
1429 1001 1722 1071 impediat,
1776 999 1989 1052 nomina

409 1121 615 1178 ponens
643 1100 948 1173 hujusmodi
980 1099 1378 1168 cognationum.
1411 1094 1529 1148 'l'ihi
1555 1091 1750 1146 sufficit
1775 1090 1840 1143 ad
1869 1089 1991 1143 illo-

410 1215 525 1252 rum
574 1196 822 1251 allectum
875 1191 1233 1252 trahendum,
1289 1185 1430 1256 quod
1473 1182 1662 1240 eodem
1723 1190 1869 1249 partu
1920 1180 1993 1232 sis

408 1291 606 1352 editus,
639 1296 692 1340 et
729 1284 870 1354 quod
899 1283 966 1336 ad
1001 1290 1052 1335 te
1087 1279 1243 1333 aliter
1269 1277 1387 1331 alia:
1414 1284 1657 1345 spectent
1683 1273 1988 1326 affinitates.

409 1383 516 1435 Cur
543 1381 593 1432 iu
625 1385 906 1448 angustum
933 1375 1130 1444 redigis
1152 1371 1485 1426 latitudinem
1507 1367 1744 1422 caritatis
1772 1365 1910 1419 ?cur
1942 1366 1992 1418 in

413 1473 554 1526 illam
601 1470 798 1524 frustra
841 1465 1069 1534 suscipis
1122 1462 1369 1516 amicitia:
1404 1474 1648 1523 causam,
1697 1473 1790 1526 per
1836 1472 1992 1523 quam

413 1571 566 1632 potes
604 1559 760 1613 aliam
791 1556 1043 1626 consequi
1089 1553 1338 1608 amicitiae
1371 1551 1729 1614 occasionem,
1775 1560 1995 1602 externa

413 1653 625 1708 inducta
659 1665 844 1711 uxore.
875 1659 926 1703 et
957 1664 1048 1716 per
1074 1649 1216 1700 illam
1253 1643 1510 1698 inducens
1535 1650 1883 1711 cognatorum
1909 1656 1996 1694 sc-

413 1747 566 1802 ricm,
603 1755 844 1802 matrem,
897 1752 1120 1808 patrem,
1177 1736 1372 1791 fratres
1418 1745 1471 1790 et
1511 1735 1722 1789 illorum
1769 1732 1998 1787 affines?

418 1835 602 1887 Viden‘
646 1843 771 1902 quot
818 1830 988 1884 modis
1017 1845 1114 1882 nos
1145 1827 1476 1897 eolligaverit
1501 1825 1523 1878 ζ’
1550 1827 1797 1878 Attamen
1826 1839 1998 1892 neque

419 1926 501 1979 his
529 1933 813 1978 contentus
839 1920 954 1983 fuit,
987 1919 1078 1974 sed
1104 1919 1262 1972 etiam
1288 1915 1466 1971 effecit
1494 1924 1550 1968 ut
1578 1915 1666 1968 alii
1699 1914 1819 1968 aliis
1859 1913 1998 1967 indi-

414 2029 680 2087 geremus,
708 2011 944 2066 utetiam
975 2008 1053 2063 sic
1083 2023 1181 2061 nos
1206 2006 1573 2075 conjungeret,
1597 2004 1719 2073 quia
1741 2003 2002 2057 amicitias

418 2124 544 2163 usus
572 2107 717 2161 facit.
764 2103 889 2158 ldeo
917 2116 1021 2155 nou
1052 2101 1246 2168 ubique
1275 2099 1452 2151 oumia
1481 2097 1620 2166 gigni
1663 2097 1918 2165 permisit,
1947 2105 2002 2148 ut

419 2200 542 2253 hinc
589 2197 750 2252 etiam
785 2208 882 2247 nos
912 2199 1129 2260 cogeret
1171 2206 1290 2242 cum
1320 2189 1436 2241 aliis
1465 2186 1825 2240 counnisceri.
1866 2185 1999 2239 Cum

421 2306 580 2360 porro
609 2286 737 2343 illttd
764 2283 1029 2340 effecisset
1077 2289 1136 2334 nt
1175 2281 1309 2334 alter
1335 2279 1504 2333 altero
1529 2293 1805 2347 egeremus
1827 2320 1842 2344 ,
1875 2276 2002 2331 faci-

421 2383 524 2436 lem
572 2377 798 2433 reddidit
841 2372 1274 2428 commixtiouem
1307 2387 1320 2424 :
1355 2369 1452 2422 nisi
1499 2369 1641 2422 enim
1690 2367 1791 2421 hoc
1819 2377 1998 2428 esset,

421 2472 585 2524 altera
613 2468 737 2522 hinc
761 2463 1003 2520 molestia
1031 2471 1080 2516 et
1108 2459 1396 2515 difficultas
1423 2467 1741 2526 emergeret.
1773 2458 1828 2513 Si
1853 2459 2000 2511 enim

423 2560 632 2615 medico
657 2565 902 2627 egentem
932 2563 1023 2608 aut
1051 2553 1199 2606 fabro
1236 2561 1325 2604 aut
1351 2551 1457 2604 alio
1497 2551 1703 2605 artifice
1729 2559 2004 2618 oporteret

422 2665 647 2722 peregre
677 2646 960 2719 proficisci,
993 2653 1158 2699 totum
1195 2643 1408 2711 periret.
1436 2639 1560 2694 Ideo
1590 2649 1643 2694 et
1667 2640 1824 2694 urbes
1849 2655 2005 2708 para—

425 2745 520 2807 vit,
544 2749 597 2796 et
618 2752 808 2793 omnes
830 2734 986 2790 simul
1003 2732 1301 2801 conjunxit.
1323 2730 1391 2786 Ut
1411 2739 1588 2785 autem
1610 2730 1802 2798 eosqni
1823 2729 2006 2799 procul

421 2841 546 2889 sunt
583 2830 736 2886 facile
765 2828 911 2883 adire
955 2840 1252 2896 possemus,
1285 2839 1432 2878 mare
1453 2824 1504 2876 in
1532 2822 1709 2877 medio
1745 2823 2003 2887 extendit,

420 2934 476 2979 et
523 2932 801 2976 ventorum
848 2917 997 2972 dedit
1041 2915 1388 2980 celeritatem,
1433 2914 1513 2968 sic
1552 2911 1732 2968 faciles
1777 2913 2009 2968 reddens

423 3010 895 3083 peregrinationes.
946 3006 1102 3062 Initio
1144 3007 1306 3061 etiam
1351 3019 1538 3058 omnes
1587 3005 1638 3058 in
1690 3019 1794 3058 uno
1835 3005 2009 3074 coegit

425 3106 577 3169 loco;
605 3117 776 3172 neque
806 3101 950 3170 prius
979 3097 1254 3168 dispersit,
1287 3096 1460 3150 donec
1484 3096 1516 3149 ii
1543 3096 1632 3165 qui
1656 3097 1884 3165 primum
1912 3096 2009 3150 do-

427 3215 553 3254 num
583 3204 918 3264 acceperant,
955 3191 1242 3246 concordia
1273 3189 1337 3244 ad
1379 3190 1575 3243 malum
1605 3189 1683 3241 usi
1714 3196 1880 3252 sunt;
1913 3187 2006 3243 sed

425 3290 658 3360 undique
689 3302 788 3342 nos
812 3285 1050 3355 collegit,
1074 3293 1126 3339 et
1147 3299 1178 3339 a
1208 3291 1392 3338 natura
1426 3292 1478 3336 et
1498 3297 1528 3336 a
1553 3281 1872 3351 cognatione
1898 3290 1949 3334 et
1977 3295 2006 3334 a

425 3383 600 3451 lingua
646 3389 699 3434 et
733 3394 762 3431 a
803 3379 943 3432 loco.
982 3377 1059 3430 Ac
1098 3375 1236 3430 sicut
1281 3373 1494 3428 nolebat
1536 3385 1633 3426 nos
1666 3371 1914 3426 excidere
1943 3385 2007 3425 ex

423 3473 768 3547 paradiso;si
790 3472 935 3526 enim
965 3469 1241 3533 voluisset,
1273 3482 1378 3521 non
1404 3465 1512 3520 illic
1536 3478 1657 3520 eum
1681 3479 1839 3532 quem
1871 3463 2010 3518 fece-

424 3576 507 3622 rat
535 3564 804 3620 hominem
839 3565 890 3617 in
925 3557 1185 3631 principio
1211 3559 1494 3629 posuisset,
1518 3556 1610 3612 sed
1633 3556 1722 3626 qui
1752 3569 1856 3609 non
1881 3555 2010 3609 obc-

426 3660 579 3723 divit,
615 3659 666 3711 in
712 3671 870 3710 causa
901 3655 1000 3708 fuit
1033 3673 1045 3706 :
1080 3657 1158 3706 sic
1187 3667 1283 3704 nos
1321 3651 1534 3703 nolebat
1562 3649 1790 3702 diversa:
1819 3647 2008 3716 lingute

429 3765 585 3813 esse;
617 3763 737 3800 nam
763 3746 830 3799 ab
858 3745 1006 3799 initio
1038 3742 1140 3798 hoc
1169 3742 1380 3796 fecisset
1411 3757 1425 3804 ;
1457 3755 1598 3793 nunc
1618 3752 1794 3792 autem
1824 3743 1874 3791 in
1903 3747 2008 3790 tota

430 3850 572 3893 terra
605 3836 800 3890 fabium
847 3841 963 3887 erat
1003 3848 1161 3885 unum
1204 3841 1258 3884 et
1292 3845 1392 3883 vox
1434 3843 1538 3882 una
1581 3829 1849 3882 omnibus.
1883 3827 2012 3880 Pro-

363 3967 368 3974 -
433 3941 612 3999 ptetca
643 3942 740 3979 nec
769 3923 981 3994 quando
1005 3931 1200 3977 terram
1227 3921 1460 3990 oportuit
1478 3918 1667 3981 deleri,
1694 3933 1791 3972 nos
1817 3933 1879 3972 ex
1903 3918 2008 3970 alia

436 4019 557 4074 fecit
601 4016 842 4077 materia,
878 4028 1052 4082 neque
1091 4012 1294 4082 justum
1339 4008 1646 4071 transtulit;
1682 4008 1775 4061 sed
1822 4007 1913 4060 illo
1959 4008 2011 4060 in

435 4110 621 4166 mediis
639 4108 885 4162 fluctibus
905 4105 1148 4168 dimisso,
1173 4103 1323 4172 quasi
1345 4101 1571 4172 quadam
1593 4099 1739 4153 orbis
1760 4099 2010 4164 scintilla,

432 4220 600 4276 genus
630 4211 868 4255 nostrum
903 4211 1087 4253 rursus
1115 4195 1361 4251 accendit
1383 4211 1446 4250 ex
1480 4196 1635 4250 beato
1664 4195 1754 4249 illo
1783 4195 1913 4249 Noe.
1949 4195 2016 4248 Et

433 4297 501 4351 ab
529 4295 681 4350 initio
710 4293 924 4362 quidem
955 4306 1116 4345 unum
1160 4289 1286 4342 fecit
1317 4287 1597 4357 imperium
1626 4288 1797 4341 virum
1837 4285 2007 4355 prazfi-

433 4389 582 4441 ciens
626 4384 833 4438 mulieri
866 4401 878 4436 :
911 4381 1033 4450 quia
1061 4393 1189 4434 vero
1217 4392 1389 4448 genus
1429 4386 1666 4431 nostrum
1700 4376 1752 4430 in
1793 4377 2015 4430 multam

434 4476 635 4531 decidit
663 4473 866 4527 ordinis
893 4472 1249 4532 eversionem,
1278 4468 1381 4522 alia
1409 4484 1619 4537 quoque
1647 4468 1866 4537 imperia
1889 4483 2019 4522 con-

435 4567 644 4630 stituit,
677 4580 868 4632 nempe
911 4562 1252 4615 dominorum
1282 4569 1337 4614 et
1362 4559 1801 4628 magisu-atuum;
1835 4568 1889 4614 et
1919 4559 2020 4614 hoc

439 4665 656 4727 pr0pter
687 4641 993 4710 caritatem:
1014 4651 1147 4718 Quia
1175 4650 1318 4706 enim
1351 4649 1550 4704 malitia
1579 4663 1748 4719 genus
1779 4659 2017 4704 nostrum

437 4750 597 4806 solvit
619 4756 675 4804 et
696 4747 930 4817 perimit,
957 4761 1055 4802 ceu
1081 4743 1343 4814 quosdam
1371 4741 1606 4798 medicos
1637 4742 1690 4795 iu
1719 4741 1908 4795 mediis
1932 4758 2020 4796 ur-

441 4842 596 4895 bibus
620 4837 897 4893 constituit
924 4836 1012 4906 qui
1031 4835 1230 4906 judicia
1253 4833 1477 4896 ferrent,
1513 4841 1570 4887 ut
1593 4831 1848 4901 deinceps
1871 4832 2022 4886 maliv

441 4932 564 4987 tiam
596 4945 693 4986 ceu
733 4927 1014 4999 quamdam
1042 4925 1278 4980 caritatis
1324 4932 1525 4994 pestem
1555 4923 1894 4979 eliminantes
1920 4964 1934 4988 ,
1968 4923 2021 4977 iu

442 5039 600 5077 unum
634 5038 731 5076 nos
754 5028 1028 5088 cogerent.
1061 5017 1128 5073 lit
1157 5026 1334 5072 autem
1366 5033 1470 5071 non
1499 5017 1668 5070 solum
1700 5016 1752 5069 in
1780 5015 2019 5078 urbibus,

443 5114 534 5169 sed
567 5115 724 5167 etiam
751 5113 803 5166 in
832 5112 1056 5183 singulis
1077 5109 1327 5166 domibus
1355 5109 1519 5163 multa
1542 5108 1826 5163 concordia
1849 5117 2020 5174 esset;

442 5221 564 5258 cum
593 5203 764 5256 virum
793 5204 1016 5272 imperio
1042 5211 1096 5256 et
1127 5201 1486 5270 praecellentia
1518 5201 1834 5254 honorasset
1857 5240 1869 5263 ,
1903 5216 2023 5251 tnu-

444 5297 627 5350 liorem
657 5304 833 5347 autem
873 5294 1303 5362 concupiscentia
1333 5300 1630 5355 armasset,
1679 5298 1736 5345 et
1773 5305 2023 5359 procrea-

444 5388 605 5442 tionis
630 5387 918 5441 liberorum
947 5387 1145 5439 donum
1172 5389 1224 5438 in
1253 5385 1431 5440 medio
1459 5400 1643 5439 eorum
1666 5385 2020 5454 deposuisset,

443 5481 545 5534 alia
575 5495 695 5534 cum
747 5477 829 5531 his
871 5492 991 5547 qua:
1033 5476 1308 5530 caritatem
1348 5477 1697 5530 conciliarent
1727 5487 2020 5546 apparavit.

447 5570 627 5639 Neque
667 5568 809 5623 enim
838 5568 1015 5622 omnia
1044 5567 1285 5638 permisit
1313 5567 1460 5633 viro,
1496 5581 1668 5636 neque
1694 5569 1872 5622 omnia
1904 5584 2022 5622 ntu-

447 5659 586 5724 lieri,
619 5659 710 5714 sed
739 5668 792 5713 et
835 5659 948 5713 lucc
978 5656 1263 5728 unicuique
1291 5655 1504 5722 divisit,
1540 5654 1748 5710 mulieri
1779 5656 2020 5725 domum,

1077 258 1133 313 S.
1171 252 1447 311 JOANNIS
1483 246 1948 308 CHRYSOSTOMI
1989 243 2304 300 ARCHIEP.
2344 241 2870 298 CONSTANTINOP.

3580 247 3686 302 29‘!

2097 357 2212 411 viro
2236 355 2406 410 forum
2437 355 2791 426 consignans;
2820 366 2875 412 et
2897 356 3012 412 viro
3032 357 3249 428 quidem
3273 367 3331 414 ut
3358 359 3546 428 aleret,
3579 371 3686 417 ter-

2099 463 2212 503 ram
2239 448 2383 502 enim
2424 447 2585 514 colit;
2616 447 2828 502 mulieri
2857 462 2986 502 vero
3017 456 3072 502 ut
3099 449 3356 516 vestiret,
3399 451 3503 505 tela
3541 455 3683 508 enim

2093 551 2148 594 et
2185 539 2337 594 colus
2380 547 2506 592 sunt
2548 538 2790 594 mulieris
2824 555 2838 592 :
2868 539 2984 609 ipse
3027 554 3260 610 namque
3298 541 3448 597 dedit
3475 543 3686 601 mulieri

2098 631 2310 686 texendi
2355 631 2694 686 industriam.
2740 631 2846 687 Sed
2893 642 3076 701 pereat
3117 634 3380 700 avaritia,
3429 652 3550 706 quae
3579 654 3685 693 non

2095 724 2223 778 sinit
2245 723 2384 777 hanc
2404 737 2665 792 apparere
2685 721 3060 777 differentiam.
3086 723 3218 778 Nam
3239 726 3531 783 multorum
3554 731 3687 784 mol-

2096 814 2238 867 lities
2269 812 2415 867 viros
2441 811 2508 866 ad
2539 812 2672 866 telas
2701 811 2950 879 deduxit,
2991 824 3045 866 et
3090 814 3268 869 radios
3310 817 3390 872 eis
3415 819 3468 873 in
3497 834 3686 875 manus

2094 903 2242 958 dedit
2285 913 2339 958 et
2383 903 2697 973 subtegmen
2743 913 2797 958 et
2824 904 3075 958 stamina.
3109 905 3360 963 Attamen
3399 909 3478 964 sic
3520 911 3684 965 etiam

2098 993 2260 1064 fulget
2287 993 2484 1048 divina:
2526 993 2940 1063 dispensationis
2985 995 3338 1064 providentia.
3383 998 3516 1055 Nam
3562 1017 3683 1056 mu-

2097 1086 2227 1140 liere
2267 1086 2318 1140 in
2347 1086 2466 1140 aliis
2493 1085 2654 1140 etiam
2693 1085 2980 1141 admodum
3011 1089 3331 1145 necessariis
3357 1104 3493 1161 opus
3517 1091 3684 1147 babe-

2097 1193 2236 1237 mus,
2260 1187 2315 1230 et
2338 1176 2634 1230 minoribus
2661 1176 2711 1230 in
2735 1176 2798 1230 iis
2821 1191 2941 1245 qua:
2961 1178 3123 1232 vitam
3143 1181 3422 1236 continent
3449 1192 3683 1236 nostram

2099 1267 2430 1337 indigemus;
2465 1275 2715 1336 tantaque
2756 1274 2841 1321 est
2884 1269 3175 1322 necessitas
3197 1311 3212 1336 ,
3243 1279 3303 1325 ut
3331 1271 3541 1326 etiamsi
3568 1274 3684 1342 quis

2099 1359 2337 1412 omnium
2365 1359 2435 1412 sit
2465 1357 2742 1411 hominum
2774 1356 3090 1426 ditissimus,
3120 1375 3296 1430 neque
3321 1361 3400 1416 sic
3428 1361 3528 1417 hac
3554 1377 3682 1416 con-

2095 1451 2372 1521 junctione
2413 1451 2690 1517 liberetur,
2739 1451 2810 1504 ita
2841 1451 3086 1505 utetiam
3130 1452 3388 1509 inferiore
3415 1469 3548 1524 opus
3589 1455 3682 1507 ha-

2104 1545 2243 1598 beat.
2273 1543 2455 1613 Neque
2483 1542 2625 1596 enim
2656 1556 2917 1610 pauperes
2945 1542 3118 1596 solum
3159 1557 3296 1614 opus
3325 1544 3525 1600 habent
3551 1546 3685 1600 divi-

2103 1636 2266 1701 tibus,
2297 1635 2391 1690 sed
2417 1634 2581 1688 etiam
2607 1634 2800 1688 divites
2829 1635 3175 1705 pauperibus,
3208 1646 3262 1691 et
3283 1637 3337 1690 hi
3368 1638 3536 1709 magis
3562 1640 3683 1707 illis,

2102 1745 2258 1799 quam
2289 1728 2364 1782 illi
2397 1728 2533 1782 iStis.

2174 1823 2224 1876 5.
2269 1821 2338 1875 Et
2380 1831 2437 1876 ut
2469 1823 2570 1875 hoc
2616 1819 2812 1875 clarius
2856 1820 3061 1887 videas,
3105 1821 3376 1888 faciamus,
3407 1823 3451 1876 si
3483 1823 3675 1892 placet,

2103 1913 2235 1966 duas
2261 1911 2456 1974 urbes;
2484 1911 2642 1964 aliam
2683 1911 2910 1966 divitum
2953 1921 3176 1977 tantum,
3204 1914 3360 1967 aliam
3393 1929 3522 1969 vero
3552 1930 3684 1985 pan-

2108 2020 2322 2074 perum;
2355 2012 2412 2058 et
2441 2019 2615 2073 neque
2641 2003 2693 2056 iu
2723 2019 2785 2057 ea
2814 2019 2932 2072 quae
2959 2003 3179 2057 divitum
3201 2013 3282 2058 est
3306 2005 3376 2060 sit
3397 2005 3514 2074 quis
3546 2021 3680 2076 pau-

2107 2109 2221 2164 per,
2255 2109 2429 2163 neque
2457 2094 2506 2147 in
2539 2109 2600 2148 ea
2630 2110 2749 2163 quas
2795 2111 3087 2163 pauperum
3133 2106 3217 2150 est
3255 2097 3322 2149 sit
3351 2098 3473 2166 quis
3513 2098 3685 2164 dives,

2105 2185 2198 2240 sed
2224 2193 2502 2254 utramque
2528 2194 2716 2240 exacte
2745 2200 3107 2255 expurgemus
3132 2207 3144 2239 :
3171 2195 3224 2240 et
3249 2187 3526 2243 videamus
3541 2205 3686 2260 qua:-

2108 2291 2227 2329 nam
2261 2275 2430 2346 magis
2455 2275 2555 2329 sibi
2582 2275 2831 2331 sufficere
2861 2278 3076 2345 poterit.
3103 2276 3161 2333 Si
3187 2278 3327 2332 enim
3354 2278 3689 2336 inveniamus

2107 2382 2226 2422 eam
2250 2382 2369 2436 qum
2399 2367 2588 2436 possit,
2612 2381 2732 2422 esse
2767 2383 3058 2438 pauperum
3090 2369 3299 2436 urbem,
3349 2371 3523 2440 palam
3566 2375 3684 2438 erit,

2107 2459 2253 2530 qLod
2281 2459 2476 2513 divites
2507 2459 2675 2528 magis
2724 2459 2831 2513 illis
2860 2459 3156 2529 indigeant.
3190 2461 3375 2531 Itaque
3403 2463 3456 2516 in
3486 2464 3574 2519 illa
3605 2464 3688 2519 di-

2110 2553 2277 2606 vitum
2306 2551 2438 2606 urbe
2461 2551 2638 2606 nullus
2667 2551 2770 2605 erit
2793 2551 3014 2618 artifex,
3049 2569 3155 2607 non
3197 2554 3547 2622 architectus,
3580 2572 3683 2611 nou

2111 2643 2277 2708 faber,
2307 2658 2414 2697 non
2453 2651 2603 2697 sutor
2632 2642 2951 2707 calcearius,
2987 2659 3092 2697 non
3127 2645 3319 2714 pistor,
3351 2662 3456 2700 non
3483 2649 3687 2716 agrico-

2111 2737 2184 2801 la,
2226 2749 2336 2789 non
2378 2733 2531 2788 faber
2558 2735 2804 2801 aerarius,
2843 2749 2950 2789 non
2998 2733 3204 2789 funiutn
3251 2747 3554 2799 contextor,
3587 2756 3688 2793 non

2109 2829 2253 2904 aliud
2285 2827 2576 2898 quidquam
2611 2827 2933 2896 hujusmodi.
2970 2827 3102 2894 Quis
3127 2829 3270 2883 enim
3315 2829 3538 2884 divitum
3568 2847 3687 2886 um-

2110 2936 2270 2992 quam
2297 2919 2412 2974 hzcc
2441 2929 2670 2973 tractare
2687 2918 2937 2985 voluerit,
2963 2918 3178 2988 quando
3199 2920 3233 2973 ii
3252 2921 3436 2988 etiam,
3469 2923 3556 2991 qui
3579 2923 3690 2976 haec

2113 3020 2362 3074 tractant,
2412 3025 2534 3065 cum
2580 3009 2821 3079 opulenti
2867 3009 3084 3074 fuerint,
3117 3026 3224 3064 non
3252 3011 3390 3066 ultra
3429 3013 3688 3067 sustinent

2114 3106 2303 3159 horum
2327 3117 2551 3174 operum
2571 3101 2878 3156 miseriam?
2907 3101 3186 3169 Quomodo
3213 3103 3375 3170 igitur
3392 3104 3540 3157 nobis
3563 3104 3690 3157 urbs

2113 3197 2261 3252 istmc
2290 3194 2584 3250 consistet?
2614 3193 2922 3259 Numerata,
2973 3195 3204 3264 inquies,
3252 3197 3474 3263 pecunia
3503 3195 3692 3252 divites

2113 3292 2227 3346 hinc
2257 3305 2286 3344 a
2335 3289 2660 3358 pauperibus
2704 3296 2905 3342 ement.
2937 3287 3076 3357 Ergo
3105 3304 3210 3341 non
3253 3289 3356 3343 sibi
3388 3290 3519 3358 ipsis
3543 3289 3690 3344 suffi-

2112 3383 2277 3445 cient,
2309 3381 2352 3434 si
2386 3379 2492 3433 illis
2519 3377 2808 3448 indigeant.
2831 3377 3112 3445 Quomodo
3139 3389 3320 3433 autem
3351 3378 3545 3434 domos
3572 3379 3696 3433 atdi.

2117 3471 2384 3527 ficabunt?
2413 3485 2480 3524 an
2524 3468 2627 3522 hoc
2667 3469 2827 3522 etiam
2873 3469 3090 3523 emeut?
3129 3469 3223 3523 sed
3269 3470 3320 3523 id
3358 3479 3546 3526 natura
3591 3486 3695 3524 nou

2117 3564 2294 3618 habet.
2329 3563 2470 3632 Ergo
2498 3577 2717 3616 necesse
2741 3571 2824 3615 est
2853 3561 2958 3615 huc
2993 3561 3228 3616 artifices
3258 3577 3504 3629 evocare,
3537 3571 3588 3617 et
3619 3564 3698 3616 leo

2114 3671 2234 3726 gem
2281 3669 2648 3723 corrumpere,
2691 3669 2850 3723 qutun
2880 3653 3031 3707 initio
3063 3657 3332 3722 posuimus
3355 3669 3474 3707 cum
3507 3653 3692 3707 urbem

2119 3746 2307 3801 incolis
2333 3746 2756 3800 instrueremus:
2787 3745 3108 3798 meministis
3150 3745 3288 3798 enim
3326 3743 3466 3812 quod
3493 3743 3695 3797 dixeri-

2118 3852 2257 3901 mus,
2293 3835 2559 3890 neminem
2588 3847 2709 3887 esse
2734 3833 2879 3886 intus
2904 3849 3214 3904 pauperem.
3235 3834 3337 3890 Sed
3360 3847 3488 3888 ecce
3509 3849 3698 3889 neces-

2118 3928 2248 3982 sitas
2277 3926 2438 3980 etiam
2464 3924 2619 3978 nobis
2645 3923 2950 3978 nolentibus
2979 3923 3125 3993 ipsos
3159 3925 3436 3979 advocavit
3457 3935 3514 3980 et
3534 3925 3698 3980 intro-

2119 4018 2286 4074 duxit.
2319 4015 2472 4072 Unde
2494 4015 2668 4085 palam
2695 4023 2778 4069 est
2807 4031 2911 4070 non
2942 4032 3099 4086 posse
3119 4017 3235 4071 sine
3262 4018 3586 4088 pauperibus
3613 4034 3699 4072 ur-

2120 4110 2240 4165 bem
2272 4107 2585 4163 subsistere.
2611 4106 2666 4161 Si
2693 4107 2836 4162 enim
2864 4119 3077 4162 maneat
3105 4103 3293 4163 civitas
3317 4111 3522 4165 nullum
3551 4110 3698 4165 exiis

2120 4199 2422 4269 excipiens,
2445 4214 2553 4253 non
2581 4198 2716 4252 ultra
2746 4198 2933 4253 civitas
2952 4199 3074 4267 erit,
3106 4199 3200 4254 sed
3228 4201 3442 4268 peribit.
3465 4201 3583 4256 Non
3603 4202 3700 4272 igi-

2123 4301 2209 4346 tur
2233 4291 2336 4347 sibi
2365 4290 2614 4356 sufficiet,
2648 4289 2748 4344 nisi
2781 4291 2928 4344 velut
2951 4301 3258 4346 servatores
3279 4293 3541 4361 quosdam
3572 4310 3699 4364 pau-

2123 4397 2277 4452 peres
2299 4383 2352 4436 in
2381 4396 2440 4436 se
2465 4380 2827 4451 congregarit.
2862 4381 3152 4436 Videamus
3193 4399 3379 4438 rursus
3409 4400 3700 4455 pauperum

2125 4472 2332 4538 urbem,
2363 4487 2488 4525 num
2515 4471 2604 4525 illa
2633 4471 2880 4526 similiter
2906 4472 2958 4526 in
2985 4482 3228 4544 egestate
3248 4474 3427 4545 degat,
3452 4476 3703 4532 divitibus

2123 4566 2348 4636 privata.
2384 4564 2450 4618 Et
2477 4565 2649 4632 primo
2675 4579 3036 4635 expurgemus
3083 4567 3327 4622 oratione
3362 4568 3606 4637 divitias,
3641 4573 3703 4624 il-

2125 4655 2310 4724 lasque
2349 4662 2533 4724 aperte
2578 4655 2945 4710 ostendamus.
2989 4655 3254 4723 Quidnam
3297 4669 3421 4714 sunt
3468 4660 3706 4717 divitite?

2126 4745 2354 4811 Aurum,
2383 4754 2684 4815 argentum,
2715 4747 2918 4816 lapides
2949 4750 3188 4816 pretiosi,
3229 4762 3410 4806 vestes
3440 4755 3629 4808 serica:
3655 4767 3706 4809 et

2129 4854 2407 4908 purpurea:
2433 4848 2485 4892 et
2515 4853 2712 4893 aureas.
2741 4840 2874 4906 Quia
2903 4841 3062 4911 igitur
3085 4853 3306 4912 apparet
3335 4860 3582 4914 quaenam
3603 4849 3709 4902 sint

2127 4931 2348 4996 dintiae,
2381 4931 2710 5000 expellamus
2734 4932 2853 4986 illas
2877 4948 2941 4986 ex
2975 4949 3265 5002 pauperum
3312 4937 3466 5002 urbe,
3499 4940 3546 4993 si
3577 4940 3709 4994 velin

2128 5039 2247 5079 mus
2275 5038 2564 5092 pauperum
2607 5024 2875 5079 civitatem
2919 5036 3108 5082 exacte
3135 5030 3500 5096 constituere;
3535 5048 3602 5087 ne
3629 5034 3709 5087 vel

2130 5131 2226 5186 per
2255 5117 2520 5171 somnium
2553 5117 2659 5170 illic
2684 5133 2870 5172 aurum
2901 5131 3176 5188 appareat,
3209 5138 3382 5193 neque
3406 5125 3528 5179 talia
3554 5126 3712 5179 vesti~

2131 5217 2338 5272 menta;
2362 5207 2405 5260 si
2429 5206 2508 5260 vis
2528 5217 2726 5272 autem,
2754 5224 2926 5279 neque
2952 5221 3254 5281 argentum,
3276 5231 3448 5285 neque
3466 5233 3592 5271 vasa
3622 5233 3710 5271 ar-

2128 5307 2342 5366 gentea.
2373 5297 2509 5365 Quid
2539 5299 2707 5368 ergo?
2734 5299 2820 5355 dic
2844 5302 2996 5369 mihi,
3027 5303 3220 5360 itleoue
3256 5307 3307 5361 in
3337 5318 3580 5378 egestate
3612 5312 3712 5366 erit

2131 5393 2248 5445 haec
2277 5391 2440 5446 urbs?
2462 5390 2700 5448 Minime.
2729 5392 2782 5449 Si
2811 5396 2952 5449 enim
2985 5396 3253 5454 mdificare
3294 5412 3564 5470 oporteat,
3608 5418 3714 5458 non

2131 5495 2264 5534 auro
2294 5496 2394 5535 nec
2420 5492 2641 5552 argento
2670 5501 2768 5539 nec
2798 5489 3097 5558 margaritis
3125 5500 3204 5546 est
3248 5505 3405 5561 opus,
3446 5493 3543 5549 sed
3573 5506 3709 5556 arte.

2133 5571 2411 5639 manibus;
2437 5575 2680 5630 manibus
2703 5585 2881 5634 autem
2910 5595 3016 5634 nnn
3041 5591 3352 5653 utcumque,
3381 5584 3479 5640 sed
3500 5585 3714 5640 callosis

2133 5662 2418 5734 digitisque
2448 5665 2729 5738 induratis,
2761 5671 2950 5728 robore
2983 5673 3170 5742 multo,
3201 5674 3380 5749 lignis,
3414 5675 3708 5746 lapidibus:
3735 5680 3740 5686 ’
