  <div class='ocr_page' id='page_1' title='image "/cluster/home/n/w/nwhite01/storage/ocr_20150623/61/mdp.39015008622618/298.png"; bbox 0 0 3990 6168; ppageno 0'>
   <div class='ocr_carea' id='block_1_1' title="bbox 335 315 434 374">
    <p class='ocr_par' dir='ltr' id='par_1_1' title="bbox 335 315 434 374">
     <span class='ocr_line' id='line_1_1' title="bbox 335 315 434 374; baseline 0 -3"><span class='ocrx_word' id='word_1_1' title='bbox 335 315 434 374; x_wconf 65' lang='grc' dir='ltr'>εει</span> 
     </span>
    </p>
   </div>
   <div class='ocr_carea' id='block_1_2' title="bbox 336 421 1902 494">
    <p class='ocr_par' dir='ltr' id='par_1_2' title="bbox 336 421 1902 494">
     <span class='ocr_line' id='line_1_2' title="bbox 336 421 1902 494; baseline -0.006 -12"><span class='ocrx_word' id='word_1_2' title='bbox 336 429 428 482; x_wconf 66' lang='grc' dir='ltr'>καί⁸</span> <span class='ocrx_word' id='word_1_3' title='bbox 457 426 520 479; x_wconf 85' lang='grc' dir='ltr'>δι’</span> <span class='ocrx_word' id='word_1_4' title='bbox 559 423 770 492; x_wconf 79' lang='grc' dir='ltr'>ἐκείνης</span> <span class='ocrx_word' id='word_1_5' title='bbox 822 421 1090 490; x_wconf 78' lang='grc' dir='ltr'>συγγενῶν</span> <span class='ocrx_word' id='word_1_6' title='bbox 1123 421 1382 491; x_wconf 77' lang='grc' dir='ltr'>ὁρμαθὸν,</span> <span class='ocrx_word' id='word_1_7' title='bbox 1413 425 1506 476; x_wconf 74' lang='grc' dir='ltr'>καὶ</span> <span class='ocrx_word' id='word_1_8' title='bbox 1543 423 1772 494; x_wconf 82' lang='grc' dir='ltr'>μητέρα,</span> <span class='ocrx_word' id='word_1_9' title='bbox 1807 421 1902 473; x_wconf 69' lang='grc' dir='ltr'>καὶ</span> 
     </span>
    </p>
   </div>
   <div class='ocr_carea' id='block_1_3' title="bbox 335 503 1892 579">
    <p class='ocr_par' dir='ltr' id='par_1_3' title="bbox 335 503 1892 579">
     <span class='ocr_line' id='line_1_3' title="bbox 335 503 1892 579; baseline -0.005 -17"><span class='ocrx_word' id='word_1_10' title='bbox 335 508 570 579; x_wconf 84' lang='grc' dir='ltr'>πατέρα,</span> <span class='ocrx_word' id='word_1_11' title='bbox 602 507 696 558; x_wconf 73' lang='grc' dir='ltr'>καὶ</span> <span class='ocrx_word' id='word_1_12' title='bbox 713 503 988 571; x_wconf 81' lang='grc' dir='ltr'>ἀδελφοὺς,</span> <span class='ocrx_word' id='word_1_13' title='bbox 1021 505 1114 557; x_wconf 77' lang='grc' dir='ltr'>καὶ</span> <span class='ocrx_word' id='word_1_14' title='bbox 1141 506 1267 566; x_wconf 82' lang='grc' dir='ltr'>τοὺς</span> <span class='ocrx_word' id='word_1_15' title='bbox 1292 505 1496 557; x_wconf 90' lang='grc' dir='ltr'>τούτων</span> <span class='ocrx_word' id='word_1_16' title='bbox 1529 505 1892 572; x_wconf 84' lang='grc' dir='ltr'>ἐπιτηδείους;</span> 
     </span>
    </p>
   </div>
   <div class='ocr_carea' id='block_1_4' title="bbox 339 585 1896 657">
    <p class='ocr_par' dir='ltr' id='par_1_4' title="bbox 339 585 1896 657">
     <span class='ocr_line' id='line_1_4' title="bbox 339 585 1896 657; baseline -0.005 -15"><span class='ocrx_word' id='word_1_17' title='bbox 339 587 491 653; x_wconf 81' lang='grc' dir='ltr'>Εἶδες</span> <span class='ocrx_word' id='word_1_18' title='bbox 524 589 708 649; x_wconf 83' lang='grc' dir='ltr'>πόσοις</span> <span class='ocrx_word' id='word_1_19' title='bbox 744 586 960 656; x_wconf 85' lang='grc' dir='ltr'>τρόποις</span> <span class='ocrx_word' id='word_1_20' title='bbox 997 587 1142 656; x_wconf 82' lang='grc' dir='ltr'>ήμᾶς</span> <span class='ocrx_word' id='word_1_21' title='bbox 1195 587 1516 657; x_wconf 88' lang='grc' dir='ltr'>συνέδησεν;</span> <span class='ocrx_word' id='word_1_22' title='bbox 1569 585 1706 638; x_wconf 80' lang='grc' dir='ltr'>Ἀλλ’</span> <span class='ocrx_word' id='word_1_23' title='bbox 1750 586 1896 653; x_wconf 83' lang='grc' dir='ltr'>ὅμως</span> 
     </span>
    </p>
   </div>
   <div class='ocr_carea' id='block_1_5' title="bbox 337 666 1897 739">
    <p class='ocr_par' dir='ltr' id='par_1_5' title="bbox 337 666 1897 739">
     <span class='ocr_line' id='line_1_5' title="bbox 337 666 1897 739; baseline -0.004 -14"><span class='ocrx_word' id='word_1_24' title='bbox 337 672 458 725; x_wconf 86' lang='grc' dir='ltr'>οὑδὲ</span> <span class='ocrx_word' id='word_1_25' title='bbox 488 670 659 724; x_wconf 89' lang='grc' dir='ltr'>ταῦτα</span> <span class='ocrx_word' id='word_1_26' title='bbox 686 668 1097 739; x_wconf 80' lang='grc' dir='ltr'>αύτῷήρκεσεν,</span> <span class='ocrx_word' id='word_1_27' title='bbox 1130 669 1265 722; x_wconf 91' lang='grc' dir='ltr'>ἀλλά</span> <span class='ocrx_word' id='word_1_28' title='bbox 1296 671 1389 722; x_wconf 74' lang='grc' dir='ltr'>καὶ</span> <span class='ocrx_word' id='word_1_29' title='bbox 1414 669 1658 739; x_wconf 87' lang='grc' dir='ltr'>ἀλλήλων</span> <span class='ocrx_word' id='word_1_30' title='bbox 1681 666 1897 737; x_wconf 79' lang='grc' dir='ltr'>χρῄζειν</span> 
     </span>
    </p>
   </div>
   <div class='ocr_carea' id='block_1_6' title="bbox 341 751 1894 826">
    <p class='ocr_par' dir='ltr' id='par_1_6' title="bbox 341 751 1894 826">
     <span class='ocr_line' id='line_1_6' title="bbox 341 751 1894 826; baseline -0.004 -18"><span class='ocrx_word' id='word_1_31' title='bbox 341 752 744 826; x_wconf 75' lang='grc' dir='ltr'>παρεσκεύασεν</span> <span class='ocrx_word' id='word_1_32' title='bbox 767 763 815 814; x_wconf 75' lang='grc'>⁸,</span> <span class='ocrx_word' id='word_1_33' title='bbox 866 751 953 804; x_wconf 78' lang='grc' dir='ltr'>ἵνα</span> <span class='ocrx_word' id='word_1_34' title='bbox 1004 751 1099 804; x_wconf 83' lang='grc' dir='ltr'>καί</span> <span class='ocrx_word' id='word_1_35' title='bbox 1155 752 1327 815; x_wconf 75' lang='grc' dir='ltr'>οὕτως</span> <span class='ocrx_word' id='word_1_36' title='bbox 1383 753 1531 823; x_wconf 78' lang='grc' dir='ltr'>ἡμᾶς</span> <span class='ocrx_word' id='word_1_37' title='bbox 1597 751 1894 820; x_wconf 78' lang='grc' dir='ltr'>συναγάγῃ,</span> 
     </span>
    </p>
   </div>
   <div class='ocr_carea' id='block_1_7' title="bbox 337 833 1896 907">
    <p class='ocr_par' dir='ltr' id='par_1_7' title="bbox 337 833 1896 907">
     <span class='ocr_line' id='line_1_7' title="bbox 337 833 1896 907; baseline -0.003 -18"><span class='ocrx_word' id='word_1_38' title='bbox 337 836 526 907; x_wconf 81' lang='grc' dir='ltr'>ἐπειδὴ</span> <span class='ocrx_word' id='word_1_39' title='bbox 564 834 792 905; x_wconf 87' lang='grc' dir='ltr'>μάλιστα</span> <span class='ocrx_word' id='word_1_40' title='bbox 816 833 916 897; x_wconf 85' lang='grc' dir='ltr'>τὰς</span> <span class='ocrx_word' id='word_1_41' title='bbox 946 833 1128 903; x_wconf 80' lang='grc' dir='ltr'>φιλίας</span> <span class='ocrx_word' id='word_1_42' title='bbox 1155 836 1213 886; x_wconf 88' lang='grc' dir='ltr'>αἰ</span> <span class='ocrx_word' id='word_1_43' title='bbox 1239 837 1420 906; x_wconf 78' lang='grc' dir='ltr'>χρεῖαι</span> <span class='ocrx_word' id='word_1_44' title='bbox 1451 834 1682 888; x_wconf 88' lang='grc' dir='ltr'>ποιοῦσι.</span> <span class='ocrx_word' id='word_1_45' title='bbox 1714 833 1810 886; x_wconf 79' lang='grc' dir='ltr'>Διά</span> <span class='ocrx_word' id='word_1_46' title='bbox 1835 833 1896 902; x_wconf 84' lang='grc' dir='ltr'>δὴ</span> 
     </span>
    </p>
   </div>
   <div class='ocr_carea' id='block_1_8' title="bbox 331 917 1900 987">
    <p class='ocr_par' dir='ltr' id='par_1_8' title="bbox 331 917 1900 987">
     <span class='ocr_line' id='line_1_8' title="bbox 331 917 1900 987; baseline -0.003 -15"><span class='ocrx_word' id='word_1_47' title='bbox 331 921 494 973; x_wconf 77' lang='grc' dir='ltr'>τοῦτο</span> <span class='ocrx_word' id='word_1_48' title='bbox 513 919 628 972; x_wconf 78' lang='grc' dir='ltr'>οὐδὲ</span> <span class='ocrx_word' id='word_1_49' title='bbox 655 918 830 971; x_wconf 88' lang='grc' dir='ltr'>πάντα</span> <span class='ocrx_word' id='word_1_50' title='bbox 855 917 1032 987; x_wconf 84' lang='grc' dir='ltr'>ἀφῆκε</span> <span class='ocrx_word' id='word_1_51' title='bbox 1064 918 1340 986; x_wconf 81' lang='grc' dir='ltr'>πανταχοῦ</span> <span class='ocrx_word' id='word_1_52' title='bbox 1369 917 1636 986; x_wconf 90' lang='grc' dir='ltr'>γίνεσθαι,</span> <span class='ocrx_word' id='word_1_53' title='bbox 1661 917 1745 969; x_wconf 83' lang='grc' dir='ltr'>ἵνα</span> <span class='ocrx_word' id='word_1_54' title='bbox 1771 917 1900 969; x_wconf 77' lang='grc' dir='ltr'>κὰν-</span> 
     </span>
    </p>
   </div>
   <div class='ocr_carea' id='block_1_9' title="bbox 338 999 1901 1072">
    <p class='ocr_par' dir='ltr' id='par_1_9' title="bbox 338 999 1901 1072">
     <span class='ocr_line' id='line_1_9' title="bbox 338 999 1901 1072; baseline -0.004 -16"><span class='ocrx_word' id='word_1_55' title='bbox 338 1003 526 1056; x_wconf 83' lang='grc' dir='ltr'>τεῦθεν</span> <span class='ocrx_word' id='word_1_56' title='bbox 548 1001 802 1072; x_wconf 86' lang='grc' dir='ltr'>ἀλλήλοις</span> <span class='ocrx_word' id='word_1_57' title='bbox 838 1001 1237 1070; x_wconf 81' lang='grc' dir='ltr'>ἀναμίγνυσθαι</span> <span class='ocrx_word' id='word_1_58' title='bbox 1275 1001 1577 1072; x_wconf 79' lang='grc' dir='ltr'>ἀναγκάσῃ.</span> <span class='ocrx_word' id='word_1_59' title='bbox 1613 999 1901 1067; x_wconf 78' lang='grc' dir='ltr'>Καταστή-</span> 
     </span>
    </p>
   </div>
   <div class='ocr_carea' id='block_1_10' title="bbox 337 1081 1901 1156">
    <p class='ocr_par' dir='ltr' id='par_1_10' title="bbox 337 1081 1901 1156">
     <span class='ocr_line' id='line_1_10' title="bbox 337 1081 1901 1156; baseline -0.003 -17"><span class='ocrx_word' id='word_1_60' title='bbox 337 1104 433 1150; x_wconf 88' lang='grc' dir='ltr'>σας</span> <span class='ocrx_word' id='word_1_61' title='bbox 474 1086 530 1138; x_wconf 85' lang='grc' dir='ltr'>δὲ</span> <span class='ocrx_word' id='word_1_62' title='bbox 564 1086 710 1156; x_wconf 78' lang='grc' dir='ltr'>ἡμᾶς</span> <span class='ocrx_word' id='word_1_63' title='bbox 748 1087 808 1138; x_wconf 89' lang='grc' dir='ltr'>ἐν</span> <span class='ocrx_word' id='word_1_64' title='bbox 850 1083 1009 1155; x_wconf 84' lang='grc' dir='ltr'>χρείᾳ</span> <span class='ocrx_word' id='word_1_65' title='bbox 1047 1083 1311 1154; x_wconf 88' lang='grc' dir='ltr'>ἀλλήλων,</span> <span class='ocrx_word' id='word_1_66' title='bbox 1343 1082 1562 1137; x_wconf 79' lang='grc' dir='ltr'>εὔκολον</span> <span class='ocrx_word' id='word_1_67' title='bbox 1601 1083 1760 1136; x_wconf 88' lang='grc' dir='ltr'>πάλιν</span> <span class='ocrx_word' id='word_1_68' title='bbox 1803 1081 1901 1151; x_wconf 75' lang='grc' dir='ltr'>τὴν</span> 
     </span>
    </p>
   </div>
   <div class='ocr_carea' id='block_1_11' title="bbox 333 1162 1900 1238">
    <p class='ocr_par' dir='ltr' id='par_1_11' title="bbox 333 1162 1900 1238">
     <span class='ocr_line' id='line_1_11' title="bbox 333 1162 1900 1238; baseline -0.003 -17"><span class='ocrx_word' id='word_1_69' title='bbox 333 1168 609 1238; x_wconf 73' lang='grc' dir='ltr'>ἐπιμιξίαν</span> <span class='ocrx_word' id='word_1_70' title='bbox 655 1167 933 1236; x_wconf 85' lang='grc' dir='ltr'>ἐποίησεν·</span> <span class='ocrx_word' id='word_1_71' title='bbox 969 1167 1089 1219; x_wconf 76' lang='grc' dir='ltr'>ἐπεὶ</span> <span class='ocrx_word' id='word_1_72' title='bbox 1117 1166 1166 1218; x_wconf 84' lang='grc' dir='ltr'>εἰ</span> <span class='ocrx_word' id='word_1_73' title='bbox 1198 1165 1272 1236; x_wconf 81' lang='grc' dir='ltr'>μὴ</span> <span class='ocrx_word' id='word_1_74' title='bbox 1303 1166 1459 1218; x_wconf 89' lang='grc' dir='ltr'>τοῦτο</span> <span class='ocrx_word' id='word_1_75' title='bbox 1483 1162 1571 1236; x_wconf 77' lang='grc' dir='ltr'>ἦν,</span> <span class='ocrx_word' id='word_1_76' title='bbox 1605 1167 1684 1228; x_wconf 88' lang='grc' dir='ltr'>εἰς</span> <span class='ocrx_word' id='word_1_77' title='bbox 1707 1164 1900 1234; x_wconf 77' lang='grc' dir='ltr'>ἑτέραν</span> 
     </span>
    </p>
   </div>
   <div class='ocr_carea' id='block_1_12' title="bbox 334 1247 1899 1322">
    <p class='ocr_par' dir='ltr' id='par_1_12' title="bbox 334 1247 1899 1322">
     <span class='ocr_line' id='line_1_12' title="bbox 334 1247 1899 1322; baseline -0.004 -17"><span class='ocrx_word' id='word_1_78' title='bbox 334 1252 522 1322; x_wconf 82' lang='grc' dir='ltr'>ἀηδίαν</span> <span class='ocrx_word' id='word_1_79' title='bbox 577 1251 640 1303; x_wconf 77' lang='grc' dir='ltr'>τὸ</span> <span class='ocrx_word' id='word_1_80' title='bbox 683 1252 918 1320; x_wconf 79' lang='grc' dir='ltr'>πρᾶγμα</span> <span class='ocrx_word' id='word_1_81' title='bbox 967 1251 1281 1320; x_wconf 80' lang='grc' dir='ltr'>περιΐστατο</span> <span class='ocrx_word' id='word_1_82' title='bbox 1327 1250 1420 1302; x_wconf 83' lang='grc' dir='ltr'>καὶ</span> <span class='ocrx_word' id='word_1_83' title='bbox 1465 1249 1799 1319; x_wconf 80' lang='grc' dir='ltr'>δυσχέρειαν.</span> <span class='ocrx_word' id='word_1_84' title='bbox 1838 1247 1899 1300; x_wconf 85' lang='grc' dir='ltr'>Εἰ</span> 
     </span>
    </p>
   </div>
   <div class='ocr_carea' id='block_1_13' title="bbox 333 1329 1902 1404">
    <p class='ocr_par' dir='ltr' id='par_1_13' title="bbox 333 1329 1902 1404">
     <span class='ocr_line' id='line_1_13' title="bbox 333 1329 1902 1404; baseline -0.003 -18"><span class='ocrx_word' id='word_1_85' title='bbox 333 1336 441 1404; x_wconf 89' lang='grc' dir='ltr'>γὰρ</span> <span class='ocrx_word' id='word_1_86' title='bbox 479 1333 667 1401; x_wconf 79' lang='grc' dir='ltr'>ἰατροῦ</span> <span class='ocrx_word' id='word_1_87' title='bbox 715 1333 967 1401; x_wconf 87' lang='grc' dir='ltr'>δεόμενον</span> <span class='ocrx_word' id='word_1_88' title='bbox 998 1332 1031 1401; x_wconf 80' lang='grc' dir='ltr'>ἢ</span> <span class='ocrx_word' id='word_1_89' title='bbox 1074 1333 1320 1394; x_wconf 78' lang='grc' dir='ltr'>τέκτονος</span> <span class='ocrx_word' id='word_1_90' title='bbox 1352 1331 1383 1400; x_wconf 81' lang='grc' dir='ltr'>ἢ</span> <span class='ocrx_word' id='word_1_91' title='bbox 1420 1331 1602 1400; x_wconf 85' lang='grc' dir='ltr'>ἐτέρου</span> <span class='ocrx_word' id='word_1_92' title='bbox 1640 1329 1902 1399; x_wconf 88' lang='grc' dir='ltr'>δημιουρ-</span> 
     </span>
    </p>
   </div>
   <div class='ocr_carea' id='block_1_14' title="bbox 333 1413 1900 1487">
    <p class='ocr_par' dir='ltr' id='par_1_14' title="bbox 333 1413 1900 1487">
     <span class='ocr_line' id='line_1_14' title="bbox 333 1413 1900 1487; baseline -0.005 -17"><span class='ocrx_word' id='word_1_93' title='bbox 333 1419 452 1486; x_wconf 91' lang='grc' dir='ltr'>γοῦ,</span> <span class='ocrx_word' id='word_1_94' title='bbox 516 1415 732 1487; x_wconf 83' lang='grc' dir='ltr'>μακρὰν</span> <span class='ocrx_word' id='word_1_95' title='bbox 780 1415 886 1468; x_wconf 80' lang='grc' dir='ltr'>ἔδει</span> <span class='ocrx_word' id='word_1_96' title='bbox 943 1414 1249 1466; x_wconf 84' lang='grc' dir='ltr'>στέλλεσθαι</span> <span class='ocrx_word' id='word_1_97' title='bbox 1301 1414 1629 1482; x_wconf 88' lang='grc' dir='ltr'>ἀποδημίαν,</span> <span class='ocrx_word' id='word_1_98' title='bbox 1681 1413 1743 1465; x_wconf 78' lang='grc' dir='ltr'>τὸ</span> <span class='ocrx_word' id='word_1_99' title='bbox 1793 1414 1900 1464; x_wconf 77' lang='grc' dir='ltr'>πᾶν</span> 
     </span>
    </p>
   </div>
   <div class='ocr_carea' id='block_1_15' title="bbox 331 1495 1901 1567">
    <p class='ocr_par' dir='ltr' id='par_1_15' title="bbox 331 1495 1901 1567">
     <span class='ocr_line' id='line_1_15' title="bbox 331 1495 1901 1567; baseline -0.004 -14"><span class='ocrx_word' id='word_1_100' title='bbox 331 1499 621 1553; x_wconf 84' lang='grc' dir='ltr'>ἀπολώλει.</span> <span class='ocrx_word' id='word_1_101' title='bbox 650 1498 748 1551; x_wconf 89' lang='grc' dir='ltr'>Διά</span> <span class='ocrx_word' id='word_1_102' title='bbox 775 1497 839 1567; x_wconf 84' lang='grc' dir='ltr'>δὴ</span> <span class='ocrx_word' id='word_1_103' title='bbox 864 1497 1019 1550; x_wconf 86' lang='grc' dir='ltr'>τοῦτο</span> <span class='ocrx_word' id='word_1_104' title='bbox 1048 1497 1140 1551; x_wconf 76' lang='grc' dir='ltr'>καί</span> <span class='ocrx_word' id='word_1_105' title='bbox 1172 1497 1356 1559; x_wconf 86' lang='grc' dir='ltr'>πόλεις</span> <span class='ocrx_word' id='word_1_106' title='bbox 1381 1495 1775 1560; x_wconf 81' lang='grc' dir='ltr'>κατεσκεύασε,</span> <span class='ocrx_word' id='word_1_107' title='bbox 1806 1495 1901 1546; x_wconf 78' lang='grc' dir='ltr'>καὶ</span> 
     </span>
    </p>
   </div>
   <div class='ocr_carea' id='block_1_16' title="bbox 337 1575 1898 1650">
    <p class='ocr_par' dir='ltr' id='par_1_16' title="bbox 337 1575 1898 1650">
     <span class='ocr_line' id='line_1_16' title="bbox 337 1575 1898 1650; baseline -0.005 -16"><span class='ocrx_word' id='word_1_108' title='bbox 337 1583 541 1643; x_wconf 80' lang='grc' dir='ltr'>πάντας</span> <span class='ocrx_word' id='word_1_109' title='bbox 573 1579 704 1650; x_wconf 83' lang='grc' dir='ltr'>ὁμοῦ</span> <span class='ocrx_word' id='word_1_110' title='bbox 736 1581 1058 1648; x_wconf 84' lang='grc' dir='ltr'>συνήγαγεν.</span> <span class='ocrx_word' id='word_1_111' title='bbox 1087 1579 1202 1632; x_wconf 84' lang='grc' dir='ltr'>Ἵνα</span> <span class='ocrx_word' id='word_1_112' title='bbox 1234 1579 1298 1650; x_wconf 85' lang='grc' dir='ltr'>δὴ</span> <span class='ocrx_word' id='word_1_113' title='bbox 1341 1579 1435 1632; x_wconf 76' lang='grc' dir='ltr'>καὶ</span> <span class='ocrx_word' id='word_1_114' title='bbox 1463 1581 1574 1640; x_wconf 90' lang='grc' dir='ltr'>τοῖς</span> <span class='ocrx_word' id='word_1_115' title='bbox 1621 1575 1898 1646; x_wconf 77' lang='grc' dir='ltr'>πόρρωθεν</span> 
     </span>
    </p>
   </div>
   <div class='ocr_carea' id='block_1_17' title="bbox 339 1658 1896 1734">
    <p class='ocr_par' dir='ltr' id='par_1_17' title="bbox 339 1658 1896 1734">
     <span class='ocr_line' id='line_1_17' title="bbox 339 1658 1896 1734; baseline -0.005 -18"><span class='ocrx_word' id='word_1_116' title='bbox 339 1663 537 1734; x_wconf 79' lang='grc' dir='ltr'>ῥᾳδίως</span> <span class='ocrx_word' id='word_1_117' title='bbox 561 1660 909 1732; x_wconf 74' lang='grc' dir='ltr'>ἐπιχωριάζω</span> <span class='ocrx_word' id='word_1_118' title='bbox 919 1679 1039 1731; x_wconf 90' lang='grc' dir='ltr'>μεν,</span> <span class='ocrx_word' id='word_1_119' title='bbox 1075 1660 1340 1714; x_wconf 82' lang='grc' dir='ltr'>θάλατταν</span> <span class='ocrx_word' id='word_1_120' title='bbox 1362 1663 1439 1722; x_wconf 89' lang='grc' dir='ltr'>εἰς</span> <span class='ocrx_word' id='word_1_121' title='bbox 1473 1660 1632 1730; x_wconf 81' lang='grc' dir='ltr'>μέσον</span> <span class='ocrx_word' id='word_1_122' title='bbox 1657 1658 1896 1728; x_wconf 80' lang='grc' dir='ltr'>ἤπλωσε,</span> 
     </span>
    </p>
   </div>
   <div class='ocr_carea' id='block_1_18' title="bbox 337 1741 1899 1815">
    <p class='ocr_par' dir='ltr' id='par_1_18' title="bbox 337 1741 1899 1815">
     <span class='ocr_line' id='line_1_18' title="bbox 337 1741 1899 1815; baseline -0.003 -18"><span class='ocrx_word' id='word_1_123' title='bbox 337 1747 431 1798; x_wconf 77' lang='grc' dir='ltr'>καὶ</span> <span class='ocrx_word' id='word_1_124' title='bbox 465 1745 678 1814; x_wconf 86' lang='grc' dir='ltr'>ἀνέμων</span> <span class='ocrx_word' id='word_1_125' title='bbox 721 1745 998 1815; x_wconf 89' lang='grc' dir='ltr'>ταχύτητα</span> <span class='ocrx_word' id='word_1_126' title='bbox 1040 1743 1239 1805; x_wconf 73' lang='grc' dir='ltr'>ἔδωκε,</span> <span class='ocrx_word' id='word_1_127' title='bbox 1283 1744 1470 1814; x_wconf 74' lang='grc' dir='ltr'>ῥᾳδίας</span> <span class='ocrx_word' id='word_1_128' title='bbox 1514 1741 1763 1795; x_wconf 88' lang='grc' dir='ltr'>ἐντεῦθεν</span> <span class='ocrx_word' id='word_1_129' title='bbox 1803 1742 1899 1802; x_wconf 88' lang='grc' dir='ltr'>τάς</span> 
     </span>
    </p>
   </div>
   <div class='ocr_carea' id='block_1_19' title="bbox 339 1823 1898 1897">
    <p class='ocr_par' dir='ltr' id='par_1_19' title="bbox 339 1823 1898 1897">
     <span class='ocr_line' id='line_1_19' title="bbox 339 1823 1898 1897; baseline -0.003 -18"><span class='ocrx_word' id='word_1_130' title='bbox 339 1827 643 1897; x_wconf 81' lang='grc' dir='ltr'>ἀποδημίας</span> <span class='ocrx_word' id='word_1_131' title='bbox 693 1827 878 1880; x_wconf 90' lang='grc' dir='ltr'>ποιῶν.</span> <span class='ocrx_word' id='word_1_132' title='bbox 923 1825 1100 1896; x_wconf 73' lang='grc' dir='ltr'>Παρά</span> <span class='ocrx_word' id='word_1_133' title='bbox 1128 1828 1182 1880; x_wconf 80' lang='grc' dir='ltr'>δὲ</span> <span class='ocrx_word' id='word_1_134' title='bbox 1237 1827 1334 1896; x_wconf 82' lang='grc' dir='ltr'>τὴν</span> <span class='ocrx_word' id='word_1_135' title='bbox 1377 1825 1548 1894; x_wconf 76' lang='grc' dir='ltr'>ἀρχὴν</span> <span class='ocrx_word' id='word_1_136' title='bbox 1589 1824 1682 1877; x_wconf 73' lang='grc' dir='ltr'>καὶ</span> <span class='ocrx_word' id='word_1_137' title='bbox 1718 1825 1773 1875; x_wconf 89' lang='grc' dir='ltr'>ἐν</span> <span class='ocrx_word' id='word_1_138' title='bbox 1821 1823 1898 1874; x_wconf 76' lang='grc' dir='ltr'>ἐνὶ</span> 
     </span>
    </p>
   </div>
   <div class='ocr_carea' id='block_1_20' title="bbox 341 1907 1892 1980">
    <p class='ocr_par' dir='ltr' id='par_1_20' title="bbox 341 1907 1892 1980">
     <span class='ocr_line' id='line_1_20' title="bbox 341 1907 1892 1980; baseline -0.003 -18"><span class='ocrx_word' id='word_1_139' title='bbox 341 1912 546 1971; x_wconf 80' lang='grc' dir='ltr'>πάντας</span> <span class='ocrx_word' id='word_1_140' title='bbox 585 1911 858 1978; x_wconf 82' lang='grc' dir='ltr'>συνήγαγε</span> <span class='ocrx_word' id='word_1_141' title='bbox 900 1910 1104 1980; x_wconf 84' lang='grc' dir='ltr'>χωρίῳ,</span> <span class='ocrx_word' id='word_1_142' title='bbox 1151 1910 1244 1961; x_wconf 68' lang='grc' dir='ltr'>καὶ</span> <span class='ocrx_word' id='word_1_143' title='bbox 1278 1910 1340 1961; x_wconf 85' lang='grc' dir='ltr'>ού</span> <span class='ocrx_word' id='word_1_144' title='bbox 1369 1909 1630 1977; x_wconf 90' lang='grc' dir='ltr'>πρότερον</span> <span class='ocrx_word' id='word_1_145' title='bbox 1661 1907 1892 1959; x_wconf 83' lang='grc' dir='ltr'>διέσπει-</span> 
     </span>
    </p>
   </div>
   <div class='ocr_carea' id='block_1_21' title="bbox 340 1990 1894 2061">
    <p class='ocr_par' dir='ltr' id='par_1_21' title="bbox 340 1990 1894 2061">
     <span class='ocr_line' id='line_1_21' title="bbox 340 1990 1894 2061; baseline -0.002 -18"><span class='ocrx_word' id='word_1_146' title='bbox 340 2008 452 2061; x_wconf 85' lang='grc' dir='ltr'>ρεν,</span> <span class='ocrx_word' id='word_1_147' title='bbox 492 1991 595 2054; x_wconf 79' lang='grc' dir='ltr'>ἕως</span> <span class='ocrx_word' id='word_1_148' title='bbox 630 1993 710 2053; x_wconf 88' lang='grc' dir='ltr'>εἰς</span> <span class='ocrx_word' id='word_1_149' title='bbox 741 1991 908 2044; x_wconf 71' lang='grc' dir='ltr'>κακὸν</span> <span class='ocrx_word' id='word_1_150' title='bbox 942 1993 1241 2061; x_wconf 85' lang='grc' dir='ltr'>ἐχρήσαντο</span> <span class='ocrx_word' id='word_1_151' title='bbox 1268 1993 1333 2059; x_wconf 80' lang='grc' dir='ltr'>τῇ</span> <span class='ocrx_word' id='word_1_152' title='bbox 1366 1990 1586 2060; x_wconf 77' lang='grc' dir='ltr'>ὁμονοίᾳ</span> <span class='ocrx_word' id='word_1_153' title='bbox 1613 1992 1660 2042; x_wconf 83' lang='grc' dir='ltr'>οἱ</span> <span class='ocrx_word' id='word_1_154' title='bbox 1693 1990 1894 2060; x_wconf 84' lang='grc' dir='ltr'>πρῶτοι</span> 
     </span>
    </p>
   </div>
   <div class='ocr_carea' id='block_1_22' title="bbox 335 2072 1894 2142">
    <p class='ocr_par' dir='ltr' id='par_1_22' title="bbox 335 2072 1894 2142">
     <span class='ocr_line' id='line_1_22' title="bbox 335 2072 1894 2142; baseline -0.003 -16"><span class='ocrx_word' id='word_1_155' title='bbox 335 2073 588 2136; x_wconf 89' lang='grc' dir='ltr'>λαϐόντες</span> <span class='ocrx_word' id='word_1_156' title='bbox 614 2073 674 2126; x_wconf 84' lang='grc' dir='ltr'>τὸ</span> <span class='ocrx_word' id='word_1_157' title='bbox 699 2073 870 2142; x_wconf 87' lang='grc' dir='ltr'>δῶρον</span> <span class='ocrx_word' id='word_1_158' title='bbox 893 2088 906 2102; x_wconf 79' lang='grc'>⁶</span> <span class='ocrx_word' id='word_1_159' title='bbox 946 2073 1080 2125; x_wconf 88' lang='grc' dir='ltr'>ἀλλά</span> <span class='ocrx_word' id='word_1_160' title='bbox 1115 2072 1379 2126; x_wconf 83' lang='grc' dir='ltr'>πάντοθεν</span> <span class='ocrx_word' id='word_1_161' title='bbox 1411 2073 1557 2142; x_wconf 79' lang='grc' dir='ltr'>ἡμᾶς</span> <span class='ocrx_word' id='word_1_162' title='bbox 1602 2073 1894 2140; x_wconf 80' lang='grc' dir='ltr'>συνήγαγε,</span> 
     </span>
    </p>
   </div>
   <div class='ocr_carea' id='block_1_23' title="bbox 333 2153 1897 2224">
    <p class='ocr_par' dir='ltr' id='par_1_23' title="bbox 333 2153 1897 2224">
     <span class='ocr_line' id='line_1_23' title="bbox 333 2153 1897 2224; baseline -0.002 -15"><span class='ocrx_word' id='word_1_163' title='bbox 333 2158 428 2209; x_wconf 76' lang='grc' dir='ltr'>καὶ</span> <span class='ocrx_word' id='word_1_164' title='bbox 467 2156 575 2209; x_wconf 85' lang='grc' dir='ltr'>ἀπὸ</span> <span class='ocrx_word' id='word_1_165' title='bbox 605 2155 821 2224; x_wconf 87' lang='grc' dir='ltr'>φύσεως</span> <span class='ocrx_word' id='word_1_166' title='bbox 857 2156 951 2208; x_wconf 73' lang='grc' dir='ltr'>καὶ</span> <span class='ocrx_word' id='word_1_167' title='bbox 982 2156 1089 2208; x_wconf 78' lang='grc' dir='ltr'>ἀπὸ</span> <span class='ocrx_word' id='word_1_168' title='bbox 1119 2155 1433 2223; x_wconf 85' lang='grc' dir='ltr'>συγγενείας</span> <span class='ocrx_word' id='word_1_169' title='bbox 1463 2156 1556 2207; x_wconf 75' lang='grc' dir='ltr'>καὶ</span> <span class='ocrx_word' id='word_1_170' title='bbox 1587 2153 1693 2206; x_wconf 74' lang='grc' dir='ltr'>ἀπὸ</span> <span class='ocrx_word' id='word_1_171' title='bbox 1722 2153 1897 2223; x_wconf 83' lang='grc' dir='ltr'>γλώτ-</span> 
     </span>
    </p>
   </div>
   <div class='ocr_carea' id='block_1_24' title="bbox 332 2236 1900 2308">
    <p class='ocr_par' dir='ltr' id='par_1_24' title="bbox 332 2236 1900 2308">
     <span class='ocr_line' id='line_1_24' title="bbox 332 2236 1900 2308; baseline -0.003 -16"><span class='ocrx_word' id='word_1_172' title='bbox 332 2255 434 2308; x_wconf 88' lang='grc' dir='ltr'>της</span> <span class='ocrx_word' id='word_1_173' title='bbox 455 2239 545 2292; x_wconf 74' lang='grc' dir='ltr'>καὶ</span> <span class='ocrx_word' id='word_1_174' title='bbox 575 2239 682 2292; x_wconf 86' lang='grc' dir='ltr'>ἀπὺ</span> <span class='ocrx_word' id='word_1_175' title='bbox 703 2239 888 2290; x_wconf 87' lang='grc' dir='ltr'>τόπου.</span> <span class='ocrx_word' id='word_1_176' title='bbox 930 2239 1039 2291; x_wconf 74' lang='grc' dir='ltr'>Καὶ</span> <span class='ocrx_word' id='word_1_177' title='bbox 1080 2238 1267 2308; x_wconf 86' lang='grc' dir='ltr'>ὥσπερ</span> <span class='ocrx_word' id='word_1_178' title='bbox 1307 2238 1406 2289; x_wconf 75' lang='grc' dir='ltr'>οὑκ</span> <span class='ocrx_word' id='word_1_179' title='bbox 1449 2236 1698 2289; x_wconf 87' lang='grc' dir='ltr'>ἐϐούλετο</span> <span class='ocrx_word' id='word_1_180' title='bbox 1735 2237 1900 2288; x_wconf 83' lang='grc' dir='ltr'>ἐκπε-</span> 
     </span>
    </p>
   </div>
   <div class='ocr_carea' id='block_1_25' title="bbox 329 2316 1899 2392">
    <p class='ocr_par' dir='ltr' id='par_1_25' title="bbox 329 2316 1899 2392">
     <span class='ocr_line' id='line_1_25' title="bbox 329 2316 1899 2392; baseline -0.005 -18"><span class='ocrx_word' id='word_1_181' title='bbox 329 2325 447 2374; x_wconf 89' lang='grc' dir='ltr'>σεῖν</span> <span class='ocrx_word' id='word_1_182' title='bbox 475 2321 621 2392; x_wconf 79' lang='grc' dir='ltr'>ἡμᾶς</span> <span class='ocrx_word' id='word_1_183' title='bbox 650 2320 742 2373; x_wconf 91' lang='grc' dir='ltr'>τοῦ</span> <span class='ocrx_word' id='word_1_184' title='bbox 776 2320 1102 2391; x_wconf 85' lang='grc' dir='ltr'>παραδείσου</span> <span class='ocrx_word' id='word_1_185' title='bbox 1133 2322 1204 2374; x_wconf 82' lang='grc' dir='ltr'>(εἰ</span> <span class='ocrx_word' id='word_1_186' title='bbox 1237 2319 1344 2389; x_wconf 85' lang='lat'>7&amp;9</span> <span class='ocrx_word' id='word_1_187' title='bbox 1382 2318 1650 2378; x_wconf 88' lang='grc' dir='ltr'>ἐϐούλετο,</span> <span class='ocrx_word' id='word_1_188' title='bbox 1685 2317 1791 2370; x_wconf 82' lang='grc' dir='ltr'>οὐδ’</span> <span class='ocrx_word' id='word_1_189' title='bbox 1833 2316 1899 2368; x_wconf 87' lang='grc' dir='ltr'>ἂν</span> 
     </span>
    </p>
   </div>
   <div class='ocr_carea' id='block_1_26' title="bbox 323 2399 1896 2472">
    <p class='ocr_par' dir='ltr' id='par_1_26' title="bbox 323 2399 1896 2472">
     <span class='ocr_line' id='line_1_26' title="bbox 323 2399 1896 2472; baseline 0.006 -16"><span class='ocrx_word' id='word_1_190' title='bbox 323 2404 446 2456; x_wconf 89' lang='grc' dir='ltr'>ἐκεῖ</span> <span class='ocrx_word' id='word_1_191' title='bbox 489 2401 747 2456; x_wconf 82' lang='grc' dir='ltr'>κατέθετο</span> <span class='ocrx_word' id='word_1_192' title='bbox 801 2402 858 2454; x_wconf 85' lang='grc' dir='ltr'>ὃν</span> <span class='ocrx_word' id='word_1_193' title='bbox 918 2403 1172 2472; x_wconf 87' lang='grc' dir='ltr'>ἐποίησεν</span> <span class='ocrx_word' id='word_1_194' title='bbox 1219 2401 1500 2472; x_wconf 74' lang='grc' dir='ltr'>ἄνθρωπον</span> <span class='ocrx_word' id='word_1_195' title='bbox 1541 2401 1638 2470; x_wconf 80' lang='grc' dir='ltr'>τὴν</span> <span class='ocrx_word' id='word_1_196' title='bbox 1679 2399 1896 2468; x_wconf 66' lang='grc' dir='ltr'>ἀρχὴν).</span> 
     </span>
    </p>
   </div>
   <div class='ocr_carea' id='block_1_27' title="bbox 324 2481 1900 2555">
    <p class='ocr_par' dir='ltr' id='par_1_27' title="bbox 324 2481 1900 2555">
     <span class='ocr_line' id='line_1_27' title="bbox 324 2481 1900 2555; baseline -0.004 -16"><span class='ocrx_word' id='word_1_197' title='bbox 324 2485 444 2539; x_wconf 89' lang='grc' dir='ltr'>ἀλλ’</span> <span class='ocrx_word' id='word_1_198' title='bbox 467 2487 495 2538; x_wconf 85' lang='grc' dir='ltr'>ὁ</span> <span class='ocrx_word' id='word_1_199' title='bbox 527 2484 879 2555; x_wconf 72' lang='grc' dir='ltr'>παρακούσας</span> <span class='ocrx_word' id='word_1_200' title='bbox 915 2483 1085 2548; x_wconf 78' lang='grc' dir='ltr'>αἴτιος</span> <span class='ocrx_word' id='word_1_201' title='bbox 1104 2503 1116 2515; x_wconf 92' lang='grc'><strong>·</strong></span> <span class='ocrx_word' id='word_1_202' title='bbox 1149 2483 1320 2547; x_wconf 77' lang='grc' dir='ltr'>οὕτως</span> <span class='ocrx_word' id='word_1_203' title='bbox 1352 2485 1472 2537; x_wconf 86' lang='grc' dir='ltr'>ούδέ</span> <span class='ocrx_word' id='word_1_204' title='bbox 1495 2481 1900 2550; x_wconf 71' lang='grc' dir='ltr'>ἀλλογλώσσους</span> 
     </span>
    </p>
   </div>
   <div class='ocr_carea' id='block_1_28' title="bbox 323 2564 1896 2638">
    <p class='ocr_par' dir='ltr' id='par_1_28' title="bbox 323 2564 1896 2638">
     <span class='ocr_line' id='line_1_28' title="bbox 323 2564 1896 2638; baseline -0.003 -18"><span class='ocrx_word' id='word_1_205' title='bbox 323 2564 468 2622; x_wconf 74' lang='grc' dir='ltr'>εἶναι</span> <span class='ocrx_word' id='word_1_206' title='bbox 497 2567 762 2638; x_wconf 83' lang='grc' dir='ltr'>ήθέλησεν</span> <span class='ocrx_word' id='word_1_207' title='bbox 783 2583 796 2596; x_wconf 91' lang='grc'><strong>·</strong></span> <span class='ocrx_word' id='word_1_208' title='bbox 839 2566 960 2620; x_wconf 73' lang='grc' dir='ltr'>ἐπεὶ</span> <span class='ocrx_word' id='word_1_209' title='bbox 994 2567 1100 2620; x_wconf 79' lang='grc' dir='ltr'>κᾶν</span> <span class='ocrx_word' id='word_1_210' title='bbox 1138 2566 1198 2630; x_wconf 81' lang='grc' dir='ltr'>ἐξ</span> <span class='ocrx_word' id='word_1_211' title='bbox 1229 2567 1402 2636; x_wconf 82' lang='grc' dir='ltr'>ἀρχῆς</span> <span class='ocrx_word' id='word_1_212' title='bbox 1445 2564 1603 2618; x_wconf 90' lang='grc' dir='ltr'>τοῦτο</span> <span class='ocrx_word' id='word_1_213' title='bbox 1642 2564 1896 2634; x_wconf 80' lang='grc' dir='ltr'>ἐποίησεο</span> 
     </span>
    </p>
   </div>
   <div class='ocr_carea' id='block_1_29' title="bbox 325 2645 1894 2720">
    <p class='ocr_par' dir='ltr' id='par_1_29' title="bbox 325 2645 1894 2720">
     <span class='ocr_line' id='line_1_29' title="bbox 325 2645 1894 2720; baseline -0.001 -16"><span class='ocrx_word' id='word_1_214' title='bbox 325 2652 424 2704; x_wconf 88' lang='grc' dir='ltr'>νῦν</span> <span class='ocrx_word' id='word_1_215' title='bbox 461 2651 517 2704; x_wconf 85' lang='grc' dir='ltr'>δὲ</span> <span class='ocrx_word' id='word_1_216' title='bbox 553 2651 704 2703; x_wconf 81' lang='grc' dir='ltr'>πᾶσα</span> <span class='ocrx_word' id='word_1_217' title='bbox 737 2651 771 2720; x_wconf 86' lang='grc' dir='ltr'>ή</span> <span class='ocrx_word' id='word_1_218' title='bbox 798 2650 868 2719; x_wconf 84' lang='grc' dir='ltr'>γῆ</span> <span class='ocrx_word' id='word_1_219' title='bbox 905 2649 1078 2719; x_wconf 85' lang='grc' dir='ltr'>χεῖλος</span> <span class='ocrx_word' id='word_1_220' title='bbox 1103 2649 1160 2701; x_wconf 84' lang='grc' dir='ltr'>ἓν</span> <span class='ocrx_word' id='word_1_221' title='bbox 1187 2645 1276 2719; x_wconf 78' lang='grc' dir='ltr'>ἦν,</span> <span class='ocrx_word' id='word_1_222' title='bbox 1307 2648 1401 2700; x_wconf 72' lang='grc' dir='ltr'>καὶ</span> <span class='ocrx_word' id='word_1_223' title='bbox 1431 2647 1580 2717; x_wconf 84' lang='grc' dir='ltr'>φωνὴ</span> <span class='ocrx_word' id='word_1_224' title='bbox 1618 2647 1713 2717; x_wconf 88' lang='grc' dir='ltr'>μία</span> <span class='ocrx_word' id='word_1_225' title='bbox 1742 2648 1894 2702; x_wconf 79' lang='grc' dir='ltr'>πᾶσι.</span> 
     </span>
    </p>
   </div>
   <div class='ocr_carea' id='block_1_30' title="bbox 325 2728 1896 2802">
    <p class='ocr_par' dir='ltr' id='par_1_30' title="bbox 325 2728 1896 2802">
     <span class='ocr_line' id='line_1_30' title="bbox 325 2728 1896 2802; baseline -0.005 -14"><span class='ocrx_word' id='word_1_226' title='bbox 325 2734 427 2788; x_wconf 90' lang='grc' dir='ltr'>Διά</span> <span class='ocrx_word' id='word_1_227' title='bbox 463 2733 527 2802; x_wconf 84' lang='grc' dir='ltr'>δὴ</span> <span class='ocrx_word' id='word_1_228' title='bbox 565 2731 724 2784; x_wconf 89' lang='grc' dir='ltr'>τοῦτο</span> <span class='ocrx_word' id='word_1_229' title='bbox 756 2731 879 2784; x_wconf 87' lang='grc' dir='ltr'>οὑδέ</span> <span class='ocrx_word' id='word_1_230' title='bbox 907 2731 1071 2800; x_wconf 77' lang='grc' dir='ltr'>ἡνίκα</span> <span class='ocrx_word' id='word_1_231' title='bbox 1103 2732 1200 2800; x_wconf 77' lang='grc' dir='ltr'>τὴν</span> <span class='ocrx_word' id='word_1_232' title='bbox 1239 2730 1343 2799; x_wconf 76' lang='grc' dir='ltr'>γῆν</span> <span class='ocrx_word' id='word_1_233' title='bbox 1383 2729 1743 2798; x_wconf 80' lang='grc' dir='ltr'>ἀφανισθῆναι</span> <span class='ocrx_word' id='word_1_234' title='bbox 1770 2728 1896 2792; x_wconf 82' lang='grc' dir='ltr'>ἔδει,</span> 
     </span>
    </p>
   </div>
   <div class='ocr_carea' id='block_1_31' title="bbox 323 2810 1901 2884">
    <p class='ocr_par' dir='ltr' id='par_1_31' title="bbox 323 2810 1901 2884">
     <span class='ocr_line' id='line_1_31' title="bbox 323 2810 1901 2884; baseline -0.005 -14"><span class='ocrx_word' id='word_1_235' title='bbox 323 2817 450 2870; x_wconf 78' lang='grc' dir='ltr'>οὐδὲ</span> <span class='ocrx_word' id='word_1_236' title='bbox 488 2816 612 2868; x_wconf 89' lang='grc' dir='ltr'>τότε</span> <span class='ocrx_word' id='word_1_237' title='bbox 655 2816 804 2884; x_wconf 79' lang='grc' dir='ltr'>ἡμᾶς</span> <span class='ocrx_word' id='word_1_238' title='bbox 844 2813 903 2877; x_wconf 85' lang='grc' dir='ltr'>ἐξ</span> <span class='ocrx_word' id='word_1_239' title='bbox 944 2812 1112 2880; x_wconf 85' lang='grc' dir='ltr'>ἄλλης</span> <span class='ocrx_word' id='word_1_240' title='bbox 1141 2812 1392 2882; x_wconf 82' lang='grc' dir='ltr'>ἐποίησεν</span> <span class='ocrx_word' id='word_1_241' title='bbox 1437 2810 1586 2881; x_wconf 79' lang='grc' dir='ltr'>ὑλης,</span> <span class='ocrx_word' id='word_1_242' title='bbox 1617 2810 1735 2862; x_wconf 83' lang='grc' dir='ltr'>οὐδὲ</span> <span class='ocrx_word' id='word_1_243' title='bbox 1767 2827 1901 2880; x_wconf 85' lang='grc' dir='ltr'>μετ-</span> 
     </span>
    </p>
   </div>
   <div class='ocr_carea' id='block_1_32' title="bbox 323 2892 1900 2970">
    <p class='ocr_par' dir='ltr' id='par_1_32' title="bbox 323 2892 1900 2970">
     <span class='ocr_line' id='line_1_32' title="bbox 323 2892 1900 2970; baseline -0.004 -20"><span class='ocrx_word' id='word_1_244' title='bbox 323 2899 497 2970; x_wconf 85' lang='grc' dir='ltr'>έθηκε</span> <span class='ocrx_word' id='word_1_245' title='bbox 524 2897 617 2951; x_wconf 72' lang='grc' dir='ltr'>τὸν</span> <span class='ocrx_word' id='word_1_246' title='bbox 648 2897 876 2958; x_wconf 88' lang='grc' dir='ltr'>δίκαιον,</span> <span class='ocrx_word' id='word_1_247' title='bbox 904 2894 1016 2948; x_wconf 86' lang='grc' dir='ltr'>ἀλλ’</span> <span class='ocrx_word' id='word_1_248' title='bbox 1048 2895 1207 2962; x_wconf 79' lang='grc' dir='ltr'>ἀφεὶς</span> <span class='ocrx_word' id='word_1_249' title='bbox 1233 2894 1393 2948; x_wconf 79' lang='grc' dir='ltr'>αὑτὸν</span> <span class='ocrx_word' id='word_1_250' title='bbox 1423 2895 1481 2946; x_wconf 88' lang='grc' dir='ltr'>ἐν</span> <span class='ocrx_word' id='word_1_251' title='bbox 1503 2892 1650 2962; x_wconf 85' lang='grc' dir='ltr'>μέσῳ</span> <span class='ocrx_word' id='word_1_252' title='bbox 1675 2892 1751 2961; x_wconf 84' lang='grc' dir='ltr'>τῷ</span> <span class='ocrx_word' id='word_1_253' title='bbox 1771 2892 1900 2945; x_wconf 86' lang='grc' dir='ltr'>κλυ-</span> 
     </span>
    </p>
   </div>
   <div class='ocr_carea' id='block_1_33' title="bbox 329 2975 1900 3051">
    <p class='ocr_par' dir='ltr' id='par_1_33' title="bbox 329 2975 1900 3051">
     <span class='ocr_line' id='line_1_33' title="bbox 329 2975 1900 3051; baseline -0.004 -16"><span class='ocrx_word' id='word_1_254' title='bbox 329 2982 534 3051; x_wconf 82' lang='grc' dir='ltr'>δωνίῳ,</span> <span class='ocrx_word' id='word_1_255' title='bbox 571 2980 764 3049; x_wconf 88' lang='grc' dir='ltr'>ῶσπερ</span> <span class='ocrx_word' id='word_1_256' title='bbox 788 2976 908 3030; x_wconf 91' lang='grc' dir='ltr'>τινά</span> <span class='ocrx_word' id='word_1_257' title='bbox 939 2977 1212 3046; x_wconf 82' lang='grc' dir='ltr'>σπινθῆρα</span> <span class='ocrx_word' id='word_1_258' title='bbox 1241 2979 1340 3045; x_wconf 84' lang='grc' dir='ltr'>τῆς</span> <span class='ocrx_word' id='word_1_259' title='bbox 1357 2975 1698 3046; x_wconf 87' lang='grc' dir='ltr'>οἰκουμένης,</span> <span class='ocrx_word' id='word_1_260' title='bbox 1728 2975 1900 3045; x_wconf 80' lang='grc' dir='ltr'>ἀνῆψε</span> 
     </span>
    </p>
   </div>
   <div class='ocr_carea' id='block_1_34' title="bbox 325 3059 1896 3133">
    <p class='ocr_par' dir='ltr' id='par_1_34' title="bbox 325 3059 1896 3133">
     <span class='ocr_line' id='line_1_34' title="bbox 325 3059 1896 3133; baseline -0.001 -16"><span class='ocrx_word' id='word_1_261' title='bbox 325 3065 495 3118; x_wconf 86' lang='grc' dir='ltr'>πάλιν</span> <span class='ocrx_word' id='word_1_262' title='bbox 519 3066 551 3133; x_wconf 92' lang='grc' dir='ltr'>ή</span> <span class='ocrx_word' id='word_1_263' title='bbox 561 3063 677 3132; x_wconf 87' lang='grc' dir='ltr'>μῶν</span> <span class='ocrx_word' id='word_1_264' title='bbox 702 3063 763 3114; x_wconf 88' lang='grc' dir='ltr'>τὸ</span> <span class='ocrx_word' id='word_1_265' title='bbox 793 3061 949 3128; x_wconf 90' lang='grc' dir='ltr'>γένος</span> <span class='ocrx_word' id='word_1_266' title='bbox 976 3060 1183 3113; x_wconf 86' lang='grc' dir='ltr'>ἐκεῖθεν</span> <span class='ocrx_word' id='word_1_267' title='bbox 1211 3060 1318 3114; x_wconf 87' lang='grc' dir='ltr'>ἀπὸ</span> <span class='ocrx_word' id='word_1_268' title='bbox 1342 3059 1436 3112; x_wconf 88' lang='grc' dir='ltr'>τοῦ</span> <span class='ocrx_word' id='word_1_269' title='bbox 1467 3060 1733 3130; x_wconf 83' lang='grc' dir='ltr'>μακαρίου</span> <span class='ocrx_word' id='word_1_270' title='bbox 1754 3060 1896 3116; x_wconf 89' lang='grc' dir='ltr'>Νῶε.</span> 
     </span>
    </p>
   </div>
   <div class='ocr_carea' id='block_1_35' title="bbox 322 3143 1902 3217">
    <p class='ocr_par' dir='ltr' id='par_1_35' title="bbox 322 3143 1902 3217">
     <span class='ocr_line' id='line_1_35' title="bbox 322 3143 1902 3217; baseline -0.003 -16"><span class='ocrx_word' id='word_1_271' title='bbox 322 3147 436 3201; x_wconf 74' lang='grc' dir='ltr'>Καὶ</span> <span class='ocrx_word' id='word_1_272' title='bbox 469 3147 528 3213; x_wconf 84' lang='grc' dir='ltr'>ἐξ</span> <span class='ocrx_word' id='word_1_273' title='bbox 556 3147 732 3217; x_wconf 81' lang='grc' dir='ltr'>ἀρχῆς</span> <span class='ocrx_word' id='word_1_274' title='bbox 761 3146 859 3216; x_wconf 87' lang='grc' dir='ltr'>μέν</span> <span class='ocrx_word' id='word_1_275' title='bbox 906 3143 1036 3214; x_wconf 90' lang='grc' dir='ltr'>μίαν</span> <span class='ocrx_word' id='word_1_276' title='bbox 1067 3144 1320 3213; x_wconf 87' lang='grc' dir='ltr'>ἐποίησεν</span> <span class='ocrx_word' id='word_1_277' title='bbox 1365 3144 1560 3215; x_wconf 80' lang='grc' dir='ltr'>ἀρχὴν,</span> <span class='ocrx_word' id='word_1_278' title='bbox 1591 3145 1682 3196; x_wconf 89' lang='grc' dir='ltr'>τὸν</span> <span class='ocrx_word' id='word_1_279' title='bbox 1735 3144 1902 3215; x_wconf 87' lang='grc' dir='ltr'>ἀνδρα</span> 
     </span>
    </p>
   </div>
   <div class='ocr_carea' id='block_1_36' title="bbox 329 3224 1903 3299">
    <p class='ocr_par' dir='ltr' id='par_1_36' title="bbox 329 3224 1903 3299">
     <span class='ocr_line' id='line_1_36' title="bbox 329 3224 1903 3299; baseline -0.001 -17"><span class='ocrx_word' id='word_1_280' title='bbox 329 3233 638 3299; x_wconf 77' lang='grc' dir='ltr'>ἐπιστήσας</span> <span class='ocrx_word' id='word_1_281' title='bbox 669 3231 735 3299; x_wconf 82' lang='grc' dir='ltr'>τῇ</span> <span class='ocrx_word' id='word_1_282' title='bbox 766 3226 1014 3296; x_wconf 83' lang='grc' dir='ltr'>γυναικί⁹</span> <span class='ocrx_word' id='word_1_283' title='bbox 1049 3226 1235 3296; x_wconf 78' lang='grc' dir='ltr'>ἐπειδὴ</span> <span class='ocrx_word' id='word_1_284' title='bbox 1261 3225 1317 3280; x_wconf 85' lang='grc' dir='ltr'>δέ</span> <span class='ocrx_word' id='word_1_285' title='bbox 1342 3227 1421 3289; x_wconf 90' lang='grc' dir='ltr'>εἰς</span> <span class='ocrx_word' id='word_1_286' title='bbox 1451 3226 1649 3297; x_wconf 84' lang='grc' dir='ltr'>πολλὴν</span> <span class='ocrx_word' id='word_1_287' title='bbox 1684 3224 1903 3290; x_wconf 79' lang='grc' dir='ltr'>ἐξώκει-</span> 
     </span>
    </p>
   </div>
   <div class='ocr_carea' id='block_1_37' title="bbox 325 3308 1898 3380">
    <p class='ocr_par' dir='ltr' id='par_1_37' title="bbox 325 3308 1898 3380">
     <span class='ocr_line' id='line_1_37' title="bbox 325 3308 1898 3380; baseline -0.003 -13"><span class='ocrx_word' id='word_1_288' title='bbox 325 3312 418 3366; x_wconf 89' lang='grc' dir='ltr'>λεν</span> <span class='ocrx_word' id='word_1_289' title='bbox 456 3311 686 3376; x_wconf 82' lang='grc' dir='ltr'>ἀταξίαν</span> <span class='ocrx_word' id='word_1_290' title='bbox 713 3311 774 3362; x_wconf 79' lang='grc' dir='ltr'>τδ</span> <span class='ocrx_word' id='word_1_291' title='bbox 803 3310 959 3378; x_wconf 87' lang='grc' dir='ltr'>γένος</span> <span class='ocrx_word' id='word_1_292' title='bbox 999 3309 1176 3380; x_wconf 84' lang='grc' dir='ltr'>ήμῶν,</span> <span class='ocrx_word' id='word_1_293' title='bbox 1208 3309 1304 3362; x_wconf 74' lang='grc' dir='ltr'>καὶ</span> <span class='ocrx_word' id='word_1_294' title='bbox 1347 3308 1536 3379; x_wconf 82' lang='grc' dir='ltr'>ἐτέρας</span> <span class='ocrx_word' id='word_1_295' title='bbox 1579 3309 1898 3379; x_wconf 89' lang='grc' dir='ltr'>κατέστησε,</span> 
     </span>
    </p>
   </div>
   <div class='ocr_carea' id='block_1_38' title="bbox 327 3394 1902 3468">
    <p class='ocr_par' dir='ltr' id='par_1_38' title="bbox 327 3394 1902 3468">
     <span class='ocr_line' id='line_1_38' title="bbox 327 3394 1902 3468; baseline -0.004 -15"><span class='ocrx_word' id='word_1_296' title='bbox 327 3401 428 3462; x_wconf 71' lang='grc' dir='ltr'>τὰς</span> <span class='ocrx_word' id='word_1_297' title='bbox 442 3399 552 3452; x_wconf 87' lang='grc' dir='ltr'>τῶν</span> <span class='ocrx_word' id='word_1_298' title='bbox 577 3397 847 3451; x_wconf 85' lang='grc' dir='ltr'>δεσποτῶν</span> <span class='ocrx_word' id='word_1_299' title='bbox 871 3394 1042 3468; x_wconf 77' lang='grc'>[516],</span> <span class='ocrx_word' id='word_1_300' title='bbox 1064 3394 1161 3458; x_wconf 86' lang='grc' dir='ltr'>τάς</span> <span class='ocrx_word' id='word_1_301' title='bbox 1177 3394 1284 3449; x_wconf 88' lang='grc' dir='ltr'>τῶν</span> <span class='ocrx_word' id='word_1_302' title='bbox 1307 3395 1604 3466; x_wconf 61' lang='grc' dir='ltr'>ἀρχόντων</span> <span class='ocrx_word' id='word_1_303' title='bbox 1636 3396 1730 3449; x_wconf 81' lang='grc' dir='ltr'>καὶ</span> <span class='ocrx_word' id='word_1_304' title='bbox 1747 3395 1902 3448; x_wconf 91' lang='grc' dir='ltr'>τοῦτο</span> 
     </span>
    </p>
   </div>
   <div class='ocr_carea' id='block_1_39' title="bbox 328 3471 1902 3545">
    <p class='ocr_par' dir='ltr' id='par_1_39' title="bbox 328 3471 1902 3545">
     <span class='ocr_line' id='line_1_39' title="bbox 328 3471 1902 3545; baseline -0.001 -17"><span class='ocrx_word' id='word_1_305' title='bbox 328 3474 388 3528; x_wconf 80' lang='grc' dir='ltr'>δὲ</span> <span class='ocrx_word' id='word_1_306' title='bbox 416 3476 482 3528; x_wconf 82' lang='grc' dir='ltr'>δι’</span> <span class='ocrx_word' id='word_1_307' title='bbox 509 3477 743 3544; x_wconf 86' lang='grc' dir='ltr'>ἀγάπην,</span> <span class='ocrx_word' id='word_1_308' title='bbox 761 3473 974 3545; x_wconf 83' lang='grc' dir='ltr'>Ἐπειδὴ</span> <span class='ocrx_word' id='word_1_309' title='bbox 1001 3471 1160 3545; x_wconf 81' lang='grc' dir='ltr'>γάρή</span> <span class='ocrx_word' id='word_1_310' title='bbox 1183 3472 1346 3527; x_wconf 86' lang='grc' dir='ltr'>κακία</span> <span class='ocrx_word' id='word_1_311' title='bbox 1377 3473 1678 3528; x_wconf 83' lang='grc' dir='ltr'>διαλυτικὸν</span> <span class='ocrx_word' id='word_1_312' title='bbox 1702 3475 1794 3527; x_wconf 74' lang='grc' dir='ltr'>καί</span> <span class='ocrx_word' id='word_1_313' title='bbox 1811 3475 1902 3526; x_wconf 84' lang='grc' dir='ltr'>ἀν-</span> 
     </span>
    </p>
   </div>
   <div class='ocr_carea' id='block_1_40' title="bbox 331 3555 1903 3628">
    <p class='ocr_par' dir='ltr' id='par_1_40' title="bbox 331 3555 1903 3628">
     <span class='ocr_line' id='line_1_40' title="bbox 331 3555 1903 3628; baseline -0.001 -21"><span class='ocrx_word' id='word_1_314' title='bbox 331 3557 617 3628; x_wconf 73' lang='grc' dir='ltr'>αιρετικὸν</span> <span class='ocrx_word' id='word_1_315' title='bbox 647 3555 800 3626; x_wconf 76' lang='grc' dir='ltr'>ἡμῶν</span> <span class='ocrx_word' id='word_1_316' title='bbox 831 3555 920 3608; x_wconf 86' lang='grc' dir='ltr'>τοῦ</span> <span class='ocrx_word' id='word_1_317' title='bbox 954 3555 1165 3623; x_wconf 87' lang='grc' dir='ltr'>γένους,</span> <span class='ocrx_word' id='word_1_318' title='bbox 1197 3556 1385 3626; x_wconf 83' lang='grc' dir='ltr'>ὥσπερ</span> <span class='ocrx_word' id='word_1_319' title='bbox 1421 3555 1570 3619; x_wconf 83' lang='grc' dir='ltr'>τινάς</span> <span class='ocrx_word' id='word_1_320' title='bbox 1602 3557 1815 3625; x_wconf 79' lang='grc' dir='ltr'>ἰατροὺς</span> <span class='ocrx_word' id='word_1_321' title='bbox 1845 3555 1903 3606; x_wconf 86' lang='grc' dir='ltr'>ἐν</span> 
     </span>
    </p>
   </div>
   <div class='ocr_carea' id='block_1_41' title="bbox 333 3636 1901 3709">
    <p class='ocr_par' dir='ltr' id='par_1_41' title="bbox 333 3636 1901 3709">
     <span class='ocr_line' id='line_1_41' title="bbox 333 3636 1901 3709; baseline -0.003 -17"><span class='ocrx_word' id='word_1_322' title='bbox 333 3639 537 3709; x_wconf 80' lang='grc' dir='ltr'>μέσαις</span> <span class='ocrx_word' id='word_1_323' title='bbox 560 3641 678 3700; x_wconf 86' lang='grc' dir='ltr'>ταῖς</span> <span class='ocrx_word' id='word_1_324' title='bbox 709 3638 919 3690; x_wconf 84' lang='grc' dir='ltr'>πόλεσιν</span> <span class='ocrx_word' id='word_1_325' title='bbox 944 3637 1162 3690; x_wconf 86' lang='grc' dir='ltr'>ἐκάθισε</span> <span class='ocrx_word' id='word_1_326' title='bbox 1191 3639 1316 3700; x_wconf 83' lang='grc' dir='ltr'>τοὺς</span> <span class='ocrx_word' id='word_1_327' title='bbox 1337 3638 1672 3701; x_wconf 79' lang='grc' dir='ltr'>δικάζοντας,</span> <span class='ocrx_word' id='word_1_328' title='bbox 1705 3638 1770 3688; x_wconf 80' lang='grc' dir='ltr'>ἵν’</span> <span class='ocrx_word' id='word_1_329' title='bbox 1792 3636 1901 3689; x_wconf 85' lang='grc' dir='ltr'>ὦσ-</span> 
     </span>
    </p>
   </div>
   <div class='ocr_carea' id='block_1_42' title="bbox 327 3719 1902 3793">
    <p class='ocr_par' dir='ltr' id='par_1_42' title="bbox 327 3719 1902 3793">
     <span class='ocr_line' id='line_1_42' title="bbox 327 3719 1902 3793; baseline -0.003 -18"><span class='ocrx_word' id='word_1_330' title='bbox 327 3740 441 3793; x_wconf 83' lang='grc' dir='ltr'>περ</span> <span class='ocrx_word' id='word_1_331' title='bbox 465 3721 592 3775; x_wconf 85' lang='grc' dir='ltr'>τινά</span> <span class='ocrx_word' id='word_1_332' title='bbox 617 3721 800 3791; x_wconf 68' lang='grc' dir='ltr'>λοιμὸν</span> <span class='ocrx_word' id='word_1_333' title='bbox 820 3720 918 3790; x_wconf 79' lang='grc' dir='ltr'>τῆς</span> <span class='ocrx_word' id='word_1_334' title='bbox 946 3721 1166 3791; x_wconf 77' lang='grc' dir='ltr'>ἀγάπης</span> <span class='ocrx_word' id='word_1_335' title='bbox 1202 3725 1302 3790; x_wconf 81' lang='grc' dir='ltr'>τὴν</span> <span class='ocrx_word' id='word_1_336' title='bbox 1343 3721 1540 3773; x_wconf 87' lang='grc' dir='ltr'>κακίαν</span> <span class='ocrx_word' id='word_1_337' title='bbox 1577 3719 1902 3772; x_wconf 86' lang='grc' dir='ltr'>ἀπελαύνον-</span> 
     </span>
    </p>
   </div>
   <div class='ocr_carea' id='block_1_43' title="bbox 323 3802 1903 3873">
    <p class='ocr_par' dir='ltr' id='par_1_43' title="bbox 323 3802 1903 3873">
     <span class='ocr_line' id='line_1_43' title="bbox 323 3802 1903 3873; baseline -0.002 -16"><span class='ocrx_word' id='word_1_338' title='bbox 323 3822 442 3868; x_wconf 86' lang='grc' dir='ltr'>τες,</span> <span class='ocrx_word' id='word_1_339' title='bbox 484 3804 699 3866; x_wconf 82' lang='grc' dir='ltr'>πάντας</span> <span class='ocrx_word' id='word_1_340' title='bbox 730 3805 807 3866; x_wconf 86' lang='grc' dir='ltr'>εἰς</span> <span class='ocrx_word' id='word_1_341' title='bbox 833 3803 892 3855; x_wconf 81' lang='grc' dir='ltr'>ἐν</span> <span class='ocrx_word' id='word_1_342' title='bbox 934 3805 1333 3872; x_wconf 86' lang='grc' dir='ltr'>συναγάγωσιν.</span> <span class='ocrx_word' id='word_1_343' title='bbox 1378 3803 1495 3857; x_wconf 83' lang='grc' dir='ltr'>’Ὶνα</span> <span class='ocrx_word' id='word_1_344' title='bbox 1525 3803 1582 3855; x_wconf 88' lang='grc' dir='ltr'>δέ</span> <span class='ocrx_word' id='word_1_345' title='bbox 1627 3802 1701 3873; x_wconf 82' lang='grc' dir='ltr'>μὴ</span> <span class='ocrx_word' id='word_1_346' title='bbox 1747 3803 1903 3872; x_wconf 89' lang='grc' dir='ltr'>μόνον</span> 
     </span>
    </p>
   </div>
   <div class='ocr_carea' id='block_1_44' title="bbox 321 3885 1899 3956">
    <p class='ocr_par' dir='ltr' id='par_1_44' title="bbox 321 3885 1899 3956">
     <span class='ocr_line' id='line_1_44' title="bbox 321 3885 1899 3956; baseline -0.002 -16"><span class='ocrx_word' id='word_1_347' title='bbox 321 3889 381 3942; x_wconf 91' lang='grc' dir='ltr'>ἐν</span> <span class='ocrx_word' id='word_1_348' title='bbox 412 3890 540 3950; x_wconf 89' lang='grc' dir='ltr'>ταῖς</span> <span class='ocrx_word' id='word_1_349' title='bbox 567 3887 806 3952; x_wconf 87' lang='grc' dir='ltr'>πόλεσιν,</span> <span class='ocrx_word' id='word_1_350' title='bbox 859 3887 996 3939; x_wconf 89' lang='grc' dir='ltr'>ἀλλά</span> <span class='ocrx_word' id='word_1_351' title='bbox 1027 3886 1120 3940; x_wconf 63' lang='grc' dir='ltr'>καὶ⁵</span> <span class='ocrx_word' id='word_1_352' title='bbox 1167 3888 1226 3940; x_wconf 87' lang='grc' dir='ltr'>ἐν</span> <span class='ocrx_word' id='word_1_353' title='bbox 1270 3887 1470 3956; x_wconf 80' lang='grc' dir='ltr'>ἑκάστῃ</span> <span class='ocrx_word' id='word_1_354' title='bbox 1494 3885 1639 3956; x_wconf 71' lang='grc' dir='ltr'>οἰκία</span> <span class='ocrx_word' id='word_1_355' title='bbox 1676 3885 1840 3955; x_wconf 82' lang='grc' dir='ltr'>πολλή</span> <span class='ocrx_word' id='word_1_356' title='bbox 1867 3887 1899 3956; x_wconf 84' lang='grc' dir='ltr'>ἡ</span> 
     </span>
    </p>
   </div>
   <div class='ocr_carea' id='block_1_45' title="bbox 321 3965 1897 4041">
    <p class='ocr_par' dir='ltr' id='par_1_45' title="bbox 321 3965 1897 4041">
     <span class='ocr_line' id='line_1_45' title="bbox 321 3965 1897 4041; baseline -0.002 -18"><span class='ocrx_word' id='word_1_357' title='bbox 321 3972 551 4039; x_wconf 83' lang='grc' dir='ltr'>ὁμόνοια</span> <span class='ocrx_word' id='word_1_358' title='bbox 578 3965 636 4041; x_wconf 81' lang='grc' dir='ltr'>ᾗ,</span> <span class='ocrx_word' id='word_1_359' title='bbox 670 3969 758 4022; x_wconf 78' lang='grc' dir='ltr'>τὸν</span> <span class='ocrx_word' id='word_1_360' title='bbox 793 3968 891 4036; x_wconf 81' lang='grc' dir='ltr'>μὲν</span> <span class='ocrx_word' id='word_1_361' title='bbox 930 3969 1096 4038; x_wconf 83' lang='grc' dir='ltr'>ἄνδρα</span> <span class='ocrx_word' id='word_1_362' title='bbox 1137 3971 1201 4039; x_wconf 80' lang='grc' dir='ltr'>τῇ</span> <span class='ocrx_word' id='word_1_363' title='bbox 1240 3970 1380 4039; x_wconf 79' lang='grc' dir='ltr'>ἀρχῇ</span> <span class='ocrx_word' id='word_1_364' title='bbox 1414 3969 1506 4021; x_wconf 78' lang='grc' dir='ltr'>καὶ</span> <span class='ocrx_word' id='word_1_365' title='bbox 1547 3971 1612 4039; x_wconf 81' lang='grc' dir='ltr'>τῇ</span> <span class='ocrx_word' id='word_1_366' title='bbox 1659 3969 1897 4038; x_wconf 89' lang='grc' dir='ltr'>ὑπεροχῇ</span> 
     </span>
    </p>
   </div>
   <div class='ocr_carea' id='block_1_46' title="bbox 320 4049 1898 4124">
    <p class='ocr_par' dir='ltr' id='par_1_46' title="bbox 320 4049 1898 4124">
     <span class='ocr_line' id='line_1_46' title="bbox 320 4049 1898 4124; baseline 0 -20"><span class='ocrx_word' id='word_1_367' title='bbox 320 4054 590 4124; x_wconf 82' lang='grc' dir='ltr'>τιμήσας,</span> <span class='ocrx_word' id='word_1_368' title='bbox 638 4052 738 4121; x_wconf 80' lang='grc' dir='ltr'>τὴν</span> <span class='ocrx_word' id='word_1_369' title='bbox 772 4051 829 4104; x_wconf 83' lang='grc' dir='ltr'>δὲ</span> <span class='ocrx_word' id='word_1_370' title='bbox 882 4055 1114 4119; x_wconf 88' lang='grc' dir='ltr'>γυναῖκα</span> <span class='ocrx_word' id='word_1_371' title='bbox 1151 4055 1216 4121; x_wconf 83' lang='grc' dir='ltr'>τῇ</span> <span class='ocrx_word' id='word_1_372' title='bbox 1247 4051 1508 4121; x_wconf 78' lang='grc' dir='ltr'>ἐπιθυμίᾳ</span> <span class='ocrx_word' id='word_1_373' title='bbox 1545 4049 1898 4116; x_wconf 87' lang='grc' dir='ltr'>καθοπλίσας,</span> 
     </span>
    </p>
   </div>
   <div class='ocr_carea' id='block_1_47' title="bbox 321 4132 1902 4204">
    <p class='ocr_par' dir='ltr' id='par_1_47' title="bbox 321 4132 1902 4204">
     <span class='ocr_line' id='line_1_47' title="bbox 321 4132 1902 4204; baseline -0.001 -16"><span class='ocrx_word' id='word_1_374' title='bbox 321 4135 501 4188; x_wconf 77' lang='grc' dir='ltr'>καὶτὸ</span> <span class='ocrx_word' id='word_1_375' title='bbox 533 4135 634 4204; x_wconf 83' lang='grc' dir='ltr'>τῆς</span> <span class='ocrx_word' id='word_1_376' title='bbox 679 4132 1020 4197; x_wconf 89' lang='grc' dir='ltr'>παιδοποιίας</span> <span class='ocrx_word' id='word_1_377' title='bbox 1054 4134 1110 4186; x_wconf 87' lang='grc' dir='ltr'>δὲ</span> <span class='ocrx_word' id='word_1_378' title='bbox 1139 4133 1307 4204; x_wconf 86' lang='grc' dir='ltr'>δῶρον</span> <span class='ocrx_word' id='word_1_379' title='bbox 1338 4135 1417 4195; x_wconf 88' lang='grc' dir='ltr'>εἰς</span> <span class='ocrx_word' id='word_1_380' title='bbox 1459 4133 1619 4202; x_wconf 87' lang='grc' dir='ltr'>μέσον</span> <span class='ocrx_word' id='word_1_381' title='bbox 1657 4132 1902 4204; x_wconf 86' lang='grc' dir='ltr'>ἀμφοτέ-</span> 
     </span>
    </p>
   </div>
   <div class='ocr_carea' id='block_1_48' title="bbox 322 4214 1904 4288">
    <p class='ocr_par' dir='ltr' id='par_1_48' title="bbox 322 4214 1904 4288">
     <span class='ocr_line' id='line_1_48' title="bbox 322 4214 1904 4288; baseline -0.001 -18"><span class='ocrx_word' id='word_1_382' title='bbox 322 4235 443 4288; x_wconf 89' lang='grc' dir='ltr'>ροις</span> <span class='ocrx_word' id='word_1_383' title='bbox 475 4216 764 4280; x_wconf 69' lang='grc' dir='ltr'>καταθεὶς,</span> <span class='ocrx_word' id='word_1_384' title='bbox 791 4216 884 4271; x_wconf 77' lang='grc' dir='ltr'>καὶ</span> <span class='ocrx_word' id='word_1_385' title='bbox 901 4215 1065 4286; x_wconf 75' lang='grc' dir='ltr'>ἕτερα</span> <span class='ocrx_word' id='word_1_386' title='bbox 1093 4216 1229 4286; x_wconf 86' lang='grc' dir='ltr'>μετὰ</span> <span class='ocrx_word' id='word_1_387' title='bbox 1254 4214 1457 4268; x_wconf 89' lang='grc' dir='ltr'>τούτων</span> <span class='ocrx_word' id='word_1_388' title='bbox 1484 4217 1773 4284; x_wconf 87' lang='grc' dir='ltr'>συναγωγά</span> <span class='ocrx_word' id='word_1_389' title='bbox 1805 4215 1904 4285; x_wconf 80' lang='grc' dir='ltr'>τῆς</span> 
     </span>
    </p>
   </div>
   <div class='ocr_carea' id='block_1_49' title="bbox 316 4297 1904 4373">
    <p class='ocr_par' dir='ltr' id='par_1_49' title="bbox 316 4297 1904 4373">
     <span class='ocr_line' id='line_1_49' title="bbox 316 4297 1904 4373; baseline -0.003 -18"><span class='ocrx_word' id='word_1_390' title='bbox 316 4301 552 4373; x_wconf 78' lang='grc' dir='ltr'>ἀγάπης</span> <span class='ocrx_word' id='word_1_391' title='bbox 604 4299 1026 4354; x_wconf 83' lang='grc' dir='ltr'>κατεσκεύασεν.</span> <span class='ocrx_word' id='word_1_392' title='bbox 1071 4299 1207 4352; x_wconf 78' lang='grc' dir='ltr'>Οῠτε</span> <span class='ocrx_word' id='word_1_393' title='bbox 1251 4297 1360 4368; x_wconf 82' lang='grc' dir='ltr'>γάρ</span> <span class='ocrx_word' id='word_1_394' title='bbox 1409 4297 1587 4352; x_wconf 89' lang='grc' dir='ltr'>πάντα</span> <span class='ocrx_word' id='word_1_395' title='bbox 1639 4298 1904 4369; x_wconf 77' lang='grc' dir='ltr'>ἐπέτρεψε</span> 
     </span>
    </p>
   </div>
   <div class='ocr_carea' id='block_1_50' title="bbox 318 4379 1904 4456">
    <p class='ocr_par' dir='ltr' id='par_1_50' title="bbox 318 4379 1904 4456">
     <span class='ocr_line' id='line_1_50' title="bbox 318 4379 1904 4456; baseline -0.003 -20"><span class='ocrx_word' id='word_1_396' title='bbox 318 4385 397 4455; x_wconf 84' lang='grc' dir='ltr'>τῷ</span> <span class='ocrx_word' id='word_1_397' title='bbox 442 4384 631 4456; x_wconf 76' lang='grc' dir='ltr'>ἀνδρὶ,</span> <span class='ocrx_word' id='word_1_398' title='bbox 666 4382 788 4436; x_wconf 74' lang='grc' dir='ltr'>οὔτε</span> <span class='ocrx_word' id='word_1_399' title='bbox 837 4383 1014 4436; x_wconf 89' lang='grc' dir='ltr'>πάντα</span> <span class='ocrx_word' id='word_1_400' title='bbox 1052 4384 1118 4452; x_wconf 76' lang='grc' dir='ltr'>τῇ</span> <span class='ocrx_word' id='word_1_401' title='bbox 1149 4382 1386 4450; x_wconf 72' lang='grc' dir='ltr'>γυναικὶ,</span> <span class='ocrx_word' id='word_1_402' title='bbox 1425 4379 1561 4434; x_wconf 87' lang='grc' dir='ltr'>ἀλλά</span> <span class='ocrx_word' id='word_1_403' title='bbox 1597 4382 1690 4433; x_wconf 73' lang='grc' dir='ltr'>καὶ</span> <span class='ocrx_word' id='word_1_404' title='bbox 1731 4380 1904 4433; x_wconf 88' lang='grc' dir='ltr'>ταῦτα</span> 
     </span>
    </p>
   </div>
   <div class='ocr_carea' id='block_1_51' title="bbox 319 4463 1904 4537">
    <p class='ocr_par' dir='ltr' id='par_1_51' title="bbox 319 4463 1904 4537">
     <span class='ocr_line' id='line_1_51' title="bbox 319 4463 1904 4537; baseline -0.003 -17"><span class='ocrx_word' id='word_1_405' title='bbox 319 4468 521 4523; x_wconf 72' lang='grc' dir='ltr'>διεῖλεν</span> <span class='ocrx_word' id='word_1_406' title='bbox 570 4468 818 4537; x_wconf 82' lang='grc' dir='ltr'>ἑκάστῳ,</span> <span class='ocrx_word' id='word_1_407' title='bbox 855 4469 922 4537; x_wconf 71' lang='grc' dir='ltr'>τῇ</span> <span class='ocrx_word' id='word_1_408' title='bbox 962 4466 1060 4536; x_wconf 90' lang='grc' dir='ltr'>μέν</span> <span class='ocrx_word' id='word_1_409' title='bbox 1087 4465 1186 4536; x_wconf 81' lang='grc' dir='ltr'>τὴν</span> <span class='ocrx_word' id='word_1_410' title='bbox 1212 4464 1408 4530; x_wconf 87' lang='grc' dir='ltr'>οἰκίαν,</span> <span class='ocrx_word' id='word_1_411' title='bbox 1445 4463 1522 4534; x_wconf 81' lang='grc' dir='ltr'>τῷ</span> <span class='ocrx_word' id='word_1_412' title='bbox 1561 4463 1616 4516; x_wconf 83' lang='grc' dir='ltr'>δὲ</span> <span class='ocrx_word' id='word_1_413' title='bbox 1647 4463 1743 4534; x_wconf 80' lang='grc' dir='ltr'>τὴν</span> <span class='ocrx_word' id='word_1_414' title='bbox 1776 4464 1904 4532; x_wconf 86' lang='grc' dir='ltr'>ἀγο-</span> 
     </span>
    </p>
   </div>
   <div class='ocr_carea' id='block_1_52' title="bbox 322 4546 1902 4622">
    <p class='ocr_par' dir='ltr' id='par_1_52' title="bbox 322 4546 1902 4622">
     <span class='ocr_line' id='line_1_52' title="bbox 322 4546 1902 4622; baseline -0.004 -18"><span class='ocrx_word' id='word_1_415' title='bbox 322 4552 427 4620; x_wconf 83' lang='grc' dir='ltr'>ράν</span> <span class='ocrx_word' id='word_1_416' title='bbox 451 4551 798 4622; x_wconf 84' lang='grc' dir='ltr'>ἐγχειρίσας,</span> <span class='ocrx_word' id='word_1_417' title='bbox 814 4550 911 4604; x_wconf 73' lang='grc' dir='ltr'>καὶ</span> <span class='ocrx_word' id='word_1_418' title='bbox 933 4548 1012 4619; x_wconf 86' lang='grc' dir='ltr'>τῷ</span> <span class='ocrx_word' id='word_1_419' title='bbox 1037 4549 1135 4620; x_wconf 87' lang='grc' dir='ltr'>μὲν</span> <span class='ocrx_word' id='word_1_420' title='bbox 1165 4548 1225 4601; x_wconf 87' lang='grc' dir='ltr'>τὸ</span> <span class='ocrx_word' id='word_1_421' title='bbox 1247 4547 1485 4618; x_wconf 82' lang='grc' dir='ltr'>τρέφειν,</span> <span class='ocrx_word' id='word_1_422' title='bbox 1510 4550 1741 4617; x_wconf 87' lang='grc' dir='ltr'>γεωργεῖ</span> <span class='ocrx_word' id='word_1_423' title='bbox 1761 4546 1868 4616; x_wconf 87' lang='grc' dir='ltr'>γάρ</span> <span class='ocrx_word' id='word_1_424' title='bbox 1886 4563 1902 4577; x_wconf 86' lang='grc'>·</span> 
     </span>
    </p>
   </div>
   <div class='ocr_carea' id='block_1_53' title="bbox 316 4631 1907 4707">
    <p class='ocr_par' dir='ltr' id='par_1_53' title="bbox 316 4631 1907 4707">
     <span class='ocr_line' id='line_1_53' title="bbox 316 4631 1907 4707; baseline -0.004 -19"><span class='ocrx_word' id='word_1_425' title='bbox 316 4639 386 4707; x_wconf 78' lang='grc' dir='ltr'>τῇ</span> <span class='ocrx_word' id='word_1_426' title='bbox 408 4637 470 4690; x_wconf 84' lang='grc' dir='ltr'>δὲ</span> <span class='ocrx_word' id='word_1_427' title='bbox 497 4639 563 4690; x_wconf 77' lang='grc' dir='ltr'>τὸ</span> <span class='ocrx_word' id='word_1_428' title='bbox 592 4652 658 4688; x_wconf 84' lang='grc' dir='ltr'>πε</span> <span class='ocrx_word' id='word_1_429' title='bbox 669 4634 958 4705; x_wconf 86' lang='grc' dir='ltr'>ριϐάλλειν,</span> <span class='ocrx_word' id='word_1_430' title='bbox 987 4633 1129 4697; x_wconf 84' lang='grc' dir='ltr'>ἰστὸς</span> <span class='ocrx_word' id='word_1_431' title='bbox 1156 4633 1263 4703; x_wconf 86' lang='grc' dir='ltr'>γάρ</span> <span class='ocrx_word' id='word_1_432' title='bbox 1294 4633 1388 4686; x_wconf 75' lang='grc' dir='ltr'>καὶ</span> <span class='ocrx_word' id='word_1_433' title='bbox 1414 4631 1656 4701; x_wconf 75' lang='grc' dir='ltr'>ἠλακάτη</span> <span class='ocrx_word' id='word_1_434' title='bbox 1688 4631 1788 4700; x_wconf 83' lang='grc' dir='ltr'>τῆς</span> <span class='ocrx_word' id='word_1_435' title='bbox 1809 4647 1907 4699; x_wconf 85' lang='grc' dir='ltr'>γυ-</span> 
     </span>
    </p>
   </div>
   <div class='ocr_carea' id='block_1_54' title="bbox 320 4716 1906 4788">
    <p class='ocr_par' dir='ltr' id='par_1_54' title="bbox 320 4716 1906 4788">
     <span class='ocr_line' id='line_1_54' title="bbox 320 4716 1906 4788; baseline -0.004 -14"><span class='ocrx_word' id='word_1_436' title='bbox 320 4721 531 4783; x_wconf 88' lang='grc' dir='ltr'>ναικός·</span> <span class='ocrx_word' id='word_1_437' title='bbox 570 4719 741 4782; x_wconf 85' lang='grc' dir='ltr'>αὐτὸς</span> <span class='ocrx_word' id='word_1_438' title='bbox 768 4717 876 4788; x_wconf 89' lang='grc' dir='ltr'>γὰρ</span> <span class='ocrx_word' id='word_1_439' title='bbox 909 4718 1075 4772; x_wconf 80' lang='grc' dir='ltr'>ἔδωκε</span> <span class='ocrx_word' id='word_1_440' title='bbox 1107 4719 1173 4787; x_wconf 84' lang='grc' dir='ltr'>τῇ</span> <span class='ocrx_word' id='word_1_441' title='bbox 1207 4717 1424 4785; x_wconf 81' lang='grc' dir='ltr'>γυναικὶ</span> <span class='ocrx_word' id='word_1_442' title='bbox 1460 4716 1775 4786; x_wconf 79' lang='grc' dir='ltr'>ὑφάσματος</span> <span class='ocrx_word' id='word_1_443' title='bbox 1818 4732 1906 4768; x_wconf 80' lang='grc' dir='ltr'>σο-</span> 
     </span>
    </p>
   </div>
   <div class='ocr_carea' id='block_1_55' title="bbox 321 4801 1906 4872">
    <p class='ocr_par' dir='ltr' id='par_1_55' title="bbox 321 4801 1906 4872">
     <span class='ocr_line' id='line_1_55' title="bbox 321 4801 1906 4872; baseline -0.003 -16"><span class='ocrx_word' id='word_1_444' title='bbox 321 4803 472 4871; x_wconf 84' lang='grc' dir='ltr'>φίαν.</span> <span class='ocrx_word' id='word_1_445' title='bbox 534 4802 682 4857; x_wconf 87' lang='grc' dir='ltr'>Ἀλλ’</span> <span class='ocrx_word' id='word_1_446' title='bbox 735 4802 987 4855; x_wconf 86' lang='grc' dir='ltr'>ἀπόλοιτο</span> <span class='ocrx_word' id='word_1_447' title='bbox 1037 4803 1070 4871; x_wconf 82' lang='grc' dir='ltr'><strong>ἡ</strong></span> <span class='ocrx_word' id='word_1_448' title='bbox 1122 4801 1472 4872; x_wconf 83' lang='grc' dir='ltr'>φιλαργυρία,</span> <span class='ocrx_word' id='word_1_449' title='bbox 1525 4801 1624 4853; x_wconf 82' lang='grc' dir='ltr'>οὐκ</span> <span class='ocrx_word' id='word_1_450' title='bbox 1685 4801 1906 4868; x_wconf 85' lang='grc' dir='ltr'>ἀφιεῖσα</span> 
     </span>
    </p>
   </div>
   <div class='ocr_carea' id='block_1_56' title="bbox 321 4883 1906 4957">
    <p class='ocr_par' dir='ltr' id='par_1_56' title="bbox 321 4883 1906 4957">
     <span class='ocr_line' id='line_1_56' title="bbox 321 4883 1906 4957; baseline -0.002 -19"><span class='ocrx_word' id='word_1_451' title='bbox 321 4887 530 4957; x_wconf 84' lang='grc' dir='ltr'>ταύτην</span> <span class='ocrx_word' id='word_1_452' title='bbox 583 4885 871 4954; x_wconf 85' lang='grc' dir='ltr'>φαίνεσθαι</span> <span class='ocrx_word' id='word_1_453' title='bbox 914 4884 1011 4955; x_wconf 81' lang='grc' dir='ltr'>τὴν</span> <span class='ocrx_word' id='word_1_454' title='bbox 1069 4884 1358 4952; x_wconf 84' lang='grc' dir='ltr'>διάκρισιν.</span> <span class='ocrx_word' id='word_1_455' title='bbox 1432 4885 1493 4936; x_wconf 85' lang='grc' dir='ltr'>Ἠ</span> <span class='ocrx_word' id='word_1_456' title='bbox 1525 4886 1634 4953; x_wconf 90' lang='grc' dir='ltr'>γάρ</span> <span class='ocrx_word' id='word_1_457' title='bbox 1683 4883 1906 4952; x_wconf 86' lang='grc' dir='ltr'>βλακεία</span> 
     </span>
    </p>
   </div>
   <div class='ocr_carea' id='block_1_57' title="bbox 319 4965 1908 5036">
    <p class='ocr_par' dir='ltr' id='par_1_57' title="bbox 319 4965 1908 5036">
     <span class='ocr_line' id='line_1_57' title="bbox 319 4965 1908 5036; baseline -0.002 -15"><span class='ocrx_word' id='word_1_458' title='bbox 319 4970 430 5022; x_wconf 86' lang='grc' dir='ltr'>τῶν</span> <span class='ocrx_word' id='word_1_459' title='bbox 472 4969 696 5023; x_wconf 81' lang='grc' dir='ltr'>πολλῶν</span> <span class='ocrx_word' id='word_1_460' title='bbox 754 4967 850 5021; x_wconf 65' lang='grc' dir='ltr'>καὶ⁵</span> <span class='ocrx_word' id='word_1_461' title='bbox 886 4967 1011 5028; x_wconf 82' lang='grc' dir='ltr'>τοὺς</span> <span class='ocrx_word' id='word_1_462' title='bbox 1038 4965 1235 5036; x_wconf 85' lang='grc' dir='ltr'>ἀνδρας</span> <span class='ocrx_word' id='word_1_463' title='bbox 1263 4967 1341 5027; x_wconf 89' lang='grc' dir='ltr'>εἰς</span> <span class='ocrx_word' id='word_1_464' title='bbox 1369 4967 1492 5030; x_wconf 84' lang='grc' dir='ltr'>τοὺς</span> <span class='ocrx_word' id='word_1_465' title='bbox 1519 4967 1697 5028; x_wconf 78' lang='grc' dir='ltr'>ἱστοὺς</span> <span class='ocrx_word' id='word_1_466' title='bbox 1723 4968 1908 5019; x_wconf 88' lang='grc' dir='ltr'>ἐπεισ-</span> 
     </span>
    </p>
   </div>
   <div class='ocr_carea' id='block_1_58' title="bbox 320 5047 1907 5123">
    <p class='ocr_par' dir='ltr' id='par_1_58' title="bbox 320 5047 1907 5123">
     <span class='ocr_line' id='line_1_58' title="bbox 320 5047 1907 5123; baseline -0.002 -18"><span class='ocrx_word' id='word_1_467' title='bbox 320 5055 525 5123; x_wconf 86' lang='grc' dir='ltr'>ήγαγε,</span> <span class='ocrx_word' id='word_1_468' title='bbox 553 5053 656 5106; x_wconf 74' lang='grc' dir='ltr'>καὶ</span> <span class='ocrx_word' id='word_1_469' title='bbox 677 5049 933 5118; x_wconf 85' lang='grc' dir='ltr'>κερκίδας</span> <span class='ocrx_word' id='word_1_470' title='bbox 956 5048 1138 5110; x_wconf 88' lang='grc' dir='ltr'>αὐτοῖς</span> <span class='ocrx_word' id='word_1_471' title='bbox 1154 5048 1447 5118; x_wconf 82' lang='grc' dir='ltr'>ἐνεχείρισε</span> <span class='ocrx_word' id='word_1_472' title='bbox 1477 5047 1569 5100; x_wconf 78' lang='grc' dir='ltr'>καὶ</span> <span class='ocrx_word' id='word_1_473' title='bbox 1587 5048 1792 5119; x_wconf 81' lang='grc' dir='ltr'>κρόκην</span> <span class='ocrx_word' id='word_1_474' title='bbox 1814 5051 1907 5102; x_wconf 77' lang='grc' dir='ltr'>καὶ</span> 
     </span>
    </p>
   </div>
   <div class='ocr_carea' id='block_1_59' title="bbox 323 5128 1908 5205">
    <p class='ocr_par' dir='ltr' id='par_1_59' title="bbox 323 5128 1908 5205">
     <span class='ocr_line' id='line_1_59' title="bbox 323 5128 1908 5205; baseline -0.001 -17"><span class='ocrx_word' id='word_1_475' title='bbox 323 5137 632 5205; x_wconf 84' lang='grc' dir='ltr'>στήμονας.</span> <span class='ocrx_word' id='word_1_476' title='bbox 677 5131 820 5184; x_wconf 85' lang='grc' dir='ltr'>Ἀλλ’</span> <span class='ocrx_word' id='word_1_477' title='bbox 854 5132 1002 5200; x_wconf 75' lang='grc' dir='ltr'>ὅμως</span> <span class='ocrx_word' id='word_1_478' title='bbox 1030 5130 1123 5182; x_wconf 73' lang='grc' dir='ltr'>καὶ</span> <span class='ocrx_word' id='word_1_479' title='bbox 1152 5128 1295 5182; x_wconf 72' lang='grc' dir='ltr'>οὕτω</span> <span class='ocrx_word' id='word_1_480' title='bbox 1318 5129 1607 5199; x_wconf 86' lang='grc' dir='ltr'>διαλάμπει</span> <span class='ocrx_word' id='word_1_481' title='bbox 1637 5131 1735 5200; x_wconf 85' lang='grc' dir='ltr'>τῆς</span> <span class='ocrx_word' id='word_1_482' title='bbox 1758 5133 1908 5196; x_wconf 89' lang='grc' dir='ltr'>θείας</span> 
     </span>
    </p>
   </div>
   <div class='ocr_carea' id='block_1_60' title="bbox 320 5211 1906 5286">
    <p class='ocr_par' dir='ltr' id='par_1_60' title="bbox 320 5211 1906 5286">
     <span class='ocr_line' id='line_1_60' title="bbox 320 5211 1906 5286; baseline -0.001 -17"><span class='ocrx_word' id='word_1_483' title='bbox 320 5218 647 5286; x_wconf 82' lang='grc' dir='ltr'>οἰκονομίας</span> <span class='ocrx_word' id='word_1_484' title='bbox 680 5216 712 5285; x_wconf 90' lang='grc' dir='ltr'>ή</span> <span class='ocrx_word' id='word_1_485' title='bbox 750 5214 998 5284; x_wconf 87' lang='grc' dir='ltr'>πρόνοια.</span> <span class='ocrx_word' id='word_1_486' title='bbox 1034 5212 1144 5265; x_wconf 71' lang='grc' dir='ltr'>Καὶ</span> <span class='ocrx_word' id='word_1_487' title='bbox 1172 5211 1280 5282; x_wconf 86' lang='lat'>7&amp;9</span> <span class='ocrx_word' id='word_1_488' title='bbox 1311 5211 1407 5263; x_wconf 71' lang='grc' dir='ltr'>καὶ</span> <span class='ocrx_word' id='word_1_489' title='bbox 1432 5213 1529 5281; x_wconf 80' lang='grc' dir='ltr'>τῆς</span> <span class='ocrx_word' id='word_1_490' title='bbox 1563 5213 1821 5280; x_wconf 79' lang='grc' dir='ltr'>γυναικὸς</span> <span class='ocrx_word' id='word_1_491' title='bbox 1850 5217 1906 5268; x_wconf 89' lang='grc' dir='ltr'>ἐν</span> 
     </span>
    </p>
   </div>
   <div class='ocr_carea' id='block_1_61' title="bbox 321 5294 1908 5364">
    <p class='ocr_par' dir='ltr' id='par_1_61' title="bbox 321 5294 1908 5364">
     <span class='ocr_line' id='line_1_61' title="bbox 321 5294 1908 5364; baseline -0.002 -12"><span class='ocrx_word' id='word_1_492' title='bbox 321 5300 508 5362; x_wconf 85' lang='grc' dir='ltr'>ἄλλοις</span> <span class='ocrx_word' id='word_1_493' title='bbox 560 5296 1014 5364; x_wconf 84' lang='grc' dir='ltr'>ἀναγκαιοτέροις</span> <span class='ocrx_word' id='word_1_494' title='bbox 1071 5294 1275 5362; x_wconf 81' lang='grc' dir='ltr'>σφόδρα</span> <span class='ocrx_word' id='word_1_495' title='bbox 1331 5294 1597 5362; x_wconf 84' lang='grc' dir='ltr'>δεόμεθα,</span> <span class='ocrx_word' id='word_1_496' title='bbox 1650 5297 1743 5348; x_wconf 73' lang='grc' dir='ltr'>καὶ</span> <span class='ocrx_word' id='word_1_497' title='bbox 1800 5297 1908 5349; x_wconf 85' lang='grc' dir='ltr'>τῶν</span> 
     </span>
    </p>
   </div>
   <div class='ocr_carea' id='block_1_62' title="bbox 322 5375 1905 5449">
    <p class='ocr_par' dir='ltr' id='par_1_62' title="bbox 322 5375 1905 5449">
     <span class='ocr_line' id='line_1_62' title="bbox 322 5375 1905 5449; baseline 0 -18"><span class='ocrx_word' id='word_1_498' title='bbox 322 5381 636 5435; x_wconf 78' lang='grc' dir='ltr'>ἐλαττόνων</span> <span class='ocrx_word' id='word_1_499' title='bbox 653 5381 711 5431; x_wconf 91' lang='grc' dir='ltr'>ἐν</span> <span class='ocrx_word' id='word_1_500' title='bbox 736 5382 846 5440; x_wconf 89' lang='grc' dir='ltr'>τοῖς</span> <span class='ocrx_word' id='word_1_501' title='bbox 875 5378 1152 5446; x_wconf 84' lang='grc' dir='ltr'>συνέχουσι</span> <span class='ocrx_word' id='word_1_502' title='bbox 1175 5376 1264 5428; x_wconf 73' lang='grc' dir='ltr'>τὸν</span> <span class='ocrx_word' id='word_1_503' title='bbox 1287 5375 1397 5445; x_wconf 87' lang='grc' dir='ltr'>βίον</span> <span class='ocrx_word' id='word_1_504' title='bbox 1430 5376 1585 5446; x_wconf 87' lang='grc' dir='ltr'>ήμῶν</span> <span class='ocrx_word' id='word_1_505' title='bbox 1606 5377 1876 5449; x_wconf 75' lang='grc' dir='ltr'>χρῄζομεν</span> <span class='ocrx_word' id='word_1_506' title='bbox 1893 5398 1905 5409; x_wconf 92' lang='grc'><strong>·</strong></span> 
     </span>
    </p>
   </div>
   <div class='ocr_carea' id='block_1_63' title="bbox 323 5460 1908 5535">
    <p class='ocr_par' dir='ltr' id='par_1_63' title="bbox 323 5460 1908 5535">
     <span class='ocr_line' id='line_1_63' title="bbox 323 5460 1908 5535; baseline -0.002 -17"><span class='ocrx_word' id='word_1_507' title='bbox 323 5469 422 5519; x_wconf 70' lang='grc' dir='ltr'>καὶ</span> <span class='ocrx_word' id='word_1_508' title='bbox 455 5464 709 5535; x_wconf 84' lang='grc' dir='ltr'>τοσαύτη</span> <span class='ocrx_word' id='word_1_509' title='bbox 761 5463 865 5533; x_wconf 85' lang='grc' dir='ltr'>τῆς</span> <span class='ocrx_word' id='word_1_510' title='bbox 900 5462 1088 5533; x_wconf 83' lang='grc' dir='ltr'>χρείας</span> <span class='ocrx_word' id='word_1_511' title='bbox 1121 5460 1268 5512; x_wconf 81' lang='grc' dir='ltr'>ἐστὶν</span> <span class='ocrx_word' id='word_1_512' title='bbox 1317 5463 1350 5528; x_wconf 89' lang='grc' dir='ltr'>ή</span> <span class='ocrx_word' id='word_1_513' title='bbox 1391 5461 1626 5531; x_wconf 87' lang='grc' dir='ltr'>ἀνάγκη,</span> <span class='ocrx_word' id='word_1_514' title='bbox 1677 5464 1758 5514; x_wconf 86' lang='grc' dir='ltr'>ὅτι</span> <span class='ocrx_word' id='word_1_515' title='bbox 1809 5463 1908 5516; x_wconf 70' lang='grc' dir='ltr'>κᾶν</span> 
     </span>
    </p>
   </div>
   <div class='ocr_carea' id='block_1_64' title="bbox 325 5539 1908 5616">
    <p class='ocr_par' dir='ltr' id='par_1_64' title="bbox 325 5539 1908 5616">
     <span class='ocr_line' id='line_1_64' title="bbox 325 5539 1908 5616; baseline -0.004 -15"><span class='ocrx_word' id='word_1_516' title='bbox 325 5551 552 5601; x_wconf 73' lang='grc' dir='ltr'>πάντων</span> <span class='ocrx_word' id='word_1_517' title='bbox 600 5546 904 5616; x_wconf 85' lang='grc' dir='ltr'>ἀνθρώπων</span> <span class='ocrx_word' id='word_1_518' title='bbox 965 5542 1359 5612; x_wconf 76' lang='grc' dir='ltr'>πλουσιώτερος</span> <span class='ocrx_word' id='word_1_519' title='bbox 1465 5560 1566 5607; x_wconf 85' lang='grc' dir='ltr'>τις,</span> <span class='ocrx_word' id='word_1_520' title='bbox 1614 5543 1732 5596; x_wconf 86' lang='grc' dir='ltr'>ούδέ</span> <span class='ocrx_word' id='word_1_521' title='bbox 1768 5543 1908 5596; x_wconf 74' lang='grc' dir='ltr'>οὔτω</span> 
     </span>
    </p>
   </div>
   <div class='ocr_carea' id='block_1_65' title="bbox 390 5701 978 5765">
    <p class='ocr_par' dir='ltr' id='par_1_65' title="bbox 390 5701 978 5765">
     <span class='ocr_line' id='line_1_65' title="bbox 390 5701 978 5765; baseline -0.02 -8"><span class='ocrx_word' id='word_1_522' title='bbox 390 5710 415 5740; x_wconf 75' lang='grc'><strong><em>⁸</em></strong></span> <span class='ocrx_word' id='word_1_523' title='bbox 437 5703 562 5765; x_wconf 73' lang='lat' dir='ltr'>Alii,</span> <span class='ocrx_word' id='word_1_524' title='bbox 608 5701 978 5751; x_wconf 69' lang='grc' dir='ltr'>κατεσκεύασεν.</span> 
     </span>
    </p>
   </div>
   <div class='ocr_carea' id='block_1_66' title="bbox 1351 310 2615 368">
    <p class='ocr_par' dir='ltr' id='par_1_66' title="bbox 1351 310 2615 368">
     <span class='ocr_line' id='line_1_66' title="bbox 1351 310 2615 368; baseline 0.002 -4"><span class='ocrx_word' id='word_1_525' title='bbox 1351 312 1414 366; x_wconf 83' lang='grc' dir='ltr'>ΙΝ</span> <span class='ocrx_word' id='word_1_526' title='bbox 1458 311 1676 368; x_wconf 83' lang='lat' dir='ltr'>EPIST.</span> <span class='ocrx_word' id='word_1_527' title='bbox 1715 312 1734 366; x_wconf 92' lang='lat' dir='ltr'><strong>l</strong></span> <span class='ocrx_word' id='word_1_528' title='bbox 1771 310 1862 366; x_wconf 77' lang='lat' dir='ltr'>AD</span> <span class='ocrx_word' id='word_1_529' title='bbox 1901 311 2056 366; x_wconf 78' lang='lat' dir='ltr'>COR.</span> <span class='ocrx_word' id='word_1_530' title='bbox 2102 313 2336 368; x_wconf 76' lang='grc' dir='ltr'>ΙΙΟΜΙΙ..</span> <span class='ocrx_word' id='word_1_531' title='bbox 2382 313 2615 368; x_wconf 70' lang='lat' dir='ltr'>XXXIV.</span> 
     </span>
    </p>
   </div>
   <div class='ocr_carea' id='block_1_67' title="bbox 3463 320 3566 372">
    <p class='ocr_par' dir='ltr' id='par_1_67' title="bbox 3463 320 3566 372">
     <span class='ocr_line' id='line_1_67' title="bbox 3463 320 3566 372; baseline 0.019 -2"><span class='ocrx_word' id='word_1_532' title='bbox 3463 320 3566 372; x_wconf 69' lang='lat'>299.</span> 
     </span>
    </p>
   </div>
   <div class='ocr_carea' id='block_1_68' title="bbox 2011 422 3564 495">
    <p class='ocr_par' dir='ltr' id='par_1_68' title="bbox 2011 422 3564 495">
     <span class='ocr_line' id='line_1_68' title="bbox 2011 422 3564 495; baseline 0.006 -21"><span class='ocrx_word' id='word_1_533' title='bbox 2011 422 2211 494; x_wconf 86' lang='grc' dir='ltr'>ταύτης</span> <span class='ocrx_word' id='word_1_534' title='bbox 2246 425 2589 495; x_wconf 77' lang='grc' dir='ltr'>ἀπήλλακται</span> <span class='ocrx_word' id='word_1_535' title='bbox 2619 425 2717 494; x_wconf 79' lang='grc' dir='ltr'>τῆς</span> <span class='ocrx_word' id='word_1_536' title='bbox 2757 425 3067 493; x_wconf 87' lang='grc' dir='ltr'>συναφείας,</span> <span class='ocrx_word' id='word_1_537' title='bbox 3111 428 3203 479; x_wconf 72' lang='grc' dir='ltr'>καὶ</span> <span class='ocrx_word' id='word_1_538' title='bbox 3238 426 3333 480; x_wconf 85' lang='grc' dir='ltr'>τοῦ</span> <span class='ocrx_word' id='word_1_539' title='bbox 3362 429 3564 484; x_wconf 88' lang='grc' dir='ltr'>δεῖσθαι</span> 
     </span>
    </p>
   </div>
   <div class='ocr_carea' id='block_1_69' title="bbox 2000 505 3569 580">
    <p class='ocr_par' dir='ltr' id='par_1_69' title="bbox 2000 505 3569 580">
     <span class='ocr_line' id='line_1_69' title="bbox 2000 505 3569 580; baseline 0.006 -23"><span class='ocrx_word' id='word_1_540' title='bbox 2000 505 2094 558; x_wconf 91' lang='grc' dir='ltr'>τοῦ</span> <span class='ocrx_word' id='word_1_541' title='bbox 2117 510 2564 579; x_wconf 88' lang='grc' dir='ltr'>καταδεεστέρου.</span> <span class='ocrx_word' id='word_1_542' title='bbox 2606 509 2680 559; x_wconf 85' lang='grc' dir='ltr'>Ού</span> <span class='ocrx_word' id='word_1_543' title='bbox 2702 507 2811 578; x_wconf 82' lang='grc' dir='ltr'>γὰρ</span> <span class='ocrx_word' id='word_1_544' title='bbox 2850 509 2913 580; x_wconf 80' lang='grc' dir='ltr'>δὴ</span> <span class='ocrx_word' id='word_1_545' title='bbox 2948 509 3058 562; x_wconf 89' lang='grc' dir='ltr'>τῶν</span> <span class='ocrx_word' id='word_1_546' title='bbox 3089 509 3356 565; x_wconf 87' lang='grc' dir='ltr'>πλουσίων</span> <span class='ocrx_word' id='word_1_547' title='bbox 3385 514 3437 566; x_wconf 90' lang='grc' dir='ltr'>οἰ</span> <span class='ocrx_word' id='word_1_548' title='bbox 3472 517 3569 567; x_wconf 81' lang='grc' dir='ltr'>πέ-</span> 
     </span>
    </p>
   </div>
   <div class='ocr_carea' id='block_1_70' title="bbox 2007 589 3567 667">
    <p class='ocr_par' dir='ltr' id='par_1_70' title="bbox 2007 589 3567 667">
     <span class='ocr_line' id='line_1_70' title="bbox 2007 589 3567 667; baseline 0.004 -28"><span class='ocrx_word' id='word_1_549' title='bbox 2007 605 2162 657; x_wconf 86' lang='grc' dir='ltr'>νητες</span> <span class='ocrx_word' id='word_1_550' title='bbox 2185 589 2388 644; x_wconf 85' lang='grc' dir='ltr'>δέονται</span> <span class='ocrx_word' id='word_1_551' title='bbox 2414 592 2592 660; x_wconf 89' lang='grc' dir='ltr'>μόνον,</span> <span class='ocrx_word' id='word_1_552' title='bbox 2626 591 2758 643; x_wconf 79' lang='grc' dir='ltr'>ἀλλά</span> <span class='ocrx_word' id='word_1_553' title='bbox 2797 592 2887 644; x_wconf 75' lang='grc' dir='ltr'>καὶ</span> <span class='ocrx_word' id='word_1_554' title='bbox 2911 593 2959 644; x_wconf 91' lang='grc' dir='ltr'>οἱ</span> <span class='ocrx_word' id='word_1_555' title='bbox 2991 591 3230 647; x_wconf 87' lang='grc' dir='ltr'>πλούσιοι</span> <span class='ocrx_word' id='word_1_556' title='bbox 3259 595 3366 647; x_wconf 86' lang='grc' dir='ltr'>τῶν</span> <span class='ocrx_word' id='word_1_557' title='bbox 3399 596 3567 667; x_wconf 85' lang='grc' dir='ltr'>πενή-</span> 
     </span>
    </p>
   </div>
   <div class='ocr_carea' id='block_1_71' title="bbox 2004 667 3456 744">
    <p class='ocr_par' dir='ltr' id='par_1_71' title="bbox 2004 667 3456 744">
     <span class='ocr_line' id='line_1_71' title="bbox 2004 667 3456 744; baseline 0.005 -20"><span class='ocrx_word' id='word_1_558' title='bbox 2004 687 2131 738; x_wconf 90' lang='grc' dir='ltr'>των,</span> <span class='ocrx_word' id='word_1_559' title='bbox 2166 673 2258 724; x_wconf 78' lang='grc' dir='ltr'>καὶ</span> <span class='ocrx_word' id='word_1_560' title='bbox 2280 667 2424 726; x_wconf 76' lang='grc' dir='ltr'>οὗτοι</span> <span class='ocrx_word' id='word_1_561' title='bbox 2459 672 2658 742; x_wconf 80' lang='grc' dir='ltr'>μᾶλλον</span> <span class='ocrx_word' id='word_1_562' title='bbox 2685 674 2925 738; x_wconf 85' lang='grc' dir='ltr'>ἐκείνων,</span> <span class='ocrx_word' id='word_1_563' title='bbox 2954 674 2985 744; x_wconf 85' lang='grc' dir='ltr'>ἢ</span> <span class='ocrx_word' id='word_1_564' title='bbox 3021 677 3214 729; x_wconf 91' lang='grc' dir='ltr'>ἐκεῖνοι</span> <span class='ocrx_word' id='word_1_565' title='bbox 3234 675 3456 731; x_wconf 86' lang='grc' dir='ltr'>τούτων.</span> 
     </span>
    </p>
   </div>
   <div class='ocr_carea' id='block_1_72' title="bbox 2069 829 3568 908">
    <p class='ocr_par' dir='ltr' id='par_1_72' title="bbox 2069 829 3568 908">
     <span class='ocr_line' id='line_1_72' title="bbox 2069 829 3568 908; baseline 0.009 -28"><span class='ocrx_word' id='word_1_566' title='bbox 2069 829 2130 883; x_wconf 82' lang='grc' dir='ltr'>ε’.</span> <span class='ocrx_word' id='word_1_567' title='bbox 2151 831 2257 884; x_wconf 85' lang='grc' dir='ltr'>Και</span> <span class='ocrx_word' id='word_1_568' title='bbox 2293 829 2376 882; x_wconf 83' lang='grc' dir='ltr'>ἵνα</span> <span class='ocrx_word' id='word_1_569' title='bbox 2391 832 2546 885; x_wconf 83' lang='grc' dir='ltr'>τοῦτο</span> <span class='ocrx_word' id='word_1_570' title='bbox 2563 834 2888 904; x_wconf 82' lang='grc' dir='ltr'>σαφέστερον</span> <span class='ocrx_word' id='word_1_571' title='bbox 2917 835 3049 906; x_wconf 84' lang='grc' dir='ltr'>ἴδῃς,</span> <span class='ocrx_word' id='word_1_572' title='bbox 3071 838 3402 908; x_wconf 88' lang='grc' dir='ltr'>ποιήσωμεν,</span> <span class='ocrx_word' id='word_1_573' title='bbox 3419 842 3465 893; x_wconf 83' lang='grc' dir='ltr'>εἰ</span> <span class='ocrx_word' id='word_1_574' title='bbox 3483 839 3568 894; x_wconf 79' lang='grc' dir='ltr'>δο-</span> 
     </span>
    </p>
   </div>
   <div class='ocr_carea' id='block_1_73' title="bbox 2002 912 3567 990">
    <p class='ocr_par' dir='ltr' id='par_1_73' title="bbox 2002 912 3567 990">
     <span class='ocr_line' id='line_1_73' title="bbox 2002 912 3567 990; baseline 0.008 -28"><span class='ocrx_word' id='word_1_575' title='bbox 2002 913 2106 973; x_wconf 86' lang='grc' dir='ltr'>κεῖ,</span> <span class='ocrx_word' id='word_1_576' title='bbox 2133 912 2224 965; x_wconf 88' lang='grc' dir='ltr'>δυο</span> <span class='ocrx_word' id='word_1_577' title='bbox 2255 913 2458 977; x_wconf 86' lang='grc' dir='ltr'>πόλεις,</span> <span class='ocrx_word' id='word_1_578' title='bbox 2493 916 2592 982; x_wconf 79' lang='grc' dir='ltr'>τὴν</span> <span class='ocrx_word' id='word_1_579' title='bbox 2625 915 2726 985; x_wconf 85' lang='grc' dir='ltr'>μὲν</span> <span class='ocrx_word' id='word_1_580' title='bbox 2755 917 3024 970; x_wconf 83' lang='grc' dir='ltr'>πλουσίων</span> <span class='ocrx_word' id='word_1_581' title='bbox 3055 920 3234 987; x_wconf 88' lang='grc' dir='ltr'>μόνον,</span> <span class='ocrx_word' id='word_1_582' title='bbox 3263 921 3361 990; x_wconf 83' lang='grc' dir='ltr'>τὴν</span> <span class='ocrx_word' id='word_1_583' title='bbox 3388 922 3444 974; x_wconf 87' lang='grc' dir='ltr'>δὲ</span> <span class='ocrx_word' id='word_1_584' title='bbox 3471 939 3567 975; x_wconf 71' lang='grc' dir='ltr'>πει</span> 
     </span>
    </p>
   </div>
   <div class='ocr_carea' id='block_1_74' title="bbox 2003 995 3567 1068">
    <p class='ocr_par' dir='ltr' id='par_1_74' title="bbox 2003 995 3567 1068">
     <span class='ocr_line' id='line_1_74' title="bbox 2003 995 3567 1068; baseline 0.01 -24"><span class='ocrx_word' id='word_1_585' title='bbox 2003 995 2198 1063; x_wconf 68' lang='grc' dir='ltr'>νήτωνι</span> <span class='ocrx_word' id='word_1_586' title='bbox 2248 995 2341 1046; x_wconf 73' lang='grc' dir='ltr'>καὶ</span> <span class='ocrx_word' id='word_1_587' title='bbox 2394 998 2528 1065; x_wconf 88' lang='grc' dir='ltr'>μήτε</span> <span class='ocrx_word' id='word_1_588' title='bbox 2580 999 2636 1049; x_wconf 90' lang='grc' dir='ltr'>ἐν</span> <span class='ocrx_word' id='word_1_589' title='bbox 2671 1000 2736 1068; x_wconf 82' lang='grc' dir='ltr'>τῇ</span> <span class='ocrx_word' id='word_1_590' title='bbox 2778 998 2885 1051; x_wconf 86' lang='grc' dir='ltr'>τῶν</span> <span class='ocrx_word' id='word_1_591' title='bbox 2915 999 3288 1057; x_wconf 73' lang='grc' dir='ltr'>πλουτούντων</span> <span class='ocrx_word' id='word_1_592' title='bbox 3319 1003 3455 1058; x_wconf 78' lang='grc' dir='ltr'>ἔστω</span> <span class='ocrx_word' id='word_1_593' title='bbox 3482 1023 3567 1067; x_wconf 90' lang='grc' dir='ltr'>τις</span> 
     </span>
    </p>
   </div>
   <div class='ocr_carea' id='block_1_75' title="bbox 2003 1076 3566 1150">
    <p class='ocr_par' dir='ltr' id='par_1_75' title="bbox 2003 1076 3566 1150">
     <span class='ocr_line' id='line_1_75' title="bbox 2003 1076 3566 1150; baseline 0.009 -25"><span class='ocrx_word' id='word_1_594' title='bbox 2003 1076 2189 1144; x_wconf 80' lang='grc' dir='ltr'>πένης,</span> <span class='ocrx_word' id='word_1_595' title='bbox 2231 1078 2366 1145; x_wconf 89' lang='grc' dir='ltr'>μήτε</span> <span class='ocrx_word' id='word_1_596' title='bbox 2400 1078 2458 1129; x_wconf 91' lang='grc' dir='ltr'>ἐν</span> <span class='ocrx_word' id='word_1_597' title='bbox 2487 1080 2552 1147; x_wconf 83' lang='grc' dir='ltr'>τῇ</span> <span class='ocrx_word' id='word_1_598' title='bbox 2592 1078 2702 1131; x_wconf 90' lang='grc' dir='ltr'>τῶν</span> <span class='ocrx_word' id='word_1_599' title='bbox 2734 1083 2982 1150; x_wconf 87' lang='grc' dir='ltr'>πενήτων</span> <span class='ocrx_word' id='word_1_600' title='bbox 3022 1081 3164 1134; x_wconf 81' lang='grc' dir='ltr'>ἔστω</span> <span class='ocrx_word' id='word_1_601' title='bbox 3194 1101 3278 1147; x_wconf 89' lang='grc' dir='ltr'>τις</span> <span class='ocrx_word' id='word_1_602' title='bbox 3314 1083 3566 1149; x_wconf 84' lang='grc' dir='ltr'>πλούσιος</span> 
     </span>
    </p>
   </div>
   <div class='ocr_carea' id='block_1_76' title="bbox 2003 1155 3567 1236">
    <p class='ocr_par' dir='ltr' id='par_1_76' title="bbox 2003 1155 3567 1236">
     <span class='ocr_line' id='line_1_76' title="bbox 2003 1155 3567 1236; baseline 0.006 -28"><span class='ocrx_word' id='word_1_603' title='bbox 2003 1155 2162 1227; x_wconf 85' lang='grc' dir='ltr'>ἀνὴρ,</span> <span class='ocrx_word' id='word_1_604' title='bbox 2217 1158 2329 1210; x_wconf 86' lang='grc' dir='ltr'>ἀλλ’</span> <span class='ocrx_word' id='word_1_605' title='bbox 2377 1159 2772 1231; x_wconf 86' lang='grc' dir='ltr'>ἐκκαθάρωμεν</span> <span class='ocrx_word' id='word_1_606' title='bbox 2823 1163 3066 1232; x_wconf 82' lang='grc' dir='ltr'>ἀκριϐῶς</span> <span class='ocrx_word' id='word_1_607' title='bbox 3125 1165 3409 1236; x_wconf 81' lang='grc' dir='ltr'>ἑκατέρας,</span> <span class='ocrx_word' id='word_1_608' title='bbox 3473 1171 3567 1220; x_wconf 71' lang='grc' dir='ltr'>καὶ</span> 
     </span>
    </p>
   </div>
   <div class='ocr_carea' id='block_1_77' title="bbox 2007 1240 3567 1318">
    <p class='ocr_par' dir='ltr' id='par_1_77' title="bbox 2007 1240 3567 1318">
     <span class='ocr_line' id='line_1_77' title="bbox 2007 1240 3567 1318; baseline 0.006 -26"><span class='ocrx_word' id='word_1_609' title='bbox 2007 1240 2202 1308; x_wconf 77' lang='grc' dir='ltr'>ἴδωμεν</span> <span class='ocrx_word' id='word_1_610' title='bbox 2234 1242 2358 1294; x_wconf 92' lang='grc' dir='ltr'>ποία</span> <span class='ocrx_word' id='word_1_611' title='bbox 2397 1242 2595 1311; x_wconf 82' lang='grc' dir='ltr'>μᾶλλον</span> <span class='ocrx_word' id='word_1_612' title='bbox 2625 1245 2857 1314; x_wconf 87' lang='grc' dir='ltr'>ἀρκέσαι</span> <span class='ocrx_word' id='word_1_613' title='bbox 2897 1247 3064 1317; x_wconf 80' lang='grc' dir='ltr'>ἑαυτῇ</span> <span class='ocrx_word' id='word_1_614' title='bbox 3094 1247 3402 1318; x_wconf 89' lang='grc' dir='ltr'>δυνήσεται.</span> <span class='ocrx_word' id='word_1_615' title='bbox 3442 1252 3567 1304; x_wconf 78' lang='grc' dir='ltr'>Ἐάν</span> 
     </span>
    </p>
   </div>
   <div class='ocr_carea' id='block_1_78' title="bbox 2004 1321 3567 1404">
    <p class='ocr_par' dir='ltr' id='par_1_78' title="bbox 2004 1321 3567 1404">
     <span class='ocr_line' id='line_1_78' title="bbox 2004 1321 3567 1404; baseline 0.008 -31"><span class='ocrx_word' id='word_1_616' title='bbox 2004 1321 2112 1391; x_wconf 82' lang='grc' dir='ltr'>γὰρ</span> <span class='ocrx_word' id='word_1_617' title='bbox 2157 1321 2405 1393; x_wconf 73' lang='grc' dir='ltr'>εὕρωμεν</span> <span class='ocrx_word' id='word_1_618' title='bbox 2433 1323 2529 1393; x_wconf 82' lang='grc' dir='ltr'>τὴν</span> <span class='ocrx_word' id='word_1_619' title='bbox 2560 1325 2668 1377; x_wconf 88' lang='grc' dir='ltr'>τῶν</span> <span class='ocrx_word' id='word_1_620' title='bbox 2695 1330 2938 1397; x_wconf 88' lang='grc' dir='ltr'>πενήτων</span> <span class='ocrx_word' id='word_1_621' title='bbox 2985 1329 3306 1400; x_wconf 86' lang='grc' dir='ltr'>δυναμένην,</span> <span class='ocrx_word' id='word_1_622' title='bbox 3346 1331 3567 1404; x_wconf 75' lang='grc' dir='ltr'>εὔδηλον</span> 
     </span>
    </p>
   </div>
   <div class='ocr_carea' id='block_1_79' title="bbox 2001 1405 3567 1480">
    <p class='ocr_par' dir='ltr' id='par_1_79' title="bbox 2001 1405 3567 1480">
     <span class='ocr_line' id='line_1_79' title="bbox 2001 1405 3567 1480; baseline 0.008 -23"><span class='ocrx_word' id='word_1_623' title='bbox 2001 1405 2082 1457; x_wconf 82' lang='grc' dir='ltr'>ὅτι</span> <span class='ocrx_word' id='word_1_624' title='bbox 2109 1406 2157 1458; x_wconf 91' lang='grc' dir='ltr'>οἰ</span> <span class='ocrx_word' id='word_1_625' title='bbox 2184 1407 2424 1460; x_wconf 86' lang='grc' dir='ltr'>πλούσιοι</span> <span class='ocrx_word' id='word_1_626' title='bbox 2462 1408 2664 1461; x_wconf 81' lang='grc' dir='ltr'>τούτων</span> <span class='ocrx_word' id='word_1_627' title='bbox 2701 1409 2898 1478; x_wconf 82' lang='grc' dir='ltr'>μᾶλλον</span> <span class='ocrx_word' id='word_1_628' title='bbox 2929 1411 3229 1480; x_wconf 90' lang='grc' dir='ltr'>δεήσονται.</span> <span class='ocrx_word' id='word_1_629' title='bbox 3272 1414 3480 1467; x_wconf 79' lang='grc' dir='ltr'>Οὐκοῦν</span> <span class='ocrx_word' id='word_1_630' title='bbox 3511 1419 3567 1469; x_wconf 85' lang='grc' dir='ltr'>ἐν</span> 
     </span>
    </p>
   </div>
   <div class='ocr_carea' id='block_1_80' title="bbox 2005 1488 3564 1568">
    <p class='ocr_par' dir='ltr' id='par_1_80' title="bbox 2005 1488 3564 1568">
     <span class='ocr_line' id='line_1_80' title="bbox 2005 1488 3564 1568; baseline 0.008 -28"><span class='ocrx_word' id='word_1_631' title='bbox 2005 1488 2104 1557; x_wconf 82' lang='grc' dir='ltr'>μὲν</span> <span class='ocrx_word' id='word_1_632' title='bbox 2131 1491 2312 1561; x_wconf 82' lang='grc' dir='ltr'>ἐκείνῃ</span> <span class='ocrx_word' id='word_1_633' title='bbox 2339 1493 2404 1560; x_wconf 77' lang='grc' dir='ltr'>τῇ</span> <span class='ocrx_word' id='word_1_634' title='bbox 2427 1491 2536 1542; x_wconf 89' lang='grc' dir='ltr'>τῶν</span> <span class='ocrx_word' id='word_1_635' title='bbox 2563 1492 2810 1560; x_wconf 83' lang='grc' dir='ltr'>εὐπόρων</span> <span class='ocrx_word' id='word_1_636' title='bbox 2841 1494 3016 1557; x_wconf 79' lang='grc' dir='ltr'>οὐδεὶς</span> <span class='ocrx_word' id='word_1_637' title='bbox 3041 1494 3192 1548; x_wconf 79' lang='grc' dir='ltr'>ἔσται</span> <span class='ocrx_word' id='word_1_638' title='bbox 3215 1495 3564 1568; x_wconf 74' lang='grc' dir='ltr'>δημιουργὸς,</span> 
     </span>
    </p>
   </div>
   <div class='ocr_carea' id='block_1_81' title="bbox 2002 1572 3566 1650">
    <p class='ocr_par' dir='ltr' id='par_1_81' title="bbox 2002 1572 3566 1650">
     <span class='ocr_line' id='line_1_81' title="bbox 2002 1572 3566 1650; baseline 0.008 -27"><span class='ocrx_word' id='word_1_639' title='bbox 2002 1572 2102 1623; x_wconf 88' lang='grc' dir='ltr'>οὑκ</span> <span class='ocrx_word' id='word_1_640' title='bbox 2120 1574 2416 1645; x_wconf 88' lang='grc' dir='ltr'>οἰκοδόμος,</span> <span class='ocrx_word' id='word_1_641' title='bbox 2439 1576 2499 1627; x_wconf 88' lang='grc' dir='ltr'>ού</span> <span class='ocrx_word' id='word_1_642' title='bbox 2525 1575 2751 1638; x_wconf 83' lang='grc' dir='ltr'>τέκτων,</span> <span class='ocrx_word' id='word_1_643' title='bbox 2775 1577 2872 1646; x_wconf 86' lang='grc' dir='ltr'>οὑχ</span> <span class='ocrx_word' id='word_1_644' title='bbox 2898 1577 3438 1650; x_wconf 77' lang='grc' dir='ltr'>ὑποδηματορράφος,</span> <span class='ocrx_word' id='word_1_645' title='bbox 3467 1584 3566 1637; x_wconf 77' lang='grc' dir='ltr'>οὐκ</span> 
     </span>
    </p>
   </div>
   <div class='ocr_carea' id='block_1_82' title="bbox 2003 1655 3568 1734">
    <p class='ocr_par' dir='ltr' id='par_1_82' title="bbox 2003 1655 3568 1734">
     <span class='ocr_line' id='line_1_82' title="bbox 2003 1655 3568 1734; baseline 0.008 -27"><span class='ocrx_word' id='word_1_646' title='bbox 2003 1655 2310 1724; x_wconf 82' lang='grc' dir='ltr'>ἀρτοποιὸς,</span> <span class='ocrx_word' id='word_1_647' title='bbox 2357 1658 2417 1710; x_wconf 88' lang='grc' dir='ltr'>οὑ</span> <span class='ocrx_word' id='word_1_648' title='bbox 2452 1659 2713 1727; x_wconf 86' lang='grc' dir='ltr'>γεωργὸς,</span> <span class='ocrx_word' id='word_1_649' title='bbox 2746 1659 2806 1710; x_wconf 85' lang='grc' dir='ltr'>ού</span> <span class='ocrx_word' id='word_1_650' title='bbox 2849 1659 3207 1728; x_wconf 88' lang='grc' dir='ltr'>χαλκοτύπος,</span> <span class='ocrx_word' id='word_1_651' title='bbox 3244 1662 3304 1713; x_wconf 85' lang='grc' dir='ltr'>ού</span> <span class='ocrx_word' id='word_1_652' title='bbox 3360 1681 3568 1734; x_wconf 85' lang='grc' dir='ltr'>σχοινο-</span> 
     </span>
    </p>
   </div>
   <div class='ocr_carea' id='block_1_83' title="bbox 2005 1737 3567 1815">
    <p class='ocr_par' dir='ltr' id='par_1_83' title="bbox 2005 1737 3567 1815">
     <span class='ocr_line' id='line_1_83' title="bbox 2005 1737 3567 1815; baseline 0.008 -26"><span class='ocrx_word' id='word_1_653' title='bbox 2005 1737 2254 1806; x_wconf 85' lang='grc' dir='ltr'>στρόφος,</span> <span class='ocrx_word' id='word_1_654' title='bbox 2286 1739 2385 1790; x_wconf 84' lang='grc' dir='ltr'>οὐκ</span> <span class='ocrx_word' id='word_1_655' title='bbox 2411 1739 2536 1792; x_wconf 83' lang='grc' dir='ltr'>ἀλλο</span> <span class='ocrx_word' id='word_1_656' title='bbox 2570 1741 2678 1792; x_wconf 74' lang='grc' dir='ltr'>τῶν</span> <span class='ocrx_word' id='word_1_657' title='bbox 2722 1743 2975 1793; x_wconf 88' lang='grc' dir='ltr'>τοιούτων</span> <span class='ocrx_word' id='word_1_658' title='bbox 3022 1743 3192 1796; x_wconf 81' lang='grc' dir='ltr'>οὐδέν.</span> <span class='ocrx_word' id='word_1_659' title='bbox 3234 1745 3327 1807; x_wconf 90' lang='grc' dir='ltr'>Τίς</span> <span class='ocrx_word' id='word_1_660' title='bbox 3357 1747 3464 1815; x_wconf 83' lang='grc' dir='ltr'>γὰρ</span> <span class='ocrx_word' id='word_1_661' title='bbox 3501 1749 3567 1802; x_wconf 83' lang='grc' dir='ltr'>ἂν</span> 
     </span>
    </p>
   </div>
   <div class='ocr_carea' id='block_1_84' title="bbox 2002 1818 3565 1891">
    <p class='ocr_par' dir='ltr' id='par_1_84' title="bbox 2002 1818 3565 1891">
     <span class='ocr_line' id='line_1_84' title="bbox 2002 1818 3565 1891; baseline 0.009 -21"><span class='ocrx_word' id='word_1_662' title='bbox 2002 1818 2175 1871; x_wconf 82' lang='grc' dir='ltr'>ἐλοιτο</span> <span class='ocrx_word' id='word_1_663' title='bbox 2220 1819 2327 1872; x_wconf 91' lang='grc' dir='ltr'>τῶν</span> <span class='ocrx_word' id='word_1_664' title='bbox 2375 1821 2744 1873; x_wconf 84' lang='grc' dir='ltr'>πλουτούντων</span> <span class='ocrx_word' id='word_1_665' title='bbox 2776 1821 2949 1874; x_wconf 87' lang='grc' dir='ltr'>ταῦτα</span> <span class='ocrx_word' id='word_1_666' title='bbox 2980 1825 3218 1890; x_wconf 85' lang='grc' dir='ltr'>μετιέναι</span> <span class='ocrx_word' id='word_1_667' title='bbox 3246 1829 3394 1891; x_wconf 84' lang='grc' dir='ltr'>ποτὲ,</span> <span class='ocrx_word' id='word_1_668' title='bbox 3431 1831 3565 1884; x_wconf 86' lang='grc' dir='ltr'>ὅπου</span> 
     </span>
    </p>
   </div>
   <div class='ocr_carea' id='block_1_85' title="bbox 2003 1901 3566 1984">
    <p class='ocr_par' dir='ltr' id='par_1_85' title="bbox 2003 1901 3566 1984">
     <span class='ocr_line' id='line_1_85' title="bbox 2003 1901 3566 1984; baseline 0.008 -32"><span class='ocrx_word' id='word_1_669' title='bbox 2003 1917 2065 1968; x_wconf 90' lang='grc' dir='ltr'>γε</span> <span class='ocrx_word' id='word_1_670' title='bbox 2097 1901 2190 1955; x_wconf 69' lang='grc' dir='ltr'>καὶ</span> <span class='ocrx_word' id='word_1_671' title='bbox 2216 1903 2364 1954; x_wconf 81' lang='grc' dir='ltr'>αὐτοὶ</span> <span class='ocrx_word' id='word_1_672' title='bbox 2392 1905 2441 1954; x_wconf 89' lang='grc' dir='ltr'>οἰ</span> <span class='ocrx_word' id='word_1_673' title='bbox 2462 1902 2633 1956; x_wconf 88' lang='grc' dir='ltr'>ταῦτα</span> <span class='ocrx_word' id='word_1_674' title='bbox 2671 1905 3152 1973; x_wconf 81' lang='grc' dir='ltr'>μεταχειρίζοντες,</span> <span class='ocrx_word' id='word_1_675' title='bbox 3184 1908 3310 1960; x_wconf 83' lang='grc' dir='ltr'>ὅταν</span> <span class='ocrx_word' id='word_1_676' title='bbox 3338 1913 3566 1984; x_wconf 61' lang='grc' dir='ltr'>εύπορήυ</span> 
     </span>
    </p>
   </div>
   <div class='ocr_carea' id='block_1_86' title="bbox 2004 1985 3567 2058">
    <p class='ocr_par' dir='ltr' id='par_1_86' title="bbox 2004 1985 3567 2058">
     <span class='ocr_line' id='line_1_86' title="bbox 2004 1985 3567 2058; baseline 0.001 -23"><span class='ocrx_word' id='word_1_677' title='bbox 2004 2000 2188 2046; x_wconf 89' lang='grc' dir='ltr'>σωσιν,</span> <span class='ocrx_word' id='word_1_678' title='bbox 2223 1985 2321 2037; x_wconf 85' lang='grc' dir='ltr'>οὐκ</span> <span class='ocrx_word' id='word_1_679' title='bbox 2349 1985 2624 2054; x_wconf 87' lang='grc' dir='ltr'>ἀνέχονται</span> <span class='ocrx_word' id='word_1_680' title='bbox 2650 1986 2748 2054; x_wconf 84' lang='grc' dir='ltr'>τῆς</span> <span class='ocrx_word' id='word_1_681' title='bbox 2773 1985 2880 2037; x_wconf 79' lang='grc' dir='ltr'>ἀπὸ</span> <span class='ocrx_word' id='word_1_682' title='bbox 2908 1986 3012 2038; x_wconf 90' lang='grc' dir='ltr'>τῶν</span> <span class='ocrx_word' id='word_1_683' title='bbox 3043 1987 3220 2058; x_wconf 79' lang='grc' dir='ltr'>ἔργων</span> <span class='ocrx_word' id='word_1_684' title='bbox 3245 1991 3447 2046; x_wconf 77' lang='grc' dir='ltr'>τούτων</span> <span class='ocrx_word' id='word_1_685' title='bbox 3473 2011 3567 2048; x_wconf 82' lang='grc' dir='ltr'>τα-</span> 
     </span>
    </p>
   </div>
   <div class='ocr_carea' id='block_1_87' title="bbox 2001 2063 3562 2147">
    <p class='ocr_par' dir='ltr' id='par_1_87' title="bbox 2001 2063 3562 2147">
     <span class='ocr_line' id='line_1_87' title="bbox 2001 2063 3562 2147; baseline 0.008 -31"><span class='ocrx_word' id='word_1_686' title='bbox 2001 2063 2341 2134; x_wconf 88' lang='grc' dir='ltr'>λαιπωρίας;</span> <span class='ocrx_word' id='word_1_687' title='bbox 2378 2067 2500 2128; x_wconf 87' lang='grc' dir='ltr'>Πῶς</span> <span class='ocrx_word' id='word_1_688' title='bbox 2542 2064 2634 2120; x_wconf 85' lang='grc' dir='ltr'>οῦν</span> <span class='ocrx_word' id='word_1_689' title='bbox 2682 2069 2813 2136; x_wconf 80' lang='grc' dir='ltr'>ἡμῖν</span> <span class='ocrx_word' id='word_1_690' title='bbox 2843 2069 2875 2137; x_wconf 81' lang='grc' dir='ltr'>ἡ</span> <span class='ocrx_word' id='word_1_691' title='bbox 2910 2069 3062 2130; x_wconf 89' lang='grc' dir='ltr'>πόλις</span> <span class='ocrx_word' id='word_1_692' title='bbox 3105 2072 3358 2141; x_wconf 87' lang='grc' dir='ltr'>στήσεται</span> <span class='ocrx_word' id='word_1_693' title='bbox 3393 2075 3562 2147; x_wconf 86' lang='grc' dir='ltr'>αῦτη;</span> 
     </span>
    </p>
   </div>
   <div class='ocr_carea' id='block_1_88' title="bbox 2001 2150 3570 2229">
    <p class='ocr_par' dir='ltr' id='par_1_88' title="bbox 2001 2150 3570 2229">
     <span class='ocr_line' id='line_1_88' title="bbox 2001 2150 3570 2229; baseline 0.008 -29"><span class='ocrx_word' id='word_1_694' title='bbox 2001 2150 2214 2211; x_wconf 86' lang='grc' dir='ltr'>Δόντες,</span> <span class='ocrx_word' id='word_1_695' title='bbox 2238 2151 2422 2218; x_wconf 75' lang='grc' dir='ltr'>φησὶν,</span> <span class='ocrx_word' id='word_1_696' title='bbox 2454 2150 2714 2221; x_wconf 84' lang='grc' dir='ltr'>ἀργύριον</span> <span class='ocrx_word' id='word_1_697' title='bbox 2741 2152 2790 2203; x_wconf 87' lang='grc' dir='ltr'>οἰ</span> <span class='ocrx_word' id='word_1_698' title='bbox 2813 2151 3190 2215; x_wconf 77' lang='grc' dir='ltr'>πλουτοῦντες,</span> <span class='ocrx_word' id='word_1_699' title='bbox 3218 2157 3393 2210; x_wconf 88' lang='grc' dir='ltr'>ταῦτα</span> <span class='ocrx_word' id='word_1_700' title='bbox 3429 2159 3570 2229; x_wconf 79' lang='grc' dir='ltr'>ὡνή-</span> 
     </span>
    </p>
   </div>
   <div class='ocr_carea' id='block_1_89' title="bbox 2004 2231 3568 2306">
    <p class='ocr_par' dir='ltr' id='par_1_89' title="bbox 2004 2231 3568 2306">
     <span class='ocr_line' id='line_1_89' title="bbox 2004 2231 3568 2306; baseline 0.009 -25"><span class='ocrx_word' id='word_1_701' title='bbox 2004 2246 2183 2282; x_wconf 90' lang='grc' dir='ltr'>σονται</span> <span class='ocrx_word' id='word_1_702' title='bbox 2201 2231 2351 2300; x_wconf 82' lang='grc' dir='ltr'>παρὰ</span> <span class='ocrx_word' id='word_1_703' title='bbox 2367 2231 2472 2283; x_wconf 88' lang='grc' dir='ltr'>τῶν</span> <span class='ocrx_word' id='word_1_704' title='bbox 2489 2234 2754 2302; x_wconf 89' lang='grc' dir='ltr'>πενήτων.</span> <span class='ocrx_word' id='word_1_705' title='bbox 2779 2233 2987 2286; x_wconf 87' lang='grc' dir='ltr'>Οὐκοῦν</span> <span class='ocrx_word' id='word_1_706' title='bbox 2999 2235 3096 2287; x_wconf 84' lang='grc' dir='ltr'>ούκ</span> <span class='ocrx_word' id='word_1_707' title='bbox 3112 2236 3430 2306; x_wconf 88' lang='grc' dir='ltr'>ἀρκέσουσιν</span> <span class='ocrx_word' id='word_1_708' title='bbox 3451 2244 3568 2294; x_wconf 76' lang='grc' dir='ltr'>ἐαυ⁶</span> 
     </span>
    </p>
   </div>
   <div class='ocr_carea' id='block_1_90' title="bbox 2001 2311 3566 2394">
    <p class='ocr_par' dir='ltr' id='par_1_90' title="bbox 2001 2311 3566 2394">
     <span class='ocr_line' id='line_1_90' title="bbox 2001 2311 3566 2394; baseline 0.01 -32"><span class='ocrx_word' id='word_1_709' title='bbox 2001 2314 2134 2375; x_wconf 86' lang='grc' dir='ltr'>τοῖς,</span> <span class='ocrx_word' id='word_1_710' title='bbox 2173 2311 2226 2363; x_wconf 85' lang='grc' dir='ltr'>εί</span> <span class='ocrx_word' id='word_1_711' title='bbox 2247 2329 2308 2394; x_wconf 84' lang='grc' dir='ltr'>γε</span> <span class='ocrx_word' id='word_1_712' title='bbox 2339 2313 2564 2366; x_wconf 81' lang='grc' dir='ltr'>ἐκείνων</span> <span class='ocrx_word' id='word_1_713' title='bbox 2588 2315 2817 2369; x_wconf 88' lang='grc' dir='ltr'>δέονται.</span> <span class='ocrx_word' id='word_1_714' title='bbox 2843 2316 2964 2378; x_wconf 86' lang='grc' dir='ltr'>Πῶς</span> <span class='ocrx_word' id='word_1_715' title='bbox 2985 2317 3042 2370; x_wconf 77' lang='grc' dir='ltr'>δὲ</span> <span class='ocrx_word' id='word_1_716' title='bbox 3071 2319 3244 2382; x_wconf 80' lang='grc' dir='ltr'>οἰκίας</span> <span class='ocrx_word' id='word_1_717' title='bbox 3280 2323 3566 2394; x_wconf 84' lang='grc' dir='ltr'>οἰκοδομή-</span> 
     </span>
    </p>
   </div>
   <div class='ocr_carea' id='block_1_91' title="bbox 2005 2393 3566 2478">
    <p class='ocr_par' dir='ltr' id='par_1_91' title="bbox 2005 2393 3566 2478">
     <span class='ocr_line' id='line_1_91' title="bbox 2005 2393 3566 2478; baseline 0.012 -35"><span class='ocrx_word' id='word_1_718' title='bbox 2005 2407 2221 2460; x_wconf 86' lang='grc' dir='ltr'>σονται;</span> <span class='ocrx_word' id='word_1_719' title='bbox 2267 2393 2300 2463; x_wconf 77' lang='grc' dir='ltr'>ἢ</span> <span class='ocrx_word' id='word_1_720' title='bbox 2336 2396 2430 2448; x_wconf 75' lang='grc' dir='ltr'>καὶ</span> <span class='ocrx_word' id='word_1_721' title='bbox 2485 2393 2643 2450; x_wconf 87' lang='grc' dir='ltr'>τοῦτο</span> <span class='ocrx_word' id='word_1_722' title='bbox 2685 2397 3014 2466; x_wconf 84' lang='grc' dir='ltr'>ὠνήσονται;</span> <span class='ocrx_word' id='word_1_723' title='bbox 3069 2401 3180 2454; x_wconf 86' lang='grc' dir='ltr'>ἀλλ’</span> <span class='ocrx_word' id='word_1_724' title='bbox 3211 2403 3311 2456; x_wconf 84' lang='grc' dir='ltr'>οὐκ</span> <span class='ocrx_word' id='word_1_725' title='bbox 3350 2405 3417 2458; x_wconf 83' lang='grc' dir='ltr'>ἂν</span> <span class='ocrx_word' id='word_1_726' title='bbox 3455 2393 3566 2478; x_wconf 77' lang='grc' dir='ltr'>ἔχοι</span> 
     </span>
    </p>
   </div>
   <div class='ocr_carea' id='block_1_92' title="bbox 2002 2474 3565 2554">
    <p class='ocr_par' dir='ltr' id='par_1_92' title="bbox 2002 2474 3565 2554">
     <span class='ocr_line' id='line_1_92' title="bbox 2002 2474 3565 2554; baseline 0.011 -27"><span class='ocrx_word' id='word_1_727' title='bbox 2002 2474 2158 2528; x_wconf 88' lang='grc' dir='ltr'>τοῦτο</span> <span class='ocrx_word' id='word_1_728' title='bbox 2183 2475 2360 2545; x_wconf 88' lang='grc' dir='ltr'>φύσις.</span> <span class='ocrx_word' id='word_1_729' title='bbox 2387 2478 2594 2532; x_wconf 80' lang='grc' dir='ltr'>Οὐκοῦν</span> <span class='ocrx_word' id='word_1_730' title='bbox 2632 2480 2842 2551; x_wconf 88' lang='grc' dir='ltr'>ἀνάγκη</span> <span class='ocrx_word' id='word_1_731' title='bbox 2875 2483 3002 2546; x_wconf 81' lang='grc' dir='ltr'>τοὺς</span> <span class='ocrx_word' id='word_1_732' title='bbox 3033 2485 3279 2554; x_wconf 89' lang='grc' dir='ltr'>τεχνίτας</span> <span class='ocrx_word' id='word_1_733' title='bbox 3320 2489 3436 2542; x_wconf 89' lang='grc' dir='ltr'>ἐκεῖ</span> <span class='ocrx_word' id='word_1_734' title='bbox 3463 2474 3565 2544; x_wconf 81' lang='grc' dir='ltr'>κα-</span> 
     </span>
    </p>
   </div>
   <div class='ocr_carea' id='block_1_93' title="bbox 2001 2557 3567 2645">
    <p class='ocr_par' dir='ltr' id='par_1_93' title="bbox 2001 2557 3567 2645">
     <span class='ocr_line' id='line_1_93' title="bbox 2001 2557 3567 2645; baseline 0.01 -35"><span class='ocrx_word' id='word_1_735' title='bbox 2001 2557 2133 2623; x_wconf 90' lang='grc' dir='ltr'>λεῖν,</span> <span class='ocrx_word' id='word_1_736' title='bbox 2158 2561 2253 2645; x_wconf 73' lang='grc' dir='ltr'>καὶ</span> <span class='ocrx_word' id='word_1_737' title='bbox 2286 2561 2616 2645; x_wconf 88' lang='grc' dir='ltr'>διαφθείρειν</span> <span class='ocrx_word' id='word_1_738' title='bbox 2647 2565 2738 2617; x_wconf 80' lang='grc' dir='ltr'>τὸν</span> <span class='ocrx_word' id='word_1_739' title='bbox 2765 2565 2948 2635; x_wconf 88' lang='grc' dir='ltr'>νόμον,</span> <span class='ocrx_word' id='word_1_740' title='bbox 2974 2566 3032 2618; x_wconf 82' lang='grc' dir='ltr'>ὃν</span> <span class='ocrx_word' id='word_1_741' title='bbox 3065 2567 3338 2639; x_wconf 77' lang='grc' dir='ltr'>ἐθήκαμεν</span> <span class='ocrx_word' id='word_1_742' title='bbox 3375 2571 3433 2638; x_wconf 80' lang='grc' dir='ltr'>ἐξ</span> <span class='ocrx_word' id='word_1_743' title='bbox 3467 2574 3567 2645; x_wconf 80' lang='grc' dir='ltr'>ἀρ-</span> 
     </span>
    </p>
   </div>
   <div class='ocr_carea' id='block_1_94' title="bbox 2003 2642 3564 2724">
    <p class='ocr_par' dir='ltr' id='par_1_94' title="bbox 2003 2642 3564 2724">
     <span class='ocr_line' id='line_1_94' title="bbox 2003 2642 3564 2724; baseline 0.001 -29"><span class='ocrx_word' id='word_1_744' title='bbox 2003 2645 2103 2713; x_wconf 81' lang='grc' dir='ltr'>χῆς</span> <span class='ocrx_word' id='word_1_745' title='bbox 2129 2642 2226 2714; x_wconf 83' lang='grc' dir='ltr'>τὴν</span> <span class='ocrx_word' id='word_1_746' title='bbox 2256 2644 2410 2697; x_wconf 90' lang='grc' dir='ltr'>πόλιν</span> <span class='ocrx_word' id='word_1_747' title='bbox 2447 2646 2760 2710; x_wconf 79' lang='grc' dir='ltr'>οἰκίζοντες·</span> <span class='ocrx_word' id='word_1_748' title='bbox 2797 2649 3075 2719; x_wconf 87' lang='grc' dir='ltr'>μέμνησθε</span> <span class='ocrx_word' id='word_1_749' title='bbox 3105 2653 3234 2722; x_wconf 81' lang='lat'><strong>7&amp;9,</strong></span> <span class='ocrx_word' id='word_1_750' title='bbox 3265 2655 3351 2706; x_wconf 83' lang='grc' dir='ltr'>ὅτε</span> <span class='ocrx_word' id='word_1_751' title='bbox 3385 2642 3564 2724; x_wconf 54' lang='grc' dir='ltr'>ἐλέγρ.</span> 
     </span>
    </p>
   </div>
   <div class='ocr_carea' id='block_1_95' title="bbox 2006 2725 3568 2805">
    <p class='ocr_par' dir='ltr' id='par_1_95' title="bbox 2006 2725 3568 2805">
     <span class='ocr_line' id='line_1_95' title="bbox 2006 2725 3568 2805; baseline 0.01 -30"><span class='ocrx_word' id='word_1_752' title='bbox 2006 2741 2124 2795; x_wconf 84' lang='grc' dir='ltr'>μεν,</span> <span class='ocrx_word' id='word_1_753' title='bbox 2159 2725 2347 2795; x_wconf 71' lang='grc' dir='ltr'>μηδεὶς</span> <span class='ocrx_word' id='word_1_754' title='bbox 2371 2727 2508 2779; x_wconf 72' lang='grc' dir='ltr'>ἔστω</span> <span class='ocrx_word' id='word_1_755' title='bbox 2530 2729 2694 2798; x_wconf 83' lang='grc' dir='ltr'>πένης</span> <span class='ocrx_word' id='word_1_756' title='bbox 2718 2728 2884 2783; x_wconf 78' lang='grc' dir='ltr'>ἔνδον.</span> <span class='ocrx_word' id='word_1_757' title='bbox 2923 2731 3060 2782; x_wconf 84' lang='grc' dir='ltr'>Ἀλλ’</span> <span class='ocrx_word' id='word_1_758' title='bbox 3090 2733 3197 2786; x_wconf 81' lang='grc' dir='ltr'>ἰδοὺ</span> <span class='ocrx_word' id='word_1_759' title='bbox 3220 2737 3251 2804; x_wconf 92' lang='grc' dir='ltr'>ή</span> <span class='ocrx_word' id='word_1_760' title='bbox 3276 2737 3447 2805; x_wconf 88' lang='grc' dir='ltr'>χρεία,</span> <span class='ocrx_word' id='word_1_761' title='bbox 3474 2739 3568 2791; x_wconf 73' lang='grc' dir='ltr'>καὶ</span> 
     </span>
    </p>
   </div>
   <div class='ocr_carea' id='block_1_96' title="bbox 2005 2808 3566 2882">
    <p class='ocr_par' dir='ltr' id='par_1_96' title="bbox 2005 2808 3566 2882">
     <span class='ocr_line' id='line_1_96' title="bbox 2005 2808 3566 2882; baseline 0.008 -23"><span class='ocrx_word' id='word_1_762' title='bbox 2005 2808 2079 2878; x_wconf 80' lang='grc' dir='ltr'>μὴ</span> <span class='ocrx_word' id='word_1_763' title='bbox 2143 2808 2480 2879; x_wconf 85' lang='grc' dir='ltr'>βουλομένων</span> <span class='ocrx_word' id='word_1_764' title='bbox 2538 2810 2686 2881; x_wconf 79' lang='grc'><strong>[517]</strong></span> <span class='ocrx_word' id='word_1_765' title='bbox 2741 2813 2919 2882; x_wconf 87' lang='grc' dir='ltr'>ήμῶν,</span> <span class='ocrx_word' id='word_1_766' title='bbox 2949 2815 3204 2867; x_wconf 89' lang='grc' dir='ltr'>ἐκάλεσεν</span> <span class='ocrx_word' id='word_1_767' title='bbox 3232 2819 3430 2882; x_wconf 73' lang='grc' dir='ltr'>αὑτοὺς</span> <span class='ocrx_word' id='word_1_768' title='bbox 3475 2824 3566 2875; x_wconf 66' lang='grc' dir='ltr'>καὶ</span> 
     </span>
    </p>
   </div>
   <div class='ocr_carea' id='block_1_97' title="bbox 2003 2891 3570 2972">
    <p class='ocr_par' dir='ltr' id='par_1_97' title="bbox 2003 2891 3570 2972">
     <span class='ocr_line' id='line_1_97' title="bbox 2003 2891 3570 2972; baseline 0.008 -30"><span class='ocrx_word' id='word_1_769' title='bbox 2003 2891 2316 2960; x_wconf 87' lang='grc' dir='ltr'>εἰσήγαγεν.</span> <span class='ocrx_word' id='word_1_770' title='bbox 2360 2891 2518 2945; x_wconf 90' lang='grc' dir='ltr'>Ὅθεν</span> <span class='ocrx_word' id='word_1_771' title='bbox 2550 2892 2724 2963; x_wconf 83' lang='grc' dir='ltr'>δῆλον,</span> <span class='ocrx_word' id='word_1_772' title='bbox 2767 2895 2843 2956; x_wconf 85' lang='grc' dir='ltr'>ὡς</span> <span class='ocrx_word' id='word_1_773' title='bbox 2896 2895 3150 2950; x_wconf 89' lang='grc' dir='ltr'>ἀδύνατον</span> <span class='ocrx_word' id='word_1_774' title='bbox 3203 2900 3371 2970; x_wconf 76' lang='grc' dir='ltr'>χωρὶς</span> <span class='ocrx_word' id='word_1_775' title='bbox 3406 2905 3570 2972; x_wconf 77' lang='grc' dir='ltr'>πενή‹</span> 
     </span>
    </p>
   </div>
   <div class='ocr_carea' id='block_1_98' title="bbox 2003 2973 3568 3052">
    <p class='ocr_par' dir='ltr' id='par_1_98' title="bbox 2003 2973 3568 3052">
     <span class='ocr_line' id='line_1_98' title="bbox 2003 2973 3568 3052; baseline 0.009 -28"><span class='ocrx_word' id='word_1_776' title='bbox 2003 2989 2108 3025; x_wconf 87' lang='grc' dir='ltr'>των</span> <span class='ocrx_word' id='word_1_777' title='bbox 2161 2973 2420 3043; x_wconf 85' lang='grc' dir='ltr'>συστῆναι</span> <span class='ocrx_word' id='word_1_778' title='bbox 2469 2974 2644 3028; x_wconf 89' lang='grc' dir='ltr'>πόλιν.</span> <span class='ocrx_word' id='word_1_779' title='bbox 2689 2977 2752 3029; x_wconf 87' lang='grc' dir='ltr'>Εἰ</span> <span class='ocrx_word' id='word_1_780' title='bbox 2788 2976 2896 3047; x_wconf 84' lang='grc' dir='ltr'>γὰρ</span> <span class='ocrx_word' id='word_1_781' title='bbox 2939 2978 3144 3049; x_wconf 89' lang='grc' dir='ltr'>μένοιὴ</span> <span class='ocrx_word' id='word_1_782' title='bbox 3174 2980 3330 3044; x_wconf 87' lang='grc' dir='ltr'>πόλις</span> <span class='ocrx_word' id='word_1_783' title='bbox 3366 2983 3568 3052; x_wconf 85' lang='grc' dir='ltr'>μηδένα</span> 
     </span>
    </p>
   </div>
   <div class='ocr_carea' id='block_1_99' title="bbox 2004 3057 3569 3129">
    <p class='ocr_par' dir='ltr' id='par_1_99' title="bbox 2004 3057 3569 3129">
     <span class='ocr_line' id='line_1_99' title="bbox 2004 3057 3569 3129; baseline 0.007 -20"><span class='ocrx_word' id='word_1_784' title='bbox 2004 3057 2418 3129; x_wconf 87' lang='grc' dir='ltr'>παραδεχομένη</span> <span class='ocrx_word' id='word_1_785' title='bbox 2453 3058 2678 3122; x_wconf 90' lang='grc' dir='ltr'>τούτων,</span> <span class='ocrx_word' id='word_1_786' title='bbox 2721 3061 2900 3114; x_wconf 85' lang='grc' dir='ltr'>ούκέτι</span> <span class='ocrx_word' id='word_1_787' title='bbox 2936 3061 3087 3115; x_wconf 80' lang='grc' dir='ltr'>ἐσται</span> <span class='ocrx_word' id='word_1_788' title='bbox 3132 3065 3303 3129; x_wconf 85' lang='grc' dir='ltr'>πόλις,</span> <span class='ocrx_word' id='word_1_789' title='bbox 3329 3065 3441 3118; x_wconf 79' lang='grc' dir='ltr'>ἀλλ’</span> <span class='ocrx_word' id='word_1_790' title='bbox 3464 3067 3569 3120; x_wconf 84' lang='grc' dir='ltr'>ἀπ-</span> 
     </span>
    </p>
   </div>
   <div class='ocr_carea' id='block_1_100' title="bbox 2003 3138 3570 3220">
    <p class='ocr_par' dir='ltr' id='par_1_100' title="bbox 2003 3138 3570 3220">
     <span class='ocr_line' id='line_1_100' title="bbox 2003 3138 3570 3220; baseline 0.008 -30"><span class='ocrx_word' id='word_1_791' title='bbox 2003 3138 2222 3194; x_wconf 85' lang='grc' dir='ltr'>ολεῖται.</span> <span class='ocrx_word' id='word_1_792' title='bbox 2279 3139 2486 3193; x_wconf 78' lang='grc' dir='ltr'>Οὐκοῦν</span> <span class='ocrx_word' id='word_1_793' title='bbox 2521 3142 2620 3194; x_wconf 85' lang='grc' dir='ltr'>ούκ</span> <span class='ocrx_word' id='word_1_794' title='bbox 2649 3143 2872 3212; x_wconf 88' lang='grc' dir='ltr'>ἀρκέσει</span> <span class='ocrx_word' id='word_1_795' title='bbox 2901 3146 3090 3215; x_wconf 82' lang='grc' dir='ltr'>ἐαυτῇ,</span> <span class='ocrx_word' id='word_1_796' title='bbox 3116 3149 3164 3199; x_wconf 91' lang='grc' dir='ltr'>εἰ</span> <span class='ocrx_word' id='word_1_797' title='bbox 3204 3147 3277 3216; x_wconf 85' lang='grc' dir='ltr'>μὴ</span> <span class='ocrx_word' id='word_1_798' title='bbox 3323 3147 3570 3220; x_wconf 77' lang='grc' dir='ltr'>καθάπερ</span> 
     </span>
    </p>
   </div>
   <div class='ocr_carea' id='block_1_101' title="bbox 2004 3223 3565 3300">
    <p class='ocr_par' dir='ltr' id='par_1_101' title="bbox 2004 3223 3565 3300">
     <span class='ocr_line' id='line_1_101' title="bbox 2004 3223 3565 3300; baseline 0.005 -26"><span class='ocrx_word' id='word_1_799' title='bbox 2004 3223 2153 3285; x_wconf 89' lang='grc' dir='ltr'>τινάς</span> <span class='ocrx_word' id='word_1_800' title='bbox 2188 3224 2436 3294; x_wconf 83' lang='grc' dir='ltr'>σωτῆρας</span> <span class='ocrx_word' id='word_1_801' title='bbox 2465 3225 2588 3287; x_wconf 80' lang='grc' dir='ltr'>τοὺς</span> <span class='ocrx_word' id='word_1_802' title='bbox 2616 3225 2850 3294; x_wconf 85' lang='grc' dir='ltr'>πένητας</span> <span class='ocrx_word' id='word_1_803' title='bbox 2887 3228 3015 3295; x_wconf 75' lang='grc' dir='ltr'>παρ’</span> <span class='ocrx_word' id='word_1_804' title='bbox 3051 3229 3214 3299; x_wconf 77' lang='grc' dir='ltr'>ἑαυτῇ</span> <span class='ocrx_word' id='word_1_805' title='bbox 3252 3232 3565 3300; x_wconf 87' lang='grc' dir='ltr'>συναγάγοι.</span> 
     </span>
    </p>
   </div>
   <div class='ocr_carea' id='block_1_102' title="bbox 2009 3307 3567 3386">
    <p class='ocr_par' dir='ltr' id='par_1_102' title="bbox 2009 3307 3567 3386">
     <span class='ocr_line' id='line_1_102' title="bbox 2009 3307 3567 3386; baseline 0.007 -27"><span class='ocrx_word' id='word_1_806' title='bbox 2009 3307 2235 3376; x_wconf 86' lang='grc' dir='ltr'>Ἴδωμεν</span> <span class='ocrx_word' id='word_1_807' title='bbox 2269 3307 2325 3359; x_wconf 84' lang='grc' dir='ltr'>δέ</span> <span class='ocrx_word' id='word_1_808' title='bbox 2357 3308 2450 3361; x_wconf 70' lang='grc' dir='ltr'>καὶ</span> <span class='ocrx_word' id='word_1_809' title='bbox 2479 3307 2575 3378; x_wconf 83' lang='grc' dir='ltr'>τὴν</span> <span class='ocrx_word' id='word_1_810' title='bbox 2601 3309 2708 3361; x_wconf 87' lang='grc' dir='ltr'>τῶν</span> <span class='ocrx_word' id='word_1_811' title='bbox 2737 3312 2981 3379; x_wconf 81' lang='grc' dir='ltr'>πενήτων</span> <span class='ocrx_word' id='word_1_812' title='bbox 3013 3313 3184 3377; x_wconf 88' lang='grc' dir='ltr'>πόλιν,</span> <span class='ocrx_word' id='word_1_813' title='bbox 3218 3317 3265 3367; x_wconf 91' lang='grc' dir='ltr'>εἰ</span> <span class='ocrx_word' id='word_1_814' title='bbox 3311 3317 3403 3369; x_wconf 75' lang='grc' dir='ltr'>καὶ</span> <span class='ocrx_word' id='word_1_815' title='bbox 3431 3317 3567 3386; x_wconf 80' lang='grc' dir='ltr'>αῦτη</span> 
     </span>
    </p>
   </div>
   <div class='ocr_carea' id='block_1_103' title="bbox 2004 3389 3568 3470">
    <p class='ocr_par' dir='ltr' id='par_1_103' title="bbox 2004 3389 3568 3470">
     <span class='ocr_line' id='line_1_103' title="bbox 2004 3389 3568 3470; baseline 0.007 -30"><span class='ocrx_word' id='word_1_816' title='bbox 2004 3389 2205 3459; x_wconf 84' lang='grc' dir='ltr'>ὁμοίως</span> <span class='ocrx_word' id='word_1_817' title='bbox 2234 3389 2425 3453; x_wconf 84' lang='grc' dir='ltr'>ἐνδεῶς</span> <span class='ocrx_word' id='word_1_818' title='bbox 2456 3389 2786 3444; x_wconf 88' lang='grc' dir='ltr'>διακείσεται</span> <span class='ocrx_word' id='word_1_819' title='bbox 2808 3393 2914 3444; x_wconf 72' lang='grc' dir='ltr'>τῶν</span> <span class='ocrx_word' id='word_1_820' title='bbox 2947 3393 3318 3450; x_wconf 87' lang='grc' dir='ltr'>πλουτούντων</span> <span class='ocrx_word' id='word_1_821' title='bbox 3343 3400 3568 3470; x_wconf 84' lang='grc' dir='ltr'>ἐστερη-</span> 
     </span>
    </p>
   </div>
   <div class='ocr_carea' id='block_1_104' title="bbox 2009 3472 3570 3548">
    <p class='ocr_par' dir='ltr' id='par_1_104' title="bbox 2009 3472 3570 3548">
     <span class='ocr_line' id='line_1_104' title="bbox 2009 3472 3570 3548; baseline 0.004 -26"><span class='ocrx_word' id='word_1_822' title='bbox 2009 3473 2165 3540; x_wconf 81' lang='grc' dir='ltr'>μένη.</span> <span class='ocrx_word' id='word_1_823' title='bbox 2216 3472 2326 3524; x_wconf 68' lang='grc' dir='ltr'>Καὶ</span> <span class='ocrx_word' id='word_1_824' title='bbox 2384 3472 2645 3542; x_wconf 85' lang='grc' dir='ltr'>πρότερον</span> <span class='ocrx_word' id='word_1_825' title='bbox 2705 3473 3123 3544; x_wconf 89' lang='grc' dir='ltr'>διακαθάρωμεν</span> <span class='ocrx_word' id='word_1_826' title='bbox 3168 3477 3245 3546; x_wconf 82' lang='grc' dir='ltr'>τῷ</span> <span class='ocrx_word' id='word_1_827' title='bbox 3295 3478 3436 3548; x_wconf 85' lang='grc' dir='ltr'>λόγῳ</span> <span class='ocrx_word' id='word_1_828' title='bbox 3479 3481 3570 3532; x_wconf 78' lang='grc' dir='ltr'>τὸν</span> 
     </span>
    </p>
   </div>
   <div class='ocr_carea' id='block_1_105' title="bbox 2008 3552 3571 3623">
    <p class='ocr_par' dir='ltr' id='par_1_105' title="bbox 2008 3552 3571 3623">
     <span class='ocr_line' id='line_1_105' title="bbox 2008 3552 3571 3623; baseline 0.006 -20"><span class='ocrx_word' id='word_1_829' title='bbox 2008 3553 2255 3615; x_wconf 86' lang='grc' dir='ltr'>πλοῦτον,</span> <span class='ocrx_word' id='word_1_830' title='bbox 2291 3552 2385 3605; x_wconf 67' lang='grc' dir='ltr'>καὶ¹</span> <span class='ocrx_word' id='word_1_831' title='bbox 2411 3553 2673 3623; x_wconf 80' lang='grc' dir='ltr'>δείξωμεν</span> <span class='ocrx_word' id='word_1_832' title='bbox 2698 3555 2858 3607; x_wconf 69' lang='grc' dir='ltr'>αὑτὸν</span> <span class='ocrx_word' id='word_1_833' title='bbox 2881 3556 3084 3623; x_wconf 87' lang='grc' dir='ltr'>σαφῶς.</span> <span class='ocrx_word' id='word_1_834' title='bbox 3111 3557 3176 3609; x_wconf 88' lang='grc' dir='ltr'>Τί</span> <span class='ocrx_word' id='word_1_835' title='bbox 3200 3560 3317 3610; x_wconf 82' lang='grc' dir='ltr'>ποτ’</span> <span class='ocrx_word' id='word_1_836' title='bbox 3340 3555 3431 3612; x_wconf 80' lang='grc' dir='ltr'>οῦν</span> <span class='ocrx_word' id='word_1_837' title='bbox 3457 3562 3571 3613; x_wconf 88' lang='grc' dir='ltr'>ἐστι</span> 
     </span>
    </p>
   </div>
   <div class='ocr_carea' id='block_1_106' title="bbox 2010 3635 3572 3708">
    <p class='ocr_par' dir='ltr' id='par_1_106' title="bbox 2010 3635 3572 3708">
     <span class='ocr_line' id='line_1_106' title="bbox 2010 3635 3572 3708; baseline 0.007 -24"><span class='ocrx_word' id='word_1_838' title='bbox 2010 3635 2268 3700; x_wconf 78' lang='grc' dir='ltr'>ττλοῦτος;</span> <span class='ocrx_word' id='word_1_839' title='bbox 2303 3635 2513 3702; x_wconf 84' lang='grc' dir='ltr'>Χρυσὸς</span> <span class='ocrx_word' id='word_1_840' title='bbox 2545 3635 2641 3688; x_wconf 80' lang='grc' dir='ltr'>καὶ</span> <span class='ocrx_word' id='word_1_841' title='bbox 2670 3637 2926 3706; x_wconf 76' lang='grc' dir='ltr'>ἄργυρος,</span> <span class='ocrx_word' id='word_1_842' title='bbox 2959 3638 3050 3688; x_wconf 83' lang='grc' dir='ltr'>καί</span> <span class='ocrx_word' id='word_1_843' title='bbox 3081 3639 3215 3690; x_wconf 86' lang='grc' dir='ltr'>λίθοι</span> <span class='ocrx_word' id='word_1_844' title='bbox 3255 3640 3441 3708; x_wconf 88' lang='grc' dir='ltr'>τίμιοι,</span> <span class='ocrx_word' id='word_1_845' title='bbox 3480 3644 3572 3695; x_wconf 63' lang='grc' dir='ltr'>καὶ</span> 
     </span>
    </p>
   </div>
   <div class='ocr_carea' id='block_1_107' title="bbox 2010 3715 3572 3789">
    <p class='ocr_par' dir='ltr' id='par_1_107' title="bbox 2010 3715 3572 3789">
     <span class='ocr_line' id='line_1_107' title="bbox 2010 3715 3572 3789; baseline 0.003 -21"><span class='ocrx_word' id='word_1_846' title='bbox 2010 3718 2199 3786; x_wconf 84' lang='grc' dir='ltr'>ἱμάτια</span> <span class='ocrx_word' id='word_1_847' title='bbox 2254 3715 2453 3784; x_wconf 88' lang='grc' dir='ltr'>σηρικά</span> <span class='ocrx_word' id='word_1_848' title='bbox 2503 3716 2598 3768; x_wconf 73' lang='grc' dir='ltr'>καὶ</span> <span class='ocrx_word' id='word_1_849' title='bbox 2647 3717 2891 3786; x_wconf 85' lang='grc' dir='ltr'>ἁλουργά</span> <span class='ocrx_word' id='word_1_850' title='bbox 2939 3719 3034 3771; x_wconf 69' lang='grc' dir='ltr'>καί¹</span> <span class='ocrx_word' id='word_1_851' title='bbox 3085 3719 3368 3789; x_wconf 80' lang='grc' dir='ltr'>διάχρυσα.</span> <span class='ocrx_word' id='word_1_852' title='bbox 3420 3723 3572 3776; x_wconf 74' lang='grc' dir='ltr'>Ἐπεὶ</span> 
     </span>
    </p>
   </div>
   <div class='ocr_carea' id='block_1_108' title="bbox 2007 3795 3574 3873">
    <p class='ocr_par' dir='ltr' id='par_1_108' title="bbox 2007 3795 3574 3873">
     <span class='ocr_line' id='line_1_108' title="bbox 2007 3795 3574 3873; baseline 0.005 -23"><span class='ocrx_word' id='word_1_853' title='bbox 2007 3795 2099 3850; x_wconf 80' lang='grc' dir='ltr'>οῦν</span> <span class='ocrx_word' id='word_1_854' title='bbox 2128 3799 2301 3868; x_wconf 84' lang='grc' dir='ltr'>ἐφάνη</span> <span class='ocrx_word' id='word_1_855' title='bbox 2341 3796 2392 3850; x_wconf 87' lang='grc' dir='ltr'>τί</span> <span class='ocrx_word' id='word_1_856' title='bbox 2429 3799 2558 3851; x_wconf 89' lang='grc' dir='ltr'>ποτέ</span> <span class='ocrx_word' id='word_1_857' title='bbox 2591 3801 2736 3851; x_wconf 86' lang='grc' dir='ltr'>ἐστιν</span> <span class='ocrx_word' id='word_1_858' title='bbox 2763 3802 2791 3852; x_wconf 84' lang='grc' dir='ltr'>ὁ</span> <span class='ocrx_word' id='word_1_859' title='bbox 2821 3799 3067 3867; x_wconf 85' lang='grc' dir='ltr'>πλοῦτος,</span> <span class='ocrx_word' id='word_1_860' title='bbox 3096 3803 3457 3873; x_wconf 86' lang='grc' dir='ltr'>ἀπελάσωμεν</span> <span class='ocrx_word' id='word_1_861' title='bbox 3479 3808 3574 3858; x_wconf 82' lang='grc' dir='ltr'>αύ-</span> 
     </span>
    </p>
   </div>
   <div class='ocr_carea' id='block_1_109' title="bbox 2008 3879 3571 3959">
    <p class='ocr_par' dir='ltr' id='par_1_109' title="bbox 2008 3879 3571 3959">
     <span class='ocr_line' id='line_1_109' title="bbox 2008 3879 3571 3959; baseline 0.006 -27"><span class='ocrx_word' id='word_1_862' title='bbox 2008 3881 2097 3933; x_wconf 83' lang='grc' dir='ltr'>τὺν</span> <span class='ocrx_word' id='word_1_863' title='bbox 2130 3879 2231 3948; x_wconf 86' lang='grc' dir='ltr'>τῆς</span> <span class='ocrx_word' id='word_1_864' title='bbox 2252 3881 2360 3934; x_wconf 89' lang='grc' dir='ltr'>τῶν</span> <span class='ocrx_word' id='word_1_865' title='bbox 2384 3881 2631 3952; x_wconf 85' lang='grc' dir='ltr'>πενήτων</span> <span class='ocrx_word' id='word_1_866' title='bbox 2655 3882 2884 3948; x_wconf 84' lang='grc' dir='ltr'>πόλεως,</span> <span class='ocrx_word' id='word_1_867' title='bbox 2922 3885 2970 3936; x_wconf 88' lang='grc' dir='ltr'>εἰ</span> <span class='ocrx_word' id='word_1_868' title='bbox 3000 3884 3284 3955; x_wconf 85' lang='grc' dir='ltr'>μέλλοιμεν</span> <span class='ocrx_word' id='word_1_869' title='bbox 3318 3887 3571 3959; x_wconf 85' lang='grc' dir='ltr'>καθαρῶς</span> 
     </span>
    </p>
   </div>
   <div class='ocr_carea' id='block_1_110' title="bbox 2011 3964 3572 4038">
    <p class='ocr_par' dir='ltr' id='par_1_110' title="bbox 2011 3964 3572 4038">
     <span class='ocr_line' id='line_1_110' title="bbox 2011 3964 3572 4038; baseline 0.005 -23"><span class='ocrx_word' id='word_1_870' title='bbox 2011 3964 2164 4016; x_wconf 90' lang='grc' dir='ltr'>πόλιν</span> <span class='ocrx_word' id='word_1_871' title='bbox 2201 3965 2448 4034; x_wconf 87' lang='grc' dir='ltr'>πενήτων</span> <span class='ocrx_word' id='word_1_872' title='bbox 2469 3967 2664 4027; x_wconf 87' lang='grc' dir='ltr'>ποιεῖν,</span> <span class='ocrx_word' id='word_1_873' title='bbox 2703 3967 2795 4018; x_wconf 85' lang='grc' dir='ltr'>καὶ</span> <span class='ocrx_word' id='word_1_874' title='bbox 2845 3965 2977 4035; x_wconf 73' lang='grc' dir='ltr'>μηδέ</span> <span class='ocrx_word' id='word_1_875' title='bbox 3001 3967 3129 4037; x_wconf 82' lang='grc' dir='ltr'>δναρ</span> <span class='ocrx_word' id='word_1_876' title='bbox 3160 3969 3276 4020; x_wconf 83' lang='grc' dir='ltr'>ἐκεῖ</span> <span class='ocrx_word' id='word_1_877' title='bbox 3305 3972 3572 4038; x_wconf 80' lang='grc' dir='ltr'>φαινέσθω</span> 
     </span>
    </p>
   </div>
   <div class='ocr_carea' id='block_1_111' title="bbox 2011 4045 3571 4126">
    <p class='ocr_par' dir='ltr' id='par_1_111' title="bbox 2011 4045 3571 4126">
     <span class='ocr_line' id='line_1_111' title="bbox 2011 4045 3571 4126; baseline 0.007 -29"><span class='ocrx_word' id='word_1_878' title='bbox 2011 4046 2248 4114; x_wconf 83' lang='grc' dir='ltr'>χρυσίον,</span> <span class='ocrx_word' id='word_1_879' title='bbox 2278 4045 2410 4115; x_wconf 84' lang='grc' dir='ltr'>μηδέ</span> <span class='ocrx_word' id='word_1_880' title='bbox 2444 4045 2630 4116; x_wconf 75' lang='grc' dir='ltr'>ἱμάτια</span> <span class='ocrx_word' id='word_1_881' title='bbox 2652 4048 2890 4100; x_wconf 86' lang='grc' dir='ltr'>τοιαῦτα·</span> <span class='ocrx_word' id='word_1_882' title='bbox 2925 4051 2970 4101; x_wconf 87' lang='grc' dir='ltr'>εἰ</span> <span class='ocrx_word' id='word_1_883' title='bbox 3000 4050 3055 4102; x_wconf 86' lang='grc' dir='ltr'>δὲ</span> <span class='ocrx_word' id='word_1_884' title='bbox 3085 4051 3280 4119; x_wconf 85' lang='grc' dir='ltr'>βούλει,</span> <span class='ocrx_word' id='word_1_885' title='bbox 3315 4053 3450 4124; x_wconf 85' lang='grc' dir='ltr'>μηδὲ</span> <span class='ocrx_word' id='word_1_886' title='bbox 3477 4054 3571 4126; x_wconf 79' lang='grc' dir='ltr'>ἀρ-</span> 
     </span>
    </p>
   </div>
   <div class='ocr_carea' id='block_1_112' title="bbox 2009 4129 3573 4206">
    <p class='ocr_par' dir='ltr' id='par_1_112' title="bbox 2009 4129 3573 4206">
     <span class='ocr_line' id='line_1_112' title="bbox 2009 4129 3573 4206; baseline 0.005 -27"><span class='ocrx_word' id='word_1_887' title='bbox 2009 4145 2195 4199; x_wconf 88' lang='grc' dir='ltr'>γυρος,</span> <span class='ocrx_word' id='word_1_888' title='bbox 2225 4129 2358 4198; x_wconf 88' lang='grc' dir='ltr'>μηδέ</span> <span class='ocrx_word' id='word_1_889' title='bbox 2412 4130 2478 4181; x_wconf 81' lang='grc' dir='ltr'>τὰ</span> <span class='ocrx_word' id='word_1_890' title='bbox 2522 4129 2580 4195; x_wconf 78' lang='grc' dir='ltr'>ἐξ</span> <span class='ocrx_word' id='word_1_891' title='bbox 2631 4129 2871 4201; x_wconf 90' lang='grc' dir='ltr'>ἀργύρου</span> <span class='ocrx_word' id='word_1_892' title='bbox 2921 4133 3109 4202; x_wconf 87' lang='grc' dir='ltr'>σκεύη.</span> <span class='ocrx_word' id='word_1_893' title='bbox 3152 4134 3215 4185; x_wconf 89' lang='grc' dir='ltr'>Τί</span> <span class='ocrx_word' id='word_1_894' title='bbox 3257 4131 3387 4200; x_wconf 80' lang='grc' dir='ltr'>οὖν;</span> <span class='ocrx_word' id='word_1_895' title='bbox 3424 4137 3573 4206; x_wconf 83' lang='grc' dir='ltr'>παρὰ</span> 
     </span>
    </p>
   </div>
   <div class='ocr_carea' id='block_1_113' title="bbox 2008 4219 3570 4294">
    <p class='ocr_par' dir='ltr' id='par_1_113' title="bbox 2008 4219 3570 4294">
     <span class='ocr_line' id='line_1_113' title="bbox 2008 4219 3570 4294; baseline 0.003 -22"><span class='ocrx_word' id='word_1_896' title='bbox 2008 4220 2165 4273; x_wconf 89' lang='grc' dir='ltr'>τοῦτο</span> <span class='ocrx_word' id='word_1_897' title='bbox 2196 4220 2389 4282; x_wconf 85' lang='grc' dir='ltr'>ἐνδεῶς</span> <span class='ocrx_word' id='word_1_898' title='bbox 2423 4219 2644 4290; x_wconf 80' lang='grc' dir='ltr'>ζήσεται</span> <span class='ocrx_word' id='word_1_899' title='bbox 2691 4221 2760 4274; x_wconf 88' lang='grc' dir='ltr'>τά</span> <span class='ocrx_word' id='word_1_900' title='bbox 2807 4225 2904 4290; x_wconf 79' lang='grc' dir='ltr'>τῆς</span> <span class='ocrx_word' id='word_1_901' title='bbox 2948 4224 3151 4286; x_wconf 90' lang='grc' dir='ltr'>πόλεως</span> <span class='ocrx_word' id='word_1_902' title='bbox 3197 4225 3418 4294; x_wconf 86' lang='grc' dir='ltr'>ταύτης,</span> <span class='ocrx_word' id='word_1_903' title='bbox 3454 4227 3570 4278; x_wconf 82' lang='grc' dir='ltr'>εἰπέ</span> 
     </span>
    </p>
   </div>
   <div class='ocr_carea' id='block_1_114' title="bbox 2010 4301 3571 4377">
    <p class='ocr_par' dir='ltr' id='par_1_114' title="bbox 2010 4301 3571 4377">
     <span class='ocr_line' id='line_1_114' title="bbox 2010 4301 3571 4377; baseline 0.003 -22"><span class='ocrx_word' id='word_1_904' title='bbox 2010 4321 2138 4374; x_wconf 86' lang='grc' dir='ltr'>μοι;</span> <span class='ocrx_word' id='word_1_905' title='bbox 2167 4303 2350 4356; x_wconf 79' lang='grc' dir='ltr'>Οὐδέν.</span> <span class='ocrx_word' id='word_1_906' title='bbox 2385 4303 2482 4354; x_wconf 77' lang='grc' dir='ltr'>Ἂν</span> <span class='ocrx_word' id='word_1_907' title='bbox 2511 4321 2570 4355; x_wconf 90' lang='grc' dir='ltr'>τε</span> <span class='ocrx_word' id='word_1_908' title='bbox 2614 4301 2721 4374; x_wconf 84' lang='lat'>7&amp;9</span> <span class='ocrx_word' id='word_1_909' title='bbox 2774 4304 3073 4367; x_wconf 83' lang='grc' dir='ltr'>οἰκοδομεῖν</span> <span class='ocrx_word' id='word_1_910' title='bbox 3105 4307 3218 4376; x_wconf 84' lang='grc' dir='ltr'>δέῃ,</span> <span class='ocrx_word' id='word_1_911' title='bbox 3264 4309 3323 4358; x_wconf 88' lang='grc' dir='ltr'>ού</span> <span class='ocrx_word' id='word_1_912' title='bbox 3371 4310 3571 4377; x_wconf 80' lang='grc' dir='ltr'>χρυσοῦ</span> 
     </span>
    </p>
   </div>
   <div class='ocr_carea' id='block_1_115' title="bbox 2008 4385 3573 4460">
    <p class='ocr_par' dir='ltr' id='par_1_115' title="bbox 2008 4385 3573 4460">
     <span class='ocr_line' id='line_1_115' title="bbox 2008 4385 3573 4460; baseline 0.003 -22"><span class='ocrx_word' id='word_1_913' title='bbox 2008 4386 2103 4438; x_wconf 73' lang='grc' dir='ltr'>καὶ</span> <span class='ocrx_word' id='word_1_914' title='bbox 2144 4385 2387 4456; x_wconf 88' lang='grc' dir='ltr'>ἀργύρου</span> <span class='ocrx_word' id='word_1_915' title='bbox 2416 4385 2495 4436; x_wconf 78' lang='grc' dir='ltr'>δεῖ</span> <span class='ocrx_word' id='word_1_916' title='bbox 2545 4385 2639 4437; x_wconf 73' lang='grc' dir='ltr'>καὶ</span> <span class='ocrx_word' id='word_1_917' title='bbox 2679 4387 3053 4456; x_wconf 84' lang='grc' dir='ltr'>μαργαριτῶν,</span> <span class='ocrx_word' id='word_1_918' title='bbox 3097 4388 3230 4440; x_wconf 89' lang='grc' dir='ltr'>ἀλλά</span> <span class='ocrx_word' id='word_1_919' title='bbox 3261 4391 3451 4460; x_wconf 84' lang='grc' dir='ltr'>τέχνης</span> <span class='ocrx_word' id='word_1_920' title='bbox 3480 4393 3573 4444; x_wconf 78' lang='grc' dir='ltr'>καὶ</span> 
     </span>
    </p>
   </div>
   <div class='ocr_carea' id='block_1_116' title="bbox 2008 4467 3574 4541">
    <p class='ocr_par' dir='ltr' id='par_1_116' title="bbox 2008 4467 3574 4541">
     <span class='ocr_line' id='line_1_116' title="bbox 2008 4467 3574 4541; baseline 0.004 -21"><span class='ocrx_word' id='word_1_921' title='bbox 2008 4468 2226 4537; x_wconf 88' lang='grc' dir='ltr'>χειρῶν,</span> <span class='ocrx_word' id='word_1_922' title='bbox 2254 4468 2452 4537; x_wconf 86' lang='grc' dir='ltr'>χειρῶν</span> <span class='ocrx_word' id='word_1_923' title='bbox 2479 4468 2535 4519; x_wconf 80' lang='grc' dir='ltr'>δὲ</span> <span class='ocrx_word' id='word_1_924' title='bbox 2557 4468 2654 4537; x_wconf 85' lang='grc' dir='ltr'>οὑχ</span> <span class='ocrx_word' id='word_1_925' title='bbox 2678 4467 2881 4532; x_wconf 86' lang='grc' dir='ltr'>ἁπλῶς,</span> <span class='ocrx_word' id='word_1_926' title='bbox 2905 4469 3037 4522; x_wconf 90' lang='grc' dir='ltr'>ἀλλά</span> <span class='ocrx_word' id='word_1_927' title='bbox 3060 4471 3462 4541; x_wconf 85' lang='grc' dir='ltr'>τετυλωμένων,</span> <span class='ocrx_word' id='word_1_928' title='bbox 3482 4475 3574 4528; x_wconf 76' lang='grc' dir='ltr'>καὶ</span> 
     </span>
    </p>
   </div>
   <div class='ocr_carea' id='block_1_117' title="bbox 2009 4550 3574 4626">
    <p class='ocr_par' dir='ltr' id='par_1_117' title="bbox 2009 4550 3574 4626">
     <span class='ocr_line' id='line_1_117' title="bbox 2009 4550 3574 4626; baseline 0.007 -24"><span class='ocrx_word' id='word_1_929' title='bbox 2009 4550 2284 4604; x_wconf 87' lang='grc' dir='ltr'>δακτύλων</span> <span class='ocrx_word' id='word_1_930' title='bbox 2314 4551 2757 4620; x_wconf 85' lang='grc' dir='ltr'>ἀπεσκληκότων,</span> <span class='ocrx_word' id='word_1_931' title='bbox 2780 4555 2873 4605; x_wconf 79' lang='grc' dir='ltr'>καὶ</span> <span class='ocrx_word' id='word_1_932' title='bbox 2900 4553 3078 4622; x_wconf 79' lang='grc' dir='ltr'>ἰσχύος</span> <span class='ocrx_word' id='word_1_933' title='bbox 3109 4556 3328 4626; x_wconf 81' lang='grc' dir='ltr'>πολλῆς,</span> <span class='ocrx_word' id='word_1_934' title='bbox 3369 4560 3461 4612; x_wconf 82' lang='grc' dir='ltr'>καὶ</span> <span class='ocrx_word' id='word_1_935' title='bbox 3485 4558 3574 4623; x_wconf 83' lang='grc' dir='ltr'>ξύ-</span> 
     </span>
    </p>
   </div>
   <div class='ocr_carea' id='block_1_118' title="bbox 2009 4634 3575 4713">
    <p class='ocr_par' dir='ltr' id='par_1_118' title="bbox 2009 4634 3575 4713">
     <span class='ocr_line' id='line_1_118' title="bbox 2009 4634 3575 4713; baseline 0.006 -28"><span class='ocrx_word' id='word_1_936' title='bbox 2009 4634 2115 4686; x_wconf 91' lang='grc' dir='ltr'>λων</span> <span class='ocrx_word' id='word_1_937' title='bbox 2144 4634 2237 4686; x_wconf 70' lang='grc' dir='ltr'>καὶ</span> <span class='ocrx_word' id='word_1_938' title='bbox 2255 4634 2434 4686; x_wconf 75' lang='grc' dir='ltr'>λίθωνο</span> <span class='ocrx_word' id='word_1_939' title='bbox 2465 4635 2528 4688; x_wconf 87' lang='grc' dir='ltr'>άν</span> <span class='ocrx_word' id='word_1_940' title='bbox 2551 4652 2608 4687; x_wconf 92' lang='grc' dir='ltr'>τε</span> <span class='ocrx_word' id='word_1_941' title='bbox 2634 4637 2878 4704; x_wconf 87' lang='grc' dir='ltr'>ὑφαίνειν</span> <span class='ocrx_word' id='word_1_942' title='bbox 2908 4639 3068 4691; x_wconf 89' lang='grc' dir='ltr'>πάλιν</span> <span class='ocrx_word' id='word_1_943' title='bbox 3104 4641 3333 4710; x_wconf 82' lang='grc' dir='ltr'>ἱμάτιον,</span> <span class='ocrx_word' id='word_1_944' title='bbox 3358 4644 3416 4696; x_wconf 83' lang='grc' dir='ltr'>ού</span> <span class='ocrx_word' id='word_1_945' title='bbox 3445 4661 3575 4713; x_wconf 91' lang='grc' dir='ltr'>χρυ-</span> 
     </span>
    </p>
   </div>
   <div class='ocr_carea' id='block_1_119' title="bbox 2012 4715 3576 4794">
    <p class='ocr_par' dir='ltr' id='par_1_119' title="bbox 2012 4715 3576 4794">
     <span class='ocr_line' id='line_1_119' title="bbox 2012 4715 3576 4794; baseline 0.004 -26"><span class='ocrx_word' id='word_1_946' title='bbox 2012 4716 2105 4769; x_wconf 89' lang='grc' dir='ltr'>σοῦ</span> <span class='ocrx_word' id='word_1_947' title='bbox 2135 4715 2294 4770; x_wconf 87' lang='grc' dir='ltr'>πάλιν</span> <span class='ocrx_word' id='word_1_948' title='bbox 2327 4719 2459 4785; x_wconf 88' lang='grc' dir='ltr'>ήμῖν</span> <span class='ocrx_word' id='word_1_949' title='bbox 2499 4717 2554 4770; x_wconf 84' lang='grc' dir='ltr'>δὲ</span> <span class='ocrx_word' id='word_1_950' title='bbox 2601 4721 2695 4772; x_wconf 79' lang='grc' dir='ltr'>καὶ</span> <span class='ocrx_word' id='word_1_951' title='bbox 2724 4719 2987 4790; x_wconf 86' lang='grc' dir='ltr'>ἀργύρου,</span> <span class='ocrx_word' id='word_1_952' title='bbox 3017 4723 3150 4776; x_wconf 87' lang='grc' dir='ltr'>ἀλλά</span> <span class='ocrx_word' id='word_1_953' title='bbox 3177 4726 3375 4794; x_wconf 86' lang='grc' dir='ltr'>χειρῶν</span> <span class='ocrx_word' id='word_1_954' title='bbox 3415 4727 3576 4779; x_wconf 78' lang='grc' dir='ltr'>πάλιν</span> 
     </span>
    </p>
   </div>
   <div class='ocr_carea' id='block_1_120' title="bbox 2010 4801 3574 4876">
    <p class='ocr_par' dir='ltr' id='par_1_120' title="bbox 2010 4801 3574 4876">
     <span class='ocr_line' id='line_1_120' title="bbox 2010 4801 3574 4876; baseline 0.006 -25"><span class='ocrx_word' id='word_1_955' title='bbox 2010 4801 2102 4852; x_wconf 73' lang='grc' dir='ltr'>καὶ</span> <span class='ocrx_word' id='word_1_956' title='bbox 2139 4801 2332 4871; x_wconf 82' lang='grc' dir='ltr'>τέχνης</span> <span class='ocrx_word' id='word_1_957' title='bbox 2379 4801 2469 4853; x_wconf 70' lang='grc' dir='ltr'>καὶ</span> <span class='ocrx_word' id='word_1_958' title='bbox 2519 4802 2792 4868; x_wconf 88' lang='grc' dir='ltr'>γυναικῶν</span> <span class='ocrx_word' id='word_1_959' title='bbox 2825 4804 3224 4876; x_wconf 80' lang='grc' dir='ltr'>ἐργαζομένων.</span> <span class='ocrx_word' id='word_1_960' title='bbox 3272 4809 3335 4861; x_wconf 88' lang='grc' dir='ltr'>Τί</span> <span class='ocrx_word' id='word_1_961' title='bbox 3372 4810 3449 4872; x_wconf 86' lang='grc' dir='ltr'>δὲ,</span> <span class='ocrx_word' id='word_1_962' title='bbox 3481 4811 3574 4863; x_wconf 82' lang='grc' dir='ltr'>ἐάν</span> 
     </span>
    </p>
   </div>
   <div class='ocr_carea' id='block_1_121' title="bbox 2010 4882 3571 4963">
    <p class='ocr_par' dir='ltr' id='par_1_121' title="bbox 2010 4882 3571 4963">
     <span class='ocr_line' id='line_1_121' title="bbox 2010 4882 3571 4963; baseline 0.006 -30"><span class='ocrx_word' id='word_1_963' title='bbox 2010 4886 2272 4951; x_wconf 84' lang='grc' dir='ltr'>γεωργεῖν</span> <span class='ocrx_word' id='word_1_964' title='bbox 2298 4882 2392 4954; x_wconf 84' lang='grc' dir='ltr'>δέῃ</span> <span class='ocrx_word' id='word_1_965' title='bbox 2436 4884 2527 4936; x_wconf 74' lang='grc' dir='ltr'>καὶ</span> <span class='ocrx_word' id='word_1_966' title='bbox 2558 4884 2819 4937; x_wconf 87' lang='grc' dir='ltr'>σκάπτειν</span> <span class='ocrx_word' id='word_1_967' title='bbox 2845 4887 2943 4956; x_wconf 83' lang='grc' dir='ltr'>τὴν</span> <span class='ocrx_word' id='word_1_968' title='bbox 2977 4889 3110 4958; x_wconf 84' lang='grc' dir='ltr'>γῆν;</span> <span class='ocrx_word' id='word_1_969' title='bbox 3141 4889 3506 4945; x_wconf 84' lang='grc' dir='ltr'>πλουτούντων</span> <span class='ocrx_word' id='word_1_970' title='bbox 3538 4893 3571 4963; x_wconf 82' lang='grc' dir='ltr'>ἢ</span> 
     </span>
    </p>
   </div>
   <div class='ocr_carea' id='block_1_122' title="bbox 2011 4965 3576 5043">
    <p class='ocr_par' dir='ltr' id='par_1_122' title="bbox 2011 4965 3576 5043">
     <span class='ocr_line' id='line_1_122' title="bbox 2011 4965 3576 5043; baseline 0.005 -27"><span class='ocrx_word' id='word_1_971' title='bbox 2011 4966 2322 5034; x_wconf 84' lang='grc' dir='ltr'>πενομένων</span> <span class='ocrx_word' id='word_1_972' title='bbox 2347 4965 2532 5034; x_wconf 91' lang='grc' dir='ltr'>χρεία;</span> <span class='ocrx_word' id='word_1_973' title='bbox 2564 4967 2728 5019; x_wconf 90' lang='grc' dir='ltr'>Παντί</span> <span class='ocrx_word' id='word_1_974' title='bbox 2755 4985 2855 5021; x_wconf 87' lang='grc' dir='ltr'>που</span> <span class='ocrx_word' id='word_1_975' title='bbox 2878 4970 3055 5040; x_wconf 82' lang='grc' dir='ltr'>δῆλον,</span> <span class='ocrx_word' id='word_1_976' title='bbox 3082 4973 3162 5024; x_wconf 83' lang='grc' dir='ltr'>ὅτι</span> <span class='ocrx_word' id='word_1_977' title='bbox 3180 4975 3442 5043; x_wconf 89' lang='grc' dir='ltr'>πενήτων.</span> <span class='ocrx_word' id='word_1_978' title='bbox 3470 4976 3576 5026; x_wconf 68' lang='grc' dir='ltr'>Καὶ</span> 
     </span>
    </p>
   </div>
   <div class='ocr_carea' id='block_1_123' title="bbox 2013 5045 3574 5118">
    <p class='ocr_par' dir='ltr' id='par_1_123' title="bbox 2013 5045 3574 5118">
     <span class='ocr_line' id='line_1_123' title="bbox 2013 5045 3574 5118; baseline 0.005 -22"><span class='ocrx_word' id='word_1_979' title='bbox 2013 5045 2128 5115; x_wconf 87' lang='grc' dir='ltr'>σίδη</span> <span class='ocrx_word' id='word_1_980' title='bbox 2140 5063 2227 5115; x_wconf 87' lang='grc' dir='ltr'>ρον</span> <span class='ocrx_word' id='word_1_981' title='bbox 2242 5046 2298 5098; x_wconf 82' lang='grc' dir='ltr'>δὲ</span> <span class='ocrx_word' id='word_1_982' title='bbox 2314 5047 2440 5099; x_wconf 80' lang='grc' dir='ltr'>ὅταν</span> <span class='ocrx_word' id='word_1_983' title='bbox 2456 5047 2548 5118; x_wconf 79' lang='grc' dir='ltr'>δὲῃ</span> <span class='ocrx_word' id='word_1_984' title='bbox 2564 5049 2964 5117; x_wconf 75' lang='grc' dir='ltr'>χαλκεύειν,καί</span> <span class='ocrx_word' id='word_1_985' title='bbox 2986 5054 3112 5106; x_wconf 76' lang='grc' dir='ltr'>ἀλλο</span> <span class='ocrx_word' id='word_1_986' title='bbox 3129 5071 3180 5104; x_wconf 89' lang='grc' dir='ltr'>τι</span> <span class='ocrx_word' id='word_1_987' title='bbox 3200 5055 3306 5107; x_wconf 84' lang='grc' dir='ltr'>τῶν</span> <span class='ocrx_word' id='word_1_988' title='bbox 3321 5055 3574 5106; x_wconf 86' lang='grc' dir='ltr'>τοιούτων</span> 
     </span>
    </p>
   </div>
   <div class='ocr_carea' id='block_1_124' title="bbox 2011 5128 3577 5204">
    <p class='ocr_par' dir='ltr' id='par_1_124' title="bbox 2011 5128 3577 5204">
     <span class='ocr_line' id='line_1_124' title="bbox 2011 5128 3577 5204; baseline 0.006 -26"><span class='ocrx_word' id='word_1_989' title='bbox 2011 5131 2205 5192; x_wconf 78' lang='grc' dir='ltr'>ποιεῖν,</span> <span class='ocrx_word' id='word_1_990' title='bbox 2236 5129 2328 5180; x_wconf 90' lang='grc' dir='ltr'>τοῦ</span> <span class='ocrx_word' id='word_1_991' title='bbox 2353 5128 2416 5198; x_wconf 86' lang='grc' dir='ltr'>δή</span> <span class='ocrx_word' id='word_1_992' title='bbox 2428 5147 2528 5198; x_wconf 85' lang='grc' dir='ltr'>μου</span> <span class='ocrx_word' id='word_1_993' title='bbox 2562 5132 2750 5186; x_wconf 86' lang='grc' dir='ltr'>τούτου</span> <span class='ocrx_word' id='word_1_994' title='bbox 2782 5135 3014 5203; x_wconf 87' lang='grc' dir='ltr'>μάλιστα</span> <span class='ocrx_word' id='word_1_995' title='bbox 3047 5139 3176 5204; x_wconf 79' lang='grc' dir='ltr'>ἡμῖν</span> <span class='ocrx_word' id='word_1_996' title='bbox 3209 5135 3304 5187; x_wconf 88' lang='grc' dir='ltr'>δεῖ.</span> <span class='ocrx_word' id='word_1_997' title='bbox 3341 5136 3446 5188; x_wconf 79' lang='grc' dir='ltr'>Ποῦ</span> <span class='ocrx_word' id='word_1_998' title='bbox 3484 5133 3577 5190; x_wconf 81' lang='grc' dir='ltr'>οὖν</span> 
     </span>
    </p>
   </div>
   <div class='ocr_carea' id='block_1_125' title="bbox 2011 5211 3577 5291">
    <p class='ocr_par' dir='ltr' id='par_1_125' title="bbox 2011 5211 3577 5291">
     <span class='ocr_line' id='line_1_125' title="bbox 2011 5211 3577 5291; baseline 0.007 -28"><span class='ocrx_word' id='word_1_999' title='bbox 2011 5211 2315 5280; x_wconf 88' lang='grc' dir='ltr'>δεησόμεθα</span> <span class='ocrx_word' id='word_1_1000' title='bbox 2344 5213 2451 5265; x_wconf 85' lang='grc' dir='ltr'>τῶν</span> <span class='ocrx_word' id='word_1_1001' title='bbox 2479 5214 2846 5269; x_wconf 86' lang='grc' dir='ltr'>πλουτούντων</span> <span class='ocrx_word' id='word_1_1002' title='bbox 2866 5218 3067 5270; x_wconf 75' lang='grc' dir='ltr'>λοιπόψ</span> <span class='ocrx_word' id='word_1_1003' title='bbox 3094 5219 3231 5288; x_wconf 80' lang='grc' dir='ltr'>πλὴν</span> <span class='ocrx_word' id='word_1_1004' title='bbox 3259 5222 3306 5270; x_wconf 90' lang='grc' dir='ltr'>εἰ</span> <span class='ocrx_word' id='word_1_1005' title='bbox 3343 5222 3414 5291; x_wconf 85' lang='grc' dir='ltr'>μὴ</span> <span class='ocrx_word' id='word_1_1006' title='bbox 3446 5223 3577 5274; x_wconf 79' lang='grc' dir='ltr'>καθο</span> 
     </span>
    </p>
   </div>
   <div class='ocr_carea' id='block_1_126' title="bbox 2013 5294 3576 5369">
    <p class='ocr_par' dir='ltr' id='par_1_126' title="bbox 2013 5294 3576 5369">
     <span class='ocr_line' id='line_1_126' title="bbox 2013 5294 3576 5369; baseline 0.006 -22"><span class='ocrx_word' id='word_1_1007' title='bbox 2013 5295 2152 5347; x_wconf 88' lang='grc' dir='ltr'>ελεῖν</span> <span class='ocrx_word' id='word_1_1008' title='bbox 2176 5294 2292 5346; x_wconf 88' lang='grc' dir='ltr'>δέον</span> <span class='ocrx_word' id='word_1_1009' title='bbox 2321 5295 2418 5366; x_wconf 83' lang='grc' dir='ltr'>τήν</span> <span class='ocrx_word' id='word_1_1010' title='bbox 2445 5297 2598 5348; x_wconf 87' lang='grc' dir='ltr'>πόλιν</span> <span class='ocrx_word' id='word_1_1011' title='bbox 2638 5298 2838 5367; x_wconf 80' lang='grc' dir='ltr'>ταύτην</span> <span class='ocrx_word' id='word_1_1012' title='bbox 2864 5317 2878 5364; x_wconf 86' lang='grc'>;</span> <span class='ocrx_word' id='word_1_1013' title='bbox 2912 5300 2973 5352; x_wconf 75' lang='lat' dir='ltr'>Ei</span> <span class='ocrx_word' id='word_1_1014' title='bbox 3008 5301 3116 5369; x_wconf 90' lang='lat'>7&amp;9</span> <span class='ocrx_word' id='word_1_1015' title='bbox 3157 5304 3576 5357; x_wconf 75' lang='grc' dir='ltr'>ἐπεισελθόντων</span> 
     </span>
    </p>
   </div>
   <div class='ocr_carea' id='block_1_127' title="bbox 2013 5376 3578 5458">
    <p class='ocr_par' dir='ltr' id='par_1_127' title="bbox 2013 5376 3578 5458">
     <span class='ocr_line' id='line_1_127' title="bbox 2013 5376 3578 5458; baseline 0.005 -29"><span class='ocrx_word' id='word_1_1016' title='bbox 2013 5376 2237 5458; x_wconf 82' lang='grc' dir='ltr'>ἐκείνων</span> <span class='ocrx_word' id='word_1_1017' title='bbox 2259 5379 2343 5458; x_wconf 84' lang='grc' dir='ltr'>εἰς</span> <span class='ocrx_word' id='word_1_1018' title='bbox 2365 5378 2461 5458; x_wconf 80' lang='grc' dir='ltr'>τὴν</span> <span class='ocrx_word' id='word_1_1019' title='bbox 2483 5378 2574 5458; x_wconf 84' lang='grc' dir='ltr'>τοῦ</span> <span class='ocrx_word' id='word_1_1020' title='bbox 2604 5381 2827 5458; x_wconf 63' lang='grc' dir='ltr'>χρυσίου</span> <span class='ocrx_word' id='word_1_1021' title='bbox 2859 5383 2952 5434; x_wconf 65' lang='grc' dir='ltr'>καί⁵</span> <span class='ocrx_word' id='word_1_1022' title='bbox 2974 5385 3071 5452; x_wconf 72' lang='grc' dir='ltr'>τήν</span> <span class='ocrx_word' id='word_1_1023' title='bbox 3093 5385 3199 5437; x_wconf 85' lang='grc' dir='ltr'>τῶν</span> <span class='ocrx_word' id='word_1_1024' title='bbox 3227 5387 3578 5458; x_wconf 83' lang='grc' dir='ltr'>μαργαριτῶν</span> 
     </span>
    </p>
   </div>
   <div class='ocr_carea' id='block_1_128' title="bbox 2013 5453 3578 5535">
    <p class='ocr_par' dir='ltr' id='par_1_128' title="bbox 2013 5453 3578 5535">
     <span class='ocr_line' id='line_1_128' title="bbox 2013 5453 3578 5535; baseline 0.005 -29"><span class='ocrx_word' id='word_1_1025' title='bbox 2013 5456 2300 5524; x_wconf 82' lang='grc' dir='ltr'>ἐμπέσοιεν</span> <span class='ocrx_word' id='word_1_1026' title='bbox 2331 5455 2640 5526; x_wconf 85' lang='grc' dir='ltr'>ἐπιθυμίαν,</span> <span class='ocrx_word' id='word_1_1027' title='bbox 2673 5453 2816 5512; x_wconf 78' lang='grc' dir='ltr'>οὗτοι</span> <span class='ocrx_word' id='word_1_1028' title='bbox 2845 5462 2893 5513; x_wconf 87' lang='grc' dir='ltr'>οἰ</span> <span class='ocrx_word' id='word_1_1029' title='bbox 2931 5463 3206 5531; x_wconf 73' lang='grc' dir='ltr'>φιλόσοφοι</span> <span class='ocrx_word' id='word_1_1030' title='bbox 3229 5453 3578 5535; x_wconf 61' lang='grc' dir='ltr'>(φιλοσόφους</span> 
     </span>
    </p>
   </div>
   <div class='ocr_carea' id='block_1_129' title="bbox 2015 5537 3574 5617">
    <p class='ocr_par' dir='ltr' id='par_1_129' title="bbox 2015 5537 3574 5617">
     <span class='ocr_line' id='line_1_129' title="bbox 2015 5537 3574 5617; baseline 0.004 -29"><span class='ocrx_word' id='word_1_1031' title='bbox 2015 5539 2122 5608; x_wconf 77' lang='lat'>7&amp;9</span> <span class='ocrx_word' id='word_1_1032' title='bbox 2161 5537 2268 5604; x_wconf 88' lang='grc' dir='ltr'>ἐγὼ</span> <span class='ocrx_word' id='word_1_1033' title='bbox 2317 5539 2466 5590; x_wconf 90' lang='grc' dir='ltr'>καλῶ</span> <span class='ocrx_word' id='word_1_1034' title='bbox 2505 5542 2626 5601; x_wconf 65' lang='grc' dir='ltr'>τοὺς</span> <span class='ocrx_word' id='word_1_1035' title='bbox 2665 5543 2815 5595; x_wconf 82' lang='grc' dir='ltr'>οὐδὲν</span> <span class='ocrx_word' id='word_1_1036' title='bbox 2865 5547 3112 5615; x_wconf 78' lang='grc' dir='ltr'>περιττὸν</span> <span class='ocrx_word' id='word_1_1037' title='bbox 3144 5547 3574 5617; x_wconf 65' lang='grc' dir='ltr'>ἐπιζητοῦντας),</span> 
     </span>
    </p>
   </div>
   <div class='ocr_carea' id='block_1_130' title="bbox 2015 5621 3579 5698">
    <p class='ocr_par' dir='ltr' id='par_1_130' title="bbox 2015 5621 3579 5698">
     <span class='ocr_line' id='line_1_130' title="bbox 2015 5621 3579 5698; baseline 0.001 -25"><span class='ocrx_word' id='word_1_1038' title='bbox 2015 5622 2181 5691; x_wconf 80' lang='grc' dir='ltr'>ἀργίᾳ</span> <span class='ocrx_word' id='word_1_1039' title='bbox 2222 5621 2401 5684; x_wconf 85' lang='grc' dir='ltr'>δόντες</span> <span class='ocrx_word' id='word_1_1040' title='bbox 2450 5625 2671 5687; x_wconf 79' lang='grc' dir='ltr'>ἑαυτοὺς</span> <span class='ocrx_word' id='word_1_1041' title='bbox 2725 5627 2817 5679; x_wconf 77' lang='grc' dir='ltr'>καὶ</span> <span class='ocrx_word' id='word_1_1042' title='bbox 2872 5633 3070 5698; x_wconf 78' lang='grc' dir='ltr'>τρυφῇ,</span> <span class='ocrx_word' id='word_1_1043' title='bbox 3109 5631 3285 5681; x_wconf 87' lang='grc' dir='ltr'>πάντα</span> <span class='ocrx_word' id='word_1_1044' title='bbox 3324 5625 3579 5679; x_wconf 82' lang='grc' dir='ltr'>ἀπολοῦσι</span> 
     </span>
    </p>
   </div>
   <div class='ocr_carea' id='block_1_131' title="bbox 2015 5702 3579 5778">
    <p class='ocr_par' dir='ltr' id='par_1_131' title="bbox 2015 5702 3579 5778">
     <span class='ocr_line' id='line_1_131' title="bbox 2015 5702 3579 5778; baseline 0.003 -25"><span class='ocrx_word' id='word_1_1045' title='bbox 2015 5702 2217 5757; x_wconf 72' lang='grc' dir='ltr'>λοιπόν.</span> <span class='ocrx_word' id='word_1_1046' title='bbox 2253 5704 2358 5756; x_wconf 69' lang='grc' dir='ltr'>Καὶ</span> <span class='ocrx_word' id='word_1_1047' title='bbox 2404 5707 2448 5756; x_wconf 81' lang='grc' dir='ltr'>εἰ</span> <span class='ocrx_word' id='word_1_1048' title='bbox 2491 5705 2565 5776; x_wconf 77' lang='grc' dir='ltr'>μὴ</span> <span class='ocrx_word' id='word_1_1049' title='bbox 2598 5709 2864 5778; x_wconf 78' lang='grc' dir='ltr'>χρήσιμος</span> <span class='ocrx_word' id='word_1_1050' title='bbox 2909 5713 2936 5762; x_wconf 81' lang='grc' dir='ltr'>ὁ</span> <span class='ocrx_word' id='word_1_1051' title='bbox 2968 5711 3210 5772; x_wconf 75' lang='grc' dir='ltr'>πλοῦτος,</span> <span class='ocrx_word' id='word_1_1052' title='bbox 3262 5710 3402 5777; x_wconf 66' lang='grc' dir='ltr'>ρησὶ,</span> <span class='ocrx_word' id='word_1_1053' title='bbox 3438 5707 3579 5770; x_wconf 79' lang='grc' dir='ltr'>τίνος</span> 
     </span>
    </p>
   </div>
  </div>
