3990 6168
239 379 345 436 295

243 499 285 553 si
314 508 503 552 rursus
533 503 737 550 vestem
774 501 972 554 texere,
1004 503 1108 543 non
1136 501 1268 542 auro
1311 497 1500 541 rursus
1541 497 1676 554 opus
1714 492 1817 545 ρει,

245 602 353 641 non
377 592 625 655 argento,
656 584 748 645 sed
777 581 1020 636 manibus
1036 592 1250 634 rursum
1272 584 1325 632 et
1353 583 1471 631 arte
1494 573 1833 627 mulieribus-

244 692 351 748 que
380 675 743 747 operantibus.
769 672 902 742 Quid
933 687 1058 726 vero
1088 670 1133 726 si
1160 678 1356 726 terram
1378 666 1564 722 coiere
1589 672 1833 735 oporteat

246 780 302 823 ct
332 768 540 834 fodere,
569 783 636 821 an
664 765 917 820 divitibus
942 778 1009 817 an
1056 761 1380 833 pauperibus
1421 768 1506 814 est
1534 757 1706 829 opus?
1733 757 1833 812 Pa-

251 861 357 914 lam
386 870 469 916 est
493 857 627 929 quod
655 855 999 929 pauperibus.
1032 854 1097 909 Et
1122 853 1168 909 si
1195 852 1395 907 ferrum
1425 859 1655 909 tractare
1675 862 1836 918 oper.

252 958 381 1016 teat,
403 958 493 1002 aut
512 928 645 1018 quid
667 928 851 1002 simile.
876 945 1075 1011 facere,
1108 943 1210 997 hac
1235 942 1467 1000 maxime
1499 939 1658 1011 plebe
1681 939 1836 995 nobis

249 1054 382 1111 opus
410 1049 511 1095 est.
540 1038 764 1095 Ubinam
791 1051 920 1107 ergo
942 1035 1196 1091 divitibus
1224 1049 1358 1104 opus
1380 1032 1712 1093 habebimus,
1733 1030 1836 1091 nisi

247 1135 525 1189 destruere
554 1140 798 1202 oporteat
830 1130 976 1185 hune
1007 1126 1316 1184 civitatem?
1344 1124 1476 1181 Nam
1518 1123 1565 1180 si
1614 1123 1718 1180 illis
1749 1122 1834 1177 in—

247 1225 466 1296 gressis,
496 1225 548 1280 in
582 1225 697 1278 auri
725 1233 779 1278 et
806 1222 1217 1294 margaritarum
1242 1217 1727 1289 concupiscentiam
1749 1216 1837 1271 iu-

247 1317 479 1371 ciderint
508 1316 562 1369 hi
595 1313 902 1384 philosephi
931 1311 1300 1386 (pbil050pltos
1340 1310 1483 1365 enim
1533 1322 1667 1364 voco
1716 1321 1835 1372 eos,

248 1405 337 1476 qui
367 1404 502 1460 nihil
534 1401 863 1472 superfluum
892 1401 1186 1473 quaerunt),
1218 1401 1327 1454 otio
1355 1414 1414 1455 se
1443 1398 1637 1454 dantes
1662 1404 1718 1452 et
1743 1410 1840 1450 vo-

250 1498 462 1568 luptati,
493 1494 670 1551 omnia
695 1493 910 1561 demum
934 1493 1180 1564 perdent.
1213 1492 1278 1548 Et
1304 1490 1406 1548 nisi
1433 1490 1596 1547 utiles
1625 1488 1837 1545 sintdi-

251 1589 419 1656 vitiac,
443 1588 674 1658 inquies,
697 1602 794 1642 cur
823 1603 853 1641 a
878 1586 1104 1642 Domino
1131 1585 1270 1640 datu:
1290 1583 1449 1638 sunt?
1475 1582 1545 1637 Et
1570 1580 1839 1636 undenatn

252 1683 423 1753 liquet
447 1679 660 1736 divitias
681 1695 710 1734 a
743 1680 853 1734 Deo
873 1678 1025 1733 dari?
1052 1678 1328 1748 Scriptura
1352 1675 1487 1731 dicit
1517 1694 1530 1728 :
1567 1674 1738 1729 Meum
1769 1682 1842 1731 est

253 1781 523 1844 argentum
545 1780 590 1824 et
618 1786 782 1824 meum
811 1784 993 1822 aurum
1020 1766 1215 1839 (Aggeri
1261 1765 1313 1820 2.
1336 1765 1416 1835 9),
1435 1776 1488 1820 et
1511 1766 1596 1820 cui
1623 1764 1843 1821 voluero

257 1844 582 1921 daboillud.
632 1859 755 1927 ilic,
785 1858 888 1913 nisi
920 1874 1032 1913 rem
1065 1866 1274 1925 turpem
1325 1855 1580 1922 facerem,
1624 1853 1844 1924 profuse

260 1968 403 2009 nunc
431 1953 690 2019 risissem,
714 1952 843 2023 illos,
863 1951 951 2022 qui
980 1950 1093 2005 lucc
1114 1949 1300 2004 dicunt
1339 1948 1595 2013 irridens,
1618 1948 1741 2018 quia
1766 1948 1843 2002 si-

255 2054 347 2100 cut
374 2044 581 2114 pueruli
613 2043 757 2113 regia
788 2041 1030 2098 fruentes
1057 2055 1264 2108 mensa,
1296 2055 1418 2094 cum
1458 2040 1548 2093 illo
1587 2039 1842 2095 alimento

250 2135 512 2207 quidquid
540 2134 787 2191 inciderit
812 2134 865 2189 in
898 2147 960 2187 os
987 2132 1254 2202 injiciunt.
1282 2130 1372 2185 Sic
1399 2139 1455 2185 et
1477 2131 1529 2184 hi
1552 2145 1676 2185 cum
1706 2130 1845 2185 divi-

250 2229 336 2283 nis
361 2226 657 2297 Scriptnris
674 2240 770 2282 sua
793 2240 1007 2296 quoque
1026 2224 1305 2295 colligunt.
1327 2222 1463 2278 Illud
1480 2224 1647 2289 enim,
1670 2222 1846 2277 Meum

249 2332 322 2375 est
348 2329 635 2390 argentum,
662 2328 707 2372 et
736 2333 899 2372 meum
928 2327 1000 2372 est
1028 2332 1234 2382 aurum,
1265 2315 1379 2371 scio
1404 2313 1608 2371 dictum
1636 2314 1846 2370 fuissca

252 2411 549 2481 propheta;
580 2409 712 2464 illud
736 2425 885 2475 vero,
913 2408 1009 2464 Cui
1056 2407 1278 2463 voluero
1315 2406 1455 2462 dabo
1497 2406 1697 2477 ipsum,
1739 2421 1847 2461 non

252 2503 322 2560 ibi
343 2504 551 2574 jacere,
580 2501 675 2558 sed
711 2516 741 2556 a
766 2500 991 2556 faecibus
1022 2501 1138 2557 istis
1178 2499 1452 2554 inductum
1495 2498 1678 2554 fuisse.
1712 2498 1849 2554 Illud

251 2610 385 2651 vero
413 2609 516 2664 qua
541 2592 608 2647 de
634 2607 796 2648 causa
831 2592 1033 2647 dictum
1064 2591 1134 2645 sit
1177 2590 1376 2647 dicam.
1421 2588 1694 2661 Propheta
1738 2589 1848 2659 Ag-

253 2701 428 2757 grens,
457 2684 582 2755 quia
607 2682 922 2755 frequenter
951 2681 1152 2740 Judrcis
1170 2682 1514 2753 promiserat,
1554 2689 1676 2751 post
1705 2679 1850 2736 redi-

254 2786 369 2833 tum
405 2792 473 2831 ex
507 2774 780 2846 Babylone
805 2789 866 2829 se
894 2774 1151 2844 templum
1191 2782 1533 2829 ostensurum
1579 2773 1634 2827 in
1670 2772 1852 2844 priore

257 2868 454 2936 forma,
488 2884 596 2925 non
627 2868 922 2924 credebant
951 2876 1130 2923 autem
1158 2866 1373 2937 quidam
1400 2866 1620 2932 dicenti,
1658 2875 1714 2921 et
1742 2866 1853 2922 fere

256 2977 374 3017 rem
411 2958 799 3031 impossibilem
836 2957 1240 3024 existimabant,
1279 2956 1422 3028 quod
1450 2957 1506 3012 in
1532 2959 1769 3014 cinerem
1799 2965 1859 3012 ct

258 3057 538 3127 pulverem
564 3053 782 3109 redacta
808 3051 1023 3117 domus,
1057 3051 1175 3106 talis
1198 3065 1409 3106 rursum
1438 3048 1746 3121 apparitura
1769 3062 1855 3105 cs»

257 3158 376 3212 set;
409 3147 501 3202 ille
528 3145 744 3200 solvens
769 3142 1202 3198 incredulitatem
1234 3142 1495 3212 ipsorum,
1529 3156 1596 3196 ex
1623 3156 1853 3212 persona

260 3239 358 3293 Dei
401 3238 521 3292 hazc
551 3236 701 3301 dicit,
732 3248 798 3290 ac
824 3234 871 3288 si
899 3233 1138 3289 diceret:
1166 3232 1303 3299 Quid
1333 3231 1564 3287 timetis?
1589 3231 1715 3303 quid
1750 3248 1854 3286 non

259 3328 523 3389 creditis?
548 3327 721 3381 Meum
745 3337 819 3381 est
841 3333 1104 3396 argentum
1120 3333 1169 3377 et
1185 3339 1349 3377 nicum
1372 3339 1575 3390 aurum,
1606 3337 1707 3378 nec
1720 3336 1857 3392 opus

263 3419 474 3485 habeo,
501 3426 559 3473 ut
585 3417 806 3487 pecunia
838 3418 1046 3472 frenare
1086 3423 1327 3484 accepta,
1360 3414 1443 3470 sic
1489 3413 1660 3469 eadem
1696 3428 1856 3468 exor-

263 3524 421 3564 nem.
455 3509 524 3563 Et
550 3507 691 3578 quod
719 3507 820 3564 hoc
846 3509 937 3574 sit,
969 3507 1245 3577 subiunxit
1279 3523 1292 3560 :
1339 3506 1405 3559 Et
1447 3506 1541 3560 erit
1565 3505 1731 3576 gloria
1760 3505 1858 3559 do-

261 3618 387 3657 mus
434 3602 593 3672 hujus
621 3600 797 3658 ultima
839 3618 992 3672 supra
1038 3601 1258 3672 primum
1288 3598 1484 3671 (Aggwi
1511 3597 1743 3668 2-10).
1781 3596 1861 3653 Ne

260 3708 404 3764 ergo
435 3692 491 3748 in
523 3691 893 3747 vestimentum
931 3693 1137 3763 regium
1186 3691 1321 3747 telas
1356 3706 1673 3746 aranearum
1704 3690 1862 3745 indu—

257 3798 480 3838 camus.
507 3780 642 3838 Nam
668 3781 857 3853 siquis
881 3781 1313 3852 deprehendatur
1340 3780 1394 3835 in
1421 3796 1654 3851 purpura
1684 3780 1860 3836 defor-

260 3893 349 3933 me
402 3877 733 3946 subtegmen
775 3884 1098 3942 contexens,
1148 3883 1419 3930 extremas
1461 3873 1610 3928 dabit
1650 3888 1859 3943 poenas,

261 3970 442 4025 multo
460 3970 637 4040 magis
680 3968 735 4023 in
774 3967 1379 4038 spirituaiibuszneque
1419 3968 1562 4022 enim
1594 3966 1717 4022 hinc
1744 3967 1862 4021 leve

261 4073 550 4131 peccatum
577 4061 771 4115 oritur.
793 4060 859 4115 Et
878 4060 1008 4132 quid
1035 4061 1155 4117 dico
1184 4061 1253 4117 de
1281 4059 1552 4115 additione
1579 4070 1632 4114 et
1652 4060 1719 4116 de
1736 4060 1861 4114 sub-

261 4154 576 4210 tractione?
615 4169 682 4208 ex
724 4162 923 4223 puncto
966 4161 1191 4218 tantum,
1225 4159 1280 4206 et
1305 4167 1371 4206 ex
1399 4151 1650 4206 simulata
1691 4152 1859 4206 altera

258 4246 501 4301 lectione
534 4244 700 4298 multa
726 4258 870 4314 saepe
894 4243 1126 4299 absurda
1151 4257 1308 4300 sensa
1336 4252 1456 4298 orta
1482 4252 1626 4298 sunt.

270 4392 275 4395 _
333 4338 391 4392 6.
430 4336 714 4394 Undenam
734 4351 863 4408 ergo
878 4335 1575 4406 divites?inquies;dietum
1597 4343 1678 4389 est
1694 4334 1859 4392 enim.

259 4429 482 4485 Divitiae
507 4438 557 4484 et
585 4438 865 4501 paupertas
888 4446 920 4482 a
949 4428 1169 4483 Domino
1206 4426 1393 4498 (Eccli.
1424 4428 1512 4481 il.
1554 4425 1664 4495 14).
1697 4425 1865 4487 Inter-,-

258 4521 588 4592 rogabimus
616 4535 744 4591 ergo
769 4534 867 4579 eos
893 4520 985 4590 qui
1014 4520 1129 4574 haec
1155 4518 1309 4574 nobis
1330 4517 1623 4588 objiciunt:
1653 4517 1864 4587 Ergone

256 4627 461 4668 omnes
493 4611 696 4666 divitia:
724 4620 780 4667 et
802 4611 980 4666 omnis
1010 4619 1296 4681 paupertas
1321 4626 1350 4664 a
1377 4610 1637 4667 Domino?
1663 4619 1716 4664 et
1742 4610 1863 4680 quis

257 4705 366 4760 hoc
393 4703 642 4759 dixerit?
670 4701 802 4758 Nam
828 4702 1073 4757 videmus
1098 4711 1153 4757 et
1176 4717 1238 4756 ex
1272 4700 1458 4771 rapina
1485 4712 1540 4757 et
1569 4715 1636 4756 ex
1657 4701 1863 4755 malefi-

254 4797 345 4851 cio
375 4797 432 4850 in
464 4795 740 4851 fodiendis
766 4794 1049 4865 sepulcris,
1074 4802 1128 4848 et
1154 4809 1218 4848 ex
1248 4792 1530 4863 praestigiis
1542 4808 1715 4863 exque
1744 4792 1866 4848 aliis

255 4886 588 4959 hojusmodi
614 4886 824 4953 causis,
855 4900 1077 4958 magnas
1102 4901 1130 4939 a
1163 4885 1344 4940 multis
1370 4884 1580 4943 eorradi
1628 4885 1861 4951 divitias,

253 4990 312 5034 et
339 4980 438 5051 qui
470 4993 576 5035 eas
619 4977 917 5047 possident,
964 4992 1035 5032 ne
1075 4976 1180 5031 vita
1225 4975 1447 5046 quidem
1488 4974 1679 5045 dignos
1717 4988 1862 5030 esse.

252 5073 399 5140 Quid
427 5086 596 5143 ergo,
625 5070 714 5126 die
735 5069 890 5138 mihi,
916 5070 1136 5126 hascine
1154 5068 1365 5124 divitias
1389 5083 1420 5121 a
1449 5067 1559 5122 Deo
1582 5081 1702 5122 esse
1723 5066 1867 5122 dica-

253 5166 419 5222 mus?
449 5163 656 5221 Absit:
688 5162 787 5219 sed
806 5162 1115 5219 undenam?
1149 5162 1226 5217 Ex
1258 5169 1499 5231 peccato.
1522 5158 1655 5214 Nam
1688 5173 1865 5213 mere-

256 5258 358 5312 trix
401 5269 622 5327 corpus
662 5270 819 5311 suum
858 5253 1180 5310 contumelia
1216 5252 1481 5319 afficiens,
1526 5248 1774 5313 ditescit;
1814 5258 1869 5304 et

258 5351 547 5416 formosus
591 5349 907 5405 adolescens
949 5362 1094 5418 saepe
1138 5345 1361 5402 formam
1405 5342 1645 5400 vendens
1691 5355 1864 5406 suain,

258 5462 382 5502 cum
416 5443 768 5515 turpitudine
790 5457 978 5497 aurum
1010 5440 1282 5512 possidet;
1315 5448 1370 5493 et
1397 5437 1766 5509 sepulcrorum
1789 5434 1869 5489 ef-

259 5537 464 5601 fossor,
485 5535 729 5606 diruptis
746 5533 1027 5603 sepulcris,
1046 5531 1258 5587 divitias
1275 5530 1418 5600 cogit
1442 5529 1691 5600 injustas,
1714 5528 1869 5581 item-

260 5643 364 5698 que
391 5630 550 5684 latro
578 5627 749 5681 muris
791 5626 1095 5696 perforatis.
1134 5623 1346 5693 Ergone
1371 5635 1404 5675 a
1431 5620 1655 5676 Domino
1678 5633 1869 5677 omnes

255 5719 509 5777 divitim?
539 5717 682 5786 Quid
723 5730 876 5787 ergo,
905 5715 1138 5786 inquies,
1182 5710 1631 5783 respondebimus
1663 5707 1731 5765 ad
1761 5709 1867 5765 hoc

256 5808 504 5871 dictum?
542 5810 699 5866 Disce
726 5809 873 5879 prius
899 5823 997 5863 nec
1026 5813 1393 5877 paupertatem
1419 5818 1450 5860 a
1481 5803 1594 5861 Deo
1630 5822 1773 5876 esse,
1808 5823 1865 5864 et

619 5905 888 5967 PATROL.
942 5908 1056 5969 Gn.
1111 5908 1266 5969 LXI.

1233 368 1300 426 IN
1339 365 1553 423 EPIST.
1599 365 1616 420 l
1681 365 1770 420 AD
1807 363 1966 421 (ΞΟΠ.
2008 363 2242 421 ιιοιιιι.
2287 364 2524 421 XXXIV.

3422 370 3527 428 29a

1941 488 2068 537 tunc
2091 478 2158 535 ad
2187 478 2288 535 hoc
2314 478 2517 537 dictum
2550 478 2841 537 vtnticmus.
2876 481 3009 543 Cum
3038 483 3180 541 enim
3220 484 3340 554 quis
3364 485 3521 556 juve-

1937 573 2021 627 nis
2047 571 2300 644 prodigus
2321 580 2413 628 aut
2441 573 2493 628 in
2525 574 2838 630 meretrices
2867 574 3082 631 divitias
3110 579 3526 648 consumpserit,

1936 670 2028 718 aut
2053 664 2105 717 in
2136 662 2571 733 prarstigiatores,
2622 674 2711 718 aut
2761 663 2814 719 in
2844 664 2979 741 alias
3018 667 3296 738 quaspiam
3323 668 3528 731 similes

1936 753 2291 824 cupiditates,
2311 762 2369 811 et
2393 769 2597 827 pauper
2624 756 2889 821 evaserit;
2923 771 3101 813 nonne
3129 758 3304 828 palam
3326 758 3534 817 esthoc

1937 859 1967 901 a
2001 845 2111 900 Deo
2142 844 2340 903 factum
2380 858 2487 900 non
2540 860 2681 909 esse.
2713 844 2810 901 sed
2853 845 2923 902 ab
2962 847 3130 918 ipsius
3178 847 3534 919 profusione?

1941 936 2172 1004 Rursum
2202 936 2247 991 si
2277 937 2399 1015 quis
2427 936 2496 992 ob
2531 938 2817 1007 segnitiem
2859 953 3059 1009 pauper
3089 941 3196 1009 fiat,
3230 941 3276 995 si
3315 942 3434 1012 quis
3466 958 3535 998 ex

1941 1029 2147 1085 insania
2205 1030 2259 1085 in
2303 1038 2670 1100 paupertatem
2715 1030 2948 1099 decidat,
2975 1033 3023 1088 si
3052 1035 3173 1103 quis
3202 1034 3530 1105 periculosas

1939 1128 1996 1175 et
2024 1119 2233 1191 iniquas
2253 1134 2342 1185 res
2369 1135 2683 1192 aggressus;
2726 1136 2906 1181 nonne
2942 1124 3289 1195 conSpicuum
3312 1141 3533 1197 prorsus
3566 1166 3567 1169 η

1940 1221 2043 1276 est,
2074 1211 2279 1266 nullum
2305 1226 2494 1267 eorum
2521 1212 2612 1283 qui
2657 1213 2965 1283 huiusmodi
2994 1223 3120 1270 sunt
3164 1216 3217 1271 in
3250 1229 3532 1289 paupertav

1941 1310 2049 1357 tem
2077 1317 2107 1356 a
2139 1303 2251 1357 Deo
2277 1302 2545 1373 dejectum
2575 1304 2778 1361 fuisse?
2801 1304 3054 1364 Mentitur
3073 1323 3203 1377 ergo
3228 1308 3533 1383 Scriptura?

1944 1391 2124 1459 Absit;
2153 1393 2247 1449 sed
2282 1394 2445 1461 stulte
2474 1404 2639 1465 agunt
2669 1394 2727 1460 ii,
2775 1397 2865 1466 qui
2898 1411 3005 1453 non
3037 1413 3158 1454 cum
3203 1414 3266 1454 ea
3304 1416 3407 1471 qua
3435 1418 3531 1472 par

1942 1494 2085 1541 esset
2109 1487 2453 1541 accuratione
2474 1488 2652 1541 omnia
2681 1503 2800 1559 qua:
2822 1491 3019 1560 scripta
3047 1500 3174 1547 sunt
3197 1494 3530 1549 examinant.

1942 1575 2075 1631 Nam
2102 1576 2152 1632 si
2175 1585 2230 1635 et
2250 1576 2355 1635 hoc
2380 1577 2434 1634 in
2460 1576 2710 1636 confesso
2745 1580 2838 1648 sit,
2865 1580 3010 1652 quod
3050 1582 3330 1656 Scriptura
3377 1601 3531 1643 tuen-

1945 1670 2032 1726 tiri
2062 1681 2316 1742 nequeat,
2363 1681 2419 1728 et
2470 1672 2574 1730 hoc
2613 1660 3063 1732 demonstratum.
3090 1677 3181 1744 sit,
3231 1678 3374 1751 quod
3422 1662 3537 1750 non:

1943 1775 2132 1818 omnes
2157 1761 2357 1818 divitiae
2392 1777 2423 1829 ρ
2465 1764 2576 1820 Deo
2602 1764 2738 1832 sint;
2787 1766 3077 1825 difficultas
3104 1770 3251 1827 venit
3276 1786 3340 1826 ex
3366 1771 3536 1828 imbe-

1943 1852 2168 1908 cillitate
2191 1867 2379 1909 eorum
2410 1855 2502 1924 qui
2533 1871 2640 1913 non
2667 1857 3008 1915 considerate
3035 1859 3237 1932 legunt.
3272 1860 3344 1919 Et
3367 1877 3533 1933 Opor-

1947 1945 2320 2014 teretquidem
2346 1962 2444 2005 vos
2472 1947 2915 2014 dimittere,ucum
2955 1950 3010 2006 in
3042 1951 3148 2015 hoc
3195 1934 3533 2024 Scripturam

1945 2039 2015 2095 ab
2039 2040 2236 2097 oblatis
2261 2041 2582 2099 criminibus
2622 2042 2997 2112 liberavimus,
3026 2055 3084 2102 ut
3125 2046 3224 2103 has
3252 2022 3410 2102 nobis
3440 2022 3534 2104 ve-

1946 2139 2074 2186 stre:
2095 2131 2149 2185 in
2172 2130 2415 2203 legendis
2434 2131 2727 2203 Scripturis
2747 2133 3085 2206 negligentia:
3105 2135 3305 2193 daretis
3326 2152 3534 2209 pinnas:

1948 2235 2135 2277 verum
2162 2222 2287 2291 quia
2322 2223 2469 2280 vobis
2498 2223 2790 2281 admodum
2818 2239 3007 2296 parco,
3057 2235 3112 2282 et
3159 2242 3267 2283 non
3318 2244 3534 2297 possunt

1948 2314 2177 2384 amplius
2200 2313 2387 2370 videre
2413 2328 2510 2371 vos
2533 2316 2905 2386 conturbatos,
2937 2332 3037 2389 age
3061 2318 3386 2376 solutionem
3416 2320 3540 2377 affe-

1951 2420 2151 2474 ramus,
2178 2407 2352 2477 primo
2373 2423 2496 2464 eum
2521 2410 2611 2480 qui
2652 2408 2787 2465 dixit
2824 2394 3210 2489 memorantes,
3239 2425 3295 2473 et
3318 2417 3543 2489 quando

1950 2497 2149 2555 dictum
2176 2498 2358 2566 fuerit,
2380 2509 2437 2556 et
2464 2501 2533 2557 ad
2562 2516 2849 2570 quosnam.
2879 2502 3064 2575 Neque
3088 2484 3233 2562 enim
3261 2484 3540 2565 Deus'cuin

1951 2590 2200 2647 omnibus
2222 2591 2471 2648 similiter
2487 2592 2753 2664 loquitur;
2782 2602 2840 2650 ut
2870 2611 3044 2667 neque
3080 2613 3179 2655 nos
3201 2615 3323 2654 cum
3361 2601 3544 2671 pueris

1952 2688 2005 2735 ct
2025 2696 2147 2736 eum
2172 2683 2296 2738 viris
2312 2683 2560 2739 similiter
2577 2685 2739 2741 verba
2766 2685 3008 2743 facimus.
3027 2688 3381 2758 Quandonam
3409 2708 3540 2765 ergo

1953 2771 2156 2828 dictum
2200 2783 2319 2840 est,
2348 2784 2404 2830 et
2429 2789 2460 2828 a
2485 2789 2594 2845 quo
2613 2816 2627 2843 ,
2658 2786 2717 2833 et
2742 2777 2810 2832 ad
2832 2780 3133 2849 quosnam?
3165 2783 3205 2835 A
3254 2782 3543 2839 Salomone

1956 2864 2010 2920 in
2033 2862 2213 2920 Veteri
2254 2864 2322 2920 ad
2360 2865 2596 2932 indutos,
2625 2867 2716 2938 qui
2755 2868 2886 2923 nihil
2930 2869 3076 2926 aliud
3109 2871 3352 2927 sciebant
3383 2888 3543 2942 quam

1956 2956 2253 3023 sensibiiia,
2273 2966 2329 3012 et
2355 2958 2425 3012 ab
2453 2957 2519 3012 iis
2550 2958 2645 3014 Dei
2677 2959 2928 3016 virtutem
2959 2960 3279 3031 probabant.
3310 2942 3374 3018 iii
3400 2963 3545 3020 enim

1956 3057 2083 3107 sunt
2128 3050 2218 3121 qui
2254 3050 2544 3107 dicebant:
2573 3050 2843 3124 Numquid
2887 3063 2935 3108 et
2986 3071 3170 3125 panem
3212 3057 3396 3128 pulerit
3425 3058 3549 3113 dare

1960 3140 2129 3213 (Psal.
2162 3143 2250 3197 77.
2271 3141 2489 3213 20)?et,
2513 3142 2661 3210 Quod
2685 3145 2890 3217 signant
2919 3147 3141 3203 ostendis
3167 3147 3308 3204 nobis
3331 3146 3546 3219 (Hatth.

1959 3234 2048 3290 12.
2076 3235 2206 3308 58)?
2230 3234 2410 3290 Patres
2431 3237 2590 3290 nostri
2610 3238 3047 3294 manducaverunt
3072 3257 3259 3295 manna
3278 3240 3330 3295 in
3352 3241 3551 3296 deserto

1960 3325 2143 3394 (Joan.
2175 3326 2229 3382 6.
2281 3326 2392 3397 5i).
2446 3326 2676 3392 Quorum
2706 3328 2833 3383 deus
2863 3339 3029 3384 center
3055 3330 3316 3402 (Philipp.
3344 3332 3403 3386 5.
3437 3332 3547 3402 i9).

1960 3419 2224 3483 Quoniam
2256 3418 2415 3488 igitur
2455 3433 2520 3472 ex
2566 3419 2631 3473 iis
2670 3419 2819 3473 ilium
2861 3421 3207 3488 exercebant,
3234 3422 3365 3477 dicit
3394 3422 3547 3492 ipsis,

1962 3509 2074 3569 liae
2101 3524 2315 3579 quoque
2343 3519 2522 3577 potest
2551 3510 2712 3576 Deus,
2744 3519 2799 3565 et
2825 3511 3020 3568 divites
3047 3511 3225 3569 facere
3250 3521 3307 3568 ct
3337 3528 3550 3584 paupe-

1962 3615 2085 3665 res;
2113 3614 2221 3656 non
2253 3599 2396 3669 quod
2428 3599 2650 3653 ontnino
2682 3600 2799 3668 ipse
2827 3599 3008 3668 faciat,
3052 3602 3148 3659 sed
3185 3603 3328 3673 quod
3359 3604 3550 3673 possit,

1962 3693 2177 3762 quando
2202 3693 2464 3748 voluerit:
2492 3702 2627 3747 utet
2651 3693 2868 3763 quando
2891 3693 3108 3762 dixerit,
3136 3696 3236 3762 Qui
3256 3697 3388 3752 mari
3410 3713 3550 3752 com-

1962 3784 2208 3853 minatur,
2239 3793 2288 3839 et
2313 3784 2531 3838 exsiccet
2556 3782 2709 3849 illud,
2738 3793 2786 3839 et
2809 3800 2981 3839 omnes
3006 3786 3190 3856 ﬂuvios
3215 3787 3268 3841 in
3298 3788 3549 3845 desertum

1962 3877 2197 3948 redigens
2237 3874 2498 3948 (Na/tum.
2550 3876 2603 3932 i.
2649 3877 2742 3948 4);
2776 3892 3097 3949 quamquam
3130 3879 3231 3935 hoc
3257 3897 3549 3951 nutuquam

1964 3969 2162 4024 factum
2178 3978 2279 4024 est.
2299 3968 2581 4037 Quomodo
2609 3969 2774 4040 igitur
2799 3970 2927 4026 illud
2955 3971 3218 4043 propheta
3247 3973 3413 4029 dicit?
3432 3974 3548 4029 Non

1962 4060 2104 4129 quod
2130 4074 2349 4129 semper
2374 4060 2485 4125 fiat,
2514 4060 2611 4115 sed
2637 4061 2781 4132 quod
2814 4062 2930 4132 ipse
2956 4065 3128 4134 possit
3147 4063 3347 4119 facere.
3377 4066 3549 4131 Quam

1964 4166 2094 4221 ergo
2144 4159 2515 4222 paupertatem
2559 4151 2650 4207 dat
2687 4164 2743 4208 et
2781 4168 2917 4224 quas
2961 4154 3218 4210 divitias?
3244 4155 3550 4213 Recordare

1968 4242 2309 4310 patriarchm,
2339 4253 2395 4299 et
2423 4245 2565 4299 scies
2610 4260 2857 4315 quaenam
2896 4260 2928 4300 a
2959 4246 3073 4302 Deo
3099 4246 3296 4305 dentur
3322 4247 3547 4307 divitim.

1965 4334 2097 4386 Nam
2129 4334 2493 4388 Abrahamum
2525 4334 2641 4403 ipse
2669 4334 2893 4390 divitem
2941 4335 3202 4400 reddidit;
3249 4345 3304 4392 et
3336 4348 3457 4407 post
3484 4340 3549 4392 il-

1967 4426 2073 4479 lum
2096 4424 2312 4490 Jobum,
2337 4434 2471 4480 utet
2500 4425 2616 4494 ipse
2639 4425 2802 4480 dicit:
2835 4425 2899 4480 Si
2933 4424 3066 4480 bona
3095 4426 3297 4494 quidem
3320 4431 3546 4499 suscepi-

1968 4532 2079 4569 mus
2103 4532 2135 4568 a
2162 4514 2405 4579 Domino,
2449 4514 2587 4569 mala
2612 4525 2778 4571 autem
2806 4534 2908 4572 non
2935 4519 3292 4576 sustinebimus
3316 4520 3467 4593 (Job.
3491 4524 3549 4579 9..

1970 4609 2098 4680 10)?
2122 4609 2186 4663 Et
2214 4608 2401 4664 Jacobi
2433 4610 2633 4666 divitia:
2663 4610 2789 4668 inde
2816 4613 3024 4669 initium
3058 4627 3423 4685 sumpserunt.
3457 4616 3551 4673 Est

1967 4712 2147 4757 autem
2172 4711 2227 4756 et
2270 4712 2556 4772 paupertas
2581 4703 2648 4759 ab
2677 4719 2743 4759 eo
2772 4705 3075 4768 laudabilis.
3107 4723 3267 4776 quam
3296 4709 3367 4763 illi
3397 4709 3549 4764 divin

1971 4807 2095 4850 tunc
2118 4797 2438 4851 conciliabat
2478 4797 2704 4852 dicens:
2736 4797 2800 4852 Si
2843 4798 2916 4853 vis
2956 4803 3206 4871 perfectus
3234 4816 3364 4865 esse,
3397 4806 3553 4856 vende

1966 4901 2079 4957 quia
2100 4886 2273 4953 habes,
2296 4896 2340 4941 et
2359 4887 2425 4941 ila
2454 4888 2780 4958 pauperibus,
2801 4898 2848 4942 et
2872 4889 2985 4943 veni
3008 4906 3209 4960 sequere
3228 4908 3306 4946 me
3332 4891 3552 4964 (Matth.

1969 4978 2057 5034 i9.
2083 4976 2210 5049 21):
2237 4986 2292 5033 et
2319 4975 2600 5046 discipulis
2626 4994 2841 5035 rursum
2878 4980 3052 5052 legem
3081 4991 3329 5040 statuens
3365 5000 3428 5041 ac
3465 4987 3553 5042 di-

1969 5086 2133 5126 cens:
2160 5069 2336 5124 Nolite
2376 5070 2632 5139 possidere
2657 5088 2862 5138 auram,
2897 5091 3059 5145 neque
3083 5083 3378 5145 argentum,
3396 5093 3557 5149 neque

1971 5165 2097 5217 duas
2123 5165 2317 5216 tunicas
2346 5160 2498 5233 (an.
2528 5164 2580 5217 υ.
2605 5163 2686 5234 3).
2704 5164 2780 5220 Ne
2796 5166 2976 5235 itaque
2999 5165 3145 5220 dicas
3170 5167 3341 5236 ipsum
3363 5182 3553 5227 omnes

1971 5255 2102 5310 dare
2128 5253 2372 5307 divitias:
2404 5269 2525 5307 nam
2554 5254 2978 5311 demonstratum
3022 5265 3106 5311 est
3138 5266 3195 5314 et
3220 5275 3287 5314 ex
3314 5263 3551 5318 cardibus

1973 5359 2027 5401 et
2048 5362 2110 5400 ex
2137 5345 2340 5414 rapinis
2370 5357 2424 5399 et
2449 5359 2514 5399 ex
2544 5345 2693 5401 mille
2712 5347 2835 5400 aliis
2863 5347 3237 5406 occasionibus
3260 5349 3405 5422 ipsas
3433 5355 3553 5409 col-

1973 5437 2084 5505 ligi.
2107 5435 2211 5490 Sed
2245 5450 2430 5490 rursus
2453 5434 2519 5489 ad
2545 5437 2781 5507 priorem
2808 5439 3165 5508 quaestionem
3186 5456 3365 5499 seruio
3395 5443 3556 5499 redu-

1972 5538 2142 5583 catur.
2168 5527 2227 5590 Si
2256 5528 2400 5581 enim
2422 5526 2490 5581 ad
2526 5528 2656 5583 nihil
2677 5528 2834 5585 nobis
2864 5530 3026 5588 utiles
3053 5534 3246 5591 divites
3273 5544 3417 5600 sunt,
3455 5549 3554 5589 ettr

1975 5619 2099 5674 facti
2131 5617 2313 5673 fuere?
2340 5618 2465 5689 quid
2493 5634 2624 5690 ergo
2649 5620 2979 5678 dixerimus?
3007 5625 3160 5692 Quod
3202 5625 3255 5679 hi
3285 5640 3390 5679 non
3424 5640 3550 5691 pro-

1975 5712 2100 5776 sint,
2133 5710 2222 5779 qui
2251 5726 2310 5765 se
2337 5711 2415 5767 sic
2434 5711 2629 5768 divites
2656 5713 2911 5780 reddunt;
2942 5726 3000 5771 ut
3022 5717 3096 5770 illi
3127 5717 3219 5786 qui
3243 5731 3272 5769 a
3299 5717 3406 5769 Deo
3430 5716 3553 5770 facti

1976 5817 2119 5878 sunt,
2151 5807 2301 5864 valde
2330 5819 2451 5866 sunt
2481 5811 2657 5867 utiles.
2684 5804 2797 5861 Hoc
2827 5806 2893 5861 ab
2924 5806 3136 5862 illorum
3163 5805 3330 5874 gestis
3350 5802 3550 5861 cdiscc.

3127 5894 3200 5955 19
