3990 6168
456 327 572 384 7295

469 438 1299 511 ΕιθιιῑιηῐΑιιισιιιηιηι-διδειιοετίηἰε
1337 446 1392 494 et
1433 438 1619 510 egenis
1647 435 1897 492 omnibus
1925 451 2046 508 pos-

452 537 677 594 sidebat
721 534 954 604 divitias.
1000 530 1097 588 ille
1123 531 1267 586 enim
1298 545 1420 586 cum
1450 529 1792 584 advenissent
1836 536 1965 594 tres,
1995 537 2052 584 ut

463 627 825 690 existimabat,
857 624 1125 692 homines,
1155 623 1326 678 vitulo
1353 631 1584 678 mactato
1608 621 1880 692 tribusque
1903 619 2047 675 simi-

434 719 530 773 ...ιω
551 716 820 772 mensuris
849 714 1108 784 subactis,
1127 714 1180 770 in
1199 715 1444 784 ostioque
1464 712 1659 769 sedens
1676 721 1917 782 tempore
1935 726 2047 766 me-

464 807 694 875 ridiano,
713 808 993 864 considera
1011 821 1130 862 cum
1147 815 1345 878 quanta
1364 806 1682 862 liberalitate
1697 815 1751 861 et
1770 805 2046 862 alacritate

443 917 552 956 --sua
576 901 824 956 omnibus
854 899 1206 971 impenderet,
1231 914 1355 954 cum
1394 898 1638 970 pecuniis
1666 899 1824 952 etiam
1855 911 2046 966 corpo-

459 994 532 1049 ris
561 993 916 1050 ministerium
942 991 1224 1058 adhibens,
1251 1000 1305 1047 et
1335 990 1450 1046 bare
1465 990 1517 1044 in
1543 998 1687 1044 tanto
1711 989 1884 1044 senio.
1909 988 2041 1044 Por-

452 1087 976 1158 tus-erat-hospitum
1003 1100 1295 1154 eorumque
1328 1084 1416 1155 qui
1447 1084 1499 1138 in
1519 1082 1842 1138 necessitate
1860 1089 2034 1146 erant,

457 1184 588 1239 nihil
609 1184 709 1238 sibi
729 1183 998 1254 proprium
1022 1180 1323 1252 pessidens,
1348 1193 1447 1234 nec
1472 1179 1633 1232 etiam
1659 1175 1826 1230 lilium
1847 1189 2036 1230 suum:

458 1277 569 1332 Deo
598 1291 830 1346 namque
853 1273 1082 1345 juhcnte
1113 1272 1258 1327 hunc
1299 1270 1464 1328 etiam
1497 1268 1745 1335 tradidit;
1777 1283 1896 1322 cum
1930 1267 2040 1323 lilio

453 1379 634 1424 autem
656 1368 892 1437 seipsum
920 1364 1090 1432 dedit,
1121 1372 1178 1420 et
1204 1372 1368 1418 totam
1398 1361 1640 1427 domum,
1671 1358 1885 1432 quando
1921 1368 2038 1415 stu-

454 1459 614 1515 debat
647 1456 826 1514 fratris
856 1456 1021 1511 lilium
1048 1455 1276 1524 eripere.
1318 1452 1383 1508 Et
1417 1451 1533 1506 hmc
1561 1448 1790 1505 faciebat
1814 1463 1920 1504 non
1947 1463 2039 1518 pe-

440 1535 728 1606 cuniarum
759 1562 940 1613 causa,
973 1545 1069 1602 sed
1109 1559 1178 1600 ex
1208 1542 1537 1599 humanitate
1565 1540 1700 1596 sola.
1731 1540 1864 1595 Cum
1893 1539 2034 1594 enim

452 1643 625 1710 ipsum
662 1639 1042 1696 manubiarum
1086 1636 1361 1692 dominum
1411 1633 1653 1689 fecerunt
1695 1631 1788 1702 qui
1824 1630 1892 1685 ab
1919 1629 2036 1699 ipso

429 1733 646 1794 servati
667 1731 898 1799 fuerant,
942 1743 1121 1802 usque
1144 1727 1210 1782 ad
1234 1727 1381 1782 illum
1423 1723 1771 1796 subtegminis
1791 1729 1846 1778 et
1868 1722 2036 1777 corri-

446 1827 586 1898 giam
610 1824 966 1880 calceamenti
989 1824 1166 1878 omnia
1187 1818 1474 1876 recusavit.

510 1917 570 1972 Ξ.
601 1915 747 1970 Talis
772 1922 889 1970 erat
908 1923 963 1969 et
990 1913 1180 1968 beatus
1208 1908 1311 1966 Job
1336 1927 1350 1963 :
1383 1908 1598 1966 etenim.
1617 1904 1816 1962 Ostium
1845 1922 2028 1971 meum,

448 2008 638 2078 inquit,
666 2006 805 2060 οηιηί
826 2003 1050 2060 venienti
1089 2011 1324 2073 apertum
1360 2005 1488 2053 erat.
1523 1996 1635 2068 Ego
1674 2013 1813 2051 erant
1857 1996 2033 2050 oculus

445 2113 692 2153 ca'corum
718 2104 764 2150 et
809 2110 896 2166 pes
939 2093 1238 2148 dandorum
1255 2107 1276 2157 ,°
1323 2104 1414 2160 ego
1443 2102 1582 2142 erant
1625 2096 1770 2156 pater
1797 2085 2030 2153 inﬁrmo-

444 2205 594 2254 rum;
647 2186 773 2259 foris
819 2194 992 2239 autem
1021 2199 1123 2237 non
1163 2182 1399 2235 manebat
1425 2180 1607 2250 hospes
1634 2175 1776 2246 (Job.
1808 2175 1896 2230 51.
1938 2175 2027 2230 59..

441 2291 488 2336 et
510 2281 602 2336 29.
636 2279 722 2334 l5.
767 2275 856 2348 l6)
881 2294 893 2329 :
927 2273 1124 2331 infirmi
1153 2281 1355 2338 autem,
1386 2269 1430 2325 si
1460 2267 1674 2340 quando
1699 2280 1834 2336 Opus
1864 2265 2030 2322 habe;

433 2373 594 2438 bant,
627 2385 735 2426 non
786 2365 1224 2430 frustrabantur;
1279 2376 1454 2432 neque
1500 2359 1600 2415 sivi
1647 2358 1917 2413 inﬁmum
1962 2372 2027 2413 ex

444 2465 586 2521 ostio
612 2468 732 2518 meo
760 2461 880 2516 sinu
909 2471 1080 2513 vacuo
1113 2456 1282 2511 exire.
1324 2452 1392 2507 Et
1433 2452 1516 2507 his
1548 2450 1714 2505 multo
1757 2449 1927 2520 plura,
1961 2463 2030 2506 ne

433 2555 622 2612 omnia
669 2567 810 2608 nunc
851 2561 1247 2612 recenseamus,
1292 2545 1467 2600 facere
1511 2557 1615 2598 non
1643 2541 1942 2607 desinebat,
1974 2541 2026 2595 in

424 2658 642 2717 egenos
669 2657 858 2700 omnes
901 2640 1116 2697 divitias
1160 2649 1507 2694 consumens.
1551 2633 1645 2688 Vis
1696 2630 1856 2686 etiam
1908 2629 2029 2685 illos

442 2738 638 2794 divites
677 2736 881 2801 videre,
911 2733 1002 2805 qui
1037 2747 1066 2785 a
1095 2731 1206 2786 Deo
1233 2744 1338 2784 non
1371 2726 1508 2781 tales
1539 2724 1660 2779 facti
1683 2732 1827 2788 sunt,
1859 2729 1916 2776 ut
1939 2721 2026 2775 di-

441 2843 563 2883 scas
592 2824 864 2898 quomodo
892 2822 1093 2878 divitiis
1123 2821 1230 2876 sint
1259 2818 1385 2873 usi?
1424 2815 1557 2870 Vide
1589 2815 1736 2869 illum
1773 2813 1863 2884 qui
1903 2827 2024 2866 cum

427 2918 664 2981 aLazaro.
683 2917 772 2987 qui
804 2931 873 2971 ne
901 2913 1068 2969 micas
1087 2911 1301 2982 quidem
1324 2909 1522 2974 dabat;
1551 2905 1672 2961 vide
1693 2903 2023 2970 Achaabum,

445 3037 1892 3066 ΜΕ

431 3275 573 3330 ‘Car.
609 3273 695 3328 14.
723 3286 775 3325 v.
811 3271 862 3326 l.
889 3265 1258 3339 Persequimini
1278 3265 1559 3329 caritatem,
1583 3259 1897 3317 tantulamiui
1928 3259 2032 3328 spi-

713 3363 945 3431 ritualia,
969 3363 1132 3434 magis
1155 3370 1324 3415 autent
1352 3368 1406 3412 ut
1431 3356 1759 3428 prophetetis.

517 3463 566 3517 i.
610 3459 745 3528 Quia
789 3458 934 3514 enim
977 3471 1099 3512 cum
1142 3453 1488 3510 aceuratione
1516 3449 1755 3507 caritatis
1779 3447 2030 3502 virtutem

443 3570 659 3611 omnem
707 3552 810 3607 illis
856 3549 1149 3616 recensuit,
1181 3547 1249 3603 de
1276 3554 1475 3602 ctetero
1521 3543 1767 3598 hortatur
1809 3549 1864 3595 ut
1907 3553 2030 3595 cum

443 3647 722 3702 alacritate
749 3643 896 3698 illam
923 3641 1315 3711 amplectantur
1341 3655 1354 3692 :
1388 3637 1615 3705 ideoque
1638 3632 1871 3699 dicebat,
1903 3629 2033 3684 Pcr-

443 3734 730 3806 sequimini.
759 3732 892 3787 Nam
921 3733 1010 3802 qui
1040 3731 1400 3800 persequitur,
1437 3725 1568 3782 illud
1604 3726 1784 3781 solum
1811 3722 2032 3793 respicit

447 3826 591 3894 quod
639 3823 997 3893 persequitur.
1043 3830 1099 3875 et
1140 3820 1206 3874 ad
1256 3819 1387 3874 illud
1434 3817 1622 3884 tendit,
1674 3831 1774 3870 nec
1820 3813 2032 3868 desistit

444 3917 624 3971 donec
654 3913 898 3983 accipiat.
928 3911 1031 3979 Qui
1073 3909 1440 3981 persequitur,
1483 3923 1604 3963 cum
1653 3922 1748 3976 per
1796 3905 2030 3975 seipsum

449 4023 554 4063 non
586 4014 782 4075 potest,
814 4019 910 4074 per
937 4018 1032 4060 eos
1069 4002 1160 4072 qui
1189 4009 1314 4056 ante
1359 4000 1510 4054 illum
1555 4009 1697 4062 sunt,
1743 3997 2029 4068 fugientem

447 4096 828 4169 apprehendit,
855 4108 954 4151 eos
978 4093 1068 4165 qui
1101 4106 1268 4162 prope
1308 4099 1434 4146 sunt
1469 4105 1591 4146 cum
1621 4103 1814 4159 magno
1856 4087 2033 4144 studio

449 4191 764 4256 adhortans,
793 4196 854 4243 ut
881 4186 1162 4242 detineant
1194 4192 1252 4238 et
1288 4188 1505 4238 servent
1546 4194 1669 4235 eum
1713 4179 1802 4249 qui
1845 4170 2032 4247 captus

445 4285 568 4352 fuit,
597 4282 772 4337 donec
797 4278 890 4335 ille
915 4275 1211 4332 advenerit.
1242 4272 1355 4329 Hoc
1383 4285 1481 4326 nos
1502 4285 1713 4342 quoque
1739 4267 2028 4324 faciamus:

449 4392 568 4431 cum
594 4373 694 4444 ipsi
726 4387 832 4426 non
866 4367 1208 4441 pervenimus
1232 4365 1299 4420 ad
1323 4363 1622 4428 caritatem,
1642 4375 1736 4418 eos
1754 4359 1842 4433 qui
1865 4373 2032 4432 prope

448 4476 574 4520 sunt
597 4464 884 4535 jubeamus
915 4476 1034 4517 eam
1075 4459 1339 4526 detinere,
1367 4459 1537 4514 donec
1566 4455 1940 4528 perveniamus
1966 4453 2032 4509 ad

452 4559 632 4613 illam:
663 4557 857 4612 deinde
877 4570 998 4610 eum
1024 4550 1558 4624 apprehendcrimus,
1591 4565 1660 4605 ne
1686 4549 1820 4604 ultra
1849 4548 2031 4604 dimit-

451 4659 629 4702 tamus
666 4663 781 4700 eam
803 4687 817 4710 ,
848 4661 916 4701 ne
944 4659 1128 4700 rursus
1157 4658 1186 4697 a
1219 4641 1375 4697 nobis
1420 4641 1604 4711 fugiat.
1638 4640 1865 4696 Assidue
1889 4639 2031 4695 enim

452 4753 482 4792 a
511 4738 662 4792 nobis
683 4735 1009 4806 resilit,quia
1036 4750 1139 4790 non
1163 4743 1220 4789 ut
1240 4747 1334 4803 par
1352 4740 1434 4787 est
1457 4731 1545 4786 illa
1568 4731 1785 4795 utimur,
1800 4741 1895 4786 sed
1919 4746 2034 4785 om-

454 4831 540 4885 nia
560 4829 612 4885 ei
639 4827 990 4900 praeferimus.
1012 4826 1136 4882 Ideo
1155 4825 1336 4882 omnia
1359 4831 1572 4895 oportet
1594 4821 1789 4889 facere,
1810 4833 1867 4877 ut
1887 4823 2031 4878 illam

453 4932 700 4978 accurate
730 4921 1076 4976 retineamus.
1099 4918 1232 4974 Nam
1260 4919 1306 4973 si
1333 4917 1441 4972 hoc
1467 4916 1576 4983 liat,
1607 4931 1713 4970 non
1744 4915 1910 4971 nntlto
1937 4931 2033 4971 no-

455 5013 536 5068 bis
562 5013 817 5082 deinceps
845 5024 981 5081 opus
1007 5009 1112 5064 erit
1156 5009 1362 5075 labore,
1397 5010 1504 5063 imo
1532 5023 1599 5062 ne
1631 5006 1733 5061 levi
1776 5007 1993 5076 quidem
2010 5021 2029 5071 ‘,

453 5104 548 5158 sed
577 5105 626 5158 in
654 5103 859 5160 deliciis
905 5111 1206 5165 versantes,
1236 5099 1431 5156 festum
1474 5107 1711 5170 agentes,
1741 5113 1836 5169 per
1863 5115 2001 5168 angu

456 5204 590 5250 stam
620 5196 831 5250 virtutis
859 5196 995 5250 viam
1027 5193 1354 5250 incedcmas.
1384 5192 1508 5247 Ideo
1541 5193 1634 5259 ait,
1667 5191 2034 5260 Persequimini

458 5302 590 5341 eam.
625 5285 827 5341 Deinde
851 5303 920 5342 ne
945 5297 1213 5357 putarent,
1246 5286 1365 5341 ideo
1395 5286 1566 5354 ipsum
1591 5284 1658 5340 de
1682 5285 1904 5340 caritate
1922 5299 2035 5339 scr-

459 5390 673 5431 monem
705 5375 1000 5440 induxisse,
1032 5387 1088 5432 ut
1132 5376 1453 5432 charismata
1499 5377 1881 5445 exstingueret,
1911 5377 2016 5429 sub

451 5469 627 5542 jungit
662 5466 886 5523 dicens:
917 5466 1264 5522 xEmulamini
1308 5477 1475 5521 autem
1521 5467 1828 5538 spiritualia,
1876 5483 2033 5536 mugit

458 5575 626 5618 autem
660 5571 713 5618 ut
745 5562 1071 5633 prophetetis.
1097 5559 1153 5616 2.
1187 5561 1286 5628 Qui
1307 5561 1439 5615 enim
1467 5561 1686 5630 loquitur
1711 5561 1905 5629 lingua,
1935 5574 2031 5612 non

455 5655 740 5711 hominibus
778 5653 1020 5722 loquitur,
1051 5652 1138 5706 sed
1179 5651 1326 5715 Deo;
1372 5667 1517 5705 nemo
1543 5651 1672 5705 enim
1697 5650 1874 5714 audit;
1907 5648 2034 5719 Spi-

461 5749 562 5804 τίω
593 5761 758 5807 autem
787 5749 1012 5819 loquitur
1057 5746 1333 5819 mysteria:
1360 5745 1410 5801 5.
1436 5745 1522 5815 qui
1548 5756 1714 5799 autem
1744 5743 2029 5815 prophetat,

1191 321 1248 378 S.
1287 320 1564 378 JOANNlS
1587 319 2054 376 CHRYSOSTOMI
2095 320 2408 375 ABCIIlEP.
2449 320 2974 384 CONSTANTINUP.

1776 3114 2122 3178 HOMILIA
2167 3115 2440 3180 XXXV.

3619 337 3726 394 296

2157 437 2244 509 qui
2289 448 2343 494 et
2383 439 2595 495 vineam
2638 433 2849 512 rapuit;
2896 444 3016 502 vide
3043 443 3214 516 Giezi,
3247 450 3368 507 vide
3411 468 3602 512 omnes
3642 457 3732 529 qui

2155 531 2458 600 hujusmodi
2507 531 2677 590 fuere.
2723 534 2854 591 Nam
2885 538 2973 607 qui
3011 538 3156 608 juste
3204 545 3501 612 possident,
3548 558 3734 619 utpote

2151 623 2240 692 qui
2286 637 2317 677 a
2363 621 2474 678 Deo
2504 626 2826 695 acceperint,
2856 629 3148 684 secundum
3177 632 3268 687 Dei
3316 647 3580 706 praecepta
3629 641 3737 695 imo

2152 713 2718 787 peudunt;quiautem
2733 716 2790 773 in
2809 721 3137 788 acquirendo
3169 723 3334 779 Deum
3363 725 3728 799 oﬂ‘enderunt,

2154 811 2209 858 et
2235 804 2286 858 in
2313 806 2566 875 expensis
2586 822 2796 878 quoque
2825 808 3052 879 idipsum
3080 811 3305 880 faciunt,
3339 817 3390 872 in
3419 823 3730 880 meretrices

2148 904 2203 951 et
2222 897 2480 966 parasitos
2503 898 2853 968 insumentes,
2879 913 2971 957 aut
2997 903 3346 966 sull'odientes
3369 911 3451 966 vel
3480 913 3728 970 clauden-

2149 995 2248 1053 tes,
2283 989 2335 1043 in
2368 991 2673 1045 mendicum
2703 1001 2878 1048 autem
2908 994 3042 1050 nihil
3072 1009 3378 1068 erogantes.
3407 1003 3472 1058 Et
3496 1019 3612 1072 cur,
3641 1007 3727 1062 inc

2144 1080 2314 1148 quies,
2358 1082 2618 1150 permittit
2646 1084 2786 1140 Deus
2814 1095 2872 1140 ut
2899 1086 3030 1143 tales
3073 1087 3320 1146 homines
3361 1094 3468 1149 sint
3493 1095 3728 1154 divites?

2143 1171 2276 1238 Quia
2329 1173 2537 1243 patiens
2576 1185 2678 1244 est,
2709 1177 2831 1248 quia
2863 1179 2977 1234 vult
3005 1194 3103 1235 nos
3131 1182 3198 1237 ad
3229 1185 3598 1252 paenitentiam
3626 1191 3724 1245 ad-

2143 1263 2362 1331 ducere,
2382 1267 2504 1335 quia
2531 1267 2827 1337 gehennam
2860 1273 3200 1341 prteparavit,
3226 1276 3348 1346 quia
3377 1277 3517 1333 diem
3539 1282 3724 1336 statuit

2143 1355 2195 1408 in
2219 1370 2318 1425 qua
2339 1355 2674 1426 judicaturus
2694 1367 2776 1415 est
2804 1359 3010 1416 orbem.
3030 1361 3086 1419 Si
3116 1374 3295 1421 autem
3325 1370 3507 1425 statim
3531 1370 3721 1428 divites

2142 1445 2418 1516 plecteret,
2447 1448 2734 1504 Zacchzeus
2765 1467 2871 1507 non
2900 1451 3176 1510 habuisset
3217 1465 3426 1527 tempus
3449 1461 3518 1514 ad
3546 1463 3716 1532 pumi-

2143 1537 2385 1604 tcntiam,
2421 1540 2490 1594 ita
2529 1550 2588 1594 ut
2615 1540 2863 1598 redderet
2891 1543 3247 1615 quadruplum
3270 1562 3458 1603 eorum
3483 1567 3602 1620 quae
3631 1567 3718 1605 ra-

2139 1639 2345 1698 puerat,
2377 1637 2432 1686 et
2459 1629 2738 1686 dimidium
2785 1633 2946 1689 etiam
2987 1633 3254 1692 bonorum
3304 1652 3522 1695 suorum
3553 1641 3716 1697 adde-

2138 1727 2257 1774 ret:
2291 1734 2396 1775 non
2446 1720 2722 1777 Mattharus
2767 1731 2974 1794 tempus
3021 1724 3296 1783 habuisset
3325 1738 3382 1783 ut
3421 1740 3717 1788 mutaretur

2137 1819 2190 1864 ct
2212 1810 2358 1866 fieret
2385 1813 2676 1881 apostolus,
2698 1813 2740 1868 si
2767 1826 2893 1870 ante
2915 1826 3272 1885 opportunum
3301 1827 3508 1892 tempus
3534 1831 3716 1894 raptus

2137 1900 2360 1960 fuisset:
2393 1915 2496 1956 nea
2527 1903 2618 1958 alii
2663 1904 2814 1960 multi
2845 1907 3070 1963 similes.
3105 1909 3384 1978 Propterea
3413 1925 3712 1982 exspectat,

2135 1991 2201 2044 ad
2230 1993 2595 2062 paenitentiam
2619 2010 2805 2051 onmes
2834 2012 3052 2055 vocans.
3072 1998 3125 2054 Si
3153 2014 3276 2054 vero
3302 2001 3592 2070 noluerint,
3612 2007 3710 2060 sed

2140 2083 2193 2137 in
2239 2083 2428 2139 iisdem
2473 2087 2886 2156 permanserint,
2918 2089 3132 2145 audient
3157 2091 3375 2146 Paulum
3404 2093 3708 2151 dicentem:

2137 2177 2286 2242 Quod
2306 2180 2579 2233 secundum
2609 2179 2846 2236 duritiem
2875 2199 3049 2238 eorum
3087 2193 3132 2239 et
3157 2185 3470 2254 impaenitens
3491 2205 3579 2243 cor
3605 2193 3716 2245 the-

2131 2268 2387 2322 saurizent
2411 2269 2507 2323 sibi
2539 2271 2670 2325 iram
2695 2273 2747 2326 in
2774 2273 2854 2326 die
2881 2274 2971 2329 ira:
3005 2283 3052 2329 et
3074 2277 3392 2334 reuelationis
3419 2289 3467 2334 et
3485 2280 3615 2351 justi
3629 2283 3717 2352 ju-

2134 2357 2251 2411 dicii
2277 2357 2376 2413 Dei
2403 2360 2580 2424 (Rom.
2604 2361 2658 2416 2.
2683 2363 2760 2436 5).
2784 2363 2956 2433 Quam
3003 2366 3136 2422 iram
3165 2377 3224 2423 ut
3253 2370 3540 2441 fugiamus,
3578 2373 3716 2430 dite-

2132 2466 2254 2506 mur
2280 2451 2482 2508 divitiis
2511 2455 2837 2524 cmlestibus,
2876 2467 2932 2513 et
2963 2458 3284 2516 laudabilem
3335 2479 3717 2536 persequamur

2131 2552 2518 2612 paupertatem.
2544 2545 2620 2600 lla
2645 2547 2785 2602 enim
2809 2557 2861 2604 et
2885 2549 3119 2605 caelestia
3140 2566 3536 2624 consequemur
3550 2557 3710 2624 dona,

2130 2648 2250 2702 qua:
2281 2634 2483 2688 utinam
2515 2650 2613 2690 nos
2654 2652 2842 2692 omnes
2873 2639 3096 2708 adipisci
3128 2643 3427 2715 contingat,
3457 2648 3626 2716 gratia
3662 2658 3716 2702 et

2131 2725 2457 2796 benignitate
2487 2728 2697 2784 Domini
2719 2732 2888 2785 nostri
2915 2731 3047 2787 Jesu
3075 2733 3300 2803 Christi,
3324 2737 3540 2806 quicum
3573 2739 3712 2795 Patri

2133 2830 2342 2887 unaque
2359 2815 2577 2887 Spiritui
2601 2829 2788 2874 sancto
2808 2821 2997 2890 gloria,
3023 2822 3330 2892 imperium,
3363 2825 3558 2894 honor,
3578 2844 3718 2886 nunc

2132 2916 2187 2961 et
2214 2922 2428 2978 semper
2455 2916 2511 2964 et
2540 2908 2592 2963 in
2615 2911 2813 2965 sarcula
2844 2912 3187 2968 saeculorum.
3221 2915 3417 2971 Amen.

2369 3039 3706 3067 _________________________

2124 3259 2410 3315 hominibus
2439 3262 2660 3332 loquitur
2701 3266 2769 3320 ad
2806 3268 3197 3338 uadi/irationem
3229 3281 3274 3326 et
3311 3273 3714 3328 exhortationem

2125 3359 2172 3402 et
2215 3353 2635 3408 consolationem.
2679 3356 3144 3428 Comparationem
3196 3361 3284 3419 hic
3328 3363 3544 3419 demum
3591 3364 3713 3420 facit

2113 3441 2529 3527 \eharismatum,
2550 3456 2606 3502 et
2635 3447 2934 3519 linguarum
2960 3451 3225 3507 charisma
3248 3453 3522 3523 deprimit,
3543 3470 3714 3526 neque

2125 3535 2345 3590 omnino
2384 3537 2570 3593 inutile
2596 3541 2908 3608 ostendens,
2938 3559 3113 3613 neque
3142 3544 3296 3600 valde
3324 3547 3454 3603 utile
3498 3563 3590 3617 per
3631 3561 3709 3602 se.

2125 3625 2256 3681 Nam
2287 3628 2574 3686 admodum
2605 3631 2658 3687 in
2687 3632 2792 3688 hoc.
2834 3634 3276 3704 intmnescebant,
3308 3640 3429 3709 quia
3460 3655 3713 3710 magnum
3759 3695 3766 3702 ,

2129 3722 2412 3791 putabatur
2466 3739 2588 3780 esse
2625 3725 2916 3782 charisma.
2963 3729 3212 3800 Magnum
3257 3745 3384 3786 vero
3429 3731 3716 3799 putabatur

2125 3827 2266 3879 esse,
2307 3815 2430 3884 quia
2482 3815 2657 3885 ipsum
2705 3817 2934 3888 primum
2983 3824 3213 3890 apostoli
3261 3831 3600 3892 acceperant,
3645 3833 3706 3878 et

2125 3917 2246 3958 cum
2277 3915 2420 3960 tanta
2437 3907 2696 3977 dignitate
2725 3926 2788 3966 ac
2815 3912 3123 3981 splendore.
3163 3915 3339 3986 Neque
3380 3923 3558 3970 tamen
3590 3915 3714 3972 aliis

2127 3994 2248 4050 ideo
2275 3998 2617 4065 praestantius
2645 4010 2780 4055 erat.
2807 4003 2917 4058 Cur
2944 4019 3072 4075 ergo
3099 4015 3223 4061 ante
3261 4005 3362 4061 alia
3393 4006 3528 4060 illud
3556 4020 3717 4062 acce-

2127 4096 2317 4156 perant
2338 4090 2610 4158 apostoli?
2634 4091 2768 4159 Quia
2799 4108 2897 4163 per
2925 4110 3114 4151 omnes
3139 4096 3288 4152 orbis
3317 4107 3495 4166 partes
3525 4111 3716 4167 perva-

2125 4178 2237 4233 suri
2259 4191 2409 4234 erant
2437 4198 2450 4232 :
2483 4190 2539 4236 et
2578 4181 2715 4238 sicut
2747 4184 2798 4238 in
2842 4193 3085 4255 tempore
3108 4201 3215 4256 quo
3246 4186 3384 4242 facta
3411 4196 3494 4241 est
3530 4188 3711 4254 turris,

2127 4271 2305 4343 lingua
2349 4289 2471 4345 qua:
2517 4284 2636 4331 erat
2685 4291 2787 4331 una
2823 4277 3162 4334 dividebatur
3205 4279 3260 4334 in
3309 4280 3508 4334 multas
3554 4279 3707 4350 (Gen.

2126 4366 2254 4435 ll);
2285 4366 2357 4422 ita
2383 4375 2510 4422 tunc
2539 4383 2659 4438 quae
2687 4378 2841 4424 erant
2872 4369 3076 4435 multm,
3104 4384 3249 4442 saepe
3280 4368 3427 4424 ibant
3453 4369 3521 4424 ad
3551 4385 3711 4424 unum

2127 4458 2434 4527 hominem;
2478 4469 2532 4515 et
2578 4460 2719 4517 idem
2761 4461 2923 4516 homo
2949 4462 3234 4518 Persarum
3266 4473 3322 4518 et
3346 4463 3712 4518 Romanorum

2127 4562 2181 4608 et
2208 4552 2456 4609 lndorum
2483 4564 2537 4609 et
2565 4554 2682 4609 aliis
2711 4554 2892 4610 multis
2923 4555 3242 4626 loquebatur
3268 4555 3482 4625 linguis,
3513 4555 3564 4610 in
3597 4555 3712 4624 ipso

2127 4643 2406 4700 insonante
2449 4644 2649 4714 Spiritu
2699 4662 2713 4700 :
2775 4656 2830 4702 et
2877 4646 2978 4701 hoc
3025 4647 3295 4702 charisma
3349 4647 3714 4716 appellahatur

2127 4735 2394 4790 charisma
2446 4751 2542 4792 seu
2587 4737 2785 4792 donum
2843 4737 3166 4808 linguarum,
3195 4737 3448 4808 quoniam
3503 4746 3714 4806 poterat

2127 4827 2287 4882 simul
2327 4827 2508 4883 multis
2549 4828 2694 4899 loqui
2727 4828 2940 4900 linguis.
2970 4827 3104 4884 Vide
3137 4844 3269 4898 ergo
3309 4826 3579 4898 quomodo
3628 4826 3713 4881 id.

2128 4919 2298 4989 ipsum
2329 4927 2384 4974 et
2413 4919 2662 4988 deprimit
2700 4927 2756 4974 et
2783 4920 3009 4974 extollit.
3046 4920 3178 4974 Nam
3208 4919 3456 4986 dicendo,
3489 4917 3590 4984 Qui
3633 4920 3714 4972 lo-

2125 5011 2295 5071 quitur
2321 5010 2530 5080 linguis,
2560 5027 2660 5064 nou
2691 5011 2977 5065 hominibus
3008 5011 3252 5081 loquitur,
3270 5010 3362 5064 sed
3396 5009 3500 5062 Deo
3517 5026 3538 5074 ;
3567 5025 3714 5064 nemo

2128 5103 2258 5156 enim
2301 5103 2467 5165 audit,
2509 5101 2775 5172 depressit
2805 5101 2929 5157 illud
2949 5143 2963 5166 ,
2989 5102 3282 5157 ostendens
3330 5113 3436 5155 non
3466 5114 3714 5170 magnam

2125 5208 2244 5249 esse
2270 5193 2552 5247 utilitatem
2579 5210 2593 5246 :
2625 5192 2997 5263 subjungendo
3021 5203 3224 5258 autem,
3249 5191 3451 5260 Spiritu
3487 5191 3720 5260 loquitur

2127 5283 2384 5354 mysteria,
2417 5298 2602 5337 rursus
2630 5283 2841 5346 extulit,
2877 5297 2944 5338 ne
2981 5283 3253 5337 videretur
3281 5296 3408 5336 esse
3449 5294 3717 5348 superva~

2126 5389 2350 5428 unicum
2381 5381 2439 5428 et
2481 5372 2688 5439 inutile,
2721 5382 2776 5428 et
2803 5383 3004 5428 temere
3041 5387 3106 5428 ac
3147 5373 3341 5427 fntstra
3367 5370 3576 5425 datum.
3610 5369 3719 5435 Qui

2129 5475 2292 5518 autem
2323 5465 2609 5534 prophetat,
2642 5463 2929 5518 hominibus
2980 5463 3202 5532 loquitur
3229 5462 3298 5515 ad
3323 5459 3719 5528 adiﬁcatianem

2126 5565 2172 5609 et
2200 5555 2607 5610 adhortationem
2643 5569 2692 5610 et
2719 5555 3135 5610 consolationem.
3165 5552 3414 5610 Vidistin’
3440 5553 3716 5606 undenam

2127 5649 2372 5717 ostendat
2419 5649 2574 5720 hujus
2622 5649 2747 5704 doni
2798 5648 3193 5713 excellentiam,
3227 5663 3290 5702 ex
3339 5661 3404 5701 eo
3459 5641 3601 5714 quod
3659 5645 3719 5700 in

2129 5757 2411 5800 commune
2460 5741 2737 5808 conferat;
2791 5752 2842 5798 et
2900 5740 3168 5810 quomodo
3212 5739 3264 5796 id
3313 5738 3506 5808 ubique
3560 5752 3717 5806 pne—
