3990 6168
228 356 337 415 297

231 474 399 544 ponat
422 464 566 538 quod
597 463 655 517 ﬁt
684 460 749 517 ad
796 455 1084 514 multorum
1131 447 1421 544 utilitatem
1436 441 1592 544 ξδ’-11Ιὶ
1641 438 1806 544 enim,

233 536 467 635 quasso
510 569 686 613 annon
737 539 1418 635 loqtmnturbominibus?
1472 536 1808 635 Loqunntnr,

234 628 330 712 sed
378 667 486 708 non
535 648 691 704 talem
732 640 1157 699 aediﬁcationem
1186 642 1244 691 et
1285 628 1716 689 exhertationem
1760 636 1813 680 et
1852 648 1857 657 -

234 745 673 806 consolationem.

307 835 595 909 Prophetas
618 832 807 887 donum
832 827 969 883 dono
993 825 1285 895 linguarum
1310 814 1815 909 πίθηαι-Ψωφ-

237 905 430 990 obrem
464 944 496 984 a
535 925 737 998 Spiritu
779 920 995 993 quidem
1045 915 1215 973 teneri
1257 920 1313 969 et
1340 910 1527 982 agitari
1557 914 1642 999 est
1668 905 1815 999 “utri-

233 1038 347 1094 que
364 997 648 1078 commune
669 1057 683 1082 ,
716 1021 779 1070 et
796 1013 847 1067 ei
874 1011 964 1082 qui
992 1007 1315 1080 prophetat,
1343 1001 1470 1059 et-el
1500 999 1589 1070 qui
1621 997 1817 1094 linguis

235 1090 471 1186 loquitur
496 1129 513 1166 :
545 1110 603 1171 in
630 1109 735 1163 boc
760 1113 939 1161 autem
967 1106 1188 1187 praestat
1212 1098 1365 1167 ipse;
1390 1104 1605 1187 nempe
1642 1091 1689 1146 is
1707 1090 1816 1187 qui

236 1180 523 1278 prophetat
544 1241 562 1267 ,
590 1198 733 1271 quod
763 1184 1021 1252 sit‘etiam
1040 1184 1199 1247 utilis
1224 1188 1291 1243 iis
1311 1186 1401 1257 qui
1427 1180 1684 1278 audiunt.
1707 1180 1817 1278 eos

235 1273 379 1357 enim
405 1296 498 1368 qui
522 1292 725 1363 linguis
749 1284 1120 1358 loquebantur,
1151 1296 1269 1337 non
1286 1274 1688 1346 audiebant'qui
1710 1273 1817 1368 do:-

236 1405 366 1446 num
397 1363 507 1442 ιιόη
538 1382 827 1439 habebant.
863 1376 999 1445 Quid
1028 1374 1191 1430 vero?
1230 1370 1310 1427 illi
1341 1368 1618 1425 nullumne
1645 1363 1818 1421 sedili-

232 1478 475 1538 eabantl
501 1472 898 1543 Certe,-inquit,
924 1470 1131 1538 seipsos
1154 1466 1299 1520 soles
1324 1480 1339 1518 :
1364 1470 1425 1517 et—
1442 1460 1569 1515 ideo
1592 1456 1818 1527 subjun-

239 1576 357 1646 git,
389 1573 445 1628 4.
480 1569 579 1636 Qui
609 1566 827 1638 loquitur
855 1564 1061 1634 lingua,
1098 1557 1423 1627 semetipsum
1465 1552 1711 1646 mdiﬁeat.
1755 1550 1821 1646 bit

240 1641 540 1737 quomodo,
577 1660 622 1715 si
648 1658 820 1714 nescit
844 1669 963 1726 quae
990 1652 1151 1709 dicit?
1183 1649 1291 1704 Sed
1322 1661 1465 1702 nunc
1494 1643 1726 1737 loquitur
1753 1641 1821 1696 de

241 1735 347 1823 iis,
380 1756 474 1827 qui
498 1753 677 1808 sciunt
703 1762 823 1821 qua:
849 1747 1069 1808 dicunt,
1110 1742 1198 1813 qui
1226 1741 1327 1811 ipsi
1352 1738 1563 1810 quidem
1607 1735 1817 1796 sciunt,

244 1848 497 1905 nesciunt
521 1853 701 1900 autem
727 1837 1180 1896 aliis‘enuntiare.
1216 1834 1316 1901 Qui
1345 1841 1507 1886 autem
1532 1828 1817 1901 prophetat,

244 1938 530 1994 Ecclesium
569 1934 811 2001 aediﬁcat.
872 1930 1144 1998 Quantum
1186 1934 1361 1981 autem
1412 1924 1636 1978 interest
1683 1921 1821 1974 inter

240 2044 410 2084 unum
438 2035 507 2082 'et
552 2024 851 2080 Ecclesium
872 2062 887 2086 ,
939 2027 1083 2074 tanta
1113 2026 1194 2073 est
1240 2017 1381 2071 inter
1406 2015 1545 2069 hunc
1574 2023 1628 2068 et
1669 2012 1820 2066 illum

234 2118 567 2177 dillcrcntia.
599 2114 849 2171 Vidistin’
883 2112 1011 2184 ejus
1029 2109 1344 2182 sapientiam
1369 2149 1385 2175 ,
1422 2106 1690 2177 quomodo
1718 2106 1823 2160 do-

235 2229 369 2272 num
410 2226 520 2267 non
559 2208 768 2280 redigat
795 2205 1154 2269 innibilum,
1194 2201 1287 2257 sed
1324 2199 1577 2256 ostendat
1621 2198 1822 2253 habere

232 2307 458 2379 quidem
487 2306 723 2365 lucrum,
756 2300 850 2357 sed
898 2312 1141 2370 parvum,
1183 2306 1249 2352 et
1273 2294 1417 2366 quod
1460 2294 1510 2350 ei
1534 2292 1823 2367 solumqni

235 2398 501 2470 possidet.
522 2390 791 2450 sufﬁciat?
821 2391 1024 2448 Deinde
1055 2405 1125 2445 ne
1147 2389 1539 2444 existimarent
1566 2384 1707 2456 quod
1746 2385 1826 2439 eis

234 2490 486 2546 invidens
526 2489 738 2557 linguas
772 2483 1038 2554 deprimat
1068 2482 1276 2552 (plures
1300 2478 1444 2534 enim
1469 2492 1536 2532 ex
1564 2477 1630 2531 iis
1660 2475 1824 2529 habe-

236 2584 375 2639 bant
399 2580 505 2635 hac
543 2577 769 2647 donum)
794 2617 808 2642 ,
838 2574 1199 2644 suspicionem
1227 2583 1414 2626 eorum
1441 2567 1715 2637 corrigens
1741 2564 1826 2620 di-

233 2676 308 2729 cit
348 2694 363 2728 :
394 2673 448 2728 5.
489 2670 612 2725 Volo
637 2678 806 2722 autem
830 2679 1123 2721 omnes-eos
1148 2663 1284 2734 loqui
1312 2661 1519 2732 linguis,
1544 2660 1708 2730 magis
1726 2674 1824 2711 au:-

233 2774 343 2821 tem
366 2763 697 2832 prapltetare.
743 2757 885 2812 Nam
910 2757 1078 2826 major
1109 2763 1182 2808 est
1218 2754 1306 2823 qui
1341 2750 1647 2821 prophetat,
1675 2764 1827 2819 quam

230 2858 322 2927 qui
360 2854 582 2926 loquitur
613 2849 799 2922 linguis
817 2889 833 2916 ,
863 2848 962 2902 nisi
978 2880 985 2893 ι
995 2848 1124 2917 forte
1150 2847 1501 2914 interpretetur
1519 2883 1535 2909 ,
1562 2849 1618 2895 ut
1645 2841 1827 2894 Eccle-

228 2952 317 3004 sia
350 2947 739 3016 ludiﬁcationem
768 2941 1003 3011 accipiat.
1042 2938 1204 3009 Magis
1232 2945 1411 2993 autem
1438 2944 1492 2990 et
1516 2935 1693 2989 minus
1719 2948 1825 2989 non

230 3049 374 3097 sunt
400 3053 467 3096 ex
496 3036 782 3093 contrariis
801 3070 817 3100 ,
848 3033 943 3089 sed
971 3047 1036 3087 ex
1066 3031 1130 3086 iis
1159 3024 1278 3098 qua:
1307 3036 1648 3097 exsuperant.

308 3133 377 3186 2.
415 3130 779 3199 Quamobrem
820 3126 948 3181 hinc
974 3137 1186 3194 quoque
1212 3131 1293 3176 est
1321 3119 1662 3190 perspicuum
1688 3118 1828 3188 quod

237 3222 450 3278 donum
505 3232 610 3275 non
661 3219 947 3287 vituperet,
1004 3214 1099 3270 sed
1153 3227 1249 3269 eos
1292 3212 1450 3268 ducat
1477 3212 1543 3266 ad
1586 3210 1827 3288 meliora,

237 3313 544 3369 ostendens
570 3328 624 3367 et
653 3325 813 3380 quam
842 3322 1032 3364 eorum
1072 3320 1259 3360 curam
1296 3312 1444 3375 gerat
1464 3312 1567 3368 ,-et
1593 3303 1827 3357 animum

238 3406 320 3462 ab
347 3404 500 3458 omni
539 3396 733 3459 invidia
774 3401 1026 3456 liberum.
1071 3397 1256 3468 Neque
1287 3398 1427 3452 enim
1472 3396 1608 3450 dixit
1639 3415 1650 3449 :
1684 3395 1830 3448 Duos

239 3506 347 3553 aut
376 3506 510 3562 tres,
540 3496 663 3562 sed,
690 3493 789 3548 Vos
813 3509 983 3548 omnes
1000 3491 1112 3547 volo
1132 3491 1318 3562 linguis
1340 3490 1476 3558 loqui
1497 3504 1515 3542 :
1538 3501 1709 3557 neque
1731 3487 1832 3541 hoc

238 3590 434 3645 solum
461 3629 476 3654 ,
524 3587 619 3641 sed
649 3586 808 3642 etiam
835 3584 1152 3657 prephetare
1190 3599 1204 3635 :
1242 3586 1298 3636 et
1333 3580 1434 3634 hoc
1474 3579 1641 3649 magis
1672 3592 1829 3648 quam

240 3680 384 3736 illud
410 3696 425 3744 ;
462 3677 636 3748 major
665 3684 748 3733 est
772 3677 911 3732 enim
940 3675 1030 3747 qui
1059 3673 1361 3745 prophetat.
1393 3670 1523 3724 Nam
1554 3678 1830 3739 postquam

241 3772 297 3827 id
325 3769 673 3829 confirmavit
698 3777 753 3823 et
778 3766 1185 3829 demonstravit,
1206 3772 1330 3819 tunc
1355 3762 1425 3817 de
1449 3768 1647 3816 cmtero
1676 3760 1832 3814 etiam

243 3863 584 3931 pronuntiat,
612 3875 721 3916 non
745 3869 922 3914 tamen
948 3858 1211 3923 absolute,
1238 3853 1333 3912 sed
1357 3869 1477 3910 cum
1500 3853 1831 3923 adjectione:

139 4006 142 4008 γ
243 3954 531 4025 subjunxit
559 3954 726 4019 enim,
759 3952 881 4007 Nisi
906 3952 1037 4020 forte
1062 3951 1452 4024 interpretetur;
1481 3948 1548 4002 ita
1571 3955 1630 4002 ut
1661 3948 1704 4000 si
1733 3944 1835 3999 hoc

243 4048 463 4114 possit,
509 4046 854 4116 interpretari
885 4043 1027 4110 dico,
1066 4044 1168 4112 par
1202 4044 1272 4098 sit
1299 4045 1590 4115 propheta,
1635 4041 1831 4112 inquit,

244 4139 512 4204 (pluuium
542 4146 668 4191 sunt
704 4137 857 4192 multi
880 4136 970 4207 qui
1004 4135 1303 4207 percipiunt
1331 4136 1613 4192 utilitatem
1648 4153 1662 4190 :
1692 4135 1835 4207 quod

242 4227 492 4281 maxime
516 4236 602 4282 est
627 4226 1021 4303 observandum
1045 4269 1061 4294 ,
1105 4227 1373 4297 quomodo
1404 4228 1509 4282 hoc
1543 4241 1637 4296 per
1661 4228 1839 4304 omnia

247 4327 384 4375 ante
414 4319 523 4374 alia
551 4320 808 4390 requirat.
834 4320 887 4375 6.
918 4319 1074 4374 Nunc
1100 4331 1290 4388 autem,
1321 4325 1503 4391 fratres
1523 4362 1537 4386 ,
1579 4321 1623 4375 si
1663 4337 1840 4376 venero

247 4412 321 4464 ad
358 4429 453 4466 vos
495 4412 686 4484 linguis
711 4414 920 4484 loquens
939 4416 1104 4485 ,‘quid
1139 4414 1276 4468 vobis
1310 4415 1522 4485 prodere
1544 4456 1558 4481 ,
1587 4415 1686 4469 nisi
1708 4414 1844 4469 vobis

248 4505 447 4576 loquar
466 4515 555 4560 aut
578 4506 631 4560 in
652 4507 972 4575 reuelatione,
1001 4517 1087 4562 aut
1111 4509 1165 4562 in
1186 4509 1415 4575 scientia,
1439 4521 1526 4563 aut
1548 4509 1600 4564 in
1630 4510 1845 4580 praplte-

249 4598 349 4664 tia,
380 4607 477 4652 aut
499 4598 553 4652 in
573 4599 801 4653 doctrina
820 4599 847 4653 Ρ
873 4601 939 4654 Et
974 4599 1125 4670 quid,
1165 4600 1353 4670 inquit,
1397 4600 1518 4656 dico
1562 4602 1737 4656 alios?
1764 4601 1846 4657 Sit

251 4689 432 4756 enim,
458 4689 655 4759 inquit,
680 4690 771 4760 qui
795 4690 986 4761 linguis
1008 4692 1241 4761 loquitur
1258 4691 1450 4748 Paulus
1474 4708 1487 4745 :
1514 4707 1686 4764 neque
1702 4694 1844 4747 enim

250 4782 337 4836 sic
364 4780 666 4852 quidquam
698 4782 895 4838 redibit
918 4783 1263 4838 emolumenti
1292 4782 1358 4837 ad
1400 4783 1690 4839 auditores.
1722 4784 1848 4838 llac

250 4881 443 4927 autem
463 4872 617 4938 dicit,
635 4874 1003 4930 ostendensse
1024 4874 1077 4929 id
1096 4890 1336 4945 qumrere
1356 4877 1494 4946 quod
1517 4878 1587 4931 sit
1601 4877 1679 4931 eis
1695 4877 1848 4932 utile:

254 4980 365 5020 non
391 4974 584 5020 autem
606 4965 732 5020 odio
762 4967 958 5023 habere
987 4983 1080 5024 eos
1124 4969 1214 5040 qui
1257 4969 1523 5024 charisma
1553 4971 1849 5039 possident,

251 5072 383 5111 eum
417 5072 495 5112 ne
524 5057 579 5111 in
605 5059 819 5128 prepria
846 5060 1056 5129 quidem
1082 5075 1311 5129 persona
1332 5069 1542 5116 recuset
1570 5060 1854 5116 ostendere

252 5149 306 5203 id
353 5165 490 5206 esse
521 5150 727 5205 inutile.
756 5151 983 5222 Semper
1021 5161 1196 5208 autem
1242 5153 1295 5207 in
1338 5153 1416 5207 sui
1464 5168 1691 5222 persona
1736 5170 1854 5224 qua:

256 5251 389 5296 sunt
417 5242 612 5312 gravia
639 5251 693 5297 et
718 5244 941 5298 molesta
969 5244 1168 5313 agitat,
1199 5245 1336 5298 sicut
1361 5243 1572 5298 dicebat
1612 5244 1663 5296 in
1708 5247 1855 5312 ιιι-1ης

256 5333 405 5402 cipio
434 5333 688 5402 epistola:
718 5350 733 5386 :
766 5334 891 5400 Quis
917 5344 986 5387 est
1020 5333 1254 5388 Paulus?
1277 5335 1389 5404 quis
1407 5343 1483 5389 est
1506 5334 1687 5406 Apollo
1706 5336 1730 5389 ἶ)
1748 5335 1858 5405 quis

260 5423 476 5495 Cepltas
503 5423 581 5493 (l.
615 5423 735 5478 Cor.
762 5425 816 5480 5.
844 5426 941 5496 ω
966 5423 1117 5492 Quod
1146 5425 1357 5494 quidem
1390 5426 1476 5481 hic
1494 5442 1706 5496 quoque
1734 5424 1860 5480 facit

262 5515 462 5572 dicens
495 5535 511 5572 :
545 5515 628 5570 Ne
650 5516 788 5571 vobis
814 5518 1012 5586 quidem
1031 5519 1268 5587 prodero,
1300 5518 1399 5571 nisi
1422 5518 1555 5571 vobis
1578 5519 1755 5588 loquar
1775 5527 1861 5571 aut

263 5609 319 5661 in
348 5609 699 5677 reuelatione,
723 5610 891 5664 autin
925 5610 1210 5681 prophetia,
1236 5618 1324 5662 aut
1354 5611 1404 5663 in
1430 5611 1669 5675 scientia,
1698 5619 1787 5664 aut
1811 5612 1864 5664 in

268 5699 536 5753 doctrina.
571 5699 687 5755 Hoc
722 5709 921 5756 autem-
946 5701 1061 5755 vult
1107 5700 1411 5771 signiﬁcare
1460 5720 1471 5754 :
1515 5700 1622 5755 Nisi
1664 5702 1862 5771 aliquid

269 5791 499 5860 dixero,
527 5792 671 5862 quod
710 5807 738 5848 a
769 5792 921 5850 vobis
950 5791 1103 5849 facile
1132 5793 1298 5863 possit
1326 5790 1441 5862 capi
1468 5800 1521 5847 et
1551 5795 1714 5862 possit
1740 5809 1857 5851 csse

1184 326 1542 387 ‘IN’-EPIST.
1577 325 1617 381 Ι.
1658 317 1955 379 Αυωιιέ
1981 322 2208 382 Brom,
2251 326 2501 388 xxxv;
2595 338 2599 343 ο

3391 340 3499 397 298

1916 439 2284 511 manifestum,
2335 444 2431 501 sed
2479 454 2683 503 tantum
2714 441 3003 508 ostendero
3045 468 3131 510 me
3158 436 3508 511 habé’re‘du't

1918 536 2044 587 n’um
2075 533 2399 605 linguarum;
2434 535 2651 595 abibitis
2680 541 2829 597 nullo
2859 542 3010 600 lucro
3036 544 3178 602 facto
3207 562 3271 605 ex
3305 548 3497 622 linguis

1918 636 2052 692 quas
2079 626 2325 681 audistis.
2357 627 2495 694 Quid
2521 631 2665 685 enim
2702 632 2835 689 lucri
2876 651 2942 692 ex
2989 651 3159 705 voce,
3195 654 3349 711 quam
3394 659 3498 697 non

1919 712 2251 784 intelligitis?
2274 719 2326 772 7.
2351 717 2539 775 Tamen
2564 725 2807 792 qttte‘sine
2827 728 2997 781 anima
3015 739 3132 784 sunt
3151 745 3318 786 vocem
3349 734 3500 788 ultu-

1921 805 2011 869 tia,
2042 807 2148 862 sive
2174 807 2297 862 tibia
2331 809 2434 865 sive
2456 813 2652 868 cithara
2671 857 2686 882 ,
2715 817 2817 873 sive
2838 819 3210 877 distinctionem
3247 826 3503 881 sonituum

1918 894 2165 963 dederint,
2196 902 2445 970 quomodo
2480 907 2666 960 scietur
2694 906 2760 961 id
2798 910 2936 979 quod
2962 913 3164 967 canitur
3186 924 3274 969 aut
3295 917 3505 971 cit/tari-

1921 996 2065 1042 κατιπ-
2085 988 2113 1042 ?
2138 989 2205 1044 Et
2232 992 2357 1061 quid
2387 993 2507 1049 dico
2531 1037 2544 1060 ,
2589 995 2758 1067 inquit
2781 1040 2795 1066 ,
2839 998 2941 1057 hoc
2968 1002 3108 1072 quod
3147 1005 3198 1059 in
3240 1006 3392 1065 nobis
3423 988 3506 1065 est

1908 1078 2053 1134 mihi]
2081 1080 2212 1136 lucri
2240 1082 2451 1149 alierre‘,
2473 1086 2606 1141 mile
2628 1086 2805 1144 autem
2835 1107 2954 1149 esse
2971 1094 3111 1163 quod
3133 1103 3214 1151 est
3231 1097 3434 1154 clarum
3454 1110 3506 1156 et

1918 1171 2065 1240 quad
2083 1171 2235 1228 [bello
2259 1175 2474 1245 capiunt
2506 1170 2819 1238 anditore's‘l'
2836 1183 2968 1239 Nam
2986 1186 3143 1243 etiam
3173 1189 3225 1244 in
3260 1188 3507 1249 inanimis

1923 1264 2139 1319 musica:
2169 1266 2533 1325 instrumentis
2561 1270 2662 1327 hoc
2696 1272 2893 1330 videris
2922 1295 2937 1329 :
2966 1278 3079 1333 sive
3116 1280 3256 1335 enim
3284 1283 3356 1338 sit
3382 1284 3505 1339 tibia

1923 1353 2038 1407 sive
2055 1354 2278 1424 cithara,
2310 1366 2364 1412 et
2390 1373 2565 1431 neque
2586 1366 2813 1420 numero
2830 1381 2998 1438 neque
3012 1366 3285 1427 harmonia
3306 1384 3505 1433 convc-

1922 1445 2139 1539 niente,‘
2168 1448 2261 1504 sed
2290 1451 2509 1509 confuse
2534 1464 2588 1509 et
2616 1462 2815 1514 temere
2842 1446 3092 1529 pulsetur
3109 1474 3161 1521 et
3189 1462 3508 1539 inspiretur",

1924 1538 2127 1593 nullum"
2167 1555 2232 1595 ex
2276 1540 2338 1596 iis
2389 1544 2478 1612 qui
2508 1545 2755 1602 audiunt
2794 1548 3077 1610 delectabit
3112 1562 3176 1612 ac
3220 1538 3504 1616 recreabit‘.

1923 1629 2056 1684 Nam
2084 1632 2245 1687 etiam
2278 1634 2338 1689 in
2363 1636 2467 1692 illis
2492 1636 2842 1699 inarticulatis
2882 1646 3057 1716 aliqua
3098 1650 3342 1707 claritate
3372 1671 3506 1725 opus

1925 1732 2010 1777 est
2037 1732 2092 1778 et
2117 1725 2383 1781 evidentia
2431 1744 2446 1781 :
2476 1741 2533 1786 et
2558 1733 2662 1788 nisi
2688 1749 2752 1791 ex
2783 1749 2898 1798 arte
2928 1745 3221 1814 pulsaveris
3246 1762 3299 1805 ct
3326 1751 3505 1809 tibiam

1927 1816 2275 1920 inspiravcris
2297 1864 2309 1885 ,
2341 1822 2473 1878 nihil
2518 1824 2713 1882 fecisti:
2745 1829 2800 1887 Si
2825 1844 3005 1890 autem
3037 1840 3299 1910 exigimus
3323 1844 3390 1900 ab
3422 1838 3508 1902 in;

1929 1910 2123 1964 animis
2151 1920 2209 1966 ut
2253 1921 2395 1969 tanta
2438 1918 2507 1972 sit
2533 1919 2583 1973 in
2610 1922 2689 1976 eis
2718 1923 2930 1981 claritas
2959 1940 3015 1984 et
3040 1928 3315 1991 harmonia
3343 1948 3395 1995 ct
3422 1926 3507 1996 dir

1931 2001 2169 2068 stinctio,
2200 2013 2254 2102 et
2280 2007 2329 2061 in
2359 2008 2465 2063 illis
2497 2027 2601 2067 non
2633 2014 3056 2086 signiﬁcantibus
3082 2025 3233 2082 sonis
3260 2028 3509 2102 urgemus

1928 2102 1983 2152 et
2023 2098 2395 2156 contendimus
2424 2113 2480 2158 ut
2509 2121 2753 2177 magnam
2798 2112 3136 2181 imponamus
3165 2098 3509 2192 signiﬁcatio-

1928 2202 2049 2285 nem
2085 2208 2098 2244 :
2132 2192 2300 2248 multo
2346 2198 2514 2267 magis
2564 2199 2613 2253 in
2656 2203 2904 2260 animatis
2944 2217 3000 2262 et
3036 2206 3242 2269 ratione
3275 2219 3511 2285 praeditis

1930 2279 2238 2378 hominibus
2267 2294 2316 2340 et
2360 2286 2412 2341 in
2444 2290 2597 2345 donis
2625 2292 2991 2363 Spiritualibus
3021 2279 3511 2378 persequi-oportet

1932 2371 1982 2426 id
2010 2375 2146 2441 quod
2174 2388 2320 2433 recte
2348 2376 2632 2450 signiﬁcet.
2663 2384 2714 2440 8.
2758 2385 2959 2443 Etenim
2990 2391 3035 2446 si
3062 2371 3304 2452 incerlam
3335 2371 3511 2457 uocem

1930 2464 2020 2518 det
2050 2464 2199 2531 tuba,
2230 2471 2343 2536 quis
2368 2474 2568 2541 parabit
2597 2492 2651 2529 se
2672 2478 2740 2530 ad
2766 2478 2951 2534 bellum
2974 2483 3000 2537 ?
3026 2483 3067 2540 Α
3098 2495 3512 2559 supervacaneis

1932 2559 2072 2654 enim
2099 2559 2165 2613 ad
2194 2576 2275 2625 ea,
2310 2578 2427 2633 qua:
2458 2576 2582 2621 sunt
2608 2571 2775 2640 magis
2807 2579 3107 2635 necessaria
3137 2558 3190 2637 et
3219 2586 3390 2654 utilia,
3418 2558 3511 2646 de-

1930 2648 2077 2748 ducit
2101 2652 2433 2720 orationem;
2463 2666 2517 2710 et
2546 2659 2674 2713 dicit
2701 2664 2840 2731 quod
2868 2681 2975 2721 non
3003 2670 3172 2726 solum
3201 2674 3253 2731 in
3280 2648 3508 2748 cithara,

1930 2741 2025 2799 sed
2060 2745 2222 2800 etiam
2261 2747 2312 2802 in
2342 2746 2465 2827 tuba
2497 2752 2692 2808 videris
2725 2755 2825 2811 hoc
2851 2774 2949 2814 usu
2980 2764 3183 2821 venire.
3214 2741 3508 2833 Suntenitn

1931 2835 2285 2936 illic'quoque
2326 2841 2600 2914 rhythmi,
2630 2857 2683 2902 et
2711 2847 2946 2908 indicant
2970 2856 3260 2928 aliQuando
3294 2867 3508 2936 quidem

1931 2942 2122 3021 sonum
2154 2930 2404 2988 bellicum
2427 2974 2443 2998 ,
2474 2936 2758 3007 aliquando
2789 2958 3046 3003 veronon
3076 2950 3264 3021 talem;
3303 2930 3360 3013 et
3398 2962 3510 3016 ali-

1896 3026 1897 3029 ‘
1932 3019 2144 3090 quando
2168 3020 2347 3078 educit
2372 3024 2422 3079 in
2449 3028 2637 3095 aciem,
2669 3031 2951 3103 aliquando
2975 3048 3155 3096 autem
3180 3019 3425 3117 revocat;
3444 3068 3510 3111 ac

1933 3112 2032 3209 nisi
2060 3114 2321 3185 quispiam
2360 3117 2461 3174 hoc
2488 3121 2664 3187 norit,
2697 3123 2749 3178 in
2777 3137 3079 3186 extremum
3112 3137 3254 3192 venit
3291 3112 3508 3209 pericu-

1932 3202 2063 3303 lum.
2092 3206 2242 3274 Quod
2266 3209 2478 3279 quidem
2508 3212 2831 3283 signiﬁcans,
2861 3230 2915 3274 et
2936 3238 3172 3281 errorem
3195 3202 3509 3303 ostendens,

1933 3295 2081 3389 dicit,
2126 3296 2251 3389 Quis
2298 3301 2496 3371 parabit
2537 3320 2592 3358 se
2637 3306 2706 3358 ad
2751 3311 3364 3382 bellum?Quamobrem
3406 3295 3511 3389 nisi

1936 3386 2037 3442 hoc
2051 3387 2288 3485 habent,
2324 3400 2502 3447 totum
2522 3397 2716 3464 perdit.
2762 3399 2824 3453 Et
2848 3404 2972 3471 quid
3002 3406 3136 3475 lucc,
3170 3410 3410 3485 iuquies,,

1936 3480 2074 3534 nos?
2114 3478 2195 3536 Ad
2246 3496 2342 3538 vos
2383 3486 2613 3541 maxime
2660 3501 2888 3558 Spectat,
2930 3504 2983 3548 et
3025 3495 3148 3553 ideo
3195 3478 3466 3579 subjunqn
3495 3532 3518 3568 ι

1936 3570 1990 3627 9.
2023 3569 2108 3625 Ita
2133 3582 2323 3640 etuas,
2364 3592 2454 3654 per
2491 3578 2715 3649 linguam
2754 3583 2856 3637 nisi
2888 3588 3207 3656 manifestum
3233 3569 3515 3658 tenaci”...

1938 3663 2175 3718 dederitis
2195 3708 2208 3731 ,
2236 3669 2485 3736 quomodo
2511 3672 2693 3725 scietur
2728 3674 2782 3727 id
2805 3679 2943 3748 quod
2966 3680 3192 3739 dicitur?
3217 3690 3353 3746 eritis
3380 3696 3517 3751 enim

1937 3755 1989 3808 in
2012 3770 2177 3810 aerem
2202 3758 2473 3828 loquentes.
2504 3760 2615 3817 Hoc
2641 3773 2750 3828 cst,
2779 3767 2908 3822 nihil
2935 3769 3214 3840 loquentes
3232 3821 3246 3846 ,
3276 3782 3403 3837 nulli
3431 3785 3514 3840 lo-

1939 3857 2184 3917 quentes.
2216 3848 2279 3903 Et
2312 3850 2506 3921 ubique
2530 3870 2641 3909 rem
2675 3859 2907 3915 ostendit
2936 3862 3194 3921 inutilem.
3221 3871 3286 3925 Et
3312 3876 3355 3929 si
3393 3875 3517 3938 inu-

1943 3938 2085 4034 tilis,
2114 3940 2323 4034 inquies
2342 3985 2356 4009 ,
2385 3958 2482 3999 cur
2505 3946 2627 4002 data
2657 3948 2779 4003 est?
2810 3950 2877 4007 Ut
2904 3954 2976 4009 sit
3001 3957 3143 4014 utilis
3168 3962 3215 4015 ei
3244 3966 3330 4034 qui
3358 3982 3515 4023 acce-

1943 4031 2018 4101 pit
2049 4048 2063 4085 :
2095 4033 2139 4087 si
2180 4044 2358 4089 autem
2399 4035 2517 4091 aliis
2543 4053 2755 4109 quoque
2783 4040 2956 4099 l‘utura
2986 4058 3068 4102 est
3099 4031 3273 4121 utilis,
3307 4069 3521 4123 oportet

1944 4124 2080 4178 adsit
2104 4124 2496 4198 interpretatio.
2523 4128 2649 4185 llaec
2673 4141 2848 4187 autem
2876 4134 3024 4203 dicit,
3058 4154 3152 4196 eos
3181 4143 3316 4198 inter
3341 4160 3400 4201 se
3440 4149 3522 4203 in-

1943 4214 2113 4270 vicem
2141 4218 2452 4285 concilians,
2485 4228 2545 4273 ut
2591 4229 2645 4275 ct
2684 4222 2727 4278 si
2779 4223 2893 4291 ipse
2935 4243 3038 4281 non
3084 4230 3279 4287 habeat
3320 4235 3521 4294 donum

1947 4307 2368 4376 interpretandi,
2408 4321 2682 4380 assumpto
2724 4313 2894 4367 altero
2928 4317 3016 4386 qui
3049 4317 3098 4372 id
3137 4319 3348 4387 habeat,
3376 4329 3522 4396 quod

1947 4413 2101 4454 suum
2148 4410 2228 4454 est
2267 4416 2356 4471 per
2411 4401 2559 4455 illum
2604 4403 2764 4459 faciat
2802 4406 2947 4461 utile.
3001 4408 3290 4480 Propterea
3329 4416 3526 4488 tibique

1949 4491 2185 4546 ostendit
2210 4508 2322 4547 rem
2351 4507 2471 4547 esse
2498 4494 2887 4565 imperfectam,
2917 4507 2974 4554 ut
3004 4502 3147 4573 ipsos
3174 4505 3252 4561 sic
3278 4524 3381 4565 una
3406 4512 3524 4566 cold

1952 4588 2095 4659 liget.
2124 4588 2330 4644 Etenim
2358 4589 2448 4659 qui
2478 4589 2528 4644 id
2557 4589 2657 4644 sibi
2688 4591 2956 4647 existimat
2982 4595 3246 4663 sulﬁcere,
3280 4616 3385 4656 non
3417 4613 3524 4660 tam

1954 4685 2003 4739 id
2034 4684 2211 4739 laudat
2244 4702 2401 4756 quam
2429 4687 2681 4758 deprimit
2700 4708 2848 4758 ,.non
2878 4693 3059 4750 sinens
3099 4697 3149 4752 id
3178 4710 3322 4758 recte
3346 4704 3529 4772 splen-

1953 4776 2083 4833 dere
2115 4795 2209 4848 per
2250 4780 2766 4851 interpretationem.
2800 4785 3259 4847 Pulch’rum.cnim
3301 4804 3384 4850 est
3427 4796 3530 4851 do-

1957 4883 2081 4922 num
2111 4879 2162 4924 et
2193 4871 2577 4935 necessarium,
2609 4872 2703 4927 sed
2748 4880 2867 4928 tum
2903 4875 3153 4946 demum,
3197 4883 3245 4937 si
3286 4885 3530 4940 habuerit

1956 4975 2076 5016 cum
2111 4963 2198 5032 qui
2227 4952 2463 5017 declaret
2491 4979 2551 5018 ea
2581 4980 2700 5034 qua:
2726 4966 2992 5024 dicuntur.
3023 4970 3154 5025 Nam
3180 4973 3534 5044 dignusque-

1959 5068 2063 5123 que
2089 5068 2173 5106 res
2201 5063 2281 5107 est
2314 5055 2614 5110 nec05saria
2636 5097 2650 5120 ,
2683 5057 2775 5110 sed
2804 5059 3015 5127 quando
3037 5076 3157 5115 eum
3184 5062 3473 5119 abduxeris
3501 5082 3532 5121 δ.

1962 5146 2179 5214 reliquis
2202 5185 2218 5211 ,
2259 5162 2363 5199 non
2390 5148 2490 5200 erit
2519 5163 2670 5216 aeque
2701 5150 2844 5203 utilis
2872 5168 2885 5204 :
2921 5152 3045 5204 tuba
3077 5168 3285 5222 quoque
3313 5162 3397 5210 est
3439 5173 3534 5212 ne-

1961 5239 2225 5303 cessaria;
2255 5237 2347 5291 sed
2376 5238 2587 5308 quando
2620 5248 2820 5294 temere
2846 5242 3107 5305 sonucrit,
3132 5253 3213 5297 est
3242 5246 3400 5300 etiam
3427 5263 3538 5303 mo-

1966 5329 2098 5382 lesta
2130 5337 2181 5383 et
2212 5329 2408 5398 gravis.
2452 5330 2635 5400 Neque
2675 5331 2815 5385 cnim
2858 5346 2945 5385 ars
2977 5336 3291 5402 apparebit,
3326 5338 3425 5391 nisi
3470 5340 3539 5391 sit

1966 5420 2202 5489 subjecta
2246 5422 2500 5484 materia;
2548 5438 2719 5491 neque
2770 5423 3084 5479 inlonnatur
3128 5430 3350 5483 materia
3378 5469 3391 5490 ,
3444 5426 3543 5481 nisi

1967 5509 2211 5579 imposita
2257 5511 2326 5563 sit
2374 5509 2561 5564 forma.
2596 5512 2739 5567 Pone
2779 5530 2907 5583 ergo
2948 5531 3132 5570 vocem
3160 5518 3372 5586 quidem
3407 5527 3543 5567 tam-

1968 5617 2126 5672 quam
2154 5602 2471 5672 subjectum,
2494 5604 2786 5660 claritatem
2807 5620 2983 5661 autem
3009 5618 3271 5676 tamquam
3297 5608 3543 5672 fortnam,

1971 5713 2090 5766 qua:
2121 5697 2162 5750 si
2191 5713 2295 5750 non
2326 5695 2500 5765 adsit,
2546 5697 2981 5768 subjectinullus
3007 5706 3092 5751 est
3123 5713 3269 5753 usus.
3306 5696 3390 5751 10.
3426 5696 3549 5751 Tum

1972 5797 2146 5863 multa,
2192 5793 2235 5848 si
2280 5791 2590 5862 contingant,
2644 5806 2822 5860 grncra
2874 5791 3162 5857 linguarum
3210 5797 3321 5845 sunt
3363 5790 3411 5843 in
3460 5791 3551 5844 huc
