3990 6168
426 366 532 425 199
1181 366 1237 408 δ.
1277 366 1557 407 JUAL‘LVID
1590 366 2015 399 ωιιιῦυοιυιι

430 461 647 525 mundo,
681 465 727 511 et
752 452 882 508 nihil
903 450 1010 504 sine
1033 461 1151 502 voce
1172 454 1265 499 est.
1291 442 1401 497 Hoc
1427 448 1533 503 est,
1562 446 1670 491 tam
1696 431 1880 525 multa:
1911 428 2015 482 lin-

431 570 569 627 guae,
597 523 704 607 tam
731 546 912 603 multa
933 556 1115 603 voces,
1135 535 1482 609 Scytharum,
1508 530 1798 627 Thracum,
1828 523 2021 626 Roma-

435 616 645 707 norum,
687 641 994 701 Persarum,
1037 632 1367 695 Maurorum,
1411 625 1693 689 Indorum,
1733 616 2009 689 Egyptio-
2055 644 2074 672 ς

434 753 552 793 rum
575 775 595 802 ,
622 732 847 788 aliarum
874 727 1112 799 gentium
1144 718 1633 778 innumerabilium.
1677 714 1771 769 tl.
1806 709 1872 765 Si
1903 722 2022 778 ergo

432 828 656 885 nesciero
680 824 919 879 virtutem
944 820 1100 881 vocis,
1132 832 1226 871 ero
1243 814 1291 868 ei
1315 813 1393 867 cui
1422 811 1601 881 loquar
1623 808 1890 862 barbarus.

503 919 561 975 3.
609 915 689 973 Ne
717 912 1001 970 existimas
1031 908 1177 964 enim
1204 903 1347 977 quod
1375 902 1480 957 hoe
1508 899 1684 957 snme
1713 895 1921 951 accidat
1963 894 2018 948 in

433 1010 587 1067 vobis
606 1048 625 1077 ,
661 1004 874 1077 inquit,
922 1000 1019 1059 sed
1044 999 1207 1055 etiam
1238 996 1294 1051 in
1320 991 1571 1049 omnibus
1598 990 1702 1045 hoc
1733 986 1849 1041 lteri
1879 983 2026 1039 vide-

435 1106 532 1163 tis.
564 1097 925 1172 Qnmebsem
949 1094 1067 1150 tunc
1096 1091 1247 1156 dico,
1286 1103 1397 1144 non
1434 1100 1621 1140 vocem
1668 1082 1978 1172 vituperans
2007 1116 2031 1143 ,

439 1194 539 1255 sed
558 1171 853 1250 ostendens
879 1202 997 1244 eam
1024 1183 1155 1240 mihi
1188 1195 1311 1238 esse
1339 1176 1604 1240 inutilem,
1637 1171 1893 1244 quamdiu
1919 1183 2026 1225 non

442 1286 607 1346 fuerit
631 1285 777 1342 clara
801 1288 860 1337 et
880 1278 1188 1335 manifesta.
1218 1269 1421 1329 Deinde
1444 1283 1511 1324 ne
1536 1280 1750 1337 gravem
1772 1277 1836 1318 ac
1861 1259 2031 1316 mole-

442 1392 581 1440 stam
612 1376 801 1435 reddat
827 1370 1247 1431 accusationem,
1278 1368 1524 1433 exznquat
1551 1359 1777 1423 crimen,
1806 1354 2027 1411 dicens:

448 1474 550 1533 Ille
580 1472 703 1529 mihi
746 1468 1023 1530 barbarus,
1056 1471 1103 1518 et
1129 1476 1220 1532 ego
1248 1458 1325 1513 illi
1347 1472 1369 1522 ;
1395 1470 1502 1510 non
1528 1468 1601 1509 ex
1628 1460 1815 1507 natura
1844 1447 1990 1503 vocis
2011 1484 2028 1511 ,

445 1568 547 1627 sed
569 1582 639 1623 es
660 1573 842 1621 nostra
864 1555 1183 1632 ignorantia.
1210 1548 1455 1605 Vidistin‘
1483 1542 1753 1617 quomodo
1778 1538 2031 1632 paulatim

446 1658 601 1716 duxit
634 1656 703 1711 ad
748 1652 829 1718 id,
1062 1653 1145 1701 est
1188 1648 1471 1713 cognatum
1498 1652 1561 1692 ac
1602 1635 1679 1690 rei
1710 1628 2033 1703 proprium?

447 1749 602 1819 Quod
631 1745 845 1818 quidem
889 1754 1007 1795 mos
1035 1746 1118 1793 est
1148 1736 1196 1792 ei
1239 1733 1449 1797 facere,
1479 1738 1537 1785 ut
1574 1726 1819 1797 exempla
1850 1722 2035 1819 procul

449 1813 706 1903 attrahat,
737 1845 790 1892 et
821 1831 1033 1889 desinat
1058 1828 1117 1883 in
1145 1826 1196 1881 id
1223 1822 1365 1893 quod
1405 1829 1489 1879 est
1527 1818 1775 1889 subiecto
1810 1813 2037 1884 conjun—

450 1933 590 1989 ctius
614 1937 669 1986 et
696 1926 864 1997 magis
890 1921 1186 1994 proprium.
1213 1916 1347 1972 Nam
1383 1922 1665 1985 postquam
1694 1909 1832 1965 dixit
1869 1906 1937 1962 de
1966 1907 2035 1961 ti-

451 2026 539 2084 bia
586 2031 643 2079 et
687 2018 918 2079 cithara,
962 2014 1050 2068 ubi
1098 2010 1268 2067 multa
1312 2006 1512 2062 desunt
1539 2011 1595 2059 et
1622 2002 1789 2058 multa
1832 1998 2039 2055 inutilia

454 2124 601 2182 sunt,
633 2112 779 2168 venit
821 2107 888 2163 ad
922 2105 1125 2169 tubam,
1172 2115 1288 2157 rem
1331 2098 1604 2153 utiliorem
1625 2136 1641 2163 ,
1672 2102 1728 2150 et
1753 2090 1951 2149 deinde
1972 2087 2041 2145 ad

455 2210 626 2281 ipsam
666 2216 879 2259 vocem.
924 2198 997 2252 ita
1045 2194 1207 2251 etiam
1249 2200 1430 2255 antea,
1471 2185 1687 2258 quando
1727 2182 2043 2281 versabatur

455 2273 574 2371 ejus
613 2294 786 2351 oratio
814 2292 867 2345 in
907 2304 973 2344 eo
1000 2295 1060 2341 ut
1092 2283 1403 2340 ostenderet
1428 2294 1534 2335 non
1562 2292 1685 2334 esse
1714 2273 2042 2371 prohibitum

458 2362 712 2463 apostolis
740 2383 1008 2453 accipere,
1035 2393 1155 2433 cum
1174 2374 1428 2445 coepisset
1449 2371 1683 2463 primum
1703 2362 2044 2463 ah‘agricolis

459 2454 515 2539 et
545 2475 852 2551 pastoribus
874 2480 930 2528 et
949 2470 1229 2533 militibus,
1256 2475 1385 2521 tunc
1409 2460 1632 2521 deduxit
1654 2458 1957 2551 orationem
1975 2454 2044 2511 ad

460 2572 515 2628 td
714 2574 797 2621 est
827 2560 1101 2635 proposito
1142 2553 1494 2629 propinquius
1517 2593 1532 2619 ,
1561 2564 1754 2620 nempe
1777 2546 1845 2603 ad
1871 2561 2049 2641 sacer-

461 2637 615 2719 dotes
639 2658 731 2730 qui
771 2662 929 2712 erant-
968 2653 1021 2707 in
1062 2649 1265 2707 Veteri.
1299 2646 1383 2701 Tu
1403 2653 1580 2699 autem
1609 2640 1739 2696 mihi
1767 2637 2047 2696 considera

462 2752 731 2829 quomodo
760 2748 959 2819 ubique
989 2743 1223 2800 studium
1265 2738 1508 2811 posuerit
1538 2746 1597 2829 ut
1623 2734 1821 2829 donum
1849 2730 2046 2829 libera-

464 2820 547 2903 ret
572 2845 639 2900 ab
663 2838 1007 2897 accusatione
1032 2877 1056 2903 ,
1093 2842 1148 2889 et
1187 2832 1395 2887 crimen
1436 2825 1710 2883 conferret
1749 2825 1803 2878 in
1832 2837 1928 2877 eos
1956 2820 2048 2891 qui

464 2940 810 3006 acceperunt.
843 2926 962 2983 Non
988 2923 1124 2979 dixit
1153 2920 1296 2977 enim
1329 2936 1342 2973 :
1377 2918 1480 2973 Ero
1503 2915 1765 3006 barbarus
1784 2954 1801 2981 ,
1824 2910 1919 3006 sed
1941 2910 2050 3006 ,_Ei

465 3030 551 3098 qui
590 3000 813 3093 loquitur
855 3014 1120 3072 barbarus.
1152 3011 1220 3066 Et
1250 3024 1435 3098 rursus
1465 3022 1573 3063 non
1614 3005 1761 3098 dixit
1777 3021 1806 3098 ε-
1821 3002 1921 3098 Qui
1965 3000 2050 3057 lo-

468 3092 685 3186 quitur,
718 3109 977 3164 barbarus
1000 3146 1016 3173 ,
1045 3102 1138 3158 sed
1163 3143 1178 3167 ,
1216 3100 1315 3168 Qui
1343 3097 1589 3167 loquitur,
1636 3095 1763 3149 mihi
1789 3092 2050 3186 barbarus.

469 3184 607 3273 Quid
634 3214 762 3272 engo
782 3204 1017 3267 oportet,
1040 3191 1232 3264 inquit,
1258 3188 1373 3245 ﬁeri
1392 3188 1416 3242 ?
1438 3187 1554 3243 Non
1574 3186 1751 3241 solum
1779 3184 1923 3241 enim
1945 3196 2053 3239 non

470 3302 681 3366 oportet
712 3292 1042 3359 vituperare,
1090 3282 1183 3340 sed
1221 3281 1381 3337 etiam
1420 3278 1691 3335 adhortari
1729 3287 1785 3334 et
1808 3276 2004 3332 docere
2036 3293 2050 3332 :

471 3384 615 3459 quod
641 3384 756 3455 ipse
781 3392 996 3453 quoque
1037 3375 1191 3431 facit.
1212 3373 1502 3443 Postquam
1532 3371 1676 3426 cnim
1706 3368 1977 3424 accusavit
2001 3375 2057 3423 et

472 3475 801 3547 increpavit,
850 3480 905 3528 et
943 3469 1131 3526 inutile
1165 3481 1286 3522 esse
1312 3462 1582 3529 ostendit,
1614 3461 1870 3533 deinceps
1895 3461 2055 3517 etiam

471 3571 752 3628 consilium
783 3566 894 3633 dat,
921 3563 1108 3619 dicens
1136 3578 1150 3617 :
1184 3560 1272 3615 12.
1307 3556 1396 3614 Sic
1424 3566 1470 3612 et
1497 3573 1613 3624 vos,
1640 3556 1880 3627 quoniam
1899 3570 2060 3611 amu-

472 3665 655 3719 lutores
682 3660 809 3714 estis-
823 3656 1119 3727 spirituum,
1146 3650 1215 3705 ad
1237 3649 1625 3719 tediﬁcationem
1656 3645 1898 3701 Ecclesia:
1919 3662 2059 3717 guto-

472 3756 566 3807 rite
584 3762 637 3806 ut
657 3746 939 3803 abundetis.
967 3742 1208 3799 Vidistin‘
1233 3740 1348 3809 ejus
1372 3753 1595 3809 scopum
1622 3751 1838 3808 semper
1861 3745 1915 3792 et
1944 3736 2060 3792 ubi-

473 3858 579 3914 que
608 3855 769 3895 unum
798 3834 958 3892 esse?
983 3834 1115 3888 Eam
1144 3847 1247 3887 ceu»
1274 3834 1508 3901 regulam
1543 3830 1711 3900 ponit,
1738 3844 1857 3901 quae
1878 3828 2060 3885 multis

428 3922 445 3937 ’
478 3932 629 3988 utilis
652 3931 721 3985 sit
760 3937 815 3983 et
855 3925 1149 3981 Ecclesium
1186 3922 1354 3992 juvct.
1401 3921 1586 3992 Neque
1628 3922 1794 3989 dixit,
1826 3921 1896 3977 Ut
1921 3922 2059 3978 dona

479 4020 817 4095 possidentis,
846 4016 939 4072 sed
974 4014 1041 4070 Ut
1074 4013 1341 4067 abundetis
1358 4014 1501 4079 ;Iioc
1522 4022 1628 4079 est,
1648 4023 1705 4067 ut
1725 4029 1846 4069 eum
1872 4028 2061 4083 magna

477 4114 629 4183 copia
662 4112 749 4166 illa
780 4106 1041 4164 habeatis.
1071 4104 1297 4160 Tantum
1332 4104 1474 4158 enim
1511 4104 1662 4159 abest
1687 4116 1744 4159 ut
1773 4105 1939 4161 nolim
1967 4122 2063 4162 vos

477 4222 552 4264 ea,
582 4203 777 4262 habere
802 4242 817 4267 ,
850 4208 909 4254 ut
937 4197 1096 4253 velim
1135 4195 1295 4252 etiam
1326 4212 1418 4252 vos
1445 4195 1531 4252 eis
1553 4196 1859 4262 abundare,
1902 4199 2068 4255 modo

475 4294 861 4356 eaexerceatis
885 4290 953 4347 ad
983 4289 1034 4345 id
1059 4288 1201 4360 quod
1230 4288 1286 4343 in
1312 4304 1598 4347 commune
1621 4300 1709 4345 est
1733 4291 1884 4347 utile.
1914 4293 2060 4362 Quo-

480 4392 653 4451 modo.
689 4398 868 4445 autem
920 4386 1023 4441 hoc
1076 4384 1186 4448 liat,
1231 4381 1363 4438 dicit
1403 4392 1457 4439 et
1499 4384 1793 4455 subjungit,
1840 4385 2061 4443 dicens;

479 4486 569 4541 15.
602 4481 667 4537 Et
699 4480 812 4533 ideo
837 4476 921 4545 qui
956 4474 1181 4543 loquitur
1207 4473 1417 4544 lingua,
1460 4483 1566 4528 oret
1604 4484 1660 4528 ut
1684 4476 2061 4547 interpretetur.

480 4576 571 4631 ll.
601 4571 742 4627 Nam
768 4571 811 4623 si
841 4583 979 4621 orem
1014 4567 1210 4636 lingua,
1238 4565 1445 4634 spiritus
1469 4581 1608 4619 meus
1633 4576 1775 4633 orat,
1806 4585 1945 4623 mens
1965 4585 2063 4623 au-

483 4676 582 4723 tem
605 4679 723 4718 mea
745 4662 853 4716 sine
881 4664 1049 4732 fructu
1077 4666 1169 4712 est.
1199 4657 1287 4712 15.
1320 4656 1459 4724 Quid
1482 4673 1599 4727 ergo
1626 4660 1740 4713 est?
1767 4659 1934 4716 θναὺο
1954 4662 2064 4732 spi-

481 4759 605 4823 ςίω,
631 4754 787 4809 orabo
814 4760 862 4805 et
889 4758 1055 4805 mente
1073 4764 1092 4802 :
1107 4750 1325 4821 psallam
1352 4749 1563 4819 spiritu,
1578 4752 1793 4820 psallunt
1814 4768 1861 4809 et
1883 4767 2063 4813 mente.

484 4849 586 4905 llic
622 4842 856 4900 ostendit
881 4842 947 4895 in.
970 4856 1157 4896 eorum
1186 4853 1307 4895 esse
1331 4848 1596 4911 potestate
1622 4850 1683 4896 ut
1706 4841 1905 4900 donum
1927 4846 2067 4902 acci-

483 4943 628 5017 piant
659 4956 672 4993 :
706 4935 829 4991 Oret
874 4934 1040 4997 enim,
1088 4934 1292 5003 inquit;
1336 4933 1439 4989 hoc
1484 4943 1588 5001 est,
1639 4951 1759 5005 qua:
1800 4952 1895 4993 sua
1942 4948 2071 4995 sunt

483 5026 693 5085 aderat.
722 5028 856 5085 Nam
885 5026 931 5081 si
960 5024 1244 5095 diligenter
1280 5033 1337 5079 ct
1375 5041 1568 5097 magno
1606 5028 1784 5083 studio
1814 5031 2062 5099 petieris,

485 5124 736 5195 accipies.
766 5120 895 5176 Pete
924 5132 1054 5188 ergo
1079 5124 1139 5171 ut
1163 5130 1268 5171 non
1299 5116 1473 5171 solum
1506 5118 1704 5174 habeas
1732 5119 1931 5176 donum
1959 5123 2067 5177 lin-

485 5231 624 5289 gum,
642 5215 734 5270 sed
752 5215 913 5269 etiam
937 5212 1394 5281 interpretationis
1422 5230 1435 5265 :
1460 5222 1516 5267 ut
1535 5214 1609 5267 sis
1630 5216 1878 5271 omnibus
1900 5218 2064 5287 utilis,

487 5321 588 5362 nec
614 5304 813 5359 donum
839 5305 893 5358 in
929 5312 981 5357 te
1007 5303 1181 5357 solum
1218 5302 1479 5357 includas.
1528 5301 1668 5357 Nam
1706 5306 1749 5357 si
1790 5323 1957 5373 orem,
1987 5310 2068 5363 in-

487 5400 620 5467 quit,
648 5397 843 5467 lingua,
882 5395 1089 5463 spiritus
1112 5412 1252 5449 meus
1275 5403 1406 5463 orat,
1444 5412 1585 5450 mens
1615 5408 1781 5451 autem
1818 5416 1927 5453 mea
1961 5403 2069 5456 sine

483 5494 519 5563 [ι
536 5500 653 5545 actu
672 5496 765 5543 est.

553 5583 759 5637 Donum
784 5580 1077 5651 linguarum
1104 5580 1361 5650 quodnam
1400 5590 1545 5634 esset.
1563 5611 1636 5622 -—
1657 5580 1903 5639 Vidistin'
1928 5601 2067 5656 quo-

483 5674 644 5731 modo
677 5674 930 5746 paulatim
975 5672 1245 5729 extollens
1285 5672 1606 5739 orationem,
1649 5675 1897 5731 ostendat
1942 5686 2066 5734 cum

489 5768 587 5837 qui
608 5775 695 5825 est
726 5765 1021 5838 ejusmodi,
1055 5779 1160 5822 non
1188 5765 1360 5822 solum
1388 5780 1509 5822 esse
1537 5765 1655 5820 aliis
1682 5766 1948 5835 inutilem,
1974 5770 2068 5828 sed

1181 354 1237 408 3.
1277 344 1557 407 30.“le
1590 329 2069 399 CHRYSOSTOM‘I‘
2098 329 2407 386 ARCHIEP.
2445 326 2978 386 CONSTANTINOP.

2127 425 2297 478 etiam
2317 424 2418 479 sibi
2450 423 2575 496 ipsi,
2606 421 2870 493 siquidem
2917 431 3070 477 mens
3100 416 3218 487 ejus
3248 423 3331 473 est
3359 414 3474 470 sine
3511 413 3715 475 fructu.

2124 517 2257 575 Nam
2296 518 2342 574 si
2381 517 2501 588 quis
2542 517 2786 587 loquatur
2829 515 3003 570 solum
3043 513 3329 570 Persarum
3377 509 3576 580 lingua,
3625 518 3724 567 aut

2125 613 2301 685 aliqua
2352 611 2457 671 alia
2502 612 2702 678 aliena,
2757 611 2962 667 neseiat
3012 618 3192 665 autem
3220 623 3341 678 qua:
3371 607 3523 673 dicit,
3569 615 3722 665 certe

2127 706 2287 762 etiam
2311 704 2412 759 sibi
2454 704 2555 775 ipsi
2577 704 2686 773 jam
2714 704 2821 759 erit
2855 702 3136 767 barbarus,
3170 716 3277 754 non
3306 699 3395 754 alii
3424 700 3622 765 solum,
3650 715 3723 756 eo

2129 796 2271 868 quod
2300 795 2505 852 neseiat
2536 795 2645 849 vim
2672 794 2840 849 vocis.
2875 793 3041 848 Erant
3068 792 3212 848 enim
3244 791 3541 862 antiquitus
3565 792 3723 848 multi

2131 890 2221 961 qui
2252 889 2514 945 orationis
2542 887 2743 944 donum
2783 886 3053 943 habebant
3097 900 3222 941 cum
3265 884 3479 956 lingua;
3510 896 3567 942 et
3593 901 3723 942 ora-

2130 982 2263 1040 bant
2288 981 2528 1053 quidem,
2557 990 2611 1038 et
2636 982 2815 1051 lingua
2841 978 3181 1051 loquebatur,
3207 987 3299 1035 aut
3319 978 3602 1036 Persarum
3631 988 3727 1035 aut

2132 1075 2497 1132 Romanorum
2524 1088 2655 1129 voce
2678 1088 2874 1139 orans;
2903 1086 3057 1129 mens
3080 1080 3260 1128 autem
3287 1071 3561 1129 nesciebat
3578 1073 3725 1142 quod

2131 1168 2431 1225 dicebatur.
2462 1167 2589 1225 Ideo
2612 1168 2845 1232 dicebat,
2874 1167 2937 1222 Si
2958 1183 3097 1222 orem
3122 1168 3323 1239 lingua,
3350 1167 3561 1237 spiritus
3586 1184 3727 1222 meus

2134 1270 2289 1326 orat;
2317 1259 2373 1316 id
2399 1269 2504 1326 est,
2532 1260 2799 1316 charisma
2823 1259 2966 1330 quod
2990 1259 3174 1315 datum
3202 1268 3287 1315 est
3308 1260 3439 1315 mibi
3466 1270 3522 1316 et
3547 1275 3728 1318 movet

2135 1353 2370 1426 linguam
2395 1369 2411 1420 ;
2441 1370 2583 1408 mens
2610 1362 2787 1408 autem
2811 1368 2924 1408 mea
2952 1352 3061 1409 sine
3094 1354 3260 1423 fructu
3292 1362 3387 1407 est.
3420 1351 3559 1419 Quid
3597 1368 3727 1425 ergo

2137 1446 2399 1516 optimum
2426 1454 2481 1500 et
2510 1444 2641 1500 utile
2672 1444 2803 1500 .est?
2837 1452 2888 1498 et
2931 1443 3201 1513 quomodo
3239 1441 3568 1510 faciendum,
3598 1446 3725 1514 quid

2138 1536 2430 1610 petendum
2455 1550 2486 1591 a
2514 1536 2627 1591 Deo
2644 1535 2768 1591 est?
2790 1533 2858 1591 Ut
2880 1543 2936 1590 et
2963 1534 3176 1604 spiritu,
3198 1533 3251 1589 id
3278 1545 3362 1588 est
3382 1534 3726 1601 charismate,

2139 1638 2197 1686 et
2242 1636 2422 1685 mente
2464 1636 2671 1684 oretur.
2713 1626 2783 1681 Et
2835 1626 2961 1682 ideo
3007 1625 3266 1683 diccbat:
3302 1626 3474 1682 Orabo
3519 1628 3726 1696 spiritu,

2142 1724 2299 1779 orabo
2338 1732 2386 1777 et
2427 1731 2629 1786 mente;
2666 1720 2889 1791 psallam
2932 1719 3137 1790 spiritu,
3185 1720 3409 1792 psallam
3450 1730 3498 1775 et
3545 1730 3729 1778 alente.

2146 1816 2289 1873 Idem
2317 1830 2505 1873 rursus
2539 1815 2626 1871 hic
2654 1828 2866 1885 quoque
2895 1812 3160 1884 signth
3190 1829 3206 1868 :
3234 1812 3306 1870 Ut
3334 1823 3389 1869 et
3426 1814 3607 1885 lingua
3650 1813 3731 1867 lo—

2142 1918 2358 1980 quatur,
2390 1917 2445 1965 et
2480 1923 2634 1965 mens
2662 1922 2769 1963 non
2800 1906 3011 1978 ignoret
3048 1920 3113 1962 ea
3152 1920 3271 1977 qum
3296 1904 3566 1961 dicuntur.
3596 1904 3732 1961 Nam

2146 2002 2249 2059 nisi
2278 2003 2378 2058 hoc
2402 2002 2492 2070 sit,
2532 2002 2635 2057 alia
2663 2016 2876 2072 quoque
2898 1999 3004 2057 erit
3037 1998 3300 2056 conlusio.
3330 1996 3414 2054 16.
3450 1997 3657 2052 Etenim
3686 1998 3736 2052 si

2148 2094 2485 2160 benedixeris,
2518 2093 2709 2163 inquit,
2752 2092 2957 2163 spiritu,
2993 2092 3081 2163 qui
3112 2090 3314 2162 supplet
3336 2090 3519 2159 locum
3556 2091 3738 2144 idiotas

2147 2185 2403 2256 quomodo
2442 2184 2602 2251 dicet,
2638 2184 2821 2251 Amen,
2858 2200 3014 2254 super
3054 2191 3195 2238 luant
3241 2184 3529 2255 gratiarum
3572 2182 3739 2236 actio-

2150 2296 2265 2335 nem
2286 2280 2311 2334 ?
2330 2279 2575 2349 quoniam
2612 2277 2736 2348 quid
2774 2278 2919 2333 dicas
2944 2277 3125 2333 nescit.
3162 2277 3252 2332 17.
3280 2275 3423 2330 Nam
3450 2286 3506 2330 tu
3536 2277 3738 2345 quidem

2152 2371 2274 2426 bene
2299 2370 2493 2442 gratias
2518 2369 2650 2441 agis,
2681 2368 2770 2424 sed
2807 2368 2938 2423 alter
2970 2383 3073 2424 non
3097 2367 3408 2437 adiﬁcatur.
3438 2365 3575 2422 Vide
3603 2382 3739 2437 quo-

2152 2464 2313 2520 modo
2353 2463 2443 2518 hic
2470 2476 2659 2518 rursus
2686 2461 2919 2533 lapidem
2949 2460 3099 2517 ducit
3122 2460 3192 2517 ad
3227 2461 3510 2528 amussim,
3544 2460 3739 2531 ubique

2152 2570 2400 2627 qincrens
2442 2553 2701 2611 Ecclesia
2727 2553 3159 2610 aediﬁcationem.
3193 2552 3420 2610 ldiotam
3447 2562 3627 2608 autem
3657 2553 3741 2608 di-

2153 2648 2226 2703 cit
2256 2646 2470 2712 laicum,
2501 2655 2555 2702 et
2579 2644 2815 2701 ostendit
2841 2660 2963 2701 eum
2993 2658 3101 2700 non
3125 2659 3350 2717 parvum
3369 2644 3625 2700 damnum
3649 2660 3740 2701 ac-

2154 2738 2358 2809 cipere,
2385 2737 2601 2808 quando
2631 2752 2739 2792 non
2770 2745 2943 2806 potest
2967 2735 3171 2804 dicere,
3195 2736 3389 2792 Amen.
3420 2735 3535 2791 Hoc
3564 2744 3740 2792 autem

2155 2829 2269 2884 vult
2296 2828 2636 2899 signiﬁcare:
2665 2826 2721 2884 Si
2756 2827 3109 2885 barbarorum
3142 2840 3277 2884 voce
3319 2827 3613 2883 benedicas
3651 2843 3744 2885 ns-

2157 2921 2334 2977 sciens
2361 2919 2490 2990 quid
2515 2918 2687 2999 dicas,
2711 2934 2886 2990 neque
2911 2918 3099 2975 valens
3121 2917 3489 2990 interpretari,
3521 2934 3629 2974 non
3651 2933 3747 2989 po-

2160 3020 2266 3070 test
2311 3011 2478 3068 laicus
2518 3011 2870 3081 respondere,
2915 3013 3087 3068 Amen
3120 3026 3136 3063 :
3168 3025 3274 3066 non
3324 3010 3551 3067 audiens
3602 3010 3746 3065 extim

2161 3102 2309 3169 illud,
2343 3102 2398 3158 In
2420 3102 2617 3158 sa-cula
2640 3102 2981 3167 saeculorum,
3005 3100 3149 3173 quod
3179 3111 3263 3158 est
3289 3100 3433 3170 linis,
3465 3116 3569 3157 non
3596 3102 3747 3168 dicit,

2161 3195 2357 3251 Amen.
2400 3193 2604 3250 Deinde
2646 3208 2832 3250 rursus
2870 3208 2992 3250 eum
3038 3192 3351 3261 consolans,
3401 3207 3472 3249 ne
3505 3193 3751 3249 videatur

2163 3285 2365 3341 donum
2386 3284 2539 3340 Valde
2555 3284 2884 3355 vilipendere
2907 3302 2922 3338 :
2946 3284 3087 3355 quod
3107 3284 3358 3355 superius
3376 3283 3607 3349 dicebat,
3625 3300 3751 3339 eum

2165 3375 2309 3446 loqui
2352 3375 2630 3447 mysteria,
2673 3384 2727 3430 et
2757 3375 2870 3430 Deo
2896 3374 3064 3446 loqui,
3095 3386 3152 3432 et
3187 3372 3427 3446 seipsum
3458 3376 3749 3443 aediﬁcare,

2164 3477 2219 3526 et
2244 3483 2399 3525 orare
2437 3468 2664 3539 spiritu;
2696 3483 2763 3524 ex
2790 3466 2874 3525 his
2900 3484 3006 3523 non
3035 3482 3253 3538 parvam
3280 3469 3595 3541 excogitans
3620 3484 3753 3524 con—

2164 3559 2501 3623 solationem,
2549 3558 2654 3615 hoc
2694 3558 2782 3614 hic
2816 3573 3028 3629 quoque
3070 3557 3218 3624 facit,
3266 3559 3454 3616 dicens
3486 3579 3499 3613 :
3534 3559 3668 3614 Nam
3700 3568 3757 3618 tu

2165 3651 2382 3723 quidem
2408 3651 2545 3708 bene
2565 3652 2763 3722 gratias
2790 3650 2937 3721 agis;
2967 3650 3171 3721 Spiritu
3197 3652 3338 3707 enim
3366 3662 3542 3707 motus
3569 3654 3758 3722 loque-

2166 3744 2275 3809 ris;
2299 3742 2393 3798 sed
2416 3743 2504 3799 ille
2525 3741 2658 3797 nihil
2682 3740 2925 3809 audiens,
2950 3757 3124 3813 neque
3142 3742 3317 3798 sciens
3336 3758 3451 3813 qua:
3466 3742 3758 3812 dicuntur,

2167 3842 2293 3901 stat,
2316 3848 2422 3889 non
2454 3849 2700 3905 magnam
2727 3833 3005 3904 excipiens
3033 3834 3329 3890 utilitatem.

2239 3926 2296 3982 4.
2328 3925 2527 3981 Deinde
2556 3926 2809 3995 quoniam
2843 3940 2937 3981 eos
2965 3935 3049 3981 est
3074 3925 3361 3982 insectatus
3390 3925 3480 3996 qui
3510 3926 3619 3981 hoc
3652 3926 3757 3982 ba-

2168 4016 2297 4072 bent
2321 4016 2543 4085 donum,
2576 4025 2844 4088 tamquam
2871 4019 2962 4087 qui
3001 4018 3136 4074 nihil
3167 4034 3413 4090 magnum
3454 4018 3757 4087 haberent;

2171 4124 2240 4163 ne
2267 4107 2512 4163 videatur
2542 4107 2707 4163 veluti
2730 4123 2794 4163 eo
2821 4110 3081 4179 privatus,
3112 4124 3207 4165 eos
3234 4110 3589 4181 vilipendere,
3634 4112 3758 4166 vide

2169 4202 2297 4275 quid
2324 4202 2466 4259 dicat
2497 4220 2511 4257 :
2535 4202 2622 4258 18.
2652 4201 2854 4256 Gratias
2879 4219 2977 4273 ago
2996 4201 3128 4271 Deo,
3154 4202 3291 4273 quod
3311 4204 3477 4275 magis
3496 4221 3649 4274 quam
3672 4219 3758 4257 vos

2171 4301 2344 4350 omnes
2385 4294 2576 4365 linguis
2618 4293 2819 4364 loquar.
2869 4292 2983 4350 Hoc
3010 4304 3190 4350 autem
3234 4293 3363 4350 facit
3398 4295 3561 4349 etiam
3606 4294 3756 4349 alibi.

2171 4387 2533 4457 Depressurus
2553 4387 2695 4443 enim
2723 4401 2786 4441 ea
2803 4386 2998 4457 quibus
3042 4387 3400 4458 exsupenbat
3425 4386 3754 4452 Judaismus,

2173 4487 2233 4536 et
2242 4489 2563 4535 ostensurus
2575 4492 2635 4533 ea
2652 4476 2784 4531 nihil
2802 4492 2943 4545 esse,
2967 4477 3116 4547 prius
3136 4477 3371 4534 ostendit
3387 4492 3445 4533 se
3462 4476 3756 4541 eababcrc,

2173 4578 2227 4625 et
2264 4569 2421 4639 longe
2449 4567 2721 4638 amplius,
2748 4576 2874 4623 tunc
2898 4582 3112 4638 quoque
3139 4583 3203 4624 ea
3230 4567 3486 4624 damnum
3524 4567 3760 4638 appellat

2173 4662 2358 4717 dicens
2390 4678 2403 4715 :
2434 4659 2497 4716 Si
2520 4660 2634 4730 quis
2656 4660 2853 4715 videtur
2886 4659 3072 4715 habere
3099 4660 3344 4729 ﬁduciam
3370 4660 3425 4714 in
3463 4675 3639 4726 cas-rte,
3669 4674 3761 4729 ego

2173 4755 2354 4825 magis,
2386 4753 2709 4808 circumcisus
2738 4762 2910 4808 Octauo
2951 4753 3054 4819 die,
3097 4769 3161 4808 ea:
3187 4768 3371 4823 genere
3400 4751 3586 4818 Israel,
3628 4751 3763 4805 tribu

2173 4844 2465 4914 Benjmnin,
2488 4844 2735 4900 Hebraeus
2757 4861 2821 4899 ea:
2848 4844 3095 4912 Hebrwis,
3122 4845 3403 4900 secundum
3433 4849 3595 4916 legem
3621 4842 3760 4897 Plia-

2172 4939 2370 5002 risteus,
2403 4937 2676 4990 secundum
2703 4936 2869 4990 zelum
2908 4953 3211 5008 persequens
3242 4936 3545 5002 Ecclesium,
3576 4953 3757 4991 secun-

2174 5031 2297 5085 dum
2326 5028 2579 5100 justitiam
2606 5045 2721 5101 qua:
2744 5039 2815 5083 est
2846 5046 2909 5084 ea:
2935 5031 3064 5102 lege,
3098 5035 3266 5101 factus
3305 5029 3763 5100 irrepreltensiliﬁs

2177 5123 2433 5196 (Philipp.
2467 5125 2519 5179 3.
2548 5123 2719 5194 4.-6).
2766 5123 2832 5177 Ει
2886 5131 3010 5178 tunc
3062 5133 3344 5195 postquam
3390 5122 3665 5188 ostendit,
3702 5136 3764 5177 se

2174 5218 2227 5272 iu
2256 5218 2337 5272 his
2358 5216 2607 5271 omnibus
2635 5215 2928 5281 abundare,
2964 5216 3133 5273 dicit:
3170 5217 3277 5272 Sed
3305 5232 3421 5286 quat
3462 5216 3585 5269 mihi
3615 5223 3766 5270 erant

2174 5309 2336 5373 lucra,
2368 5325 2427 5361 ea
2466 5308 2710 5361 damnum
2749 5307 3032 5361 existimavi
3064 5317 3271 5377 propter
3304 5307 3565 5362 Christum
3596 5306 3761 5371 (Ibid.

2172 5416 2220 5453 υ.
2246 5402 2321 5470 7).
2364 5401 2440 5454 lta
2484 5398 2569 5453 hic
2594 5414 2806 5469 quoque
2831 5398 2977 5466 facit,
3018 5398 3204 5455 dicens
3237 5418 3249 5453 :
3283 5398 3453 5470 Magis
3479 5415 3635 5468 quam
3675 5413 3765 5452 eos

2118 5486 2123 5489 ί
2172 5510 2344 5547 omnes
2388 5492 2576 5563 linguis
2623 5490 2825 5561 loquor.
2850 5493 2929 5550 Ne
2956 5506 3090 5561 ergo
3127 5491 3460 5556 efferamini,
3514 5500 3568 5546 et
3608 5488 3765 5543 vobis

2176 5585 2430 5652 placeatis
2469 5594 2737 5653 tamquam
2781 5583 2881 5638 soli
2920 5583 3121 5638 donum
3161 5583 3455 5649 habentes;
3494 5597 3621 5636 nam
3661 5595 3765 5650 ego

2176 5689 2389 5747 quoque
2419 5674 2471 5729 id
2499 5672 2769 5744 possideo,
2798 5682 2853 5730 et
2881 5677 3048 5746 magis
3075 5691 3237 5745 quam
3271 5690 3386 5731 vos.
3430 5673 3520 5729 19.
3565 5672 3674 5727 Sed
3708 5671 3765 5725 in

2180 5767 2411 5827 Ecclesia
2434 5764 2550 5823 volo
2569 5767 2788 5838 quinque
2813 5769 2959 5824 verba
2974 5785 3125 5825 sensu
3151 5785 3271 5825 meo
3286 5768 3441 5840 loqui,
3472 5775 3529 5821 ut
3554 5773 3602 5821 et
3625 5763 3761 5819 alios
