3990 6168
463 278 562 333 '50!

462 393 554 466 Μὴ
611 393 796 448 τοίνυν
831 390 976 464 μέγα
1035 395 1323 463 φρονεῖτε,
1369 392 1444 454 ὡς
1497 391 1650 462 μόνοι
1696 391 1755 444 τὸ
1807 391 2054 462 χάρισμα

461 483 699 552 ἔχοντες
727 481 820 534 καὶ
843 480 952 550 γὰρ
975 480 1068 532 καὶ
1094 478 1205 547 ἐγὼ
1232 479 1531 549 κέκτημαι,
1558 479 1651 533 καὶ
1680 479 1709 531 ὑ
1719 476 1835 548 μῶν
1866 476 2053 530 πλέον.

474 571 652 623 Ἀλλὰ
682 568 835 622 θέλω
872 567 1053 620 πέντε
1085 568 1308 636 λόγους
1339 567 1408 620 ἐν
1450 567 1784 633 Ἐκκλησία
1816 563 1911 618 διὰ
1949 561 2056 618 τοῦ

467 657 611 724 νοός
637 673 758 725 μου
782 653 1076 724 λαλῆσαι,
1101 656 1200 708 ἵνα
1231 655 1325 708 καὶ
1355 653 1586 719 ἄλλους
1617 654 1962 724 κατηχήσω.
1991 650 2058 704 Τί

463 734 598 808 ἐστι,
635 743 740 796 Διὰ
773 743 881 797 τοῦ
919 744 1062 808 νοός
1092 759 1214 812 μου
1245 741 1538 809 λαλῆσαι,
1569 742 1671 794 ἵνα
1694 741 1792 794 καὶ
1823 741 2059 802 ἄλλους

465 831 827 901 κατηχήσω;
857 829 1012 884 Νοῶν
1032 829 1069 884 ἀ
1094 829 1255 898 λέγω,
1284 831 1376 882 καί
1398 827 1432 882 ἀ
1459 828 1694 898 δύναμαι
1729 827 1822 880 καὶ
1850 827 2058 890 ἑτέροις

464 919 801 992 ἑρμηνεῦσαι
821 919 918 973 καὶ
943 917 1081 990 μετά
1099 918 1369 980 συνέσεως
1387 919 1562 970 εἰπεῖν
1590 915 1685 970 xal
1705 913 1914 980 διδάξαι
1931 917 2059 980 τοὺς

464 1009 783 1072 ἀκούοντας.
817 1009 894 1062 Ἦ
917 1007 1174 1076 μυρίους
1194 1005 1418 1075 λόγους
1442 1004 1512 1058 ἐν
1532 1001 1808 1074 γλώσσῃ.
1833 1003 1933 1056 Διά
1965 1002 2018 1056 τί
2040 1019 2056 1069 ;

466 1099 593 1154 Ἵνα
632 1095 961 1165 κατηχήσω
1013 1095 1115 1148 καί
1153 1094 1408 1161 ἄλλους,
1463 1093 1621 1164 φησί.
1672 1091 1746 1145 Τὺ
1800 1091 1900 1162 μὲν
1948 1091 2059 1163 γάρ

465 1184 723 1250 ἐπίδειξιν
773 1184 887 1254 ἔχει
945 1183 1130 1253 μόνον,
1165 1181 1226 1235 τὸ
1271 1181 1328 1235 δὲ
1373 1180 1574 1252 πολλὴν
1616 1180 1716 1252 τὴν
1760 1179 2056 1248 ὠφέλειαν.

465 1273 637 1326 Τοῦτο
673 1273 783 1343 γάρ
817 1274 966 1325 ἐστιν
1009 1270 1037 1324 δ
1072 1269 1349 1340 πανταχοῦ
1389 1269 1570 1338 ζητεῖ,
1610 1267 1670 1320 τὸ
1711 1269 1867 1338 κοινῇ
1917 1285 2058 1338 συμ-

468 1361 655 1430 φέρον.
681 1359 876 1414 Καίτοι
901 1376 965 1428 γε
997 1357 1145 1421 ξένον
1177 1357 1239 1410 τὸ
1267 1357 1519 1428 χάρισμα
1549 1349 1617 1424 ἦν
1650 1353 1712 1407 τὸ
1739 1353 1848 1406 τῶν
1881 1353 2060 1422 γλωσ-

469 1449 598 1513 σῶν,
633 1449 695 1503 τὸ
721 1449 779 1502 δὲ
820 1449 920 1519 τῆς
949 1446 1292 1518 προφητείας
1335 1443 1566 1516 σύνηθές
1599 1460 1658 1496 τε
1693 1444 1785 1498 καὶ
1828 1441 2095 1496 παλαιὺνί

469 1538 564 1592 καί¹
605 1537 822 1600 πολλοῖς
858 1536 960 1607 ἤδη
994 1535 1169 1600 δοθὲν,
1205 1532 1365 1587 τοῦτο
1393 1533 1453 1586 δὲ
1494 1532 1616 1586 τότε
1646 1532 1865 1601 πρῶτον
1885 1547 1899 1561 ο
1943 1529 2060 1583 ἀλλ’

467 1628 620 1698 ὅμως
650 1625 712 1678 οὐ
757 1624 966 1694 σφόδρα
1001 1618 1070 1692 ἦν
1123 1621 1275 1692 αὑτῷ
1313 1618 1806 1690 περισπούδαστον.
1857 1618 2060 1688 Διόπερ

467 1716 592 1771 οὐδὲ
618 1715 887 1786 ἐκέχρητο
911 1711 1082 1783 αὐτῷ,
1107 1711 1168 1764 οὐ
1193 1711 1344 1783 παρά
1366 1709 1426 1762 τὸ
1453 1709 1529 1780 μὴ
1550 1707 1717 1778 ἔχειν,
1744 1707 1881 1762 ἀλλά
1906 1706 2062 1779 παρὰ

467 1805 530 1859 τὸ
555 1804 626 1858 τά
651 1801 1050 1875 χρησιμώτερα
1080 1800 1290 1873 ζητεῖν.
1327 1797 1440 1853 Kal
1465 1799 1575 1870 γὰρ
1600 1793 1670 1869 ἦν
1695 1796 1878 1867 πάσης
1909 1814 2063 1850 κενο-

469 1893 649 1958 δοξίας
695 1891 1142 1962 ἀπηλλαγμένος,
1181 1889 1276 1942 καὶ
1321 1887 1379 1942 ἓν
1417 1887 1579 1960 μόνον
1616 1885 1837 1942 σκοπῶν
1859 1926 1874 1949 ,
1912 1885 2062 1950 ὅπως

473 1977 719 2049 βελτίους
748 1975 1054 2047 ἐργάσηται
1081 1973 1211 2036 τοὺς
1240 1971 1563 2036 ἀκούοντας.
1591 1971 1682 2025 Διὸ
1711 1971 1806 2024 καὶ
1834 1970 1895 2024 τὸ
1921 1971 2061 2042 χρή-

473 2083 632 2139 σιμον
666 2065 762 2118 καὶ
803 2061 978 2133 ἑαυτῷ
1013 2062 1110 2115 καλ⁵
1153 2061 1266 2122 τοῖς
1318 2058 1501 2122 ἄλλοις
1549 2059 1782 2127 ἠδύνατο
1819 2057 2061 2128 βλέπειν,

470 2154 659 2226 ἐπειδὴ
690 2155 789 2223 τῆς
820 2151 985 2220 κενῆς
1015 2148 1172 2218 δόξης
1207 2146 1548 2220 ἀπήλλακτο.
1595 2145 1688 2209 Ὠς
1719 2145 1748 2198 ὃ
1780 2162 1844 2214 γε
1878 2144 2065 2216 ἐκείνῃ

471 2240 943 2303 καταδουλωθεὶς,
978 2237 1040 2290 οὐ
1081 2237 1142 2290 τὸ
1180 2234 1290 2289 τῶν
1334 2233 1512 2287 ἄλλων
1555 2233 1738 2304 μόνον,
1790 2233 1905 2287 ἀλλ’
1941 2232 2065 2286 οὐδέ

471 2331 533 2384 τδ
560 2327 756 2384 ἐαυτοῦ
787 2325 1079 2395 δυνήσεται
1110 2321 1350 2376 κατιδεῖν
1380 2321 1684 2394 συμφέρον.
1718 2320 1976 2385 Τοιοῦτος
1996 2315 2064 2392 ἦν

473 2421 502 2470 6
530 2417 736 2486 Σίμων,
771 2412 829 2476 ὃς
865 2410 1055 2481 ἐπειδὴ
1089 2409 1227 2480 πρὸς
1270 2408 1430 2474 δόξαν
1472 2403 1581 2461 εἶδε
1625 2408 1787 2478 κενὴν
1809 2448 1822 2472 ,
1855 2408 1976 2462 οὐδὲ
2007 2407 2068 2460 τὸ

475 2499 670 2557 ἑαυτοῦ
705 2500 980 2571 χρήσιμον
1013 2491 1118 2550 εἶδε
1146 2513 1160 2525 ·
1187 2493 1421 2550 τοιοῦτοι
1453 2495 1548 2548 καί¹
1592 2495 1858 2559 Ἰουδαῖοι,
1901 2493 1951 2548 οἳ
1979 2493 2067 2549 διὰ

475 2589 680 2660 ταύτην
713 2586 793 2659 τῷ
821 2585 1052 2659 διαϐόλῳ
1083 2584 1183 2656 τὴν
1213 2585 1420 2640 οἰκείαν
1454 2583 1716 2656 προέπιον
1762 2583 2064 2657 σωτηρίαν.

562 2822 845 2881 Ἐντεῦθεν
883 2822 979 2876 καὶ
1010 2821 1205 2876 ετδωλα
1239 2821 1460 2893 ἐτέχθη,
1491 2822 1590 2876 καὶ
1629 2821 1681 2873 οἰ
1712 2819 1823 2873 τῶν
1867 2817 2070 2885 ἔξωθεν

478 2915 759 2986 φιλόσοφοι
794 2911 887 2964 ἐπὶ⁵
919 2911 990 2966 τά
1037 2911 1250 2983 πονηρά
1287 2910 1538 2982 δόγματα
1591 2910 1656 2963 ἐκ
1689 2907 1894 2978 ταύτης
1929 2922 2070 2978 παρ·

478 3005 764 3070 οξύναντες
783 2999 1077 3066 ἐξώκειλαν
1097 3001 1194 3071 τῆς
1217 3000 1437 3071 μανίας.
1456 3000 1567 3052 Kal
1589 3001 1690 3071 ὅρα
1711 2999 1807 3070 τὴν
1822 2997 2071 3068 διαστρο-

481 3094 590 3165 φῆν
634 3091 728 3145 τοῦ
779 3088 1007 3152 πάθους.
1061 3089 1162 3142 Διά
1205 3088 1315 3160 γάρ
1365 3088 1574 3157 ταύτην
1620 3088 1892 3141 κάκείνων
1941 3085 2073 3138 ἐνιοι

481 3183 711 3252 πένητες
732 3178 1104 3248 ἐγένοντο,καῖ
1117 3179 1205 3231 ἐτε
1215 3195 1294 3250 ροι
1309 3177 1438 3250 περὶ
1453 3177 1682 3232 πλοῦτον
1709 3175 2072 3233 ἐσπούδασαν.

481 3269 731 3341 Τοσαύτη
756 3268 927 3340 αὐτῆς
948 3270 982 3339 ἡ
1012 3267 1291 3338 τυραννὶς,
1319 3267 1396 3330 ὡς
1447 3267 1542 3320 καὶ
1567 3268 1626 3320 ἐν
1650 3269 1763 3330 τοῖς
1807 3266 2075 3328 ἐναντίοις

481 3358 727 3430 κρατεῖν.
746 3356 857 3408 Καὶ
879 3355 988 3427 γὰρ
1014 3355 1108 3408 ἐπὶ
1139 3352 1465 3428 σωφροσύνῃ
1484 3353 1636 3428 [5‘27]
1667 3372 1753 3419 τις
1782 3353 2071 3420 κενοδοξεῖ,

482 3447 578 3502 καίΙ
605 3447 698 3500 ἐπὶ
734 3444 952 3516 μοιχείᾳ
981 3443 1144 3498 πάλιν
1181 3443 1363 3510 ἄλλος,
1399 3444 1494 3499 καὶ
1518 3444 1612 3497 ἐπὶ
1640 3441 1964 3515 δικαιοσύνῃ
1985 3435 2076 3496 οὗ·

480 3553 594 3602 τος,
627 3536 724 3591 καὶ
758 3535 846 3588 ἐπ’
881 3533 1069 3606 ἀδικίᾳ
1114 3533 1326 3607 ἔτερος,
1364 3536 1460 3591 καὶ
1489 3535 1582 3589 ἐπὶ
1608 3537 1822 3608 τρυφῇ,
1855 3535 1949 3588 καῖ
1981 3532 2076 3585 ἐπὶ

481 3625 728 3697 νηστείᾳ,
765 3624 862 3678 καὶ
890 3624 983 3677 ἐπὶ
1015 3625 1326 3696 ἐπιεικείᾳ,
1364 3625 1458 3679 καὶ
1489 3624 1584 3678 ἐπὶ
1611 3623 1915 3696 θρασύτητι
1936 3664 1952 3690 ,
1979 3621 2076 3674 καὶ

482 3714 580 3769 ἐπὶ
611 3713 848 3784 πλούτῳ,
881 3712 974 3766 καὶ
1004 3712 1098 3768 ἐπὶ
1130 3713 1310 3784 πενίᾳ.
1343 3715 1455 3766 Kal
1487 3713 1597 3784 γάρ
1630 3713 1762 3766 ἔνιοι
1800 3709 1909 3764 τῶν
1943 3709 2077 3774 ἔξω·

483 3803 598 3868 θεν,
635 3799 810 3871 παρὸν
838 3799 1048 3862 λαϐεῖν,
1082 3799 1173 3854 διὰ
1210 3800 1270 3854 τὸ
1299 3800 1679 3873 θαυμάζεσθαι
1705 3800 1805 3853 οὐκ
1831 3797 2075 3868 ἐλάμϐα-

484 3907 596 3943 νον.
634 3889 777 3942 Ἀλλ’
801 3889 899 3960 οὑχ
929 3891 978 3943 οἰ
1006 3889 1297 3944 ἀπόστολοι
1322 3889 1516 3954 οὕτως.
1551 3891 1675 3943 ’Ότι
1707 3889 1815 3960 γάρ
1841 3886 2078 3958 κσιθαροί¹

483 3976 642 4048 δόξης
669 3972 830 4050 ἦσαν,
863 3978 1143 4050 ἐδήλωσαν
1171 3979 1238 4031 δι’
1265 3971 1339 4030 ὧν
1368 3977 1657 4047 ἐποίησαν.
1693 3978 1804 4030 Kal
1836 3975 1945 4047 γάρ
1985 3977 2075 4029 ὅτε

486 4067 643 4130 θεοὺς
669 4067 867 4129 αὐτοὺς
900 4065 1154 4129 ἐκάλουν,
1197 4065 1291 4117 καὶ
1325 4063 1476 4117 θύειν
1526 4065 1712 4127 αὐτοῖς
1753 4060 1895 4135 ἦσαν
1931 4079 2076 4133 παρ-

485 4153 879 4225 εσκευασμένοι
952 4153 1189 4222 ταύρους
1251 4149 1661 4221 ἐστεμμένους,
1728 4152 1826 4221 οὐχ
1890 4150 2076 4214 ἁπλῶς

485 4243 874 4316 ἀπηγόρευσαν
900 4238 961 4292 τὸ
987 4238 1276 4308 γινόμενον
1301 4238 1481 4310 μόνον,
1507 4238 1641 4292 ἀλλά
1665 4239 1758 4292 καὶ
1786 4237 2076 4310 διέρρηξαν

485 4330 666 4386 αὐτῶν
702 4329 773 4381 τά
823 4325 1036 4397 ἱμάτια.
1072 4326 1180 4378 Kal
1220 4327 1308 4379 ὅτε
1357 4324 1450 4379 τὸν
1497 4327 1672 4398 χωλόν
1720 4325 2074 4398 διώρθωσαν,

485 4419 704 4473 πάντων
751 4415 890 4486 πρὸς
941 4415 1138 4478 αὐτοὺς
1189 4414 1498 4486 κεχηνότων
1551 4415 1774 4485 ἔλεγον,
1823 4415 1884 4469 Τί
1929 4415 2078 4484 ἡμῖν

484 4502 777 4564 ἀτενίζετε
815 4502 895 4567 ὡς
927 4501 1048 4568 ἰδίᾳ
1081 4500 1331 4572 δυνάμει
1371 4504 1734 4570 πεποιηκόσι
1763 4502 1870 4557 τοῦ
1909 4520 2074 4572 περι-

485 4589 698 4645 πατεῖν
721 4589 974 4654 τοῦτον;
999 4590 1256 4643 Κάκεῖνοι
1283 4589 1382 4660 μὲν
1402 4590 1461 4642 ἐν
1483 4590 1710 4661 ἀνδράσι
1731 4589 2100 4660 θαυμάζουσα

487 4677 700 4742 πενίαν,
731 4676 799 4730 τά
823 4677 922 4748 τῆς
943 4676 1132 4742 πενίας
1156 4676 1408 4751 ᾑροῦντο·
1434 4668 1581 4729 οὗτοι
1603 4677 1660 4730 δὲ
1684 4679 1741 4730 ἐν
1766 4679 2075 4750 ἀνθρώποις

487 4763 888 4835 καταφρονοῦσι
933 4764 1147 4827 πενίας,
1192 4764 1286 4817 καὶ
1333 4763 1618 4816 ἐπαινοῦσι
1663 4763 1914 4820 πλοῦτον.
1964 4766 2076 4819 Kal

485 4847 634 4907 οὗτοι
676 4854 796 4923 μὲν,
833 4854 887 4906 εί
914 4871 968 4907 τι
1010 4852 1231 4918 ἔλαϐον,
1283 4855 1395 4917 τοῖς
1440 4852 1718 4923 δεομένοις
1763 4854 2071 4924 ἐπήρκουνο

485 4940 660 5005 οὑτως
709 4940 772 4994 οὑ
825 4940 915 4995 διά
961 4939 1311 5003 κενοδοξίαν,
1346 4939 1485 4994 ἀλλά
1531 4939 1619 4994 διὰ
1659 4940 2074 5012 φιλανθρωπίαν

486 5029 704 5084 ἅπαντα
723 5027 1014 5102 ἔπραττον·
1045 5029 1246 5081 ἐκεῖνοι
1273 5028 1330 5081 δὲ
1357 5029 1668 5083 τούναντίον
1692 5028 1858 5096 ἀπαν,
1883 5029 2073 5102 ῶσπερ

484 5117 671 5190 ἐχθροὶ
700 5118 792 5172 καί
817 5117 1098 5190 λυμεῶνες
1124 5117 1221 5188 τῆς
1253 5117 1441 5187 κοινῆς
1467 5117 1685 5188 φύσεως
1711 5117 1863 5182 ὄντες
1884 5157 1899 5180 ,
1931 5117 2073 5172 οὕτω

484 5206 578 5257 καὶ
613 5205 788 5261 ταῦτα
815 5208 1056 5262 ἐποίουν.
1101 5207 1159 5260 '0
1191 5206 1290 5276 μὲν
1321 5204 1428 5276 γάρ
1458 5205 1542 5266 εἰς
1573 5204 1844 5259 θάλατταν
1875 5207 1944 5260 τά
1976 5206 2073 5259 αὑ-

483 5289 579 5344 τοῦ
630 5294 1019 5358 κατεπόντιζεν
1074 5294 1290 5349 ἅπαντα
1338 5293 1462 5362 εἰκῆ
1515 5294 1610 5346 καὶ
1673 5294 1889 5364 μάτην,
1943 5296 2072 5356 τοὺς

484 5379 899 5450 παραπαίοντας
953 5381 1051 5434 καὶ
1111 5381 1475 5452 μαινομένους
1523 5380 1894 5452 μιμούμενος’
1949 5381 1977 5433 6
2015 5381 2072 5435 δὲ

485 5467 784 5537 μηλόϐοτον
826 5467 925 5539 τὴν
960 5467 1128 5520 αὑτοῦ
1180 5468 1366 5540 χώραν
1415 5470 1598 5522 πᾶσαν
1640 5470 1863 5539 ἀνῆκεν.
1911 5467 2070 5522 Οὖτω

483 5554 664 5610 πάντα
713 5554 850 5626 πρὸς
891 5555 1204 5625 φιλοτιμίαν
1258 5555 1499 5609 ἐποίουν.
1567 5556 1707 5609 Ἀλλ’
1753 5557 1850 5626 οὐχ
1901 5551 2067 5618 οὗτοι,

483 5643 619 5696 ἀλλά
657 5646 750 5698 καὶ
793 5643 1038 5712 ἐδέχοντο
1080 5643 1149 5695 τά
1190 5642 1462 5712 διδόμενα,
1523 5645 1616 5696 καὶ
1663 5644 1912 5714 διένεμον
1957 5647 2068 5708 τοῖς

481 5730 754 5806 δεομένοις
796 5733 933 5805 μετά
970 5731 1236 5803 τοσαύτης
1273 5731 1619 5804 ἐλευθερίας,
1663 5733 1736 5796 ὡς
1780 5733 1872 5787 καὶ
1922 5733 2063 5805 λιρῴ

1171 277 1230 333 S.
1271 272 1557 334 JOANNIS
1595 267 2083 331 CHRYSOSTOMI
2125 235 2442 330 ABCIIIEP.
2485 266 3031 328 CONST’ANTINOP.

2127 4673 2168 4686 ,-

3637 269 3748 326 30!

2161 388 2402 459 διηνεκεῖ
2449 391 2636 460 συζῇν.
2691 388 2754 442 Εἰ
2795 389 2849 441 δὲ
2898 387 3056 456 δόξης
3113 385 3285 456 ἥρων,
3336 384 3436 437 οὑκ
3473 384 3542 438 ἀν
3597 384 3756 438 τοῦτο

2161 477 2401 540 ἐποίουν,
2433 476 2493 529 τὸ
2528 475 2827 547 λαμϐάνειν
2857 475 2952 528 καῖ
2987 473 3303 544 διανέμειν,
3339 470 3644 536 δεδοικότες
3677 475 3752 545 μή

2159 581 2246 627 τις
2291 562 2496 633 ὑποψία
2533 563 2760 635 γένηται
2791 563 2912 616 κατ’
2942 562 3146 619 αὐτῶν.
3193 561 3251 614 ’0
3295 559 3405 632 γὰρ
3454 562 3524 614 τά
3555 559 3754 615 ἐαυτοῦ

2163 653 2326 723 ῥίψας
2356 654 2445 708 διὰ
2477 655 2656 722 δόξαν,
2689 655 2870 726 πολλῷ
2906 655 3108 726 μᾶλλον
3147 653 3219 707 τὰ
3254 654 3460 726 ἐτέρων
3488 652 3551 707 οὑ
3581 653 3752 724 λήψε-

2159 759 2269 806 ται,
2296 742 2437 797 ὥστε
2469 744 2545 816 μὴ
2566 745 2744 799 δοκεῖν
2774 745 2978 816 ἐτέρων
3012 743 3241 809 δεῖσθαι,
3276 743 3413 814 μηδὲ
3445 743 3754 796 ὑποπτεύε-

2165 833 2311 887 σθαι.
2340 833 2575 899 Τούτους
2603 837 2661 890 δὲ
2694 838 2826 907 ὁρᾷς
2854 836 2951 890 καὶ
2979 834 3441 905 διακονουμένους
3467 834 3565 887 καὶ
3590 850 3757 905 προσ·

2160 922 2444 986 αιτοῦντας
2475 923 2674 986 αὐτοὺς
2701 923 2842 994 ὑπὲρ
2867 923 2978 976 τῶν
3006 921 3301 992 δεομένων
3329 920 3474 975 οὑτω
3500 921 3758 992 πατέρων

2163 1007 2303 1082 ἦσαν
2352 1010 2566 1065 πάντων
2610 1012 3108 1082 φιλοστοργότεροι.
3143 1009 3254 1062 Θέα
3290 1009 3347 1062 δέ
3374 1009 3627 1072 καὶτοὺς
3668 1008 3756 1061 νό-

2167 1115 2304 1170 μους
2329 1098 2509 1152 αὐτῶν
2542 1099 2914 1170 συμμέτρους,
2941 1099 3035 1152 καὶ
3067 1096 3376 1162 κενοδοξίας
3400 1096 3757 1166 ἀπηλλαγμέ-

2159 1203 2304 1250 νους.
2339 1188 2630 1254 Ἔχοντες
2667 1186 2801 1258 γὰρ,
2844 1187 2999 1257 φησὶ,
3047 1184 3455 1254 σκεπάσματα
3495 1185 3596 1238 καὶ
3625 1201 3757 1252 τρο-

2159 1274 2278 1344 φὰς
2294 1315 2309 1341 ,
2349 1276 2589 1341 τούτοις
2609 1274 3128 1344 ἀρκεσθησόμεθα
3159 1273 3221 1325 οὐ
3246 1271 3502 1343 καθάπερ
3527 1274 3557 1326 6
3591 1273 3757 1326 Σινωο

2161 1365 2299 1428 πεὺς
2346 1365 2556 1428 ἐκεῖνος
2607 1363 2637 1415 6
2695 1362 2861 1434 ῥάκια
2908 1361 3382 1433 περιϐεϐλημένος
3441 1363 3538 1416 καὶ
3600 1362 3755 1415 πίθον

2159 1453 2324 1506 οἰκῶν
2349 1455 2430 1517 εἰς
2455 1452 2610 1506 οὐδὲν
2631 1452 2773 1518 δέον,
2805 1450 3070 1522 ἐξέπληξε
3097 1453 3196 1522 μὲν
3223 1451 3478 1517 πολλοὺς,
3501 1450 3754 1520 ὠφέλησε

2159 1540 2217 1594 δὲ
2258 1541 2469 1595 οὐδένα.
2514 1542 2575 1595 '0
2621 1541 2678 1594 δέ
2724 1539 2940 1604 Παῦλος
2981 1539 3188 1593 τούτων
3221 1540 3322 1610 μὲν
3354 1539 3511 1592 οὐδὲν
3558 1539 3752 1592 ἐποίει·

2160 1628 2284 1681 οὐδὲ
2315 1628 2427 1698 γὰρ
2459 1627 2597 1699 πρὸς
2629 1627 2944 1699 φιλοτιμίαν
2975 1627 3228 1691 ἔϐλεπεν,
3271 1627 3411 1681 ἀλλά
3439 1628 3535 1680 καὶ
3566 1627 3757 1697 ἱμάτια

2162 1717 2526 1788 περιϐέϐλητο
2564 1715 2702 1787 μετὰ
2731 1715 3149 1787 εὐσχημοσύνης
3175 1715 3396 1785 ἀπάσης
3414 1757 3429 1783 ,
3455 1715 3548 1768 καὶ
3580 1715 3757 1769 οἰκίαν

2161 1801 2295 1873 ᾢκει
2336 1803 2639 1874 διηνεκῶς,
2671 1803 2766 1856 καὶ
2795 1804 2895 1874 τὴν
2937 1803 3228 1875 ἀκρίϐειαν
3261 1803 3480 1858 ἃπασαν
3521 1804 3617 1858 ἐπὶ
3658 1803 3756 1873 τῆς

2162 1891 2331 1963 ἄλλης
2363 1893 2570 1964 ἀρετῆς
2605 1893 2974 1956 ἐπεδείκνυτο,
2997 1889 3066 1966 ἧς
3086 1895 3114 1946 6
3155 1893 3393 1954 Κυνικὸς
3424 1892 3757 1961 κατεφρόνει

2163 1978 2274 2044 ζῶν
2307 1979 2588 2048 ἀσελγῶς,
2632 1981 2726 2034 καὶ
2749 1980 2989 2052 δημοσία
3019 1979 3360 2051 ἀσχημονῶν,
3390 1978 3485 2031 καὶ
3514 1977 3622 2030 ὑπὸ
3652 1978 3756 2048 τῆς

2163 2067 2295 2138 περὶ
2331 2067 2430 2138 τὴν
2466 2067 2625 2132 δόξαν
2673 2069 2873 2138 μανίας
2917 2070 3234 2140 συρόμενος.
3275 2069 3372 2121 Ἂν
3403 2066 3514 2138 γάρ
3558 2065 3755 2137 ἔρηταί

2163 2171 2248 2218 τις
2295 2156 2396 2225 τῆς
2451 2154 2548 2207 τοῦ
2599 2154 2760 2210 πίθου
2811 2158 3082 2228 οἰκήσεως
3119 2157 3219 2229 τὴν
3257 2157 3459 2226 αἰτίαν,
3498 2155 3758 2226 οὐδεμίαν

2166 2242 2359 2314 ἐτέραν
2391 2244 2638 2315 εὑρήσει,
2665 2243 2782 2298 ἀλλ’
2810 2245 2842 2316 ἢ
2873 2245 3182 2310 κενοδοξίαν
3207 2246 3401 2316 μόνην.

2237 2478 2300 2524 ε’.
2343 2470 2401 2524 ’0
2421 2471 2478 2524 δὲ
2507 2468 2720 2536 Παῦλος
2745 2471 2840 2526 καὶ
2863 2471 3051 2543 μισθὸν
3084 2474 3319 2545 παρεῖχε
3350 2472 3452 2542 τῆς
3483 2471 3681 2535 οἰκίας,
3700 2473 3756 2525 ἐν

2170 2552 2378 2632 [528]
2405 2560 2704 2628 κατέμενεν
2729 2560 2787 2612 ἐν
2815 2562 2880 2631 τῇ
2923 2558 3137 2631 Ῥώμῃ.
3167 2561 3364 2614 Καίτοι
3389 2575 3454 2628 γε
3477 2561 3505 2612 6
3529 2557 3600 2612 τά
3627 2557 3754 2611 πολ-

2167 2643 2244 2716 λῷ
2275 2645 2615 2717 εὐτονώτερα
2649 2645 2922 2717 δυνηθεὶς,
2963 2646 3145 2717 πολλῷ
3179 2647 3386 2717 μᾶλλον
3410 2646 3574 2700 τοῦτο
3608 2645 3755 2716 ἴσχυ-

2171 2749 2264 2787 σεν
2302 2734 2387 2789 ἄν.
2432 2734 2573 2788 Ἀλλ’
2623 2735 2723 2804 οὐχ
2781 2734 2930 2806 ἐώρα
2981 2735 3121 2806 πρὸς
3173 2734 3359 2799 δόξαν,
3415 2735 3480 2788 τὺ
3522 2732 3753 2806 χαλεπὸν

2172 2819 2381 2892 θηρίον,
2406 2822 2498 2876 τὸν
2525 2823 2757 2893 δαίμονα
2780 2823 2871 2876 τὸν
2905 2823 3100 2888 δεινὸν,
3124 2821 3221 2894 τὴν
3238 2822 3420 2895 λύμην
3453 2824 3557 2893 τῆς
3585 2823 3758 2875 οἰκου-

2175 2911 2363 2983 μένης,
2390 2911 2488 2982 τὴν
2515 2911 2630 2982 ἔχιν
2651 2913 2750 2984 τὴν
2776 2912 3000 2968 ἰοϐόλον.
3026 2911 3298 2984 Καθάπερ
3341 2913 3453 2984 γὰρ
3488 2912 3551 2964 τὸ
3577 2911 3760 2983 θηρίον

2172 2999 2350 3054 ἐκεῖνο
2401 3000 2500 3072 τὴν
2551 3002 2714 3073 νηδὺν
2769 3004 2869 3073 τῆς
2920 3002 3190 3073 τεκούσης
3236 3001 3599 3072 διαρρηγνυσι
3647 3003 3757 3062 τοῖς

2173 3087 2406 3154 ὀδοῦσιν,
2437 3087 2580 3143 οὑτω
2615 3090 2710 3142 καὶ
2736 3089 2896 3143 τοῦτο
2926 3090 2986 3144 τὸ
3023 3089 3195 3153 πάθος
3233 3089 3327 3142 τὸν
3361 3089 3616 3143 τίκτοντα
3646 3088 3757 3142 δια·

2176 3176 2497 3247 σπαράττει.
2531 3176 2700 3230 Πόθεν
2729 3173 2822 3230 οὖν
2848 3179 2914 3232 ἄν
2937 3195 3019 3242 τις
3049 3177 3203 3249 εὑροι
3233 3177 3312 3249 τῷ
3339 3177 3566 3247 ποικίλῳ
3585 3177 3760 3246 τούτῳ

2175 3266 2442 3335 νοσήματι
2477 3266 2806 3337 φάρμακον;
2837 3267 2899 3319 Εἰ
2937 3267 3062 3330 τοὺς
3105 3268 3600 3338 καταπατήσαντας
3627 3265 3761 3318 αὐτὸ

2175 3353 2256 3415 εἰς
2285 3353 2450 3422 μέσον
2476 3353 2692 3422 ἀγάγοι,
2725 3354 2820 3407 καὶ
2854 3354 2990 3425 πρὸς
3020 3353 3120 3425 τὴν
3157 3355 3387 3408 ἐκείνων
3416 3354 3602 3407 εἰκόνα
3639 3351 3760 3424 βλέ-

2178 3460 2315 3507 πων,
2355 3441 2498 3494 οὕτω
2528 3440 2626 3512 τὴν
2664 3441 2860 3494 ἑαυτοῦ
2894 3441 3040 3512 ζωὴν
3084 3442 3462 3498 κατευθύνειε.
3510 3444 3623 3496 Kal
3654 3440 3760 3510 γάρ

2175 3530 2204 3582 6
2233 3529 2577 3601 πατριάρχης
2618 3529 2890 3602 Ἀϐραάμ*
2917 3531 3051 3584 ἀλλά
3085 3531 3277 3602 μηδεὶς
3303 3531 3611 3600 ὲγκαλείτω
3634 3547 3764 3584 ταυ-

2176 3619 2446 3687 τολογίαν,
2477 3619 2527 3671 εἰ
2561 3619 2818 3684 πολλάκις
2857 3619 3022 3674 αὑτοῦ
3055 3620 3496 3692 μνημονεύομεν,
3530 3621 3628 3674 καὶ
3667 3620 3764 3672 ἐπὶ

2179 3707 2420 3762 πάντων.
2454 3706 2626 3761 Τοῦτο
2670 3709 2780 3780 γὰρ
2816 3709 3050 3779 μάλιστά
3086 3710 3235 3764 ἐστιν
3264 3709 3293 3762 δ
3339 3711 3590 3763 κάκεῖνον
3625 3707 3762 3760 θαυ-

2181 3795 2384 3865 μαστὸν
2431 3795 2744 3865 ἀποφαίνει,
2795 3797 2890 3851 καὶ
2937 3798 3063 3862 τοὺς
3121 3797 3198 3868 μὴ
3247 3796 3540 3867 ζηλοῦντας
3587 3795 3761 3848 αὐτὸν

2177 3884 2358 3954 πάσης
2389 3886 2683 3955 ἀποστερεῖ
2711 3885 3059 3957 συγγνώμης.
3086 3886 3150 3941 Εἰ
3184 3887 3285 3957 μὲν
3311 3887 3416 3957 γάρ
3453 3887 3621 3958 μέρος
3655 3883 3762 3954 μέν

2175 3989 2228 4024 τι
2257 3971 2466 4034 τοῦτον,
2501 3972 2666 4044 μέρος
2694 3973 2751 4025 δὲ
2783 3974 2970 4046 ἔτερον
3007 3977 3412 4047 κατωρθωκότα
3445 3979 3762 4035 ἐπιδείκνυ-

2179 4076 2299 4130 μεν,
2341 4057 2498 4113 εἷπεν
2538 4060 2602 4114 άν
2655 4078 2739 4124 τις
2802 4064 2897 4116 καὶ
2956 4065 3403 4137 δυσκατόρθωτον
3463 4063 3608 4122 εἶναι
3662 4071 3760 4141 τὴν

2177 4149 2414 4220 ἀρετήν’
2470 4149 2591 4202 οὐδὲ
2638 4150 2744 4219 γάρ
2786 4148 2924 4206 εἰναι
2977 4151 3200 4207 εὔκολον
3256 4156 3338 4209 ἐνὶ
3399 4155 3579 4210 πάντα
3624 4157 3758 4228 ὁμοῦ

2177 4235 2496 4309 κατορθοῦν,
2550 4231 2626 4291 ὧν
2681 4238 2847 4309 μέρος
2897 4239 3130 4306 ἕκαστος
3166 4241 3276 4296 τῶν
3312 4244 3483 4313 ἀγίων
3523 4247 3758 4318 ἧνυσενο

2176 4326 2304 4380 ὃταν
2340 4326 2398 4380 δὲ
2432 4327 2754 4399 εὑρίσκηται
2787 4324 2870 4392 εἷς
2899 4330 2994 4383 καὶ
3030 4333 3058 4384 6
3102 4332 3266 4396 αὐτὸς
3294 4331 3363 4386 τά
3392 4333 3572 4388 πάντα
3600 4335 3758 4405 ἔχων,

2177 4415 2338 4469 ποίαν
2384 4416 2596 4483 ἕξουσιν
2639 4417 2939 4486 ἀπολογίαν
2983 4421 3033 4472 οἰ
3072 4421 3210 4490 μετὰ
3245 4422 3412 4492 νόμον
3458 4424 3557 4477 καὶ
3605 4425 3762 4494 χάριν

2175 4507 2288 4568 τοῖς
2317 4505 2424 4575 πρὸ
2464 4503 2559 4557 τοῦ
2598 4505 2766 4574 νόμου
2802 4507 3018 4576 καὶτῆς
3045 4510 3268 4580 χάριτος
3297 4513 3380 4575 εἰς
3402 4510 3464 4564 τὸ
3497 4511 3637 4565 αὐτὸ
3667 4511 3762 4584 μέ-

2173 4609 2304 4662 τρον
2342 4593 2416 4663 μὴ
2459 4592 2747 4662 δυνάμενοι
2794 4594 3037 4663 φθάσαι;
3072 4597 3196 4662 Πῶς
3235 4595 3329 4652 οὖν
3378 4593 3534 4664 οὗτος
3578 4602 3609 4652 6
3656 4619 3760 4654 πα-

2175 4681 2440 4751 τριάρχης
2478 4681 2574 4734 τοῦ
2603 4681 2796 4752 θηρίου
2829 4683 3022 4736 τούτου
3065 4687 3416 4756 περιεγένετο
3455 4689 3550 4742 καὶ
3600 4691 3761 4760 ἐκράο

2173 4779 2360 4832 τησεν,
2386 4762 2548 4834 ἡνίκα
2575 4765 2712 4836 πρὸς
2732 4766 2823 4820 τὸν
2839 4767 3158 4837 ἀδελφιδοῦν
3174 4771 3596 4842 ἀμφισϐήτησιν
3617 4770 3758 4842 εἶχες

2175 4851 2287 4905 Kal
2315 4850 2426 4923 γάρ
2459 4852 2784 4917 ἐλαττωθεὶς
2807 4893 2821 4918 ,
2851 4858 2947 4910 καὶ
2987 4858 3096 4911 τῶν
3131 4859 3417 4929 πρωτείων
3445 4860 3759 4930 ἀποτυχὼν,

2173 4939 2276 4992 οὐκ
2299 4940 2560 5011 ἤλγησεν.
2587 4943 2732 4995 Ἰστε
2757 4943 2814 4996 δὲ
2838 4944 2922 4996 ὅτι
2948 4945 3006 4996 ἐν
3042 4949 3156 5009 τοῖς
3178 4947 3446 5012 τοιούτοις
3469 4951 3502 5019 ἡ
3528 4949 3758 5020 αἰσχύνη

2172 5026 2276 5096 τῆς
2321 5027 2526 5098 ζημίας
2575 5029 2776 5100 χείρων
2812 5035 2924 5096 τοῖς
2960 5034 3343 5105 μικροψύχοις,
3394 5038 3489 5091 καὶ
3525 5038 3762 5109 μάλιστα

2174 5118 2303 5172 ὃταν
2348 5119 2514 5182 αὐτὸς
2553 5120 2808 5174 ἁπάντων
2872 5123 3062 5193 κύριος
3113 5124 3224 5188 ὢν,
3261 5127 3516 5199 καθάπερ
3553 5130 3760 5191 ἐκεῖνος

2173 5207 2317 5271 τότε,
2350 5208 2444 5261 καὶ
2465 5209 2563 5280 τῆς
2586 5211 2755 5280 τιμῆς
2779 5211 3046 5285 πρότερος
3069 5215 3262 5284 ἄρξας,
3297 5217 3371 5288 μὴ
3403 5217 3758 5289 ἀντιτιμῴτο.

2187 5296 2326 5348 Ἀλλ’
2369 5298 2521 5367 ὅμως
2547 5297 2698 5351 οὐδὲν
2725 5298 2930 5354 τούτων
2960 5302 3167 5355 ἐκεῖνον
3199 5305 3443 5370 ἔδακνεν,
3489 5306 3630 5360 ἀλλά
3668 5306 3760 5360 καί

2171 5383 2241 5436 τὰ
2281 5383 2510 5453 δεύτερα
2547 5385 2688 5455 ἔχων
2720 5387 2978 5458 ἔστεργε,
3015 5390 3110 5444 καὶ
3139 5392 3427 5462 ἀδικηθεὶς
3470 5395 3626 5464 παρά
3667 5393 3759 5448 τοῦ

2172 5471 2294 5524 νέου
2332 5475 2360 5524 6
2394 5473 2731 5544 πρεσϐύτης,
2766 5477 2860 5528 καὶ
2900 5478 3052 5547 παρὰ
3095 5478 3190 5530 τοῦ
3236 5480 3525 5549 ἀδελφιὼῦ
3560 5483 3587 5533 6
3619 5483 3760 5544 θεῖος

2172 5558 2272 5610 οὐκ
2305 5561 2626 5628 ἠγανάκτει,
2667 5563 2786 5616 οὐδὲ
2824 5563 3204 5634 ἐδυσχέραινεν
3225 5606 3238 5627 ,
3271 5567 3408 5620 ἀλλά
3438 5571 3533 5621 καὶ
3584 5569 3760 5636 ἐφίλει

2172 5646 2372 5716 ὁμοίως
2414 5647 2508 5700 καὶ
2536 5649 2860 5720 ἐθεράπευε.
2899 5651 3068 5704 Πάλιν
3103 5654 3336 5722 νικήσας
3378 5656 3470 5708 τὸν
3520 5657 3759 5726 πόλεμον

2174 5735 2378 5789 ἐκεῖνον
2409 5736 2496 5789 τόν
2530 5737 2700 5808 μέγαν
2746 5742 2836 5795 καὶ
2868 5739 3126 5811 φοϐερὸν,
3159 5743 3252 5795 καὶ
3284 5745 3414 5808 τοὶς
3448 5745 3760 5817 βαρϐάροις
