3990 6168
363 286 458 346 5M

357 404 649 461 instituam.
671 401 811 473 Quid
840 410 941 469 est,
981 399 1144 458 Selstt
1174 416 1282 456 meo
1322 400 1479 470 loqui,
1522 407 1576 453 ut
1601 407 1646 453 et
1689 398 1818 453 alios
1858 398 1941 451 in-

363 498 613 554 stituam?
648 496 953 567 lntelligens
979 510 1097 565 qua:
1140 492 1284 561 dico,
1321 503 1376 549 et
1416 506 1535 562 qum
1564 506 1783 562 possunt
1826 490 1944 545 aliis

367 606 580 661 quoque
612 589 971 659 interpretari,
1010 596 1064 644 et
1105 603 1226 643 cum
1256 585 1605 657 intelligentia
1646 585 1843 649 dicere,
1890 592 1945 639 et

368 681 563 738 docere
593 694 685 737 eos
708 680 795 751 qui
823 679 1065 734 audiunt.
1097 679 1261 746 Quam
1282 678 1455 732 decem
1491 677 1653 731 millia
1680 676 1942 731 verborum

366 774 422 826 in
463 772 656 843 lingua.
689 771 904 839 Quare?
945 769 1014 827 Ut
1057 769 1209 836 alios,
1256 770 1446 840 inquit,
1488 768 1771 824 instituam.
1810 766 1939 822 Nam

364 863 493 920 illud
522 863 740 934 quidem
768 863 931 918 habet
969 862 1385 918 ostentationem
1426 868 1656 927 tantum,
1704 860 1808 915 hoc
1844 875 1940 915 au-

362 965 466 1012 tem
492 955 714 1010 multam
759 954 1065 1010 utilitatem.
1095 954 1212 1010 lloe
1236 952 1378 1009 enim
1424 959 1526 1018 est,
1564 949 1705 1022 quod
1746 950 1943 1020 ubique

358 1051 580 1122 qnterit,
610 1049 754 1119 quod
781 1050 836 1104 in
866 1048 1137 1105 communi
1158 1049 1228 1104 sit
1254 1047 1402 1103 utile.
1432 1045 1590 1116 Atqui
1613 1044 1812 1099 donum
1838 1044 1944 1098 lin-

357 1158 581 1213 gnarum
620 1151 741 1197 erat
781 1155 981 1197 novum
1025 1148 1082 1195 et
1123 1139 1375 1201 alienum,
1421 1135 1717 1206 prophetiae
1759 1141 1939 1189 autem

359 1233 558 1289 donum
587 1244 904 1289 consuetum
934 1241 987 1288 et
1013 1232 1283 1302 antiquum
1310 1240 1362 1286 et
1391 1227 1571 1284 multis
1595 1226 1705 1297 jam
1730 1226 1933 1293 datum,

360 1326 465 1382 hoc
491 1334 669 1381 autem
698 1333 809 1379 tum
838 1324 1063 1393 primum
1090 1338 1105 1387 ;
1150 1320 1242 1377 sed
1275 1330 1452 1376 tamen
1481 1319 1534 1372 in
1561 1317 1613 1373 id
1650 1331 1757 1372 non
1796 1314 1939 1370 mni-

361 1426 474 1472 tum
504 1415 733 1487 ponebat
757 1414 937 1470 studii.
967 1413 1322 1483 Quamobrem
1343 1425 1445 1466 nec
1469 1425 1536 1467 eo
1557 1424 1685 1464 usus
1703 1416 1807 1474 est,
1830 1422 1939 1462 non

361 1505 503 1578 quod
534 1520 641 1561 non
672 1505 913 1573 haberet,
952 1503 1046 1560 sed
1076 1502 1218 1574 quod
1247 1508 1516 1573 quaereret
1542 1515 1663 1571 qua:
1687 1509 1811 1553 sunt
1836 1498 1942 1552 nti-

363 1600 498 1654 liora
530 1617 545 1653 :
576 1607 692 1653 erat
718 1598 860 1653 enim
886 1597 1023 1652 liber
1050 1596 1118 1651 ah
1144 1594 1289 1650 omni
1318 1594 1462 1648 inani
1487 1592 1679 1663 gloria,
1700 1598 1756 1646 et
1775 1603 1937 1645 unum

362 1689 655 1762 spectabat,
686 1698 747 1743 ut
774 1688 1022 1744 meliores
1046 1686 1298 1742 redderet
1325 1684 1616 1739 auditores.
1656 1682 1938 1751 Propterea

364 1781 522 1836 etiam
566 1788 778 1850 poterat
804 1779 985 1835 videre
1010 1776 1153 1848 quod
1180 1776 1278 1832 sibi
1309 1786 1363 1830 et
1390 1775 1510 1829 aliis
1537 1782 1654 1827 erat
1693 1771 1842 1837 utile,
1870 1785 1938 1825 eo

360 1873 498 1944 quod
525 1881 668 1928 esset
696 1871 835 1926 liber
862 1870 932 1925 ab
958 1870 1100 1924 inani
1128 1868 1316 1940 gloria.
1338 1866 1470 1921 Nam
1510 1865 1598 1935 qui
1623 1873 1705 1919 est
1739 1864 1790 1917 in
1818 1862 1938 1932 ejus

355 1964 667 2021 servitutem
693 1962 964 2026 redactus,
1015 1977 1120 2016 non
1168 1961 1361 2031 poterit
1391 1958 1594 2024 videre,
1624 1972 1730 2012 non
1760 1957 1934 2011 solum

350 2056 494 2128 quod
520 2056 661 2123 aliis,
682 2055 779 2111 sed
805 2055 962 2110 etiam
988 2052 1131 2124 quod
1155 2052 1255 2108 sibi
1281 2060 1362 2108 est
1383 2051 1535 2105 utile.
1563 2049 1704 2104 Talis
1722 2047 1937 2104 eratSi—

349 2164 502 2212 mon,
531 2148 621 2218 qui
638 2149 888 2218 quoniam
908 2145 973 2201 ad
993 2146 1205 2200 inanem
1227 2143 1433 2213 aspexit
1447 2142 1695 2213 gloriam,
1719 2156 1787 2195 ne
1804 2139 1934 2194 vidit

343 2240 565 2311 quidem
586 2238 727 2310 quod
747 2237 847 2293 sibi
871 2246 987 2293 erat
1005 2234 1377 2292 conducibile:
1403 2234 1538 2289 tales
1564 2242 1718 2288 erant
1740 2218 1934 2299 Judaei,

343 2329 443 2402 qui
485 2338 706 2400 propter
730 2342 848 2384 eam
879 2327 1094 2383 diabolo
1120 2341 1271 2382 suam
1311 2324 1665 2395 propinarunt
1683 2322 1932 2379 salutem.

416 2423 600 2479 Inanis
643 2423 822 2494 gloria:
847 2421 943 2476 vis.
986 2418 1290 2489 PhilosOplti
1338 2415 1506 2472 Graeci
1549 2425 1936 2486 carpuntur.—

339 2517 484 2574 llinc
511 2517 675 2573 etiam
704 2526 822 2571 orta
852 2523 981 2570 sunt
1015 2513 1181 2580 idola,
1213 2520 1270 2568 et
1295 2510 1505 2566 externi
1536 2508 1839 2581 pltilosOphi
1867 2525 1932 2566 ex

338 2611 453 2666 hoc
478 2609 658 2666 furore
684 2608 887 2664 incitati
918 2606 1056 2678 lapsi
1086 2611 1213 2661 sunt
1236 2603 1302 2660 ad
1338 2603 1477 2658 mala
1505 2602 1773 2673 dogmata.
1802 2600 1937 2658 \‘ide

335 2711 528 2759 autem
555 2701 716 2773 hujus
755 2700 868 2757 vitii
897 2700 1325 2771 perversitatem.
1354 2698 1459 2753 Per
1484 2697 1587 2752 hoc
1609 2711 1673 2752 ex
1702 2696 1767 2751 iis
1795 2710 1933 2751 non-

336 2794 478 2850 nulli
507 2793 683 2850 effecti
710 2802 837 2848 sunt
865 2805 1146 2863 pauperes,
1175 2799 1231 2846 et
1260 2789 1350 2844 alii
1378 2788 1612 2844 studium
1633 2796 1936 2859 posuerunt

336 2887 390 2941 in
438 2885 659 2940 divitiis.
708 2883 878 2940 Tanta
930 2891 1013 2938 est
1051 2882 1169 2952 ejus
1213 2879 1477 2953 tyrannis,
1524 2887 1581 2934 ut
1626 2878 1935 2935 dominetur

233 2974 239 2978 ’
336 2977 507 3034 etiam
552 2976 604 3031 in
645 2974 952 3031 contrariis.
985 2973 1117 3028 Nam
1158 2982 1213 3029 et
1251 2988 1315 3028 ex
1360 2970 1712 3040 temperantia
1741 2969 1934 3041 aliquis

336 3069 488 3125 inani
520 3068 689 3139 gloria
719 3067 973 3133 afﬁcitur,
996 3074 1051 3122 et
1076 3078 1263 3121 rursus
1292 3064 1430 3119 alius
1457 3079 1525 3119 ex
1545 3063 1808 3119 adulterio
1836 3080 1850 3117 :
1878 3072 1935 3119 et

338 3163 434 3219 hic
457 3160 672 3234 quidem
702 3175 769 3215 ex
792 3158 1020 3230 justitia,
1048 3158 1185 3213 alius
1223 3171 1290 3212 ex
1323 3154 1601 3226 injustitia,
1629 3168 1696 3211 ex
1726 3154 1933 3211 deliciis

343 3262 400 3310 et
430 3269 498 3309 ex
527 3253 757 3324 jejunio,
788 3268 856 3308 ex
896 3250 1121 3307 lenitate
1147 3256 1205 3307 et.
1243 3264 1313 3304 ex
1353 3248 1598 3315 audacia,
1640 3264 1705 3303 ex
1732 3248 1933 3303 divitiis

347 3353 404 3400 et
431 3361 498 3400 ex
526 3354 852 3414 paupertate.
883 3341 1131 3398 Nonnulli
1170 3340 1312 3396 enim
1338 3340 1563 3405 externi,
1599 3355 1719 3395 cum
1747 3340 1934 3396 liceret

348 3435 494 3491 dona
536 3436 815 3505 accipere;
854 3443 912 3490 ut
957 3435 1010 3489 in
1056 3431 1408 3488 admiratione
1435 3431 1780 3496 haberentur,
1825 3446 1929 3486 non

345 3527 704 3599 accipiebant.
751 3526 851 3583 Sed
900 3542 1006 3583 non
1047 3526 1127 3582 sic
1172 3523 1441 3595 apostoli:
1474 3538 1594 3577 nam
1636 3523 1779 3593 quod
1815 3524 1932 3592 puri

342 3628 529 3677 essent
551 3635 582 3676 a
604 3633 736 3673 vana
756 3618 941 3689 gloria,
960 3614 1306 3673 ostenderunt
1325 3629 1417 3685 per
1438 3629 1500 3670 ea
1519 3628 1636 3684 quae
1670 3612 1930 3689 fecerunt.

339 3711 558 3769 Etenim
601 3710 814 3782 quando
862 3710 982 3766 illos
1015 3710 1148 3765 deos
1170 3706 1455 3770 vocabant,
1482 3715 1538 3762 et
1576 3706 1743 3776 parati
1779 3714 1934 3761 erant

336 3803 402 3859 ad
440 3801 851 3859 sacriﬁcandum
882 3801 1012 3871 ipsis
1043 3809 1225 3856 tauros
1268 3805 1574 3862 coronatos,
1613 3812 1717 3852 non
1757 3796 1929 3853 solum

338 3895 748 3965 prohibuentnt,
787 3893 882 3949 sed
911 3895 1072 3949 etiam
1111 3907 1206 3948 sua
1248 3887 1568 3947 vestimenta
1610 3890 1929 3945 sciderunt:

337 3997 391 4043 et
416 3985 636 4057 quando
669 3984 917 4041 claudum
956 3990 1316 4048 curaverunt,
1355 3983 1602 4038 omnibus
1640 3996 1734 4038 eos
1765 3980 1929 4035 hianti

337 4092 430 4134 ore
471 4076 816 4148 stupentibus
859 4075 1161 4131 dixerunt:
1197 4074 1331 4143 Quid
1370 4089 1462 4128 nos
1500 4073 1745 4143 aspicitis,
1795 4081 1929 4127 tam-

337 4186 492 4240 quam
519 4169 731 4241 propria
759 4169 940 4223 virtute
966 4167 1234 4240 fecerimus
1259 4168 1390 4220 hunc
1423 4164 1683 4219 ambulare
1706 4163 1843 4237 (Act.
1871 4166 1927 4221 5.

338 4263 472 4334 12)?
501 4262 568 4318 Et
598 4262 673 4316 illi
703 4259 918 4332 quidem
946 4260 1086 4314 inter
1109 4257 1253 4313 viros
1271 4264 1634 4327 paupertatem
1664 4254 1931 4310 admiran-

339 4364 437 4421 tes,
470 4363 843 4426 paupertatem
888 4352 1190 4424 eligebant;
1239 4349 1293 4404 hi
1336 4364 1466 4405 vero
1514 4348 1683 4418 ipsam
1728 4347 1931 4417 eligunt

337 4446 477 4516 apud
519 4446 763 4502 homines
802 4445 894 4517 qui
932 4452 1300 4515 paupertatem
1331 4448 1594 4512 spernunt.
1620 4440 1680 4495 et
1717 4438 1929 4496 divitias

339 4540 579 4595 laudant.
612 4539 680 4594 Et
708 4538 762 4592 hi
812 4537 1052 4608 quidem,
1100 4538 1146 4593 si
1186 4535 1312 4607 quid
1359 4542 1698 4605 acceperant,
1744 4533 1929 4604 egenis

336 4646 495 4699 opem
524 4629 807 4695 ferebant;
836 4628 909 4685 ita
934 4644 1043 4684 non
1068 4637 1288 4699 propter
1316 4627 1531 4683 inanem
1554 4627 1798 4697 gloriam,
1829 4625 1922 4681 sed

337 4733 558 4794 propter
609 4722 990 4803 benignitatem
1038 4721 1216 4777 omnia
1265 4719 1530 4776 faciebant
1567 4737 1581 4773 :
1628 4720 1705 4774 illi
1747 4729 1925 4774 autem

336 4815 492 4882 plane
520 4813 871 4878 contrarium,
901 4821 1175 4882 tamquam
1199 4812 1289 4882 qui
1315 4820 1496 4867 essent
1520 4810 1721 4866 inimici
1750 4820 1804 4865 et
1835 4825 1917 4880 pe-

334 4916 443 4963 stes
481 4906 788 4963 communis
835 4917 1062 4970 naturte,
1115 4892 1229 4962 huic
1275 4904 1353 4961 sic
1384 4920 1596 4976 quoque
1636 4905 1921 4961 faciebant.

333 4997 464 5053 Nam
491 4998 630 5054 alius
656 4997 871 5070 quidem
910 4997 1109 5053 frustra
1139 5005 1193 5053 et
1237 5006 1437 5052 temere
1465 5010 1653 5051 omnes
1686 5010 1810 5051 suas
1849 4995 1927 5051 fa-

336 5091 563 5147 cultates
608 5091 664 5146 in
710 5105 859 5147 mare
899 5090 1264 5161 demergebat,
1293 5087 1467 5143 fatuos
1509 5088 1723 5142 imitans
1749 5096 1804 5142 et
1831 5102 1924 5142 eos

336 5182 425 5251 qui
450 5192 577 5239 sunt
606 5183 811 5239 insanae
836 5184 1032 5238 mentis
1064 5200 1077 5236 :
1108 5183 1244 5238 alius
1286 5191 1463 5236 autem
1500 5178 1713 5235 sinebat
1736 5194 1922 5236 omnes

335 5286 460 5330 suos
488 5289 649 5347 agros
676 5274 892 5345 depasci
920 5276 988 5331 ab
1014 5274 1223 5330 ovibus.
1270 5273 1360 5329 Sic
1398 5272 1576 5327 omnia
1619 5271 1760 5341 apud
1806 5272 1922 5326 illos

337 5365 401 5419 ad
429 5381 620 5421 vanam
655 5366 882 5438 gloriam
911 5365 1243 5436 spectabant.
1277 5363 1383 5419 Sed
1419 5379 1524 5418 non
1558 5362 1634 5429 hi,
1661 5362 1768 5417 imo
1794 5378 1922 5416 vero

337 5471 453 5525 quae
478 5457 746 5513 dabantur
769 5457 1122 5527 accipiebant,
1155 5466 1210 5511 et
1228 5455 1615 5510 distribuebant
1640 5453 1921 5526 egentibus

339 5563 459 5605 cum
491 5560 634 5607 tanta
659 5551 1000 5616 liberalitate,
1026 5558 1085 5605 ut
1110 5550 1270 5604 etiam
1297 5549 1352 5602 in
1375 5549 1512 5604 fame
1542 5555 1800 5619 perpetua
1820 5546 1918 5600 de-

340 5651 545 5710 gerent.
571 5645 628 5700 Si
662 5652 841 5700 autem
876 5642 1100 5714 gloriam
1130 5648 1422 5704 amassent,
1468 5654 1571 5693 non
1614 5641 1715 5695 hoc
1762 5640 1917 5694 feris-

347 5744 479 5805 sent,
509 5751 695 5810 nempe
724 5746 780 5794 ut
809 5737 1113 5809 accipereut
1153 5742 1204 5790 ct
1236 5732 1632 5800 distribuerunt,
1665 5734 1914 5790 timentes

1380 277 1446 338 ΙΝ
1485 283 1697 341 EPIST.
1740 283 1759 339 l
1814 282 1907 338 AD
1944 280 2101 338 (ΞΟΠ.
2134 281 2369 342 HOMIL.
2400 286 2616 345 XXXV.

3532 297 3639 359 303

2053 412 2122 452 ne
2143 406 2333 454 eontra
2378 401 2524 472 ipsos
2566 404 2744 475 aliqua
2787 403 2929 462 foret
2957 406 3208 478 suspicio.
3239 408 3371 465 Nam
3412 412 3504 481 qui
3540 427 3637 469 sua

2048 488 2231 557 abjicit
2269 502 2490 562 propter
2515 495 2762 565 gloriam,
2796 498 2963 553 multo
2990 500 3158 570 magis
3183 516 3290 557 non
3317 503 3545 572 accipiet
3569 520 3634 562 ea

2046 592 2167 647 qua:
2194 589 2320 636 sunt
2346 583 2592 651 aliorum,
2623 603 2693 643 ne
2718 588 2964 645 videatur
2983 606 3144 661 egere
3169 593 3310 660 aliis,
3336 611 3510 664 neque
3534 611 3631 652 ve-

2047 672 2155 726 niat
2182 673 2234 726 in
2261 676 2643 746 suspicionem.
2672 680 2779 737 llos
2805 692 2985 738 autem
3006 683 3159 740 vides
3184 693 3239 740 et
3267 686 3629 746 ministrantes

2044 773 2101 819 et
2118 765 2519 825 emendicantes
2543 785 2642 841 pro
2662 773 2942 843 egentibus
2972 795 2986 830 :
3014 775 3149 832 adeo
3175 786 3331 832 erant
3350 780 3508 835 etiam
3533 797 3631 852 pa-

2045 853 2218 910 tribus
2266 857 2594 926 quibuslibet
2645 866 2989 922 amantiores.
3042 867 3176 925 Vide
3223 879 3402 925 autem
3443 888 3630 929 eorum

2045 961 2257 1017 quoque
2283 948 2431 1020 leges
2458 953 2786 1022 moderatas,
2827 967 2884 1012 et
2909 958 2978 1014 ab
3021 958 3165 1014 inani
3207 962 3378 1031 gloria
3409 964 3628 1029 liberas.

2048 1034 2311 1094 Habentes
2323 1041 2488 1108 enim,
2511 1043 2701 1114 inquit,
2733 1048 3022 1103 vestimenta
3048 1034 3096 1103 et
3120 1050 3383 1117 alimenta,
3407 1054 3486 1108 Itis
3508 1071 3629 1109 con-

2046 1129 2170 1183 tenti
2197 1130 2385 1186 erimus
2413 1133 2489 1205 (l.
2519 1132 2657 1188 Tim.
2689 1136 2743 1192 6.
2770 1137 2828 1207 8)
2859 1154 2872 1190 :
2904 1154 3011 1195 non
3046 1139 3187 1196 sicut
3223 1142 3314 1198 ille
3341 1143 3627 1216 Sinopeus,

2042 1221 2132 1290 qui
2181 1224 2371 1291 pannis
2417 1225 2622 1284 obsitus
2665 1238 2717 1284 et
2757 1230 2961 1286 dolium
3003 1233 3288 1301 habitans,
3329 1252 3451 1292 cum
3496 1239 3627 1294 nihil

2048 1325 2190 1370 esset
2225 1331 2384 1387 opus,
2432 1322 2631 1378 multos
2674 1324 2888 1393 quidem
2936 1326 3239 1398 stupefecit,
3290 1331 3420 1385 nulli
3448 1342 3626 1386 autem

2043 1406 2260 1476 profuit.
2296 1410 2490 1468 Paulus
2525 1423 2706 1470 autem
2757 1417 2889 1473 nihil
2919 1417 3111 1474 horum
3153 1419 3424 1476 faciebat:
3458 1438 3629 1494 neque

2043 1500 2187 1555 enim
2215 1504 2491 1572 spectabat
2523 1508 2871 1564 ambitionem
2908 1517 2967 1565 et
3012 1494 3230 1567 honoris
3278 1512 3623 1580 desidernnn,

2043 1590 2138 1645 sed
2164 1600 2219 1647 et
2246 1593 2444 1651 decore
2484 1598 2804 1655 induebatur
2833 1601 3093 1670 vestibus,
3131 1612 3185 1659 et
3227 1603 3371 1660 domi
3414 1607 3628 1664 assidue

2042 1682 2338 1751 habitabat,
2368 1702 2534 1759 seque
2573 1691 2731 1759 plane
2761 1694 3059 1762 perlectum
3095 1695 3408 1751 ostendebat
3434 1697 3486 1751 in
3525 1699 3627 1753 alia

2042 1775 2189 1830 omni
2234 1777 2651 1850 virtute:un
2693 1781 3025 1853 deSpiciehat
3064 1783 3317 1856 Cynicus,
3367 1788 3630 1857 intempe-

2043 1873 2226 1920 ranter
2249 1867 2435 1924 vivens
2475 1879 2530 1940 et
2569 1871 2742 1940 palam
2772 1873 3027 1930 indecore
3071 1889 3130 1930 se
3174 1890 3371 1945 gerens
3413 1877 3513 1950 (ιι),
3559 1880 3627 1931 ab

2043 1954 2185 2010 inani
2208 1957 2374 2027 gloria
2405 1961 2682 2032 abreptus.
2715 1963 2775 2019 Si
2797 1965 2918 2034 quis
2946 1966 3089 2021 enim
3114 1975 3265 2038 roget
3285 1982 3383 2023 cur
3407 1970 3459 2024 in
3484 1969 3629 2024 dolio

2043 2048 2381 2118 habitaverit,
2412 2055 2618 2110 nullam
2644 2056 2803 2112 aliam
2830 2072 3046 2114 causam
3079 2060 3310 2117 inveniet
3336 2077 3497 2132 quam
3538 2079 3627 2117 va-

2041 2158 2165 2199 nam
2191 2144 2437 2215 gloriam.

2110 2235 2166 2289 5.
2217 2234 2361 2290 Vana
2388 2236 2553 2307 gloria
2581 2255 2714 2294 stara
2739 2241 2927 2296 bellua.
2943 2271 3015 2283 —
3037 2242 3233 2299 Paulus
3257 2254 3437 2300 autem
3463 2246 3623 2302 etiam

2039 2325 2278 2392 domum,
2308 2345 2467 2399 quam
2504 2330 2691 2387 Romae
2724 2333 3013 2403 incolebat,
3062 2336 3312 2393 mercede
3347 2338 3622 2394 conduxit.

2039 2415 2370 2489 Quamquam
2410 2420 2500 2490 qni
2537 2421 2694 2491 longe
2744 2422 2964 2480 fortiora
2991 2433 3223 2493 poterat,
3259 2427 3427 2482 multo
3456 2429 3626 2498 magis

2040 2510 2143 2566 hoc
2169 2511 2450 2581 patuisset.
2475 2512 2579 2568 Sed
2609 2530 2717 2570 non
2740 2514 3034 2584 aspiciebat
3057 2516 3124 2570 ad
3152 2517 3398 2586 gloriam,
3429 2534 3624 2574 saxvam

2038 2603 2294 2671 belluam,
2321 2603 2648 2661 horrendum
2675 2606 2996 2675 d:emonem,
3022 2618 3229 2678 pestem
3267 2611 3414 2665 orbis
3445 2619 3621 2677 terrae,

2040 2706 2361 2752 venenatam
2388 2698 2646 2767 viperam.
2677 2698 2829 2755 Sicut
2870 2702 3014 2755 enim
3053 2701 3139 2755 illa
3172 2702 3339 2757 bestia
3376 2703 3626 2761 dentibus

2039 2798 2250 2845 uterum
2273 2790 2457 2845 matris
2485 2791 2759 2862 diseerpit,
2792 2794 2863 2847 ita
2888 2795 3052 2849 etiam
3080 2794 3182 2849 hoc
3207 2796 3393 2850 vitium
3417 2812 3614 2866 paren-

2040 2888 2147 2935 tem
2171 2880 2448 2936 dilacerat.
2477 2882 2913 2955 Undenamergo
2939 2885 3090 2941 vario
3113 2886 3238 2942 huic
3261 2889 3450 2945 morbo
3474 2890 3627 2947 inve-

2038 2971 2183 3027 neris
2209 2972 2697 3031 ntedicamentum?
2717 2974 2776 3031 Si
2798 2991 2897 3031 eos
2918 2976 3011 3047 qui
3040 2978 3212 3047 ipsum
3241 2979 3625 3037 conculcaruut

2037 3063 2090 3116 lu
2113 3063 2347 3118 medium
2378 3064 2687 3133 adduxeris,
2714 3075 2781 3122 et.
2799 3067 2867 3123 ad
2894 3068 3106 3124 illorum
3139 3070 3423 3142 imaginem
3454 3073 3626 3143 respi-

2036 3154 2204 3221 ciens,
2227 3155 2308 3210 sie
2332 3156 2494 3210 vitam
2518 3160 2912 3228 eomposueris.
2947 3160 3252 3216 Patriamha
3278 3163 3420 3218 enim
3450 3165 3623 3219 Abra-

2037 3245 2159 3300 ham
2184 3264 2199 3311 ;
2230 3248 2325 3303 sed
2366 3263 2524 3303 nemo
2554 3249 2687 3304 mihi
2714 3251 2843 3307 vitio
2874 3260 3051 3307 vertat
3092 3253 3330 3323 ejusdem
3360 3258 3435 3309 rei
3462 3272 3622 3325 repe-

2038 3341 2299 3405 titionem,
2329 3344 2372 3395 si
2396 3357 2539 3410 saepe
2562 3344 2678 3410 ejus
2707 3351 2760 3397 et
2787 3343 2839 3397 in
2861 3345 3111 3399 omnibus
3132 3347 3485 3411 memininus.
3510 3349 3623 3403 lloc

2036 3430 2177 3485 enim
2218 3440 2302 3486 est
2327 3433 2467 3501 quod
2497 3433 2647 3487 illum
2674 3448 2891 3504 quoque
2920 3435 3095 3490 reddit
3121 3438 3353 3500 maxime
3387 3438 3621 3493 admira-

2037 3522 2221 3591 bilem,
2253 3532 2308 3579 ct
2336 3539 2430 3580 eos
2456 3525 2546 3594 qui
2577 3540 2682 3580 non
2713 3526 2886 3595 ipsum
2908 3527 3248 3594 aemulantur,
3272 3530 3417 3584 omni
3446 3531 3624 3601 privat

2036 3616 2211 3671 venia.
2261 3616 2394 3671 Nam
2423 3618 2466 3672 si
2496 3633 2619 3672 eum
2652 3618 2868 3689 quidem
2912 3618 2966 3674 in
3012 3629 3164 3689 parte
3190 3621 3389 3692 aliqua,
3422 3623 3475 3679 in
3518 3624 3622 3680 alia

2035 3715 2213 3763 autem
2244 3716 2397 3778 parte
2425 3709 2588 3763 alium
2630 3724 2689 3765 se
2732 3718 2879 3766 recte
2921 3711 3155 3782 gessisse
3200 3713 3619 3780 ostenderimus,

2034 3797 2231 3854 dixerit
2255 3799 2451 3869 aliquis
2485 3799 2707 3857 dilﬁcile
2731 3816 2853 3857 esse
2887 3803 3098 3858 virtutis
3133 3805 3483 3871 exercitium;
3510 3821 3618 3862 nOn

2034 3904 2157 3961 esse
2194 3890 2336 3945 enim
2365 3889 2525 3947 facile
2558 3894 2736 3948 omnia
2778 3894 2936 3948 simul
2973 3904 3118 3950 recte
3154 3910 3364 3966 gerere,
3393 3913 3618 3968 quorum

2033 3988 2241 4050 partem
2270 3991 2575 4038 sanctorum
2606 3984 2800 4059 singuli
2823 3995 3109 4056 gesserunt
3137 4004 3152 4043 :
3179 4002 3300 4044 eum
3330 3997 3509 4044 autem
3540 3990 3623 4044 in-

2032 4072 2283 4128 veniatur
2318 4088 2457 4129 unus
2484 4084 2540 4130 et
2568 4075 2709 4130 idem
2748 4078 2928 4132 omnia
2958 4078 3224 4146 obtinere,
3256 4096 3413 4150 quam
3452 4081 3619 4137 habe-

2032 4162 2165 4218 bunt
2192 4165 2590 4220 excusationem
2630 4166 2720 4236 qui
2764 4177 2885 4235 post
2926 4169 3099 4238 legem
3139 4154 3211 4224 et.
3239 4172 3463 4239 gratiam
3507 4188 3616 4226 non

2033 4266 2259 4323 possunt
2301 4255 2368 4310 ad
2404 4256 2649 4311 eamdem
2682 4259 2963 4327 pervenire
3002 4274 3332 4325 mensuram,
3361 4259 3429 4314 ad
3459 4277 3618 4331 quam

2033 4348 2123 4416 qui
2155 4346 2369 4400 fuerunt
2403 4357 2531 4402 ante
2562 4349 2731 4417 legem
2773 4357 2827 4402 et
2872 4349 3139 4421 gratiam?
3168 4350 3450 4417 Quomodo
3488 4367 3621 4423 ergo

2032 4436 2122 4490 hic
2169 4435 2473 4505 patriarcha
2524 4438 2662 4492 hanc
2720 4438 2950 4493 belluam
3009 4439 3139 4493 vicit
3188 4450 3241 4493 et
3304 4443 3618 4511 superavit,

2032 4527 2251 4598 quando
2292 4528 2390 4583 fuit
2418 4531 2464 4583 ei
2508 4531 2878 4585 controversia
2926 4545 3047 4585 eum
3098 4531 3208 4585 ﬁlio
3236 4532 3457 4589 fratris?
3485 4534 3615 4589 Nam

2029 4634 2152 4675 cum
2182 4621 2359 4675 ntinor
2384 4623 2561 4692 portio
2590 4623 2637 4677 ei
2665 4621 2965 4692 obtigisset,
3004 4624 3055 4679 ei
3085 4623 3284 4694 primas
3306 4636 3486 4696 partes
3512 4644 3618 4682 non

2030 4720 2174 4767 esset
2200 4722 2542 4783 assequutus,
2584 4728 2690 4769 non
2733 4714 2927 4769 doluit.
2971 4713 3131 4770 Scitis
3169 4726 3349 4771 autem
3380 4717 3523 4787 quod
3565 4718 3617 4772 in

2030 4804 2112 4860 his
2139 4806 2302 4861 rebus
2338 4805 2574 4861 dedecus
2601 4815 2685 4862 est
2710 4807 2864 4877 pejus
2905 4807 3103 4863 damno
3134 4808 3199 4863 iis
3229 4809 3317 4880 qui
3362 4821 3488 4866 sunt
3516 4826 3616 4880 pu-

2028 4895 2131 4950 silli
2162 4897 2349 4962 animi,
2374 4908 2429 4952 et
2452 4898 2682 4953 maxime
2702 4898 2917 4968 quando
2942 4900 3056 4970 ipse
3082 4901 3318 4955 omnium
3344 4901 3615 4968 dominus,

2028 4989 2167 5044 sicut
2198 4999 2323 5044 tunc
2348 4990 2459 5056 ille,
2503 4999 2559 5046 et
2600 4992 2688 5061 qui
2736 4994 2884 5062 prior
2914 5001 3153 5063 cceperat
3190 4992 3478 5058 honorare,
3508 5012 3616 5050 non

2029 5082 2263 5137 vicissim
2292 5083 2497 5139 honore
2522 5083 2771 5139 afficitur.
2810 5085 2916 5140 Sed
2949 5096 3125 5140 tamen
3156 5084 3286 5139 nihil
3329 5086 3517 5142 borum
3552 5088 3617 5141 il-

2029 5172 2139 5228 lum
2167 5175 2476 5242 momordit,
2521 5176 2615 5230 sed
2658 5184 2855 5230 etcum
2886 5177 3148 5232 secundas
3180 5176 3405 5235 haberet
3433 5189 3613 5251 partes

2029 5266 2126 5322 fuit
2149 5275 2457 5333 contentus,
2490 5277 2544 5323 et
2574 5268 2767 5336 injuria
2807 5267 3030 5324 aﬁ‘ectus
3065 5285 3097 5323 a
3120 5269 3318 5340 juvene
3342 5287 3527 5338 senex,
3561 5282 3613 5328 et

2026 5369 2247 5428 patruus
2291 5373 2321 5411 a
2369 5357 2549 5413 fratris
2593 5358 2723 5425 ﬁlio,
2756 5375 2864 5414 non
2911 5363 3217 5417 succensuit
3260 5378 3433 5433 neque
3470 5376 3611 5429 aegre

2026 5451 2165 5518 tulit,
2196 5450 2289 5507 sed
2320 5451 2566 5507 similiter
2589 5467 2712 5506 eum
2740 5453 2952 5509 amabat
2974 5462 3029 5509 et
3049 5455 3292 5510 curabat.
3317 5454 3521 5507 Rursus
3541 5467 3609 5506 ex

2027 5559 2218 5615 magno
2245 5544 2337 5599 illo
2361 5554 2412 5600 et
2445 5545 2663 5600 terribili
2696 5546 2834 5601 bello
2865 5556 3018 5616 parta
3040 5546 3280 5609 victoria,
3305 5544 3463 5610 vique
3489 5557 3610 5610 pro—

2088 5678 2159 5739 (α)
2193 5678 2310 5743 Qua:
2337 5678 2415 5727 hic
2448 5679 2510 5727 de
2546 5679 2775 5739 Diogene
2800 5679 2976 5743 Cynico
3001 5678 3240 5743 feruntur,
3267 5669 3389 5743 apud
3416 5670 3612 5743 IDIOABC-

2027 5730 2389 5793 neni'ta‘et‘tiuut
2415 5749 2463 5791 et
2489 5730 2738 5791 sexcentis
2764 5743 2809 5789 iu
2834 5730 2940 5789 5m.-
2964 5746 3188 5788 veterum
3213 5730 3331 5784 locis
3352 5730 3609 5784 habentur.
