4018 6156
439 309 546 369 303

444 428 671 501 pulsatis
696 433 750 484 et
771 421 1061 496 proﬂigatis
1087 420 1350 487 barbaris,
1380 420 1450 476 de
1471 419 1692 477 victoria
1719 433 1825 474 non
1847 420 2034 475 trium-

445 519 575 590 phat
613 536 709 574 nec
748 515 906 586 erigit
935 521 1191 584 trapetum
1218 532 1232 569 :
1262 512 1475 568 volebat
1503 512 1648 567 enim
1679 520 1883 566 tantum
1916 525 2033 566 ser-

443 625 593 674 vare,
640 623 745 663 non
789 622 851 663 se
899 614 1189 661 ostentam.
1238 604 1461 676 Excepit
1508 618 1693 659 rursus
1753 603 2028 672 Itospitrs;

442 718 619 775 neque
660 700 745 757 hic
784 700 930 755 inani
971 699 1139 770 gloria
1178 697 1457 765 laboravit,
1488 697 1582 753 sed
1610 704 1667 753 et
1694 697 1809 769 ipse
1837 710 2029 751 occur-

442 793 599 851 rebat
637 801 695 849 et
737 791 1014 856 adorabat,
1046 805 1153 845 non
1198 799 1467 859 tamquam
1506 788 1642 846 dans
1684 787 2027 854 beneiicium,

441 884 538 942 sed
566 893 834 955 tamquam
876 881 1139 939 beneﬁcio
1176 881 1434 937 affectus:
1466 889 1522 936 et
1561 889 1715 935 vocat
1754 879 2025 945 dominos,

440 976 690 1034 nesciens
716 973 930 1047 quidem
959 973 1174 1045 quinam
1203 972 1576 1038 accessissent,
1601 980 1658 1027 et
1682 970 1800 1026 loco
1819 969 2027 1026 ancillas

438 1069 718 1128 consuluit
744 1084 988 1125 uxorem.
1016 1065 1151 1122 Cum
1177 1076 1354 1122 autem
1391 1075 1555 1120 antea
1581 1064 1634 1119 in
1669 1063 1900 1135 Egypto
1926 1063 2024 1119 ad-

441 1159 705 1217 mirabilis
740 1157 1094 1229 apparuisset,
1128 1166 1185 1212 et
1226 1156 1367 1211 hanc
1407 1155 1576 1225 ipsam
1612 1170 1832 1211 uxorem
1871 1169 2025 1210 rece-

437 1253 629 1324 pisset,
662 1260 974 1321 tantumque
1004 1256 1148 1305 esset
1174 1249 1432 1304 honorem
1471 1254 1853 1316 consequutus,
1884 1245 2024 1316 apud

436 1342 711 1400 neminem
737 1359 796 1398 se
823 1350 1086 1409 ostentat;
1124 1340 1220 1397 sed
1251 1339 1515 1410 indigena:
1541 1338 1761 1409 quidem
1783 1352 1905 1394 eum
1932 1352 2023 1393 re-

441 1451 564 1507 gem
591 1435 954 1506 appellabant,
977 1435 1093 1506 ipse
1114 1442 1292 1489 autem
1324 1433 1483 1489 solvit
1509 1433 1739 1503 pretium
1768 1433 2019 1502 sepulcri.

434 1530 570 1585 Cum
598 1538 775 1583 autem
802 1527 1037 1583 mitteret
1063 1526 1342 1593 famulum,
1366 1538 1588 1580 uxorem
1620 1523 1728 1580 filio
1755 1524 2022 1580 adductu-

435 1636 578 1689 rum,
607 1620 740 1675 nihil
771 1619 931 1690 jussit
966 1634 1212 1689 magnum
1253 1626 1345 1673 aut
1383 1617 1694 1687 praeclarum
1732 1617 1802 1671 de
1839 1632 1899 1672 se
1937 1616 2022 1671 di-

434 1728 578 1778 cere,
618 1711 714 1768 scd
756 1711 929 1767 solum
960 1725 1212 1782 sponsam
1249 1709 1537 1765 adducere.
1583 1708 1673 1762 Vis
1702 1708 1862 1764 etiam
1894 1723 2023 1764 exa-

434 1805 646 1860 minare
672 1819 767 1860 eos
795 1804 885 1874 qui
908 1812 1058 1857 erant
1079 1802 1180 1858 sub
1202 1802 1393 1873 gratia,
1424 1798 1638 1872 quando
1665 1814 1760 1856 eos
1788 1800 2021 1870 undique

432 1896 839 1954 circumﬂuebat
875 1911 1064 1968 magna
1094 1894 1355 1951 doctrina:
1388 1894 1579 1965 gloria,
1607 1901 1662 1948 et
1690 1893 1875 1949 videre
1916 1892 2020 1950 hoc

434 2004 647 2061 quoque
677 1988 864 2044 vitium
893 1996 1019 2044 tunc
1047 1987 1276 2058 ejectum
1304 1997 1358 2042 et
1381 1985 1758 2040 eliminatum?

505 2079 664 2135 Pauli
687 2080 822 2135 laus.
842 2078 1114 2150 —-Cogita
1145 2078 1274 2133 mihi
1301 2077 1444 2133 hunc
1468 2077 1643 2148 ipsum
1674 2077 1764 2148 qui
1793 2076 1909 2132 lucc
1936 2076 2018 2132 di-

429 2172 525 2239 cit,
560 2170 829 2242 quomodo
871 2186 1086 2242 semper
1124 2180 1293 2225 totum
1341 2169 1453 2225 Deo
1492 2169 1708 2233 tribuat,
1746 2170 2018 2241 quomodo

429 2277 650 2318 suorum
677 2261 893 2333 quidem
917 2270 1258 2332 peccatorum
1278 2259 1493 2315 assidue
1518 2260 1844 2328 meminerit,
1871 2270 2018 2318 recte

427 2364 609 2410 autem
653 2352 918 2408 factorum
970 2367 1075 2406 non
1122 2352 1271 2406 item.
1300 2349 1409 2406 Sed
1453 2351 1498 2405 si
1528 2350 1743 2420 quando
1769 2361 2019 2421 oporteat

426 2447 701 2517 corrigere
729 2444 1020 2514 discipulos
1048 2452 1099 2500 et
1125 2450 1349 2512 cogatur
1387 2440 1491 2496 hoc
1517 2440 1715 2507 facere,
1749 2456 1869 2497 eam
1899 2458 2013 2498 rem

430 2550 585 2593 vocat
623 2534 1002 2607 insipientiam,
1038 2542 1094 2589 et
1119 2533 1278 2589 Petro
1316 2531 1517 2602 primas
1553 2532 1737 2587 cedit:
1770 2548 1870 2589 nec
1894 2550 2018 2590 eru-

429 2628 604 2685 bescit
628 2628 838 2697 operari
867 2624 1009 2696 apud
1037 2624 1335 2681 Priscillam
1358 2631 1414 2680 et
1438 2623 1683 2694 Aquilam
1704 2624 1844 2694 (Act.
1879 2626 1971 2696 18)
1996 2644 2011 2682 :

425 2729 484 2776 et
510 2719 705 2789 ubique
728 2730 952 2773 conatus
976 2725 1060 2773 est
1086 2731 1145 2772 se
1171 2714 1458 2779 ostendere
1493 2716 1749 2771 humilem
1784 2725 1839 2771 et
1862 2716 2014 2787 obje-

423 2820 592 2878 ctum,
626 2825 733 2865 non
780 2809 835 2865 in
882 2810 998 2865 foro
1035 2810 1268 2879 superbe
1315 2808 1570 2865 incedens
1615 2823 1788 2880 neque
1832 2811 2015 2867 turbas

425 2901 835 2969 circumferens,
863 2901 956 2956 sed
982 2916 1040 2956 se
1066 2901 1306 2959 referens
1328 2900 1379 2954 in
1407 2916 1687 2956 numerum
1714 2918 1899 2957 eorum
1923 2903 2011 2974 qui

427 3004 554 3049 sunt
577 2994 791 3050 obscuri
815 3002 870 3048 et
899 3008 1003 3047 non
1036 2993 1294 3063 insignes.
1324 2992 1392 3047 Et
1428 2992 1549 3048 ideo
1580 2992 1820 3061 dicebat,
1861 2992 2013 3049 Prte-

425 3085 589 3141 ωηιξη
613 3095 779 3139 autem
808 3084 1036 3153 corporis
1061 3093 1133 3137 est
1160 3083 1365 3152 inﬁrma
1387 3084 1463 3152 (2.
1489 3083 1609 3140 Cor.
1649 3086 1736 3141 10.
1769 3086 1880 3157 l0),
1911 3086 2012 3142 hoc

423 3186 529 3245 est,
567 3173 931 3247 despicienda,
968 3184 1024 3230 et
1055 3189 1174 3245 qua:
1218 3173 1421 3229 nullum
1455 3175 1649 3231 habeat
1681 3176 1917 3243 fastum;
1958 3186 2014 3233 ει

424 3283 612 3326 rursus
641 3285 655 3322 :
690 3266 827 3339 Opto
850 3283 936 3322 vos
965 3267 1095 3322 nihil
1130 3266 1252 3321 mali
1277 3270 1462 3337 facere,
1492 3258 1555 3322 ue
1583 3283 1675 3323 nos
1713 3269 1910 3339 probati
1938 3275 2014 3326 vi-

421 3360 636 3415 deamur
662 3357 739 3432 (Ξ.
771 3358 892 3414 Cor.
930 3359 1014 3414 l5.
1048 3358 1123 3428 7).
1156 3358 1220 3412 Et
1248 3357 1371 3429 quid
1402 3360 1621 3423 mirum,
1656 3359 1703 3413 si
1742 3360 1881 3416 hanc
1909 3361 2009 3418 de-

421 3452 583 3526 spicit
631 3451 903 3524 gloriam?
933 3451 1032 3520 Qui
1064 3451 1209 3507 cnim
1235 3462 1521 3522 supernam
1562 3451 1704 3506 illaut
1759 3452 2007 3523 despicit,

426 3555 488 3601 ut
514 3555 568 3601 et
595 3556 816 3617 regnum
862 3553 918 3599 et
959 3543 1282 3616 gehennam,
1314 3541 1606 3599 secundum
1650 3542 1852 3600 Christi
1897 3546 2010 3616 pia-

417 3638 583 3693 eitum
619 3638 793 3710 (optat
841 3635 984 3692 enim
1012 3650 1133 3692 esse
1180 3637 1463 3692 anathema
1509 3652 1539 3691 a
1584 3635 1801 3693 Christo
1825 3635 2004 3710 [ηοω.

419 3728 473 3784 9.
506 3727 587 3800 '5]
615 3743 712 3798 pro
756 3727 953 3783 Christi
991 3727 1160 3796 gloria
1190 3742 1203 3779 :
1235 3741 1358 3780 nam
1403 3728 1613 3782 etiami
1663 3744 1761 3797 pro
1805 3728 2007 3786 Judaeis

421 3819 527 3874 hoc
552 3832 613 3873 se
641 3816 785 3873 dicat
809 3815 946 3871 velle
967 3816 1095 3885 pati,
1128 3815 1232 3870 hoc
1258 3815 1408 3880 dicit,
1437 3830 1506 3873 ne
1543 3818 1661 3886 quis
1686 3818 1882 3873 stultus
1911 3834 2006 3888 pu-

422 3917 502 3966 tet
528 3908 701 3977 ipsum
740 3906 1126 3976 promissiones
1162 3906 1266 3960 illis
1312 3906 1477 3962 factas
1511 3907 1612 3962 sibi
1642 3908 1879 3976 sumere)
1911 3925 1926 3963 :
1957 3911 2005 3966 si

420 3999 513 4055 ille
542 4012 672 4068 ergo
699 4006 918 4068 paratus
955 4004 1070 4051 erat
1103 4011 1166 4052 ea
1198 3998 1489 4066 praeterire,
1528 3998 1655 4068 quid
1695 4000 1928 4065 miraris,
1958 4000 2004 4055 si

422 4090 658 4147 humana
684 4088 951 4160 despicit?
978 4088 1084 4145 Sed
1126 4102 1223 4143 eos
1246 4088 1338 4161 qui
1368 4102 1512 4143 nunc
1538 4097 1664 4143 sunt
1687 4089 2006 4162 demergunt

420 4184 622 4251 omnia,
652 4199 759 4239 non
791 4182 965 4239 solum
1003 4181 1192 4254 gloria:
1234 4180 1518 4251 cupiditas,
1549 4181 1643 4238 sed
1681 4183 1843 4237 etiam
1872 4197 2004 4239 eoa-

419 4278 662 4343 trarium,
693 4274 1017 4332 contumelia
1057 4282 1113 4330 et
1151 4282 1328 4329 metus
1372 4270 1625 4328 infamire.
1674 4272 1809 4329 Nam
1856 4282 1912 4330 et
1957 4274 2003 4330 si

417 4370 679 4441 quispiam
712 4367 1026 4434 laudaverit,
1065 4364 1404 4430 intumeseis,
1432 4373 1489 4420 et
1527 4364 1574 4420 si
1602 4365 2000 4437 vituperaverit,

418 4460 759 4530 deprimcris.
806 4459 873 4515 Et
915 4459 1052 4514 sicut
1094 4471 1321 4528 corpora
1363 4455 1629 4512 imbecilla
1657 4455 2002 4513 offenduntur

417 4550 555 4607 vela
579 4549 926 4620 quibuslibet,
955 4550 1026 4604 ita
1052 4550 1213 4603 etiam
1239 4548 1445 4618 pusillae
1464 4556 1520 4602 et
1538 4548 1763 4616 abjecttc
1781 4549 1995 4605 animus.

417 4642 528 4698 Eos
555 4640 701 4695 enim
728 4639 817 4710 qui
850 4648 974 4694 sunt
1001 4638 1325 4708 bujusmodi,
1354 4652 1460 4693 non
1489 4638 1662 4692 solum
1688 4650 1996 4710 paupertas,

421 4731 517 4789 sed
553 4731 715 4787 etiam
747 4730 946 4784 divitiae
974 4730 1244 4801 perdunt;
1285 4743 1391 4784 non
1425 4728 1637 4784 tristitia
1665 4730 1862 4796 solum,
1902 4734 1998 4789 sed

419 4824 580 4879 etiam
625 4820 896 4893 gaudium,
927 4830 982 4876 et
1022 4836 1141 4889 qua:
1187 4829 1313 4876 sunt
1355 4820 1593 4891 jucunda
1640 4822 1810 4891 magis
1837 4812 1996 4893 quam

418 4928 540 4984 qum
575 4914 766 4970 tristia.
806 4911 935 4968 Nam
969 4922 1253 4982 paupertas
1278 4913 1494 4983 quidem
1528 4914 1673 4983 cogit
1708 4928 1830 4969 esse
1868 4924 2000 4971 tem-

421 5016 729 5079 perantem;
760 5005 957 5061 divitize
982 5015 1158 5060 autem
1188 5020 1330 5075 stupe
1358 5004 1589 5061 educunt
1613 5006 1773 5061 etiam
1800 5007 1866 5062 ad
1895 5008 1996 5062 ali-

423 5099 567 5171 quod
609 5116 858 5171 magnum
894 5099 1114 5154 malum.
1165 5099 1225 5153 Et
1272 5098 1410 5153 sicut
1447 5097 1538 5168 qui
1576 5097 1895 5166 febricitant,
1931 5100 2000 5154 ab

420 5189 667 5247 omnibus
695 5190 1032 5245 olfenduntur
1060 5207 1073 5242 :
1100 5189 1168 5244 ita
1199 5188 1285 5259 qui
1313 5196 1439 5243 sunt
1463 5188 1641 5243 animo
1670 5199 1922 5259 corrupto
1944 5200 1997 5245 et

423 5280 719 5348 depravato
747 5321 761 5342 ,
836 5280 1099 5334 [induntur
1119 5279 1186 5333 ab
1215 5279 1483 5335 omnibus.

489 5371 542 5424 6.
565 5368 882 5425 Christianus
901 5369 1149 5437 quomodo
1176 5369 1304 5438 aﬁici
1333 5369 1506 5424 debeat
1531 5386 1651 5441 erga
1673 5370 1993 5439 temporalia.

421 5464 605 5519 Anima
646 5461 896 5531 quomodo
937 5460 1186 5514 curanda.
1217 5460 1441 5515 Diritum
1484 5462 1622 5517 mala
1664 5462 1997 5516 conditio.—

420 5554 545 5609 Ilaec
574 5566 705 5622 ergo
727 5567 847 5607 cum
873 5551 1137 5618 sciamus,
1170 5567 1239 5607 ne
1280 5550 1542 5621 fugiamus
1586 5562 1950 5623 paupertatem
1977 5593 1993 5620 ,

417 5660 589 5716 neque
613 5644 937 5700 admiremur
967 5642 1210 5710 divitias;
1238 5643 1333 5699 sed
1361 5643 1594 5698 animum
1626 5645 1696 5699 ita
1718 5658 1996 5713 compare-

421 5751 535 5794 n.us
573 5745 630 5793 ut
664 5736 732 5792 sit
769 5744 923 5810 aptus
957 5745 1010 5793 et
1047 5735 1270 5794 idoneus
1295 5734 1363 5791 ad
1390 5733 1585 5790 omnia.
1612 5734 1743 5791 Nam
1769 5736 1857 5807 qui
1887 5734 1987 5791 do-

1183 306 1240 363 8.
1280 304 1558 363 JOANNIS
1593 301 2061 361 CHRYSOSTOMI
2098 302 2421 362 ARCIIIEP.
2457 304 2986 368 CONSTANTINOP.

3620 323 3729 380 ὅθι

2140 434 2284 475 mum
2309 417 2559 488 aedificat,
2591 437 2698 477 non
2725 437 2791 478 eo
2817 431 3043 499 spectat,
3073 433 3131 480 ut
3160 424 3225 483 in
3260 441 3381 497 eam
3418 445 3526 487 non
3565 437 3723 495 cadat

2133 509 2331 579 pluvia,
2351 525 2524 581 neque
2551 520 2607 567 ut
2633 511 2698 567 ad
2724 528 2841 568 eam
2869 529 2973 570 non
3003 515 3180 571 veniat
3205 516 3431 585 radius;
3449 521 3551 581 hoc
3574 530 3719 585 enim

2134 600 2250 654 lieri
2268 600 2482 671 nequit;
2500 601 2595 657 sed
2613 611 2669 657 ut
2682 602 2750 658 ad
2767 604 2944 663 omnia
2968 604 3182 662 ferenda
3202 619 3326 679 apta
3346 610 3416 667 sit
3430 624 3485 668 et
3504 614 3717 676 idonea.

2136 687 2203 743 Et
2225 689 2316 759 qui
2347 705 2536 747 navem
2565 692 2875 763 fabricatur,
2906 711 3013 751 non
3038 696 3090 751 id
3117 706 3270 753 curat
3300 708 3357 755 ut
3385 702 3438 757 in
3467 720 3584 761 eam
3614 724 3721 766 non

2132 779 2428 851 irrumpant
2449 781 2663 851 fluctus,
2685 799 2859 855 neque
2882 794 2940 840 ut
2964 801 3069 843 non
3096 789 3356 845 excitetur
3382 796 3549 850 maris
3582 809 3719 857 tem-

2131 881 2343 943 pestas;
2386 875 2489 930 hoc
2513 876 2656 930 enim
2684 876 2797 932 fieri
2827 879 3045 948 nequit;
3076 879 3171 936 sed
3201 890 3259 936 ut
3288 873 3438 940 navis
3482 889 3719 947 tabulata

2130 972 2250 1035 apta
2279 966 2389 1021 sint
2411 965 2477 1022 ad
2506 967 2707 1023 omnia.
2734 968 2944 1026 Rursus
2970 972 3059 1042 qui
3084 987 3266 1028 curam
3288 978 3427 1047 gerit
3452 984 3715 1050 corporis,

2130 1071 2238 1111 non
2264 1072 2330 1113 eo
2354 1066 2562 1128 spectat
2587 1068 2642 1114 ut
2669 1075 2774 1116 non
2804 1062 2876 1116 sit
2899 1064 3037 1118 aeris
3078 1065 3408 1136 inaequalitas
3437 1082 3492 1126 et
3523 1074 3714 1130 intem-

2129 1147 2325 1218 paries,
2343 1148 2439 1204 sed
2462 1157 2518 1204 ut
2536 1164 2731 1221 corpus
2751 1151 2928 1206 omnia
2950 1151 3069 1210 ha'c
3089 1153 3243 1211 facile
3267 1155 3422 1214 ferat.
3445 1160 3533 1216 Sic
3555 1167 3714 1221 cliam

2128 1240 2386 1301 faciamus
2411 1244 2465 1300 in
2495 1247 2693 1314 anima,
2712 1256 2770 1305 et
2795 1247 3031 1319 studium
3060 1265 3343 1320 ponamus,
3372 1272 3478 1313 non
3508 1271 3565 1315 ut
3588 1275 3716 1331 pau-

2128 1345 2388 1405 pertatem
2432 1337 2709 1408 fugiamus,
2742 1356 2914 1411 neque
2952 1351 3009 1398 ut
3047 1343 3216 1401 simus
3257 1347 3474 1420 divites,
3522 1354 3618 1409 sed
3657 1364 3717 1411 ut

2127 1429 2547 1501 unumquodque
2571 1446 2640 1487 ex
2669 1432 2736 1488 iis
2762 1433 2832 1487 ita
2862 1442 3153 1491 tractemus
3173 1479 3189 1504 ,
3224 1448 3282 1494 ut
3310 1439 3363 1494 in
3395 1450 3509 1497 tuto
3543 1447 3713 1502 cello-

2124 1532 2332 1575 cemur.
2375 1520 2660 1591 Propterea
2687 1523 2771 1578 bis
2797 1524 3057 1592 dimissis,
3083 1536 3138 1583 et
3163 1528 3365 1586 divitiis
3393 1541 3450 1588 et
3483 1549 3712 1606 pauper-

2126 1612 2223 1667 tati
2265 1622 2443 1681 aptam
2495 1613 2792 1670 efiiciamus
2840 1617 3094 1672 animam.
3148 1618 3280 1675 Nam
3326 1623 3535 1681 etiamsi
3581 1627 3712 1684 nihil

2124 1705 2340 1761 humani
2372 1706 2613 1773 accidat,
2645 1708 2786 1777 quod
2812 1708 3026 1779 quidem
3060 1720 3117 1766 ut
3149 1712 3432 1782 plurimum
3461 1716 3576 1774 fieri
3608 1736 3712 1776 non

2125 1804 2338 1866 potest,
2374 1799 2451 1854 sic
2494 1812 2705 1869 quoque
2743 1800 2846 1855 erit
2887 1801 3077 1857 melior
3105 1803 3194 1873 qui
3226 1821 3333 1860 non
3357 1810 3547 1874 qumrit
3575 1810 3714 1866 divi-

2125 1889 2258 1957 tias,
2279 1889 2375 1945 sed
2405 1889 2582 1944 omnia
2612 1888 2766 1946 facile
2794 1899 2970 1961 potest
2992 1891 3134 1950 ferre
3154 1935 3168 1960 ,
3198 1910 3356 1965 quam
3387 1897 3432 1953 is
3457 1900 3548 1969 qui
3568 1916 3714 1956 sem-

2122 1995 2219 2049 per
2246 1988 2329 2035 est
2357 1979 2531 2036 dives.
2573 1980 2793 2049 Quare?
2840 1982 3077 2039 Primum
3108 1986 3342 2056 quidem,
3370 1991 3457 2060 qui
3489 2000 3573 2047 est
3602 1993 3709 2049 bu-

2116 2072 2349 2142 jusmodi
2370 2115 2385 2136 ,
2407 2088 2471 2128 ex
2502 2087 2562 2128 se
2585 2082 2642 2129 et
2666 2075 2806 2146 apud
2835 2090 2895 2132 se
2921 2077 3081 2134 habet
3105 2080 3244 2149 quod
3272 2082 3343 2136 sit
3369 2082 3420 2137 in
3452 2093 3586 2151 tuto,
3616 2087 3708 2145 ille

2119 2172 2301 2219 autem
2337 2164 2693 2221 extrinsecus.
2737 2167 2805 2222 Et
2840 2167 2981 2223 sicut
3004 2170 3162 2226 miles
3187 2171 3277 2228 ille
3304 2175 3491 2230 melior
3515 2187 3601 2232 est
3620 2183 3713 2253 qui

2120 2256 2343 2311 confidit
2371 2257 2586 2328 corpori
2612 2267 2668 2314 et
2696 2258 2799 2314 arti
2825 2259 3048 2327 bellica,
3073 2278 3231 2333 quam
3257 2270 3346 2335 qui
3374 2267 3548 2323 solum
3570 2272 3712 2328 vires

2120 2346 2278 2403 habet
2307 2348 2359 2403 in
2382 2348 2585 2404 armis:
2615 2349 2687 2403 ita
2711 2351 2803 2420 qui
2845 2365 2877 2405 a
2917 2352 3112 2409 virtute
3152 2364 3334 2425 septus
3382 2365 3466 2412 est
3505 2368 3560 2416 et
3598 2376 3711 2417 mu—

2120 2440 2282 2506 nitus,
2315 2438 2508 2495 melior
2533 2449 2618 2496 est
2645 2454 2711 2497 eo
2749 2442 2838 2511 qui
2878 2443 3103 2500 conlidit
3126 2447 3384 2516 pecuniis.
3418 2448 3707 2521 Secundo,

2116 2532 2259 2603 quod
2299 2532 2507 2588 etiamsi
2548 2533 2602 2587 in
2643 2543 3015 2603 paupertatem
3040 2551 3143 2592 non
3173 2538 3438 2603 inciderit,
3465 2542 3580 2598 ﬁeri
3605 2560 3707 2601 non

2119 2630 2295 2692 potest
2320 2633 2379 2677 ut
2404 2624 2521 2693 ipse
2546 2638 2653 2678 non
2679 2625 2749 2679 sit
2771 2625 3034 2682 obnoxius
3057 2630 3443 2698 perturbationi
3473 2652 3486 2688 :
3514 2637 3708 2691 multos

2117 2718 2259 2771 enim
2306 2715 2498 2771 ﬂuctus
2538 2723 2594 2770 et
2631 2717 3061 2786 perturbationes
3107 2719 3304 2776 habent
3347 2722 3568 2780 divitiae.
3602 2727 3706 2782 Sed

2118 2820 2225 2861 non
2250 2806 2419 2861 virtus
2450 2825 2464 2861 :
2494 2805 2608 2862 lucc
2636 2808 2961 2879 voluptatem
2993 2810 3153 2866 modo
3181 2812 3344 2870 habet
3367 2825 3421 2870 ct
3448 2819 3707 2873 securita-

2117 2903 2225 2952 tem
2254 2913 2268 2950 :
2300 2896 2760 2967 inexpugnabilem
2784 2900 2924 2955 enim
2949 2900 3127 2957 reddit
3147 2902 3521 2962 insidiantibus
3541 2925 3555 2961 :
3579 2924 3706 2964 eon-

2118 2996 2195 3042 tra
2220 2996 2397 3043 autem
2419 2987 2638 3053 divitias,
2665 2999 2719 3045 et
2743 2988 2896 3045 facile
2913 2990 3086 3046 invadi
3108 3005 3331 3063 possunt
3348 3004 3403 3052 et
3418 2997 3610 3069 abripi.
3642 3000 3705 3055 Et

2114 3079 2252 3135 sicut
2276 3080 2415 3136 inter
2441 3081 2691 3136 animalia
2715 3083 2860 3138 cervi
2885 3092 2938 3139 et
2967 3084 3177 3154 lepores
3203 3087 3435 3145 maxime
3461 3092 3703 3148 omnium

2114 3171 2272 3228 facile
2298 3171 2416 3242 capi
2447 3181 2680 3241 possunt
2700 3184 2918 3244 propter
2939 3176 3277 3233 timiditatem
3301 3195 3332 3234 a
3359 3193 3546 3237 natura
3577 3185 3705 3241 insi-

2116 3272 2263 3331 tam;
2308 3278 2439 3333 aper
2465 3274 2644 3320 autem
2671 3274 2729 3320 et
2759 3274 2943 3323 taurus
2966 3277 3022 3323 et
3050 3269 3135 3324 leo
3165 3284 3269 3325 non
3300 3270 3456 3329 facile
3503 3274 3703 3331 incide-

2112 3355 2219 3410 rint
2247 3356 2301 3410 in
2329 3356 2673 3412 insidiatores
2697 3375 2712 3412 :
2736 3358 2805 3412 ita
2832 3358 2996 3414 etiam
3024 3359 3207 3418 videre
3234 3372 3318 3418 est
3347 3366 3396 3420 in
3425 3366 3699 3434 divitibus,

2113 3446 2241 3501 etin
2267 3445 2332 3500 iis
2354 3447 2442 3516 qui
2464 3461 2559 3502 sua
2581 3457 2772 3518 sponte
2793 3448 2991 3520 degunt
3016 3450 3069 3505 in
3094 3463 3426 3523 paupertate.
3454 3456 3591 3514 Nam
3618 3458 3701 3515 hic

2112 3535 2327 3606 quidem
2355 3536 2546 3593 similis
2572 3547 2656 3594 est
2682 3539 2824 3594 leoni
2855 3549 2911 3595 et
2937 3548 3110 3611 tauro,
3137 3542 3228 3599 ille
3251 3554 3432 3601 autem
3460 3563 3625 3605 cervo
3648 3538 3717 3607 et

2111 3628 2302 3699 lepori.
2331 3626 2501 3696 Quem
2528 3631 2670 3685 enim
2699 3647 2804 3686 non
2835 3632 2986 3689 timet
3012 3633 3203 3691 dives?
3230 3651 3408 3694 annon
3437 3639 3698 3711 latrones,

2110 3735 2286 3774 annon
2324 3719 2631 3791 principes,
2675 3735 2855 3778 annon
2883 3724 3129 3794 inv-idos,
3181 3743 3358 3784 annon
3402 3732 3696 3790 calumnia-

2112 3810 2294 3866 tores?
2351 3811 2418 3866 Et
2483 3811 2610 3883 quid
2665 3812 2786 3868 dico
2838 3814 3073 3872 latrones
3127 3826 3184 3874 et
3246 3820 3691 3893 calumniatores,

2109 3916 2232 3956 cum
2297 3901 2445 3971 ipsos
2495 3903 2656 3957 etiam
2713 3904 2938 3962 famulos
2989 3906 3183 3965 habeat
3241 3915 3559 3981 suspectos?
3624 3914 3695 3971 Et

2107 3992 2233 4063 quid
2259 3993 2379 4048 dico
2407 3993 2599 4049 vivus?
2625 4010 2691 4050 ne
2717 4009 2958 4053 mortuus
2995 3999 3211 4069 quidem
3254 4001 3389 4058 liber
3412 4012 3497 4060 est
3523 4020 3553 4060 a
3581 4021 3697 4063 ma-

2108 4083 2282 4141 leﬁcio
2307 4084 2594 4151 latronum,
2621 4101 2795 4157 neque
2821 4103 2970 4145 mors
2995 4106 3117 4147 eum
3144 4102 3319 4163 potest
3349 4095 3405 4149 in
3430 4103 3547 4153 tuto
3573 4097 3691 4153 coi-

2108 4174 2324 4241 locare;
2355 4175 2451 4232 sed
2479 4185 2534 4232 et
2563 4186 2833 4234 mortuum
2856 4181 3231 4250 depraedantur
3262 4186 3497 4242 maleﬁci
3522 4205 3536 4243 :
3558 4188 3704 4245 adeo

2107 4264 2371 4332 instabilis
2390 4276 2444 4323 et
2464 4267 2667 4324 lubrica
2699 4284 2784 4325 res
2815 4280 2938 4326 sunt
2963 4271 3315 4330 diviti:e.Non
3343 4277 3521 4333 solum
3547 4279 3698 4336 enim

2108 4356 2477 4428 perfodiuntur
2503 4361 2713 4428 domus,
2735 4362 2829 4418 sed
2858 4364 3019 4419 etiam
3046 4367 3290 4437 sepulcra
3324 4384 3692 4442 perrumpun-

2107 4455 2194 4504 tur
2233 4458 2289 4506 et
2329 4450 2508 4506 loculi.
2542 4451 2678 4519 Quid
2710 4469 2838 4525 ergo
2867 4453 2949 4510 his
2976 4454 3091 4512 fieri
3123 4460 3357 4528 potuerit
3400 4463 3687 4530 miserius,

2103 4556 2225 4596 cum
2252 4556 2327 4595 ne
2349 4556 2496 4598 mors
2520 4543 2734 4612 quidem
2776 4544 2827 4600 ei
2871 4544 3010 4601 hanc
3036 4549 3273 4618 praebeat
3298 4552 3646 4610 securitatem
3670 4572 3686 4620 ;

2104 4633 2201 4691 sed
2236 4633 2424 4690 infelix
2472 4634 2603 4689 illud
2628 4650 2828 4707 corpus
2850 4678 2866 4705 ,
2900 4654 2969 4695 ne
2997 4640 3103 4694 vita
3129 4641 3348 4711 quidem
3388 4646 3688 4714 privatum,

2102 4740 2135 4782 a
2179 4724 2334 4780 malis
2357 4740 2476 4794 quae
2518 4735 2645 4781 sunt
2683 4727 2734 4781 in
2763 4727 2868 4783 vita
2911 4729 2980 4784 sit
3017 4729 3339 4799 liberatum;
3379 4750 3504 4792 cum
3534 4737 3568 4792 ii
3599 4740 3699 4809 qui-

2105 4832 2169 4874 ea
2209 4816 2503 4873 admittunt
2541 4819 2836 4889 maleficia,
2880 4824 3040 4878 etiam
3092 4840 3215 4881 cum
3261 4827 3484 4897 pulvere
3524 4840 3581 4886 et
3617 4833 3693 4887 ci-

2105 4925 2235 4966 nere
2278 4911 2608 4971 contendant
2657 4913 2855 4970 beilum
2902 4931 3119 4986 gerere,
3153 4927 3209 4974 et
3255 4921 3427 4977 multo
3471 4925 3691 4995 gravius

2104 5016 2262 5072 quam
2284 5017 2406 5058 cum
2431 5004 2673 5060 viveret?
2697 5004 2829 5060 Nam
2859 5016 2983 5064 tunc
3006 5007 3220 5078 quidem
3263 5014 3577 5082 penuarium
3603 5016 3689 5070 iu-

2103 5095 2426 5166 gredientes,
2454 5099 2662 5155 arculas
2691 5100 2904 5168 quidem
2934 5102 3244 5170 movebant,
3275 5120 3305 5159 a
3336 5122 3567 5178 corpore
3594 5125 3692 5164 au-

2104 5196 2208 5241 tem
2262 5187 2637 5253 abstinebant,
2670 5204 2841 5259 neque
2887 5199 2994 5247 tam
3040 5193 3207 5249 multa
3253 5196 3589 5266 accipiebant
3633 5211 3690 5255 ut

2102 5275 2278 5345 ipsum
2306 5279 2466 5334 etiam
2494 5296 2688 5349 corpus
2718 5283 2981 5339 nudarent
3013 5304 3026 5340 :
3061 5302 3204 5343 nunc
3229 5299 3407 5344 autem
3435 5306 3501 5345 ne
3531 5294 3599 5347 ah
3627 5294 3691 5349 iis

2102 5368 2318 5437 quidem
2365 5371 2635 5426 abstinent
2679 5376 3021 5431 exsecranda:
3048 5394 3238 5433 manus
3266 5395 3453 5435 eorum
3485 5383 3583 5453 qui
3604 5399 3691 5439 se-

2103 5460 2282 5528 pulcra
2330 5461 2589 5518 effodiunt
2612 5505 2628 5530 ,
2659 5465 2754 5521 sed
2788 5467 2959 5537 ipsum
3006 5480 3224 5526 movent
3251 5480 3305 5526 et
3349 5484 3603 5540 versant,
3634 5485 3691 5531 et

2102 5569 2225 5609 eum
2251 5569 2455 5612 summa
2486 5559 2800 5616 crudelitate
2844 5562 3015 5631 ipsmn
3058 5565 3380 5620 contumelia
3408 5576 3464 5622 et
3489 5569 3689 5638 probro

2102 5644 2360 5700 afficiunt.
2388 5645 2519 5703 Nam
2552 5663 2831 5722 postquam
2865 5663 3020 5709 terra:
3044 5655 3350 5710 mandatum
3379 5655 3524 5726 fuit,
3556 5658 3688 5716 illud

2106 5737 2264 5794 etiam
2295 5738 2516 5797 vestium
2556 5743 2752 5800 amietu
2788 5745 3039 5803 nudatum
3066 5747 3142 5803 sic
3172 5748 3347 5804 sinunt
3378 5750 3680 5823 projectum
