4018 6156
788 252 832 267 1"!

1487 305 1554 366 IN
1584 304 1808 368 EPlS'I‘.
1843 305 1864 361 I
1892 305 1988 362 AD
2024 304 2185 365 COII.
2230 303 2470 364 nomn.
2507 306 2728 366 XXXV.
3572 321 3678 377 506

411 426 570 483 κατὰ
600 424 800 498 κράτος
835 422 1049 493 ἐλάσας,
1083 424 1184 480 οὐκ
1207 423 1558 496 ἐμπομπεύει
1582 429 1649 498 τῇ
1689 427 1837 500 νίκῃ,
1869 426 1991 482 οὐδὲ
2099 421 2214 477 ἀλλ’
2242 422 2393 486 ὅπως
2420 424 2472 476 οἱ
2502 425 2670 494 τοῖχοι
2696 426 2796 496 τῆς
2835 425 2968 491 νεὼς
2998 427 3133 497 πρὸς
3165 428 3382 485 ᾶπαντα
3413 424 3524 486 εῐεν
3559 435 3680 490 tm.

422 511 684 582 τρόπαιον
711 508 909 579 ϊστησιο
941 508 1112 563 σῶσαι
1132 509 1240 580 γάρ
1267 509 1520 564 ἐϐούλετο
1545 510 1728 581 μόνον,
1749 512 1850 566 οὐκ
1870 513 1990 564 ἐπι·
2097 504 2318 576 τήδειοιο
2351 505 2463 558 Καὶ
2496 506 2525 557 6
2571 505 2824 575 σώματος
2864 511 3164 580 φροντίζων
3204 512 3368 566 πάλιν
3413 515 3474 568 ού
3516 516 3678 571 τοῦτο

422 592 714 658 δείξασθαι.
748 592 941 656 Ξένους
981 593 1195 663 ἐδέχετο
1235 592 1398 647 πάλιν
1422 634 1438 656 ,
1469 594 1562 647 καὶ
1604 593 1726 648 οὐδὲ
1756 592 1990 648 ἐνταῦθα
2058 640 2073 658 ,,
2099 590 2310 654 σκοπεῖ,
2329 589 2476 652 ὅπως
2508 589 2583 660 μὴ
2609 591 2894 662 ἀνωμαλία
2919 594 3100 664 ἀέρων
3123 599 3355 663 γένοιτο,
3387 598 3500 650 ἀλλ’
3525 598 3667 665 ὅπως

423 312 532 370 εοε

421 675 736 740 ἐκενοδόξει,
755 675 868 729 ἀλλ’
890 675 1050 739 αὐτὸς
1067 677 1163 730 καὶ
1178 677 1513 748 προσέτρεχε
1530 678 1625 732 καὶ
1641 675 1986 747 προσεκύνει,

418 759 517 830 ούχ
544 759 620 822 ὡς
639 751 699 811 εὖ
747 758 936 823 ποιῶν,
970 758 1086 812 ἀλλ’
1121 758 1198 822 ὡς
1225 754 1286 814 εὗ
1320 761 1548 829 πάσχων
1568 798 1584 823 ,
1615 759 1710 814 καὶ
1763 759 1987 830 κυρίους

418 841 589 905 καλεῖ,
622 839 742 893 οὐδὲ
771 839 929 904 είδὼς
953 841 1099 905 τίνες
1125 843 1257 895 ποτέ
1285 844 1426 896 εἰσιν
1451 845 1500 896 οί
1525 843 1982 912 παραγενόμενοι,

387 923 508 977 -καῖ
554 922 854 995 παρίστησι
885 924 984 994 τὴν
1031 926 1268 992 γυναῖκα
1299 927 1358 978 ἐν
1393 925 1547 990 τάξει
1587 925 1982 996 θεραπαινίδος.

409 1007 520 1061 Kal
571 1007 629 1061 ἐν
675 1006 940 1078 Αἰγύπτῳ
991 1008 1048 1062 δέ
1099 1009 1207 1079 πρὸ
1253 1008 1445 1063 τούτου
1494 1009 1802 1080 Θαυμαστὸς
1843 1009 1986 1062 οὕτω

408 1088 633 1158 φανεὶς,
672 1090 770 1143 καὶ
799 1091 971 1160 αὐτὴν
1019 1089 1228 1160 ταύτην
1258 1091 1357 1162 τὴν
1395 1093 1626 1160 γυναῖκα
1666 1092 1980 1158 ἀπολαϐὼν,

407 1172 501 1226 καὶ
541 1173 816 1244 τοσαύτης
851 1173 1164 1238 ἀπολαύσας
1216 1178 1414 1245 τιμῆς,
1453 1174 1590 1246 πρὸς
1621 1174 1815 1228 οὐδένα
1862 1177 1982 1228 ἐπι-

403 1255 699 1310 δείκνυται·
753 1255 868 1310 ἀλλ’
908 1257 960 1309 οἱ
993 1256 1094 1325 μὲν
1130 1257 1382 1326 ἐγχώριοι
1417 1257 1513 1311 καὶ
1551 1255 1776 1327 βασιλέα
1816 1257 1982 1313 αὐτὸν

404 1337 670 1402 ἐκάλουν,
704 1338 864 1401 αὐτὸς
907 1339 964 1392 δέ
993 1340 1088 1393 καὶ
1129 1340 1295 1410 τιμὴν
1329 1339 1600 1393 κατέϐαλε
1640 1339 1734 1393 τοῦ
1779 1341 1977 1410 τάφου.

403 1420 518 1474 Kal
549 1420 714 1490 ήνίκα
740 1422 796 1474 δέ
829 1421 1044 1492 ἔπεμπε
1077 1422 1552 1495 μνηστευσόμενος
1578 1422 1658 1494 τῷ
1689 1424 1864 1489 παιδὶ,
1889 1425 1980 1478 ού·

401 1501 492 1554 δέν
518 1503 772 1557 ἐκέλευσε
806 1505 952 1576 μέγα
984 1505 1118 1574 περὶ
1141 1503 1311 1559 αὑτοῦ
1351 1507 1444 1560 καὶ
1479 1505 1737 1578 λαμπρὸν
1780 1507 1974 1573 εἰπεῖν,

401 1585 523 1640 ἀλλ’
549 1587 736 1652 ἁπλῶς
763 1588 994 1658 ἀγαγεῖν
1013 1588 1113 1661 την
1133 1589 1374 1661 νύμφην.
1401 1589 1592 1644 Βούλει
1623 1590 1863 1656 καὶτοὺς
1883 1591 1978 1644 ἐπὶ

398 1670 502 1739 τῆς
533 1669 756 1740 χάριτος
785 1671 1058 1735 ἐξετάσαι,
1093 1673 1184 1726 ὅτε
1213 1672 1385 1745 πολλὴ
1417 1672 1754 1744 πανταχόθεν
1779 1673 1977 1737 αὐτοὺς

403 1749 555 1824 [329]
591 1754 872 1824 περιέρρει
918 1755 1017 1824 τῆς
1052 1753 1402 1819 διδασκαλίας
1443 1757 1480 1827 ή
1521 1755 1670 1825 δόξα,
1709 1756 1804 1811 καὶ
1847 1758 1974 1811 ἰδεῖν

401 1835 496 1888 καὶ
523 1836 642 1890 τότε
672 1836 828 1891 τοῦτο
845 1838 918 1892 τὸ
949 1837 1121 1903 πάθος
1150 1838 1590 1910 ἐκϐεϐλημένονς

477 1989 762 2063 Ἐννόησόν
812 2010 904 2065 μοι
947 1991 1134 2048 τοῦτον
1180 1993 1342 2049 αὑτὸν
1378 1993 1469 2052 τὸν
1517 1994 1690 2051 ταῦτα
1725 1998 1968 2068 λέγοντα,

391 2073 508 2138 πῶς
547 2075 636 2129 ἀεὶ
672 2076 735 2130 :6
776 2077 886 2131 πᾶν
933 2076 1222 2150 ἀνατίθησι
1263 2077 1340 2149 τῷ
1379 2077 1520 2150 Θεῷ,
1567 2081 1687 2144 πῶς
1722 2081 1834 2136 τῶν
1869 2083 1971 2154 μέν

389 2157 802 2230 ἁμαρτημάτων
831 2160 996 2214 αύτοῦ
1029 2161 1304 2232 μέμνηται
1329 2162 1590 2233 συνεχῶς,
1619 2164 1730 2218 τῶν
1758 2166 1814 2218 δὲ
1839 2183 1972 2220 κατ-

386 2241 724 2314 ορθωμάτων
760 2243 960 2298 οὐκέτι.
1003 2244 1149 2315 Πλὴν
1187 2243 1243 2298 εί
1281 2263 1409 2299 ποτε
1441 2247 1690 2318 μαθητάς
1735 2249 1970 2321 ἐπανορ-

385 2324 558 2381 θῶσαι
591 2326 722 2393 δέοι,
755 2327 856 2381 κάν
893 2327 1213 2399 ἀναγκασθῇ
1259 2329 1482 2400 ποιῆσαι
1511 2331 1690 2395 τοῦτο,
1726 2334 1968 2403 ἀφροσύ-

381 2425 482 2480 νην
501 2409 562 2462 τὸ
584 2410 818 2480 πρᾶγμα
852 2409 1026 2478 καλεῖ,
1059 2410 1154 2465 καὶ
1195 2412 1302 2464 τῶν
1339 2414 1626 2483 πρωτείων
1665 2414 1743 2486 τῷ
1775 2418 1968 2490 Πέτρῳ

380 2495 727 2563 παραχωρεῖ,
767 2493 862 2546 καὶ
898 2493 999 2546 ούκ
1043 2494 1360 2564 αἰσχύνεται
1408 2495 1776 2566 ἐργαζόμενος
1815 2502 1966 2572 παρὰ

378 2574 683 2649 Πρισκίλλῃ
709 2577 804 2630 καὶ
840 2575 1064 2647 ’Δκύλᾳ,
1094 2579 1190 2630 καὶ
1232 2579 1509 2649 πανταχοῦ
1541 2581 1796 2635 ταπεινὸν
1840 2585 1968 2638 ἐαυ-

375 2659 472 2712 τὸν
491 2659 794 2713 ἐσπούδακε
821 2658 1136 2724 δεικνύναι,
1176 2661 1237 2714 ού
1273 2662 1446 2716 σοϐῶν
1474 2663 1565 2717 ἐπὶ
1602 2664 1702 2735 τῆς
1734 2667 1959 2738 ἀγορᾶς,

372 2741 502 2797 οὐδὲ
522 2741 715 2814 ὄχλους
743 2743 1078 2814 περιφέρων,
1107 2742 1224 2797 ἀλλ⁹
1269 2743 1329 2798 ἐν
1365 2747 1478 2809 τοῖς
1526 2747 1762 2820 ἀσήμοις
1793 2769 1962 2807 κατα-

371 2826 588 2882 τάττων
612 2827 825 2882 ἑαυτόν.
856 2826 948 2880 Διὸ
971 2828 1064 2881 καὶ
1094 2826 1299 2896 ἔλεγεν,
1337 2827 1398 2885 Ἠ
1427 2828 1496 2882 δὲ
1523 2834 1829 2898 παρουσία
1854 2835 1962 2891 τοῦ

371 2908 655 2980 σώματος
689 2909 979 2976 ἀσθενὴς,
1014 2909 1315 2976 τουτέστιν,
1352 2911 1833 2988 εὐκαταφρόνητος
1867 2921 1962 2973 καὶ

366 2992 531 3048 οὐδὲν
551 2992 748 3064 ἔχουσα
780 2992 987 3063 κομψόν
1010 3009 1024 3024 ·
1056 2994 1149 3046 καὶ
1180 2993 1364 3061 πάλιν,
1392 2995 1661 3065 Εῦχομαι
1689 2997 1847 3067 ὑμᾶς
1869 3001 1958 3073 μὴ

368 3074 631 3145 ποιῆσαι
663 3077 854 3130 κακὸν
877 3075 1096 3145 μηδὲν,
1134 3075 1338 3145 ἵναμὴ
1371 3078 1540 3146 ἡμεῖς
1571 3079 1804 3151 δόκιμοι
1842 3103 1958 3154 φα-

366 3157 592 3230 ορῶμεν.
623 3162 733 3214 Kal
758 3160 811 3214 τί
843 3160 1173 3230 θαυμαστὸν,
1205 3162 1257 3215 εί
1277 3160 1437 3232 δόξης
1468 3170 1800 3237 καταφρονεῖ
1827 3169 1959 3223 ταύ-

367 3262 515 3316 τηςς
569 3245 629 3300 '0
658 3245 768 3315 γάρ
792 3245 894 3315 τῆς
931 3246 1044 3300 ἀνω
1078 3244 1238 3316 δόξης
1276 3249 1633 3319 καταφρονῶν
1675 3253 1768 3305 καὶ
1805 3251 1961 3322 βασις

372 3327 525 3410 λείας
545 3329 641 3382 καὶ⁸
666 3329 890 3397 γεέννης
919 3327 1008 3410 διὰ
1038 3327 1097 3381 :6
1125 3328 1203 3400 τῷ
1228 3329 1450 3401 Χριστῷ
1479 3331 1670 3386 δοκοῦν
1701 3334 1818 3404 (καὶ
1846 3336 1956 3410 γὰρ

377 3409 630 3482 ἀνάθεμα
649 3410 863 3482 εὔχεται
891 3407 1033 3466 εῖναι
1053 3411 1161 3466 ἀπὸ
1184 3411 1279 3465 τοῦ
1311 3413 1548 3486 Χριστοῦ
1571 3416 1710 3488 ὑπὲρ
1736 3418 1836 3489 τῆς
1859 3407 1955 3475 τοῦ

377 3492 621 3565 Χριστοῦ
646 3493 802 3566 δόξης
827 3511 842 3526 ⁸
873 3494 974 3550 κᾶν
1007 3494 1117 3566 γὰρ
1145 3495 1287 3567 ὑπὲρ
1327 3497 1600 3552 Ἰουδαίων
1632 3498 1793 3555 τοῦτο
1823 3502 1954 3576 λέγῃ

376 3575 670 3647 βούλεσθαι
705 3577 947 3648 πάσχειν,
975 3575 1064 3631 διά
1090 3577 1249 3631 τοῦτο
1282 3577 1452 3646 λέγει,
1494 3580 1581 3634 ἵνα
1611 3581 1686 3654 μὴ
1713 3583 1840 3658 δόξῃ
1869 3575 1956 3650 τις

371 3659 488 3715 τῶν
516 3660 777 3732 ,ἀνοήτων
818 3658 1282 3731 ἐπιλαμϐάνεσθαι
1317 3661 1426 3716 τῶν
1462 3663 1804 3732 ἐπαγγελιῶν
1847 3667 1954 3723 τῶν

368 3743 514 3817 πρὸς
546 3743 744 3808 αὐτοὺς
770 3743 1173 3815 γεγενημένων)
1199 3760 1214 3775 ·
1256 3745 1305 3797 εί
1339 3744 1521 3800 τοίνυν
1559 3748 1742 3802 ἐκεῖνα
1772 3767 1954 3822 παρα-

364 3827 600 3900 δραμεῖν
646 3825 884 3896 ἐτοιμος,
933 3828 986 3879 τί
1035 3824 1360 3896 θαυμάζεις,
1415 3829 1464 3881 εί
1513 3830 1582 3883 τά
1647 3831 1953 3904 ἀνθρώπων

365 3912 615 3983 ὑπερορᾷ
640 3929 658 3980 ;
694 3911 858 3964 Ἀλλά
876 3912 1002 3975 τοὺς
1031 3909 1127 3963 νῦν
1155 3911 1369 3965 ᾶπαντα
1402 3911 1673 3982 βαπτίζει,
1701 3917 1762 3969 ού
1793 3917 1953 3990 δόξης

363 3995 637 4065 ἐπιθυμία
662 3995 844 4066 μόνον,
873 3994 1009 4049 ἀλλά
1036 3995 1132 4049 καὶ
1166 3995 1476 4050 τούναντίον
1505 3996 1666 4069 ὕϐρις
1715 4003 1811 4056 καὶ
1843 4004 1952 4058 ἀτι.

367 4080 500 4150 μίας
527 4079 666 4142 δέος.
696 4080 796 4133 Ἀν
815 4096 873 4132 τε
900 4077 1009 4149 γάρ
1041 4077 1301 4151 ἐπαινέσῃ
1323 4096 1426 4142 τις,
1457 4080 1756 4154 ἐφυσήθης,
1786 4086 1852 4139 ἄν
1889 4103 1948 4141 τε

361 4161 528 4234 ψέξῃ,
555 4162 896 4235 κατηνέχθης
931 4162 1018 4216 ἀν.
1068 4163 1176 4214 Kal
1211 4162 1465 4232 καθάπερ
1502 4163 1570 4216 τὰ
1611 4164 1815 4238 ἀσθενῆ
1841 4168 1949 4222 σώ-

365 4264 520 4316 ματα
545 4248 641 4301 καὶ
681 4248 790 4300 ἀπὸ
825 4247 934 4300 τῶν
961 4246 1234 4316 τυχόντων
1259 4245 1647 4316 ἐπηρεάζεται,
1680 4249 1822 4304 οὕτω
1854 4255 1948 4308 καὶ

361 4331 420 4384 αι
449 4328 782 4402 χαμαίζηλοι
805 4329 997 4400 ψυχαί.
1042 4330 1180 4390 Τοὺς
1225 4329 1333 4400 γὰρ
1377 4329 1648 4396 τοιούτους
1688 4333 1748 4386 ού
1789 4336 1950 4391 πενία

367 4415 553 4482 μόνον,
584 4412 720 4467 ἀλλά
741 4413 834 4467 καὶ
870 4411 1100 4475 πλοῦτος
1131 4411 1447 4476 ἀπόλλυσιν,
1479 4414 1540 4466 ού
1570 4414 1714 4487 λύπη
1762 4417 1944 4487 μόνον,

361 4497 504 4552 ἀλλά
534 4497 630 4550 καὶ
654 4498 818 4570 χαρά,
853 4497 945 4550 καί⁸
990 4495 1059 4549 τά
1097 4496 1310 4568 χρηστά
1343 4496 1543 4567 μᾶλλον
1599 4497 1631 4569 ἢ
1667 4499 1734 4554 τά
1773 4501 1946 4574 λυπη-

361 4581 453 4644 ρά.
507 4581 571 4633 Ἦ
611 4581 709 4651 μέν
745 4580 855 4651 γὰρ
895 4578 1053 4634 πενία
1095 4580 1190 4633 καὶ
1225 4583 1524 4649 σωφρονεῖν
1560 4581 1882 4652 ἀναγκάζει,
1918 4587 1946 4640 6

353 4662 416 4717 δὲ
446 4664 679 4728 πλοῦτος
709 4664 803 4718 καὶ
840 4665 920 4726 είς
966 4663 1136 4716 κακόν
1165 4681 1217 4715 τι
1259 4665 1402 4734 μέγα
1431 4664 1613 4735 ἐξάγει
1659 4669 1942 4736 πολλάκις.

360 4747 467 4800 Καὶ
499 4747 689 4818 ὥσπερ
729 4749 778 4801 οἱ
813 4747 1171 4816 πυρέττοντες
1205 4748 1340 4817 πρὸς
1369 4748 1549 4804 πάντα
1579 4751 1686 4805 εἰσὶ
1709 4753 1942 4825 δυσάρε-

360 4845 500 4896 στοι,
526 4829 670 4883 06:0)
695 4831 788 4885 καὶ
824 4831 877 4882 οῖ
915 4829 1301 4902 διεφθαρμένοι
1339 4832 1438 4900 τὴν
1467 4833 1644 4906 ψυχὴν
1677 4836 1944 4892 πάντοθεν

358 4911 712 4985 πλήττονται.
1817 4955 1846 5007 ει

431 5078 510 5138 ς’.
553 5072 717 5126 Ταῦτ’
755 5069 848 5127 οὖν
887 5074 1117 5138 εἰδότες,
1159 5073 1233 5145 μὴ
1280 5075 1471 5129 πενίαν
1511 5076 1831 5148 φεύγωμεν,
1866 5081 1942 5152 μὴ

357 5155 590 5209 πλοῦτον
609 5155 1000 5227 θαυμάζωμεν,
1018 5157 1152 5210 ἀλλὰ
1168 5158 1265 5229 τήν
1282 5159 1460 5229 ψυχὴν
1478 5160 1613 5230 πρὸς
1623 5163 1800 5215 πάντα
1820 5164 1939 5216 ἱκα-

356 5239 456 5309 νὴν
494 5240 1021 5309 κατασκευάζωμεν.
1051 5243 1160 5294 Kal
1181 5244 1290 5310 γὰρ
1322 5244 1498 5295 οἰκίαν
1519 5261 1601 5306 τις
1629 5245 1939 5316 οἰκοδομού-

363 5338 548 5390 μενος,
574 5323 636 5375 οὐ
667 5323 824 5376 τοῦτο
867 5327 1082 5387 σκοπεῖ,
1109 5326 1257 5388 ὅπως
1293 5329 1429 5396 μήτε
1457 5327 1610 5390 ὑετὸς
1648 5328 1733 5378 ἐπ’
1767 5330 1937 5399 αὐτὴν

358 5406 736 5478 κατενεχθείη,
764 5409 902 5478 μήτε
923 5410 1080 5472 ἀκτὶς
1105 5409 1248 5463 έλθοι
1266 5425 1279 5438 °
1306 5411 1460 5463 τοῦτο
1484 5411 1592 5482 γὰρ
1621 5413 1899 5482 ἀμήχανον
1919 5431 1932 5444 ·

358 5488 474 5542 ἀλλ’
509 5491 659 5552 ὅπως
695 5492 833 5562 αὐτὴ
882 5493 1043 5562 ἱκανὴ
1073 5493 1282 5561 γένοιτο
1324 5496 1496 5548 πάντα
1529 5495 1732 5566 φέρειν.
1770 5498 1878 5549 Καὶ
1909 5500 1936 5550 6

361 5571 549 5626 πλοῖον
574 5573 632 5626 δὲ
657 5576 1092 5644 τεκταινόμενος,
1127 5577 1227 5646 οὐχ
1260 5577 1405 5638 ὅπως
1437 5579 1510 5646 μὴ
1544 5579 1762 5649 κύματα
1786 5579 1936 5649 αὐτῷ

365 5657 714 5727 προσρήξειε,
746 5659 882 5729 μηδὲ
915 5657 1121 5728 χειμὼν
1153 5659 1346 5728 ἀρθείη
1376 5658 1670 5729 θαλάσσης,
1709 5666 1853 5714 ποιεῖ
1880 5681 1933 5715 τι

366 5739 458 5791 καί
532 5743 885 5813 μηχανᾶται’·
918 5744 1012 5797 καὶ
1070 5742 1178 5814 γὰρ
1244 5744 1337 5797 καὶ
1385 5743 1542 5798 τοῦτο
1611 5747 1927 5817 ἀμήχανονο

2093 669 2155 722 :6
2183 670 2342 740 σῶμα
2380 671 2618 735 εὐκόλως
2651 673 2866 729 ἄπαντα
2895 676 3068 731 ταῦτα
3101 678 3277 750 φέροι.
3308 678 3465 735 Οὕτω
3493 682 3667 736 τοίνυν

2095 752 2191 806 κα)⁸
2212 753 2306 806 ἐπὶ
2338 754 2438 820 τῆς
2475 753 2658 825 ψυχῆς
2693 757 2958 828 ποιῶμεν,
2989 760 3084 814 καὶ
3119 760 3196 832 μὴ
3235 763 3382 826 ὅπως
3411 763 3668 835 φύγωμεν

2092 835 2304 918 πενίαν,
2335 836 2468 906 μηδὲ
2498 837 2646 901 ὅπως
2673 840 2962 910 γενώμεθα
2984 843 3226 898 πλούσιοι
3254 846 3668 918 σπουδάξωμεν,

2089 917 2206 970 ἀλλ’
2226 919 2375 983 ὅπως
2393 921 2529 991 πρὸς
2543 922 2642 991 τὴν
2661 923 2872 976 ἐαυτῶν
2887 925 3189 994 ἀσφάλειαν
3207 927 3438 983 ἐκαστον
3463 917 3668 986 τούτων

2091 1001 2584 1073 μεταχειρίσωμεν.
2611 1002 2760 1077 [330]
2771 1006 3041 1061 Διὺταῦτα
3059 1009 3307 1078 ἀφέντες,
3333 1013 3669 1068 κατασκευά-

2088 1081 2402 1166 ζωμενγτὴν
2430 1085 2607 1156 ψυχὴν
2637 1087 2731 1140 καὶ
2763 1087 2980 1160 πλούτῳ
3009 1091 3105 1144 καὶ
3148 1093 3310 1164 πενία
3335 1094 3665 1166 ἐπιτηδείαν.

2088 1165 2209 1218 Κάν
2235 1165 2345 1236 γάρ
2389 1167 2558 1239 μηδὲν
2595 1168 2937 1240 ἀνθρώπινον
2981 1172 3276 1244 συμϐαίνῃ,
3320 1175 3458 1246 ὅπερ
3484 1165 3561 1240 ώς
3601 1177 3669 1232 τά

2087 1249 2259 1303 πολλά
2289 1250 2571 1317 ἀδύνατον,
2603 1252 2699 1306 καὶ
2724 1252 2872 1307 οὓτω
2900 1253 3126 1324 βελτίων
3148 1257 3177 1309 6
3205 1256 3281 1328 μὴ
3312 1257 3539 1312 πλοῦτον
3573 1258 3669 1328 ζη·

2085 1330 2215 1398 τῶν,
2241 1332 2358 1387 ἀλλ’
2381 1333 2538 1398 εἰδὼς
2566 1335 2744 1390 πάντα
2767 1337 2953 1405 φέρειν
2977 1338 3234 1404 εὐκόλως,
3257 1340 3354 1392 τοῦ
3375 1341 3667 1406 διαπαντὸς

2087 1413 2468 1480 πλουτοῦντος.
2503 1415 2568 1470 Τί
2601 1417 2837 1488 δήποτε;
2873 1421 3097 1490 Πρῶτον
3131 1421 3232 1490 μὲν
3263 1424 3291 1475 6
3314 1423 3552 1488 :0:06:0;
3584 1425 3666 1478 οί-

2084 1497 2242 1552 κοθεν
2268 1498 2383 1568 ἔχει
2408 1499 2470 1553 :6
2501 1501 2762 1570 ἀσφαλὲς,
2790 1504 2994 1566 ἐκεῖνος
3017 1503 3073 1558 δὲ
3093 1505 3311 1570 ἔξωθεν.
3335 1507 3445 1560 Kal
3473 1506 3666 1578 ὥσπερ

2085 1580 2425 1652 στρατιώτης
2467 1581 2692 1652 βελτίων
2737 1587 2767 1639 ό
2814 1585 2893 1656 τῷ
2941 1585 3155 1656 σώματι
3195 1587 3415 1659 θαρρῶν
3457 1589 3552 1642 καὶ
3592 1594 3661 1661 τῇ

2028 1672 2031 1675 ‘
2080 1661 2245 1735 τέχνῃ
2274 1662 2369 1716 τοῦ
2406 1664 2663 1736 πολεμεῖν
2689 1705 2706 1732 ,
2757 1666 2852 1720 τοῦ
2893 1667 2992 1738 τὴν
3037 1670 3191 1739 ἰσχὺν
3228 1671 3286 1723 ἐν
3329 1672 3439 1734 τοῖς
3473 1671 3661 1735 ὅπλοις

2080 1744 2298 1816 ἔχοντος
2324 1747 2485 1815 μόνον
2508 1765 2520 1778 ο
2552 1748 2696 1804 οὕτω
2726 1749 2818 1803 τοῦ
2854 1753 3101 1821 χρήμασι
3133 1752 3463 1824 θαρροῦντος
3493 1756 3521 1808 6
3551 1755 3661 1809 ἀπὺ

2078 1829 2180 1900 τῆς
2216 1831 2420 1902 ἀρετῆς
2460 1834 2850 1904 πεφραγμένος
2905 1835 3164 1904 ἀμείνων.
3213 1836 3506 1908 Δεύτερον,
3553 1839 3656 1902 ὅτι,

2079 1913 2184 1968 κάν
2209 1915 2289 1978 είς
2327 1917 2518 1972 πενίαν
2547 1917 2624 1988 μὴ
2655 1918 2963 1990 καταπέσῃ,
2997 1919 3056 1972 ού
3083 1919 3305 1974 δυνατὸν
3333 1921 3497 1974 αὐτὸν
3525 1923 3660 1977 ἀτάρ

2078 2013 2244 2068 ραχον
2273 1998 2413 2052 εἶναι
2431 2015 2446 2030 ο
2478 2000 2572 2053 καὶ
2591 1999 2702 2070 γάρ
2726 2001 2957 2064 πολλοὺς
2981 2001 3094 2072 ἔχει
3122 2002 3397 2067 κλύδωνας
3431 2006 3459 2057 6
3492 2004 3656 2058 πλοῦ-

2075 2093 2168 2143 τος
2205 2079 2304 2134 καὶ
2347 2083 2616 2153 ταραχάς.
2665 2082 2805 2136 Ἀλλ’
2851 2083 2950 2153 οὐχ
2990 2086 3024 2154 ή
3070 2085 3261 2156 ἀρετὴ,
3312 2085 3426 2139 ἀλλ’
3465 2085 3660 2157 ἡδονὴν

2079 2162 2242 2230 μόνον
2270 2164 2364 2216 καὶ
2384 2165 2686 2234 ἀσφάλειαν
2709 2179 2724 2194 °
2749 2167 2847 2220 καὶ
2888 2167 2998 2239 γὰρ
3033 2168 3329 2239 άχείρωτον
3355 2171 3500 2223 ποιεῖ
3543 2172 3658 2234 τοῖς

2075 2243 2548 2300 ἐπιϐουλεύουσιν’
2584 2249 2614 2302 6
2651 2247 2708 2301 δέ
2747 2247 2978 2314 πλοῦτος
3008 2251 3318 2305 τούναντίον
3349 2251 3516 2317 ἅπαν,
3561 2253 3656 2304 εὐο

2074 2329 2418 2400 επιχείρητον
2467 2330 2564 2384 καὶ
2614 2331 2912 2402 ἁλώσιμον.
2969 2334 3081 2388 Καὶ
3131 2335 3384 2406 καθάπερ
3436 2337 3495 2388 ἐν
3541 2339 3656 2400 τοῖς

2074 2407 2233 2475 ζώοις
2260 2411 2447 2482 ἔλαφοι
2482 2413 2574 2466 καὶ
2597 2412 2800 2482 λαγωοὶ
2819 2415 3056 2485 μάλιστα
3077 2416 3295 2471 πάντων
3318 2419 3454 2471 εἰσὶν
3477 2417 3655 2489 εὐχεί-

2077 2509 2234 2564 ρωτοι
2262 2494 2348 2548 διὰ
2372 2494 2471 2566 τὴν
2506 2497 2563 2549 ἐν
2588 2498 2653 2566 τῇ
2683 2499 2842 2566 φύσει
2874 2498 3101 2566 δειλίαν,
3134 2492 3196 2563 ῦς
3230 2501 3288 2554 δὲ
3326 2500 3517 2572 ἄγριος
3557 2502 3654 2556 καὶ

2070 2574 2272 2646 ταῦρος
2312 2577 2403 2630 καὶ
2427 2577 2564 2630 λέων
2593 2578 2702 2632 οὐδ’
2733 2578 2801 2632 ἂν
2836 2580 3131 2650 ἐμπέσοιεν
3167 2583 3366 2654 ῥᾳδίως
3396 2586 3512 2648 τοῖς
3532 2585 3653 2636 ἐπι-

2071 2656 2419 2712 ϐουλεύουσιν
2450 2677 2465 2691 ο
2496 2660 2640 2714 οὕτω
2669 2661 2735 2732 δή
2762 2663 2856 2715 καὶ
2883 2663 2976 2716 ἐπὶ
3008 2664 3117 2717 τῶν
3144 2665 3538 2734 πλουτούντων,
3558 2666 3654 2720 καὶ

2069 2740 2128 2794 ἐν
2158 2740 2318 2812 πενίᾳ
2353 2740 2569 2806 ζώντων
2597 2744 2828 2797 ἑκόντων
2856 2744 3003 2799 ἔστιν
3041 2747 3187 2802 ἰδεῖν.
3237 2748 3296 2800 '0
3326 2749 3424 2818 μέν
3445 2750 3553 2818 γὰρ
3575 2749 3652 2818 τῷ

2068 2828 2245 2883 λέοντι
2275 2831 2368 2884 καὶ
2389 2829 2467 2902 τῷ
2492 2830 2680 2903 ταύρῳ
2717 2831 2914 2897 ἔοικεν,
2958 2835 2987 2886 6
3009 2834 3066 2887 δέ
3101 2837 3166 2906 τῇ
3219 2833 3400 2903 ἐλάφῳ
3438 2835 3533 2887 καὶ
3573 2833 3654 2904 τῷ

2068 2911 2285 2984 λαγωῷ.
2317 2915 2452 2968 Τίνα
2483 2915 2592 2986 γάρ
2625 2916 2686 2970 ού
2717 2915 2954 2970 δέδοικεν
2995 2919 3024 2971 6
3062 2916 3348 2983 πλουτῶνς
3395 2917 3520 2987 οὐχὶ
3555 2918 3653 2990 λῃ-

2070 2997 2237 3064 στάς;
2268 2998 2390 3068 οὐχὶ
2409 2999 2711 3065 δυνάστας;
2739 3001 2799 3053 ού
2826 3000 3127 3071 βασκάνους
3152 3018 3166 3068 ;
3189 3001 3250 3055 ού
3275 3002 3650 3070 συκοφάνταςς

2066 3080 2178 3134 Kal
2208 3081 2260 3135 τί
2290 3081 2434 3148 λέγω
2483 3082 2686 3154 λῃστάς
2718 3085 2812 3137 καὶ
2859 3085 3221 3154 συκοφάντας,
3265 3086 3400 3138 ὅπου
3447 3101 3511 3150 γε
3555 3084 3651 3138 καὶ

2063 3166 2191 3230 τοὺς
2210 3167 2425 3228 οἰκέτας
2457 3169 2654 3230 αὐτοὺς
2687 3168 3025 3234 ὑποπτεύεις
3076 3169 3186 3223 Kal
3231 3170 3283 3222 τί
3322 3168 3465 3236 λέγω
3497 3167 3646 3234 ζῶνς

2063 3249 2184 3303 οὐδὲ
2216 3250 2548 3321 τελευτήσας
2597 3251 2697 3321 τῆς
2737 3253 2846 3306 τῶν
2901 3253 3271 3326 λῃστευόντων
3310 3253 3649 3324 κακουργίας

2062 3333 2434 3405 ἀπήλλακται,
2468 3335 2590 3388 οὐδὲ
2625 3335 2798 3405 ίσχύει
2824 3339 2854 3391 6
2884 3337 3114 3402 θάνατος
3144 3340 3202 3390 ἐν
3232 3338 3503 3408 ἀσφαλείᾳ
3549 3337 3648 3392 αὑ-

2061 3415 2154 3470 τὸν
2204 3417 2566 3488 καταστῆσαι,
2607 3417 2746 3472 ἀλλά
2783 3421 2878 3474 καὶ
2912 3420 3103 3490 νεκρὸν
3158 3419 3289 3474 ὅντα
3334 3419 3565 3473 συλῶσιν
3595 3418 3649 3472 οί

2064 3500 2499 3572 κακουργοῦντες
2523 3517 2536 3532 °
2570 3500 2714 3557 06:0)
2743 3504 2978 3576 πρᾶγμα
2998 3502 3299 3570 ἐπισφαλὲς
3326 3505 3354 3555 6
3394 3501 3642 3567 πλοῦτος.

2062 3581 2138 3636 Ού
2163 3583 2273 3656 γάρ
2295 3584 2360 3655 δὴ
2389 3585 2556 3640 οίκίαι
2589 3585 2957 3657 διορύττονται
2988 3585 3170 3655 μόνον,
3206 3584 3341 3638 ἀλλά
3368 3585 3461 3639 καὶ
3485 3584 3647 3654 τάφοι

2061 3665 2499 3738 ἀναρρήγνυνται
2527 3667 2620 3721 καὶ
2648 3668 2830 3738 θῆκαι.
2864 3667 2929 3720 Τί
2966 3662 3059 3721 οῦν
3087 3666 3416 3738 ἀθλιώτερον
3453 3666 3648 3720 τούτου

2060 3748 2257 3817 γένοιτ’
2310 3752 2398 3814 ἀν,
2453 3750 2582 3804 ὅταν
2631 3750 2767 3821 μηδὲ
2810 3750 3034 3814 θάνατος
3087 3750 3235 3821 αὐτῷ
3276 3749 3490 3822 παρέχῃ
3545 3751 3649 3821 τὴν

2059 3832 2244 3886 ἄδειαν
2278 3833 2503 3903 ταύτην,
2543 3833 2681 3887 ἀλλά
2718 3833 2777 3887 :6
2815 3833 3050 3887 δείλαιον
3092 3835 3270 3887 ἐκεῖνο
3314 3833 3475 3903 σῶμα
3521 3833 3644 3888 ούδέ

2059 3914 2204 3984 ζωῆς
2233 3915 2606 3986 ἀποπερηθέν
2657 3915 3001 3986 ἀπήλλακται
3050 3916 3158 3970 τῶν
3188 3917 3246 3970 ἐν
3281 3919 3347 3987 τῇ
3395 3917 3507 3988 ζωῇ
3541 3934 3645 3970 κα-

2059 3995 2193 4061 κῶν,
2230 3998 2341 4050 τῶν
2376 3998 2446 4052 τὰ
2471 3999 2696 4053 τοιαῦτα
2723 3999 3173 4072 κακουργούντων
3203 4001 3296 4053 καὶ
3328 3999 3464 4070 1:96;
3496 4000 3644 4054 κόνιν

2057 4081 2152 4134 καὶ
2187 4081 2392 4150 τέφραν
2433 4083 2804 4154 ἐπειγομένων
2844 4084 3122 4153 πολεμεῖν,
3151 4083 3245 4135 καὶ
3279 4083 3457 4151 πολλῷ
3486 4083 3645 4152 χαλε-

2055 4163 2380 4236 πώτερον,ἢ
2415 4165 2577 4236 ήνίκα
2617 4166 2754 4235 έζη;
2799 4166 2932 4219 Τότε
2971 4167 3069 4236 μὲν
3109 4167 3217 4236 γάρ
3263 4168 3343 4228 εἰς
3395 4169 3643 4234 ταμιεῖον

2055 4248 2336 4314 εἰσιόντες,
2372 4248 2440 4300 τά
2478 4245 2710 4300 κιϐώτια
2748 4249 2844 4317 μὲν
2885 4248 3120 4311 ἐκίνουν,
3163 4247 3257 4299 τοῦ
3292 4247 3541 4315 σώματος
3583 4247 3642 4300 δέ

2055 4329 2364 4401 ἀπείχοντο,
2391 4331 2487 4382 καὶ
2511 4330 2611 4382 οὐκ
2645 4329 2710 4382 ἂν
2745 4329 2984 4382 τοσαῦτα
3018 4329 3230 4394 ἔλαϐον,
3269 4330 3343 4392 ώς
3380 4329 3472 4382 καὶ
3507 4329 3638 4381 αὐτὸ

2054 4412 2340 4483 γυμνῶσαι
2365 4411 2426 4464 τὺ
2456 4412 2614 4482 σῶμα
2639 4427 2653 4442 ·
2688 4412 2806 4464 νυν)⁸
2843 4411 2899 4462 δὲ
2933 4411 3055 4464 ούδέ
3099 4410 3306 4464 τούτων
3339 4412 3637 4481 ἀπέχονται

2055 4498 2112 4550 αἱ
2160 4497 2358 4568 μιαραὶ
2397 4496 2505 4550 τῶν
2550 4495 2929 4568 τυμϐωρύχων
2965 4498 3172 4567 χεῖρες,
3213 4495 3351 4548 ἀλλά
3395 4495 3636 4548 κινοῦσιν

2054 4579 2188 4634 αὐτὸ
2215 4582 2308 4634 καὶ
2341 4579 2762 4652 περιστρέφουσι
2787 4621 2801 4645 ,
2832 4579 2926 4632 καὶ
2958 4579 3097 4651 μετὰ
3128 4579 3326 4650 πολλῆς
3354 4578 3635 4649 ὠμότητος

2052 4663 2412 4734 ἐνυϐρίζουσι.
2446 4664 2599 4717 Μετὰ
2641 4663 2748 4734 γάρ
2794 4662 2855 4715 :6
2895 4662 3263 4734 παραδοθῆναι
3300 4664 3362 4733 τῇ
3408 4664 3500 4731 γῇ,
3532 4678 3634 4728 γυ-

2056 4748 2187 4819 μνὸν
2219 4750 2313 4802 καὶ
2365 4749 2466 4818 τῆς
2511 4747 2721 4802 ἐκεῖθεν
2756 4747 3046 4818 περιϐολῆς
3090 4747 3184 4799 καὶ
3221 4746 3322 4815 τῆς
3367 4746 3474 4798 ἀπὸ
3523 4745 3632 4796 τῶν

2054 4831 2290 4902 ίματίων
2339 4834 2685 4898 ποιήσαντες,
2731 4828 2903 4892 οὔτως
2945 4831 3169 4898 ἀφιᾶσιν
3208 4827 3483 4899 ἐρρῖφθαι.
3537 4826 3634 4888 Τίς

2049 4911 2143 4969 οὖν
2177 4915 2318 4968 οὕτω
2368 4915 2649 4982 πολέμιος,
2679 4913 2754 4976 ὼς
2783 4915 2810 4966 6
2848 4912 3096 4975 πλοῦτος,
3137 4909 3356 4975 ζώντων
3393 4910 3492 4978 μὲν
3537 4910 3634 4961 καὶ

2048 4998 2148 5069 τὴν
2173 4997 2354 5068 ψυχὴν
2387 4996 2647 5059 ἀπολλὺς,
2694 4996 3130 5067 τελευτησάντων
3159 4994 3216 5045 δέ
3249 4992 3344 5045 καὶ
3371 4991 3432 5044 τὺ
3472 4991 3634 5060 σῶμα

2049 5081 2370 5150 ἐνυϐρίζων,
2401 5079 2493 5132 καὶ
2522 5079 2639 5131 οὐδὲ
2671 5081 2736 5149 τῇ
2764 5083 2832 5150 γῇ
2867 5077 3206 5149 κρύπτεσθαι
3233 5073 3531 5146 συγχωρῶν
3557 5093 3570 5140 ;
3605 5077 3634 5128 ὃ

2050 5165 2229 5218 κοινὸν
2263 5163 2490 5216 καὶτῶν
2511 5163 2817 5215 καταδίκων
2846 5162 2980 5221 ἐστὶ,
3013 5161 3105 5212 καὶ
3138 5159 3244 5212 τῶν
3279 5160 3370 5211 ἐπὶ
3399 5160 3511 5222 τοῖς
3544 5161 3630 5211 αἱ-

2050 5248 2290 5318 σχίστοις
2337 5244 2488 5318 [551]
2529 5244 2865 5296 ἑαλωκότων.
2915 5242 3184 5305 Ἐκείνους
3230 5241 3327 5312 μὲν
3380 5242 3487 5314 γὰρ
3534 5239 3626 5292 τοῦ

2049 5331 2284 5384 θανάτου
2315 5331 2414 5400 τὴν
2444 5328 2598 5398 δίκην
2628 5326 3032 5396 ἀπαιτήσαντες
3061 5327 3109 5378 οἱ
3137 5325 3441 5395 νομοθέται,
3473 5325 3627 5376 οὐδὲν

2049 5414 2364 5486 περαιτέρω
2404 5411 2854 5484 περιεργάζονται
2902 5426 2915 5440 ·
2965 5411 3184 5472 τούτους
3224 5409 3280 5460 δέ
3328 5412 3356 5461 6
3396 5407 3626 5470 πλοῦτος

2047 5500 2138 5552 καὶ
2169 5499 2311 5569 μετά
2334 5498 2560 5550 θάνατον
2585 5495 2914 5567 πικροτάτην
2943 5495 3161 5548 ἀπαιτεῖ
3181 5493 3356 5561 δίκην,
3382 5507 3447 5557 γυ
3457 5492 3623 5559 μνοζς

2048 5581 2330 5654 προτιθεὶς
2364 5581 2458 5634 καὶ
2505 5581 2761 5649 ἀτάφους,
2806 5579 2982 5648 θέαμα
3027 5577 3196 5629 δεινὸν
3240 5575 3334 5627 καὶ
3363 5573 3615 5625 ἐλεεινόν.

2045 5667 2156 5719 Kal
2183 5665 2295 5735 γὰρ
2328 5664 2436 5717 τῶν
2463 5664 2568 5717 ἀπὸ
2595 5665 2773 5735 ψήφου
2804 5661 2958 5714 τοῦτο
2992 5657 3299 5727 πασχόντων
3321 5654 3413 5704 καὶ
3444 5654 3616 5722 θυμοῦ

2047 5748 2367 5802 δικαστικοῦ
2418 5747 2769 5819 χαλεπώτερα
2809 5737 2951 5796 οὗτοι
3002 5741 3315 5807 πάσχουσιν.
3387 5735 3613 5791 Ἐκεῖνοι
