4018 6156
410 327 517 390 505

406 449 509 521 μὲν
545 448 654 519 γὰρ
686 446 817 518 μίαν
847 446 943 518 τὴν
965 444 1188 517 πρώτην
1214 445 1308 498 καὶ
1334 445 1597 518 δευτέραν
1623 447 1839 519 ἡμέραν
1867 446 1990 517 μεί-

404 549 594 597 ναντες
633 533 850 600 ἄταφοι,
887 532 952 600 τῇ
997 532 1067 601 γῇ
1114 529 1536 599 παραδίδονται*
1572 525 1720 585 οῦτοι
1757 530 1815 585 δὲ
1860 531 1989 584 ὅταν

405 614 750 688 παραδοθῶσι
777 616 843 683 τῇ
873 615 966 683 γῇ,
997 612 1117 665 τότε
1149 612 1484 681 γυμνοῦνται
1517 615 1610 669 καὶ
1650 614 1983 686 ὑϐρίζονται.

404 701 469 753 El
493 699 549 752 δὲ
581 696 771 768 μήκαὶ
804 697 905 766 τήν
934 695 1110 767 θήκην
1146 696 1400 762 λαϐόντες
1442 698 1773 770 ἀπέρχονται
1803 697 1853 749 οί
1896 696 1992 769 λῃ-

406 781 549 846 σταὶ,
578 779 764 832 οὐκέτι
786 777 863 848 τῷ
902 778 1118 849 πλούτῳ
1150 779 1331 850 χάρις,
1375 780 1512 834 ἀλλά
1544 783 1612 851 τῇ
1662 780 1825 851 πενίᾳ
1854 779 1986 832 κάν-

402 862 577 916 ταῦθα
613 879 627 893 ·
672 861 950 931 αῦτη·γάρ
998 861 1169 932 αὐτὴν
1215 862 1474 931 φυλάττει
1501 878 1515 893 ο
1561 863 1637 926 ὡς
1680 861 1734 915 εἴ
1779 878 1843 931 γε
1894 862 1989 915 καὶ

403 944 608 1015 ταύτην
650 945 1058 1015 ὲνεχειρίσαμεν
1088 945 1166 1015 τῷ
1202 944 1439 1015 πλούτῳ,
1483 944 1577 998 καὶ
1614 944 1843 1013 ἀφέντες
1879 943 1988 996 ἀπὸ

403 1027 554 1081 λίθου
591 1018 1024 1091 κατασκευάζειν
1047 1027 1238 1097 αὐτὴν,
1276 1027 1684 1097 ἐχαλκεύσαμεν
1720 1025 1830 1079 ἀπὸ
1853 1042 1984 1096 χρυ-

407 1108 524 1173 σοῦ,
584 1111 677 1163 καὶ
716 1109 919 1180 ταύτην
960 1110 1026 1164 ἂν
1078 1110 1460 1180 ἀπωλέσαμεν.
1517 1108 1705 1172 Οὕτως
1760 1108 1988 1162 ἄπιστον

408 1195 640 1264 πρᾶγμα
681 1196 709 1247 ὁ
748 1193 998 1257 πλοῦτος,
1042 1194 1138 1247 καὶ
1181 1194 1243 1248 ού
1292 1193 1404 1248 τῶν
1451 1193 1683 1263 ἑχόντων
1731 1189 1987 1245 τοσοῦτόν

407 1279 577 1341 ἔστιν,
612 1278 735 1330 ὅσον
764 1276 872 1331 τῶν
917 1277 1184 1350 ἁρπάζειν
1216 1274 1656 1347 ἐπιχειρούντων.
1693 1273 1857 1325 Ὥστε
1892 1289 1990 1325 πε-

410 1360 591 1429 ριττὸς
626 1360 654 1411 ὀ
704 1360 862 1429 λόγος
901 1363 1107 1425 ἐκεῖνος
1151 1362 1181 1414 ό
1226 1359 1542 1424 σπουδάζων
1584 1356 1857 1411 δεικνύναι
1905 1356 1986 1409 ὅτι

406 1443 770 1513 δυσχείρωτον
811 1446 839 1497 ὁ
884 1441 1134 1505 πλοῦτος,
1164 1444 1297 1496 ὃπου
1329 1441 1450 1495 οὐδὲ
1488 1442 1547 1495 ὲν
1569 1443 1637 1511 τῇ
1669 1439 1854 1511 ἡμέρα
1884 1440 1985 1509 τῆς

404 1525 665 1595 τελευτῆς
706 1527 1069 1595 τυγχάνουσιν
1114 1525 1414 1593 ἀσφαλείας
1446 1524 1496 1577 οί
1527 1521 1716 1576 τοῦτον
1749 1522 1986 1592 ἔχοντες.

405 1608 599 1662 Καίτοι
629 1625 692 1675 γε
717 1608 803 1670 τίς
834 1609 969 1679 πρὸς
995 1608 1088 1661 τὸν
1116 1607 1419 1661 ἀπελθόντα
1445 1606 1506 1659 ού
1534 1605 1984 1667 καταλλάττεται,

407 1690 509 1745 κᾶν
544 1690 733 1761 θηρίον
776 1686 833 1765 ᾖ,
884 1691 989 1745 κάν
1021 1691 1252 1760 δαίμων,
1288 1691 1393 1742 κᾶν
1422 1687 1702 1752 ὁστισοῦν;
1738 1687 1835 1740 καὶ
1876 1685 1987 1756 γάρ

405 1774 440 1841 ἡ
468 1772 566 1826 θέα
597 1772 755 1844 ίκανὴ
784 1773 878 1825 καὶ
915 1773 1005 1826 τὸν
1037 1773 1242 1844 σφόδρα
1282 1769 1537 1842 σιδηροῦν
1564 1771 1657 1824 καὶ
1686 1769 1987 1839 ἀνάλγητον

405 1856 735 1937 ἐπικάμψαι.
767 1856 866 1910 Διά
905 1874 988 1910 τοι
1028 1857 1207 1922 τοῦτο,
1243 1857 1372 1909 ὅταν
1406 1872 1493 1918 τις
1522 1854 1605 1926 ίδη
1636 1854 1850 1924 νεκρὸν,
1884 1851 1988 1937 κᾶν

404 1936 736 2012 ἐχθρὸνῐδῃ,
784 1942 890 1995 κᾶν
920 1940 1198 2012 πολέμιον,
1243 1940 1382 2009 μετά
1424 1938 1533 1992 τῶν
1575 1938 1850 2007 φιλτάτων
1890 1936 1987 1989 δα-

405 2023 565 2095 κρύει
597 2041 610 2055 ·
644 2023 738 2076 καὶ
767 2026 800 2095 ή
836 2025 936 2094 μὲν
968 2023 1106 2095 ὀργὴ
1138 2023 1277 2093 μετὰ
1309 2021 1412 2092 τῆς
1440 2021 1587 2092 ζωῆς
1619 2020 1926 2083 σϐέννυται,
1958 2019 1988 2070 ό

402 2106 462 2160 δὲ
491 2106 638 2169 ἔλεος
660 2107 1030 2174 ὲπεισάγεται.
1066 2106 1176 2159 Καὶ
1195 2106 1295 2158 οὐκ
1322 2102 1388 2157 άν
1413 2121 1498 2168 τις
1529 2103 1623 2155 ἐπὶ
1653 2104 1851 2174 κήδους
1890 2101 1987 2156 καὶ

403 2193 644 2260 ἐκφορᾶς
676 2190 921 2259 διαγνοίη
966 2189 1057 2243 τὸν
1096 2188 1310 2259 ἐχθρὸν,
1368 2187 1464 2240 καὶ
1499 2185 1592 2240 τὸν
1620 2187 1681 2238 οὑ
1710 2186 1986 2239 τοιοῦτονο

401 2274 575 2337 οὕτως
611 2274 849 2336 ἅπαντες
881 2272 981 2340 τὴν
1013 2272 1199 2343 κοινὴν
1226 2269 1502 2323 αἰδοῦνται
1530 2268 1711 2338 φύσιν,
1744 2269 1990 2333 καὶτοὺς

402 2359 534 2429 περὶ
578 2357 749 2428 αὐτὴν
781 2355 1184 2426 είσενεχθέντας
1215 2355 1433 2424 νόμους.
1485 2352 1624 2405 Ἀλλ’
1658 2355 1688 2405 ό
1735 2352 1987 2417 πλοῦτος,

400 2441 524 2495 οὐδὲ
558 2437 748 2494 τούτου
798 2438 998 2509 τυχὼν,
1046 2437 1240 2507 ἀφίησι
1282 2436 1381 2507 τὴν
1411 2434 1581 2507 ὀργήν
1628 2437 1741 2498 τοῖς
1786 2452 1991 2507 κτησα-

406 2525 588 2597 μένοις
616 2524 799 2589 αύτδν,
828 2523 963 2576 ἀλλά
1002 2522 1098 2575 καὶ
1130 2522 1258 2584 τοὺς
1304 2519 1459 2573 οὐδὲν
1496 2519 1864 2589 ἠδικημένους
1894 2520 1986 2573 τοῦ

401 2607 854 2678 τετελευτηκότος
897 2604 1125 2677 ἐχθροὺς
1160 2603 1502 2673 καθίστησιν,
1537 2601 1591 2654 εἴ
1616 2618 1681 2670 γε
1709 2601 1770 2653 τὸ
1795 2602 1989 2672 νεκρὸν

405 2691 566 2761 σῶμα
600 2690 876 2759 γυμνοῦν,
918 2688 1026 2742 τῶν
1072 2687 1277 2758 σφόδρα
1323 2684 1535 2756 ἐχθρῶν
1578 2685 1674 2738 καὶ
1713 2684 1989 2754 πολεμίων

404 2774 543 2827 ἐστί.
576 2775 686 2827 Καὶ
712 2775 745 2843 ἡ
789 2773 886 2844 μὲν
915 2771 1077 2840 φύσις
1116 2769 1210 2823 καὶ
1243 2769 1368 2831 τοὺς
1417 2768 1646 2839 ἐχθροὺς
1676 2767 1826 2838 αὐτῷ
1853 2786 1982 2821 κατ-

404 2856 657 2910 αλλάττει
691 2857 834 2920 τότε,
862 2857 891 2908 ὁ
914 2856 970 2907 δὲ
1006 2852 1234 2916 πλοῦτος
1282 2852 1379 2906 καὶ
1425 2852 1552 2914 τοὺς
1584 2851 1737 2904 οὐδὲν
1768 2851 1989 2922 ἔχοντας

405 2942 658 3009 ἐγκαλεῖν
692 2942 1004 3011 ὲκπολεμοῖ,
1048 2939 1144 2991 καὶ
1183 2940 1240 2991 ὲν
1275 2935 1481 3007 ἐρημίᾳ⁸
1526 2936 1690 3006 πολλῇ
1730 2937 1790 2989 τὺ
1825 2936 1987 3006 σῶμα

405 3025 700 3087 αἰκίζεται.
736 3026 930 3077 Καίτοι
976 3022 1147 3076 πολλὰ
1186 3020 1402 3074 ἐκεῖτά
1433 3020 1711 3089 δυνάμενα
1753 3021 1988 3073 ἐπισπάο

408 3106 607 3159 σασθαι
638 3106 773 3177 πρὸς
811 3101 1020 3165 οἶκτον,
1053 3104 1183 3157 αὐτὸ
1223 3101 1284 3155 τὸ
1323 3102 1514 3172 νεκρὸν
1549 3097 1706 3165 εἶναι,
1740 3103 1804 3155 τὸ
1837 3103 1990 3155 ἀκίν-

407 3203 558 3255 ητον,
594 3187 656 3239 τὸ
699 3188 836 3259 πρὸς
868 3188 972 3257 γῆν
1018 3185 1219 3240 ὁδεύειν
1270 3186 1365 3240 καὶ
1409 3183 1635 3254 φθορὰν.
1670 3185 1730 3237 τὸ
1785 3185 1989 3255 μηδένα

411 3271 666 3340 παρεῖναι
693 3270 785 3323 τὸν
817 3269 1173 3341 βοηθήσοντα.
1216 3268 1353 3321 Ἀλλ’
1392 3268 1542 3320 οὐδὲν
1569 3267 1779 3322 τούτων
1814 3285 1987 3322 κατα-

410 3352 516 3423 κλᾷ
550 3354 674 3416 τοὺς
711 3355 943 3425 μιαροὺς
967 3352 1208 3415 ἐκείνους
1230 3351 1321 3406 διὰ
1342 3351 1440 3423 τὴν
1468 3352 1579 3405 ἀπὸ
1611 3352 1710 3421 τῆς
1744 3353 1989 3422 πονηρᾶς

410 3436 709 3507 ἐπιθυμίας
770 3436 1083 3508 τυραννίδα.
1152 3437 1210 3488 '0
1255 3436 1362 3507 γὰρ
1409 3436 1509 3504 τῆς
1557 3434 1994 3506 φιλοχρηματίας

411 3518 573 3590 ἔρως,
606 3520 858 3590 καθάπερ
884 3537 969 3584 τις
993 3519 1258 3590 τύραννος
1295 3518 1531 3590 ἀπηνὴς,
1561 3519 1859 3590 ἐφέστηκεν
1903 3520 1994 3586 £7-

412 3604 766 3675 κελευόμενος
790 3606 974 3667 αύτοῖς
1004 3603 1074 3656 τὰ
1096 3602 1442 3674 ἀπάνθρωπα
1468 3602 1819 3672 ἐπιτάγματα
1847 3602 1994 3654 ὲκεῖ-

411 3705 499 3756 να,
531 3692 624 3743 καὶ
670 3690 834 3759 θηρία
870 3690 1124 3759 ποιήσας,
1164 3686 1341 3750 οῦτως
1374 3686 1467 3738 ἐπὶ
1498 3686 1596 3749 τὰς
1638 3686 1811 3757 θήκας
1848 3686 1991 3754 ἀγει.

1140 311 1525 386 εἶἰοΑΝΝιε
1556 325 2057 385 ειηιῖεοετοιιι
2090 328 2411 390 ABCHIEP.
2454 307 3002 389 εοΝετΑΝτιΝοιίξ

3564 326 3662 386 506

2096 450 2364 523 Καθάπερ
2395 449 2502 524 γάρ
2536 450 2703 522 θηρία
2735 451 2847 514 τοῖς
2878 445 3323 515 τετελευιηκόσιν
3355 441 3665 514 ἐπιτιθέμε-

2092 551 2194 599 νοι,
2223 535 2333 588 οὐδ’
2364 532 2429 588 ἀν
2465 534 2572 587 τῶν
2614 533 2832 606 σαρκῶν
2869 531 3189 602 ἀπέσχοντο,
3221 528 3274 581 εῐ
3293 527 3357 595 γέ
3387 543 3490 580 που
3530 527 3665 599 χρή-

2092 635 2228 685 σιμα
2266 611 2334 688 ἦν
2376 617 2561 680 αὐτοῖς
2606 616 2676 670 τά
2718 615 2875 685 μέλη.
2918 612 3156 665 Τοιαῦτα
3187 609 3535 680 ἀπολαύομεν
3571 610 3666 664 τοῦ

2092 698 2347 766 πλούτου,
2375 700 2471 752 καὶ
2507 698 2646 769 μετὰ
2677 696 2933 768 τελευτὴν
2963 693 3332 765 ὑϐριζόμενοι.
3363 694 3458 746 καλ⁵
3488 694 3668 763 ταφῆς

2090 781 2577 855 ἀποστερούμενοι,
2594 777 2663 853 ἧς
2683 782 2776 834 καὶ
2795 781 2845 833 οί
2869 779 2940 832 τά
2966 778 3244 846 ἀνήκεστα
3269 776 3665 847 τετολμηκότας

2089 864 2476 919 ἀπολαύουσιν.
2516 866 2638 918 Ἔτι
2685 861 2835 935 [552]
2868 857 2982 926 οὖν,
3032 860 3153 913 είπέ
3201 876 3311 930 μοι,
3363 859 3663 929 στέρξομεν

2090 948 2254 1002 αὐτὸν
2286 947 2377 1001 τὸν
2398 945 2542 1001 οὓτω
2559 946 2855 1017 πολέμιον;
2885 943 2999 1015 Μὴ,
3033 941 3358 1014 παρακαλῶ,
3389 941 3487 1012 μὴ,
3513 941 3667 994 ἀδελ-

2089 1034 2203 1100 φοὶ,
2245 1032 2382 1085 ἀλλά
2414 1031 2706 1101 φεύγωμεν
2744 1026 3187 1100 ἀμεταστρεπτί·
3226 1026 3332 1079 κᾶν
3365 1028 3447 1090 είς
3477 1027 3665 1097 χεῖρας

2087 1114 2216 1186 ἔλθῃ
2242 1114 2340 1179 τάς
2383 1114 2676 1185 ἡμετέρας,
2735 1113 2809 1183 μὴ
2849 1110 3165 1180 κατέχωμεν
3206 1108 3374 1172 ἔνδον,
3411 1108 3547 1161 ἀλλά
3573 1108 3668 1179 δή-

2090 1215 2273 1269 σωμεν
2310 1197 2473 1251 αὐτὸν
2521 1200 2642 1260 ταῖς
2680 1195 2788 1249 τῶν
2833 1195 3078 1265 πενήτων
3113 1192 3292 1264 χερσί.
3330 1191 3515 1245 Ταῦτα
3555 1191 3666 1260 γάρ

2088 1282 2249 1335 αὐτὸν
2277 1280 2499 1334 δύναται
2524 1279 2722 1351 μᾶλλον
2749 1277 2819 1330 τά
2840 1274 3017 1346 δεσμά
3047 1276 3318 1346 κατέχειν,
3348 1275 3445 1327 καὶ
3469 1275 3533 1326 ὲκ
3554 1273 3667 1326 τῶν

2086 1365 2349 1437 ταμιείων
2376 1364 2598 1418 ἐκείνων
2632 1361 2885 1415 οὐδέποτε
2923 1359 3289 1429 διαφεύξεται,
3329 1359 3425 1412 καὶ
3468 1360 3496 1411 ὁ
3535 1359 3664 1412 άπι-

2090 1465 2214 1511 στος
2241 1443 2394 1510 οὗτος
2439 1446 2591 1517 μένει
2628 1443 2814 1498 λοιπὸν
2845 1443 3055 1505 πιστὸς,
3088 1443 3400 1515 χειροήθης,
3430 1442 3665 1511 ἥμερος,

2084 1534 2154 1603 τῇ
2187 1532 2286 1602 τῆς
2313 1529 2684 1601 έλεημοσύνης
2706 1529 2856 1599 δεξιᾷ
2885 1526 3059 1580 ταῦτα
3086 1527 3399 1595 γενόμενος.
3436 1526 3538 1577 Ἂν
3564 1524 3664 1594 μὲν

2087 1613 2179 1670 οῦν
2209 1612 2587 1683 παραγένηταί
2622 1626 2752 1664 ποτε
2791 1611 2946 1680 ἡμῖν,
2992 1610 3164 1679 ταύτῃ
3198 1606 3532 1677 παραδῶμεν
3565 1606 3664 1660 αύι

2085 1699 2179 1753 τόν
2197 1716 2210 1729 ·
2242 1696 2308 1751 ἂν
2335 1695 2393 1749 δὲ
2422 1695 2498 1765 μή
2525 1692 2903 1765 παραγένηται
2929 1731 2944 1755 ,
2981 1690 3056 1763 μὴ
3094 1689 3368 1762 ζητῶμεν,
3398 1689 3535 1759 μηδὲ
3561 1689 3662 1756 ἀγ-

2087 1796 2275 1853 χωμεν
2333 1778 2582 1841 ἑαυτοὺς,
2637 1775 2773 1847 μηδὲ
2811 1776 2938 1838 τοὺς
2978 1773 3204 1845 ἔχοντας
3248 1772 3661 1843 μακαρίζωμενι

2089 1867 2245 1928 Ποῖος
2264 1863 2373 1935 γάρ
2402 1856 2558 1924 οὗτος
2591 1858 2974 1931 μακαρισμός;
3015 1857 3156 1928 πλὴν
3199 1858 3246 1909 εί
3285 1857 3359 1927 μὴ
3400 1856 3495 1908 καὶ
3536 1856 3664 1918 τοὺς

2088 1947 2457 2018 θηριομάχους
2487 1943 2759 2013 ζηλωτοὺς
2811 1937 2949 1995 εἶναι
2999 1940 3184 2010 φαίης,
3226 1939 3305 1992 ὅτι
3342 1938 3407 1991 τὰ
3442 1936 3661 1990 πολυτί-

2091 2045 2237 2100 μητα
2280 2028 2464 2081 ἐκεῖνα
2497 2024 2664 2096 θηρία
2706 2022 3165 2085 κατακλείσαντες
3212 2023 3416 2084 ἑαυτοῖς
3461 2018 3660 2090 φυλάτ-

2087 2129 2272 2165 τουσιν
2289 2111 2338 2164 οἱ
2355 2110 2482 2171 τοὺς
2499 2106 2770 2169 τοιούτους
2787 2106 3025 2169 τιθέντες
3047 2105 3279 2173 ἀγῶνας,
3302 2105 3451 2157 αὐτοὶ
3478 2102 3659 2174 μέντοι

2088 2196 2148 2248 οὐ
2196 2190 2533 2266 προσελθεῖν,
2583 2190 2685 2261 οὐχ
2728 2189 2968 2259 ἅψασθαι
2996 2187 3323 2258 τολμῶντες,
3350 2186 3464 2240 ἀλλ’
3511 2186 3660 2253 ἀγω-

2088 2278 2310 2340 νιῶντες
2342 2273 2481 2329 αὑτά
2514 2273 2608 2327 καὶ
2640 2272 2950 2344 τρέμοντες.
2984 2270 3235 2324 Τοιοῦτον
3261 2272 3369 2340 γάρ
3396 2287 3448 2322 τι
3483 2269 3577 2322 καὶ
3608 2268 3664 2322 0t

2090 2360 2447 2422 πλουτοῦντες
2494 2357 2813 2428 πάσχουσιν,
2866 2355 3055 2429 ῶσπερ
3106 2354 3294 2425 θηρίον
3340 2354 3550 2425 ἀπηνὲς
3606 2354 3679 2406 ὲνι

2087 2449 2201 2509 τοῖς
2252 2442 2521 2514 ταμιείοις
2603 2438 3064 2502 κατακλείσαντες
3123 2436 3213 2491 τὸν
3270 2437 3522 2500 πλοῦτον,
3571 2437 3665 2490 καὶ

2088 2529 2212 2584 καθ’
2241 2529 2482 2597 ἑκάστην
2520 2523 2654 2595 παρ’
2681 2522 2846 2576 αὑτοῦ
2875 2520 2974 2594 τὴν
3012 2521 3225 2593 ἡμέραν
3253 2522 3425 2591 μυρία
3443 2519 3665 2590 δεχόμε-

2088 2633 2169 2669 νοι
2197 2615 2264 2667 τὰ
2310 2610 2621 2683 τραύματα,
2666 2606 3013 2669 ἀπεναντίας·
3037 2607 3151 2668 τοῖς
3179 2605 3410 2677 θηρίοις.
3455 2605 3668 2657 Ἐκεῖνα

2091 2698 2190 2768 μὲν
2219 2695 2327 2765 γὰρ
2351 2695 2481 2746 ὅταν
2507 2690 2805 2761 ἐξαγάγῃς,
2833 2688 2957 2741 τότε
2996 2687 3318 2768 λυμαίνεται
3348 2690 3466 2750 τοῖς
3494 2687 3666 2741 ἀπαν-

2085 2767 2251 2835 τῶσιν
2272 2796 2284 2807 ·
2313 2770 2466 2839 οὗτος
2502 2775 2559 2827 δὲ
2591 2775 2720 2827 ὅταν
2749 2771 3234 2841 συγκεκλεισμένος
3335 2771 3429 2823 καὶ
3468 2770 3669 2838 φυλατ-

2084 2864 2334 2933 τόμενος,
2362 2859 2483 2912 τότε
2505 2857 2766 2910 ἀπόλλυσι
2804 2856 2929 2916 τοὺς
2967 2852 3341 2924 κεκτημένους
3374 2851 3538 2905 αὐτὸν
3575 2852 3670 2905 καί

2092 2947 2474 3017 φυλάττοντας.
2511 2940 2649 2993 Ἀλλ’
2677 2941 2836 3011 ἡμεῖς
2861 2938 2922 2992 τὸ
2950 2937 3138 3008 θηρίον
3163 2937 3324 2990 τοῦτο
3348 2937 3667 3008 ποιήσωμεν

2044 3068 2049 3071 ι
2091 3032 2318 3102 ἥμερον.
2346 3027 2539 3078 Ἔσται
2560 3024 2617 3078 δὲ
2636 3024 2670 3094 ῆ
2680 3041 2743 3093 με
2754 3039 2863 3092 ρον,
2888 3020 2955 3075 ἀν
2980 3020 3055 3093 μὴ
3085 3019 3496 3089 κατακλείωμεν
3517 3020 3665 3081 αὐτὸ,

2093 3112 2228 3167 ἀλλά
2254 3113 2373 3173 ταῖς
2407 3109 2661 3162 ἁπάντων
2697 3105 2806 3159 τῶν
2839 3105 3113 3175 δεομένων
3142 3103 3514 3176 προσάγωμεν
3537 3119 3595 3173 χε
3604 3120 3665 3174 9-

2096 3196 2199 3249 σίν.
2248 3194 2403 3247 υῦτω
2444 3191 2539 3245 καὶ
2581 3189 2651 3243 τὰ
2683 3188 2915 3260 μέγιστα
2961 3185 3213 3239 ἐντεῦθεν
3263 3186 3663 3256 καρπωσόμεθα

2095 3277 2293 3348 ἀγαθά,
2319 3276 2414 3330 καὶ
2444 3277 2501 3328 ὲν
2537 3273 2615 3344 τῷ
2650 3273 2877 3342 παρόντι
2918 3270 3019 3341 βίῳ
3057 3268 3195 3340 μετά
3239 3267 3537 3338 ἀσφαλείας
3567 3265 3662 3320 καὶ

2098 3363 2341 3435 χρηστῆς
2385 3358 2584 3424 ζῶντες
2618 3355 2852 3421 ἐλπίδος,
2908 3354 3003 3407 καὶ
3046 3351 3325 3435 κατὰ-τὴν
3370 3352 3668 3435 μέλλουσαν

2089 3430 2306 3518 ἡμέραν
2328 3442 2466 3515 μετά
2489 3439 2801 3513 παρρησίας
2838 3437 3114 3507 ἱστάμενοι
3139 3451 3151 3464 ·
3187 3430 3255 3507 ἦς
3289 3436 3503 3503 γένοιτο
3535 3433 3664 3518 πάνῗ

2090 3515 2190 3593 τας
2209 3515 2365 3600 ἡμᾶς
2395 3526 2692 3596 ἐπιτυχεῖν,
2719 3522 2903 3593 χάριτι
2924 3521 3017 3574 καὶ
3049 3518 3454 3590 φιλανθρωπίᾳ,
3489 3519 3582 3571 καὶ
3602 3515 3665 3571 τά

2093 3614 2243 3684 ἑξῆς.

965 3903 3654 3935 W

1847 4161 2088 4214 οΜιΑιΑ
2126 4160 2264 4228 Δεῖν.

430 4314 726 4386 Ἀδελφοί,
763 4315 850 4385 μὴ
890 4314 1100 4369 παιδία
1133 4314 1376 4384 γίνεσθε
1407 4315 1539 4381 ταῖς
1566 4312 1802 4385 φρεσίν,
1833 4316 1995 4371 ἀλλὰ

488 4402 563 4470 τῇ
597 4401 777 4466 κακίᾳ
815 4397 1148 4468 νηπιάζετε,
1178 4398 1307 4465 ταῖς
1336 4398 1405 4452 δὲ
1438 4400 1619 4468 φρεσί
1647 4399 1860 4454 τέλειοι
1906 4402 1995 4470 γί-

488 4488 690 4539 νεσθε.

488 4573 560 4619 α’.
599 4565 839 4626 Εἰκότως
875 4564 1013 4633 μετά
1044 4562 1144 4635 τὴν
1174 4563 1375 4633 πολλὴν
1399 4564 1739 4635 κατασκευὴν
1774 4565 1868 4619 καὶ
1898 4564 1996 4636 τὴν

419 4646 718 4712 ἀπόδειξιν,
746 4646 1097 4717 σφοδρότερον
1119 4646 1384 4717 κέχρηται
1409 4645 1489 4715 τῷ
1517 4646 1682 4716 λόγῳ,
1705 4649 1799 4700 καὶ
1826 4648 1993 4718 πολλῇ

420 4734 487 4802 τῇ
517 4730 857 4800 ἐπιτιμήσει,
893 4729 985 4781 καὶ
1015 4731 1455 4800 παραδείγματος
1498 4729 1774 4800 μέμνηται
1802 4732 1997 4784 καταλ-

422 4813 584 4883 λήλου
617 4810 696 4880 τῷ
734 4810 1100 4881 ὑποκειμένῳ.
1135 4812 1242 4864 Καὶ
1277 4812 1386 4881 γάρ
1423 4814 1490 4865 τὰ
1525 4812 1712 4866 παιδία
1737 4814 1875 4883 πρὸς.
1898 4814 1998 4883 μὲν

423 4898 492 4950 τὰ
520 4895 691 4965 μικρά
736 4893 930 4963 κέχηνε
969 4895 1062 4946 καὶ
1102 4896 1380 4965 ἐπτόηται,
1414 4895 1523 4949 τῶν
1563 4897 1621 4949 δὲ
1661 4898 1866 4968 σφόδρα
1899 4915 1997 4967 με-

425 4979 605 5046 γάλων
629 4978 689 5031 οὐ
738 4976 989 5031 τοσοῦτον
1027 4977 1139 5046 ἔχει
1173 4977 1375 5049 θαῦμα.
1422 4980 1576 5032 Ἐπεὶ
1604 4975 1695 5051 οῦν
1730 4982 1824 5034 καὶ
1854 4975 2000 5035 οὗτοι

425 5063 685 5132 γλωσσῶν
730 5061 945 5131 ἔχοντες
982 5061 1246 5132 χάρισμα,
1298 5061 1359 5114 τὸ
1398 5064 1505 5116 πᾶν
1539 5062 1682 5133 ἔχειν
1725 5064 1996 5134 ἐνόμιζον,

425 5147 562 5214 ὅπερ
605 5146 713 5198 τῶν
746 5145 921 5200 ἀλλων
965 5145 1191 5216 ἔσχατον
1235 5140 1323 5217 ἦν,
1366 5146 1455 5203 διὰ
1500 5148 1657 5201 τοῦτό
1703 5166 1857 5219 φησι,
1902 5149 1997 5217 Μὴ

428 5227 634 5282 παιδία
672 5229 932 5296 γίνεσθε,
969 5230 1252 5299 τουτέστι,
1301 5229 1377 5300 μὴ
1414 5230 1662 5301 ἀνόητοι,
1703 5230 1832 5285 ἔνθα
1874 5250 2001 5285 συνο

428 5312 584 5373 ετοίις
632 5305 773 5363 εἶναι
800 5310 926 5380 χρὴ,
957 5313 1071 5366 ἀλλ’
1117 5315 1233 5366 ἐκεῖ
1268 5318 1450 5383 νήπιοι
1482 5315 1574 5367 καὶ
1597 5313 1835 5383 ἀφελεῖς,
1872 5314 2000 5368 ἔνθα

429 5394 633 5459 ἀδικία,
672 5392 802 5445 ἔνθα
850 5394 1144 5461 κενοδοξία.
1176 5395 1303 5449 ἔνθα
1342 5396 1571 5466 φύσημα
1595 5414 1608 5427 ν
1645 5397 1737 5451 τὸν
1780 5398 1887 5467 γὰρ
1932 5401 1997 5470 τῇ

431 5478 598 5549 κακία
639 5477 975 5549 νηπιὰζοντα
1022 5480 1115 5530 καὶ
1157 5479 1417 5548 φρόνιμον
1462 5474 1604 5533 εἶναι
1641 5481 1742 5535 δεῖ.
1790 5482 2001 5553 Ὥσπερ

434 5563 538 5632 γὰρ
569 5563 829 5634 φρόνησις
861 5561 1001 5632 μετά
1029 5565 1362 5633 κακουργίας
1382 5563 1482 5616 οὐκ
1510 5564 1576 5619 ἂν
1598 5566 1683 5635 εῐη
1717 5566 1999 5637 φρόνησις,

433 5643 572 5699 οὕτω
597 5648 691 5699 καὶ
722 5646 947 5715 ἀφέλεια
980 5644 1132 5717 [3551
1159 5646 1295 5716 μετά
1319 5645 1501 5708 ἀνοίας
1523 5646 1622 5700 οὐκ
1644 5648 1710 5701 ἂν
1746 5648 1829 5717 εἴη
1863 5648 2000 5716 ἀφέ-

442 5727 578 5781 λεια.
618 5729 723 5781 Καὶ
756 5729 860 5798 γὶιρ
886 5731 939 5782 ὲν
967 5732 1033 5800 τῇ
1060 5728 1283 5797 ἀφελείᾳ
1318 5727 1412 5782 καὶ
1442 5728 1539 5800 τὴν
1568 5730 1752 5784 ἄνοιαν
1783 5730 2001 5799 φεύγειν

2096 4315 2194 4380 δεῖ,
2232 4315 2325 4369 καὶ
2351 4315 2407 4369 ὲν
2432 4317 2496 4387 τῇ
2532 4315 2793 4386 φρονήσει
2824 4315 2921 4388 τὴν
2953 4316 3237 4388 πονηρίαν.
3267 4317 3538 4394 Καθάπερ
3563 4321 3675 4392 γὰρ

2095 4398 2218 4453 οὔτε
2252 4401 2319 4453 τά
2353 4400 2524 4470 πικρά
2564 4399 2827 4470 φάρμακα
2864 4400 3007 4469 πέρα
3050 4400 3144 4467 τοῦ
3186 4400 3415 4467 δέοντος,
3447 4403 3570 4457 οῦτε
3604 4404 3671 4457 τὰ

2095 4485 2301 4553 γλυκέα
2346 4485 2606 4555 ὀνίνησιν,
2649 4483 2822 4549 οὕτως
2869 4485 2989 4537 οὐδὲ
3030 4485 3255 4554 ἀφέλεια
3295 4487 3417 4541 καθ’
3447 4489 3669 4560 ἑαυτὴν,

2095 4568 2217 4621 οὐδὲ
2264 4567 2544 4638 φρόνησις.
2594 4566 2793 4636 Διόπερ
2833 4568 3120 4640 ἀμφότερα
3156 4571 3533 4639 κατακεράσαι
3580 4589 3668 4624 κε-

2096 4650 2267 4704 λεύων
2295 4652 2323 4702 ὁ
2366 4649 2602 4718 Χριστὸς
2649 4648 2823 4720 ἔλεγε,
2876 4651 3133 4705 Γίνεσθε
3180 4652 3457 4721 φρόνιμοι
3504 4656 3584 4720 ὡς
3618 4655 3681 4706 ot

2098 4734 2285 4803 ὄφεις,
2321 4733 2417 4786 καί
2445 4732 2704 4800 ἀκέραιοι
2737 4733 2818 4797 ὡς
2855 4736 2915 4786 ιιι
2956 4735 3317 4802 περιστεραί.
3360 4736 3427 4789 Τί
3465 4738 3522 4790 δέ
3555 4740 3668 4789 ἐστι

2097 4819 2288 4889 νήπιον
2316 4811 2455 4868 εἶναι
2501 4815 2701 4887 κακίας
2747 4816 2822 4869 Τὸ
2871 4817 3007 4887 μηδὲ
3051 4817 3247 4870 εἰδέναι
3294 4818 3347 4870 τί
3390 4822 3522 4874 ποτέ
3555 4823 3667 4874 ἐστι

2101 4901 2296 4955 κακία·
2332 4900 2605 4961 τοιούτους
2637 4898 2746 4970 γάρ
2780 4900 2975 4962 αὐτοὺς
3000 4895 3139 4953 εἶναι
3165 4901 3437 4956 ἐϐούλετο.
3461 4905 3554 4958 Διὸ
3582 4905 3671 4958 καὶ

2100 4985 2303 5052 ἔλεγεν,
2362 4983 2557 5048 "0.1m-
2598 4983 2874 5036 ἀκούεται
2931 4984 3000 5035 ἐν
3041 4982 3185 5053 ὑμῖν
3233 4987 3503 5053 πορνεία.
3560 4989 3668 5040 Οὐκ

2102 5062 2243 5130 εἶπε,
2275 5064 2570 5135 Τολμᾶται,
2605 5063 2742 5128 ἀλλ’,
2794 5064 3110 5120 Ἀκούεται.
3150 5067 3294 5120 Ἴστε
3322 5068 3430 5139 γάρ
3451 5069 3587 5131 ὅλως
3610 5068 3668 5119 τὸ

2101 5152 2351 5222 πρᾶγμα,
2388 5148 2552 5218 φησίν
2576 5162 2589 5176 °
2621 5146 2889 5218 ήκούσατε
2920 5148 3030 5218 γὰρ
3070 5150 3204 5202 αὑτό
3247 5168 3400 5205 ποτε.
3422 5153 3534 5206 Καὶ
3567 5152 3669 5221 γὰρ

2100 5232 2349 5286 ἐϐούλετο
2374 5232 2466 5283 καὶ
2490 5231 2687 5300 ἀνδρας
2712 5230 2907 5293 αὐτοὺς
2927 5225 3069 5284 εἶναι
3097 5232 3193 5285 καὶ
3217 5234 3433 5297 παῖδας,
3459 5236 3591 5288 ἀλλά
3611 5233 3667 5285 τὸ

2104 5318 2201 5388 μὲν
2228 5318 2288 5369 ὲν
2326 5319 2392 5387 τῇ
2441 5315 2626 5386 κακίᾳ,
2674 5314 2732 5367 τὸ
2772 5314 2829 5368 δὲ
2863 5316 2922 5367 ὲν
2962 5318 3029 5386 τῇ
3059 5318 3339 5389 φρονήσει.
3376 5317 3534 5373 Οῦτω
3563 5318 3665 5388 γὰρ

2100 5401 2192 5453 καὶ
2218 5400 2248 5452 ὁ
2279 5400 2416 5470 ἀνὴρ
2439 5399 2634 5467 γένοιτ’
2673 5397 2738 5451 ἂν
2768 5398 2928 5469 ἀνὴρ,
2957 5399 3053 5452 ὲάν
3092 5400 3187 5453 καὶ
3220 5400 3489 5475 παιδίον
3514 5419 3529 5433 ·
3566 5401 3665 5460 ἕως

2099 5485 2155 5537 δὲ
2188 5482 2253 5536 ἂν
2285 5482 2358 5552 μὴ
2399 5481 2607 5534 παιδίον
2702 5483 2768 5551 τῇ
2801 5481 3053 5552 πονηρίᾳ,
3084 5482 3202 5536 οὐδὲ
3233 5483 3372 5554 ἀνὴρ
3404 5484 3573 5537 ἔσται.
3608 5482 3666 5533 ὐ

2102 5566 2210 5636 γὰρ
2237 5564 2541 5634 κακοῦργος
2571 5564 2671 5616 οὐκ
2699 5564 2850 5617 ἔσται
2876 5565 3097 5631 τέλειος,
3128 5565 3245 5619 ἀλλ’
3267 5567 3514 5638 ἀνόητος.
3570 5565 3668 5616 Ἐν

2102 5645 2180 5716 τῷ
2209 5648 2319 5716 γὰρ
2369 5647 2530 5714 νόμῳ
2571 5645 2911 5715 γέγραπται,
2945 5645 3034 5699 ὅτι
3075 5647 3146 5700 ἐν
3179 5648 3663 5716 ἐτείογλώσσοις.

2106 5732 2199 5786 καί
2233 5733 2299 5784 ἐν
2338 5730 2608 5799 χείλεσιν
2642 5730 2863 5797 ἑτέροις
2898 5729 3148 5796 λαλήσω
3182 5728 3261 5795 τῷ
3303 5730 3430 5798 λαῷ
3465 5730 3662 5796 τούτῳ,
