4018 6156
378 412 581 481 iacere.
596 408 728 478 Quis
744 417 825 464 est
842 421 969 479 ergo
986 406 1182 463 divitiis
1195 403 1371 477 major
1382 404 1570 471 hostis,
1590 404 1708 475 qua:
1722 403 1964 458 vivorum

380 502 599 572 quidem
618 501 843 573 perdunt
857 499 1106 564 animam,
1125 505 1456 554 mortuorum
1474 503 1651 551 autem
1668 495 1824 549 etiam
1847 509 1967 548 cor-

383 608 486 664 pus
509 593 704 662 probro
720 600 774 646 et
784 589 1111 646 contumelia
1133 587 1393 654 alliciunt,
1416 595 1471 642 et
1492 600 1559 642 ne
1589 595 1729 642 terra
1750 584 1965 656 quidem

385 687 490 756 tegi
512 683 862 755 permittunt?
881 681 1026 753 quod
1050 681 1265 752 quidem
1286 689 1371 735 est
1400 694 1687 736 commune
1704 686 1760 734 et
1792 678 1857 732 iis
1875 675 1964 747 qui

382 786 509 833 sunt
542 776 898 840 condemnati,
935 784 990 831 et
1022 789 1203 830 rerum
1258 773 1682 844 turpissimarum
1715 771 1963 827 convicti.

380 868 513 924 Nam
529 883 650 924 cum
667 868 736 923 de
751 868 859 922 illis
869 868 1085 938 quidem
1102 881 1287 938 poenas
1297 867 1488 937 capitis
1505 865 1799 935 exegerint,
1812 864 1967 936 legis—

380 958 577 1014 latures
599 958 730 1014 nihil
759 959 987 1014 ulterius
1008 957 1288 1027 inquirunt
1312 975 1324 1011 :
1359 956 1428 1011 ab
1455 957 1535 1012 his
1560 965 1736 1010 autem
1769 955 1967 1011 divitiae

379 1061 500 1122 post
524 1059 751 1106 mortem
775 1064 963 1119 pinnas
978 1049 1322 1120 gravissimas
1341 1048 1577 1118 exigunt,
1599 1048 1770 1103 nudos
1805 1062 1969 1117 expo-

380 1154 568 1200 nentes
590 1154 645 1199 et
671 1143 987 1212 insepultos,
1014 1141 1370 1210 Spectaculum
1386 1155 1545 1210 grave
1559 1148 1612 1194 et
1643 1139 1965 1195 miserabile.

378 1234 443 1290 Hi
464 1234 609 1289 enim
629 1232 878 1303 graviora
897 1231 1091 1299 ferunt,
1118 1246 1274 1302 quam
1296 1232 1352 1293 ii,
1375 1233 1464 1303 qui
1482 1232 1531 1287 id
1551 1231 1967 1302 patinnturaju-

379 1323 734 1381 dicisealcuio
761 1333 815 1378 et
834 1324 932 1378 ira.
956 1322 1087 1378 Nam
1108 1323 1180 1377 illi
1205 1322 1417 1393 quidem
1441 1337 1563 1377 cum
1594 1336 1700 1377 uno
1725 1332 1779 1377 et
1798 1324 1969 1377 altero

381 1417 472 1472 die
481 1416 786 1471 manserint
802 1415 1063 1485 insepulti,
1086 1424 1243 1469 terra:
1257 1414 1607 1470 mandantur:
1629 1414 1681 1469 hi
1702 1428 1831 1469 vero
1846 1429 1967 1469 cum

380 1518 547 1565 terra:
586 1509 820 1564 mandati
852 1508 1069 1574 fuerint,
1112 1519 1239 1563 tunc
1267 1508 1557 1575 nudantur,
1583 1507 1885 1578 probroque
1912 1516 1968 1562 et

384 1600 710 1656 contumelia
729 1599 1049 1655 afﬁciuntur.
1070 1599 1224 1668 Quod
1246 1600 1291 1655 si
1313 1614 1418 1654 non
1438 1600 1600 1655 etiam
1619 1609 1775 1669 rapto
1794 1599 1968 1653 loculo

385 1693 646 1752 recedunt
668 1692 902 1748 latrones
920 1732 935 1756 ,
959 1692 1027 1747 de
1054 1706 1119 1747 eo
1145 1706 1251 1747 non
1279 1691 1480 1746 divitiis
1498 1732 1513 1754 ,
1540 1691 1634 1747 sed
1674 1690 1967 1761 paupertati

389 1771 519 1842 sunt
545 1785 807 1841 habenda:
832 1786 1017 1857 gratia:
1045 1803 1061 1841 :
1093 1786 1207 1856 ipsa
1257 1785 1400 1841 enim
1431 1784 1580 1840 illum
1626 1783 1803 1854 eripit.
1834 1782 1966 1837 Nam

385 1878 434 1932 si
481 1893 604 1933 eum
653 1878 1108 1933 commisissemus
1144 1875 1363 1943 divitiis,
1419 1884 1473 1931 et
1524 1889 1629 1930 non
1675 1889 1740 1930 ex
1793 1874 1967 1945 lapide

385 1967 879 2023 eonstruxissemus
904 1981 1050 2035 eum,
1077 1964 1171 2023 sed
1192 1980 1259 2021 ex
1282 1978 1434 2031 auro,
1458 1979 1580 2019 eum
1605 1978 1818 2035 quoque
1846 1978 1969 2034 per-

383 2057 724 2112 didissemus.
775 2056 926 2112 Adeo
955 2056 1119 2112 infida
1170 2070 1259 2111 res
1286 2063 1409 2109 sunt
1456 2055 1678 2123 divitiae,
1730 2063 1966 2111 nectam

380 2157 508 2203 sunt
534 2162 719 2204 eorum
744 2148 835 2218 qui
876 2147 1093 2213 habent,
1115 2161 1273 2217 quam
1302 2161 1486 2202 eorum
1515 2147 1604 2217 qui
1651 2160 1840 2216 rapere
1867 2160 1963 2215 ag-

376 2240 717 2312 grediuntur.
745 2240 1103 2308 Quamobrem
1122 2253 1514 2308 supervacanea
1542 2246 1627 2294 est
1654 2238 1744 2293 illa
1771 2238 1964 2303 oratio,

377 2347 501 2404 qua:
527 2340 754 2387 conatur
779 2330 1062 2387 ostendere
1088 2330 1305 2386 divitias
1339 2346 1462 2387 esse
1498 2338 1799 2400 expugnata
1828 2328 1969 2384 difﬁ-

378 2425 531 2490 ciles,
556 2438 678 2479 eum
725 2437 825 2479 nec
850 2423 905 2477 in
929 2422 1020 2477 die
1056 2422 1270 2492 quidem
1297 2420 1487 2475 mortis
1512 2420 1608 2474 tuti
1633 2409 1740 2476 sint
1761 2420 1851 2490 qui
1876 2434 1967 2476 eas

366 2514 676 2587 possident.
706 2513 868 2585 Atqui
895 2513 1019 2584 quis
1044 2527 1150 2568 non
1175 2510 1550 2567 reconciliatur
1578 2526 1699 2565 cum
1731 2519 1961 2576 mortuo,

379 2605 591 2661 etiamsi
607 2606 676 2661 sit
697 2606 825 2672 fera,
844 2604 1059 2660 etiamsi
1073 2603 1306 2668 daemon,
1323 2601 1534 2656 etiamsi
1553 2601 1774 2672 quilibet
1792 2601 1967 2657 alius?

380 2697 573 2755 sufficit
602 2697 747 2752 enim
781 2695 1148 2766 spectaculum
1174 2693 1240 2749 ad
1267 2691 1589 2749 flectendum
1620 2693 1705 2748 vel
1733 2692 1965 2748 ferreum

380 2788 464 2845 vel
504 2787 710 2845 doloris
757 2796 1054 2857 expertem.
1109 2786 1395 2855 Protiterea
1445 2799 1566 2838 cum
1608 2785 1726 2854 quis
1773 2785 1964 2840 viderit

379 2889 673 2945 mortuum,
700 2879 908 2935 etiamﬂ
937 2878 1128 2933 viderit
1150 2877 1419 2933 inimicum
1446 2886 1500 2932 et
1529 2876 1758 2944 hostem,
1791 2878 1966 2949 lacry-

364 2981 557 3029 matur
580 2958 702 3028 cum
727 2970 1100 3026 amicissimis:
1133 2978 1186 3024 et
1229 2969 1304 3023 ira
1334 2968 1547 3039 quidem
1604 2970 1967 3039 exstinguitur

378 3078 499 3119 cum
524 3064 652 3128 vita,
687 3062 804 3131 ejus
829 3069 1006 3116 autem
1033 3060 1205 3114 locum
1234 3058 1377 3114 subit
1403 3058 1791 3114 misericordia.
1824 3060 1891 3114 Et
1912 3060 1964 3116 in

376 3155 647 3226 exsrquiis
675 3162 731 3210 et
754 3152 956 3208 funeris
981 3152 1210 3208 elatione
1230 3166 1335 3208 non
1357 3151 1675 3207 discreveris
1691 3150 1965 3207 inimicum

364 3246 448 3301 ab
472 3260 539 3301 eo
566 3245 655 3316 qui
680 3243 985 3315 huiusmodi
1017 3258 1123 3298 non
1154 3252 1236 3298 est
1257 3261 1272 3313 ξ
1297 3242 1366 3297 ita
1402 3257 1592 3299 omnes
1624 3257 1963 3299 communem

382 3344 700 3392 reverentur
724 3342 992 3402 naturam,
1012 3344 1067 3390 et
1095 3349 1185 3390 eas
1211 3350 1332 3405 qua:
1351 3334 1416 3391 de
1432 3349 1494 3391 ea
1511 3335 1635 3391 latte
1653 3344 1777 3391 sunt
1798 3336 1962 3405 leges.

382 3424 591 3487 Divitiae
619 3433 793 3481 autem
838 3439 909 3482 ne
955 3425 1059 3481 hoc
1096 3425 1311 3496 quidem
1340 3436 1664 3498 assequutze,
1694 3428 1827 3482 iram
1856 3427 1962 3482 im-

380 3516 607 3572 mittunt
650 3516 706 3570 in
749 3530 842 3573 eos
879 3517 969 3587 qui
1024 3517 1174 3587 ipsas
1205 3518 1511 3586 possident;
1540 3517 1636 3573 sed
1664 3526 1717 3574 et
1753 3533 1846 3573 eos
1874 3518 1963 3588 qni

370 3608 529 3665 nulla
556 3606 732 3663 affecti
755 3616 878 3662 sunt
905 3607 1100 3678 injuria
1133 3608 1363 3663 reddunt
1410 3608 1654 3664 inimicos
1703 3608 1960 3675 defuncti,

373 3696 646 3768 siquidem
687 3706 954 3753 mortuum
982 3712 1179 3769 corpus
1207 3698 1409 3754 nudare
1435 3709 1517 3754 est
1553 3699 1761 3755 acrium
1788 3700 1962 3754 inimi-

364 3803 564 3846 corum
585 3797 639 3843 et
663 3786 920 3843 hosﬁum.
955 3788 1022 3843 Et
1049 3798 1237 3845 natura
1271 3789 1485 3860 quidem
1533 3790 1692 3846 etiam
1719 3791 1962 3848 inimicos

367 3883 421 3937 ei
477 3888 607 3936 tunc
648 3879 999 3947 reconciliat;
1052 3880 1252 3936 divitia:
1312 3890 1491 3937 autent
1541 3882 1702 3937 etiam
1762 3883 1814 3937 in
1867 3898 1961 3939 eos

366 3974 575 4031 bellum
630 3981 843 4043 gerunt,
891 3988 1025 4043 quos
1052 3990 1121 4029 ne
1151 3984 1374 4044 possunt
1421 3975 1635 4045 quidem
1667 3976 1823 4031 ullius
1850 3978 1958 4032 eri-

369 4067 536 4122 minis
583 4079 877 4129 accusare,
931 4073 988 4120 et
1028 4065 1082 4120 in
1128 4081 1318 4136 magna
1360 4068 1647 4123 solitudine
1671 4070 1958 4125 crudeliter

366 4158 603 4216 saeviunt
654 4156 709 4211 in
756 4169 976 4225 corpus.
1051 4157 1212 4226 Atqui
1285 4157 1453 4214 multa
1501 4170 1627 4214 sunt
1683 4161 1789 4216 illic
1835 4177 1957 4232 qua:

366 4258 600 4320 possunt
658 4246 932 4304 attrahere
983 4246 1051 4303 ad
1118 4249 1574 4316 misericordiam,
1621 4251 1723 4307 hoc
1776 4253 1950 4322 ipsum

1348 288 1353 291 ’
1401 290 1471 347 ιΝ
1507 290 1723 349 EPIST.
1764 290 1783 346 Ι
1851 289 1943 345 AD
1967 289 2123 347 COR.
2168 293 2397 352 Ιιοδιιι.
2441 298 2683 355 XXXVI.

3544 312 3652 367 306

2072 407 2211 474 quod
2257 409 2328 464 sit
2379 420 2686 477 mortuum,
2737 411 2879 481 quod
2934 412 3232 482 immobile,
3274 418 3414 487 quod
3447 420 3514 474 ad
3546 432 3654 477 ter-

2069 511 2181 551 ram
2209 499 2393 555 tendat
2431 512 2485 556 et
2505 503 2927 572 corruptionem,
2957 506 3096 575 quod
3128 522 3287 561 nemo
3316 510 3457 564 adsit
3498 525 3656 581 Opem

2069 587 2289 644 laturus.
2340 590 2447 647 Sed
2472 593 2606 648 nihil
2636 593 2824 649 horum
2874 594 3068 667 frangit
3106 599 3226 653 illos
3262 602 3620 659 exsecrandos
3642 643 3660 669 ,

2071 694 2292 753 propter
2322 686 2658 757 tyrannidem
2703 703 2823 758 qua:
2865 704 2933 743 ex
2988 690 3232 761 improba
3279 692 3452 747 oritur
3491 696 3661 766 cupi-

2068 772 2253 829 ditate.
2290 776 2459 831 Amor
2484 778 2628 831 enim
2655 776 2928 848 pecuniae,
2962 788 3232 851 tamquam
3262 783 3509 839 immanis
3540 788 3660 854 qui-

2069 865 2191 921 dam
2246 877 2541 940 tyrannus,
2591 880 2747 941 urget
2804 870 3092 927 inhumana
3143 866 3293 943 jussa
3352 876 3657 945 imperans,

2069 974 2270 1030 eosque
2310 961 2364 1014 in
2401 960 2540 1017 feras
2577 971 2813 1016 mutatos
2838 1002 2854 1028 ,
2886 963 2957 1017 ita
2987 962 3134 1020 ducit
3162 963 3229 1020 ad
3269 966 3494 1023 loculos.
3520 968 3655 1021 Nam

2071 1058 2340 1121 tamquam
2364 1051 2500 1108 ‘fene
2532 1062 2772 1109 mortuos
2814 1054 3164 1121 invadentes,
3216 1072 3285 1112 ne
3329 1073 3360 1112 a
3408 1059 3656 1114 carnibus

2071 1143 2284 1213 quidem
2306 1143 2679 1211 abstinuerint,
2702 1145 2749 1200 si
2765 1146 3004 1201 membra
3028 1146 3132 1201 illis
3153 1157 3333 1203 essent
3353 1150 3520 1204 utilia.
3548 1151 3657 1206 llos

2070 1234 2273 1289 fructus
2303 1235 2629 1305 percipimus
2675 1250 2743 1291 ex
2777 1236 2979 1292 divitiis
3001 1278 3016 1303 ,
3044 1238 3204 1292 etiam
3262 1249 3382 1309 post
3426 1251 3655 1298 mortem

2071 1324 2269 1393 probro
2288 1332 2343 1381 et
2356 1326 2679 1383 contumelia
2697 1325 2871 1382 ali'ecti
2895 1337 2948 1382 et
2967 1328 3237 1397 sepultura
3258 1331 3470 1400 privati,
3494 1348 3654 1400 quam

2070 1426 2425 1486 assequuntur
2451 1417 2613 1472 etiam
2658 1418 2750 1488 qui
2778 1417 2989 1473 nefaria
3035 1431 3428 1490 perpetrarnnt.
3480 1423 3655 1479 Easne

2069 1520 2218 1577 ergo,
2242 1506 2345 1573 die,
2368 1523 2521 1579 rogo,
2546 1508 2723 1564 adhuc
2737 1510 3039 1565 amabimus
3056 1527 3176 1581 qua:
3197 1513 3350 1567 nobis
3374 1523 3499 1569 sunt
3520 1516 3656 1571 adeo

2069 1598 2278 1655 infestae
2322 1611 2378 1655 et
2426 1601 2696 1657 inimicat?
2722 1601 3066 1672 Nequaquam
3088 1645 3102 1669 ,
3134 1619 3287 1675 rogo,
3320 1621 3677 1681 nequaquam,

2070 1690 2281 1757 fratres,
2313 1692 2407 1747 sed
2440 1694 2730 1763 fugiamus,
2765 1710 2866 1750 nec
2895 1694 3084 1750 faciem
3112 1695 3183 1751 ad
3213 1711 3274 1752 ca
3302 1708 3446 1753 retro
3474 1711 3654 1756 verta-

2072 1798 2221 1849 mus;
2248 1795 2299 1837 et
2330 1785 2376 1840 si
2407 1785 2458 1839 in
2489 1800 2680 1840 manus
2719 1796 2929 1842 nostras
2959 1788 3223 1855 venerint,
3253 1805 3322 1844 ne
3354 1790 3496 1847 intus
3523 1792 3653 1847 reti-

2071 1873 2325 1941 neamus,
2356 1877 2451 1932 sed
2479 1892 2574 1933 eas
2598 1893 2890 1949 pauperum
2920 1881 3169 1937 manibus
3198 1883 3498 1954 alligemus.
3530 1886 3655 1941 llarc

2069 1966 2211 2022 enim
2232 1967 2445 2022 vincula
2465 1983 2561 2024 eos
2582 1970 2751 2040 magis
2772 1974 2994 2040 possunt
3014 1972 3270 2040 retinere,
3294 1983 3347 2028 et
3365 1990 3653 2046 numquam

2068 2056 2323 2127 eﬂ'ugient
2349 2073 2414 2113 ex
2444 2059 2552 2113 illis
2576 2061 2877 2130 penuariis;
2911 2062 3131 2131 istatque
3162 2061 3339 2117 infida:
3361 2063 3430 2119 de
3455 2078 3655 2122 cancro

2070 2159 2286 2204 manent
2334 2149 2558 2217 ﬁdeles,
2611 2152 2870 2221 placidae,
2919 2163 3248 2221 mansuetae,
3296 2156 3654 2229 eleemosynat

2068 2240 2288 2296 dextera
2317 2242 2395 2296 sic
2423 2250 2784 2297 commutatae.
2816 2243 2871 2298 Si
2901 2243 3117 2314 quando
3143 2260 3272 2315 ergo
3303 2247 3430 2315 ipsa:
3459 2247 3524 2301 ad
3556 2263 3654 2303 nos

2069 2333 2414 2399 accesserint,
2445 2334 2545 2403 ipsi
2566 2348 2658 2389 eas
2680 2334 2949 2391 tradamus
2974 2352 2987 2389 :
3017 2337 3100 2392 sin
3128 2346 3312 2392 autem
3336 2353 3440 2392 non
3469 2338 3655 2395 adfue-

2070 2424 2198 2490 rint,
2231 2440 2298 2479 ne
2321 2414 2643 2494 quaeramus,
2674 2441 2775 2482 nec
2801 2441 2901 2481 nos
2928 2427 3072 2496 ipsos
3095 2427 3417 2484 sull'oeemus
3438 2470 3451 2494 ,
3480 2446 3655 2501 neque

2069 2530 2163 2570 eos
2189 2516 2279 2586 qui
2321 2516 2518 2572 habent
2549 2517 2733 2573 beatos
2774 2518 3163 2575 existimemus.
3196 2520 3480 2587 Quomodo
3509 2523 3652 2579 enim

2070 2606 2261 2662 beatus
2303 2606 2392 2662 bic
2435 2608 2863 2664 existimandus?
2907 2610 3005 2665 nisi
3047 2624 3143 2666 cos
3171 2612 3259 2681 qui
3305 2627 3427 2668 eum
3468 2614 3653 2669 bestiis

2070 2704 2308 2766 pugnant
2342 2696 2529 2752 beatos
2557 2695 2795 2765 dixeris,
2837 2697 2980 2768 quod
3012 2699 3065 2753 in
3099 2701 3271 2769 pretio
3299 2701 3507 2757 habitas
3534 2704 3654 2759 illas

2071 2786 2270 2842 bestias
2294 2786 2396 2841 sibi
2424 2786 2660 2842 inclusas
2684 2774 3016 2858 serveiit‘qui
3048 2790 3170 2844 talia
3204 2803 3508 2861 proponunt
3535 2810 3654 2849 cer-

2072 2877 2289 2943 tamina,
2318 2876 2415 2946 ipsi
2441 2891 2548 2931 non
2574 2877 2833 2934 audentes
2861 2879 3118 2936 accedere
3148 2896 3247 2937 nec
3277 2894 3527 2953 tangere,
3556 2885 3652 2939 sed

2071 2966 2213 3035 ipsas
2235 2965 2589 3022 formidantes
2615 2977 2670 3024 et
2699 2970 3196 3027 contremiscentcs.
3228 2972 3338 3027 lloc
3370 2975 3538 3044 ipsmn
3564 2991 3654 3031 ac-

2070 3057 2199 3112 cidit
2218 3058 2380 3113 etiam
2403 3057 2676 3127 divitibus,
2707 3059 2797 3130 qui
2819 3068 3087 3131 tamquam
3113 3061 3398 3118 immanem
3428 3065 3650 3125 bestiam

2068 3146 2279 3203 divitias
2312 3149 2646 3205 incluserunt
2675 3150 2727 3204 in
2755 3152 3060 3220 penuariis,
3098 3163 3152 3208 et
3189 3154 3257 3209 ab
3284 3155 3397 3225 ipsa
3431 3155 3654 3228 singulis

2068 3240 2259 3297 diebus
2301 3242 2524 3298 vulnera
2571 3243 2839 3313 accipiunt
2887 3246 3332 3316 innumerabilia,
3378 3250 3651 3305 contrario

2069 3334 2226 3402 plane
2252 3334 2412 3389 modo
2453 3350 2613 3405 quam
2654 3333 2747 3389 fiat
2776 3336 2830 3389 in
2860 3336 3063 3394 bestiis.
3098 3337 3231 3394 Nam
3259 3340 3364 3395 illa:
3391 3342 3605 3410 quidem
3632 3384 3647 3409 ,

2067 3424 2282 3493 quando
2327 3439 2418 3479 eas
2448 3424 2731 3491 eduxeris,
2779 3435 2903 3481 tunc
2947 3427 3167 3483 exitium
3213 3429 3441 3486 afferunt
3470 3432 3534 3485 iis
3560 3433 3650 3502 qni

2068 3514 2173 3569 illis
2203 3524 2491 3570 occurrunt
2521 3532 2535 3570 :
2566 3516 2683 3570 ista:
2724 3525 2902 3571 autem
2946 3532 3067 3573 cum
3116 3519 3315 3574 fuerint
3351 3519 3569 3576 inclusa:
3598 3533 3653 3576 et

2066 3615 2314 3674 servatur,
2348 3618 2474 3663 tunc
2499 3623 2593 3663 eos
2621 3608 2847 3677 perdunt
2877 3610 2966 3680 qui
2994 3612 3135 3680 ipsas
3164 3612 3441 3681 possident
3462 3624 3518 3670 ct
3540 3631 3651 3670 ser-

2067 3708 2211 3754 vant.
2241 3699 2346 3755 Sed
2387 3714 2487 3755 nos
2528 3699 2751 3755 bestiam
2782 3701 2924 3756 hanc
2960 3701 3247 3758 reddamus
3291 3716 3644 3763 mansuetam.

2071 3791 2185 3846 Erit
2205 3801 2382 3847 autem
2412 3803 2689 3849 mansueta
2710 3833 2725 3859 ,
2757 3794 2803 3849 si
2833 3807 2955 3850 eam
2982 3810 3086 3849 non
3119 3796 3491 3854 incluserimus
3511 3842 3524 3864 ,
3554 3802 3648 3856 sed

2069 3887 2121 3939 in
2161 3885 2399 3941 omnium
2448 3886 2719 3956 egentium
2767 3901 2957 3942 manus
3006 3887 3410 3947 adduxerimus.
3466 3891 3555 3947 Sic
3598 3903 3651 3947 et

2069 3978 2295 4033 maxima
2342 3978 2478 4033 bona
2507 3977 2632 4034 inde
2676 3979 3064 4049 percipientus,
3094 3988 3150 4035 et
3181 3982 3232 4035 in
3264 3969 3370 4036 vita
3402 3986 3650 4051 prmsenti

2067 4079 2180 4124 tuto
2208 4085 2271 4125 ac
2312 4084 2499 4125 secure
2540 4078 2595 4125 et
2623 4084 2744 4125 eum
2780 4068 2918 4125 bona
2949 4085 3045 4141 spe
3088 4072 3362 4138 viventes,
3396 4080 3451 4126 et
3482 4074 3531 4126 in
3563 4074 3651 4129 die

2067 4162 2243 4218 futuro
2272 4172 2480 4218 stantes
2508 4176 2629 4216 cum
2660 4160 2849 4216 fiducia
2880 4178 2895 4215 :
2926 4177 3085 4231 quam
3115 4162 3274 4218 detur
3302 4166 3452 4220 nobis
3478 4168 3651 4220 omni-

2064 4256 2164 4310 bus
2190 4255 2400 4324 assequi
2429 4255 2597 4324 gratia
2622 4266 2675 4309 et
2705 4254 3050 4324 benignitate,
3077 4263 3182 4308 etc.

369 4374 2823 4399 h—————-——-——-——————-————-—————_———————-——————

1676 4460 2015 4522 HOMILIA
2054 4461 2356 4522 XXXVI.

360 4605 495 4662 CAP.
537 4607 623 4661 la.
657 4623 705 4659 v.
739 4606 830 4663 20.
864 4606 1073 4661 Fratres
1094 4650 1108 4673 ,
1151 4607 1305 4661 nolite
1336 4608 1479 4676 pueri
1524 4607 1651 4678 efﬁci
1678 4607 1953 4674 utentibus,

374 4746 379 4751 .
431 4699 526 4753 sed
569 4697 765 4752 malitia
799 4700 1000 4770 parvuli
1033 4709 1213 4765 estote,
1263 4701 1508 4755 mentibus
1540 4709 1705 4755 autem
1748 4702 1957 4772 perfecti

431 4800 613 4845 estote.

365 4950 373 4956 δ
438 4883 491 4937 l.
526 4868 719 4937 Merito
751 4891 871 4952 post
905 4882 1128 4938 multam
1154 4884 1615 4940 confirmationem
1644 4895 1698 4941 et
1726 4886 1954 4942 demon-

359 4971 683 5027 strationem
712 4972 954 5028 oratione
982 4974 1146 5028 utitur
1169 4973 1567 5028 vehementiore
1596 4983 1651 5029 et
1680 4976 1842 5030 multa
1876 4976 1956 5029 in-

358 5062 708 5132 crepatione,
760 5072 816 5117 et
855 5063 1097 5118 meminit
1142 5063 1371 5132 exempli
1411 5065 1662 5132 praesenti
1703 5065 1779 5118 rei
1821 5080 1952 5119 eon-

356 5154 627 5222 gruentis.
658 5153 873 5209 Pueruli
902 5155 1045 5209 enim
1087 5154 1152 5209 ad
1196 5170 1356 5225 parva
1384 5154 1598 5225 quidem
1648 5154 1811 5209 hianti
1858 5171 1952 5211 ore

356 5254 584 5315 stupent
626 5254 680 5299 et
711 5246 995 5314 mirantur,
1024 5262 1200 5300 rerum
1232 5255 1411 5301 autem
1448 5246 1602 5300 valde
1640 5261 1951 5316 magnarum

357 5352 468 5393 non
501 5345 649 5391 tanta
682 5346 933 5393 tenentur
976 5338 1344 5394 admiratione.
1389 5339 1650 5407 Quoniam
1696 5356 1822 5410 ergo
1866 5341 1950 5396 isti

355 5446 579 5501 quoque
606 5431 906 5501 linguarum
930 5430 1188 5487 habentes
1214 5432 1436 5496 donum,
1467 5448 1525 5487 se
1556 5440 1723 5486 totum
1755 5433 1953 5489 habere

356 5521 775 5585 existimabant,
821 5521 962 5591 quod
1007 5522 1223 5593 quidem
1254 5531 1370 5576 erat
1398 5522 1623 5577 aliorum
1668 5524 1949 5591 ultimum,

359 5620 649 5682 propterea
677 5612 806 5667 dicit
834 5626 851 5667 :
880 5610 1052 5689 Nolite
1072 5613 1214 5683 pueri
1242 5613 1400 5682 efﬁci;
1430 5612 1530 5667 hoc
1558 5624 1659 5679 est,
1686 5628 1791 5668 non
1824 5615 1950 5667 insi-

361 5703 595 5775 pientes,
630 5704 720 5760 ubi
748 5711 957 5776 oportet
983 5718 1105 5761 esse
1132 5703 1432 5773 sapientes;
1463 5704 1554 5759 sed
1584 5704 1688 5758 illic
1716 5707 1866 5776 pueri
1895 5714 1948 5760 et

2063 4607 2363 4678 simplices,
2398 4605 2486 4673 ubi
2529 4617 2611 4663 est
2641 4607 2898 4679 injustitia
2920 4650 2935 4676 ,
2970 4608 3059 4664 ubi
3108 4609 3278 4665 inanis
3316 4611 3481 4683 gloria
3506 4652 3521 4676 ,
3559 4613 3646 4668 ubi

2064 4708 2259 4754 tumor.
2291 4699 2424 4753 Eum
2455 4700 2596 4753 enim
2621 4741 2637 4767 ,
2668 4700 2756 4770 qui
2789 4700 2917 4753 vitio
2960 4710 3042 4755 est
3090 4702 3294 4768 infans,
3326 4703 3485 4758 etiam
3516 4720 3645 4774 pruo

2058 4791 2271 4848 dentem
2301 4807 2421 4847 esse
2462 4801 2691 4861 oportet.
2721 4790 2870 4846 Sicut
2897 4792 3037 4846 enim
3072 4793 3350 4863 prudentia
3383 4810 3502 4849 cum
3542 4794 3641 4847 int.

2060 4881 2325 4954 probitate
2350 4899 2681 4953 nequaquam
2707 4883 2864 4937 fuerit
2893 4884 3169 4953 prudentia
3196 4902 3211 4939 :
3247 4886 3313 4938 ita
3339 4887 3495 4939 etiam
3519 4887 3643 4940 sini-

2060 4976 2267 5045 plicitas
2296 4990 2417 5028 cum
2450 4973 2679 5027 amentia
2721 4990 2827 5028 non
2857 4973 3017 5029 fuerit
3050 4976 3381 5046 simplicitas.
3430 4975 3559 5029 Nam
3593 4986 3645 5031 et

2060 5064 2115 5119 in
2145 5065 2485 5134 simplicitate
2517 5064 2758 5134 fugienda
2790 5073 2872 5119 est
2898 5066 3131 5119 amentia
3152 5106 3167 5131 ,
3199 5074 3252 5118 et
3283 5066 3332 5117 in
3365 5067 3643 5134 prudentia

2058 5154 2244 5209 vitium
2266 5162 2320 5208 et
2341 5155 2594 5224 nequitia.
2615 5154 3075 5221 Quemadmodum
3100 5155 3240 5209 enim
3263 5171 3437 5227 neque
3462 5174 3641 5212 amara

2058 5259 2229 5314 neque
2258 5242 2432 5298 dulcia
2461 5244 2846 5298 medicamenta
2877 5253 3136 5314 prosunt,
3165 5245 3209 5300 si
3240 5247 3360 5300 talia
3389 5249 3494 5302 sint
3527 5250 3643 5318 plus

2057 5350 2215 5403 quam
2248 5333 2472 5403 parsit:
2508 5334 2577 5387 ita
2610 5349 2709 5388 nec
2749 5334 3065 5404 simplicitas
3095 5352 3192 5405 per
3238 5353 3333 5403 se,
3377 5353 3475 5393 nec
3515 5355 3640 5405 pru-

2055 5429 2256 5485 dentia.
2288 5428 2646 5495 Quamobrem
2673 5428 2916 5483 Christus
2940 5437 3163 5500 utraque
3181 5428 3376 5502 jubens
3401 5438 3641 5482 contem-

2058 5536 2245 5591 perare
2285 5521 2536 5576 dicebat:
2574 5520 2747 5574 Estote
2786 5522 3058 5591 prudentes
3105 5524 3233 5576 sicut
3272 5529 3523 5589 serpentes
3546 5561 3560 5585 ,
3594 5533 3640 5574 et

2055 5612 2305 5683 simplices
2326 5612 2455 5665 sicut
2480 5613 2727 5666 coluntbw
2761 5611 2970 5682 (Matth.
3006 5612 3089 5667 l0.
3122 5613 3234 5681 l6).
3264 5608 3399 5676 Quid
3428 5617 3507 5659 est
3538 5625 3636 5661 au-

2057 5713 2159 5760 tem
2188 5718 2305 5759 esse
2337 5704 2581 5776 parvulos
2624 5721 2717 5759 seu
2750 5704 2978 5758 infantes
3012 5702 3210 5755 nnilitia
3239 5715 3331 5753 seu
3362 5696 3533 5753 vitio?
3560 5695 3638 5748 Ne
