  <div class='ocr_page' id='page_1' title='image "/cluster/home/n/w/nwhite01/storage/ocr_20150623/61/mdp.39015008622618/313.png"; bbox 0 0 4018 6156; ppageno 0'>
   <div class='ocr_carea' id='block_1_1' title="bbox 386 290 486 346">
    <p class='ocr_par' dir='ltr' id='par_1_1' title="bbox 386 290 486 346">
     <span class='ocr_line' id='line_1_1' title="bbox 386 290 486 346; baseline -0.01 -1"><span class='ocrx_word' id='word_1_1' title='bbox 386 290 486 346; x_wconf 79' lang='grc' dir='ltr'><strong>5οἷ</strong></span> 
     </span>
    </p>
   </div>
   <div class='ocr_carea' id='block_1_2' title="bbox 388 393 1978 475">
    <p class='ocr_par' dir='ltr' id='par_1_2' title="bbox 388 393 1978 475">
     <span class='ocr_line' id='line_1_2' title="bbox 388 393 1978 475; baseline -0.009 -15"><span class='ocrx_word' id='word_1_2' title='bbox 388 419 548 461; x_wconf 88' lang='lat' dir='ltr'><strong>nosse</strong></span> <span class='ocrx_word' id='word_1_3' title='bbox 577 403 792 475; x_wconf 99' lang='lat' dir='ltr'><strong>quidem</strong></span> <span class='ocrx_word' id='word_1_4' title='bbox 821 399 945 472; x_wconf 90' lang='lat' dir='ltr'><strong>quid</strong></span> <span class='ocrx_word' id='word_1_5' title='bbox 971 399 1039 454; x_wconf 93' lang='lat' dir='ltr'><strong>sit</strong></span> <span class='ocrx_word' id='word_1_6' title='bbox 1067 397 1252 451; x_wconf 75' lang='lat' dir='ltr'><strong>vitium</strong></span> <span class='ocrx_word' id='word_1_7' title='bbox 1279 413 1294 450; x_wconf 88' lang='lat'><strong>:</strong></span> <span class='ocrx_word' id='word_1_8' title='bbox 1323 408 1416 449; x_wconf 91' lang='lat' dir='ltr'><strong>eos</strong></span> <span class='ocrx_word' id='word_1_9' title='bbox 1440 393 1587 449; x_wconf 88' lang='lat' dir='ltr'><strong>enim</strong></span> <span class='ocrx_word' id='word_1_10' title='bbox 1611 393 1726 447; x_wconf 87' lang='lat' dir='ltr'><strong>vult</strong></span> <span class='ocrx_word' id='word_1_11' title='bbox 1749 405 1868 448; x_wconf 87' lang='lat' dir='ltr'><strong>esse</strong></span> <span class='ocrx_word' id='word_1_12' title='bbox 1896 399 1978 445; x_wconf 84' lang='lat' dir='ltr'><strong>ta-</strong></span> 
     </span>
    </p>
   </div>
   <div class='ocr_carea' id='block_1_3' title="bbox 388 482 1978 554">
    <p class='ocr_par' dir='ltr' id='par_1_3' title="bbox 388 482 1978 554">
     <span class='ocr_line' id='line_1_3' title="bbox 388 482 1978 554; baseline -0.013 -1"><span class='ocrx_word' id='word_1_13' title='bbox 388 500 486 553; x_wconf 88' lang='lat' dir='ltr'><strong>les.</strong></span> <span class='ocrx_word' id='word_1_14' title='bbox 521 500 583 552; x_wconf 87' lang='lat' dir='ltr'><strong>Et</strong></span> <span class='ocrx_word' id='word_1_15' title='bbox 613 497 733 551; x_wconf 90' lang='lat' dir='ltr'><strong>ideo</strong></span> <span class='ocrx_word' id='word_1_16' title='bbox 769 491 1016 548; x_wconf 88' lang='lat' dir='ltr'><strong>dicebat:</strong></span> <span class='ocrx_word' id='word_1_17' title='bbox 1049 486 1271 543; x_wconf 84' lang='lat' dir='ltr'><strong>Omnino</strong></span> <span class='ocrx_word' id='word_1_18' title='bbox 1297 487 1427 540; x_wconf 85' lang='lat' dir='ltr'><strong>inter</strong></span> <span class='ocrx_word' id='word_1_19' title='bbox 1453 500 1541 538; x_wconf 87' lang='lat' dir='ltr'><strong>vos</strong></span> <span class='ocrx_word' id='word_1_20' title='bbox 1578 482 1784 536; x_wconf 75' lang='lat' dir='ltr'><strong>auditur</strong></span> <span class='ocrx_word' id='word_1_21' title='bbox 1811 482 1978 554; x_wconf 80' lang='lat' dir='ltr'><strong>forni-</strong></span> 
     </span>
    </p>
   </div>
   <div class='ocr_carea' id='block_1_4' title="bbox 388 557 2026 657">
    <p class='ocr_par' dir='ltr' id='par_1_4' title="bbox 388 557 2026 657">
     <span class='ocr_line' id='line_1_4' title="bbox 388 557 2026 657; baseline -0.012 -12"><span class='ocrx_word' id='word_1_22' title='bbox 388 591 520 645; x_wconf 82' lang='lat' dir='ltr'><strong>catio</strong></span> <span class='ocrx_word' id='word_1_23' title='bbox 551 590 637 657; x_wconf 90' lang='lat' dir='ltr'><strong>(l.</strong></span> <span class='ocrx_word' id='word_1_24' title='bbox 674 585 793 641; x_wconf 82' lang='lat' dir='ltr'><strong>Cor.</strong></span> <span class='ocrx_word' id='word_1_25' title='bbox 823 584 876 639; x_wconf 86' lang='lat'><strong>5.</strong></span> <span class='ocrx_word' id='word_1_26' title='bbox 908 582 1000 652; x_wconf 83' lang='grc'><strong>1).</strong></span> <span class='ocrx_word' id='word_1_27' title='bbox 1051 579 1166 634; x_wconf 83' lang='grc' dir='ltr'><strong>Νοη</strong></span> <span class='ocrx_word' id='word_1_28' title='bbox 1209 577 1378 643; x_wconf 77' lang='lat' dir='ltr'><strong>dixit,</strong></span> <span class='ocrx_word' id='word_1_29' title='bbox 1425 575 1788 645; x_wconf 88' lang='lat' dir='ltr'><strong>Perpetratur,</strong></span> <span class='ocrx_word' id='word_1_30' title='bbox 1839 569 1934 628; x_wconf 76' lang='lat' dir='ltr'><strong>sed</strong></span> <span class='ocrx_word' id='word_1_31' title='bbox 1959 613 1974 637; x_wconf 95' lang='lat'><strong>,</strong></span> <span class='ocrx_word' id='word_1_32' title='bbox 2023 557 2026 562; x_wconf 62' lang='grc'><em>’</em></span> 
     </span>
    </p>
   </div>
   <div class='ocr_carea' id='block_1_5' title="bbox 387 666 1975 742">
    <p class='ocr_par' dir='ltr' id='par_1_5' title="bbox 387 666 1975 742">
     <span class='ocr_line' id='line_1_5' title="bbox 387 666 1975 742; baseline -0.011 -6"><span class='ocrx_word' id='word_1_33' title='bbox 387 683 624 736; x_wconf 79' lang='lat' dir='ltr'><strong>Auditur.</strong></span> <span class='ocrx_word' id='word_1_34' title='bbox 670 677 802 731; x_wconf 77' lang='lat' dir='ltr'><strong>Rem</strong></span> <span class='ocrx_word' id='word_1_35' title='bbox 841 674 1022 738; x_wconf 87' lang='lat' dir='ltr'><strong>enim,</strong></span> <span class='ocrx_word' id='word_1_36' title='bbox 1067 671 1273 742; x_wconf 90' lang='lat' dir='ltr'><strong>inquit,</strong></span> <span class='ocrx_word' id='word_1_37' title='bbox 1323 668 1544 723; x_wconf 87' lang='lat' dir='ltr'><strong>omnino</strong></span> <span class='ocrx_word' id='word_1_38' title='bbox 1589 667 1772 734; x_wconf 85' lang='lat' dir='ltr'><strong>scitis;</strong></span> <span class='ocrx_word' id='word_1_39' title='bbox 1805 666 1975 736; x_wconf 85' lang='lat' dir='ltr'><strong>ipsam</strong></span> 
     </span>
    </p>
   </div>
   <div class='ocr_carea' id='block_1_6' title="bbox 386 761 1978 842">
    <p class='ocr_par' dir='ltr' id='par_1_6' title="bbox 386 761 1978 842">
     <span class='ocr_line' id='line_1_6' title="bbox 386 761 1978 842; baseline -0.01 -13"><span class='ocrx_word' id='word_1_40' title='bbox 386 777 529 829; x_wconf 74' lang='lat' dir='ltr'><strong>etiim</strong></span> <span class='ocrx_word' id='word_1_41' title='bbox 559 770 846 842; x_wconf 82' lang='lat' dir='ltr'><strong>aliquando</strong></span> <span class='ocrx_word' id='word_1_42' title='bbox 871 767 1172 822; x_wconf 81' lang='lat' dir='ltr'><strong>audivistis.</strong></span> <span class='ocrx_word' id='word_1_43' title='bbox 1197 764 1426 820; x_wconf 77' lang='lat' dir='ltr'><strong>Volebat</strong></span> <span class='ocrx_word' id='word_1_44' title='bbox 1445 765 1587 819; x_wconf 87' lang='lat' dir='ltr'><strong>enim</strong></span> <span class='ocrx_word' id='word_1_45' title='bbox 1618 761 1762 832; x_wconf 89' lang='lat' dir='ltr'><strong>ipsos</strong></span> <span class='ocrx_word' id='word_1_46' title='bbox 1783 774 1904 816; x_wconf 84' lang='lat' dir='ltr'><strong>esse</strong></span> <span class='ocrx_word' id='word_1_47' title='bbox 1923 767 1978 813; x_wconf 91' lang='lat' dir='ltr'><strong>et</strong></span> 
     </span>
    </p>
   </div>
   <div class='ocr_carea' id='block_1_7' title="bbox 386 855 1975 934">
    <p class='ocr_par' dir='ltr' id='par_1_7' title="bbox 386 855 1975 934">
     <span class='ocr_line' id='line_1_7' title="bbox 386 855 1975 934; baseline -0.007 -12"><span class='ocrx_word' id='word_1_48' title='bbox 386 869 531 922; x_wconf 86' lang='lat' dir='ltr'><strong>viros</strong></span> <span class='ocrx_word' id='word_1_49' title='bbox 556 877 612 920; x_wconf 88' lang='lat' dir='ltr'><strong>et</strong></span> <span class='ocrx_word' id='word_1_50' title='bbox 641 879 870 934; x_wconf 82' lang='lat' dir='ltr'><strong>pueros,</strong></span> <span class='ocrx_word' id='word_1_51' title='bbox 917 861 1011 916; x_wconf 88' lang='lat' dir='ltr'><strong>sed</strong></span> <span class='ocrx_word' id='word_1_52' title='bbox 1043 861 1146 915; x_wconf 90' lang='lat' dir='ltr'><strong>hoc</strong></span> <span class='ocrx_word' id='word_1_53' title='bbox 1173 858 1390 930; x_wconf 88' lang='lat' dir='ltr'><strong>quidem</strong></span> <span class='ocrx_word' id='word_1_54' title='bbox 1421 857 1476 912; x_wconf 92' lang='lat' dir='ltr'><strong>in</strong></span> <span class='ocrx_word' id='word_1_55' title='bbox 1506 856 1654 922; x_wconf 87' lang='lat' dir='ltr'><strong>vitio,</strong></span> <span class='ocrx_word' id='word_1_56' title='bbox 1685 855 1814 911; x_wconf 91' lang='lat' dir='ltr'><strong>illud</strong></span> <span class='ocrx_word' id='word_1_57' title='bbox 1847 869 1975 911; x_wconf 75' lang='lat' dir='ltr'><strong>vero</strong></span> 
     </span>
    </p>
   </div>
   <div class='ocr_carea' id='block_1_8' title="bbox 388 949 1975 1030">
    <p class='ocr_par' dir='ltr' id='par_1_8' title="bbox 388 949 1975 1030">
     <span class='ocr_line' id='line_1_8' title="bbox 388 949 1975 1030; baseline -0.007 -16"><span class='ocrx_word' id='word_1_58' title='bbox 388 964 439 1016; x_wconf 90' lang='lat' dir='ltr'><strong>in</strong></span> <span class='ocrx_word' id='word_1_59' title='bbox 467 959 767 1030; x_wconf 88' lang='lat' dir='ltr'><strong>prudentia.</strong></span> <span class='ocrx_word' id='word_1_60' title='bbox 797 957 888 1012; x_wconf 92' lang='lat' dir='ltr'><strong>Sic</strong></span> <span class='ocrx_word' id='word_1_61' title='bbox 907 955 1052 1011; x_wconf 88' lang='lat' dir='ltr'><strong>enim</strong></span> <span class='ocrx_word' id='word_1_62' title='bbox 1073 964 1128 1010; x_wconf 93' lang='lat' dir='ltr'><strong>et</strong></span> <span class='ocrx_word' id='word_1_63' title='bbox 1146 953 1248 1021; x_wconf 83' lang='lat' dir='ltr'><strong>vir,</strong></span> <span class='ocrx_word' id='word_1_64' title='bbox 1278 953 1360 1008; x_wconf 79' lang='lat' dir='ltr'><strong>vir</strong></span> <span class='ocrx_word' id='word_1_65' title='bbox 1388 950 1570 1018; x_wconf 80' lang='lat' dir='ltr'><strong>fuerit,</strong></span> <span class='ocrx_word' id='word_1_66' title='bbox 1596 951 1640 1005; x_wconf 88' lang='lat' dir='ltr'><strong>si</strong></span> <span class='ocrx_word' id='word_1_67' title='bbox 1667 949 1828 1006; x_wconf 83' lang='lat' dir='ltr'><strong>luerit</strong></span> <span class='ocrx_word' id='word_1_68' title='bbox 1853 965 1975 1020; x_wconf 86' lang='lat' dir='ltr'><strong>par-</strong></span> 
     </span>
    </p>
   </div>
   <div class='ocr_carea' id='block_1_9' title="bbox 391 1041 1975 1122">
    <p class='ocr_par' dir='ltr' id='par_1_9' title="bbox 391 1041 1975 1122">
     <span class='ocr_line' id='line_1_9' title="bbox 391 1041 1975 1122; baseline -0.006 -15"><span class='ocrx_word' id='word_1_69' title='bbox 391 1053 545 1107; x_wconf 80' lang='lat' dir='ltr'><strong>vnlns</strong></span> <span class='ocrx_word' id='word_1_70' title='bbox 574 1070 587 1106; x_wconf 90' lang='lat'><strong>:</strong></span> <span class='ocrx_word' id='word_1_71' title='bbox 621 1049 875 1122; x_wconf 76' lang='lat' dir='ltr'><strong>quamdiu</strong></span> <span class='ocrx_word' id='word_1_72' title='bbox 897 1057 1075 1103; x_wconf 88' lang='lat' dir='ltr'><strong>autem</strong></span> <span class='ocrx_word' id='word_1_73' title='bbox 1106 1061 1210 1101; x_wconf 91' lang='lat' dir='ltr'><strong>non</strong></span> <span class='ocrx_word' id='word_1_74' title='bbox 1241 1045 1402 1100; x_wconf 86' lang='lat' dir='ltr'><strong>luerit</strong></span> <span class='ocrx_word' id='word_1_75' title='bbox 1429 1043 1602 1098; x_wconf 79' lang='lat' dir='ltr'><strong>infans</strong></span> <span class='ocrx_word' id='word_1_76' title='bbox 1631 1043 1780 1105; x_wconf 82' lang='lat' dir='ltr'><strong>vitio,</strong></span> <span class='ocrx_word' id='word_1_77' title='bbox 1808 1057 1876 1096; x_wconf 88' lang='lat' dir='ltr'><strong>ne</strong></span> <span class='ocrx_word' id='word_1_78' title='bbox 1894 1041 1975 1097; x_wconf 82' lang='lat' dir='ltr'><strong>vir</strong></span> 
     </span>
    </p>
   </div>
   <div class='ocr_carea' id='block_1_10' title="bbox 384 1131 1973 1215">
    <p class='ocr_par' dir='ltr' id='par_1_10' title="bbox 384 1131 1973 1215">
     <span class='ocr_line' id='line_1_10' title="bbox 384 1131 1973 1215; baseline -0.008 -17"><span class='ocrx_word' id='word_1_79' title='bbox 384 1143 599 1215; x_wconf 82' lang='lat' dir='ltr'><strong>quidem</strong></span> <span class='ocrx_word' id='word_1_80' title='bbox 630 1142 748 1197; x_wconf 90' lang='lat' dir='ltr'><strong>erit.</strong></span> <span class='ocrx_word' id='word_1_81' title='bbox 777 1139 908 1194; x_wconf 86' lang='lat' dir='ltr'><strong>Nam</strong></span> <span class='ocrx_word' id='word_1_82' title='bbox 936 1140 1024 1208; x_wconf 87' lang='lat' dir='ltr'><strong>qui</strong></span> <span class='ocrx_word' id='word_1_83' title='bbox 1054 1144 1138 1192; x_wconf 89' lang='lat' dir='ltr'><strong>est</strong></span> <span class='ocrx_word' id='word_1_84' title='bbox 1162 1135 1458 1192; x_wconf 84' lang='lat' dir='ltr'><strong>sceleratus</strong></span> <span class='ocrx_word' id='word_1_85' title='bbox 1480 1175 1497 1199; x_wconf 93' lang='lat'><strong>,</strong></span> <span class='ocrx_word' id='word_1_86' title='bbox 1530 1149 1638 1188; x_wconf 90' lang='lat' dir='ltr'><strong>non</strong></span> <span class='ocrx_word' id='word_1_87' title='bbox 1665 1135 1771 1189; x_wconf 89' lang='lat' dir='ltr'><strong>erit</strong></span> <span class='ocrx_word' id='word_1_88' title='bbox 1795 1131 1973 1203; x_wconf 83' lang='lat' dir='ltr'><strong>perfe-</strong></span> 
     </span>
    </p>
   </div>
   <div class='ocr_carea' id='block_1_11' title="bbox 383 1221 1973 1301">
    <p class='ocr_par' dir='ltr' id='par_1_11' title="bbox 383 1221 1973 1301">
     <span class='ocr_line' id='line_1_11' title="bbox 383 1221 1973 1301; baseline -0.009 -11"><span class='ocrx_word' id='word_1_89' title='bbox 383 1245 524 1300; x_wconf 89' lang='lat' dir='ltr'><strong>ctus,</strong></span> <span class='ocrx_word' id='word_1_90' title='bbox 556 1233 650 1289; x_wconf 88' lang='lat' dir='ltr'><strong>sed</strong></span> <span class='ocrx_word' id='word_1_91' title='bbox 680 1232 960 1301; x_wconf 88' lang='lat' dir='ltr'><strong>insipiens.</strong></span> <span class='ocrx_word' id='word_1_92' title='bbox 986 1229 1079 1284; x_wconf 74' lang='grc'><strong>21.</strong></span> <span class='ocrx_word' id='word_1_93' title='bbox 1111 1227 1178 1282; x_wconf 82' lang='lat' dir='ltr'><strong>In</strong></span> <span class='ocrx_word' id='word_1_94' title='bbox 1205 1228 1314 1298; x_wconf 89' lang='lat' dir='ltr'><strong>lege</strong></span> <span class='ocrx_word' id='word_1_95' title='bbox 1342 1227 1476 1280; x_wconf 87' lang='lat' dir='ltr'><strong>enim</strong></span> <span class='ocrx_word' id='word_1_96' title='bbox 1501 1225 1745 1296; x_wconf 78' lang='lat' dir='ltr'><strong>scriptum</strong></span> <span class='ocrx_word' id='word_1_97' title='bbox 1769 1232 1843 1278; x_wconf 88' lang='lat' dir='ltr'><strong>est</strong></span> <span class='ocrx_word' id='word_1_98' title='bbox 1866 1239 1885 1281; x_wconf 85' lang='lat'><strong>.°</strong></span> <span class='ocrx_word' id='word_1_99' title='bbox 1907 1221 1973 1277; x_wconf 86' lang='lat' dir='ltr'><strong>In</strong></span> 
     </span>
    </p>
   </div>
   <div class='ocr_carea' id='block_1_12' title="bbox 384 1317 1973 1396">
    <p class='ocr_par' dir='ltr' id='par_1_12' title="bbox 384 1317 1973 1396">
     <span class='ocr_line' id='line_1_12' title="bbox 384 1317 1973 1396; baseline -0.006 -15"><span class='ocrx_word' id='word_1_100' title='bbox 384 1327 502 1381; x_wconf 82' lang='lat' dir='ltr'><strong>aliis</strong></span> <span class='ocrx_word' id='word_1_101' title='bbox 529 1326 715 1396; x_wconf 75' lang='lat' dir='ltr'><strong>linguis</strong></span> <span class='ocrx_word' id='word_1_102' title='bbox 741 1333 786 1378; x_wconf 88' lang='lat' dir='ltr'><strong>et</strong></span> <span class='ocrx_word' id='word_1_103' title='bbox 813 1323 867 1377; x_wconf 89' lang='lat' dir='ltr'><strong>in</strong></span> <span class='ocrx_word' id='word_1_104' title='bbox 898 1321 1044 1376; x_wconf 87' lang='lat' dir='ltr'><strong>labiis</strong></span> <span class='ocrx_word' id='word_1_105' title='bbox 1070 1320 1186 1374; x_wconf 86' lang='lat' dir='ltr'><strong>aliis</strong></span> <span class='ocrx_word' id='word_1_106' title='bbox 1212 1321 1393 1388; x_wconf 85' lang='lat' dir='ltr'><strong>loquar</strong></span> <span class='ocrx_word' id='word_1_107' title='bbox 1418 1317 1606 1388; x_wconf 84' lang='lat' dir='ltr'><strong>populo</strong></span> <span class='ocrx_word' id='word_1_108' title='bbox 1635 1317 1780 1382; x_wconf 84' lang='lat' dir='ltr'><strong>huic,</strong></span> <span class='ocrx_word' id='word_1_109' title='bbox 1807 1325 1855 1370; x_wconf 89' lang='lat' dir='ltr'><strong>et</strong></span> <span class='ocrx_word' id='word_1_110' title='bbox 1883 1331 1973 1371; x_wconf 82' lang='lat' dir='ltr'><strong>nec</strong></span> 
     </span>
    </p>
   </div>
   <div class='ocr_carea' id='block_1_13' title="bbox 383 1407 1970 1480">
    <p class='ocr_par' dir='ltr' id='par_1_13' title="bbox 383 1407 1970 1480">
     <span class='ocr_line' id='line_1_13' title="bbox 383 1407 1970 1480; baseline -0.007 -7"><span class='ocrx_word' id='word_1_111' title='bbox 383 1419 458 1473; x_wconf 88' lang='lat' dir='ltr'><strong>sic</strong></span> <span class='ocrx_word' id='word_1_112' title='bbox 503 1416 774 1472; x_wconf 77' lang='lat' dir='ltr'><strong>exaudient</strong></span> <span class='ocrx_word' id='word_1_113' title='bbox 805 1430 904 1479; x_wconf 88' lang='lat' dir='ltr'><strong>me,</strong></span> <span class='ocrx_word' id='word_1_114' title='bbox 947 1413 1070 1466; x_wconf 90' lang='lat' dir='ltr'><strong>dicit</strong></span> <span class='ocrx_word' id='word_1_115' title='bbox 1115 1409 1384 1466; x_wconf 82' lang='lat' dir='ltr'><strong>Dominus.</strong></span> <span class='ocrx_word' id='word_1_116' title='bbox 1413 1411 1570 1480; x_wconf 85' lang='lat' dir='ltr'><strong>Atqui</strong></span> <span class='ocrx_word' id='word_1_117' title='bbox 1615 1424 1875 1480; x_wconf 81' lang='lat' dir='ltr'><strong>nusquam</strong></span> <span class='ocrx_word' id='word_1_118' title='bbox 1919 1407 1970 1462; x_wconf 92' lang='lat' dir='ltr'><strong>in</strong></span> 
     </span>
    </p>
   </div>
   <div class='ocr_carea' id='block_1_14' title="bbox 385 1501 1974 1579">
    <p class='ocr_par' dir='ltr' id='par_1_14' title="bbox 385 1501 1974 1579">
     <span class='ocr_line' id='line_1_14' title="bbox 385 1501 1974 1579; baseline -0.005 -15"><span class='ocrx_word' id='word_1_119' title='bbox 385 1511 504 1579; x_wconf 84' lang='lat' dir='ltr'><strong>lege</strong></span> <span class='ocrx_word' id='word_1_120' title='bbox 532 1508 789 1579; x_wconf 87' lang='lat' dir='ltr'><strong>scriptum</strong></span> <span class='ocrx_word' id='word_1_121' title='bbox 814 1515 917 1572; x_wconf 88' lang='lat' dir='ltr'><strong>est,</strong></span> <span class='ocrx_word' id='word_1_122' title='bbox 948 1503 1042 1560; x_wconf 86' lang='lat' dir='ltr'><strong>sed</strong></span> <span class='ocrx_word' id='word_1_123' title='bbox 1063 1504 1201 1559; x_wconf 88' lang='lat' dir='ltr'><strong>sicut</strong></span> <span class='ocrx_word' id='word_1_124' title='bbox 1223 1503 1374 1573; x_wconf 84' lang='lat' dir='ltr'><strong>prius</strong></span> <span class='ocrx_word' id='word_1_125' title='bbox 1399 1501 1530 1568; x_wconf 79' lang='lat' dir='ltr'><strong>dixi,</strong></span> <span class='ocrx_word' id='word_1_126' title='bbox 1561 1503 1866 1556; x_wconf 81' lang='lat' dir='ltr'><strong>universam</strong></span> <span class='ocrx_word' id='word_1_127' title='bbox 1889 1517 1974 1556; x_wconf 85' lang='lat' dir='ltr'><strong>ve-</strong></span> 
     </span>
    </p>
   </div>
   <div class='ocr_carea' id='block_1_15' title="bbox 387 1595 1971 1667">
    <p class='ocr_par' dir='ltr' id='par_1_15' title="bbox 387 1595 1971 1667">
     <span class='ocr_line' id='line_1_15' title="bbox 387 1595 1971 1667; baseline -0.002 -14"><span class='ocrx_word' id='word_1_128' title='bbox 387 1611 554 1656; x_wconf 86' lang='lat' dir='ltr'><strong>terem</strong></span> <span class='ocrx_word' id='word_1_129' title='bbox 597 1598 929 1667; x_wconf 76' lang='lat' dir='ltr'><strong>Scriptorum</strong></span> <span class='ocrx_word' id='word_1_130' title='bbox 959 1611 1174 1666; x_wconf 82' lang='lat' dir='ltr'><strong>semper</strong></span> <span class='ocrx_word' id='word_1_131' title='bbox 1203 1605 1360 1650; x_wconf 82' lang='lat' dir='ltr'><strong>vocat</strong></span> <span class='ocrx_word' id='word_1_132' title='bbox 1391 1595 1560 1665; x_wconf 86' lang='lat' dir='ltr'><strong>legem</strong></span> <span class='ocrx_word' id='word_1_133' title='bbox 1587 1604 1641 1649; x_wconf 92' lang='lat' dir='ltr'><strong>et</strong></span> <span class='ocrx_word' id='word_1_134' title='bbox 1682 1595 1971 1665; x_wconf 79' lang='lat' dir='ltr'><strong>prophetas</strong></span> 
     </span>
    </p>
   </div>
   <div class='ocr_carea' id='block_1_16' title="bbox 383 1684 1970 1747">
    <p class='ocr_par' dir='ltr' id='par_1_16' title="bbox 383 1684 1970 1747">
     <span class='ocr_line' id='line_1_16' title="bbox 383 1684 1970 1747; baseline -0.004 -2"><span class='ocrx_word' id='word_1_135' title='bbox 383 1702 440 1747; x_wconf 79' lang='lat' dir='ltr'><strong>rt</strong></span> <span class='ocrx_word' id='word_1_136' title='bbox 487 1690 756 1746; x_wconf 81' lang='lat' dir='ltr'><strong>historias.</strong></span> <span class='ocrx_word' id='word_1_137' title='bbox 809 1687 1042 1743; x_wconf 83' lang='lat' dir='ltr'><strong>Adducit</strong></span> <span class='ocrx_word' id='word_1_138' title='bbox 1087 1695 1265 1742; x_wconf 85' lang='lat' dir='ltr'><strong>autem</strong></span> <span class='ocrx_word' id='word_1_139' title='bbox 1312 1685 1676 1741; x_wconf 89' lang='lat' dir='ltr'><strong>testimonium</strong></span> <span class='ocrx_word' id='word_1_140' title='bbox 1727 1700 1792 1739; x_wconf 83' lang='lat' dir='ltr'><strong>ex</strong></span> <span class='ocrx_word' id='word_1_141' title='bbox 1835 1684 1970 1740; x_wconf 87' lang='lat' dir='ltr'><strong>lsaia</strong></span> 
     </span>
    </p>
   </div>
   <div class='ocr_carea' id='block_1_17' title="bbox 384 1775 1968 1856">
    <p class='ocr_par' dir='ltr' id='par_1_17' title="bbox 384 1775 1968 1856">
     <span class='ocr_line' id='line_1_17' title="bbox 384 1775 1968 1856; baseline -0.006 -18"><span class='ocrx_word' id='word_1_142' title='bbox 384 1786 671 1856; x_wconf 79' lang='lat' dir='ltr'><strong>propheta,</strong></span> <span class='ocrx_word' id='word_1_143' title='bbox 704 1795 892 1836; x_wconf 70' lang='lat' dir='ltr'><strong>rursus</strong></span> <span class='ocrx_word' id='word_1_144' title='bbox 930 1780 1056 1835; x_wconf 90' lang='lat' dir='ltr'><strong>doni</strong></span> <span class='ocrx_word' id='word_1_145' title='bbox 1083 1779 1306 1849; x_wconf 78' lang='lat' dir='ltr'><strong>gloriam</strong></span> <span class='ocrx_word' id='word_1_146' title='bbox 1335 1777 1639 1832; x_wconf 86' lang='lat' dir='ltr'><strong>diminuens</strong></span> <span class='ocrx_word' id='word_1_147' title='bbox 1665 1775 1731 1829; x_wconf 90' lang='lat' dir='ltr'><strong>ad</strong></span> <span class='ocrx_word' id='word_1_148' title='bbox 1758 1775 1968 1831; x_wconf 88' lang='lat' dir='ltr'><strong>illorum</strong></span> 
     </span>
    </p>
   </div>
   <div class='ocr_carea' id='block_1_18' title="bbox 382 1864 1970 1939">
    <p class='ocr_par' dir='ltr' id='par_1_18' title="bbox 382 1864 1970 1939">
     <span class='ocr_line' id='line_1_18' title="bbox 382 1864 1970 1939; baseline -0.003 -12"><span class='ocrx_word' id='word_1_149' title='bbox 382 1877 700 1936; x_wconf 83' lang='lat' dir='ltr'><strong>utilitatem;</strong></span> <span class='ocrx_word' id='word_1_150' title='bbox 733 1871 830 1927; x_wconf 87' lang='lat' dir='ltr'><strong>sed</strong></span> <span class='ocrx_word' id='word_1_151' title='bbox 878 1883 1054 1926; x_wconf 77' lang='lat' dir='ltr'><strong>mnten</strong></span> <span class='ocrx_word' id='word_1_152' title='bbox 1083 1869 1256 1939; x_wconf 90' lang='lat' dir='ltr'><strong>ipsum</strong></span> <span class='ocrx_word' id='word_1_153' title='bbox 1284 1883 1407 1923; x_wconf 89' lang='lat' dir='ltr'><strong>cum</strong></span> <span class='ocrx_word' id='word_1_154' title='bbox 1434 1867 1591 1923; x_wconf 83' lang='lat' dir='ltr'><strong>laude</strong></span> <span class='ocrx_word' id='word_1_155' title='bbox 1621 1867 1788 1935; x_wconf 90' lang='lat' dir='ltr'><strong>ponit.</strong></span> <span class='ocrx_word' id='word_1_156' title='bbox 1837 1864 1970 1922; x_wconf 89' lang='lat' dir='ltr'><strong>lllud</strong></span> 
     </span>
    </p>
   </div>
   <div class='ocr_carea' id='block_1_19' title="bbox 381 1957 1968 2033">
    <p class='ocr_par' dir='ltr' id='par_1_19' title="bbox 381 1957 1968 2033">
     <span class='ocr_line' id='line_1_19' title="bbox 381 1957 1968 2033; baseline -0.008 -9"><span class='ocrx_word' id='word_1_157' title='bbox 381 1970 524 2024; x_wconf 90' lang='lat' dir='ltr'><strong>enim</strong></span> <span class='ocrx_word' id='word_1_158' title='bbox 550 2010 564 2033; x_wconf 92' lang='lat'><strong>,</strong></span> <span class='ocrx_word' id='word_1_159' title='bbox 602 1965 654 2020; x_wconf 84' lang='grc' dir='ltr'><em>Ν</em></span> <span class='ocrx_word' id='word_1_160' title='bbox 659 1981 713 2020; x_wconf 85' lang='lat' dir='ltr'><strong>ec</strong></span> <span class='ocrx_word' id='word_1_161' title='bbox 733 1965 806 2019; x_wconf 87' lang='lat' dir='ltr'><strong>sic</strong></span> <span class='ocrx_word' id='word_1_162' title='bbox 825 2005 840 2029; x_wconf 95' lang='lat'><strong>,</strong></span> <span class='ocrx_word' id='word_1_163' title='bbox 872 1973 990 2019; x_wconf 88' lang='lat' dir='ltr'><strong>erat</strong></span> <span class='ocrx_word' id='word_1_164' title='bbox 1013 1960 1348 2018; x_wconf 58' lang='lat' dir='ltr'><strong>ostendentis</strong></span> <span class='ocrx_word' id='word_1_165' title='bbox 1376 1959 1624 2016; x_wconf 82' lang='lat' dir='ltr'><strong>sufﬁcere</strong></span> <span class='ocrx_word' id='word_1_166' title='bbox 1651 1957 1968 2013; x_wconf 76' lang='lat' dir='ltr'><strong>miraculum</strong></span> 
     </span>
    </p>
   </div>
   <div class='ocr_carea' id='block_1_20' title="bbox 381 2052 1970 2130">
    <p class='ocr_par' dir='ltr' id='par_1_20' title="bbox 381 2052 1970 2130">
     <span class='ocr_line' id='line_1_20' title="bbox 381 2052 1970 2130; baseline -0.007 -13"><span class='ocrx_word' id='word_1_167' title='bbox 381 2063 448 2117; x_wconf 92' lang='lat' dir='ltr'><strong>ad</strong></span> <span class='ocrx_word' id='word_1_168' title='bbox 475 2076 571 2116; x_wconf 85' lang='lat' dir='ltr'><strong>eos</strong></span> <span class='ocrx_word' id='word_1_169' title='bbox 595 2057 969 2130; x_wconf 86' lang='lat' dir='ltr'><strong>pereellendos</strong></span> <span class='ocrx_word' id='word_1_170' title='bbox 999 2073 1013 2109; x_wconf 93' lang='lat'><strong>:</strong></span> <span class='ocrx_word' id='word_1_171' title='bbox 1045 2056 1090 2111; x_wconf 90' lang='lat' dir='ltr'><strong>si</strong></span> <span class='ocrx_word' id='word_1_172' title='bbox 1121 2064 1298 2110; x_wconf 90' lang='lat' dir='ltr'><strong>autem</strong></span> <span class='ocrx_word' id='word_1_173' title='bbox 1325 2068 1434 2109; x_wconf 86' lang='lat' dir='ltr'><strong>non</strong></span> <span class='ocrx_word' id='word_1_174' title='bbox 1463 2052 1842 2117; x_wconf 89' lang='lat' dir='ltr'><strong>crediderunt,</strong></span> <span class='ocrx_word' id='word_1_175' title='bbox 1872 2065 1970 2107; x_wconf 83' lang='lat' dir='ltr'><strong>eo-</strong></span> 
     </span>
    </p>
   </div>
   <div class='ocr_carea' id='block_1_21' title="bbox 381 2146 1970 2225">
    <p class='ocr_par' dir='ltr' id='par_1_21' title="bbox 381 2146 1970 2225">
     <span class='ocr_line' id='line_1_21' title="bbox 381 2146 1970 2225; baseline -0.009 -10"><span class='ocrx_word' id='word_1_176' title='bbox 381 2175 500 2215; x_wconf 85' lang='lat' dir='ltr'><strong>rum</strong></span> <span class='ocrx_word' id='word_1_177' title='bbox 527 2159 684 2212; x_wconf 83' lang='lat' dir='ltr'><strong>luisse</strong></span> <span class='ocrx_word' id='word_1_178' title='bbox 700 2155 932 2225; x_wconf 87' lang='lat' dir='ltr'><strong>culpam.</strong></span> <span class='ocrx_word' id='word_1_179' title='bbox 955 2152 1021 2206; x_wconf 83' lang='lat' dir='ltr'><strong>Et</strong></span> <span class='ocrx_word' id='word_1_180' title='bbox 1046 2165 1142 2206; x_wconf 90' lang='lat' dir='ltr'><strong>cur</strong></span> <span class='ocrx_word' id='word_1_181' title='bbox 1161 2148 1264 2203; x_wconf 91' lang='lat' dir='ltr'><strong>hoc</strong></span> <span class='ocrx_word' id='word_1_182' title='bbox 1288 2147 1414 2202; x_wconf 81' lang='lat' dir='ltr'><strong>fecit</strong></span> <span class='ocrx_word' id='word_1_183' title='bbox 1435 2148 1598 2213; x_wconf 91' lang='lat' dir='ltr'><strong>Deus,</strong></span> <span class='ocrx_word' id='word_1_184' title='bbox 1616 2146 1660 2200; x_wconf 91' lang='lat' dir='ltr'><strong>si</strong></span> <span class='ocrx_word' id='word_1_185' title='bbox 1691 2162 1794 2200; x_wconf 90' lang='lat' dir='ltr'><strong>non</strong></span> <span class='ocrx_word' id='word_1_186' title='bbox 1816 2155 1970 2201; x_wconf 83' lang='lat' dir='ltr'><strong>erant</strong></span> 
     </span>
    </p>
   </div>
   <div class='ocr_carea' id='block_1_22' title="bbox 381 2237 1966 2314">
    <p class='ocr_par' dir='ltr' id='par_1_22' title="bbox 381 2237 1966 2314">
     <span class='ocr_line' id='line_1_22' title="bbox 381 2237 1966 2314; baseline -0.008 -9"><span class='ocrx_word' id='word_1_187' title='bbox 381 2248 674 2305; x_wconf 84' lang='lat' dir='ltr'><strong>credituri?</strong></span> <span class='ocrx_word' id='word_1_188' title='bbox 702 2245 770 2302; x_wconf 90' lang='lat' dir='ltr'><strong>Ut</strong></span> <span class='ocrx_word' id='word_1_189' title='bbox 795 2259 1010 2314; x_wconf 79' lang='lat' dir='ltr'><strong>semper</strong></span> <span class='ocrx_word' id='word_1_190' title='bbox 1027 2251 1340 2297; x_wconf 89' lang='lat' dir='ltr'><strong>cerneretur</strong></span> <span class='ocrx_word' id='word_1_191' title='bbox 1365 2237 1542 2293; x_wconf 81' lang='lat' dir='ltr'><strong>facere</strong></span> <span class='ocrx_word' id='word_1_192' title='bbox 1563 2253 1681 2308; x_wconf 72' lang='lat' dir='ltr'><strong>qua:</strong></span> <span class='ocrx_word' id='word_1_193' title='bbox 1703 2251 1796 2291; x_wconf 88' lang='lat' dir='ltr'><strong>sua</strong></span> <span class='ocrx_word' id='word_1_194' title='bbox 1822 2245 1966 2292; x_wconf 84' lang='lat' dir='ltr'><strong>sunt.</strong></span> 
     </span>
    </p>
   </div>
   <div class='ocr_carea' id='block_1_23' title="bbox 379 2329 1966 2411">
    <p class='ocr_par' dir='ltr' id='par_1_23' title="bbox 379 2329 1966 2411">
     <span class='ocr_line' id='line_1_23' title="bbox 379 2329 1966 2411; baseline -0.009 -13"><span class='ocrx_word' id='word_1_195' title='bbox 379 2344 511 2398; x_wconf 82' lang='lat' dir='ltr'><strong>Cum</strong></span> <span class='ocrx_word' id='word_1_196' title='bbox 541 2357 671 2411; x_wconf 83' lang='lat' dir='ltr'><strong>ergo</strong></span> <span class='ocrx_word' id='word_1_197' title='bbox 715 2337 1041 2393; x_wconf 81' lang='lat' dir='ltr'><strong>ostendisset</strong></span> <span class='ocrx_word' id='word_1_198' title='bbox 1084 2334 1245 2389; x_wconf 86' lang='lat' dir='ltr'><strong>etiam</strong></span> <span class='ocrx_word' id='word_1_199' title='bbox 1289 2346 1354 2387; x_wconf 75' lang='lat' dir='ltr'><strong>ex</strong></span> <span class='ocrx_word' id='word_1_200' title='bbox 1404 2329 1684 2401; x_wconf 83' lang='lat' dir='ltr'><strong>prophetia</strong></span> <span class='ocrx_word' id='word_1_201' title='bbox 1709 2369 1723 2393; x_wconf 89' lang='lat'><strong>,</strong></span> <span class='ocrx_word' id='word_1_202' title='bbox 1757 2329 1966 2398; x_wconf 88' lang='lat' dir='ltr'><strong>signum</strong></span> 
     </span>
    </p>
   </div>
   <div class='ocr_carea' id='block_1_24' title="bbox 382 2422 1969 2496">
    <p class='ocr_par' dir='ltr' id='par_1_24' title="bbox 382 2422 1969 2496">
     <span class='ocr_line' id='line_1_24' title="bbox 382 2422 1969 2496; baseline -0.008 -7"><span class='ocrx_word' id='word_1_203' title='bbox 382 2451 486 2490; x_wconf 91' lang='lat' dir='ltr'><strong>non</strong></span> <span class='ocrx_word' id='word_1_204' title='bbox 515 2432 670 2488; x_wconf 84' lang='lat' dir='ltr'><strong>valde</strong></span> <span class='ocrx_word' id='word_1_205' title='bbox 697 2446 817 2488; x_wconf 88' lang='lat' dir='ltr'><strong>esse</strong></span> <span class='ocrx_word' id='word_1_206' title='bbox 845 2429 995 2494; x_wconf 90' lang='lat' dir='ltr'><strong>utile,</strong></span> <span class='ocrx_word' id='word_1_207' title='bbox 1027 2425 1336 2496; x_wconf 72' lang='lat' dir='ltr'><strong>subjunsit:</strong></span> <span class='ocrx_word' id='word_1_208' title='bbox 1367 2423 1458 2479; x_wconf 75' lang='grc'><strong>22.</strong></span> <span class='ocrx_word' id='word_1_209' title='bbox 1493 2423 1673 2492; x_wconf 77' lang='lat' dir='ltr'><strong>Itaque</strong></span> <span class='ocrx_word' id='word_1_210' title='bbox 1703 2422 1894 2492; x_wconf 72' lang='lat' dir='ltr'><strong>lingua:</strong></span> <span class='ocrx_word' id='word_1_211' title='bbox 1915 2422 1969 2476; x_wconf 89' lang='lat' dir='ltr'><strong>in</strong></span> 
     </span>
    </p>
   </div>
   <div class='ocr_carea' id='block_1_25' title="bbox 379 2514 1969 2596">
    <p class='ocr_par' dir='ltr' id='par_1_25' title="bbox 379 2514 1969 2596">
     <span class='ocr_line' id='line_1_25' title="bbox 379 2514 1969 2596; baseline -0.009 -15"><span class='ocrx_word' id='word_1_212' title='bbox 379 2529 581 2596; x_wconf 84' lang='lat' dir='ltr'><strong>signum</strong></span> <span class='ocrx_word' id='word_1_213' title='bbox 619 2533 734 2578; x_wconf 89' lang='lat' dir='ltr'><strong>sunt</strong></span> <span class='ocrx_word' id='word_1_214' title='bbox 761 2539 862 2576; x_wconf 90' lang='lat' dir='ltr'><strong>non</strong></span> <span class='ocrx_word' id='word_1_215' title='bbox 901 2519 1156 2590; x_wconf 85' lang='lat' dir='ltr'><strong>ﬁdelibus,</strong></span> <span class='ocrx_word' id='word_1_216' title='bbox 1203 2517 1293 2570; x_wconf 87' lang='lat' dir='ltr'><strong>sed</strong></span> <span class='ocrx_word' id='word_1_217' title='bbox 1340 2514 1674 2584; x_wconf 87' lang='lat' dir='ltr'><strong>inﬁdelibus:</strong></span> <span class='ocrx_word' id='word_1_218' title='bbox 1701 2514 1969 2584; x_wconf 77' lang='lat' dir='ltr'><strong>prophetia</strong></span> 
     </span>
    </p>
   </div>
   <div class='ocr_carea' id='block_1_26' title="bbox 379 2606 1969 2684">
    <p class='ocr_par' dir='ltr' id='par_1_26' title="bbox 379 2606 1969 2684">
     <span class='ocr_line' id='line_1_26' title="bbox 379 2606 1969 2684; baseline -0.008 -12"><span class='ocrx_word' id='word_1_219' title='bbox 379 2627 550 2672; x_wconf 87' lang='lat' dir='ltr'><strong>autem</strong></span> <span class='ocrx_word' id='word_1_220' title='bbox 576 2632 675 2670; x_wconf 88' lang='lat' dir='ltr'><strong>non</strong></span> <span class='ocrx_word' id='word_1_221' title='bbox 700 2613 1012 2684; x_wconf 85' lang='lat' dir='ltr'><strong>inﬁdelibus,</strong></span> <span class='ocrx_word' id='word_1_222' title='bbox 1042 2610 1131 2666; x_wconf 86' lang='lat' dir='ltr'><strong>sed</strong></span> <span class='ocrx_word' id='word_1_223' title='bbox 1159 2607 1412 2677; x_wconf 82' lang='lat' dir='ltr'><strong>ﬁdelibus.</strong></span> <span class='ocrx_word' id='word_1_224' title='bbox 1445 2607 1536 2662; x_wconf 75' lang='lat'><strong>25.</strong></span> <span class='ocrx_word' id='word_1_225' title='bbox 1568 2606 1629 2661; x_wconf 88' lang='lat' dir='ltr'><strong>Si</strong></span> <span class='ocrx_word' id='word_1_226' title='bbox 1655 2622 1775 2676; x_wconf 80' lang='lat' dir='ltr'><strong>ergo</strong></span> <span class='ocrx_word' id='word_1_227' title='bbox 1798 2621 1969 2660; x_wconf 81' lang='lat' dir='ltr'><strong>conve-</strong></span> 
     </span>
    </p>
   </div>
   <div class='ocr_carea' id='block_1_27' title="bbox 380 2697 1971 2770">
    <p class='ocr_par' dir='ltr' id='par_1_27' title="bbox 380 2697 1971 2770">
     <span class='ocr_line' id='line_1_27' title="bbox 380 2697 1971 2770; baseline -0.007 -7"><span class='ocrx_word' id='word_1_228' title='bbox 380 2713 486 2763; x_wconf 84' lang='lat' dir='ltr'><strong>niat</strong></span> <span class='ocrx_word' id='word_1_229' title='bbox 511 2709 743 2764; x_wconf 75' lang='lat' dir='ltr'><strong>universa</strong></span> <span class='ocrx_word' id='word_1_230' title='bbox 767 2705 1000 2760; x_wconf 84' lang='lat' dir='ltr'><strong>Ecclesia</strong></span> <span class='ocrx_word' id='word_1_231' title='bbox 1018 2704 1071 2756; x_wconf 90' lang='lat' dir='ltr'><strong>in</strong></span> <span class='ocrx_word' id='word_1_232' title='bbox 1094 2717 1272 2764; x_wconf 82' lang='lat' dir='ltr'><strong>unum,</strong></span> <span class='ocrx_word' id='word_1_233' title='bbox 1292 2709 1338 2754; x_wconf 87' lang='lat' dir='ltr'><strong>et</strong></span> <span class='ocrx_word' id='word_1_234' title='bbox 1359 2715 1531 2754; x_wconf 87' lang='lat' dir='ltr'><strong>omnes</strong></span> <span class='ocrx_word' id='word_1_235' title='bbox 1553 2698 1741 2770; x_wconf 79' lang='lat' dir='ltr'><strong>linguis</strong></span> <span class='ocrx_word' id='word_1_236' title='bbox 1761 2697 1971 2768; x_wconf 83' lang='lat' dir='ltr'><strong>loquan-</strong></span> 
     </span>
    </p>
   </div>
   <div class='ocr_carea' id='block_1_28' title="bbox 381 2790 1969 2864">
    <p class='ocr_par' dir='ltr' id='par_1_28' title="bbox 381 2790 1969 2864">
     <span class='ocr_line' id='line_1_28' title="bbox 381 2790 1969 2864; baseline -0.005 -11"><span class='ocrx_word' id='word_1_237' title='bbox 381 2813 484 2864; x_wconf 90' lang='lat' dir='ltr'><strong>tur,</strong></span> <span class='ocrx_word' id='word_1_238' title='bbox 533 2802 720 2855; x_wconf 88' lang='lat' dir='ltr'><strong>intrent</strong></span> <span class='ocrx_word' id='word_1_239' title='bbox 761 2807 931 2852; x_wconf 87' lang='lat' dir='ltr'><strong>autem</strong></span> <span class='ocrx_word' id='word_1_240' title='bbox 972 2796 1145 2849; x_wconf 80' lang='lat' dir='ltr'><strong>idiota:</strong></span> <span class='ocrx_word' id='word_1_241' title='bbox 1174 2801 1260 2846; x_wconf 88' lang='lat' dir='ltr'><strong>aut</strong></span> <span class='ocrx_word' id='word_1_242' title='bbox 1288 2791 1550 2858; x_wconf 87' lang='lat' dir='ltr'><strong>inﬁdeles,</strong></span> <span class='ocrx_word' id='word_1_243' title='bbox 1595 2806 1762 2844; x_wconf 89' lang='lat' dir='ltr'><strong>nonne</strong></span> <span class='ocrx_word' id='word_1_244' title='bbox 1803 2790 1969 2845; x_wconf 84' lang='lat' dir='ltr'><strong>dicent</strong></span> 
     </span>
    </p>
   </div>
   <div class='ocr_carea' id='block_1_29' title="bbox 377 2881 1968 2961">
    <p class='ocr_par' dir='ltr' id='par_1_29' title="bbox 377 2881 1968 2961">
     <span class='ocr_line' id='line_1_29' title="bbox 377 2881 1968 2961; baseline -0.006 -17"><span class='ocrx_word' id='word_1_245' title='bbox 377 2892 514 2961; x_wconf 81' lang='lat' dir='ltr'><strong>quod</strong></span> <span class='ocrx_word' id='word_1_246' title='bbox 543 2889 817 2946; x_wconf 84' lang='lat' dir='ltr'><strong>insanitis?</strong></span> <span class='ocrx_word' id='word_1_247' title='bbox 845 2887 933 2942; x_wconf 59' lang='grc' dir='ltr'><strong>ιι.</strong></span> <span class='ocrx_word' id='word_1_248' title='bbox 966 2887 1028 2941; x_wconf 89' lang='lat' dir='ltr'><strong>Si</strong></span> <span class='ocrx_word' id='word_1_249' title='bbox 1060 2894 1228 2939; x_wconf 89' lang='lat' dir='ltr'><strong>autem</strong></span> <span class='ocrx_word' id='word_1_250' title='bbox 1255 2899 1428 2938; x_wconf 86' lang='lat' dir='ltr'><strong>omnes</strong></span> <span class='ocrx_word' id='word_1_251' title='bbox 1451 2881 1750 2951; x_wconf 81' lang='lat' dir='ltr'><strong>prop/tetent</strong></span> <span class='ocrx_word' id='word_1_252' title='bbox 1770 2923 1785 2948; x_wconf 94' lang='lat'><strong>,</strong></span> <span class='ocrx_word' id='word_1_253' title='bbox 1817 2882 1968 2936; x_wconf 84' lang='lat' dir='ltr'><strong>intret</strong></span> 
     </span>
    </p>
   </div>
   <div class='ocr_carea' id='block_1_30' title="bbox 379 2973 1963 3050">
    <p class='ocr_par' dir='ltr' id='par_1_30' title="bbox 379 2973 1963 3050">
     <span class='ocr_line' id='line_1_30' title="bbox 379 2973 1963 3050; baseline -0.006 -16"><span class='ocrx_word' id='word_1_254' title='bbox 379 2993 548 3036; x_wconf 86' lang='lat' dir='ltr'><strong>autem</strong></span> <span class='ocrx_word' id='word_1_255' title='bbox 573 2983 684 3050; x_wconf 83' lang='lat' dir='ltr'><strong>quis</strong></span> <span class='ocrx_word' id='word_1_256' title='bbox 711 2979 937 3047; x_wconf 86' lang='lat' dir='ltr'><strong>inﬁdelis</strong></span> <span class='ocrx_word' id='word_1_257' title='bbox 966 2979 1045 3030; x_wconf 88' lang='lat' dir='ltr'><strong>vel</strong></span> <span class='ocrx_word' id='word_1_258' title='bbox 1067 2977 1256 3039; x_wconf 87' lang='lat' dir='ltr'><strong>idiota,</strong></span> <span class='ocrx_word' id='word_1_259' title='bbox 1290 2975 1600 3028; x_wconf 85' lang='lat' dir='ltr'><strong>convincitur</strong></span> <span class='ocrx_word' id='word_1_260' title='bbox 1623 2973 1687 3027; x_wconf 91' lang='lat' dir='ltr'><strong>ab</strong></span> <span class='ocrx_word' id='word_1_261' title='bbox 1713 2974 1963 3040; x_wconf 86' lang='lat' dir='ltr'><strong>omnibus,</strong></span> 
     </span>
    </p>
   </div>
   <div class='ocr_carea' id='block_1_31' title="bbox 379 3064 1968 3143">
    <p class='ocr_par' dir='ltr' id='par_1_31' title="bbox 379 3064 1968 3143">
     <span class='ocr_line' id='line_1_31' title="bbox 379 3064 1968 3143; baseline -0.004 -17"><span class='ocrx_word' id='word_1_262' title='bbox 379 3074 693 3143; x_wconf 86' lang='lat' dir='ltr'><strong>dijudicatur</strong></span> <span class='ocrx_word' id='word_1_263' title='bbox 718 3072 781 3124; x_wconf 87' lang='lat' dir='ltr'><strong>ab</strong></span> <span class='ocrx_word' id='word_1_264' title='bbox 820 3068 1049 3124; x_wconf 87' lang='lat' dir='ltr'><strong>omnibus</strong></span> <span class='ocrx_word' id='word_1_265' title='bbox 1073 3083 1092 3121; x_wconf 91' lang='lat'><strong><em>:</em></strong></span> <span class='ocrx_word' id='word_1_266' title='bbox 1114 3067 1204 3122; x_wconf 73' lang='lat'><strong>25.</strong></span> <span class='ocrx_word' id='word_1_267' title='bbox 1239 3076 1288 3120; x_wconf 88' lang='lat' dir='ltr'><strong>et</strong></span> <span class='ocrx_word' id='word_1_268' title='bbox 1328 3066 1401 3119; x_wconf 86' lang='lat' dir='ltr'><strong>sic</strong></span> <span class='ocrx_word' id='word_1_269' title='bbox 1426 3064 1624 3120; x_wconf 82' lang='lat' dir='ltr'><strong>occulta</strong></span> <span class='ocrx_word' id='word_1_270' title='bbox 1667 3064 1835 3120; x_wconf 87' lang='lat' dir='ltr'><strong>cordis</strong></span> <span class='ocrx_word' id='word_1_271' title='bbox 1859 3066 1968 3136; x_wconf 84' lang='lat' dir='ltr'><strong>ejus</strong></span> 
     </span>
    </p>
   </div>
   <div class='ocr_carea' id='block_1_32' title="bbox 381 3157 1963 3233">
    <p class='ocr_par' dir='ltr' id='par_1_32' title="bbox 381 3157 1963 3233">
     <span class='ocr_line' id='line_1_32' title="bbox 381 3157 1963 3233; baseline -0.005 -15"><span class='ocrx_word' id='word_1_272' title='bbox 381 3167 650 3228; x_wconf 73' lang='lat' dir='ltr'><strong>manifesta</strong></span> <span class='ocrx_word' id='word_1_273' title='bbox 689 3165 847 3233; x_wconf 85' lang='lat' dir='ltr'><strong>ﬁunt,</strong></span> <span class='ocrx_word' id='word_1_274' title='bbox 880 3171 927 3215; x_wconf 86' lang='lat' dir='ltr'><strong>et</strong></span> <span class='ocrx_word' id='word_1_275' title='bbox 970 3159 1157 3214; x_wconf 87' lang='lat' dir='ltr'><strong>cadens</strong></span> <span class='ocrx_word' id='word_1_276' title='bbox 1197 3160 1250 3212; x_wconf 89' lang='lat' dir='ltr'><strong>in</strong></span> <span class='ocrx_word' id='word_1_277' title='bbox 1281 3158 1464 3228; x_wconf 76' lang='lat' dir='ltr'><strong>[aciem</strong></span> <span class='ocrx_word' id='word_1_278' title='bbox 1505 3157 1739 3211; x_wconf 80' lang='lat' dir='ltr'><strong>adorabit</strong></span> <span class='ocrx_word' id='word_1_279' title='bbox 1765 3157 1963 3225; x_wconf 88' lang='lat' dir='ltr'><strong>Deum,</strong></span> 
     </span>
    </p>
   </div>
   <div class='ocr_carea' id='block_1_33' title="bbox 380 3251 1965 3328">
    <p class='ocr_par' dir='ltr' id='par_1_33' title="bbox 380 3251 1965 3328">
     <span class='ocr_line' id='line_1_33' title="bbox 380 3251 1965 3328; baseline -0.001 -19"><span class='ocrx_word' id='word_1_280' title='bbox 380 3257 717 3328; x_wconf 77' lang='lat' dir='ltr'><strong>pronuntians</strong></span> <span class='ocrx_word' id='word_1_281' title='bbox 744 3255 880 3324; x_wconf 83' lang='lat' dir='ltr'><strong>quod</strong></span> <span class='ocrx_word' id='word_1_282' title='bbox 907 3270 1018 3308; x_wconf 87' lang='lat' dir='ltr'><strong>vere</strong></span> <span class='ocrx_word' id='word_1_283' title='bbox 1046 3251 1182 3308; x_wconf 88' lang='lat' dir='ltr'><strong>Deus</strong></span> <span class='ocrx_word' id='word_1_284' title='bbox 1202 3254 1255 3306; x_wconf 90' lang='lat' dir='ltr'><strong>in</strong></span> <span class='ocrx_word' id='word_1_285' title='bbox 1275 3252 1412 3307; x_wconf 90' lang='lat' dir='ltr'><strong>vobis</strong></span> <span class='ocrx_word' id='word_1_286' title='bbox 1436 3253 1520 3306; x_wconf 88' lang='lat' dir='ltr'><strong>sit.</strong></span> <span class='ocrx_word' id='word_1_287' title='bbox 1550 3251 1767 3306; x_wconf 77' lang='lat' dir='ltr'><strong>Multam</strong></span> <span class='ocrx_word' id='word_1_288' title='bbox 1789 3267 1854 3308; x_wconf 85' lang='lat' dir='ltr'><strong>ex</strong></span> <span class='ocrx_word' id='word_1_289' title='bbox 1879 3253 1965 3320; x_wconf 92' lang='lat' dir='ltr'><strong>iis,</strong></span> 
     </span>
    </p>
   </div>
   <div class='ocr_carea' id='block_1_34' title="bbox 377 3344 1970 3420">
    <p class='ocr_par' dir='ltr' id='par_1_34' title="bbox 377 3344 1970 3420">
     <span class='ocr_line' id='line_1_34' title="bbox 377 3344 1970 3420; baseline -0.003 -15"><span class='ocrx_word' id='word_1_290' title='bbox 377 3365 498 3420; x_wconf 70' lang='lat' dir='ltr'><strong>qua:</strong></span> <span class='ocrx_word' id='word_1_291' title='bbox 527 3350 668 3403; x_wconf 87' lang='lat' dir='ltr'><strong>dicta</strong></span> <span class='ocrx_word' id='word_1_292' title='bbox 695 3357 840 3409; x_wconf 87' lang='lat' dir='ltr'><strong>sunt,</strong></span> <span class='ocrx_word' id='word_1_293' title='bbox 871 3347 957 3404; x_wconf 90' lang='lat' dir='ltr'><strong>hic</strong></span> <span class='ocrx_word' id='word_1_294' title='bbox 974 3346 1182 3402; x_wconf 76' lang='lat' dir='ltr'><strong>videbis</strong></span> <span class='ocrx_word' id='word_1_295' title='bbox 1201 3345 1612 3402; x_wconf 84' lang='lat' dir='ltr'><strong>dubitationem.</strong></span> <span class='ocrx_word' id='word_1_296' title='bbox 1640 3344 1696 3401; x_wconf 88' lang='lat' dir='ltr'><strong>Si</strong></span> <span class='ocrx_word' id='word_1_297' title='bbox 1719 3346 1860 3402; x_wconf 89' lang='lat' dir='ltr'><strong>enim</strong></span> <span class='ocrx_word' id='word_1_298' title='bbox 1888 3346 1970 3401; x_wconf 81' lang='lat' dir='ltr'><strong>in-</strong></span> 
     </span>
    </p>
   </div>
   <div class='ocr_carea' id='block_1_35' title="bbox 380 3438 1969 3511">
    <p class='ocr_par' dir='ltr' id='par_1_35' title="bbox 380 3438 1969 3511">
     <span class='ocr_line' id='line_1_35' title="bbox 380 3438 1969 3511; baseline 0 -16"><span class='ocrx_word' id='word_1_299' title='bbox 380 3441 628 3496; x_wconf 86' lang='lat' dir='ltr'><strong>ﬁdelibus</strong></span> <span class='ocrx_word' id='word_1_300' title='bbox 656 3441 864 3511; x_wconf 74' lang='lat' dir='ltr'><strong>signum</strong></span> <span class='ocrx_word' id='word_1_301' title='bbox 894 3449 1018 3495; x_wconf 85' lang='lat' dir='ltr'><strong>sunt</strong></span> <span class='ocrx_word' id='word_1_302' title='bbox 1048 3440 1244 3509; x_wconf 63' lang='lat' dir='ltr'><strong>lingua</strong></span> <span class='ocrx_word' id='word_1_303' title='bbox 1263 3480 1280 3505; x_wconf 91' lang='lat'><strong>,</strong></span> <span class='ocrx_word' id='word_1_304' title='bbox 1305 3438 1580 3509; x_wconf 74' lang='lat' dir='ltr'><strong>quomodo</strong></span> <span class='ocrx_word' id='word_1_305' title='bbox 1598 3438 1728 3494; x_wconf 84' lang='lat' dir='ltr'><strong>dicit</strong></span> <span class='ocrx_word' id='word_1_306' title='bbox 1752 3457 1766 3494; x_wconf 91' lang='lat'><strong>:</strong></span> <span class='ocrx_word' id='word_1_307' title='bbox 1797 3439 1853 3495; x_wconf 88' lang='lat' dir='ltr'><strong>Si</strong></span> <span class='ocrx_word' id='word_1_308' title='bbox 1882 3439 1969 3495; x_wconf 74' lang='lat' dir='ltr'><strong>vi-</strong></span> 
     </span>
    </p>
   </div>
   <div class='ocr_carea' id='block_1_36' title="bbox 379 3531 1972 3605">
    <p class='ocr_par' dir='ltr' id='par_1_36' title="bbox 379 3531 1972 3605">
     <span class='ocr_line' id='line_1_36' title="bbox 379 3531 1972 3605; baseline -0.001 -17"><span class='ocrx_word' id='word_1_309' title='bbox 379 3536 560 3592; x_wconf 85' lang='lat' dir='ltr'><strong>derint</strong></span> <span class='ocrx_word' id='word_1_310' title='bbox 584 3548 683 3588; x_wconf 77' lang='lat' dir='ltr'><strong>vos</strong></span> <span class='ocrx_word' id='word_1_311' title='bbox 710 3535 908 3605; x_wconf 77' lang='lat' dir='ltr'><strong>linguis</strong></span> <span class='ocrx_word' id='word_1_312' title='bbox 927 3535 1208 3604; x_wconf 75' lang='lat' dir='ltr'><strong>loquentes</strong></span> <span class='ocrx_word' id='word_1_313' title='bbox 1233 3531 1476 3587; x_wconf 84' lang='lat' dir='ltr'><strong>inﬁdeles</strong></span> <span class='ocrx_word' id='word_1_314' title='bbox 1496 3575 1511 3596; x_wconf 89' lang='lat'><strong>,</strong></span> <span class='ocrx_word' id='word_1_315' title='bbox 1553 3532 1734 3588; x_wconf 85' lang='lat' dir='ltr'><strong>dicent</strong></span> <span class='ocrx_word' id='word_1_316' title='bbox 1757 3546 1859 3586; x_wconf 76' lang='lat' dir='ltr'><strong>vos</strong></span> <span class='ocrx_word' id='word_1_317' title='bbox 1887 3532 1972 3586; x_wconf 81' lang='lat' dir='ltr'><strong>in-</strong></span> 
     </span>
    </p>
   </div>
   <div class='ocr_carea' id='block_1_37' title="bbox 377 3623 1962 3696">
    <p class='ocr_par' dir='ltr' id='par_1_37' title="bbox 377 3623 1962 3696">
     <span class='ocr_line' id='line_1_37' title="bbox 377 3623 1962 3696; baseline -0.003 -13"><span class='ocrx_word' id='word_1_318' title='bbox 377 3628 600 3683; x_wconf 81' lang='lat' dir='ltr'><strong>sanire?</strong></span> <span class='ocrx_word' id='word_1_319' title='bbox 625 3638 678 3682; x_wconf 90' lang='lat' dir='ltr'><strong>et</strong></span> <span class='ocrx_word' id='word_1_320' title='bbox 704 3627 750 3682; x_wconf 87' lang='lat' dir='ltr'><strong>si</strong></span> <span class='ocrx_word' id='word_1_321' title='bbox 784 3626 1060 3696; x_wconf 87' lang='lat' dir='ltr'><strong>prophetia</strong></span> <span class='ocrx_word' id='word_1_322' title='bbox 1089 3641 1196 3680; x_wconf 91' lang='lat' dir='ltr'><strong>non</strong></span> <span class='ocrx_word' id='word_1_323' title='bbox 1227 3623 1548 3685; x_wconf 83' lang='lat' dir='ltr'><strong>inﬁdelibus.</strong></span> <span class='ocrx_word' id='word_1_324' title='bbox 1573 3623 1667 3680; x_wconf 84' lang='lat' dir='ltr'><strong>sed</strong></span> <span class='ocrx_word' id='word_1_325' title='bbox 1697 3623 1962 3689; x_wconf 87' lang='lat' dir='ltr'><strong>ﬁdelibus,</strong></span> 
     </span>
    </p>
   </div>
   <div class='ocr_carea' id='block_1_38' title="bbox 377 3716 1964 3790">
    <p class='ocr_par' dir='ltr' id='par_1_38' title="bbox 377 3716 1964 3790">
     <span class='ocr_line' id='line_1_38' title="bbox 377 3716 1964 3790; baseline -0.001 -17"><span class='ocrx_word' id='word_1_326' title='bbox 377 3720 647 3790; x_wconf 88' lang='lat' dir='ltr'><strong>quomodo</strong></span> <span class='ocrx_word' id='word_1_327' title='bbox 677 3734 740 3773; x_wconf 81' lang='lat' dir='ltr'><strong>ex</strong></span> <span class='ocrx_word' id='word_1_328' title='bbox 773 3733 833 3773; x_wconf 91' lang='lat' dir='ltr'><strong>ea</strong></span> <span class='ocrx_word' id='word_1_329' title='bbox 857 3719 1206 3774; x_wconf 87' lang='lat' dir='ltr'><strong>lncrabuntnr</strong></span> <span class='ocrx_word' id='word_1_330' title='bbox 1230 3717 1390 3770; x_wconf 90' lang='lat' dir='ltr'><strong>etiam</strong></span> <span class='ocrx_word' id='word_1_331' title='bbox 1419 3716 1709 3772; x_wconf 82' lang='lat' dir='ltr'><strong>inﬁdeles?</strong></span> <span class='ocrx_word' id='word_1_332' title='bbox 1735 3717 1796 3772; x_wconf 88' lang='lat' dir='ltr'><strong>Si</strong></span> <span class='ocrx_word' id='word_1_333' title='bbox 1820 3719 1964 3773; x_wconf 90' lang='lat' dir='ltr'><strong>enim</strong></span> 
     </span>
    </p>
   </div>
   <div class='ocr_carea' id='block_1_39' title="bbox 377 3809 1969 3878">
    <p class='ocr_par' dir='ltr' id='par_1_39' title="bbox 377 3809 1969 3878">
     <span class='ocr_line' id='line_1_39' title="bbox 377 3809 1969 3878; baseline 0.001 -15"><span class='ocrx_word' id='word_1_334' title='bbox 377 3812 547 3874; x_wconf 74' lang='lat' dir='ltr'><strong>intret,</strong></span> <span class='ocrx_word' id='word_1_335' title='bbox 577 3810 765 3878; x_wconf 84' lang='lat' dir='ltr'><strong>inquit,</strong></span> <span class='ocrx_word' id='word_1_336' title='bbox 790 3809 1013 3876; x_wconf 85' lang='lat' dir='ltr'><strong>inﬁdelis</strong></span> <span class='ocrx_word' id='word_1_337' title='bbox 1033 3809 1170 3862; x_wconf 81' lang='lat' dir='ltr'><strong>vobis</strong></span> <span class='ocrx_word' id='word_1_338' title='bbox 1193 3809 1624 3878; x_wconf 78' lang='lat' dir='ltr'><strong>proplietantibus,</strong></span> <span class='ocrx_word' id='word_1_339' title='bbox 1654 3811 1969 3864; x_wconf 83' lang='lat' dir='ltr'><strong>convincitur</strong></span> 
     </span>
    </p>
   </div>
   <div class='ocr_carea' id='block_1_40' title="bbox 377 3899 1964 3969">
    <p class='ocr_par' dir='ltr' id='par_1_40' title="bbox 377 3899 1964 3969">
     <span class='ocr_line' id='line_1_40' title="bbox 377 3899 1964 3969; baseline 0.001 -13"><span class='ocrx_word' id='word_1_340' title='bbox 377 3904 441 3957; x_wconf 88' lang='lat' dir='ltr'><strong>ab</strong></span> <span class='ocrx_word' id='word_1_341' title='bbox 472 3905 736 3965; x_wconf 76' lang='lat' dir='ltr'><strong>euntibus,</strong></span> <span class='ocrx_word' id='word_1_342' title='bbox 768 3901 1083 3969; x_wconf 72' lang='lat' dir='ltr'><strong>diiudicatur</strong></span> <span class='ocrx_word' id='word_1_343' title='bbox 1108 3901 1172 3953; x_wconf 84' lang='lat' dir='ltr'><strong>ab</strong></span> <span class='ocrx_word' id='word_1_344' title='bbox 1201 3899 1451 3954; x_wconf 86' lang='lat' dir='ltr'><strong>omnibus.</strong></span> <span class='ocrx_word' id='word_1_345' title='bbox 1491 3899 1606 3955; x_wconf 85' lang='lat' dir='ltr'><strong>Non</strong></span> <span class='ocrx_word' id='word_1_346' title='bbox 1647 3901 1762 3957; x_wconf 73' lang='lat' dir='ltr'><strong>lucc</strong></span> <span class='ocrx_word' id='word_1_347' title='bbox 1787 3911 1964 3957; x_wconf 91' lang='lat' dir='ltr'><strong>autem</strong></span> 
     </span>
    </p>
   </div>
   <div class='ocr_carea' id='block_1_41' title="bbox 378 3990 1965 4064">
    <p class='ocr_par' dir='ltr' id='par_1_41' title="bbox 378 3990 1965 4064">
     <span class='ocr_line' id='line_1_41' title="bbox 378 3990 1965 4064; baseline -0.001 -15"><span class='ocrx_word' id='word_1_348' title='bbox 378 3996 576 4056; x_wconf 74' lang='lat' dir='ltr'><strong>Solum,</strong></span> <span class='ocrx_word' id='word_1_349' title='bbox 607 3991 700 4046; x_wconf 86' lang='lat' dir='ltr'><strong>sed</strong></span> <span class='ocrx_word' id='word_1_350' title='bbox 727 3992 884 4046; x_wconf 87' lang='lat' dir='ltr'><strong>etiam</strong></span> <span class='ocrx_word' id='word_1_351' title='bbox 918 4000 1038 4060; x_wconf 81' lang='lat' dir='ltr'><strong>post</strong></span> <span class='ocrx_word' id='word_1_352' title='bbox 1061 4006 1178 4047; x_wconf 89' lang='lat' dir='ltr'><strong>eam</strong></span> <span class='ocrx_word' id='word_1_353' title='bbox 1205 3990 1438 4046; x_wconf 88' lang='lat' dir='ltr'><strong>secunda</strong></span> <span class='ocrx_word' id='word_1_354' title='bbox 1470 3990 1594 4046; x_wconf 90' lang='lat' dir='ltr'><strong>hinc</strong></span> <span class='ocrx_word' id='word_1_355' title='bbox 1622 3992 1790 4047; x_wconf 91' lang='lat' dir='ltr'><strong>oritur</strong></span> <span class='ocrx_word' id='word_1_356' title='bbox 1815 4009 1965 4064; x_wconf 68' lang='lat' dir='ltr'><strong>qure-</strong></span> 
     </span>
    </p>
   </div>
   <div class='ocr_carea' id='block_1_42' title="bbox 377 4081 1963 4154">
    <p class='ocr_par' dir='ltr' id='par_1_42' title="bbox 377 4081 1963 4154">
     <span class='ocr_line' id='line_1_42' title="bbox 377 4081 1963 4154; baseline -0.003 -13"><span class='ocrx_word' id='word_1_357' title='bbox 377 4087 483 4141; x_wconf 78' lang='lat' dir='ltr'><strong>stio</strong></span> <span class='ocrx_word' id='word_1_358' title='bbox 508 4103 522 4140; x_wconf 89' lang='lat'><strong>:</strong></span> <span class='ocrx_word' id='word_1_359' title='bbox 553 4082 832 4154; x_wconf 82' lang='lat' dir='ltr'><strong>apparebit</strong></span> <span class='ocrx_word' id='word_1_360' title='bbox 857 4082 999 4136; x_wconf 87' lang='lat' dir='ltr'><strong>enim</strong></span> <span class='ocrx_word' id='word_1_361' title='bbox 1029 4081 1208 4151; x_wconf 85' lang='lat' dir='ltr'><strong>lingua</strong></span> <span class='ocrx_word' id='word_1_362' title='bbox 1249 4096 1438 4136; x_wconf 87' lang='lat' dir='ltr'><strong>rursus</strong></span> <span class='ocrx_word' id='word_1_363' title='bbox 1467 4081 1638 4150; x_wconf 89' lang='lat' dir='ltr'><strong>major</strong></span> <span class='ocrx_word' id='word_1_364' title='bbox 1665 4081 1963 4152; x_wconf 85' lang='lat' dir='ltr'><strong>prophetia.</strong></span> 
     </span>
    </p>
   </div>
   <div class='ocr_carea' id='block_1_43' title="bbox 378 4173 1966 4248">
    <p class='ocr_par' dir='ltr' id='par_1_43' title="bbox 378 4173 1966 4248">
     <span class='ocr_line' id='line_1_43' title="bbox 378 4173 1966 4248; baseline -0.003 -13"><span class='ocrx_word' id='word_1_365' title='bbox 378 4181 511 4235; x_wconf 81' lang='lat' dir='ltr'><strong>Nam</strong></span> <span class='ocrx_word' id='word_1_366' title='bbox 542 4179 589 4233; x_wconf 92' lang='lat' dir='ltr'><strong>si</strong></span> <span class='ocrx_word' id='word_1_367' title='bbox 625 4178 820 4248; x_wconf 67' lang='lat' dir='ltr'><strong>linguae</strong></span> <span class='ocrx_word' id='word_1_368' title='bbox 849 4183 976 4231; x_wconf 88' lang='lat' dir='ltr'><strong>sunt</strong></span> <span class='ocrx_word' id='word_1_369' title='bbox 1001 4175 1054 4230; x_wconf 92' lang='lat' dir='ltr'><strong>in</strong></span> <span class='ocrx_word' id='word_1_370' title='bbox 1081 4174 1290 4246; x_wconf 89' lang='lat' dir='ltr'><strong>signum</strong></span> <span class='ocrx_word' id='word_1_371' title='bbox 1319 4173 1654 4239; x_wconf 89' lang='lat' dir='ltr'><strong>inlidelibus,</strong></span> <span class='ocrx_word' id='word_1_372' title='bbox 1688 4174 1966 4244; x_wconf 89' lang='lat' dir='ltr'><strong>prophetia</strong></span> 
     </span>
    </p>
   </div>
   <div class='ocr_carea' id='block_1_44' title="bbox 375 4264 1964 4336">
    <p class='ocr_par' dir='ltr' id='par_1_44' title="bbox 375 4264 1964 4336">
     <span class='ocr_line' id='line_1_44' title="bbox 375 4264 1964 4336; baseline -0.003 -12"><span class='ocrx_word' id='word_1_373' title='bbox 375 4282 554 4326; x_wconf 85' lang='lat' dir='ltr'><strong>autem</strong></span> <span class='ocrx_word' id='word_1_374' title='bbox 585 4269 862 4333; x_wconf 85' lang='lat' dir='ltr'><strong>ﬁdelibus,</strong></span> <span class='ocrx_word' id='word_1_375' title='bbox 909 4266 961 4322; x_wconf 88' lang='lat' dir='ltr'><strong>id</strong></span> <span class='ocrx_word' id='word_1_376' title='bbox 1001 4265 1143 4336; x_wconf 91' lang='lat' dir='ltr'><strong>quod</strong></span> <span class='ocrx_word' id='word_1_377' title='bbox 1173 4265 1308 4321; x_wconf 88' lang='lat' dir='ltr'><strong>alios</strong></span> <span class='ocrx_word' id='word_1_378' title='bbox 1337 4264 1557 4320; x_wconf 88' lang='lat' dir='ltr'><strong>attrahit</strong></span> <span class='ocrx_word' id='word_1_379' title='bbox 1583 4275 1636 4321; x_wconf 92' lang='lat' dir='ltr'><strong>et</strong></span> <span class='ocrx_word' id='word_1_380' title='bbox 1661 4265 1928 4336; x_wconf 85' lang='lat' dir='ltr'><strong>conjungit</strong></span> <span class='ocrx_word' id='word_1_381' title='bbox 1949 4307 1964 4331; x_wconf 87' lang='lat'><strong>,</strong></span> 
     </span>
    </p>
   </div>
   <div class='ocr_carea' id='block_1_45' title="bbox 378 4357 1968 4434">
    <p class='ocr_par' dir='ltr' id='par_1_45' title="bbox 378 4357 1968 4434">
     <span class='ocr_line' id='line_1_45' title="bbox 378 4357 1968 4434; baseline -0.003 -16"><span class='ocrx_word' id='word_1_382' title='bbox 378 4363 553 4434; x_wconf 74' lang='lat' dir='ltr'><strong>majus</strong></span> <span class='ocrx_word' id='word_1_383' title='bbox 573 4371 655 4418; x_wconf 82' lang='lat' dir='ltr'><strong>est</strong></span> <span class='ocrx_word' id='word_1_384' title='bbox 681 4375 747 4416; x_wconf 91' lang='lat' dir='ltr'><strong>eo</strong></span> <span class='ocrx_word' id='word_1_385' title='bbox 774 4358 913 4430; x_wconf 88' lang='lat' dir='ltr'><strong>quod</strong></span> <span class='ocrx_word' id='word_1_386' title='bbox 945 4358 1237 4414; x_wconf 79' lang='lat' dir='ltr'><strong>familiares</strong></span> <span class='ocrx_word' id='word_1_387' title='bbox 1262 4373 1326 4412; x_wconf 88' lang='lat' dir='ltr'><strong>ac</strong></span> <span class='ocrx_word' id='word_1_388' title='bbox 1350 4357 1674 4414; x_wconf 90' lang='lat' dir='ltr'><strong>domesticos</strong></span> <span class='ocrx_word' id='word_1_389' title='bbox 1694 4361 1968 4428; x_wconf 89' lang='lat' dir='ltr'><strong>componit</strong></span> 
     </span>
    </p>
   </div>
   <div class='ocr_carea' id='block_1_46' title="bbox 376 4451 1968 4523">
    <p class='ocr_par' dir='ltr' id='par_1_46' title="bbox 376 4451 1968 4523">
     <span class='ocr_line' id='line_1_46' title="bbox 376 4451 1968 4523; baseline -0.003 -12"><span class='ocrx_word' id='word_1_390' title='bbox 376 4465 433 4511; x_wconf 91' lang='lat' dir='ltr'><strong>et</strong></span> <span class='ocrx_word' id='word_1_391' title='bbox 461 4455 770 4512; x_wconf 84' lang='lat' dir='ltr'><strong>concinnat.</strong></span> <span class='ocrx_word' id='word_1_392' title='bbox 791 4451 929 4522; x_wconf 85' lang='lat' dir='ltr'><strong>Quid</strong></span> <span class='ocrx_word' id='word_1_393' title='bbox 956 4461 1039 4507; x_wconf 88' lang='lat' dir='ltr'><strong>est</strong></span> <span class='ocrx_word' id='word_1_394' title='bbox 1057 4467 1184 4523; x_wconf 91' lang='lat' dir='ltr'><strong>ergo</strong></span> <span class='ocrx_word' id='word_1_395' title='bbox 1200 4451 1341 4522; x_wconf 89' lang='lat' dir='ltr'><strong>quod</strong></span> <span class='ocrx_word' id='word_1_396' title='bbox 1359 4451 1556 4506; x_wconf 90' lang='lat' dir='ltr'><strong>dictum</strong></span> <span class='ocrx_word' id='word_1_397' title='bbox 1575 4453 1692 4508; x_wconf 88' lang='lat' dir='ltr'><strong>est?</strong></span> <span class='ocrx_word' id='word_1_398' title='bbox 1707 4451 1847 4508; x_wconf 82' lang='lat' dir='ltr'><strong>Nihil</strong></span> <span class='ocrx_word' id='word_1_399' title='bbox 1866 4451 1968 4508; x_wconf 81' lang='lat' dir='ltr'><strong>dii-</strong></span> 
     </span>
    </p>
   </div>
   <div class='ocr_carea' id='block_1_47' title="bbox 381 4543 1964 4614">
    <p class='ocr_par' dir='ltr' id='par_1_47' title="bbox 381 4543 1964 4614">
     <span class='ocr_line' id='line_1_47' title="bbox 381 4543 1964 4614; baseline -0.001 -13"><span class='ocrx_word' id='word_1_400' title='bbox 381 4548 522 4603; x_wconf 86' lang='lat' dir='ltr'><strong>ﬁcile</strong></span> <span class='ocrx_word' id='word_1_401' title='bbox 551 4561 650 4600; x_wconf 92' lang='lat' dir='ltr'><strong>nec</strong></span> <span class='ocrx_word' id='word_1_402' title='bbox 675 4546 962 4600; x_wconf 87' lang='lat' dir='ltr'><strong>obscurum</strong></span> <span class='ocrx_word' id='word_1_403' title='bbox 991 4559 1166 4614; x_wconf 91' lang='lat' dir='ltr'><strong>neque</strong></span> <span class='ocrx_word' id='word_1_404' title='bbox 1195 4543 1461 4614; x_wconf 90' lang='lat' dir='ltr'><strong>prioribus</strong></span> <span class='ocrx_word' id='word_1_405' title='bbox 1487 4546 1838 4611; x_wconf 89' lang='lat' dir='ltr'><strong>contrarium,</strong></span> <span class='ocrx_word' id='word_1_406' title='bbox 1869 4543 1964 4600; x_wconf 86' lang='lat' dir='ltr'><strong>sed</strong></span> 
     </span>
    </p>
   </div>
   <div class='ocr_carea' id='block_1_48' title="bbox 378 4633 1967 4706">
    <p class='ocr_par' dir='ltr' id='par_1_48' title="bbox 378 4633 1967 4706">
     <span class='ocr_line' id='line_1_48' title="bbox 378 4633 1967 4706; baseline 0 -16"><span class='ocrx_word' id='word_1_407' title='bbox 378 4636 536 4692; x_wconf 69' lang='lat' dir='ltr'><strong>valde</strong></span> <span class='ocrx_word' id='word_1_408' title='bbox 557 4635 902 4700; x_wconf 76' lang='lat' dir='ltr'><strong>conveniens,</strong></span> <span class='ocrx_word' id='word_1_409' title='bbox 933 4635 978 4690; x_wconf 88' lang='lat' dir='ltr'><strong>si</strong></span> <span class='ocrx_word' id='word_1_410' title='bbox 1003 4634 1361 4690; x_wconf 89' lang='lat' dir='ltr'><strong>attendamus.</strong></span> <span class='ocrx_word' id='word_1_411' title='bbox 1390 4633 1522 4688; x_wconf 82' lang='lat' dir='ltr'><strong>Nam</strong></span> <span class='ocrx_word' id='word_1_412' title='bbox 1547 4635 1826 4704; x_wconf 88' lang='lat' dir='ltr'><strong>prophetia</strong></span> <span class='ocrx_word' id='word_1_413' title='bbox 1847 4637 1967 4706; x_wconf 90' lang='lat' dir='ltr'><strong>qui-</strong></span> 
     </span>
    </p>
   </div>
   <div class='ocr_carea' id='block_1_49' title="bbox 374 4727 1969 4799">
    <p class='ocr_par' dir='ltr' id='par_1_49' title="bbox 374 4727 1969 4799">
     <span class='ocr_line' id='line_1_49' title="bbox 374 4727 1969 4799; baseline -0.001 -14"><span class='ocrx_word' id='word_1_414' title='bbox 374 4731 504 4785; x_wconf 88' lang='lat' dir='ltr'><strong>dem</strong></span> <span class='ocrx_word' id='word_1_415' title='bbox 533 4728 772 4799; x_wconf 87' lang='lat' dir='ltr'><strong>utrisque</strong></span> <span class='ocrx_word' id='word_1_416' title='bbox 799 4737 884 4782; x_wconf 89' lang='lat' dir='ltr'><strong>est</strong></span> <span class='ocrx_word' id='word_1_417' title='bbox 925 4736 1080 4796; x_wconf 90' lang='lat' dir='ltr'><strong>apta,</strong></span> <span class='ocrx_word' id='word_1_418' title='bbox 1124 4727 1302 4798; x_wconf 86' lang='lat' dir='ltr'><strong>lingua</strong></span> <span class='ocrx_word' id='word_1_419' title='bbox 1348 4733 1526 4781; x_wconf 82' lang='lat' dir='ltr'><strong>autem</strong></span> <span class='ocrx_word' id='word_1_420' title='bbox 1553 4727 1792 4782; x_wconf 91' lang='lat' dir='ltr'><strong>minime.</strong></span> <span class='ocrx_word' id='word_1_421' title='bbox 1843 4727 1969 4784; x_wconf 88' lang='lat' dir='ltr'><strong>Ideo</strong></span> 
     </span>
    </p>
   </div>
   <div class='ocr_carea' id='block_1_50' title="bbox 376 4818 1964 4892">
    <p class='ocr_par' dir='ltr' id='par_1_50' title="bbox 376 4818 1964 4892">
     <span class='ocr_line' id='line_1_50' title="bbox 376 4818 1964 4892; baseline -0.003 -12"><span class='ocrx_word' id='word_1_422' title='bbox 376 4839 502 4880; x_wconf 87' lang='lat' dir='ltr'><strong>cum</strong></span> <span class='ocrx_word' id='word_1_423' title='bbox 530 4823 598 4878; x_wconf 89' lang='lat' dir='ltr'><strong>de</strong></span> <span class='ocrx_word' id='word_1_424' title='bbox 628 4821 804 4892; x_wconf 75' lang='lat' dir='ltr'><strong>lingua</strong></span> <span class='ocrx_word' id='word_1_425' title='bbox 835 4819 1059 4874; x_wconf 80' lang='lat' dir='ltr'><strong>dixisset</strong></span> <span class='ocrx_word' id='word_1_426' title='bbox 1087 4835 1204 4874; x_wconf 89' lang='lat' dir='ltr'><strong>eam</strong></span> <span class='ocrx_word' id='word_1_427' title='bbox 1233 4833 1353 4875; x_wconf 89' lang='lat' dir='ltr'><strong>esse</strong></span> <span class='ocrx_word' id='word_1_428' title='bbox 1383 4818 1436 4872; x_wconf 93' lang='lat' dir='ltr'><strong>in</strong></span> <span class='ocrx_word' id='word_1_429' title='bbox 1467 4818 1697 4889; x_wconf 91' lang='lat' dir='ltr'><strong>signum,</strong></span> <span class='ocrx_word' id='word_1_430' title='bbox 1725 4818 1964 4887; x_wconf 90' lang='lat' dir='ltr'><strong>addidit,</strong></span> 
     </span>
    </p>
   </div>
   <div class='ocr_carea' id='block_1_51' title="bbox 383 4909 1967 4982">
    <p class='ocr_par' dir='ltr' id='par_1_51' title="bbox 383 4909 1967 4982">
     <span class='ocr_line' id='line_1_51' title="bbox 383 4909 1967 4982; baseline -0.001 -13"><span class='ocrx_word' id='word_1_431' title='bbox 383 4915 506 4969; x_wconf 83' lang='lat' dir='ltr'><strong>Non</strong></span> <span class='ocrx_word' id='word_1_432' title='bbox 534 4913 769 4982; x_wconf 85' lang='lat' dir='ltr'><strong>ﬁdelibus</strong></span> <span class='ocrx_word' id='word_1_433' title='bbox 789 4954 801 4974; x_wconf 91' lang='lat'><strong>,</strong></span> <span class='ocrx_word' id='word_1_434' title='bbox 835 4911 925 4965; x_wconf 88' lang='lat' dir='ltr'><strong>scd</strong></span> <span class='ocrx_word' id='word_1_435' title='bbox 952 4910 1272 4979; x_wconf 81' lang='lat' dir='ltr'><strong>inﬁdelibus,</strong></span> <span class='ocrx_word' id='word_1_436' title='bbox 1321 4910 1494 4979; x_wconf 79' lang='lat' dir='ltr'><strong>hisque</strong></span> <span class='ocrx_word' id='word_1_437' title='bbox 1533 4909 1587 4964; x_wconf 90' lang='lat' dir='ltr'><strong>in</strong></span> <span class='ocrx_word' id='word_1_438' title='bbox 1611 4911 1832 4982; x_wconf 87' lang='lat' dir='ltr'><strong>signum,</strong></span> <span class='ocrx_word' id='word_1_439' title='bbox 1864 4911 1967 4968; x_wconf 86' lang='lat' dir='ltr'><strong>hoc</strong></span> 
     </span>
    </p>
   </div>
   <div class='ocr_carea' id='block_1_52' title="bbox 375 5000 1968 5076">
    <p class='ocr_par' dir='ltr' id='par_1_52' title="bbox 375 5000 1968 5076">
     <span class='ocr_line' id='line_1_52' title="bbox 375 5000 1968 5076; baseline -0.004 -13"><span class='ocrx_word' id='word_1_440' title='bbox 375 5017 481 5071; x_wconf 87' lang='lat' dir='ltr'><strong>est,</strong></span> <span class='ocrx_word' id='word_1_441' title='bbox 515 5005 578 5060; x_wconf 90' lang='lat' dir='ltr'><strong>ad</strong></span> <span class='ocrx_word' id='word_1_442' title='bbox 601 5002 1082 5076; x_wconf 88' lang='lat' dir='ltr'><strong>stnpel&#39;aciendum,</strong></span> <span class='ocrx_word' id='word_1_443' title='bbox 1108 5016 1213 5055; x_wconf 93' lang='lat' dir='ltr'><strong>non</strong></span> <span class='ocrx_word' id='word_1_444' title='bbox 1241 5000 1376 5056; x_wconf 88' lang='lat' dir='ltr'><strong>adeo</strong></span> <span class='ocrx_word' id='word_1_445' title='bbox 1395 5011 1572 5056; x_wconf 89' lang='lat' dir='ltr'><strong>autem</strong></span> <span class='ocrx_word' id='word_1_446' title='bbox 1594 5002 1658 5055; x_wconf 92' lang='lat' dir='ltr'><strong>ad</strong></span> <span class='ocrx_word' id='word_1_447' title='bbox 1685 5003 1968 5057; x_wconf 83' lang='lat' dir='ltr'><strong>instituen-</strong></span> 
     </span>
    </p>
   </div>
   <div class='ocr_carea' id='block_1_53' title="bbox 387 5091 1963 5169">
    <p class='ocr_par' dir='ltr' id='par_1_53' title="bbox 387 5091 1963 5169">
     <span class='ocr_line' id='line_1_53' title="bbox 387 5091 1963 5169; baseline -0.004 -15"><span class='ocrx_word' id='word_1_448' title='bbox 387 5099 536 5154; x_wconf 90' lang='lat' dir='ltr'><strong>dum.</strong></span> <span class='ocrx_word' id='word_1_449' title='bbox 563 5101 630 5153; x_wconf 82' lang='lat' dir='ltr'><strong>At</strong></span> <span class='ocrx_word' id='word_1_450' title='bbox 656 5099 707 5151; x_wconf 93' lang='lat' dir='ltr'><strong>in</strong></span> <span class='ocrx_word' id='word_1_451' title='bbox 736 5096 1036 5169; x_wconf 87' lang='lat' dir='ltr'><strong>prophetia,</strong></span> <span class='ocrx_word' id='word_1_452' title='bbox 1064 5091 1253 5159; x_wconf 83' lang='lat' dir='ltr'><strong>inquit,</strong></span> <span class='ocrx_word' id='word_1_453' title='bbox 1280 5092 1380 5146; x_wconf 91' lang='lat' dir='ltr'><strong>hoc</strong></span> <span class='ocrx_word' id='word_1_454' title='bbox 1409 5093 1578 5163; x_wconf 88' lang='lat' dir='ltr'><strong>ipsum</strong></span> <span class='ocrx_word' id='word_1_455' title='bbox 1603 5092 1722 5147; x_wconf 79' lang='lat' dir='ltr'><strong>fecit</strong></span> <span class='ocrx_word' id='word_1_456' title='bbox 1741 5091 1963 5148; x_wconf 88' lang='lat' dir='ltr'><strong>dicens:</strong></span> 
     </span>
    </p>
   </div>
   <div class='ocr_carea' id='block_1_54' title="bbox 384 5183 1967 5260">
    <p class='ocr_par' dir='ltr' id='par_1_54' title="bbox 384 5183 1967 5260">
     <span class='ocr_line' id='line_1_54' title="bbox 384 5183 1967 5260; baseline -0.003 -14"><span class='ocrx_word' id='word_1_457' title='bbox 384 5189 662 5260; x_wconf 80' lang='lat' dir='ltr'><strong>Pmplietia</strong></span> <span class='ocrx_word' id='word_1_458' title='bbox 689 5200 855 5242; x_wconf 87' lang='lat' dir='ltr'><strong>autem</strong></span> <span class='ocrx_word' id='word_1_459' title='bbox 886 5205 985 5243; x_wconf 89' lang='lat' dir='ltr'><strong>non</strong></span> <span class='ocrx_word' id='word_1_460' title='bbox 1013 5186 1304 5255; x_wconf 84' lang='lat' dir='ltr'><strong>inﬁdelibus</strong></span> <span class='ocrx_word' id='word_1_461' title='bbox 1322 5225 1336 5248; x_wconf 90' lang='lat'><strong>,</strong></span> <span class='ocrx_word' id='word_1_462' title='bbox 1369 5184 1458 5239; x_wconf 81' lang='lat' dir='ltr'><strong>sed</strong></span> <span class='ocrx_word' id='word_1_463' title='bbox 1483 5183 1734 5254; x_wconf 85' lang='lat' dir='ltr'><strong>ﬁdelibus.</strong></span> <span class='ocrx_word' id='word_1_464' title='bbox 1783 5184 1967 5256; x_wconf 88' lang='lat' dir='ltr'><strong>Neque</strong></span> 
     </span>
    </p>
   </div>
   <div class='ocr_carea' id='block_1_55' title="bbox 380 5275 1964 5351">
    <p class='ocr_par' dir='ltr' id='par_1_55' title="bbox 380 5275 1964 5351">
     <span class='ocr_line' id='line_1_55' title="bbox 380 5275 1964 5351; baseline -0.005 -13"><span class='ocrx_word' id='word_1_465' title='bbox 380 5283 524 5338; x_wconf 86' lang='lat' dir='ltr'><strong>cnim</strong></span> <span class='ocrx_word' id='word_1_466' title='bbox 554 5279 726 5334; x_wconf 88' lang='lat' dir='ltr'><strong>lidelis</strong></span> <span class='ocrx_word' id='word_1_467' title='bbox 753 5296 885 5351; x_wconf 74' lang='lat' dir='ltr'><strong>opus</strong></span> <span class='ocrx_word' id='word_1_468' title='bbox 914 5279 1079 5333; x_wconf 84' lang='lat' dir='ltr'><strong>habet</strong></span> <span class='ocrx_word' id='word_1_469' title='bbox 1107 5287 1162 5332; x_wconf 93' lang='lat' dir='ltr'><strong>ut</strong></span> <span class='ocrx_word' id='word_1_470' title='bbox 1193 5279 1401 5348; x_wconf 87' lang='lat' dir='ltr'><strong>signum</strong></span> <span class='ocrx_word' id='word_1_471' title='bbox 1430 5275 1603 5329; x_wconf 72' lang='lat' dir='ltr'><strong>videat</strong></span> <span class='ocrx_word' id='word_1_472' title='bbox 1625 5317 1640 5340; x_wconf 91' lang='lat'><strong>,</strong></span> <span class='ocrx_word' id='word_1_473' title='bbox 1672 5275 1764 5330; x_wconf 91' lang='lat' dir='ltr'><strong>sed</strong></span> <span class='ocrx_word' id='word_1_474' title='bbox 1794 5278 1964 5331; x_wconf 90' lang='lat' dir='ltr'><strong>solum</strong></span> 
     </span>
    </p>
   </div>
   <div class='ocr_carea' id='block_1_56' title="bbox 380 5366 1966 5441">
    <p class='ocr_par' dir='ltr' id='par_1_56' title="bbox 380 5366 1966 5441">
     <span class='ocr_line' id='line_1_56' title="bbox 380 5366 1966 5441; baseline -0.007 -10"><span class='ocrx_word' id='word_1_475' title='bbox 380 5372 625 5430; x_wconf 83' lang='lat' dir='ltr'><strong>doctrina</strong></span> <span class='ocrx_word' id='word_1_476' title='bbox 668 5370 862 5441; x_wconf 80' lang='lat' dir='ltr'><strong>indiget</strong></span> <span class='ocrx_word' id='word_1_477' title='bbox 908 5379 962 5424; x_wconf 80' lang='lat' dir='ltr'><strong>et</strong></span> <span class='ocrx_word' id='word_1_478' title='bbox 992 5369 1346 5424; x_wconf 87' lang='lat' dir='ltr'><strong>institutione.</strong></span> <span class='ocrx_word' id='word_1_479' title='bbox 1379 5366 1658 5434; x_wconf 85' lang='lat' dir='ltr'><strong>Quomodo</strong></span> <span class='ocrx_word' id='word_1_480' title='bbox 1685 5381 1814 5436; x_wconf 84' lang='lat' dir='ltr'><strong>ergo</strong></span> <span class='ocrx_word' id='word_1_481' title='bbox 1835 5408 1848 5428; x_wconf 91' lang='lat'><strong>,</strong></span> <span class='ocrx_word' id='word_1_482' title='bbox 1884 5369 1966 5420; x_wconf 80' lang='lat' dir='ltr'><strong>in—</strong></span> 
     </span>
    </p>
   </div>
   <div class='ocr_carea' id='block_1_57' title="bbox 379 5457 1968 5539">
    <p class='ocr_par' dir='ltr' id='par_1_57' title="bbox 379 5457 1968 5539">
     <span class='ocr_line' id='line_1_57' title="bbox 379 5457 1968 5539; baseline -0.005 -19"><span class='ocrx_word' id='word_1_483' title='bbox 379 5467 516 5539; x_wconf 90' lang='lat' dir='ltr'><strong>quit,</strong></span> <span class='ocrx_word' id='word_1_484' title='bbox 545 5464 679 5520; x_wconf 89' lang='lat' dir='ltr'><strong>dicis</strong></span> <span class='ocrx_word' id='word_1_485' title='bbox 703 5459 1034 5533; x_wconf 85' lang='lat' dir='ltr'><strong>prophetiam</strong></span> <span class='ocrx_word' id='word_1_486' title='bbox 1065 5460 1303 5528; x_wconf 90' lang='lat' dir='ltr'><strong>utrisque</strong></span> <span class='ocrx_word' id='word_1_487' title='bbox 1325 5471 1444 5512; x_wconf 82' lang='lat' dir='ltr'><strong>esse</strong></span> <span class='ocrx_word' id='word_1_488' title='bbox 1471 5457 1676 5519; x_wconf 87' lang='lat' dir='ltr'><strong>utilem,</strong></span> <span class='ocrx_word' id='word_1_489' title='bbox 1705 5472 1824 5510; x_wconf 87' lang='lat' dir='ltr'><strong>cum</strong></span> <span class='ocrx_word' id='word_1_490' title='bbox 1855 5457 1968 5525; x_wconf 82' lang='lat' dir='ltr'><strong>ipse</strong></span> 
     </span>
    </p>
   </div>
   <div class='ocr_carea' id='block_1_58' title="bbox 380 5553 1967 5628">
    <p class='ocr_par' dir='ltr' id='par_1_58' title="bbox 380 5553 1967 5628">
     <span class='ocr_line' id='line_1_58' title="bbox 380 5553 1967 5628; baseline -0.006 -10"><span class='ocrx_word' id='word_1_491' title='bbox 380 5562 556 5627; x_wconf 88' lang='lat' dir='ltr'><strong>dicat,</strong></span> <span class='ocrx_word' id='word_1_492' title='bbox 589 5557 710 5616; x_wconf 85' lang='lat' dir='ltr'><strong>Non</strong></span> <span class='ocrx_word' id='word_1_493' title='bbox 739 5557 1067 5628; x_wconf 73' lang='lat' dir='ltr'><strong>infidelibus,</strong></span> <span class='ocrx_word' id='word_1_494' title='bbox 1099 5557 1186 5612; x_wconf 85' lang='lat' dir='ltr'><strong>scd</strong></span> <span class='ocrx_word' id='word_1_495' title='bbox 1213 5555 1491 5626; x_wconf 77' lang='lat' dir='ltr'><strong>ﬁdelibus?</strong></span> <span class='ocrx_word' id='word_1_496' title='bbox 1519 5553 1576 5610; x_wconf 88' lang='lat' dir='ltr'><strong>Si</strong></span> <span class='ocrx_word' id='word_1_497' title='bbox 1603 5553 1887 5625; x_wconf 83' lang='lat' dir='ltr'><strong>diligenter</strong></span> <span class='ocrx_word' id='word_1_498' title='bbox 1916 5563 1967 5608; x_wconf 82' lang='lat' dir='ltr'><strong>et</strong></span> 
     </span>
    </p>
   </div>
   <div class='ocr_carea' id='block_1_59' title="bbox 382 5648 1966 5719">
    <p class='ocr_par' dir='ltr' id='par_1_59' title="bbox 382 5648 1966 5719">
     <span class='ocr_line' id='line_1_59' title="bbox 382 5648 1966 5719; baseline -0.004 -9"><span class='ocrx_word' id='word_1_499' title='bbox 382 5665 572 5710; x_wconf 77' lang='lat' dir='ltr'><strong>exacte</strong></span> <span class='ocrx_word' id='word_1_500' title='bbox 601 5651 1026 5717; x_wconf 75' lang='lat' dir='ltr'><strong>examinareris,</strong></span> <span class='ocrx_word' id='word_1_501' title='bbox 1072 5650 1211 5705; x_wconf 84' lang='lat' dir='ltr'><strong>scies</strong></span> <span class='ocrx_word' id='word_1_502' title='bbox 1249 5650 1390 5719; x_wconf 91' lang='lat' dir='ltr'><strong>quod</strong></span> <span class='ocrx_word' id='word_1_503' title='bbox 1434 5648 1645 5703; x_wconf 88' lang='lat' dir='ltr'><strong>dicitur.</strong></span> <span class='ocrx_word' id='word_1_504' title='bbox 1677 5648 1793 5704; x_wconf 86' lang='lat' dir='ltr'><strong>Non</strong></span> <span class='ocrx_word' id='word_1_505' title='bbox 1825 5649 1966 5704; x_wconf 90' lang='lat' dir='ltr'><strong>enim</strong></span> 
     </span>
    </p>
   </div>
   <div class='ocr_carea' id='block_1_60' title="bbox 384 5739 1965 5819">
    <p class='ocr_par' dir='ltr' id='par_1_60' title="bbox 384 5739 1965 5819">
     <span class='ocr_line' id='line_1_60' title="bbox 384 5739 1965 5819; baseline -0.004 -17"><span class='ocrx_word' id='word_1_506' title='bbox 384 5747 516 5802; x_wconf 80' lang='lat' dir='ltr'><strong>dixit</strong></span> <span class='ocrx_word' id='word_1_507' title='bbox 543 5746 876 5819; x_wconf 69' lang='lat' dir='ltr'><strong>prophetiam</strong></span> <span class='ocrx_word' id='word_1_508' title='bbox 904 5758 1010 5800; x_wconf 91' lang='lat' dir='ltr'><strong>non</strong></span> <span class='ocrx_word' id='word_1_509' title='bbox 1032 5757 1153 5800; x_wconf 87' lang='lat' dir='ltr'><strong>esse</strong></span> <span class='ocrx_word' id='word_1_510' title='bbox 1180 5741 1362 5798; x_wconf 85' lang='lat' dir='ltr'><strong>utilem</strong></span> <span class='ocrx_word' id='word_1_511' title='bbox 1391 5739 1714 5804; x_wconf 84' lang='lat' dir='ltr'><strong>inﬁdelibus,</strong></span> <span class='ocrx_word' id='word_1_512' title='bbox 1743 5741 1835 5797; x_wconf 88' lang='lat' dir='ltr'><strong>sed</strong></span> <span class='ocrx_word' id='word_1_513' title='bbox 1860 5756 1965 5798; x_wconf 92' lang='lat' dir='ltr'><strong>non</strong></span> 
     </span>
    </p>
   </div>
   <div class='ocr_carea' id='block_1_61' title="bbox 1141 272 2949 338">
    <p class='ocr_par' dir='ltr' id='par_1_61' title="bbox 1141 272 2949 338">
     <span class='ocr_line' id='line_1_61' title="bbox 1141 272 2949 338; baseline 0 -1"><span class='ocrx_word' id='word_1_514' title='bbox 1141 280 1198 338; x_wconf 91' lang='lat' dir='ltr'><strong>S.</strong></span> <span class='ocrx_word' id='word_1_515' title='bbox 1239 275 1517 336; x_wconf 83' lang='lat' dir='ltr'><strong>JOANNIS</strong></span> <span class='ocrx_word' id='word_1_516' title='bbox 1550 272 2022 334; x_wconf 69' lang='lat' dir='ltr'><strong>CﬂRYSOSTOMl</strong></span> <span class='ocrx_word' id='word_1_517' title='bbox 2059 274 2373 336; x_wconf 78' lang='lat' dir='ltr'><strong>ARCHIEP.</strong></span> <span class='ocrx_word' id='word_1_518' title='bbox 2413 275 2949 338; x_wconf 81' lang='lat' dir='ltr'><strong>CONSTAN&#39;I‘INOP.</strong></span> 
     </span>
    </p>
   </div>
   <div class='ocr_carea' id='block_1_62' title="bbox 3567 284 3674 342">
    <p class='ocr_par' dir='ltr' id='par_1_62' title="bbox 3567 284 3674 342">
     <span class='ocr_line' id='line_1_62' title="bbox 3567 284 3674 342; baseline 0 0"><span class='ocrx_word' id='word_1_519' title='bbox 3567 284 3674 342; x_wconf 74' lang='lat'><strong>308</strong></span> 
     </span>
    </p>
   </div>
   <div class='ocr_carea' id='block_1_63' title="bbox 2084 393 3669 476">
    <p class='ocr_par' dir='ltr' id='par_1_63' title="bbox 2084 393 3669 476">
     <span class='ocr_line' id='line_1_63' title="bbox 2084 393 3669 476; baseline 0.01 -30"><span class='ocrx_word' id='word_1_520' title='bbox 2084 406 2206 448; x_wconf 89' lang='lat' dir='ltr'><strong>esse</strong></span> <span class='ocrx_word' id='word_1_521' title='bbox 2244 393 2296 448; x_wconf 91' lang='lat' dir='ltr'><strong>in</strong></span> <span class='ocrx_word' id='word_1_522' title='bbox 2328 395 2570 464; x_wconf 86' lang='lat' dir='ltr'><strong>slgnum,</strong></span> <span class='ocrx_word' id='word_1_523' title='bbox 2601 405 2660 451; x_wconf 87' lang='lat' dir='ltr'><strong>ut</strong></span> <span class='ocrx_word' id='word_1_524' title='bbox 2697 394 2928 468; x_wconf 78' lang='lat' dir='ltr'><strong>linguam</strong></span> <span class='ocrx_word' id='word_1_525' title='bbox 2949 437 2965 465; x_wconf 91' lang='lat'><strong>,</strong></span> <span class='ocrx_word' id='word_1_526' title='bbox 2995 397 3203 455; x_wconf 88' lang='lat' dir='ltr'><strong>scilicet</strong></span> <span class='ocrx_word' id='word_1_527' title='bbox 3243 400 3449 456; x_wconf 88' lang='lat' dir='ltr'><strong>inutile.</strong></span> <span class='ocrx_word' id='word_1_528' title='bbox 3483 401 3669 476; x_wconf 82' lang='lat' dir='ltr'><strong>Neque</strong></span> 
     </span>
    </p>
   </div>
   <div class='ocr_carea' id='block_1_64' title="bbox 2087 483 3670 566">
    <p class='ocr_par' dir='ltr' id='par_1_64' title="bbox 2087 483 3670 566">
     <span class='ocr_line' id='line_1_64' title="bbox 2087 483 3670 566; baseline 0.01 -31"><span class='ocrx_word' id='word_1_529' title='bbox 2087 483 2391 540; x_wconf 88' lang='lat' dir='ltr'><strong>inﬁdelibus</strong></span> <span class='ocrx_word' id='word_1_530' title='bbox 2421 485 2551 542; x_wconf 89' lang='lat' dir='ltr'><strong>utile</strong></span> <span class='ocrx_word' id='word_1_531' title='bbox 2573 486 2698 557; x_wconf 88' lang='lat' dir='ltr'><strong>quid</strong></span> <span class='ocrx_word' id='word_1_532' title='bbox 2726 496 2811 544; x_wconf 84' lang='lat' dir='ltr'><strong>est</strong></span> <span class='ocrx_word' id='word_1_533' title='bbox 2836 487 3014 560; x_wconf 82' lang='lat' dir='ltr'><strong>lingua</strong></span> <span class='ocrx_word' id='word_1_534' title='bbox 3039 506 3053 544; x_wconf 92' lang='lat'><strong>:</strong></span> <span class='ocrx_word' id='word_1_535' title='bbox 3085 504 3250 545; x_wconf 86' lang='lat' dir='ltr'><strong>unum</strong></span> <span class='ocrx_word' id='word_1_536' title='bbox 3276 493 3421 548; x_wconf 90' lang='lat' dir='ltr'><strong>enim</strong></span> <span class='ocrx_word' id='word_1_537' title='bbox 3449 503 3532 548; x_wconf 88' lang='lat' dir='ltr'><strong>est</strong></span> <span class='ocrx_word' id='word_1_538' title='bbox 3555 495 3670 566; x_wconf 83' lang='lat' dir='ltr'><strong>ejus</strong></span> 
     </span>
    </p>
   </div>
   <div class='ocr_carea' id='block_1_65' title="bbox 2082 580 3670 652">
    <p class='ocr_par' dir='ltr' id='par_1_65' title="bbox 2082 580 3670 652">
     <span class='ocr_line' id='line_1_65' title="bbox 2082 580 3670 652; baseline 0.011 -24"><span class='ocrx_word' id='word_1_539' title='bbox 2082 588 2218 643; x_wconf 89' lang='lat' dir='ltr'><strong>opus</strong></span> <span class='ocrx_word' id='word_1_540' title='bbox 2243 591 2305 632; x_wconf 91' lang='lat' dir='ltr'><strong>ac</strong></span> <span class='ocrx_word' id='word_1_541' title='bbox 2333 593 2547 645; x_wconf 88' lang='lat' dir='ltr'><strong>munus,</strong></span> <span class='ocrx_word' id='word_1_542' title='bbox 2577 580 2985 652; x_wconf 81' lang='lat' dir='ltr'><strong>obstupefacere</strong></span> <span class='ocrx_word' id='word_1_543' title='bbox 3015 583 3190 639; x_wconf 88' lang='lat' dir='ltr'><strong>solum</strong></span> <span class='ocrx_word' id='word_1_544' title='bbox 3229 600 3294 640; x_wconf 88' lang='lat' dir='ltr'><strong>ac</strong></span> <span class='ocrx_word' id='word_1_545' title='bbox 3320 588 3670 647; x_wconf 83' lang='lat' dir='ltr'><strong>conturbare.</strong></span> 
     </span>
    </p>
   </div>
   <div class='ocr_carea' id='block_1_66' title="bbox 2083 667 3674 749">
    <p class='ocr_par' dir='ltr' id='par_1_66' title="bbox 2083 667 3674 749">
     <span class='ocr_line' id='line_1_66' title="bbox 2083 667 3674 749; baseline 0.01 -30"><span class='ocrx_word' id='word_1_546' title='bbox 2083 667 2302 736; x_wconf 70' lang='lat' dir='ltr'><strong>Signum</strong></span> <span class='ocrx_word' id='word_1_547' title='bbox 2330 678 2415 724; x_wconf 84' lang='lat' dir='ltr'><strong>est</strong></span> <span class='ocrx_word' id='word_1_548' title='bbox 2443 671 2587 726; x_wconf 79' lang='lat' dir='ltr'><strong>enim</strong></span> <span class='ocrx_word' id='word_1_549' title='bbox 2617 687 2684 728; x_wconf 79' lang='lat' dir='ltr'><strong>ex</strong></span> <span class='ocrx_word' id='word_1_550' title='bbox 2711 671 2776 728; x_wconf 82' lang='lat' dir='ltr'><strong>iis</strong></span> <span class='ocrx_word' id='word_1_551' title='bbox 2816 689 2938 745; x_wconf 75' lang='lat' dir='ltr'><strong>qua:</strong></span> <span class='ocrx_word' id='word_1_552' title='bbox 2964 683 3090 729; x_wconf 84' lang='lat' dir='ltr'><strong>sunt</strong></span> <span class='ocrx_word' id='word_1_553' title='bbox 3117 676 3293 731; x_wconf 91' lang='lat' dir='ltr'><strong>media</strong></span> <span class='ocrx_word' id='word_1_554' title='bbox 3325 694 3340 732; x_wconf 91' lang='lat'><strong>:</strong></span> <span class='ocrx_word' id='word_1_555' title='bbox 3370 688 3426 732; x_wconf 93' lang='lat' dir='ltr'><strong>ut</strong></span> <span class='ocrx_word' id='word_1_556' title='bbox 3454 681 3674 749; x_wconf 86' lang='lat' dir='ltr'><strong>quando</strong></span> 
     </span>
    </p>
   </div>
   <div class='ocr_carea' id='block_1_67' title="bbox 2082 756 3673 836">
    <p class='ocr_par' dir='ltr' id='par_1_67' title="bbox 2082 756 3673 836">
     <span class='ocr_line' id='line_1_67' title="bbox 2082 756 3673 836; baseline 0.011 -24"><span class='ocrx_word' id='word_1_557' title='bbox 2082 756 2248 814; x_wconf 87' lang='lat' dir='ltr'><strong>dicit:</strong></span> <span class='ocrx_word' id='word_1_558' title='bbox 2282 758 2392 814; x_wconf 86' lang='lat' dir='ltr'><strong>Fac</strong></span> <span class='ocrx_word' id='word_1_559' title='bbox 2415 779 2612 818; x_wconf 76' lang='lat' dir='ltr'><strong>mecum</strong></span> <span class='ocrx_word' id='word_1_560' title='bbox 2631 765 2850 836; x_wconf 80' lang='lat' dir='ltr'><strong>signant,</strong></span> <span class='ocrx_word' id='word_1_561' title='bbox 2877 776 2930 821; x_wconf 90' lang='lat' dir='ltr'><strong>et</strong></span> <span class='ocrx_word' id='word_1_562' title='bbox 2952 767 3119 832; x_wconf 86' lang='lat' dir='ltr'><strong>addit,</strong></span> <span class='ocrx_word' id='word_1_563' title='bbox 3147 769 3199 822; x_wconf 89' lang='lat' dir='ltr'><strong>in</strong></span> <span class='ocrx_word' id='word_1_564' title='bbox 3222 767 3445 834; x_wconf 82' lang='lat' dir='ltr'><strong>bonum;</strong></span> <span class='ocrx_word' id='word_1_565' title='bbox 3473 782 3526 827; x_wconf 93' lang='lat' dir='ltr'><strong>et</strong></span> <span class='ocrx_word' id='word_1_566' title='bbox 3555 789 3673 829; x_wconf 85' lang='lat' dir='ltr'><strong>rur-</strong></span> 
     </span>
    </p>
   </div>
   <div class='ocr_carea' id='block_1_68' title="bbox 2078 849 3668 935">
    <p class='ocr_par' dir='ltr' id='par_1_68' title="bbox 2078 849 3668 935">
     <span class='ocr_line' id='line_1_68' title="bbox 2078 849 3668 935; baseline 0.011 -34"><span class='ocrx_word' id='word_1_567' title='bbox 2078 862 2196 903; x_wconf 83' lang='lat' dir='ltr'><strong>sum</strong></span> <span class='ocrx_word' id='word_1_568' title='bbox 2217 891 2233 916; x_wconf 91' lang='lat'><strong>,</strong></span> <span class='ocrx_word' id='word_1_569' title='bbox 2268 849 2460 907; x_wconf 83' lang='lat' dir='ltr'><strong>Factus</strong></span> <span class='ocrx_word' id='word_1_570' title='bbox 2501 871 2614 908; x_wconf 89' lang='lat' dir='ltr'><strong>sum</strong></span> <span class='ocrx_word' id='word_1_571' title='bbox 2659 864 2915 926; x_wconf 79' lang='lat' dir='ltr'><strong>tamquam</strong></span> <span class='ocrx_word' id='word_1_572' title='bbox 2951 858 3241 929; x_wconf 84' lang='lat' dir='ltr'><strong>prodigium</strong></span> <span class='ocrx_word' id='word_1_573' title='bbox 3271 861 3443 915; x_wconf 84' lang='lat' dir='ltr'><strong>multis</strong></span> <span class='ocrx_word' id='word_1_574' title='bbox 3483 861 3668 935; x_wconf 80' lang='lat' dir='ltr'><strong>(Psal.</strong></span> 
     </span>
    </p>
   </div>
   <div class='ocr_carea' id='block_1_69' title="bbox 2079 939 3210 1019">
    <p class='ocr_par' dir='ltr' id='par_1_69' title="bbox 2079 939 3210 1019">
     <span class='ocr_line' id='line_1_69' title="bbox 2079 939 3210 1019; baseline 0.008 -24"><span class='ocrx_word' id='word_1_575' title='bbox 2079 939 2169 995; x_wconf 82' lang='lat'><strong>85.</strong></span> <span class='ocrx_word' id='word_1_576' title='bbox 2204 941 2291 997; x_wconf 88' lang='grc'><strong>17.</strong></span> <span class='ocrx_word' id='word_1_577' title='bbox 2323 954 2371 998; x_wconf 87' lang='lat' dir='ltr'><strong>et</strong></span> <span class='ocrx_word' id='word_1_578' title='bbox 2402 944 2491 1000; x_wconf 87' lang='lat'><strong>70.</strong></span> <span class='ocrx_word' id='word_1_579' title='bbox 2525 944 2603 1017; x_wconf 88' lang='lat'><strong>7),</strong></span> <span class='ocrx_word' id='word_1_580' title='bbox 2636 945 2737 1002; x_wconf 87' lang='lat' dir='ltr'><strong>hoc</strong></span> <span class='ocrx_word' id='word_1_581' title='bbox 2765 957 2868 1014; x_wconf 86' lang='lat' dir='ltr'><strong>est,</strong></span> <span class='ocrx_word' id='word_1_582' title='bbox 2894 949 2948 1003; x_wconf 85' lang='lat' dir='ltr'><strong>in</strong></span> <span class='ocrx_word' id='word_1_583' title='bbox 2978 950 3210 1019; x_wconf 83' lang='lat' dir='ltr'><strong>signum.</strong></span> 
     </span>
    </p>
   </div>
   <div class='ocr_carea' id='block_1_70' title="bbox 2149 1031 3665 1116">
    <p class='ocr_par' dir='ltr' id='par_1_70' title="bbox 2149 1031 3665 1116">
     <span class='ocr_line' id='line_1_70' title="bbox 2149 1031 3665 1116; baseline 0.012 -30"><span class='ocrx_word' id='word_1_584' title='bbox 2149 1031 2204 1087; x_wconf 79' lang='lat'><strong>2.</strong></span> <span class='ocrx_word' id='word_1_585' title='bbox 2235 1034 2301 1088; x_wconf 83' lang='lat' dir='ltr'><strong>Et</strong></span> <span class='ocrx_word' id='word_1_586' title='bbox 2323 1043 2379 1088; x_wconf 91' lang='lat' dir='ltr'><strong>ut</strong></span> <span class='ocrx_word' id='word_1_587' title='bbox 2398 1037 2539 1092; x_wconf 86' lang='lat' dir='ltr'><strong>scias</strong></span> <span class='ocrx_word' id='word_1_588' title='bbox 2559 1053 2682 1092; x_wconf 91' lang='lat' dir='ltr'><strong>eum</strong></span> <span class='ocrx_word' id='word_1_589' title='bbox 2708 1038 2796 1094; x_wconf 87' lang='lat' dir='ltr'><strong>hic</strong></span> <span class='ocrx_word' id='word_1_590' title='bbox 2815 1039 3102 1096; x_wconf 78' lang='lat' dir='ltr'><strong>adduxisse</strong></span> <span class='ocrx_word' id='word_1_591' title='bbox 3124 1042 3355 1112; x_wconf 86' lang='lat' dir='ltr'><strong>signum,</strong></span> <span class='ocrx_word' id='word_1_592' title='bbox 3385 1059 3490 1100; x_wconf 88' lang='lat' dir='ltr'><strong>non</strong></span> <span class='ocrx_word' id='word_1_593' title='bbox 3514 1049 3665 1116; x_wconf 84' lang='lat' dir='ltr'><strong>quasi</strong></span> 
     </span>
    </p>
   </div>
   <div class='ocr_carea' id='block_1_71' title="bbox 2080 1121 3668 1205">
    <p class='ocr_par' dir='ltr' id='par_1_71' title="bbox 2080 1121 3668 1205">
     <span class='ocr_line' id='line_1_71' title="bbox 2080 1121 3668 1205; baseline 0.009 -27"><span class='ocrx_word' id='word_1_594' title='bbox 2080 1121 2238 1180; x_wconf 82' lang='lat' dir='ltr'><strong>faciat</strong></span> <span class='ocrx_word' id='word_1_595' title='bbox 2266 1127 2462 1196; x_wconf 90' lang='lat' dir='ltr'><strong>aliquid</strong></span> <span class='ocrx_word' id='word_1_596' title='bbox 2494 1130 2638 1183; x_wconf 91' lang='lat' dir='ltr'><strong>omni</strong></span> <span class='ocrx_word' id='word_1_597' title='bbox 2668 1146 2734 1186; x_wconf 80' lang='lat' dir='ltr'><strong>ex</strong></span> <span class='ocrx_word' id='word_1_598' title='bbox 2765 1140 2914 1200; x_wconf 91' lang='lat' dir='ltr'><strong>parte</strong></span> <span class='ocrx_word' id='word_1_599' title='bbox 2937 1131 3068 1187; x_wconf 88' lang='lat' dir='ltr'><strong>utile</strong></span> <span class='ocrx_word' id='word_1_600' title='bbox 3090 1175 3106 1199; x_wconf 96' lang='lat'><strong>,</strong></span> <span class='ocrx_word' id='word_1_601' title='bbox 3140 1133 3191 1189; x_wconf 91' lang='lat' dir='ltr'><strong>id</strong></span> <span class='ocrx_word' id='word_1_602' title='bbox 3218 1135 3360 1205; x_wconf 90' lang='lat' dir='ltr'><strong>quod</strong></span> <span class='ocrx_word' id='word_1_603' title='bbox 3389 1150 3454 1190; x_wconf 78' lang='lat' dir='ltr'><strong>ex</strong></span> <span class='ocrx_word' id='word_1_604' title='bbox 3490 1136 3582 1192; x_wconf 90' lang='lat' dir='ltr'><strong>illo</strong></span> <span class='ocrx_word' id='word_1_605' title='bbox 3609 1137 3668 1194; x_wconf 71' lang='lat' dir='ltr'><strong>ﬁt</strong></span> 
     </span>
    </p>
   </div>
   <div class='ocr_carea' id='block_1_72' title="bbox 2079 1213 3668 1298">
    <p class='ocr_par' dir='ltr' id='par_1_72' title="bbox 2079 1213 3668 1298">
     <span class='ocr_line' id='line_1_72' title="bbox 2079 1213 3668 1298; baseline 0.009 -29"><span class='ocrx_word' id='word_1_606' title='bbox 2079 1213 2300 1271; x_wconf 82' lang='lat' dir='ltr'><strong>inducit.</strong></span> <span class='ocrx_word' id='word_1_607' title='bbox 2324 1217 2459 1286; x_wconf 85' lang='lat' dir='ltr'><strong>Quid</strong></span> <span class='ocrx_word' id='word_1_608' title='bbox 2489 1219 2591 1275; x_wconf 89' lang='lat' dir='ltr'><strong>hoc</strong></span> <span class='ocrx_word' id='word_1_609' title='bbox 2615 1229 2701 1276; x_wconf 86' lang='lat' dir='ltr'><strong>est</strong></span> <span class='ocrx_word' id='word_1_610' title='bbox 2721 1221 2944 1277; x_wconf 85' lang='lat' dir='ltr'><strong>autem?</strong></span> <span class='ocrx_word' id='word_1_611' title='bbox 2977 1222 3178 1291; x_wconf 85' lang='lat' dir='ltr'><strong>Dicent,</strong></span> <span class='ocrx_word' id='word_1_612' title='bbox 3213 1226 3402 1296; x_wconf 88' lang='lat' dir='ltr'><strong>inquit,</strong></span> <span class='ocrx_word' id='word_1_613' title='bbox 3429 1228 3565 1298; x_wconf 79' lang='lat' dir='ltr'><strong>quod</strong></span> <span class='ocrx_word' id='word_1_614' title='bbox 3587 1231 3668 1284; x_wconf 81' lang='lat' dir='ltr'><strong>in-</strong></span> 
     </span>
    </p>
   </div>
   <div class='ocr_carea' id='block_1_73' title="bbox 2077 1309 3665 1390">
    <p class='ocr_par' dir='ltr' id='par_1_73' title="bbox 2077 1309 3665 1390">
     <span class='ocr_line' id='line_1_73' title="bbox 2077 1309 3665 1390; baseline 0.011 -30"><span class='ocrx_word' id='word_1_615' title='bbox 2077 1309 2276 1363; x_wconf 82' lang='lat' dir='ltr'><strong>sanitis.</strong></span> <span class='ocrx_word' id='word_1_616' title='bbox 2311 1310 2424 1366; x_wconf 83' lang='lat' dir='ltr'><strong>Hoc</strong></span> <span class='ocrx_word' id='word_1_617' title='bbox 2449 1323 2628 1368; x_wconf 87' lang='lat' dir='ltr'><strong>autem</strong></span> <span class='ocrx_word' id='word_1_618' title='bbox 2659 1313 2809 1381; x_wconf 68' lang='lat' dir='ltr'><strong>dicit,</strong></span> <span class='ocrx_word' id='word_1_619' title='bbox 2839 1329 2944 1370; x_wconf 89' lang='lat' dir='ltr'><strong>non</strong></span> <span class='ocrx_word' id='word_1_620' title='bbox 2971 1330 3039 1372; x_wconf 82' lang='lat' dir='ltr'><strong>ex</strong></span> <span class='ocrx_word' id='word_1_621' title='bbox 3068 1326 3256 1372; x_wconf 87' lang='lat' dir='ltr'><strong>natura</strong></span> <span class='ocrx_word' id='word_1_622' title='bbox 3282 1319 3454 1390; x_wconf 83' lang='lat' dir='ltr'><strong>signi,</strong></span> <span class='ocrx_word' id='word_1_623' title='bbox 3482 1320 3577 1376; x_wconf 86' lang='lat' dir='ltr'><strong>sed</strong></span> <span class='ocrx_word' id='word_1_624' title='bbox 3597 1336 3665 1377; x_wconf 78' lang='lat' dir='ltr'><strong>ex</strong></span> 
     </span>
    </p>
   </div>
   <div class='ocr_carea' id='block_1_74' title="bbox 2079 1399 3664 1478">
    <p class='ocr_par' dir='ltr' id='par_1_74' title="bbox 2079 1399 3664 1478">
     <span class='ocr_line' id='line_1_74' title="bbox 2079 1399 3664 1478; baseline 0.009 -24"><span class='ocrx_word' id='word_1_625' title='bbox 2079 1399 2292 1456; x_wconf 88' lang='lat' dir='ltr'><strong>illorum</strong></span> <span class='ocrx_word' id='word_1_626' title='bbox 2317 1405 2573 1459; x_wconf 84' lang='lat' dir='ltr'><strong>amentia.</strong></span> <span class='ocrx_word' id='word_1_627' title='bbox 2597 1403 2846 1462; x_wconf 84' lang='lat' dir='ltr'><strong>lnﬁdeles</strong></span> <span class='ocrx_word' id='word_1_628' title='bbox 2873 1417 3052 1463; x_wconf 85' lang='lat' dir='ltr'><strong>autem</strong></span> <span class='ocrx_word' id='word_1_629' title='bbox 3076 1409 3290 1478; x_wconf 85' lang='lat' dir='ltr'><strong>quando</strong></span> <span class='ocrx_word' id='word_1_630' title='bbox 3311 1410 3568 1477; x_wconf 82' lang='lat' dir='ltr'><strong>audieris,</strong></span> <span class='ocrx_word' id='word_1_631' title='bbox 3597 1427 3664 1469; x_wconf 81' lang='lat' dir='ltr'><strong>ne</strong></span> 
     </span>
    </p>
   </div>
   <div class='ocr_carea' id='block_1_75' title="bbox 2078 1492 3665 1578">
    <p class='ocr_par' dir='ltr' id='par_1_75' title="bbox 2078 1492 3665 1578">
     <span class='ocr_line' id='line_1_75' title="bbox 2078 1492 3665 1578; baseline 0.011 -32"><span class='ocrx_word' id='word_1_632' title='bbox 2078 1492 2354 1549; x_wconf 76' lang='lat' dir='ltr'><strong>existimes</strong></span> <span class='ocrx_word' id='word_1_633' title='bbox 2377 1496 2595 1563; x_wconf 77' lang='lat' dir='ltr'><strong>eosdem</strong></span> <span class='ocrx_word' id='word_1_634' title='bbox 2627 1498 2825 1570; x_wconf 90' lang='lat' dir='ltr'><strong>ubique</strong></span> <span class='ocrx_word' id='word_1_635' title='bbox 2849 1500 2954 1556; x_wconf 92' lang='lat' dir='ltr'><strong>dici</strong></span> <span class='ocrx_word' id='word_1_636' title='bbox 2971 1541 2988 1569; x_wconf 94' lang='lat'><strong>,</strong></span> <span class='ocrx_word' id='word_1_637' title='bbox 3017 1501 3112 1557; x_wconf 88' lang='lat' dir='ltr'><strong>sed</strong></span> <span class='ocrx_word' id='word_1_638' title='bbox 3137 1502 3424 1573; x_wconf 85' lang='lat' dir='ltr'><strong>aliquando</strong></span> <span class='ocrx_word' id='word_1_639' title='bbox 3451 1521 3548 1561; x_wconf 89' lang='lat' dir='ltr'><strong>eos</strong></span> <span class='ocrx_word' id='word_1_640' title='bbox 3577 1509 3665 1578; x_wconf 89' lang='lat' dir='ltr'><strong>qui</strong></span> 
     </span>
    </p>
   </div>
   <div class='ocr_carea' id='block_1_76' title="bbox 2077 1585 3663 1667">
    <p class='ocr_par' dir='ltr' id='par_1_76' title="bbox 2077 1585 3663 1667">
     <span class='ocr_line' id='line_1_76' title="bbox 2077 1585 3663 1667; baseline 0.013 -30"><span class='ocrx_word' id='word_1_641' title='bbox 2077 1585 2268 1641; x_wconf 88' lang='lat' dir='ltr'><strong>morbo</strong></span> <span class='ocrx_word' id='word_1_642' title='bbox 2287 1588 2530 1644; x_wconf 87' lang='lat' dir='ltr'><strong>laborant</strong></span> <span class='ocrx_word' id='word_1_643' title='bbox 2553 1591 2850 1658; x_wconf 87' lang='lat' dir='ltr'><strong>iucurabili,</strong></span> <span class='ocrx_word' id='word_1_644' title='bbox 2875 1602 2928 1649; x_wconf 92' lang='lat' dir='ltr'><strong>et</strong></span> <span class='ocrx_word' id='word_1_645' title='bbox 2949 1605 3168 1650; x_wconf 80' lang='lat' dir='ltr'><strong>manent</strong></span> <span class='ocrx_word' id='word_1_646' title='bbox 3188 1596 3456 1667; x_wconf 84' lang='lat' dir='ltr'><strong>ejusmodi</strong></span> <span class='ocrx_word' id='word_1_647' title='bbox 3481 1609 3538 1656; x_wconf 89' lang='lat' dir='ltr'><strong>ut</strong></span> <span class='ocrx_word' id='word_1_648' title='bbox 3559 1616 3663 1657; x_wconf 90' lang='lat' dir='ltr'><strong>non</strong></span> 
     </span>
    </p>
   </div>
   <div class='ocr_carea' id='block_1_77' title="bbox 2075 1676 3665 1762">
    <p class='ocr_par' dir='ltr' id='par_1_77' title="bbox 2075 1676 3665 1762">
     <span class='ocr_line' id='line_1_77' title="bbox 2075 1676 3665 1762; baseline 0.013 -33"><span class='ocrx_word' id='word_1_649' title='bbox 2075 1676 2285 1746; x_wconf 88' lang='lat' dir='ltr'><strong>possint</strong></span> <span class='ocrx_word' id='word_1_650' title='bbox 2323 1680 2553 1750; x_wconf 83' lang='lat' dir='ltr'><strong>corrigi;</strong></span> <span class='ocrx_word' id='word_1_651' title='bbox 2585 1682 2874 1753; x_wconf 89' lang='lat' dir='ltr'><strong>aliquando</strong></span> <span class='ocrx_word' id='word_1_652' title='bbox 2903 1693 3082 1741; x_wconf 88' lang='lat' dir='ltr'><strong>autem</strong></span> <span class='ocrx_word' id='word_1_653' title='bbox 3109 1687 3271 1742; x_wconf 88' lang='lat' dir='ltr'><strong>etiam</strong></span> <span class='ocrx_word' id='word_1_654' title='bbox 3299 1703 3395 1745; x_wconf 91' lang='lat' dir='ltr'><strong>eos</strong></span> <span class='ocrx_word' id='word_1_655' title='bbox 3419 1690 3511 1761; x_wconf 88' lang='lat' dir='ltr'><strong>qui</strong></span> <span class='ocrx_word' id='word_1_656' title='bbox 3538 1706 3665 1762; x_wconf 76' lang='lat' dir='ltr'><strong>pos-</strong></span> 
     </span>
    </p>
   </div>
   <div class='ocr_carea' id='block_1_78' title="bbox 2075 1771 3664 1849">
    <p class='ocr_par' dir='ltr' id='par_1_78' title="bbox 2075 1771 3664 1849">
     <span class='ocr_line' id='line_1_78' title="bbox 2075 1771 3664 1849; baseline 0.012 -28"><span class='ocrx_word' id='word_1_657' title='bbox 2075 1777 2200 1822; x_wconf 87' lang='lat' dir='ltr'><strong>sunt</strong></span> <span class='ocrx_word' id='word_1_658' title='bbox 2230 1771 2423 1825; x_wconf 91' lang='lat' dir='ltr'><strong>mutari</strong></span> <span class='ocrx_word' id='word_1_659' title='bbox 2456 1788 2470 1825; x_wconf 89' lang='lat'><strong>:</strong></span> <span class='ocrx_word' id='word_1_660' title='bbox 2509 1773 2698 1842; x_wconf 82' lang='lat' dir='ltr'><strong>quales</strong></span> <span class='ocrx_word' id='word_1_661' title='bbox 2745 1772 2964 1830; x_wconf 86' lang='lat' dir='ltr'><strong>luerunt</strong></span> <span class='ocrx_word' id='word_1_662' title='bbox 3007 1784 3250 1848; x_wconf 89' lang='lat' dir='ltr'><strong>tempore</strong></span> <span class='ocrx_word' id='word_1_663' title='bbox 3296 1783 3664 1849; x_wconf 83' lang='lat' dir='ltr'><strong>apostolorum</strong></span> 
     </span>
    </p>
   </div>
   <div class='ocr_carea' id='block_1_79' title="bbox 2074 1859 3667 1942">
    <p class='ocr_par' dir='ltr' id='par_1_79' title="bbox 2074 1859 3667 1942">
     <span class='ocr_line' id='line_1_79' title="bbox 2074 1859 3667 1942; baseline 0.014 -30"><span class='ocrx_word' id='word_1_664' title='bbox 2074 1859 2164 1929; x_wconf 88' lang='lat' dir='ltr'><strong>qui</strong></span> <span class='ocrx_word' id='word_1_665' title='bbox 2192 1860 2596 1920; x_wconf 86' lang='lat' dir='ltr'><strong>admirabantur</strong></span> <span class='ocrx_word' id='word_1_666' title='bbox 2623 1880 2686 1921; x_wconf 87' lang='lat' dir='ltr'><strong>ea</strong></span> <span class='ocrx_word' id='word_1_667' title='bbox 2707 1882 2830 1937; x_wconf 72' lang='lat' dir='ltr'><strong>qua:</strong></span> <span class='ocrx_word' id='word_1_668' title='bbox 2853 1867 3104 1924; x_wconf 87' lang='lat' dir='ltr'><strong>dicuntur</strong></span> <span class='ocrx_word' id='word_1_669' title='bbox 3125 1873 3388 1942; x_wconf 85' lang='lat' dir='ltr'><strong>magnalia</strong></span> <span class='ocrx_word' id='word_1_670' title='bbox 3420 1874 3544 1942; x_wconf 86' lang='lat' dir='ltr'><strong>Dei;</strong></span> <span class='ocrx_word' id='word_1_671' title='bbox 3571 1891 3667 1934; x_wconf 74' lang='lat' dir='ltr'><strong>cu-</strong></span> 
     </span>
    </p>
   </div>
   <div class='ocr_carea' id='block_1_80' title="bbox 2071 1948 3662 2034">
    <p class='ocr_par' dir='ltr' id='par_1_80' title="bbox 2071 1948 3662 2034">
     <span class='ocr_line' id='line_1_80' title="bbox 2071 1948 3662 2034; baseline 0.011 -30"><span class='ocrx_word' id='word_1_672' title='bbox 2071 1948 2305 2018; x_wconf 74' lang='lat' dir='ltr'><strong>iusmodi</strong></span> <span class='ocrx_word' id='word_1_673' title='bbox 2331 1951 2429 2008; x_wconf 80' lang='lat' dir='ltr'><strong>fuit</strong></span> <span class='ocrx_word' id='word_1_674' title='bbox 2455 1954 2758 2013; x_wconf 77' lang='lat' dir='ltr'><strong>Gemellus.</strong></span> <span class='ocrx_word' id='word_1_675' title='bbox 2785 1958 2898 2015; x_wconf 80' lang='lat' dir='ltr'><strong>Hoc</strong></span> <span class='ocrx_word' id='word_1_676' title='bbox 2914 1970 2999 2016; x_wconf 86' lang='lat' dir='ltr'><strong>est</strong></span> <span class='ocrx_word' id='word_1_677' title='bbox 3021 1975 3151 2032; x_wconf 80' lang='lat' dir='ltr'><strong>ergo</strong></span> <span class='ocrx_word' id='word_1_678' title='bbox 3169 1964 3308 2034; x_wconf 88' lang='lat' dir='ltr'><strong>quod</strong></span> <span class='ocrx_word' id='word_1_679' title='bbox 3334 1965 3460 2020; x_wconf 86' lang='lat' dir='ltr'><strong>dicit</strong></span> <span class='ocrx_word' id='word_1_680' title='bbox 3483 1983 3498 2020; x_wconf 90' lang='lat'><strong>:</strong></span> <span class='ocrx_word' id='word_1_681' title='bbox 3529 1967 3662 2023; x_wconf 80' lang='lat' dir='ltr'><strong>Pro-</strong></span> 
     </span>
    </p>
   </div>
   <div class='ocr_carea' id='block_1_81' title="bbox 2074 2041 3656 2126">
    <p class='ocr_par' dir='ltr' id='par_1_81' title="bbox 2074 2041 3656 2126">
     <span class='ocr_line' id='line_1_81' title="bbox 2074 2041 3656 2126; baseline 0.015 -32"><span class='ocrx_word' id='word_1_682' title='bbox 2074 2041 2253 2112; x_wconf 90' lang='lat' dir='ltr'><strong>pbetia</strong></span> <span class='ocrx_word' id='word_1_683' title='bbox 2281 2045 2499 2114; x_wconf 87' lang='lat' dir='ltr'><strong>quidem</strong></span> <span class='ocrx_word' id='word_1_684' title='bbox 2545 2057 2630 2102; x_wconf 88' lang='lat' dir='ltr'><strong>est</strong></span> <span class='ocrx_word' id='word_1_685' title='bbox 2673 2059 2728 2104; x_wconf 94' lang='lat' dir='ltr'><strong>et</strong></span> <span class='ocrx_word' id='word_1_686' title='bbox 2773 2051 2826 2105; x_wconf 92' lang='lat' dir='ltr'><strong>in</strong></span> <span class='ocrx_word' id='word_1_687' title='bbox 2857 2051 3162 2109; x_wconf 85' lang='lat' dir='ltr'><strong>inﬁdelibus</strong></span> <span class='ocrx_word' id='word_1_688' title='bbox 3203 2065 3260 2111; x_wconf 92' lang='lat' dir='ltr'><strong>et</strong></span> <span class='ocrx_word' id='word_1_689' title='bbox 3295 2056 3345 2110; x_wconf 91' lang='lat' dir='ltr'><strong>in</strong></span> <span class='ocrx_word' id='word_1_690' title='bbox 3375 2057 3656 2126; x_wconf 79' lang='lat' dir='ltr'><strong>ﬁdelibus;</strong></span> 
     </span>
    </p>
   </div>
   <div class='ocr_carea' id='block_1_82' title="bbox 2077 2134 3663 2218">
    <p class='ocr_par' dir='ltr' id='par_1_82' title="bbox 2077 2134 3663 2218">
     <span class='ocr_line' id='line_1_82' title="bbox 2077 2134 3663 2218; baseline 0.013 -30"><span class='ocrx_word' id='word_1_691' title='bbox 2077 2134 2310 2206; x_wconf 86' lang='lat' dir='ltr'><strong>linguam</strong></span> <span class='ocrx_word' id='word_1_692' title='bbox 2335 2150 2514 2194; x_wconf 88' lang='lat' dir='ltr'><strong>autem</strong></span> <span class='ocrx_word' id='word_1_693' title='bbox 2545 2141 2826 2199; x_wconf 83' lang='lat' dir='ltr'><strong>audientes</strong></span> <span class='ocrx_word' id='word_1_694' title='bbox 2851 2143 3094 2201; x_wconf 88' lang='lat' dir='ltr'><strong>inﬁdeles</strong></span> <span class='ocrx_word' id='word_1_695' title='bbox 3115 2155 3168 2202; x_wconf 91' lang='lat' dir='ltr'><strong>et</strong></span> <span class='ocrx_word' id='word_1_696' title='bbox 3189 2147 3522 2218; x_wconf 86' lang='lat' dir='ltr'><strong>insipientes,</strong></span> <span class='ocrx_word' id='word_1_697' title='bbox 3551 2166 3663 2208; x_wconf 78' lang='lat' dir='ltr'><strong>non</strong></span> 
     </span>
    </p>
   </div>
   <div class='ocr_carea' id='block_1_83' title="bbox 2075 2229 3667 2313">
    <p class='ocr_par' dir='ltr' id='par_1_83' title="bbox 2075 2229 3667 2313">
     <span class='ocr_line' id='line_1_83' title="bbox 2075 2229 3667 2313; baseline 0.01 -30"><span class='ocrx_word' id='word_1_698' title='bbox 2075 2229 2248 2284; x_wconf 84' lang='lat' dir='ltr'><strong>solum</strong></span> <span class='ocrx_word' id='word_1_699' title='bbox 2280 2245 2385 2285; x_wconf 90' lang='lat' dir='ltr'><strong>non</strong></span> <span class='ocrx_word' id='word_1_700' title='bbox 2416 2232 2784 2300; x_wconf 82' lang='lat' dir='ltr'><strong>lucrifaciunt,</strong></span> <span class='ocrx_word' id='word_1_701' title='bbox 2816 2237 2910 2292; x_wconf 88' lang='lat' dir='ltr'><strong>sed</strong></span> <span class='ocrx_word' id='word_1_702' title='bbox 2939 2238 3100 2293; x_wconf 87' lang='lat' dir='ltr'><strong>etiam</strong></span> <span class='ocrx_word' id='word_1_703' title='bbox 3129 2255 3226 2295; x_wconf 87' lang='lat' dir='ltr'><strong>eos</strong></span> <span class='ocrx_word' id='word_1_704' title='bbox 3255 2241 3343 2311; x_wconf 88' lang='lat' dir='ltr'><strong>qui</strong></span> <span class='ocrx_word' id='word_1_705' title='bbox 3373 2241 3667 2313; x_wconf 84' lang='lat' dir='ltr'><strong>loquuntur</strong></span> 
     </span>
    </p>
   </div>
   <div class='ocr_carea' id='block_1_84' title="bbox 2075 2321 3665 2396">
    <p class='ocr_par' dir='ltr' id='par_1_84' title="bbox 2075 2321 3665 2396">
     <span class='ocr_line' id='line_1_84' title="bbox 2075 2321 3665 2396; baseline 0.01 -20"><span class='ocrx_word' id='word_1_706' title='bbox 2075 2321 2298 2379; x_wconf 89' lang='lat' dir='ltr'><strong>irrident</strong></span> <span class='ocrx_word' id='word_1_707' title='bbox 2332 2334 2600 2396; x_wconf 85' lang='lat' dir='ltr'><strong>tamquam</strong></span> <span class='ocrx_word' id='word_1_708' title='bbox 2632 2329 2850 2383; x_wconf 88' lang='lat' dir='ltr'><strong>insanos</strong></span> <span class='ocrx_word' id='word_1_709' title='bbox 2875 2351 2890 2386; x_wconf 88' lang='lat'><strong>:</strong></span> <span class='ocrx_word' id='word_1_710' title='bbox 2919 2342 3002 2386; x_wconf 82' lang='lat' dir='ltr'><strong>eSt</strong></span> <span class='ocrx_word' id='word_1_711' title='bbox 3031 2333 3174 2388; x_wconf 88' lang='lat' dir='ltr'><strong>enim</strong></span> <span class='ocrx_word' id='word_1_712' title='bbox 3202 2333 3282 2388; x_wconf 88' lang='lat' dir='ltr'><strong>eis</strong></span> <span class='ocrx_word' id='word_1_713' title='bbox 3308 2333 3486 2390; x_wconf 87' lang='lat' dir='ltr'><strong>solum</strong></span> <span class='ocrx_word' id='word_1_714' title='bbox 3515 2335 3568 2390; x_wconf 91' lang='lat' dir='ltr'><strong>in</strong></span> <span class='ocrx_word' id='word_1_715' title='bbox 3592 2337 3665 2392; x_wconf 81' lang='lat' dir='ltr'><strong>si-</strong></span> 
     </span>
    </p>
   </div>
   <div class='ocr_carea' id='block_1_85' title="bbox 2071 2417 3663 2498">
    <p class='ocr_par' dir='ltr' id='par_1_85' title="bbox 2071 2417 3663 2498">
     <span class='ocr_line' id='line_1_85' title="bbox 2071 2417 3663 2498; baseline 0.012 -29"><span class='ocrx_word' id='word_1_716' title='bbox 2071 2429 2233 2485; x_wconf 86' lang='lat' dir='ltr'><strong>gnum</strong></span> <span class='ocrx_word' id='word_1_717' title='bbox 2259 2459 2274 2483; x_wconf 95' lang='lat'><strong>,</strong></span> <span class='ocrx_word' id='word_1_718' title='bbox 2309 2417 2412 2474; x_wconf 87' lang='lat' dir='ltr'><strong>hoc</strong></span> <span class='ocrx_word' id='word_1_719' title='bbox 2452 2429 2535 2475; x_wconf 92' lang='lat' dir='ltr'><strong>est</strong></span> <span class='ocrx_word' id='word_1_720' title='bbox 2557 2461 2573 2487; x_wconf 90' lang='lat'><strong>,</strong></span> <span class='ocrx_word' id='word_1_721' title='bbox 2615 2430 2672 2476; x_wconf 91' lang='lat' dir='ltr'><strong>ut</strong></span> <span class='ocrx_word' id='word_1_722' title='bbox 2702 2425 3071 2481; x_wconf 87' lang='lat' dir='ltr'><strong>tantummodo</strong></span> <span class='ocrx_word' id='word_1_723' title='bbox 3096 2428 3503 2498; x_wconf 66' lang='lat' dir='ltr'><strong>obstupescunt.</strong></span> <span class='ocrx_word' id='word_1_724' title='bbox 3531 2431 3663 2488; x_wconf 84' lang='lat' dir='ltr'><strong>Nam</strong></span> 
     </span>
    </p>
   </div>
   <div class='ocr_carea' id='block_1_86' title="bbox 2073 2507 3663 2595">
    <p class='ocr_par' dir='ltr' id='par_1_86' title="bbox 2073 2507 3663 2595">
     <span class='ocr_line' id='line_1_86' title="bbox 2073 2507 3663 2595; baseline 0.012 -35"><span class='ocrx_word' id='word_1_725' title='bbox 2073 2507 2118 2562; x_wconf 89' lang='lat' dir='ltr'><strong>si</strong></span> <span class='ocrx_word' id='word_1_726' title='bbox 2158 2510 2494 2579; x_wconf 87' lang='lat' dir='ltr'><strong>sapuissent,</strong></span> <span class='ocrx_word' id='word_1_727' title='bbox 2539 2513 2698 2568; x_wconf 87' lang='lat' dir='ltr'><strong>etiam</strong></span> <span class='ocrx_word' id='word_1_728' title='bbox 2731 2515 2922 2571; x_wconf 90' lang='lat' dir='ltr'><strong>lucrati</strong></span> <span class='ocrx_word' id='word_1_729' title='bbox 2968 2527 3151 2574; x_wconf 88' lang='lat' dir='ltr'><strong>essent</strong></span> <span class='ocrx_word' id='word_1_730' title='bbox 3194 2530 3414 2590; x_wconf 91' lang='lat' dir='ltr'><strong>propter</strong></span> <span class='ocrx_word' id='word_1_731' title='bbox 3454 2522 3663 2595; x_wconf 74' lang='lat' dir='ltr'><strong>signum</strong></span> 
     </span>
    </p>
   </div>
   <div class='ocr_carea' id='block_1_87' title="bbox 2073 2602 3662 2687">
    <p class='ocr_par' dir='ltr' id='par_1_87' title="bbox 2073 2602 3662 2687">
     <span class='ocr_line' id='line_1_87' title="bbox 2073 2602 3662 2687; baseline 0.011 -32"><span class='ocrx_word' id='word_1_732' title='bbox 2073 2602 2214 2671; x_wconf 89' lang='lat' dir='ltr'><strong>quod</strong></span> <span class='ocrx_word' id='word_1_733' title='bbox 2237 2603 2339 2658; x_wconf 85' lang='lat' dir='ltr'><strong>luit</strong></span> <span class='ocrx_word' id='word_1_734' title='bbox 2360 2605 2464 2660; x_wconf 92' lang='lat' dir='ltr'><strong>illis</strong></span> <span class='ocrx_word' id='word_1_735' title='bbox 2479 2605 2683 2661; x_wconf 87' lang='lat' dir='ltr'><strong>datum.</strong></span> <span class='ocrx_word' id='word_1_736' title='bbox 2717 2607 2834 2664; x_wconf 88' lang='lat' dir='ltr'><strong>Non</strong></span> <span class='ocrx_word' id='word_1_737' title='bbox 2861 2611 3004 2666; x_wconf 87' lang='lat' dir='ltr'><strong>enim</strong></span> <span class='ocrx_word' id='word_1_738' title='bbox 3032 2620 3157 2668; x_wconf 88' lang='lat' dir='ltr'><strong>tunc</strong></span> <span class='ocrx_word' id='word_1_739' title='bbox 3181 2623 3342 2670; x_wconf 90' lang='lat' dir='ltr'><strong>erant</strong></span> <span class='ocrx_word' id='word_1_740' title='bbox 3366 2615 3546 2670; x_wconf 85' lang='lat' dir='ltr'><strong>solum</strong></span> <span class='ocrx_word' id='word_1_741' title='bbox 3574 2617 3662 2687; x_wconf 87' lang='lat' dir='ltr'><strong>qui</strong></span> 
     </span>
    </p>
   </div>
   <div class='ocr_carea' id='block_1_88' title="bbox 2073 2693 3665 2768">
    <p class='ocr_par' dir='ltr' id='par_1_88' title="bbox 2073 2693 3665 2768">
     <span class='ocr_line' id='line_1_88' title="bbox 2073 2693 3665 2768; baseline 0.011 -20"><span class='ocrx_word' id='word_1_742' title='bbox 2073 2693 2348 2750; x_wconf 86' lang='lat' dir='ltr'><strong>ebrietatis</strong></span> <span class='ocrx_word' id='word_1_743' title='bbox 2389 2697 2777 2768; x_wconf 87' lang='lat' dir='ltr'><strong>insimularent,</strong></span> <span class='ocrx_word' id='word_1_744' title='bbox 2809 2703 2905 2758; x_wconf 85' lang='lat' dir='ltr'><strong>sed</strong></span> <span class='ocrx_word' id='word_1_745' title='bbox 2933 2705 3084 2758; x_wconf 88' lang='lat' dir='ltr'><strong>multi</strong></span> <span class='ocrx_word' id='word_1_746' title='bbox 3113 2719 3209 2760; x_wconf 88' lang='lat' dir='ltr'><strong>eos</strong></span> <span class='ocrx_word' id='word_1_747' title='bbox 3237 2707 3399 2762; x_wconf 89' lang='lat' dir='ltr'><strong>etiam</strong></span> <span class='ocrx_word' id='word_1_748' title='bbox 3429 2708 3665 2764; x_wconf 83' lang='lat' dir='ltr'><strong>admira-</strong></span> 
     </span>
    </p>
   </div>
   <div class='ocr_carea' id='block_1_89' title="bbox 2074 2786 3662 2872">
    <p class='ocr_par' dir='ltr' id='par_1_89' title="bbox 2074 2786 3662 2872">
     <span class='ocr_line' id='line_1_89' title="bbox 2074 2786 3662 2872; baseline 0.011 -30"><span class='ocrx_word' id='word_1_749' title='bbox 2074 2786 2270 2844; x_wconf 89' lang='lat' dir='ltr'><strong>bantur</strong></span> <span class='ocrx_word' id='word_1_750' title='bbox 2286 2799 2552 2861; x_wconf 83' lang='lat' dir='ltr'><strong>tamquam</strong></span> <span class='ocrx_word' id='word_1_751' title='bbox 2575 2794 2665 2849; x_wconf 91' lang='lat' dir='ltr'><strong>Dei</strong></span> <span class='ocrx_word' id='word_1_752' title='bbox 2687 2796 2949 2866; x_wconf 88' lang='lat' dir='ltr'><strong>magnalia</strong></span> <span class='ocrx_word' id='word_1_753' title='bbox 2973 2797 3284 2868; x_wconf 84' lang='lat' dir='ltr'><strong>loquentes:</strong></span> <span class='ocrx_word' id='word_1_754' title='bbox 3308 2801 3662 2872; x_wconf 84' lang='lat' dir='ltr'><strong>quamobrem</strong></span> 
     </span>
    </p>
   </div>
   <div class='ocr_carea' id='block_1_90' title="bbox 2072 2881 3662 2958">
    <p class='ocr_par' dir='ltr' id='par_1_90' title="bbox 2072 2881 3662 2958">
     <span class='ocr_line' id='line_1_90' title="bbox 2072 2881 3662 2958; baseline 0.011 -26"><span class='ocrx_word' id='word_1_755' title='bbox 2072 2881 2162 2950; x_wconf 91' lang='lat' dir='ltr'><strong>qui</strong></span> <span class='ocrx_word' id='word_1_756' title='bbox 2191 2881 2484 2938; x_wconf 73' lang='lat' dir='ltr'><strong>irridebtnt</strong></span> <span class='ocrx_word' id='word_1_757' title='bbox 2513 2894 2668 2940; x_wconf 87' lang='lat' dir='ltr'><strong>erant</strong></span> <span class='ocrx_word' id='word_1_758' title='bbox 2711 2887 3043 2958; x_wconf 90' lang='lat' dir='ltr'><strong>insipientes.</strong></span> <span class='ocrx_word' id='word_1_759' title='bbox 3077 2889 3145 2945; x_wconf 85' lang='lat' dir='ltr'><strong>Et</strong></span> <span class='ocrx_word' id='word_1_760' title='bbox 3178 2890 3301 2947; x_wconf 85' lang='lat' dir='ltr'><strong>ideo</strong></span> <span class='ocrx_word' id='word_1_761' title='bbox 3331 2892 3530 2948; x_wconf 85' lang='lat' dir='ltr'><strong>Paulus</strong></span> <span class='ocrx_word' id='word_1_762' title='bbox 3557 2909 3662 2950; x_wconf 80' lang='lat' dir='ltr'><strong>non</strong></span> 
     </span>
    </p>
   </div>
   <div class='ocr_carea' id='block_1_91' title="bbox 2071 2973 3666 3049">
    <p class='ocr_par' dir='ltr' id='par_1_91' title="bbox 2071 2973 3666 3049">
     <span class='ocr_line' id='line_1_91' title="bbox 2071 2973 3666 3049; baseline 0.009 -22"><span class='ocrx_word' id='word_1_763' title='bbox 2071 2973 2316 3028; x_wconf 69' lang='lat' dir='ltr'><strong>absolute</strong></span> <span class='ocrx_word' id='word_1_764' title='bbox 2341 2973 2474 3030; x_wconf 73' lang='lat' dir='ltr'><strong>dixit</strong></span> <span class='ocrx_word' id='word_1_765' title='bbox 2498 2993 2511 3029; x_wconf 92' lang='lat'><strong>:</strong></span> <span class='ocrx_word' id='word_1_766' title='bbox 2542 2975 2722 3032; x_wconf 81' lang='lat' dir='ltr'><strong>Dicent</strong></span> <span class='ocrx_word' id='word_1_767' title='bbox 2743 2995 2830 3032; x_wconf 89' lang='lat' dir='ltr'><strong>vos</strong></span> <span class='ocrx_word' id='word_1_768' title='bbox 2852 2979 3096 3046; x_wconf 87' lang='lat' dir='ltr'><strong>insanire,</strong></span> <span class='ocrx_word' id='word_1_769' title='bbox 3120 2981 3214 3037; x_wconf 90' lang='lat' dir='ltr'><strong>scd</strong></span> <span class='ocrx_word' id='word_1_770' title='bbox 3236 2983 3460 3049; x_wconf 78' lang='lat' dir='ltr'><strong>addidit,</strong></span> <span class='ocrx_word' id='word_1_771' title='bbox 3492 2985 3666 3041; x_wconf 67' lang='lat' dir='ltr'><strong>idiota</strong></span> 
     </span>
    </p>
   </div>
   <div class='ocr_carea' id='block_1_92' title="bbox 2071 3063 3660 3146">
    <p class='ocr_par' dir='ltr' id='par_1_92' title="bbox 2071 3063 3660 3146">
     <span class='ocr_line' id='line_1_92' title="bbox 2071 3063 3660 3146; baseline 0.01 -31"><span class='ocrx_word' id='word_1_772' title='bbox 2071 3071 2119 3116; x_wconf 85' lang='lat' dir='ltr'><strong>et</strong></span> <span class='ocrx_word' id='word_1_773' title='bbox 2143 3063 2394 3132; x_wconf 83' lang='lat' dir='ltr'><strong>inﬁdeles.</strong></span> <span class='ocrx_word' id='word_1_774' title='bbox 2424 3065 2711 3136; x_wconf 88' lang='lat' dir='ltr'><strong>Prophetia</strong></span> <span class='ocrx_word' id='word_1_775' title='bbox 2734 3077 2912 3124; x_wconf 87' lang='lat' dir='ltr'><strong>autem</strong></span> <span class='ocrx_word' id='word_1_776' title='bbox 2942 3086 3047 3126; x_wconf 92' lang='lat' dir='ltr'><strong>non</strong></span> <span class='ocrx_word' id='word_1_777' title='bbox 3075 3071 3320 3129; x_wconf 87' lang='lat' dir='ltr'><strong>absolute</strong></span> <span class='ocrx_word' id='word_1_778' title='bbox 3350 3075 3403 3130; x_wconf 86' lang='lat' dir='ltr'><strong>in</strong></span> <span class='ocrx_word' id='word_1_779' title='bbox 3429 3075 3660 3146; x_wconf 87' lang='lat' dir='ltr'><strong>signum,</strong></span> 
     </span>
    </p>
   </div>
   <div class='ocr_carea' id='block_1_93' title="bbox 2071 3155 3656 3236">
    <p class='ocr_par' dir='ltr' id='par_1_93' title="bbox 2071 3155 3656 3236">
     <span class='ocr_line' id='line_1_93' title="bbox 2071 3155 3656 3236; baseline 0.009 -27"><span class='ocrx_word' id='word_1_780' title='bbox 2071 3155 2165 3210; x_wconf 77' lang='lat' dir='ltr'><strong>sed</strong></span> <span class='ocrx_word' id='word_1_781' title='bbox 2195 3155 2262 3210; x_wconf 90' lang='lat' dir='ltr'><strong>ad</strong></span> <span class='ocrx_word' id='word_1_782' title='bbox 2292 3157 2449 3222; x_wconf 84' lang='lat' dir='ltr'><strong>ﬁdem</strong></span> <span class='ocrx_word' id='word_1_783' title='bbox 2481 3167 2537 3214; x_wconf 88' lang='lat' dir='ltr'><strong>et</strong></span> <span class='ocrx_word' id='word_1_784' title='bbox 2561 3160 2848 3217; x_wconf 87' lang='lat' dir='ltr'><strong>utilitatem</strong></span> <span class='ocrx_word' id='word_1_785' title='bbox 2879 3165 3120 3235; x_wconf 89' lang='lat' dir='ltr'><strong>utrisque</strong></span> <span class='ocrx_word' id='word_1_786' title='bbox 3145 3175 3229 3221; x_wconf 92' lang='lat' dir='ltr'><strong>est</strong></span> <span class='ocrx_word' id='word_1_787' title='bbox 3258 3175 3380 3236; x_wconf 87' lang='lat' dir='ltr'><strong>apta</strong></span> <span class='ocrx_word' id='word_1_788' title='bbox 3411 3178 3464 3223; x_wconf 85' lang='lat' dir='ltr'><strong>et</strong></span> <span class='ocrx_word' id='word_1_789' title='bbox 3493 3169 3656 3224; x_wconf 89' lang='lat' dir='ltr'><strong>utilis.</strong></span> 
     </span>
    </p>
   </div>
   <div class='ocr_carea' id='block_1_94' title="bbox 2072 3246 3660 3330">
    <p class='ocr_par' dir='ltr' id='par_1_94' title="bbox 2072 3246 3660 3330">
     <span class='ocr_line' id='line_1_94' title="bbox 2072 3246 3660 3330; baseline 0.009 -29"><span class='ocrx_word' id='word_1_790' title='bbox 2072 3246 2235 3318; x_wconf 80' lang='lat' dir='ltr'><strong>idque</strong></span> <span class='ocrx_word' id='word_1_791' title='bbox 2260 3249 2358 3303; x_wconf 89' lang='lat' dir='ltr'><strong>etsi</strong></span> <span class='ocrx_word' id='word_1_792' title='bbox 2385 3266 2494 3305; x_wconf 85' lang='lat' dir='ltr'><strong>non</strong></span> <span class='ocrx_word' id='word_1_793' title='bbox 2524 3253 2725 3318; x_wconf 83' lang='lat' dir='ltr'><strong>statim,</strong></span> <span class='ocrx_word' id='word_1_794' title='bbox 2755 3267 2852 3322; x_wconf 84' lang='lat' dir='ltr'><strong>per</strong></span> <span class='ocrx_word' id='word_1_795' title='bbox 2877 3269 2939 3309; x_wconf 90' lang='lat' dir='ltr'><strong>ea</strong></span> <span class='ocrx_word' id='word_1_796' title='bbox 2963 3265 3136 3311; x_wconf 88' lang='lat' dir='ltr'><strong>tamen</strong></span> <span class='ocrx_word' id='word_1_797' title='bbox 3163 3273 3284 3327; x_wconf 73' lang='lat' dir='ltr'><strong>quae.</strong></span> <span class='ocrx_word' id='word_1_798' title='bbox 3310 3258 3563 3330; x_wconf 84' lang='lat' dir='ltr'><strong>deinceps</strong></span> <span class='ocrx_word' id='word_1_799' title='bbox 3582 3274 3660 3316; x_wconf 80' lang='lat' dir='ltr'><strong>se-</strong></span> 
     </span>
    </p>
   </div>
   <div class='ocr_carea' id='block_1_95' title="bbox 2071 3343 3662 3414">
    <p class='ocr_par' dir='ltr' id='par_1_95' title="bbox 2071 3343 3662 3414">
     <span class='ocr_line' id='line_1_95' title="bbox 2071 3343 3662 3414; baseline 0.009 -23"><span class='ocrx_word' id='word_1_800' title='bbox 2071 3348 2326 3409; x_wconf 84' lang='lat' dir='ltr'><strong>quuntur,</strong></span> <span class='ocrx_word' id='word_1_801' title='bbox 2355 3343 2593 3411; x_wconf 82' lang='lat' dir='ltr'><strong>apertius</strong></span> <span class='ocrx_word' id='word_1_802' title='bbox 2622 3343 3004 3414; x_wconf 76' lang='lat' dir='ltr'><strong>interpretatus</strong></span> <span class='ocrx_word' id='word_1_803' title='bbox 3032 3356 3145 3414; x_wconf 89' lang='lat' dir='ltr'><strong>est,</strong></span> <span class='ocrx_word' id='word_1_804' title='bbox 3177 3348 3365 3406; x_wconf 86' lang='lat' dir='ltr'><strong>dicens</strong></span> <span class='ocrx_word' id='word_1_805' title='bbox 3389 3369 3404 3406; x_wconf 87' lang='lat'>:</span> <span class='ocrx_word' id='word_1_806' title='bbox 3435 3348 3662 3406; x_wconf 84' lang='lat' dir='ltr'><strong>Convin-</strong></span> 
     </span>
    </p>
   </div>
   <div class='ocr_carea' id='block_1_96' title="bbox 2071 3432 3662 3514">
    <p class='ocr_par' dir='ltr' id='par_1_96' title="bbox 2071 3432 3662 3514">
     <span class='ocr_line' id='line_1_96' title="bbox 2071 3432 3662 3514; baseline 0.008 -29"><span class='ocrx_word' id='word_1_807' title='bbox 2071 3432 2202 3486; x_wconf 80' lang='lat' dir='ltr'><strong>citur</strong></span> <span class='ocrx_word' id='word_1_808' title='bbox 2229 3433 2294 3486; x_wconf 87' lang='lat' dir='ltr'><strong>ab</strong></span> <span class='ocrx_word' id='word_1_809' title='bbox 2324 3433 2573 3488; x_wconf 80' lang='lat' dir='ltr'><strong>omnibus.</strong></span> <span class='ocrx_word' id='word_1_810' title='bbox 2607 3435 2667 3490; x_wconf 88' lang='lat' dir='ltr'><strong>Si</strong></span> <span class='ocrx_word' id='word_1_811' title='bbox 2695 3437 2836 3491; x_wconf 87' lang='lat' dir='ltr'><strong>enim</strong></span> <span class='ocrx_word' id='word_1_812' title='bbox 2876 3454 3052 3493; x_wconf 81' lang='lat' dir='ltr'><strong>omnes</strong></span> <span class='ocrx_word' id='word_1_813' title='bbox 3081 3441 3383 3511; x_wconf 84' lang='lat' dir='ltr'><strong>prophetent</strong></span> <span class='ocrx_word' id='word_1_814' title='bbox 3403 3482 3418 3506; x_wconf 92' lang='lat'><strong>,</strong></span> <span class='ocrx_word' id='word_1_815' title='bbox 3454 3443 3662 3514; x_wconf 82' lang='lat' dir='ltr'><strong>inquit,</strong></span> 
     </span>
    </p>
   </div>
   <div class='ocr_carea' id='block_1_97' title="bbox 2071 3522 3664 3597">
    <p class='ocr_par' dir='ltr' id='par_1_97' title="bbox 2071 3522 3664 3597">
     <span class='ocr_line' id='line_1_97' title="bbox 2071 3522 3664 3597; baseline 0.008 -19"><span class='ocrx_word' id='word_1_816' title='bbox 2071 3522 2226 3578; x_wconf 58' lang='lat' dir='ltr'><strong>itaret</strong></span> <span class='ocrx_word' id='word_1_817' title='bbox 2272 3535 2439 3580; x_wconf 69' lang='lat' dir='ltr'><strong>autem</strong></span> <span class='ocrx_word' id='word_1_818' title='bbox 2478 3528 2590 3596; x_wconf 81' lang='lat' dir='ltr'><strong>quis</strong></span> <span class='ocrx_word' id='word_1_819' title='bbox 2632 3528 2853 3597; x_wconf 81' lang='lat' dir='ltr'><strong>inﬁdelis</strong></span> <span class='ocrx_word' id='word_1_820' title='bbox 2899 3530 2976 3584; x_wconf 90' lang='lat' dir='ltr'><strong>vel</strong></span> <span class='ocrx_word' id='word_1_821' title='bbox 3013 3531 3204 3597; x_wconf 86' lang='lat' dir='ltr'><strong>idiota,</strong></span> <span class='ocrx_word' id='word_1_822' title='bbox 3248 3535 3565 3590; x_wconf 79' lang='lat' dir='ltr'><strong>convincitur</strong></span> <span class='ocrx_word' id='word_1_823' title='bbox 3600 3537 3664 3589; x_wconf 80' lang='lat' dir='ltr'><strong>ab</strong></span> 
     </span>
    </p>
   </div>
   <div class='ocr_carea' id='block_1_98' title="bbox 2072 3617 3664 3688">
    <p class='ocr_par' dir='ltr' id='par_1_98' title="bbox 2072 3617 3664 3688">
     <span class='ocr_line' id='line_1_98' title="bbox 2072 3617 3664 3688; baseline 0.008 -18"><span class='ocrx_word' id='word_1_824' title='bbox 2072 3617 2306 3672; x_wconf 73' lang='lat' dir='ltr'><strong>omnibus</strong></span> <span class='ocrx_word' id='word_1_825' title='bbox 2326 3659 2341 3684; x_wconf 95' lang='lat'><strong>,</strong></span> <span class='ocrx_word' id='word_1_826' title='bbox 2371 3618 2684 3688; x_wconf 67' lang='lat' dir='ltr'><strong>diiudicatur</strong></span> <span class='ocrx_word' id='word_1_827' title='bbox 2707 3621 2770 3674; x_wconf 77' lang='lat' dir='ltr'><strong>ab</strong></span> <span class='ocrx_word' id='word_1_828' title='bbox 2791 3622 3022 3676; x_wconf 72' lang='lat' dir='ltr'><strong>omnibus</strong></span> <span class='ocrx_word' id='word_1_829' title='bbox 3051 3637 3069 3676; x_wconf 93' lang='lat'><strong><em>:</em></strong></span> <span class='ocrx_word' id='word_1_830' title='bbox 3097 3632 3144 3676; x_wconf 90' lang='lat' dir='ltr'><strong>et</strong></span> <span class='ocrx_word' id='word_1_831' title='bbox 3165 3624 3239 3678; x_wconf 89' lang='lat' dir='ltr'><strong>sic</strong></span> <span class='ocrx_word' id='word_1_832' title='bbox 3265 3625 3466 3680; x_wconf 86' lang='lat' dir='ltr'><strong>occulta</strong></span> <span class='ocrx_word' id='word_1_833' title='bbox 3493 3627 3664 3682; x_wconf 72' lang='lat' dir='ltr'><strong>cordis</strong></span> 
     </span>
    </p>
   </div>
   <div class='ocr_carea' id='block_1_99' title="bbox 2072 3712 3654 3788">
    <p class='ocr_par' dir='ltr' id='par_1_99' title="bbox 2072 3712 3654 3788">
     <span class='ocr_line' id='line_1_99' title="bbox 2072 3712 3654 3788; baseline 0.007 -26"><span class='ocrx_word' id='word_1_834' title='bbox 2072 3712 2182 3781; x_wconf 84' lang='lat' dir='ltr'><strong>ejus</strong></span> <span class='ocrx_word' id='word_1_835' title='bbox 2210 3712 2336 3780; x_wconf 86' lang='lat' dir='ltr'><strong>ﬁunt</strong></span> <span class='ocrx_word' id='word_1_836' title='bbox 2359 3714 2648 3784; x_wconf 80' lang='lat' dir='ltr'><strong>manifesta,</strong></span> <span class='ocrx_word' id='word_1_837' title='bbox 2670 3723 2720 3767; x_wconf 87' lang='lat' dir='ltr'><strong>et</strong></span> <span class='ocrx_word' id='word_1_838' title='bbox 2741 3715 2926 3770; x_wconf 76' lang='lat' dir='ltr'><strong>cadens</strong></span> <span class='ocrx_word' id='word_1_839' title='bbox 2941 3716 2996 3770; x_wconf 86' lang='lat' dir='ltr'><strong>in</strong></span> <span class='ocrx_word' id='word_1_840' title='bbox 3017 3717 3198 3788; x_wconf 76' lang='lat' dir='ltr'><strong>[aciem</strong></span> <span class='ocrx_word' id='word_1_841' title='bbox 3219 3719 3452 3773; x_wconf 84' lang='lat' dir='ltr'><strong>adorabit</strong></span> <span class='ocrx_word' id='word_1_842' title='bbox 3471 3718 3654 3786; x_wconf 77' lang='lat' dir='ltr'><strong>Deum,</strong></span> 
     </span>
    </p>
   </div>
   <div class='ocr_carea' id='block_1_100' title="bbox 2073 3804 3654 3879">
    <p class='ocr_par' dir='ltr' id='par_1_100' title="bbox 2073 3804 3654 3879">
     <span class='ocr_line' id='line_1_100' title="bbox 2073 3804 3654 3879; baseline 0.005 -23"><span class='ocrx_word' id='word_1_843' title='bbox 2073 3804 2408 3872; x_wconf 80' lang='lat' dir='ltr'><strong>pronuntians</strong></span> <span class='ocrx_word' id='word_1_844' title='bbox 2431 3805 2570 3872; x_wconf 82' lang='lat' dir='ltr'><strong>quod</strong></span> <span class='ocrx_word' id='word_1_845' title='bbox 2614 3821 2727 3860; x_wconf 81' lang='lat' dir='ltr'><strong>vere</strong></span> <span class='ocrx_word' id='word_1_846' title='bbox 2756 3806 2892 3861; x_wconf 67' lang='lat' dir='ltr'><strong>Deus</strong></span> <span class='ocrx_word' id='word_1_847' title='bbox 2928 3807 2984 3862; x_wconf 81' lang='lat' dir='ltr'><strong>in</strong></span> <span class='ocrx_word' id='word_1_848' title='bbox 3009 3809 3147 3864; x_wconf 79' lang='lat' dir='ltr'><strong>vobis</strong></span> <span class='ocrx_word' id='word_1_849' title='bbox 3181 3809 3270 3864; x_wconf 85' lang='lat' dir='ltr'><strong>sit.</strong></span> <span class='ocrx_word' id='word_1_850' title='bbox 3297 3810 3654 3879; x_wconf 81' lang='lat' dir='ltr'><strong>Quamobrem</strong></span> 
     </span>
    </p>
   </div>
   <div class='ocr_carea' id='block_1_101' title="bbox 2074 3896 3660 3971">
    <p class='ocr_par' dir='ltr' id='par_1_101' title="bbox 2074 3896 3660 3971">
     <span class='ocr_line' id='line_1_101' title="bbox 2074 3896 3660 3971; baseline 0.006 -22"><span class='ocrx_word' id='word_1_851' title='bbox 2074 3910 2179 3951; x_wconf 92' lang='lat' dir='ltr'><strong>non</strong></span> <span class='ocrx_word' id='word_1_852' title='bbox 2212 3896 2312 3953; x_wconf 93' lang='lat' dir='ltr'><strong>hoc</strong></span> <span class='ocrx_word' id='word_1_853' title='bbox 2333 3897 2504 3951; x_wconf 89' lang='lat' dir='ltr'><strong>solum</strong></span> <span class='ocrx_word' id='word_1_854' title='bbox 2529 3899 2702 3968; x_wconf 84' lang='lat' dir='ltr'><strong>major</strong></span> <span class='ocrx_word' id='word_1_855' title='bbox 2726 3908 2806 3954; x_wconf 84' lang='lat' dir='ltr'><strong>est</strong></span> <span class='ocrx_word' id='word_1_856' title='bbox 2837 3900 3137 3969; x_wconf 86' lang='lat' dir='ltr'><strong>prophetia,</strong></span> <span class='ocrx_word' id='word_1_857' title='bbox 3165 3901 3314 3971; x_wconf 65' lang='lat' dir='ltr'><strong>quod</strong></span> <span class='ocrx_word' id='word_1_858' title='bbox 3333 3902 3442 3958; x_wconf 70' lang='lat' dir='ltr'><strong>vim</strong></span> <span class='ocrx_word' id='word_1_859' title='bbox 3464 3901 3660 3958; x_wconf 73' lang='lat' dir='ltr'><strong>habeat</strong></span> 
     </span>
    </p>
   </div>
   <div class='ocr_carea' id='block_1_102' title="bbox 2074 3987 3666 4060">
    <p class='ocr_par' dir='ltr' id='par_1_102' title="bbox 2074 3987 3666 4060">
     <span class='ocr_line' id='line_1_102' title="bbox 2074 3987 3666 4060; baseline 0.005 -18"><span class='ocrx_word' id='word_1_860' title='bbox 2074 3987 2125 4042; x_wconf 90' lang='lat' dir='ltr'><strong>in</strong></span> <span class='ocrx_word' id='word_1_861' title='bbox 2151 3988 2408 4058; x_wconf 86' lang='lat' dir='ltr'><strong>utrisque,</strong></span> <span class='ocrx_word' id='word_1_862' title='bbox 2433 3989 2526 4043; x_wconf 83' lang='lat' dir='ltr'><strong>sed</strong></span> <span class='ocrx_word' id='word_1_863' title='bbox 2552 3991 2711 4044; x_wconf 83' lang='lat' dir='ltr'><strong>etiam</strong></span> <span class='ocrx_word' id='word_1_864' title='bbox 2734 3991 2874 4060; x_wconf 89' lang='lat' dir='ltr'><strong>quod</strong></span> <span class='ocrx_word' id='word_1_865' title='bbox 2897 4006 2961 4046; x_wconf 82' lang='lat' dir='ltr'><strong>ex</strong></span> <span class='ocrx_word' id='word_1_866' title='bbox 2988 3991 3291 4048; x_wconf 85' lang='lat' dir='ltr'><strong>inﬁdelibus</strong></span> <span class='ocrx_word' id='word_1_867' title='bbox 3309 4008 3408 4050; x_wconf 86' lang='lat' dir='ltr'><strong>eos</strong></span> <span class='ocrx_word' id='word_1_868' title='bbox 3424 3993 3666 4049; x_wconf 74' lang='lat' dir='ltr'><strong>attrahat</strong></span> 
     </span>
    </p>
   </div>
   <div class='ocr_carea' id='block_1_103' title="bbox 2072 4081 3663 4154">
    <p class='ocr_par' dir='ltr' id='par_1_103' title="bbox 2072 4081 3663 4154">
     <span class='ocr_line' id='line_1_103' title="bbox 2072 4081 3663 4154; baseline 0.006 -21"><span class='ocrx_word' id='word_1_869' title='bbox 2072 4082 2161 4152; x_wconf 89' lang='lat' dir='ltr'><strong>qui</strong></span> <span class='ocrx_word' id='word_1_870' title='bbox 2189 4091 2313 4136; x_wconf 90' lang='lat' dir='ltr'><strong>sunt</strong></span> <span class='ocrx_word' id='word_1_871' title='bbox 2339 4081 2778 4151; x_wconf 81' lang='lat' dir='ltr'><strong>impudentiores.</strong></span> <span class='ocrx_word' id='word_1_872' title='bbox 2800 4082 2982 4154; x_wconf 86' lang='lat' dir='ltr'><strong>Neque</strong></span> <span class='ocrx_word' id='word_1_873' title='bbox 3005 4084 3148 4138; x_wconf 91' lang='lat' dir='ltr'><strong>enim</strong></span> <span class='ocrx_word' id='word_1_874' title='bbox 3177 4083 3314 4140; x_wconf 90' lang='lat' dir='ltr'><strong>idem</strong></span> <span class='ocrx_word' id='word_1_875' title='bbox 3346 4093 3466 4140; x_wconf 79' lang='lat' dir='ltr'><strong>erat</strong></span> <span class='ocrx_word' id='word_1_876' title='bbox 3495 4085 3663 4142; x_wconf 72' lang='lat' dir='ltr'><strong>min-</strong></span> 
     </span>
    </p>
   </div>
   <div class='ocr_carea' id='block_1_104' title="bbox 2073 4172 3663 4246">
    <p class='ocr_par' dir='ltr' id='par_1_104' title="bbox 2073 4172 3663 4246">
     <span class='ocr_line' id='line_1_104' title="bbox 2073 4172 3663 4246; baseline 0.002 -18"><span class='ocrx_word' id='word_1_877' title='bbox 2073 4173 2252 4228; x_wconf 88' lang='lat' dir='ltr'><strong>cuhnn</strong></span> <span class='ocrx_word' id='word_1_878' title='bbox 2283 4173 2497 4243; x_wconf 89' lang='lat' dir='ltr'><strong>quando</strong></span> <span class='ocrx_word' id='word_1_879' title='bbox 2517 4172 2832 4244; x_wconf 81' lang='lat' dir='ltr'><strong>Sapphiram</strong></span> <span class='ocrx_word' id='word_1_880' title='bbox 2855 4175 3107 4243; x_wconf 74' lang='lat' dir='ltr'><strong>convicit,</strong></span> <span class='ocrx_word' id='word_1_881' title='bbox 3137 4175 3276 4245; x_wconf 86' lang='lat' dir='ltr'><strong>quod</strong></span> <span class='ocrx_word' id='word_1_882' title='bbox 3301 4175 3519 4246; x_wconf 89' lang='lat' dir='ltr'><strong>quidem</strong></span> <span class='ocrx_word' id='word_1_883' title='bbox 3546 4185 3663 4232; x_wconf 84' lang='lat' dir='ltr'><strong>erat</strong></span> 
     </span>
    </p>
   </div>
   <div class='ocr_carea' id='block_1_105' title="bbox 2072 4265 3661 4338">
    <p class='ocr_par' dir='ltr' id='par_1_105' title="bbox 2072 4265 3661 4338">
     <span class='ocr_line' id='line_1_105' title="bbox 2072 4265 3661 4338; baseline 0.002 -17"><span class='ocrx_word' id='word_1_884' title='bbox 2072 4265 2367 4337; x_wconf 62' lang='lat' dir='ltr'><strong>prophetia.</strong></span> <span class='ocrx_word' id='word_1_885' title='bbox 2391 4283 2406 4332; x_wconf 91' lang='lat'><strong>;</strong></span> <span class='ocrx_word' id='word_1_886' title='bbox 2437 4276 2489 4323; x_wconf 89' lang='lat' dir='ltr'><strong>ct</strong></span> <span class='ocrx_word' id='word_1_887' title='bbox 2515 4266 2726 4338; x_wconf 90' lang='lat' dir='ltr'><strong>quando</strong></span> <span class='ocrx_word' id='word_1_888' title='bbox 2753 4267 2942 4338; x_wconf 87' lang='lat' dir='ltr'><strong>linguis</strong></span> <span class='ocrx_word' id='word_1_889' title='bbox 2966 4267 3284 4338; x_wconf 84' lang='lat' dir='ltr'><strong>loquebatur</strong></span> <span class='ocrx_word' id='word_1_890' title='bbox 3303 4268 3496 4323; x_wconf 78' lang='lat' dir='ltr'><strong>Petrus</strong></span> <span class='ocrx_word' id='word_1_891' title='bbox 3522 4285 3537 4322; x_wconf 87' lang='lat'><strong>:</strong></span> <span class='ocrx_word' id='word_1_892' title='bbox 3567 4267 3661 4324; x_wconf 80' lang='lat' dir='ltr'><strong>sed</strong></span> 
     </span>
    </p>
   </div>
   <div class='ocr_carea' id='block_1_106' title="bbox 2074 4357 3659 4429">
    <p class='ocr_par' dir='ltr' id='par_1_106' title="bbox 2074 4357 3659 4429">
     <span class='ocr_line' id='line_1_106' title="bbox 2074 4357 3659 4429; baseline 0.001 -16"><span class='ocrx_word' id='word_1_893' title='bbox 2074 4368 2201 4414; x_wconf 91' lang='lat' dir='ltr'><strong>tunc</strong></span> <span class='ocrx_word' id='word_1_894' title='bbox 2225 4359 2438 4429; x_wconf 87' lang='lat' dir='ltr'><strong>quidem</strong></span> <span class='ocrx_word' id='word_1_895' title='bbox 2468 4359 2682 4414; x_wconf 83' lang='lat' dir='ltr'><strong>fuerunt</strong></span> <span class='ocrx_word' id='word_1_896' title='bbox 2720 4372 2909 4413; x_wconf 87' lang='lat' dir='ltr'><strong>omnes</strong></span> <span class='ocrx_word' id='word_1_897' title='bbox 2937 4359 3195 4425; x_wconf 87' lang='lat' dir='ltr'><strong>coerciti;</strong></span> <span class='ocrx_word' id='word_1_898' title='bbox 3237 4357 3454 4428; x_wconf 83' lang='lat' dir='ltr'><strong>quando</strong></span> <span class='ocrx_word' id='word_1_899' title='bbox 3479 4371 3659 4415; x_wconf 84' lang='lat' dir='ltr'><strong>autem</strong></span> 
     </span>
    </p>
   </div>
   <div class='ocr_carea' id='block_1_107' title="bbox 2071 4450 3659 4524">
    <p class='ocr_par' dir='ltr' id='par_1_107' title="bbox 2071 4450 3659 4524">
     <span class='ocr_line' id='line_1_107' title="bbox 2071 4450 3659 4524; baseline -0.003 -15"><span class='ocrx_word' id='word_1_900' title='bbox 2071 4453 2391 4524; x_wconf 79' lang='lat' dir='ltr'><strong>loquebatur</strong></span> <span class='ocrx_word' id='word_1_901' title='bbox 2416 4453 2633 4523; x_wconf 85' lang='lat' dir='ltr'><strong>linguis,</strong></span> <span class='ocrx_word' id='word_1_902' title='bbox 2659 4452 2818 4506; x_wconf 87' lang='lat' dir='ltr'><strong>etiam</strong></span> <span class='ocrx_word' id='word_1_903' title='bbox 2851 4466 2948 4520; x_wconf 88' lang='lat' dir='ltr'><strong>pro</strong></span> <span class='ocrx_word' id='word_1_904' title='bbox 2970 4451 3140 4506; x_wconf 89' lang='lat' dir='ltr'><strong>deliro</strong></span> <span class='ocrx_word' id='word_1_905' title='bbox 3159 4460 3241 4506; x_wconf 88' lang='lat' dir='ltr'><strong>est</strong></span> <span class='ocrx_word' id='word_1_906' title='bbox 3267 4450 3501 4506; x_wconf 87' lang='lat' dir='ltr'><strong>habitus.</strong></span> <span class='ocrx_word' id='word_1_907' title='bbox 3524 4451 3659 4506; x_wconf 89' lang='lat' dir='ltr'><strong>Cum</strong></span> 
     </span>
    </p>
   </div>
   <div class='ocr_carea' id='block_1_108' title="bbox 2073 4543 3660 4618">
    <p class='ocr_par' dir='ltr' id='par_1_108' title="bbox 2073 4543 3660 4618">
     <span class='ocr_line' id='line_1_108' title="bbox 2073 4543 3660 4618; baseline -0.003 -16"><span class='ocrx_word' id='word_1_908' title='bbox 2073 4562 2204 4618; x_wconf 89' lang='lat' dir='ltr'><strong>ergo</strong></span> <span class='ocrx_word' id='word_1_909' title='bbox 2233 4547 2458 4601; x_wconf 73' lang='lat' dir='ltr'><strong>dixisset</strong></span> <span class='ocrx_word' id='word_1_910' title='bbox 2501 4546 2734 4615; x_wconf 90' lang='lat' dir='ltr'><strong>linguam</strong></span> <span class='ocrx_word' id='word_1_911' title='bbox 2765 4559 2870 4599; x_wconf 92' lang='lat' dir='ltr'><strong>non</strong></span> <span class='ocrx_word' id='word_1_912' title='bbox 2906 4544 3207 4614; x_wconf 80' lang='lat' dir='ltr'><strong>profuisse,</strong></span> <span class='ocrx_word' id='word_1_913' title='bbox 3249 4553 3305 4599; x_wconf 89' lang='lat' dir='ltr'><strong>et</strong></span> <span class='ocrx_word' id='word_1_914' title='bbox 3334 4543 3438 4599; x_wconf 91' lang='lat' dir='ltr'><strong>hoc</strong></span> <span class='ocrx_word' id='word_1_915' title='bbox 3484 4543 3660 4616; x_wconf 86' lang='lat' dir='ltr'><strong>ipsum</strong></span> 
     </span>
    </p>
   </div>
   <div class='ocr_carea' id='block_1_109' title="bbox 2073 4635 3660 4707">
    <p class='ocr_par' dir='ltr' id='par_1_109' title="bbox 2073 4635 3660 4707">
     <span class='ocr_line' id='line_1_109' title="bbox 2073 4635 3660 4707; baseline -0.004 -10"><span class='ocrx_word' id='word_1_916' title='bbox 2073 4655 2261 4697; x_wconf 89' lang='lat' dir='ltr'><strong>rursus</strong></span> <span class='ocrx_word' id='word_1_917' title='bbox 2289 4646 2664 4699; x_wconf 78' lang='lat' dir='ltr'><strong>extenuasset,</strong></span> <span class='ocrx_word' id='word_1_918' title='bbox 2695 4652 2760 4692; x_wconf 92' lang='lat' dir='ltr'><strong>eo</strong></span> <span class='ocrx_word' id='word_1_919' title='bbox 2786 4636 2924 4707; x_wconf 89' lang='lat' dir='ltr'><strong>quod</strong></span> <span class='ocrx_word' id='word_1_920' title='bbox 2955 4637 3164 4707; x_wconf 86' lang='lat' dir='ltr'><strong>culpam</strong></span> <span class='ocrx_word' id='word_1_921' title='bbox 3193 4636 3246 4691; x_wconf 93' lang='lat' dir='ltr'><strong>in</strong></span> <span class='ocrx_word' id='word_1_922' title='bbox 3275 4635 3493 4692; x_wconf 68' lang='lat' dir='ltr'><strong>Judrcos</strong></span> <span class='ocrx_word' id='word_1_923' title='bbox 3528 4652 3660 4692; x_wconf 84' lang='lat' dir='ltr'><strong>con-</strong></span> 
     </span>
    </p>
   </div>
   <div class='ocr_carea' id='block_1_110' title="bbox 2073 4727 3662 4800">
    <p class='ocr_par' dir='ltr' id='par_1_110' title="bbox 2073 4727 3662 4800">
     <span class='ocr_line' id='line_1_110' title="bbox 2073 4727 3662 4800; baseline -0.003 -13"><span class='ocrx_word' id='word_1_924' title='bbox 2073 4732 2319 4799; x_wconf 91' lang='lat' dir='ltr'><strong>tulisset,</strong></span> <span class='ocrx_word' id='word_1_925' title='bbox 2351 4728 2648 4800; x_wconf 87' lang='lat' dir='ltr'><strong>procedens</strong></span> <span class='ocrx_word' id='word_1_926' title='bbox 2674 4727 2907 4784; x_wconf 88' lang='lat' dir='ltr'><strong>ostendit</strong></span> <span class='ocrx_word' id='word_1_927' title='bbox 2934 4727 2988 4782; x_wconf 91' lang='lat' dir='ltr'><strong>id</strong></span> <span class='ocrx_word' id='word_1_928' title='bbox 3017 4729 3176 4785; x_wconf 90' lang='lat' dir='ltr'><strong>etiam</strong></span> <span class='ocrx_word' id='word_1_929' title='bbox 3218 4727 3437 4783; x_wconf 76' lang='lat' dir='ltr'><strong>lmdcre.</strong></span> <span class='ocrx_word' id='word_1_930' title='bbox 3471 4727 3544 4783; x_wconf 79' lang='lat' dir='ltr'><strong>Et</strong></span> <span class='ocrx_word' id='word_1_931' title='bbox 3566 4741 3662 4783; x_wconf 87' lang='lat' dir='ltr'><strong>cur</strong></span> 
     </span>
    </p>
   </div>
   <div class='ocr_carea' id='block_1_111' title="bbox 2072 4820 3658 4892">
    <p class='ocr_par' dir='ltr' id='par_1_111' title="bbox 2072 4820 3658 4892">
     <span class='ocr_line' id='line_1_111' title="bbox 2072 4820 3658 4892; baseline -0.005 -11"><span class='ocrx_word' id='word_1_932' title='bbox 2072 4825 2255 4881; x_wconf 91' lang='lat' dir='ltr'><strong>datum</strong></span> <span class='ocrx_word' id='word_1_933' title='bbox 2284 4823 2404 4880; x_wconf 80' lang='lat' dir='ltr'><strong>est?</strong></span> <span class='ocrx_word' id='word_1_934' title='bbox 2433 4821 2502 4879; x_wconf 93' lang='lat' dir='ltr'><strong>Ut</strong></span> <span class='ocrx_word' id='word_1_935' title='bbox 2547 4821 2800 4892; x_wconf 87' lang='lat' dir='ltr'><strong>procedat</strong></span> <span class='ocrx_word' id='word_1_936' title='bbox 2827 4835 2946 4876; x_wconf 90' lang='lat' dir='ltr'><strong>cum</strong></span> <span class='ocrx_word' id='word_1_937' title='bbox 2987 4820 3426 4890; x_wconf 83' lang='lat' dir='ltr'><strong>interpretatione</strong></span> <span class='ocrx_word' id='word_1_938' title='bbox 3468 4836 3484 4874; x_wconf 88' lang='lat'><strong>:</strong></span> <span class='ocrx_word' id='word_1_939' title='bbox 3535 4834 3658 4874; x_wconf 82' lang='lat' dir='ltr'><strong>nam</strong></span> 
     </span>
    </p>
   </div>
   <div class='ocr_carea' id='block_1_112' title="bbox 2072 4911 3658 4987">
    <p class='ocr_par' dir='ltr' id='par_1_112' title="bbox 2072 4911 3658 4987">
     <span class='ocr_line' id='line_1_112' title="bbox 2072 4911 3658 4987; baseline -0.004 -15"><span class='ocrx_word' id='word_1_940' title='bbox 2072 4917 2274 4987; x_wconf 88' lang='lat' dir='ltr'><strong>absque</strong></span> <span class='ocrx_word' id='word_1_941' title='bbox 2296 4913 2388 4970; x_wconf 92' lang='lat' dir='ltr'><strong>illo</strong></span> <span class='ocrx_word' id='word_1_942' title='bbox 2409 4915 2568 4970; x_wconf 90' lang='lat' dir='ltr'><strong>etiam</strong></span> <span class='ocrx_word' id='word_1_943' title='bbox 2595 4913 2924 4969; x_wconf 88' lang='lat' dir='ltr'><strong>contrarium</strong></span> <span class='ocrx_word' id='word_1_944' title='bbox 2949 4912 3131 4967; x_wconf 83' lang='lat' dir='ltr'><strong>evenit</strong></span> <span class='ocrx_word' id='word_1_945' title='bbox 3155 4911 3295 4983; x_wconf 84' lang='lat' dir='ltr'><strong>apud</strong></span> <span class='ocrx_word' id='word_1_946' title='bbox 3325 4912 3658 4982; x_wconf 83' lang='lat' dir='ltr'><strong>insipientes.</strong></span> 
     </span>
    </p>
   </div>
   <div class='ocr_carea' id='block_1_113' title="bbox 2075 5003 3662 5076">
    <p class='ocr_par' dir='ltr' id='par_1_113' title="bbox 2075 5003 3662 5076">
     <span class='ocr_line' id='line_1_113' title="bbox 2075 5003 3662 5076; baseline -0.004 -13"><span class='ocrx_word' id='word_1_947' title='bbox 2075 5007 2158 5072; x_wconf 88' lang='lat' dir='ltr'><strong>Si,</strong></span> <span class='ocrx_word' id='word_1_948' title='bbox 2190 5008 2330 5062; x_wconf 90' lang='lat' dir='ltr'><strong>enim</strong></span> <span class='ocrx_word' id='word_1_949' title='bbox 2352 5045 2369 5072; x_wconf 93' lang='lat'><strong>,</strong></span> <span class='ocrx_word' id='word_1_950' title='bbox 2397 5005 2568 5075; x_wconf 87' lang='lat' dir='ltr'><strong>inquit</strong></span> <span class='ocrx_word' id='word_1_951' title='bbox 2586 5046 2601 5071; x_wconf 98' lang='lat'><strong>,</strong></span> <span class='ocrx_word' id='word_1_952' title='bbox 2632 5021 2802 5060; x_wconf 86' lang='lat' dir='ltr'><strong>omnes</strong></span> <span class='ocrx_word' id='word_1_953' title='bbox 2831 5004 3102 5075; x_wconf 78' lang='lat' dir='ltr'><strong>loquantur</strong></span> <span class='ocrx_word' id='word_1_954' title='bbox 3125 5003 3340 5075; x_wconf 72' lang='lat' dir='ltr'><strong>linguis,</strong></span> <span class='ocrx_word' id='word_1_955' title='bbox 3368 5004 3662 5076; x_wconf 74' lang='lat' dir='ltr'><strong>ingredim-</strong></span> 
     </span>
    </p>
   </div>
   <div class='ocr_carea' id='block_1_114' title="bbox 2075 5095 3662 5166">
    <p class='ocr_par' dir='ltr' id='par_1_114' title="bbox 2075 5095 3662 5166">
     <span class='ocr_line' id='line_1_114' title="bbox 2075 5095 3662 5166; baseline 0 -16"><span class='ocrx_word' id='word_1_956' title='bbox 2075 5107 2156 5151; x_wconf 86' lang='lat' dir='ltr'><strong>tur</strong></span> <span class='ocrx_word' id='word_1_957' title='bbox 2183 5107 2354 5151; x_wconf 88' lang='lat' dir='ltr'><strong>autent</strong></span> <span class='ocrx_word' id='word_1_958' title='bbox 2377 5096 2610 5166; x_wconf 87' lang='lat' dir='ltr'><strong>inﬁdeles</strong></span> <span class='ocrx_word' id='word_1_959' title='bbox 2639 5105 2683 5150; x_wconf 90' lang='lat' dir='ltr'><strong>et</strong></span> <span class='ocrx_word' id='word_1_960' title='bbox 2708 5096 2897 5159; x_wconf 67' lang='lat' dir='ltr'><strong>idiota,</strong></span> <span class='ocrx_word' id='word_1_961' title='bbox 2927 5095 3096 5149; x_wconf 85' lang='lat' dir='ltr'><strong>dicent</strong></span> <span class='ocrx_word' id='word_1_962' title='bbox 3125 5111 3210 5149; x_wconf 87' lang='lat' dir='ltr'><strong>vos</strong></span> <span class='ocrx_word' id='word_1_963' title='bbox 3238 5097 3500 5162; x_wconf 82' lang='lat' dir='ltr'><strong>insanire;</strong></span> <span class='ocrx_word' id='word_1_964' title='bbox 3526 5096 3662 5150; x_wconf 77' lang='lat' dir='ltr'><strong>sicut</strong></span> 
     </span>
    </p>
   </div>
   <div class='ocr_carea' id='block_1_115' title="bbox 2075 5186 3660 5259">
    <p class='ocr_par' dir='ltr' id='par_1_115' title="bbox 2075 5186 3660 5259">
     <span class='ocr_line' id='line_1_115' title="bbox 2075 5186 3660 5259; baseline -0.003 -13"><span class='ocrx_word' id='word_1_965' title='bbox 2075 5190 2232 5246; x_wconf 83' lang='lat' dir='ltr'><strong>etiam</strong></span> <span class='ocrx_word' id='word_1_966' title='bbox 2264 5187 2490 5259; x_wconf 88' lang='lat' dir='ltr'><strong>apostoli</strong></span> <span class='ocrx_word' id='word_1_967' title='bbox 2519 5187 2806 5243; x_wconf 82' lang='lat' dir='ltr'><strong>existimati</strong></span> <span class='ocrx_word' id='word_1_968' title='bbox 2836 5196 2961 5242; x_wconf 87' lang='lat' dir='ltr'><strong>sunt</strong></span> <span class='ocrx_word' id='word_1_969' title='bbox 2989 5187 3122 5242; x_wconf 90' lang='lat' dir='ltr'><strong>ebrii</strong></span> <span class='ocrx_word' id='word_1_970' title='bbox 3156 5204 3168 5241; x_wconf 94' lang='lat'>:</span> <span class='ocrx_word' id='word_1_971' title='bbox 3202 5186 3454 5243; x_wconf 83' lang='lat' dir='ltr'><strong>dicebant</strong></span> <span class='ocrx_word' id='word_1_972' title='bbox 3480 5186 3622 5242; x_wconf 83' lang='lat' dir='ltr'><strong>cnim</strong></span> <span class='ocrx_word' id='word_1_973' title='bbox 3643 5226 3660 5251; x_wconf 88' lang='lat'><strong>,</strong></span> 
     </span>
    </p>
   </div>
   <div class='ocr_carea' id='block_1_116' title="bbox 2077 5278 3660 5350">
    <p class='ocr_par' dir='ltr' id='par_1_116' title="bbox 2077 5278 3660 5350">
     <span class='ocr_line' id='line_1_116' title="bbox 2077 5278 3660 5350; baseline -0.002 -13"><span class='ocrx_word' id='word_1_974' title='bbox 2077 5283 2248 5337; x_wconf 79' lang='lat' dir='ltr'><strong>Musto</strong></span> <span class='ocrx_word' id='word_1_975' title='bbox 2276 5282 2326 5335; x_wconf 75' lang='lat' dir='ltr'><strong>lii</strong></span> <span class='ocrx_word' id='word_1_976' title='bbox 2355 5292 2472 5336; x_wconf 89' lang='lat' dir='ltr'><strong>sunt</strong></span> <span class='ocrx_word' id='word_1_977' title='bbox 2499 5279 2676 5350; x_wconf 85' lang='lat' dir='ltr'><strong>repleti</strong></span> <span class='ocrx_word' id='word_1_978' title='bbox 2705 5278 2855 5350; x_wconf 77' lang='lat' dir='ltr'><strong>(Act.</strong></span> <span class='ocrx_word' id='word_1_979' title='bbox 2888 5279 2945 5332; x_wconf 76' lang='grc'><strong>2.</strong></span> <span class='ocrx_word' id='word_1_980' title='bbox 2978 5281 3090 5348; x_wconf 77' lang='lat' dir='ltr'><strong>l3).</strong></span> <span class='ocrx_word' id='word_1_981' title='bbox 3120 5278 3224 5335; x_wconf 85' lang='lat' dir='ltr'><strong>Sed</strong></span> <span class='ocrx_word' id='word_1_982' title='bbox 3266 5295 3372 5334; x_wconf 90' lang='lat' dir='ltr'><strong>non</strong></span> <span class='ocrx_word' id='word_1_983' title='bbox 3415 5290 3500 5336; x_wconf 84' lang='lat' dir='ltr'><strong>est</strong></span> <span class='ocrx_word' id='word_1_984' title='bbox 3526 5279 3660 5350; x_wconf 81' lang='lat' dir='ltr'><strong>signi</strong></span> 
     </span>
    </p>
   </div>
   <div class='ocr_carea' id='block_1_117' title="bbox 2077 5370 3659 5443">
    <p class='ocr_par' dir='ltr' id='par_1_117' title="bbox 2077 5370 3659 5443">
     <span class='ocr_line' id='line_1_117' title="bbox 2077 5370 3659 5443; baseline -0.004 -14"><span class='ocrx_word' id='word_1_985' title='bbox 2077 5374 2250 5443; x_wconf 69' lang='lat' dir='ltr'><strong>culpa,</strong></span> <span class='ocrx_word' id='word_1_986' title='bbox 2272 5388 2454 5427; x_wconf 78' lang='lat' dir='ltr'><strong>rerum</strong></span> <span class='ocrx_word' id='word_1_987' title='bbox 2473 5372 2686 5426; x_wconf 87' lang='lat' dir='ltr'><strong>illorum</strong></span> <span class='ocrx_word' id='word_1_988' title='bbox 2709 5370 2958 5424; x_wconf 84' lang='lat' dir='ltr'><strong>rnditatis</strong></span> <span class='ocrx_word' id='word_1_989' title='bbox 2978 5379 3032 5424; x_wconf 90' lang='lat' dir='ltr'><strong>et</strong></span> <span class='ocrx_word' id='word_1_990' title='bbox 3053 5370 3344 5440; x_wconf 71' lang='lat' dir='ltr'><strong>injustitiaz.</strong></span> <span class='ocrx_word' id='word_1_991' title='bbox 3373 5371 3659 5440; x_wconf 81' lang='lat' dir='ltr'><strong>Propterea</strong></span> 
     </span>
    </p>
   </div>
   <div class='ocr_carea' id='block_1_118' title="bbox 2075 5460 3662 5532">
    <p class='ocr_par' dir='ltr' id='par_1_118' title="bbox 2075 5460 3662 5532">
     <span class='ocr_line' id='line_1_118' title="bbox 2075 5460 3662 5532; baseline 0 -16"><span class='ocrx_word' id='word_1_992' title='bbox 2075 5463 2300 5532; x_wconf 86' lang='lat' dir='ltr'><strong>adjecit,</strong></span> <span class='ocrx_word' id='word_1_993' title='bbox 2339 5461 2522 5516; x_wconf 83' lang='lat' dir='ltr'><strong>ldiota:</strong></span> <span class='ocrx_word' id='word_1_994' title='bbox 2547 5471 2593 5514; x_wconf 89' lang='lat' dir='ltr'><strong>et</strong></span> <span class='ocrx_word' id='word_1_995' title='bbox 2621 5462 2850 5531; x_wconf 87' lang='lat' dir='ltr'><strong>inﬁdeles</strong></span> <span class='ocrx_word' id='word_1_996' title='bbox 2879 5476 2899 5515; x_wconf 90' lang='lat'><strong><em>:</em></strong></span> <span class='ocrx_word' id='word_1_997' title='bbox 2927 5475 3095 5531; x_wconf 88' lang='lat' dir='ltr'><strong>quare</strong></span> <span class='ocrx_word' id='word_1_998' title='bbox 3140 5460 3351 5515; x_wconf 88' lang='lat' dir='ltr'><strong>illorum</strong></span> <span class='ocrx_word' id='word_1_999' title='bbox 3379 5462 3662 5531; x_wconf 76' lang='lat' dir='ltr'><strong>imperitia:</strong></span> 
     </span>
    </p>
   </div>
   <div class='ocr_carea' id='block_1_119' title="bbox 2075 5553 3658 5624">
    <p class='ocr_par' dir='ltr' id='par_1_119' title="bbox 2075 5553 3658 5624">
     <span class='ocr_line' id='line_1_119' title="bbox 2075 5553 3658 5624; baseline -0.001 -14"><span class='ocrx_word' id='word_1_1000' title='bbox 2075 5565 2127 5610; x_wconf 87' lang='lat' dir='ltr'><strong>et</strong></span> <span class='ocrx_word' id='word_1_1001' title='bbox 2157 5555 2487 5611; x_wconf 87' lang='lat' dir='ltr'><strong>inﬁdelitatis</strong></span> <span class='ocrx_word' id='word_1_1002' title='bbox 2515 5563 2595 5609; x_wconf 86' lang='lat' dir='ltr'><strong>cst</strong></span> <span class='ocrx_word' id='word_1_1003' title='bbox 2619 5554 2961 5611; x_wconf 77' lang='lat' dir='ltr'><strong>existimatio.</strong></span> <span class='ocrx_word' id='word_1_1004' title='bbox 2984 5553 3115 5608; x_wconf 86' lang='lat' dir='ltr'><strong>Nam</strong></span> <span class='ocrx_word' id='word_1_1005' title='bbox 3140 5561 3198 5608; x_wconf 88' lang='lat' dir='ltr'><strong>ut</strong></span> <span class='ocrx_word' id='word_1_1006' title='bbox 3227 5554 3376 5624; x_wconf 88' lang='lat' dir='ltr'><strong>prius</strong></span> <span class='ocrx_word' id='word_1_1007' title='bbox 3401 5555 3533 5622; x_wconf 79' lang='lat' dir='ltr'><strong>dixi,</strong></span> <span class='ocrx_word' id='word_1_1008' title='bbox 3556 5569 3658 5608; x_wconf 92' lang='lat' dir='ltr'><strong>non</strong></span> 
     </span>
    </p>
   </div>
   <div class='ocr_carea' id='block_1_120' title="bbox 2078 5644 3660 5717">
    <p class='ocr_par' dir='ltr' id='par_1_120' title="bbox 2078 5644 3660 5717">
     <span class='ocr_line' id='line_1_120' title="bbox 2078 5644 3660 5717; baseline -0.003 -15"><span class='ocrx_word' id='word_1_1009' title='bbox 2078 5649 2129 5703; x_wconf 92' lang='lat' dir='ltr'><strong>in</strong></span> <span class='ocrx_word' id='word_1_1010' title='bbox 2177 5647 2244 5702; x_wconf 84' lang='lat' dir='ltr'><strong>its</strong></span> <span class='ocrx_word' id='word_1_1011' title='bbox 2283 5660 2401 5717; x_wconf 71' lang='lat' dir='ltr'><strong>qua:</strong></span> <span class='ocrx_word' id='word_1_1012' title='bbox 2431 5645 2626 5700; x_wconf 88' lang='lat' dir='ltr'><strong>dantur</strong></span> <span class='ocrx_word' id='word_1_1013' title='bbox 2652 5645 2781 5700; x_wconf 80' lang='lat' dir='ltr'><strong>vitio</strong></span> <span class='ocrx_word' id='word_1_1014' title='bbox 2799 5685 2816 5712; x_wconf 91' lang='lat'><strong>,</strong></span> <span class='ocrx_word' id='word_1_1015' title='bbox 2861 5644 2956 5701; x_wconf 88' lang='lat' dir='ltr'><strong>sed</strong></span> <span class='ocrx_word' id='word_1_1016' title='bbox 2985 5645 3036 5700; x_wconf 90' lang='lat' dir='ltr'><strong>in</strong></span> <span class='ocrx_word' id='word_1_1017' title='bbox 3065 5645 3130 5699; x_wconf 90' lang='lat' dir='ltr'><strong>iis</strong></span> <span class='ocrx_word' id='word_1_1018' title='bbox 3158 5659 3277 5715; x_wconf 72' lang='lat' dir='ltr'><strong>qua:</strong></span> <span class='ocrx_word' id='word_1_1019' title='bbox 3303 5659 3410 5701; x_wconf 92' lang='lat' dir='ltr'><strong>non</strong></span> <span class='ocrx_word' id='word_1_1020' title='bbox 3436 5646 3660 5700; x_wconf 89' lang='lat' dir='ltr'><strong>multum</strong></span> 
     </span>
    </p>
   </div>
   <div class='ocr_carea' id='block_1_121' title="bbox 2072 5739 3657 5813">
    <p class='ocr_par' dir='ltr' id='par_1_121' title="bbox 2072 5739 3657 5813">
     <span class='ocr_line' id='line_1_121' title="bbox 2072 5739 3657 5813; baseline -0.002 -17"><span class='ocrx_word' id='word_1_1021' title='bbox 2072 5741 2262 5813; x_wconf 74' lang='lat' dir='ltr'><strong>juvant</strong></span> <span class='ocrx_word' id='word_1_1022' title='bbox 2285 5781 2300 5810; x_wconf 95' lang='lat'><strong>,</strong></span> <span class='ocrx_word' id='word_1_1023' title='bbox 2330 5750 2554 5796; x_wconf 88' lang='lat' dir='ltr'><strong>conatur</strong></span> <span class='ocrx_word' id='word_1_1024' title='bbox 2581 5739 2780 5796; x_wconf 89' lang='lat' dir='ltr'><strong>donum</strong></span> <span class='ocrx_word' id='word_1_1025' title='bbox 2809 5753 3012 5810; x_wconf 89' lang='lat' dir='ltr'><strong>ponere</strong></span> <span class='ocrx_word' id='word_1_1026' title='bbox 3033 5781 3050 5809; x_wconf 92' lang='lat'><strong>,</strong></span> <span class='ocrx_word' id='word_1_1027' title='bbox 3079 5747 3138 5796; x_wconf 84' lang='lat' dir='ltr'><strong>ut</strong></span> <span class='ocrx_word' id='word_1_1028' title='bbox 3166 5753 3263 5797; x_wconf 76' lang='lat' dir='ltr'><strong>eos</strong></span> <span class='ocrx_word' id='word_1_1029' title='bbox 3286 5739 3574 5812; x_wconf 78' lang='lat' dir='ltr'><strong>reprimat,</strong></span> <span class='ocrx_word' id='word_1_1030' title='bbox 3605 5748 3657 5794; x_wconf 89' lang='lat' dir='ltr'><strong>et</strong></span> 
     </span>
    </p>
   </div>
  </div>
