4018 6156
477 289 584 349 509

475 406 538 461 τδ
566 407 798 479 πρᾶγμα
822 404 1014 476 πικρόν
1037 422 1051 435 ο
1080 401 1146 456 ἂν
1171 400 1476 465 κενοδοξίας
1503 398 1766 469 ἁφέλκῃς,
1788 397 1959 462 δεῖξον
1978 394 2061 447 ὅτι

478 496 543 549 τὸ
575 497 807 566 πρᾶγμα
838 492 1064 563 ἀτιμίας
1091 490 1281 559 γέμον.
1314 486 1472 540 Οὕτω
1496 486 1591 540 καὶ⁵
1623 485 1836 548 Παῦλος
1868 482 2061 536 ἐποίει.

479 581 592 636 Καί⁵
629 580 738 650 7&9
791 577 1077 640 πλουσίους
1122 573 1387 629 ἀποσπῶν
1421 573 1515 625 106
1548 572 1677 643 περί
1706 571 1775 625 τά
1802 570 2063 641 χρήματα

476 667 704 737 ἔρωτος,
724 666 827 718 οὐκ
855 660 1011 717 εἶπεν
1033 664 1116 717 δτι
1151 661 1417 733 βλαϐερὸν
1440 663 1469 714 ὁ
1486 658 1714 722 πλοῦτος
1741 658 1922 728 μόνον,
1947 655 2061 709 ἀλλ’

477 754 561 806 ὅτι
583 754 679 806 καὶ
704 752 784 816 εἰς
805 751 1147 822 πειρασμοὺς
1173 749 1454 820 ἐμϐάλλει.
1484 750 1548 801 Ol
1573 746 1681 816 7&9
1695 747 2062 813 βουλόμενοι

477 838 785 906 πλουτεῖν,
848 839 1034 910 φησὶν,
1101 838 1508 907 ἐμπίπτουσιν
1565 837 1651 900 εἰς
1707 832 2057 901 πειρασμόν.

492 926 712 998 Ἐπειδὴ
744 928 853 998 7&9
879 927 1029 980 δοκεῖ
1060 924 1385 997 πειρασμῶν
1422 922 1809 985 ἀπαλλάττειν,
1841 920 2064 972 τούναν-

478 1016 593 1068 τίον
615 1014 763 1086 αὐτῷ
785 1014 1113 1087 περιέθηκεν
1137 1007 1305 1086 οὕπερ
1332 1011 1581 1083 ἐνόμιζον
1605 1012 1654 1062 οἰ
1683 1009 2059 1070 πλουτοῦντες.

479 1103 704 1173 Εἶχοντο
756 1103 919 1157 πάλιν
963 1101 1065 1173 τῆς
1099 1101 1290 1171 σοφίας
1338 1100 1441 1169 τῆς
1490 1097 1689 1163 ἔξωθεν
1734 1097 1933 1167 ἕτεροι,
1987 1094 2064 1158 ὼς

477 1189 652 1261 ταύτῃ
690 1190 750 1243 τὸ
792 1189 969 1261 δόγμα
1014 1189 1306 1251 ίστῶντες’
1353 1187 1553 1252 ἔδειξεν
1579 1188 1661 1239 ὅτι
1708 1186 1768 1237 οὐ
1812 1185 1971 1254 μόνον
2000 1182 2062 1235 οὐ

481 1277 667 1349 βοηθεί
691 1277 768 1349 τῷ
804 1277 1045 1350 σταυρῷ,
1077 1277 1191 1330 ἀλλ’
1214 1277 1295 1329 ὅτι
1324 1277 1418 1329 καὶ
1448 1277 1593 1328 κενοῖ
1622 1273 1805 1327 αὐτόν.
1842 1272 2064 1341 Εῖχοντο

476 1366 572 1420 τοῦ
624 1366 941 1432 δικάζεσθαι
1001 1368 1133 1437 παρ’
1197 1365 1429 1436 ἑτέροις,
1490 1362 1708 1427 ἀνάξιον
1767 1360 2062 1432 ἡγούμενοι

480 1456 633 1527 παρὰ
652 1459 762 1520 τοῖς
788 1457 1033 1520 οἰκείοις,
1061 1456 1136 1520 ὡς
1164 1458 1270 1509 τῶν
1289 1454 1489 1520 ἔξωθεν
1516 1451 1842 1522 σοφωτέρων
1868 1450 2059 1502 ὄντων·

474 1538 748 1594 δείκνυσιν
791 1540 873 1593 ὅτι
910 1540 971 1592 τὸ
1018 1538 1124 1603 ἔξω
1152 1537 1493 1602 δικάζεσθαι,
1548 1535 1797 1604 αἰσχρόν.
1843 1533 2063 1602 Εἵχοντο

477 1626 586 1680 τῶν
615 1624 1004 1691 είδωλοθύτων,
1034 1625 1111 1688 ὡς
1138 1624 1350 1678 τελείαν
1376 1624 1578 1692 γνῶσιν
1607 1619 2060 1690 ἐπιδεικνύμενοι·

476 1712 679 1779 ἔδειξεν
717 1713 799 1765 ὅτι
844 1711 1004 1765 τοῦτο
1036 1711 1294 1780 γνώσεως
1348 1709 1597 1771 ἀτελοῦς,
1643 1707 1705 1759 τὸ
1757 1706 1831 1777 μὴ
1861 1705 2063 1758 εἰδέναι

472 1801 782 1871 οἰκονομεῖν
804 1800 870 1852 τὰ
890 1798 1002 1852 τῶν
1028 1799 1279 1869 πλησίον.
1309 1796 1465 1852 Οὕτω
1500 1797 1593 1849 καὶ
1625 1794 1774 1867 [5361
1801 1794 2059 1859 ἐνταῦθα,

476 1888 664 1960 ἐπειδὴ
689 1887 955 1957 ἐπτόηντο
984 1886 1112 1955 περί¹
1138 1886 1200 1939 τὸ
1220 1887 1467 1957 χάρισμα
1487 1884 1644 1938 τοῦτο
1667 1886 1729 1937 τὸ
1748 1883 1856 1936 τῶν
1884 1882 2061 1952 γλωσ-

477 1976 611 2043 σῶν,
643 1974 798 2047 δόξης
823 1975 1079 2047 ἐρῶντες,
1107 1975 1378 2029 δείκνυσιν
1396 1976 1478 2027 ὅτι
1505 1973 1665 2027 τοῦτο
1697 1974 1794 2044 μὲν
1825 1969 1918 2026 οὖν
1960 1970 2063 2042 μά-

474 2065 636 2119 λιστα
683 2064 880 2128 αὐτοὺς
940 2064 1313 2134 καταισχύνει,
1367 2063 1430 2115 οὐ
1480 2062 1640 2134 μόνον
1700 2061 1857 2130 δόξης
1926 2061 2062 2114 ἀπο-

478 2150 723 2223 στεροῦν,
750 2150 884 2205 ἀλλά
907 2150 1003 2203 καὶ
1026 2150 1223 2221 μανίας
1244 2148 1512 2220 ὑπολήψει
1536 2147 1880 2219 περιϐάλλον.
1920 2146 2059 2200 Ἀλλ’

476 2238 578 2291 οὕκ
600 2238 803 2301 εὐθέως
825 2235 985 2290 τοῦτο
1013 2232 1185 2303 εἶπεν,
1209 2234 1344 2289 ἀλλά
1378 2235 1546 2307 μυρία
1574 2235 1837 2305 πρότερος
1868 2231 2057 2298 εἰπὼν,

476 2326 567 2379 ὅτε
596 2322 999 2394 εὐπαράδεκτον
1031 2322 1122 2376 τὸν
1158 2322 1315 2391 λόγον
1346 2322 1593 2392 ἐποίησε,
1626 2321 1745 2373 τότε
1771 2321 1831 2373 τὸ
1856 2319 2062 2390 σφόδρα

479 2410 786 2481 παράδοξον
828 2409 1047 2478 ἐπάγει.
1099 2410 1210 2463 Καὶ
1254 2408 1412 2462 τοῦτο
1452 2409 1509 2462 δὲ
1539 2407 1670 2461 αὐτὸ
1698 2408 1759 2461 τὸ
1799 2406 2062 2477 θεώρημα

481 2497 730 2568 σύνηθες.
767 2497 872 2550 Τὸν
905 2495 1014 2569 γάρ
1046 2495 1308 2568 μέλλοντα
1333 2495 1671 2550 διασαλεύειν
1696 2494 1849 2561 δόξαν
1880 2510 2061 2563 πεπη-

477 2587 636 2654 γυῖαν
661 2586 754 2638 καί
781 2585 862 2648 εἰς
886 2585 947 2638 τὸ
971 2584 1216 2638 ἐναντίον
1239 2583 1610 2657 περιτρέπειν,
1639 2583 1739 2635 οὐκ
1766 2581 1969 2645 εὐθέως
1993 2580 2063 2634 τά

476 2671 697 2726 ἐναντία
746 2670 926 2743 λέγειν
974 2671 1084 2725 δεῖ’
1114 2672 1237 2725 ἐπεὶ
1281 2670 1686 2739 καταγέλαστος
1729 2668 1884 2722 ἔσται
1911 2668 2061 2739 παρὰ

474 2763 589 2825 τοῖς
632 2758 1201 2832 προκατειλημμένοις
1251 2758 1357 2812 ὑπὸ
1406 2761 1508 2828 τῆς
1542 2756 1794 2820 ἐναντίας
1838 2758 2057 2827 ψήφοιν

474 2848 665 2921 ἐπειδὴ
692 2848 754 2903 τὸ
781 2848 985 2920 σφόδρα
1012 2846 1318 2919 παράδοξον
1338 2846 1440 2899 οὐκ
1465 2844 1531 2898 ἂν
1553 2846 1764 2914 γένοιτο
1787 2846 1852 2898 ἐκ
1871 2862 2059 2917 προοι-

478 2936 618 3007 μίων
655 2937 1086 3007 εὐπαράδεκτον,
1116 2935 1253 2989 ἀλλά
1288 2935 1395 3005 χρὴ
1423 2934 1690 3004 πρότερον
1716 2932 2061 3005 ὑπορύξαντα

476 3022 657 3087 καλῶς
676 3022 744 3076 δι’
769 3023 989 3095 ἐτέρων,
1015 3022 1135 3076 τότε
1157 3023 1237 3085 εἰς
1264 3022 1325 3076 τὸ
1353 3021 1593 3075 ἐναντίον
1616 3023 1985 3094 περιτρέπειν.

546 3160 616 3222 γ’.
638 3152 794 3206 Οὕτω
810 3153 940 3222 γοῦν
958 3153 1051 3208 καὶ
1067 3154 1159 3207 ἐπὶ
1174 3153 1268 3207 τοῦ
1284 3153 1461 3226 γάμου
1477 3153 1857 3224 διαλεγόμενος
1874 3153 2059 3227 ἐποίη-

480 3257 591 3295 σεν.
629 3240 847 3312 Ἐπειδὴ
881 3242 989 3314 γάρ
1017 3240 1205 3296 πολλοὶ
1234 3244 1520 3315 προσεῖχον
1550 3243 1625 3306 ῶς
1662 3242 1847 3298 ἄνεσιν
1882 3241 2060 3315 ἔχοντι

474 3328 555 3402 τῷ
587 3330 895 3402 πράγματι,
939 3332 1100 3398 αὐτὸς
1147 3324 1215 3387 δὲ’
1250 3331 1501 3387 ἐϐούλετο
1533 3332 1725 3400 δεῖξαι,
1771 3333 1942 3387 ὅτιτὸ
1981 3335 2058 3405 μὴ

473 3421 671 3490 γαμεῖν
697 3418 904 3484 ἄνεσις,
930 3421 980 3473 εἰ
1012 3420 1110 3491 μὲν
1143 3418 1345 3485 εὐθέως
1368 3421 1528 3474 τοῦτο
1549 3415 1723 3489 εἶπεν,
1754 3420 1854 3474 οὐκ
1882 3420 1948 3475 ἂν
1968 3421 2059 3474 οὕ-

472 3524 584 3573 τως
604 3509 1011 3581 εὐπαράδεκτον
1031 3510 1162 3565 αὐτὸ
1183 3510 1447 3582 πεποίηκε
1469 3528 1483 3541 ⁸
1515 3512 1632 3565 νυνὶ
1646 3511 1705 3565 δέ
1731 3510 1869 3582 μετά
1889 3511 2059 3565 πολλά

472 3597 607 3652 αὐτὸ
631 3598 767 3661 θεὶς,
813 3599 909 3651 καὶ
944 3598 1222 3671 εὐκαίρως
1265 3594 1520 3669 εἰσάγων,
1558 3598 1762 3669 σφόδρα
1803 3599 2060 3654 καθίκετο

471 3684 583 3739 τῶν
629 3687 959 3742 ἀκουόντων.
1015 3687 1188 3741 Τοῦτο
1223 3689 1320 3742 καὶ
1365 3690 1459 3742 ἐπὶ
1502 3689 1607 3759 τῆς
1635 3688 1934 3759 παρθενίας
1962 3702 2059 3741 πε-

470 3772 693 3840 ποίηκε.
729 3772 841 3826 Καὶ
867 3773 977 3843 γάρ
1014 3775 1124 3845 πρὸ
1163 3775 1305 3828 τοῦι
1354 3775 1525 3829 πολλά
1557 3774 1750 3838 εἰπὼν,
1788 3776 1880 3829 καὶ
1917 3776 2056 3847 μετά

471 3857 649 3912 ταῦτα
685 3858 869 3924 πάλιν,
898 3860 1020 3913 τότε
1055 3861 1244 3931 φησιν,
1278 3861 1360 3915 ὅτι
1396 3861 1595 3931 ’Υμῶν
1620 3863 1915 3933 φείδομαι,
1939 3863 2054 3927 καί,

475 3945 642 3998 Θέλω
676 3943 832 4013 ὑμᾶς
875 3946 1241 4015 ἀμερίμνους
1295 3944 1467 4002 εἶναι.
1521 3947 1692 4002 T0610
1732 3950 1796 4020 δὴ
1830 3950 1923 4003 καὶ
1963 3950 2057 4004 ἐπὶ

471 4031 584 4085 τῶν
610 4030 866 4100 γλωττῶν
904 4035 1070 4094 ποιεῖ,
1118 4032 1331 4096 δεικνὺς
1374 4035 1455 4088 ὅτι
1494 4035 1555 4089 οὐ
1581 4036 1742 4104 μόνον
1765 4037 2059 4107 ἀποστερεῖ

472 4118 653 4190 δόξης,
686 4117 822 4171 ἀλλά
852 4119 947 4173 καὶ
984 4119 1338 4191 καταισχύνει
1371 4122 1498 4185 τοὺς
1521 4121 1741 4193 ἔχοντας
1765 4123 1917 4194 παρά
1944 4126 2056 4189 τοῖς

473 4205 745 4269 ἀπίστοις.
786 4205 851 4259 Ἦ
887 4206 945 4260 δὲ
975 4207 1280 4279 προφητεία
1333 4207 1642 4263 τούναντίον
1664 4211 1759 4263 καὶ
1792 4211 2056 4283 αίσχύνης

473 4292 818 4366 ἀπήλλακται
849 4294 945 4365 τῆς
984 4294 1136 4371 παρά
1169 4297 1284 4358 τοῖς
1320 4295 1592 4362 ἀπίστοις,
1620 4298 1714 4353 καὶ
1746 4296 1903 4365 δόξαν
1941 4299 2053 4371 ἔχει

474 4382 738 4455 μεγίστην
776 4383 871 4436 καὶ
895 4370 1182 4451 ὠφέλειαν.
1215 4383 1288 4435 Οὔ
1311 4382 1419 4456 γάρ
1446 4384 1562 4456 ἐρεῖ
1582 4402 1663 4450 τις
1685 4385 1776 4439 ἐπὶ
1798 4388 1895 4457 τῆς
1920 4370 2054 4459 προ-

472 4470 721 4540 φητείας,
744 4472 827 4525 ὅτι
844 4468 1167 4535 Μαίνονται,
1193 4470 1315 4525 οὕδέ
1337 4472 1770 4543 καταγελάσεται
1790 4475 1898 4530 τῶν
1921 4494 2054 4547 προ-

473 4556 838 4625 φητευόντων,
864 4556 1002 4609 ἀλλά
1024 4556 1336 4611 τούναντίον
1368 4558 1776 4631 ἐκπλαγήσεται
1800 4563 1892 4618 καὶ
1922 4562 2050 4618 θαυ-

475 4644 710 4714 μάσεται
723 4644 965 4709 τούτους.
996 4647 1337 4717 Ἐλέγχεται
1357 4647 1463 4719 γὰρ
1480 4648 1599 4702 ὑπὸ
1616 4649 1879 4705 πάντων·
1898 4669 2053 4706 τουτ-

474 4728 646 4793 ἐστιν,
696 4730 733 4784 ἀ
764 4731 859 4784 ἐπὶ
893 4732 1120 4803 καρδίας
1150 4733 1284 4804 ἔχει,
1316 4734 1488 4787 ταῦτα
1517 4736 1597 4798 εἰς
1642 4735 1802 4805 μέσον
1836 4737 2048 4805 ἄγεται,

475 4816 571 4871 καὶ
628 4817 903 4871 δείκνυται
946 4821 1132 4873 πᾶσιν.
1183 4821 1297 4875 Οὐκ
1336 4820 1451 4874 ἔστι
1486 4820 1543 4874 δέ
1583 4819 1696 4875 ἴσον
1742 4823 2050 4879 εἰσελθόντα

472 4904 594 4958 τινὰ
624 4903 752 4958 ἰδεῖν
787 4906 886 4975 μὲν
910 4908 1190 4977 Περσιστὶ,
1216 4909 1309 4964 τὸν
1335 4909 1392 4963 δὲ
1418 4910 1638 4981 Συριστί
1660 4910 2047 4981 φθεγγόμενον,

474 4994 569 5047 καὶ
628 4994 939 5049 εἰσελθόντα
985 4995 1216 5049 ἀκοῦσαι
1273 4996 1341 5049 τὰ
1393 4998 1677 5070 ἀπόρρητα
1729 5001 1831 5071 τῆς
1884 5002 2050 5056 αὑτοῦ

474 5079 732 5145 διανοίας,
764 5083 858 5136 καὶ
894 5082 1004 5137 είτε
1037 5083 1314 5155 πειράζων
1343 5084 1437 5138 καὶ
1468 5087 1606 5157 μετά
1630 5090 1871 5161 πονηρᾶς
1906 5090 2050 5158 γνὼ-

479 5184 609 5237 μης,
635 5170 743 5222 εῐτε
770 5170 939 5239 ὑγιῶς
963 5171 1277 5242 εἰσελήλυθε
1302 5190 1317 5205 ⁸
1347 5173 1440 5227 καὶ
1464 5174 1545 5228 ὃτι
1583 5176 1645 5230 τὸ
1688 5177 1783 5230 καὶ
1813 5176 1874 5230 τὸ
1902 5178 2050 5249 αὕτῷ

474 5253 811 5325 πέπρακται,
871 5260 965 5311 καὶ
1020 5257 1082 5311 τὸ
1138 5255 1520 5330 βεϐούλευται*
1578 5263 1713 5318 πολῦ
1750 5264 1862 5337 γάρ
1893 5265 2049 5320 τοῦτο

474 5527 560 5625 ,εἴ
590 5512 874 5576 tegendum
903 5513 1106 5562 \idclur
1128 5515 1219 5577 πρὸ
1240 5517 1431 5577 τούτου,
1454 5523 1508 5567 οι
1549 5521 1617 5568 ila
1655 5520 1776 5584 legit
1798 5521 2049 5585 interpres

561 5589 636 5624 us.

561 5589 636 5624 IIS.

1159 285 1215 341 S.
1261 281 1554 340 JOANNIS
1587 272 2076 336 CllltYSOSTOMI
2118 272 2433 332 ARCHIEP.
2472 275 3027 348 CONSTANTINOP.

3633 278 3738 335 320

2168 392 2378 447 ἐκείνου
2421 395 2850 465 φρικωδέστερον
2900 395 2991 450 καὶ
3041 390 3473 464 χρησιμώτερον.
3529 396 3629 448 Δια
3680 396 3747 468 δὴ

2164 483 2342 547 τοῦτο,
2376 482 2469 535 ἐπὶ
2500 482 2598 553 μὲν
2629 483 2739 535 τῶν
2780 482 3041 551 γλωσσῶν
3072 498 3258 551 φησιν,
3288 481 3372 534 ὅτι
3410 482 3741 538 Μαίησοε·

2165 570 2280 622 ἀλλ’
2310 571 2411 623 οὐκ
2444 570 2656 623 οἴκοθεν
2701 570 2861 623 τοῦτο
2892 569 3275 639 ἀποφαίνεται,
3315 568 3432 622 ἀλλ’
3493 570 3602 623 ἀπὸ
3646 573 3749 641 τῆς

2162 657 2388 710 ἐκείνων
2434 657 2695 727 κρίσεωςο
2758 657 2995 725 Ἐροῦσι
3041 657 3172 727 7&9,
3230 657 3415 726 φησὶν,
3457 657 3549 711 ὅτι
3597 660 3746 713 Μαί-

2161 747 2363 796 νεσθε.
2398 742 2662 796 Ἐνταῦθα
2693 743 2748 796 δέ
2775 742 2871 796 καὶ
2895 747 2961 814 τῇ
2986 743 3093 795 τῶν
3120 744 3459 813 πραγμάτων
3480 745 3745 817 κέχρηται

2162 830 2351 901 ψήφῳ,
2379 832 2471 885 καὶ
2517 835 2583 902 τῇ
2622 831 2731 884 τῶν
2763 828 3177 901 ὠφελουμένων.
3227 831 3572 901 Ἐλέτχεται
3614 836 3745 907 γάρ,

2165 919 2352 990 φησὶν,
2402 918 2522 974 ὑπὸ
2580 918 2843 982 πάντων,
2897 918 3278 986 ἀνακρίνεται
3325 919 3447 972 ὑπὸ
3479 921 3741 987 πάντων,

2162 1006 2260 1060 καί
2304 1007 2457 1061 οὕτω
2495 1005 2568 1061 τὰ
2591 1006 2827 1075 κρυπτὰ
2870 1005 2978 1073 τῆς
3014 1006 3261 1074 καρδίας
3302 1007 3491 1062 αὑτοῦ
3513 1015 3741 1079 φανερὰ

2161 1096 2408 1164 γίνεται,
2437 1093 2536 1147 καὶ
2575 1094 2731 1149 οὕτω
2759 1093 2965 1148 πεσὼν
2984 1093 3084 1147 ἐπὶ
3126 1095 3453 1162 πρόσωπον
3476 1113 3742 1166 προσκυ-

2165 1180 2336 1247 νήσει
2380 1179 2461 1246 τῷ
2515 1179 2657 1249 Θεῷ,
2695 1181 3089 1251 ἀπαγγέλλων
3134 1182 3223 1235 ὅτι
3256 1182 3402 1249 Θεὸς
3436 1183 3622 1253 ὅντως
3672 1187 3739 1240 ἐν

2133 1256 2147 1268 ’
2165 1265 2313 1340 [557]
2343 1268 2480 1337 ὑμῖν
2507 1267 2698 1324 ἐστιν.
2739 1269 2901 1340 Ὀρᾷς
2928 1271 3009 1323 ὅτι
3039 1268 3199 1324 τοῦτο
3228 1271 3737 1344 ἀναμφισϐήτητονς

2175 1355 2320 1408 Ἐκεῖ
2346 1356 2445 1427 μὲν
2489 1356 2598 1425 7&9
2640 1357 3041 1427 ἀμφιϐάλλεται
3067 1357 3128 1409 τὸ
3170 1358 3475 1428 γινόμενον,
3508 1361 3604 1414 καὶ
3635 1380 3734 1431 μα-

2163 1441 2281 1496 νίαν
2305 1443 2369 1497 ἀν
2390 1460 2473 1507 τις
2501 1443 2806 1497 αἰτιάσαιτο
2827 1444 2933 1497 τῶν
2954 1444 3195 1497 ἀπίστων
3214 1462 3227 1475 θ
3253 1447 3486 1500 ἐνταῦθα
3513 1446 3569 1500 δέ
3593 1449 3738 1502 οὐδὲν

2161 1529 2402 1585 τοιοῦτον
2440 1530 2615 1595 ἔσται,
2650 1531 2786 1585 ἀ).λά
2825 1532 2918 1584 καὶ
2942 1531 3282 1603 θαυμάσεται
3317 1534 3411 1587 καὶ
3437 1540 3739 1607 προσκυνή-

2164 1633 2268 1680 σει,
2296 1617 2383 1671 διά
2409 1618 2518 1672 τῶν
2545 1617 2721 1691 ἔργων
2751 1618 3337 1695 πρότερονοόμολογῶν,
3372 1617 3492 1675 εἶτα
3521 1625 3618 1676 καὶ
3653 1623 3737 1677 διά

2162 1704 2271 1760 τῶν
2322 1707 2603 1777 ῥημάτων.
2648 1706 2807 1761 Οὕτω
2838 1708 2933 1760 καὶ
2975 1707 3441 1780 Ναϐουχοδονόσορ
3485 1711 3577 1763 τὸν
3609 1710 3740 1765 Θεὸν

2165 1793 2541 1865 προσεκύνησε
2582 1793 2776 1862 λέγων,
2834 1796 2960 1849 Ἐπ’
2992 1794 3278 1862 ἀληθείας
3309 1798 3343 1850 ὁ
3383 1797 3529 1862 Θεὸς
3575 1797 3739 1868 ὑμῶν

2165 1881 2350 1947 αὑτός
2394 1881 2527 1935 ἐστι
2571 1881 2717 1948 Θεὸς
2762 1882 3209 1936 ἀποκαλύπτων
3264 1882 3586 1952 μυστήρια,
3652 1886 3741 1940 ὅτι

2163 1969 2473 2037 ἠδυνήθης
2496 1971 2887 2040 ἀποκαλύψαι
2912 1971 2979 2025 τὸ
3007 1971 3342 2040 μυστήριον
3359 1971 3555 2028 τοῦτο.
3584 1962 3742 2038 Εἶδες

2165 2057 2262 2124 τῆς
2302 2058 2639 2127 προφητείας
2682 2057 2780 2127 τὴν
2816 2057 2989 2127 ἰσχὺν,
3036 2059 3154 2122 πῶς
3180 2059 3271 2112 τὸν
3315 2061 3498 2129 ἄγριον
3529 2061 3740 2114 ἐκεῖνον

2167 2144 2431 2214 μετέϐαλε
2487 2146 2579 2199 καὶ
2625 2147 2900 2217 κατήχησε
2943 2146 3038 2199 καὶ
3076 2148 3157 2211 είς
3196 2147 3372 2201 πίστιν
3415 2149 3629 2218 ήγαγες
3681 2149 3742 2203 Τί

2163 2227 2277 2286 οὖν
2305 2232 2496 2296 ἐστιν,
2529 2231 2783 2301 ἀδελφοί
2796 2245 2811 2293 ;
2844 2233 3024 2287 Ὅταν
3052 2234 3456 2303 συνέρχησθε,
3487 2236 3743 2302 ἕκαστος

2162 2318 2332 2390 ὑμῶν
2372 2320 2620 2389 ψαλμδν
2645 2322 2790 2389 ἔχει,
2813 2320 3071 2391 διδαχὴν
3108 2321 3253 2391 ἔχει,
3282 2321 3575 2392 γλῶσσαν
3596 2324 3738 2393 ἔχει,

2162 2406 2557 2476 ἀποκάλυψιν
2597 2407 2745 2478 ἔχει,
2794 2409 3113 2477 ἑρμηνείαν
3153 2408 3313 2477 ἔχει’
3348 2409 3548 2463 πάντα
3596 2412 3741 2480 πρὸς

2162 2495 2491 2567 οἰκοδομὴν
2519 2495 2787 2567 γινέσθω.
2857 2497 3022 2567 Ὁρᾷς
3044 2497 3136 2550 106
3168 2498 3599 2569 Χριστιανισμοῦ
3646 2498 3740 2569 τὴν

2163 2584 2402 2655 κρηπῖδα
2430 2584 2523 2637 καὶ
2550 2583 2642 2637 τὸν
2668 2583 2897 2648 κανόνα;
2933 2586 3140 2656 Ὥσπερ
3175 2585 3282 2655 7&9
3310 2586 3554 2655 τεχνίτου
3585 2587 3740 2659 ἔργον

2161 2673 2222 2727 τὸ
2270 2673 2594 2743 οἰκοδομεῖν,
2642 2672 2785 2727 οὕτω
2842 2674 2936 2728 καὶ
2978 2674 3071 2728 106
3123 2675 3455 2746 Χριστιανοῦ
3508 2677 3572 2729 τὸ
3619 2676 3740 2738 τοὺς

2163 2760 2388 2830 πλησίον
2438 2761 2525 2815 διά
2589 2762 2804 2816 πάντων
2850 2761 3099 2829 ὠφελεῖν.
3162 2763 3381 2833 Ἐπειδὴ
3424 2762 3482 2816 δὲ
3539 2764 3740 2834 σφόδρα

2162 2848 2469 2919 κατέδραμε
2519 2849 2612 2902 106
2678 2850 3032 2920 χαρίσματος,
3077 2850 3163 2903 ἵνα
3193 2850 3267 2921 μὴ
3305 2849 3432 2923 δόξῃ
3491 2850 3740 2922 περιττὸν

2160 2932 2302 2989 εἶναι
2322 2951 2335 2965 ·
2368 2936 2461 2990 τὸν
2485 2937 2594 3008 γάρ
2620 2937 2791 3004 τῦφον
2815 2937 2994 2991 αὐτῶν
3021 2938 3370 2992 κατασπάσαι
3398 2938 3741 3010 βουλόμενος,

2164 3020 2323 3091 μόνον
2347 3022 2505 3076 τοῦτο
2529 3022 2797 3094 πεποίηκε
2815 3041 2829 3056 ’
2862 3024 3023 3079 πάλιν
3055 3025 3283 3097 ἀριθμεῖ
3305 3025 3439 3079 αὐτὸ
3464 3027 3608 3096 μετά
3634 3025 3742 3080 τῶν

2160 3110 2356 3176 ἄλλων,
2381 3111 2583 3180 λέγων·
2622 3114 2874 3183 Ψαλμὸν
2902 3112 3047 3183 ἔχει,
3083 3113 3343 3184 διδαχὴν
3367 3115 3516 3185 ἔχει,
3547 3114 3742 3186 γλῶσ-

2161 3212 2284 3252 σαν
2309 3198 2455 3269 ἔχει.
2487 3200 2598 3254 Καὶ
2630 3201 2739 3272 γὰρ
2765 3200 3013 3271 ψαλμοὺς
3042 3200 3104 3254 τὸ
3126 3202 3356 3255 παλαιδν
3388 3204 3605 3267 ἐποίουν
3632 3204 3744 3257 ἀπὸ

2161 3286 2518 3357 χαρίσματος,
2563 3288 2659 3341 καὶ
2714 3287 2991 3342 ἐδίδασκον
3035 3288 3141 3342 ἀπὸ
3195 3289 3563 3361 χαρίσματος·
3624 3291 3742 3345 ἀλλ’

2160 3374 2311 3443 ὅμως
2337 3374 2548 3428 ἀπάντα
2578 3374 2753 3429 ταῦτα
2779 3375 2918 3446 πρὸς
2942 3374 2999 3429 ἐν
3026 3376 3287 3444 βλεπέτω,
3331 3378 3485 3448 φησὶ,
3523 3378 3624 3451 τὴν
3653 3379 3742 3432 τοῦ

2163 3462 2388 3533 πλησίον
2409 3461 2694 3533 διόρθωσιν
2713 3477 2727 3490 ’
2763 3462 2928 3535 μηδὲν
2951 3463 3137 3526 άπλῶς
3168 3463 3427 3533 γινέσθω.
3452 3466 3516 3519 El
3539 3468 3649 3538 γάρ
3671 3468 3742 3538 μὴ

2159 3550 2439 3623 παραγίνῃ
2473 3551 2563 3604 τὸν
2595 3549 2822 3619 ἀδελφὺν
2867 3551 3259 3622 οἰκοδομήσων,
3313 3552 3367 3605 τί
3424 3553 3519 3608 καὶ
3562 3572 3742 3626 παρα-

2159 3636 2323 3710 γίνῃ;
2368 3636 2444 3692 06
2478 3637 2542 3708 δὴ
2575 3637 2741 3700 πολύς
2791 3654 2880 3706 μοι
2928 3637 3085 3706 λόγος
3115 3639 3213 3708 τῆς
3243 3638 3352 3690 τῶν
3386 3640 3743 3710 χαρισμάτων

2158 3725 2450 3797 διαφορᾶςο
2487 3725 2605 3790 ἐνὸς
2643 3726 2766 3796 ἐμοὶ
2800 3726 2950 3796 μέλει
2992 3725 3176 3795 μόνον,
3226 3724 3320 3778 καὶ
3347 3726 3407 3779 τὸ
3442 3727 3745 3793 σπουδαζό-

2163 3814 2322 3884 μενόν
2356 3831 2445 3884 μοι
2468 3812 2545 3881 ἓν,
2571 3813 2631 3866 τὸ
2654 3812 2788 3884 πρὸς
2811 3812 3098 3884 οἰκοδομὴν
3120 3813 3335 3868 ἅπαντα
3362 3816 3550 3867 ποιεῖν.
3580 3814 3742 3869 Οὕτω

2160 3903 2253 3957 καὶ
2279 3903 2307 3955 ὁ
2336 3903 2396 3956 τὸ
2435 3902 2630 3973 μικρὸν
2679 3902 2816 3973 ἔχων
2848 3902 3115 3974 χάρισμα,
3150 3904 3241 3956 τὸν
3270 3903 3332 3956 τὸ
3361 3902 3497 3973 μέγα
3542 3901 3739 3973 ἔχοντα

2159 3990 2620 4061 παραδραμεῖται,
2658 3990 2754 4043 ἐὰν
2779 3990 2936 4043 τοῦτο
2963 3994 3161 4062 προσῇ.
3197 3991 3296 4043 Διά
3324 3990 3430 4060 γὰρ
3460 3989 3617 4042 τοῦτο
3645 3992 3741 4045 καί⁵

2159 4081 2227 4134 τά
2261 4081 2598 4150 χαρίσματα,
2642 4080 2729 4133 ῐνα
2757 4080 3104 4150 οἰκώομῆται
3134 4082 3364 4144 ἕκαστος
3383 4097 3397 4113 ·
3428 4084 3504 4146 ὡς
3537 4082 3634 4135 ἐὰν
3665 4081 3739 4152 μὴ

2156 4166 2317 4220 τοῦτο
2360 4167 2598 4238 γίνηται,
2643 4166 2741 4221 καὶ
2792 4169 2872 4232 εἰς
2903 4170 3077 4239 κρῖμα
3107 4168 3257 4221 ἔσται
3287 4169 3347 4221 τὸ
3389 4168 3637 4241 χάρισμα
3666 4167 3742 4238 τῷ

2158 4254 2397 4309 λαϐόντι.
2429 4256 2495 4308 Τί
2527 4256 2656 4326 γάρ,
2689 4254 2812 4309 είπέ
2843 4272 2953 4326 μοι,
2984 4254 3176 4324 δφελος
3214 4255 3305 4309 106
3341 4256 3737 4325 προφητεύειν;

2158 4345 2210 4397 τί
2262 4344 2317 4397 δὲ
2366 4343 2560 4413 δφε).ος
2605 4342 2698 4396 τοῦ
2747 4343 2974 4414 νεκροὺς
3016 4343 3270 4413 ἐγείρειν,
3313 4342 3443 4395 ὅταν
3488 4345 3678 4414 μηδεὶς
3714 4344 3741 4395 ό

2156 4434 2456 4504 κερδαίνων
2550 4449 2564 4497 ;
2597 4434 2659 4485 El
2690 4432 2746 4486 δὲ
2771 4430 2930 4485 τοῦτο
2955 4430 3065 4484 τῶν
3094 4432 3451 4503 χαρισμάτων
3477 4432 3541 4484 τὸ
3568 4432 3736 4495 τέλος,

2154 4522 2332 4587 ἔξεστι
2378 4521 2436 4574 δὲ
2468 4520 2599 4575 αὐτὸ
2631 4519 2726 4573 καὶ
2758 4518 2929 4590 ἑτέρῳ
2961 4518 3392 4582 κατασκευάζειν
3425 4520 3618 4590 τρόπῳ
3646 4537 3739 4589 χαο

2158 4610 2440 4681 ρισμάτων
2469 4609 2658 4679 χωρὶς,
2694 4607 2768 4679 μὴ
2795 4607 2936 4678 μέγα
2980 4606 3075 4660 ἐπὶ
3111 4608 3222 4669 τοῖς
3251 4607 3502 4677 σημείοις
3531 4610 3735 4678 φρόνει,

2159 4696 2293 4768 μηδέ
2322 4694 2576 4759 ταλάνιζε
2612 4694 2828 4755 σαυτὸν,
2860 4696 2889 4747 ὁ
2917 4694 3023 4747 τῶν
3051 4693 3405 4765 χαρισμάτων
3435 4695 3737 4766 ἐστερημέ-

2155 4802 2264 4847 νος.
2308 4784 2445 4837 Εἴτε
2491 4782 2560 4837 δὲ
2601 4784 2851 4854 γλώσσῃ
2884 4800 2976 4849 τις
3012 4783 3207 4848 λαλεῖ,
3249 4784 3401 4839 κατὰ
3440 4783 3574 4849 δύο,
3606 4783 3644 4852 ἢ
3674 4782 3735 4836 τὸ

2155 4870 2451 4925 πλεῖστον
2497 4871 2675 4938 τρεῖς,
2708 4872 2805 4926 καὶ
2852 4871 2969 4925 ἀνὰ
2999 4870 3202 4941 μέρος,
3238 4871 3335 4924 καί
3380 4865 3469 4937 εἷς
3501 4871 3735 4940 διερμη-

2154 4959 2396 5014 νευέτω.
2448 4958 2591 5013 Ἐὰν
2624 4960 2691 5011 δὲ
2719 4960 2804 5028 μὴ
2834 4954 2875 5030 ᾖ
2916 4958 3367 5027 διερμηνευτὴς,
3401 4959 3627 5027 σιγάτω
3667 4957 3735 5010 ἐν

2153 5049 2472 5117 ἐκκλησίᾳ,
2510 5045 2702 5113 ἐαυτῷ
2743 5048 2810 5100 δὲ
2844 5046 3101 5103 λαλείτω
3129 5046 3227 5100 καί
3254 5044 3335 5111 τῷ
3366 5046 3510 5110 Θεῷ.
3543 5045 3609 5098 Τί
3645 5043 3732 5096 λέ-

2153 5155 2307 5206 γεις;
2342 5137 2462 5191 εἰπέ
2506 5152 2616 5207 μοι’
2661 5135 2901 5190 τοσαῦτα
2950 5134 3120 5188 εἰπὼν
3166 5135 3294 5205 περί
3326 5134 3611 5202 γλωσσῶν,
3655 5133 3734 5187 ὅτι

2153 5225 2430 5297 ἀνόνητον,
2461 5225 2543 5279 ὅτι
2566 5223 2836 5292 περιττὸν,
2860 5221 2954 5275 ἐάν
2977 5221 3054 5293 μὴ
3074 5221 3317 5293 ἑρμηνέα
3344 5219 3466 5293 ἔχῃ,
3495 5221 3734 5283 κελεύεις

2155 5313 2319 5367 πάλιν
2344 5310 2615 5381 γλώσσαις
2649 5309 2860 5375 λαλεῖν;
2900 5309 2976 5361 Οὐ
3008 5308 3236 5373 κελεύω,
3261 5307 3448 5377 φησὶν,
3472 5308 3587 5362 ἀλλ’
3612 5307 3732 5361 οὐδὲ

2154 5400 2377 5455 κωλύωο
2408 5401 2484 5465 ὡς
2515 5401 2641 5454 ὅταν
2677 5400 2835 5473 λέγῃ,
2867 5401 2938 5455 El
2968 5417 3060 5464 τις
3090 5398 3244 5467 ὑμᾶς
3272 5398 3582 5453 καλεῖτιῖηρ
3602 5396 3731 5452 ἀπί-

2153 5506 2338 5556 στων,
2385 5491 2481 5545 καί
2523 5492 2726 5546 θέλετε
2767 5493 3147 5560 πορεύεσθαι,
3189 5490 3312 5560 οὐχὶ
3343 5490 3649 5561 νομοθετῶν
3671 5490 3731 5542 τδ

2160 5580 2484 5653 πορεύεσθαι
2502 5582 2668 5651 λέγει,
2687 5577 2807 5637 ἀλλ’
2825 5581 2924 5635 οὐκ
2946 5581 3175 5651 ἐπέχων·
3196 5576 3341 5634 οὕτω
3359 5579 3453 5637 καὶ
3474 5577 3726 5644 ἐνταῦθα,
