4018 6156
295 305 402 361 ἦθθ

294 421 673 479 necessitatem
700 415 885 472 afferat
924 407 1229 482 requirendi
1269 409 1386 475 ejus
1431 407 1520 476 qni
1554 407 1876 473 interprete-

297 525 404 570 tur.
430 511 568 568 Nam
592 509 840 582 quoniam
879 520 983 561 non
1013 519 1078 558 eo
1107 492 1451 571 spectabant,
1485 495 1578 552 sed
1602 495 1668 549 ad
1693 502 1878 549 osten-

297 611 558 665 tationem
582 604 867 676 gloriteque
895 609 948 654 ct
973 597 1193 653 honoris
1219 593 1566 663 cupiditatem
1599 587 1748 642 multi
1776 585 1879 642 hoc

296 703 444 758 dono
487 696 790 756 utebantur,
825 693 894 748 ab
934 705 1001 746 eo
1043 687 1274 744 maxime
1311 683 1562 743 abducit,
1591 676 1880 736 ostendens

295 810 394 852 cos
422 795 476 848 in
505 789 668 862 gloria
698 797 754 843 et
782 783 1174 841 existimatione
1215 791 1465 848 magnum
1492 773 1748 828 damnum
1785 784 1878 862 ac-

212 917 220 957 ;
297 847 535 957 cipere:
558 889 616 937 ut
654 879 742 949 qui
789 878 839 931 in
873 873 1094 934 insania:
1142 847 1504 940 suspicionem
1532 864 1769 918 veniant.
1812 847 1881 914 Et

298 980 400 1033 hoc
443 983 524 1031 est
570 971 834 1033 maxime,
882 965 1024 1038 quod
1069 963 1284 1019 assidue
1329 959 1608 1015 adstruere
1655 963 1880 1011 conatur

294 1069 521 1131 Paulus;
552 1062 768 1134 quando
795 1060 906 1114 vult
931 1057 1000 1112 ab
1028 1056 1204 1126 aliqua
1239 1069 1297 1108 re
1319 1050 1613 1112 abducere,
1646 1044 1880 1101 ostendit

289 1177 410 1217 eum
440 1155 564 1214 laedi
585 1157 638 1211 in
665 1155 732 1210 iis
761 1153 892 1223 ipsis
918 1165 1038 1222 qua:
1061 1146 1346 1203 desiderat.
1377 1143 1445 1198 Et
1473 1150 1526 1196 tu
1553 1151 1768 1211 quoque
1796 1136 1880 1191 fac

289 1249 536 1306 similiter
563 1265 576 1301 :
605 1247 652 1301 si
681 1260 714 1300 a
742 1244 1016 1313 voluptate
1045 1239 1308 1304 abducas,
1339 1231 1562 1290 ostende
1601 1245 1716 1285 rem
1759 1242 1880 1284 esse

289 1342 578 1405 acerbam;
608 1338 654 1394 si
682 1336 752 1391 ab
786 1335 930 1390 inani
957 1331 1125 1404 gloria
1167 1319 1442 1386 abstrabas
1463 1367 1478 1391 ,
1508 1320 1734 1380 ostende
1763 1334 1877 1375 rem

289 1450 413 1491 esse
443 1433 658 1504 plenam
682 1427 945 1484 dedecore
974 1433 1027 1480 et
1055 1422 1291 1478 infamia.
1331 1419 1421 1475 Sic
1460 1418 1622 1472 etiam
1647 1412 1878 1470 faciebat

292 1526 511 1581 Paulus.
542 1521 740 1576 Divites
767 1519 909 1576 enim
933 1517 1168 1571 avellens
1187 1514 1255 1568 ab
1279 1527 1461 1566 amore
1483 1507 1746 1580 pecuniis,
1771 1521 1878 1560 non

291 1619 428 1673 dixit
451 1615 624 1672 solum
648 1613 834 1669 noxias
853 1625 972 1667 esse
997 1609 1232 1674 divitias,
1263 1604 1358 1661 sed
1383 1603 1546 1659 etiam
1576 1601 1798 1671 injicere
1824 1599 1878 1653 in

296 1708 622 1764 tentationes
648 1723 663 1759 :
697 1719 820 1759 nam
843 1703 938 1765 ait,
971 1701 1069 1767 Qui
1097 1699 1268 1753 volunt
1295 1697 1473 1751 divites
1498 1709 1623 1760 esse,
1653 1691 1880 1746 incidunt

294 1804 349 1856 in
377 1800 702 1855 tentationem
735 1797 813 1867 (ι.
847 1795 978 1850 Tim.
1009 1794 1062 1848 6.
1095 1792 1174 1863 9).
1219 1790 1354 1858 Quia
1395 1788 1539 1844 enim
1567 1785 1880 1841 videbantur

297 1895 528 1949 liberare
554 1906 583 1945 a
629 1887 1035 1952 tentatiouibus,
1067 1885 1146 1940 eis
1175 1883 1358 1939 tribuit
1393 1878 1720 1936 contrarium
1763 1875 1878 1944 ejus

295 1985 436 2056 quod
463 1981 841 2040 existimabant
868 1979 1084 2034 divites.
1111 1975 1216 2030 Alii
1256 1984 1493 2029 externa:
1529 1983 1746 2038 operam
1778 1967 1875 2021 da-

290 2079 419 2132 bant
447 2074 760 2144 sapientitn,
809 2080 1074 2142 tamquam
1108 2066 1207 2122 hac
1240 2066 1446 2120 ratione
1483 2063 1674 2133 dogma
1713 2059 1876 2114 stabi-

286 2170 523 2224 lientes:
569 2163 806 2221 ostendit
849 2177 967 2218 eam
1011 2175 1114 2216 non
1162 2157 1335 2214 solum
1381 2155 1527 2211 cruci
1572 2168 1678 2208 non
1717 2166 1872 2222 opem

283 2260 429 2315 ferre
450 2301 464 2324 ,
496 2257 591 2312 sed
623 2256 784 2313 etiam
815 2269 932 2310 eam
962 2251 1258 2308 exinanire.
1287 2247 1561 2319 Urgebant
1585 2255 1641 2299 ut
1662 2243 1873 2314 judica-

280 2359 476 2406 rentur
499 2349 639 2419 apud
679 2347 845 2414 alios,
874 2345 1241 2402 existimantes
1272 2342 1546 2411 indignum
1580 2353 1698 2393 esse
1725 2335 1872 2405 judi-

277 2445 394 2500 cari
424 2442 564 2514 apud
610 2456 773 2509 suos,
816 2455 880 2496 ac
925 2439 970 2495 si
1012 2437 1220 2494 externi
1248 2444 1432 2491 essent
1473 2433 1869 2501 sapientiores:

277 2535 518 2591 ostendit
544 2549 667 2590 esse
695 2545 852 2603 turpe
896 2531 1025 2586 foris
1059 2528 1309 2600 iudicari.
1341 2525 1685 2582 Accedebant
1720 2523 1786 2578 ad
1811 2539 1870 2578 ea

275 2646 403 2701 quae
427 2638 580 2685 erant
596 2628 755 2683 idolis
777 2625 1067 2690 immolata,
1094 2633 1364 2693 tamquam
1385 2617 1672 2690 perfectam
1695 2627 1874 2672 osten-

280 2733 458 2778 tantes
484 2721 762 2776 scientiam
789 2737 804 2774 :
833 2716 1070 2773 ostendit
1090 2716 1194 2770 hoc
1215 2729 1334 2770 esse
1355 2711 1681 2783 imperfecta:
1701 2710 1873 2766 scien-

279 2815 366 2868 tia:
390 2855 408 2879 ,
441 2812 651 2867 nescire
677 2809 1054 2866 administrare
1084 2821 1146 2862 ea
1176 2821 1296 2876 quae
1330 2811 1455 2860 sunt
1481 2803 1868 2872 proximorum.

277 2906 354 2961 Ita
385 2906 476 2960 hic
499 2919 734 2974 quoque,
765 2902 1018 2973 quoniam
1039 2901 1338 2970 linguarum
1365 2896 1564 2952 donum
1592 2901 1872 2965 stupentes

275 2998 706 3060 admirabantur,
731 2995 955 3065 gloriam
982 3000 1243 3056 amantes,
1267 2987 1504 3045 ostendit
1529 2986 1632 3042 hoc
1655 2985 1868 3056 quidem

274 3106 370 3146 eos
408 3090 641 3144 maxime
679 3073 945 3142 dedecore
974 3083 1227 3147 afficere,
1267 3096 1373 3136 non
1422 3079 1594 3136 solum
1641 3089 1736 3133 eos
1765 3075 1872 3146 pri-

276 3197 416 3236 vans
443 3181 610 3250 gloria
637 3218 652 3242 ,
683 3177 779 3233 sed
812 3178 973 3232 etiam
1017 3175 1136 3230 illos
1164 3175 1218 3230 in
1250 3172 1469 3228 insania:
1513 3170 1870 3240 suspicionem

275 3271 599 3341 conjieicns.
635 3270 704 3323 At
744 3283 849 3322 non
893 3267 1072 3322 statim
1119 3267 1219 3321 hoc
1247 3264 1412 3329 dixit;
1455 3263 1548 3318 sed
1577 3276 1697 3317 cum
1728 3259 1872 3330 prius

279 3364 567 3417 innumera
593 3361 846 3423 dixisset,
876 3359 1090 3429 quando
1117 3356 1290 3412 effecit
1334 3364 1391 3408 ut
1417 3353 1574 3408 facile
1599 3354 1871 3422 excipere—

283 3467 371 3510 tur
406 3465 666 3526 grataque
699 3461 844 3509 esset
873 3452 1065 3515 oratio,
1097 3460 1220 3504 tunc
1246 3447 1518 3517 subjungit
1544 3445 1597 3500 id
1623 3445 1763 3515 quod
1791 3452 1873 3500 est

278 3545 605 3602 admirabile
628 3555 682 3600 et
705 3555 900 3614 praeter
925 3543 1253 3613 opinionem.
1283 3539 1379 3594 Est
1407 3547 1584 3592 autem
1615 3536 1730 3590 haec
1761 3551 1874 3589 me-

277 3640 477 3694 ditatio
509 3639 606 3707 ipsi
637 3637 923 3692 familiaris.
959 3636 1092 3690 Eum
1120 3634 1264 3689 enim
1289 3631 1380 3700 qui
1423 3630 1628 3684 firmam
1654 3637 1872 3683 senten-

279 3732 410 3786 tiam
460 3739 548 3784 est
577 3728 933 3784 labefacturus
967 3736 1022 3782 et
1059 3727 1111 3780 in
1154 3722 1485 3780 contrarium
1515 3734 1874 3776 conversurus

277 3825 514 3879 ﬁrmiter
563 3822 934 3892 stabiliterque
989 3825 1307 3889 conceptam
1362 3814 1705 3885 opinionem,
1766 3826 1872 3866 non

275 3923 490 3986 oportet
522 3915 704 3969 statim
730 3913 910 3968 dicere
935 3911 1263 3966 contrarium
1298 3925 1312 3961 :
1341 3914 1484 3961 esset
1505 3907 1646 3960 enim
1680 3902 1876 3957 ridicu-

277 4006 361 4062 lus
381 4007 529 4078 apud
555 4021 671 4072 eos,
714 4020 850 4075 quos
874 4001 1142 4058 contraria
1171 3998 1561 4072 praeoccupavit
1587 3993 1869 4050 sententia.

275 4099 409 4155 Nam
438 4100 588 4172 quod
613 4108 698 4156 est
721 4099 880 4154 valde
905 4096 1219 4152 admirabile
1242 4104 1297 4150 et
1323 4101 1518 4165 prmter
1539 4091 1869 4162 Opinionem,

277 4207 384 4246 non
413 4192 577 4248 facile
603 4191 812 4246 admitti
837 4189 1035 4261 poterit
1064 4189 1132 4243 ab
1159 4187 1338 4250 initio;
1368 4185 1462 4239 sed
1487 4191 1718 4253 oportet,
1749 4197 1871 4238 cum

280 4300 375 4354 per
404 4286 512 4340 alia
558 4286 705 4354 prius
730 4292 877 4339 recte
906 4281 1192 4338 sufl‘oderis
1221 4289 1274 4335 et
1300 4279 1580 4349 irrepseris
1599 4319 1614 4346 ,
1641 4277 1718 4332 sic
1744 4291 1873 4331 con-

278 4386 494 4433 vertere
524 4378 576 4431 in
605 4377 953 4432 contrarium.

351 4471 407 4525 3.
441 4469 536 4524 Sic
563 4479 712 4523 certe
737 4466 860 4522 fecit
893 4465 1054 4521 etiam
1091 4465 1367 4520 disserens
1399 4461 1468 4517 de
1507 4459 1872 4515 matrimonio.

279 4560 414 4615 Nam
445 4560 703 4632 quoniam
737 4558 888 4613 multi
918 4557 1156 4612 animum
1182 4554 1506 4610 adhibebant
1535 4552 1876 4607 matrimonio

281 4663 561 4724 tamquam
598 4652 680 4707 rei
744 4652 796 4706 in
823 4665 926 4722 qua
962 4657 1107 4705 esset
1139 4649 1291 4719 quies
1329 4655 1384 4702 et
1424 4645 1720 4709 recreatio;
1763 4643 1876 4714 ipse

278 4754 461 4800 autem
483 4744 705 4799 volebat
728 4741 1036 4808 ostendere,
1068 4755 1175 4797 non
1207 4740 1356 4810 jungi
1387 4740 1728 4795 matrimonio
1757 4751 1876 4793 esse

279 4837 523 4906 quietem
556 4849 619 4888 ac
662 4834 1076 4900 recreationem,
1118 4833 1162 4887 si
1197 4831 1376 4886 statim
1404 4831 1618 4902 quidem
1650 4830 1752 4884 hoc
1791 4829 1874 4884 di-

281 4930 472 4996 xisset,
505 4942 618 4983 non
664 4927 880 4983 fecisset
902 4934 963 4981 ut
1002 4927 1106 4981 hoc
1133 4933 1238 4980 tam
1283 4925 1440 4981 facile
1463 4924 1874 4980 admitteretur:

282 5035 424 5077 nunc
446 5029 636 5076 autem
661 5034 782 5075 cum
808 5027 929 5091 post
955 5018 1120 5073 multa
1139 5019 1240 5072 hoc
1260 5017 1548 5087 posuisset,
1576 5023 1878 5087 opportune

285 5113 574 5178 inducens,
608 5110 764 5166 facile
796 5109 1051 5180 perculsit
1087 5108 1379 5163 auditores.
1421 5106 1533 5161 Hoc
1558 5107 1718 5161 etiam
1755 5105 1880 5160 fecit

285 5207 338 5262 in
367 5206 700 5278 virginitate.
726 5203 860 5260 Nam
891 5219 1013 5258 cum
1037 5211 1192 5258 antea
1219 5201 1385 5256 multa
1413 5200 1660 5266 dixisset,
1689 5208 1743 5254 et
1763 5214 1881 5253 rur-

288 5315 378 5356 sus
404 5310 621 5371 postea,
646 5309 772 5354 tunc
795 5298 926 5354 dicit
957 5317 970 5353 :
1007 5295 1160 5351 Vobis
1182 5313 1335 5363 parco
1364 5311 1381 5346 :
1403 5303 1474 5359 et,
1515 5292 1641 5348 Volo
1663 5309 1748 5348 vos
1775 5308 1882 5348 esse

290 5394 394 5449 sine
425 5392 776 5449 sollicitudine
805 5393 881 5463 (1.
921 5389 1041 5445 Cor.
1073 5391 1125 5444 7.
1156 5389 1246 5444 28.
1282 5388 1397 5458 52).
1432 5389 1546 5444 Hoc
1571 5387 1697 5443 facit
1720 5387 1878 5442 etiam

292 5500 341 5538 tn
372 5485 594 5556 linguis,
637 5483 930 5539 ostendens
969 5497 1066 5538 eas
1092 5497 1198 5537 non
1244 5481 1415 5538 solum
1444 5482 1656 5551 privare
1687 5479 1876 5550 gloria,

293 5575 385 5632 sed
413 5592 510 5633 eos
538 5576 724 5642 etiam,
751 5575 841 5646 qui
871 5575 973 5630 hoc
999 5574 1196 5630 donum
1226 5574 1445 5638 habent,
1476 5575 1672 5643 probro
1695 5588 1759 5628 ac
1788 5572 1880 5626 de-

296 5667 490 5723 decore
516 5666 732 5724 afﬁcere
770 5668 908 5737 apud
937 5666 1199 5723 infideles.
1229 5665 1513 5734 Propbetia
1542 5674 1715 5721 autem
1748 5679 1881 5719 con-

295 5764 380 5818 tra,
403 5759 607 5830 probro
635 5774 700 5814 ac
724 5759 989 5814 dedecore
1023 5766 1180 5813 vacat
1213 5756 1352 5826 apud
1400 5755 1657 5824 infideles,
1687 5766 1736 5812 et
1768 5773 1876 5813 ma-

645 5859 913 5958 Ps'rttOL.
961 5861 1005 5920 G
1019 5880 1075 5919 ιι.
1131 5860 1219 5917 LX
1235 5861 1278 5919 l.

1288 291 1348 347 IN
1390 287 1607 346 EPIST.
1651 289 1668 342 Ι
1731 286 1824 342 ΑΙ)
1863 285 2019 340 COll.
2067 283 2297 339 lIOMlL.
2340 286 2580 342 XXXVI.

3471 281 3579 338 510

1986 400 2182 454 ximam
2213 401 2374 457 habet
2397 404 2622 474 gloriam
2649 415 2704 461 et
2727 406 3028 461 utilitatem.
3053 405 3184 461 Nam
3213 407 3266 462 in
3294 409 3574 481 prophetia

1986 507 2144 546 uerno
2169 485 2311 549 dicet
2340 509 2436 550 eos
2464 489 2720 563 insanire,
2763 513 2862 552 nec
2904 498 3147 552 irridebit
3186 515 3280 554 eos
3317 501 3408 570 qui
3448 517 3576 570 pro-

1987 581 2226 652 phetant,
2255 575 2348 640 sed
2375 597 2558 642 contra
2590 597 2684 644 eas
2723 589 2961 659 stupebit
2995 599 3050 645 et
3074 585 3444 646 admirabitur.
3477 594 3576 646 Ar-

1985 689 2206 748 guuntur
2234 680 2377 735 enim
2418 698 2481 735 ac
2517 673 2885 737 convincuntur
2927 674 2990 738 ab
3028 676 3300 749 omnibus:
3335 673 3438 742 hoc
3467 697 3572 752 est,

1984 784 2047 825 ea
2093 786 2214 840 qua:
2267 770 2428 828 habet
2476 773 2530 829 in
2572 775 2737 830 corde
2783 763 2836 830 in
2882 777 3114 832 medium
3160 764 3496 834 adducuntur
3519 790 3575 835 et

1983 862 2340 917 ostenduntur
2364 866 2638 922 omnibus.
2661 867 2778 923 Non
2806 869 2932 925 sunt
2959 870 3137 925 autem
3165 873 3335 943 paria,
3370 873 3575 942 ingres-

1983 970 2102 1010 sum
2129 957 2434 1026 quempiam
2459 959 2664 1027 videre,
2691 961 2838 1016 illum
2867 963 3080 1033 quidem
3111 964 3323 1019 Persice
3347 953 3568 1035 loquen-

1986 1055 2114 1111 tem,
2149 1048 2290 1103 hunc
2313 1058 2490 1104 autem
2511 1050 2752 1122 Syriace;
2772 1063 2826 1108 et
2850 1055 3150 1125 ingressum
3172 1045 3359 1112 audire
3374 1072 3572 1113 arcana

1983 1139 2100 1209 ejus
2130 1141 2344 1202 mentis.
2376 1142 2491 1197 sive
2520 1151 2728 1198 tentans
2747 1156 2800 1200 et
2824 1147 2964 1200 malo
2989 1148 3190 1211 animo,
3222 1149 3335 1204 sive
3362 1150 3574 1204 sincere

1983 1239 2038 1287 et
2061 1231 2202 1287 bono
2222 1233 2400 1287 animo
2423 1234 2493 1288 sit
2519 1235 2788 1305 ingressus
2815 1253 2830 1301 ;
2861 1245 2915 1292 et
2939 1237 3080 1308 quod
3118 1225 3222 1292 hoc
3261 1229 3476 1310 quidem
3504 1243 3574 1296 ab

1984 1323 2076 1378 illo
2101 1334 2308 1395 gestum
2337 1326 2428 1393 sit,
2462 1327 2530 1382 de
2578 1329 2668 1382 illo
2709 1331 2888 1385 autem
2935 1331 3005 1384 sit
3033 1332 3431 1387 consultatum:
3472 1336 3572 1388 hoc

1983 1417 2124 1472 enim
2155 1425 2240 1494 est
2262 1417 2353 1474 illo
2379 1420 2547 1474 multo
2571 1410 2863 1477 terribilius
2888 1431 2942 1478 et
2970 1423 3172 1477 utilius.
3207 1424 3494 1495 Propterea
3519 1422 3572 1480 in

1983 1509 2176 1580 linguis
2205 1510 2423 1580 quidem
2469 1511 2600 1567 dicit
2631 1527 2724 1568 vos
2751 1514 3018 1570 insanire:
3043 1515 3138 1570 sed
3163 1515 3264 1571 hoc
3288 1533 3353 1571 ex
3384 1534 3444 1573 se
3466 1533 3572 1572 non

1982 1599 2132 1667 dicit,
2162 1616 2344 1658 verum
2368 1619 2431 1659 ex
2463 1603 2674 1660 illorum
2696 1605 2898 1676 judicio
2927 1624 2939 1660 :
2972 1592 3158 1664 Diceris
3177 1610 3340 1677 enim,
3374 1612 3568 1681 inquit,

1980 1694 2118 1765 quod
2143 1696 2395 1750 insanitis.
2442 1696 2540 1752 Hic
2572 1707 2750 1754 autem
2782 1701 2948 1754 utitur
2973 1709 3028 1756 et
3056 1716 3237 1758 rerum
3281 1705 3566 1769 sententia,

1981 1797 2250 1843 eteorum
2290 1789 2380 1859 qui
2403 1788 2676 1859 juvantur.
2705 1789 3030 1847 Conuincitur
3077 1792 3245 1857 enim,
3289 1794 3481 1865 inquit,
3508 1797 3570 1850 ab

1981 1879 2233 1946 omnibus,
2266 1879 2581 1950 dijudicatur
2610 1884 2672 1937 ab
2699 1885 2930 1940 omnibus
2959 1902 2976 1938 :
3007 1897 3053 1940 et
3081 1887 3154 1940 sic
3181 1887 3380 1941 occulta
3403 1889 3572 1942 cordis

1979 1975 2090 2042 ejus
2119 1973 2386 2044 manifesta
2409 1974 2560 2042 ﬁunt,
2587 1986 2634 2029 et
2655 1977 2728 2030 ita
2742 1977 2926 2032 cadens
2951 1977 3038 2031 ille
3058 1978 3108 2032 in
3137 1980 3316 2049 facient
3335 1981 3570 2034 adorabit

1979 2063 2166 2128 Deum,
2197 2067 2532 2133 pronuntians
2561 2069 2696 2137 quod
2725 2084 2834 2122 vere
2859 2068 2999 2124 Deus
3026 2070 3078 2124 in
3107 2070 3243 2126 vobis
3268 2073 3353 2126 sit.
3386 2072 3570 2127 \‘iden‘

1979 2155 2122 2226 quod
2153 2156 2256 2212 hoc
2285 2157 2500 2228 quidem
2533 2159 2603 2213 sit
2634 2159 3025 2216 indubitatum?
3050 2162 3182 2217 Nam
3209 2165 3314 2219 illic
3348 2165 3566 2235 quidem

1977 2250 2046 2306 de
2071 2265 2136 2306 eo
2165 2251 2306 2320 quod
2346 2250 2408 2304 fit
2434 2252 2743 2324 ambigitur,
2786 2264 2840 2310 et
2869 2255 3133 2326 quiSpiam
3171 2271 3238 2312 ex
3268 2256 3570 2314 infidelibus

1979 2340 2031 2396 id
2062 2341 2406 2413 adscripserit
2444 2345 2704 2400 insaniae:
2735 2346 2825 2402 hic
2852 2357 3034 2404 autem
3064 2349 3198 2403 nihil
3242 2350 3346 2406 erit
3384 2350 3569 2421 hujus-

1977 2433 2146 2501 modi,
2169 2434 2265 2491 sed
2291 2444 2346 2489 et
2382 2434 2736 2492 admirabitur
2761 2447 2816 2494 et
2841 2438 3107 2504 adorabit,
3139 2439 3298 2496 factis
3339 2442 3566 2512 primum

1975 2523 2260 2591 confitens,
2283 2524 2480 2582 deinde
2502 2528 2663 2582 etiam
2686 2529 2883 2586 verbis.
2903 2529 2992 2586 Sic
3014 2533 3176 2586 etiam
3211 2531 3568 2589 Nabuchodo-

1977 2633 2140 2675 nosor
2166 2619 2331 2676 Deum
2357 2619 2602 2677 adoravit
2623 2620 2846 2678 dicens:
2885 2622 2952 2678 In
2978 2625 3183 2680 veritate
3224 2624 3362 2680 Deus
3402 2638 3562 2682 uester

1976 2712 2085 2781 ipse
2112 2721 2184 2768 est
2204 2709 2344 2766 Deus
2371 2713 2599 2768 reuelans
2630 2716 2892 2786 mysteria,
2914 2718 3154 2785 quoniam
3186 2718 3396 2787 potuisti
3422 2735 3564 2774 reve-

1977 2805 2084 2859 lare
2113 2803 2404 2874 mysterium
2431 2805 2570 2860 istud
2590 2804 2753 2878 (Dan.
2781 2808 2836 2861 2.
2879 2808 2992 2877 47).
3022 2807 3268 2864 Vidistiu’
3297 2811 3402 2864 vim
3439 2826 3565 2881 pro-

1979 2895 2194 2965 phetize,
2227 2896 2495 2966 quomodo
2540 2896 2775 2954 ferocem
2822 2898 2971 2954 illum
3013 2903 3299 2956 mutaverit
3326 2913 3381 2957 et
3413 2905 3564 2958 insti-

1977 2989 2141 3045 tuerit
2158 2999 2212 3044 et
2230 2989 2296 3045 ad
2323 2989 2482 3046 fidem
2509 2991 2826 3048 deduxerit?
2841 2992 2932 3049 26.
2954 2993 3092 3062 Quid
3111 3011 3229 3066 ergo
3239 3005 3334 3062 est,
3343 2996 3524 3065 fratres
3541 3001 3570 3050 ἓν

1977 3081 2106 3136 Cum
2132 3084 2426 3150 convenitis,
2475 3087 2816 3157 unusquisque
2857 3097 3076 3142 vestrum
3116 3088 3367 3158 psalmum
3399 3091 3563 3153 habet,

1977 3173 2259 3228 doctrinam
2289 3175 2456 3241 habet,
2507 3178 2734 3249 linguam
2783 3177 2948 3244 habet,
3000 3179 3350 3234 reuelationem
3395 3180 3561 3244 habet,

1977 3269 2440 3338 interpretationem
2470 3270 2617 3325 habet
2654 3287 2672 3323 :
2707 3273 2876 3325 omnia
2912 3274 2979 3325 ad
3001 3274 3388 3342 aediﬁcationem
3414 3275 3562 3342 ﬁunt.

1979 3359 2223 3413 Vidistin‘
2275 3360 2669 3416 Christianismi
2720 3362 3129 3418 fundamentum
3181 3373 3236 3418 et
3282 3365 3567 3433 regulam?

1976 3451 2124 3506 Sicut
2146 3451 2288 3506 enim
2317 3462 2400 3508 est
2422 3453 2644 3508 artificis
2680 3452 2916 3509 officium
2949 3453 3234 3518 aedificare,
3288 3455 3359 3508 ita
3399 3456 3564 3509 etiam

1977 3541 2268 3597 Christiani
2320 3543 2579 3612 proximis
2627 3559 2723 3614 per
2762 3546 2944 3599 omnia
2992 3545 3272 3614 prodesse.
3301 3545 3566 3611 Quoniam

1979 3645 2155 3691 autem
2187 3636 2242 3690 in
2267 3635 2467 3690 donum
2495 3635 2652 3692 valde
2676 3647 2758 3692 est
2786 3638 3047 3700 invectus,
3075 3652 3144 3693 ne
3173 3637 3418 3693 videatur
3443 3653 3566 3693 esse

1979 3741 2473 3798 supervacaneum;
2502 3743 2690 3784 eorum
2731 3729 2874 3784 enim
2916 3728 3111 3784 fastum
3151 3730 3337 3785 volens
3385 3729 3567 3799 depri-

1979 3834 2154 3885 mere,
2197 3820 2300 3876 hoc
2322 3821 2494 3875 solum
2521 3819 2677 3876 fecit:
2702 3836 2890 3878 rursus
2911 3823 3084 3892 ipsum
3109 3838 3230 3878 cum
3253 3822 3372 3878 aliis
3397 3837 3568 3878 annu-

1979 3920 2168 3975 merat,
2202 3910 2424 3966 dicens:
2453 3910 2720 3966 Psalmum
2752 3913 2922 3980 habet,
2949 3914 3234 3970 doctrinam
3261 3913 3426 3981 habet,
3468 3913 3570 3968 lin-

1979 4019 2133 4073 guam
2166 4002 2331 4058 habet.
2366 4003 2578 4060 Etenim
2611 4006 2844 4074 psalmos
2871 4005 3002 4061 olim
3029 4005 3296 4062 faciebant
3336 4021 3402 4060 ex
3439 4005 3568 4060 cha-

1978 4096 2198 4150 rismate
2232 4111 2326 4151 seu
2353 4095 2515 4163 dono,
2545 4105 2601 4152 et
2641 4097 2908 4153 docebant
2948 4113 3014 4153 ex
3043 4098 3191 4154 dono
3216 4118 3229 4153 :
3258 4098 3354 4152 sed
3391 4106 3568 4152 tamen

1982 4187 2098 4241 haec
2125 4187 2324 4253 omnia,
2377 4187 2565 4257 inquit,
2622 4187 2689 4242 ad
2735 4201 2901 4243 unum
2931 4189 3234 4258 aspiciant,
3280 4203 3474 4258 nempe
3503 4188 3569 4241 ad

1982 4279 2213 4347 proximi
2238 4277 2629 4333 correctionem
2657 4296 2671 4331 :
2705 4279 2836 4334 nihil
2882 4279 2974 4333 flat
3013 4287 3220 4335 temere
3248 4287 3302 4334 et
3333 4279 3570 4332 inconsi-

1981 4370 2185 4426 derate.
2215 4369 2271 4426 Si
2297 4370 2439 4425 enim
2465 4386 2572 4424 non
2599 4371 2810 4425 accedis
2839 4370 3056 4426 fratrem
3077 4371 3458 4438 aedificaturus,
3475 4386 3574 4427 cur

1980 4464 2228 4518 accedis?
2247 4463 2362 4518 Non
2390 4477 2579 4532 magna
2609 4477 2639 4516 a
2666 4477 2752 4517 me
2782 4462 3009 4518 habetur
3032 4463 3168 4518 ratio
3187 4462 3570 4536 charismatum

1982 4553 2297 4610 differentia:
2324 4571 2336 4607 :
2367 4569 2532 4608 unum
2567 4561 2653 4608 est
2693 4553 2827 4608 mihi
2872 4569 3037 4616 curae,
3081 4562 3135 4609 et
3177 4569 3339 4610 unum
3385 4565 3469 4610 est
3517 4557 3570 4611 in

1982 4647 2124 4717 quod
2153 4661 2331 4702 meum
2365 4661 2508 4718 pono
2531 4646 2788 4711 studium,
2822 4663 3016 4718 nempe
3046 4657 3103 4704 ut
3141 4650 3318 4704 omnia
3347 4647 3478 4704 flant
3504 4651 3572 4706 ad

1983 4739 2412 4795 aedificationem.
2445 4739 2519 4795 Ita
2559 4741 2723 4795 etiam
2756 4741 2845 4811 qui
2889 4755 3110 4809 parvum
3158 4739 3319 4796 habet
3346 4741 3570 4807 donum,

1985 4848 2108 4889 eum
2132 4833 2223 4905 qui
2252 4849 2502 4904 magnum
2543 4834 2703 4890 habet
2727 4834 3002 4904 superabit
3025 4849 3088 4889 ac
3127 4836 3570 4906 prmtervehetur,

1984 4928 2030 4982 si
2060 4928 2161 4983 hoc
2185 4927 2344 4982 adsit.
2375 4927 2664 4996 Pmpterea
2686 4928 2829 4982 enim
2859 4936 2983 4982 sunt
3005 4927 3165 4995 dona,
3201 4939 3254 4983 ttt
3287 4930 3574 5001 unusquis-

1986 5035 2089 5090 que
2117 5017 2432 5074 azdiﬁcetur.
2461 5017 2519 5072 Si
2547 5017 2649 5073 hoc
2678 5019 2820 5075 enim
2859 5035 2965 5075 non
3009 5019 3206 5075 factum
3247 5019 3425 5088 fuerit,
3471 5021 3576 5076 erit

1985 5112 2183 5165 donum
2204 5111 2252 5165 ei
2271 5111 2357 5180 qui
2377 5110 2596 5180 accepit,
2617 5111 2683 5166 ad
2701 5112 3220 5168 condemnationem.
3243 5112 3378 5179 Quid
3400 5114 3568 5180 enim,

1987 5201 2073 5257 dic
2093 5201 2244 5269 mihi,
2279 5201 2498 5270 prodest
2524 5201 2891 5272 prephetare?
2919 5202 3046 5272 quid
3070 5217 3198 5258 vero
3221 5214 3464 5261 mortuos
3479 5220 3571 5262 ex-

1987 5297 2174 5360 citare,
2217 5309 2337 5349 cum
2383 5293 2562 5349 nullus
2589 5295 2660 5350 sit
2687 5295 2777 5365 qui
2805 5294 3072 5350 lucretur?
3103 5295 3160 5352 Si
3181 5296 3273 5354 hic
3299 5309 3383 5356 est
3413 5315 3576 5370 porro

1988 5387 2250 5442 donorum
2279 5386 2421 5452 finis,
2454 5386 2583 5441 licet
2606 5395 2782 5442 autem
2808 5387 2969 5442 etiam
2999 5387 3104 5444 alio
3123 5389 3284 5446 modo
3311 5391 3412 5446 hoc
3437 5407 3570 5445 con-

1989 5481 2149 5539 ficere
2173 5481 2374 5550 absque
2409 5479 2585 5547 donis,
2615 5495 2685 5535 ne
2711 5489 2930 5550 propter
2959 5480 3105 5550 signa
3138 5482 3378 5539 etferaris
3409 5493 3464 5536 et
3487 5482 3538 5535 in
3559 5510 3574 5521 -

1991 5575 2247 5641 solescas,
2289 5589 2463 5644 neque
2491 5584 2543 5629 te
2569 5573 2822 5630 miserum
2850 5589 2973 5630 esse
3012 5573 3318 5642 existimes,
3337 5572 3476 5642 quod
3498 5575 3577 5626 sis

1990 5667 2402 5723 charismatibus
2429 5667 2684 5737 privatus.
2717 5668 2805 5722 ‘27.
2841 5668 2961 5722 Sive
2986 5668 3161 5738 lingua
3187 5668 3297 5736 quis
3333 5661 3577 5730 loquitur:

1996 5759 2268 5815 secundum
2300 5758 2426 5815 duos
2453 5799 2468 5826 ,
2508 5769 2595 5814 aut
2635 5769 2688 5814 ut
2718 5759 2931 5815 multum
2971 5768 3070 5812 tres
3107 5767 3154 5810 et
3193 5773 3284 5824 per
3314 5757 3503 5823 parm,
3534 5763 3582 5814 ει

3150 5855 3227 5911 20
