  <div class='ocr_page' id='page_1' title='image "/cluster/home/n/w/nwhite01/storage/ocr_20150623/61/mdp.39015008622618/317.png"; bbox 0 0 4018 6156; ppageno 0'>
   <div class='ocr_carea' id='block_1_1' title="bbox 507 216 3013 303">
    <p class='ocr_par' dir='ltr' id='par_1_1' title="bbox 507 216 3013 303">
     <span class='ocr_line' id='line_1_1' title="bbox 507 216 3013 303; baseline -0.004 -21"><span class='ocrx_word' id='word_1_1' title='bbox 507 248 598 303; x_wconf 69' lang='grc' dir='ltr'><strong>’5η</strong></span> <span class='ocrx_word' id='word_1_2' title='bbox 1202 236 1255 288; x_wconf 80' lang='lat' dir='ltr'><strong>s.</strong></span> <span class='ocrx_word' id='word_1_3' title='bbox 1300 229 1574 288; x_wconf 67' lang='lat' dir='ltr'><strong>mauros</strong></span> <span class='ocrx_word' id='word_1_4' title='bbox 1612 222 2085 282; x_wconf 78' lang='lat' dir='ltr'><strong>CllltYSOSTOMI</strong></span> <span class='ocrx_word' id='word_1_5' title='bbox 2126 219 2438 275; x_wconf 75' lang='lat' dir='ltr'><strong>AllClllEP.</strong></span> <span class='ocrx_word' id='word_1_6' title='bbox 2479 216 3013 274; x_wconf 78' lang='lat' dir='ltr'><strong>CONS’I‘ANTINOP.</strong></span> 
     </span>
    </p>
   </div>
   <div class='ocr_carea' id='block_1_2' title="bbox 504 345 2076 428">
    <p class='ocr_par' dir='ltr' id='par_1_2' title="bbox 504 345 2076 428">
     <span class='ocr_line' id='line_1_2' title="bbox 504 345 2076 428; baseline -0.015 -12"><span class='ocrx_word' id='word_1_7' title='bbox 504 377 635 416; x_wconf 85' lang='lat' dir='ltr'><strong>unus</strong></span> <span class='ocrx_word' id='word_1_8' title='bbox 663 362 1032 428; x_wconf 64' lang='lat' dir='ltr'><strong>interpretetur.</strong></span> <span class='ocrx_word' id='word_1_9' title='bbox 1076 357 1166 410; x_wconf 69' lang='lat'><strong>28.</strong></span> <span class='ocrx_word' id='word_1_10' title='bbox 1198 355 1258 408; x_wconf 87' lang='lat' dir='ltr'><strong>Si</strong></span> <span class='ocrx_word' id='word_1_11' title='bbox 1281 361 1446 406; x_wconf 84' lang='lat' dir='ltr'><strong>autem</strong></span> <span class='ocrx_word' id='word_1_12' title='bbox 1486 367 1584 402; x_wconf 88' lang='lat' dir='ltr'><strong>non</strong></span> <span class='ocrx_word' id='word_1_13' title='bbox 1612 348 1762 416; x_wconf 78' lang='lat' dir='ltr'><strong>fuerit</strong></span> <span class='ocrx_word' id='word_1_14' title='bbox 1796 345 2039 413; x_wconf 76' lang='lat' dir='ltr'><strong>interpres</strong></span> <span class='ocrx_word' id='word_1_15' title='bbox 2063 382 2076 402; x_wconf 88' lang='lat'><strong>,</strong></span> 
     </span>
    </p>
   </div>
   <div class='ocr_carea' id='block_1_3' title="bbox 505 434 2082 514">
    <p class='ocr_par' dir='ltr' id='par_1_3' title="bbox 505 434 2082 514">
     <span class='ocr_line' id='line_1_3' title="bbox 505 434 2082 514; baseline -0.015 -5"><span class='ocrx_word' id='word_1_16' title='bbox 505 465 666 508; x_wconf 85' lang='lat' dir='ltr'><strong>taceat</strong></span> <span class='ocrx_word' id='word_1_17' title='bbox 693 455 744 506; x_wconf 85' lang='lat' dir='ltr'><strong>in</strong></span> <span class='ocrx_word' id='word_1_18' title='bbox 767 451 995 513; x_wconf 69' lang='lat' dir='ltr'><strong>ecclesia,</strong></span> <span class='ocrx_word' id='word_1_19' title='bbox 1023 449 1116 504; x_wconf 86' lang='lat' dir='ltr'><strong>sibi</strong></span> <span class='ocrx_word' id='word_1_20' title='bbox 1137 457 1302 499; x_wconf 83' lang='lat' dir='ltr'><strong>autent</strong></span> <span class='ocrx_word' id='word_1_21' title='bbox 1331 445 1565 514; x_wconf 86' lang='lat' dir='ltr'><strong>loquatur</strong></span> <span class='ocrx_word' id='word_1_22' title='bbox 1586 452 1630 495; x_wconf 88' lang='lat' dir='ltr'><strong>et</strong></span> <span class='ocrx_word' id='word_1_23' title='bbox 1669 439 1796 493; x_wconf 89' lang='lat' dir='ltr'><strong>Deo.</strong></span> <span class='ocrx_word' id='word_1_24' title='bbox 1837 437 1972 504; x_wconf 84' lang='lat' dir='ltr'><strong>Quid</strong></span> <span class='ocrx_word' id='word_1_25' title='bbox 1999 434 2082 488; x_wconf 84' lang='lat' dir='ltr'><strong>di-</strong></span> 
     </span>
    </p>
   </div>
   <div class='ocr_carea' id='block_1_4' title="bbox 503 525 2082 613">
    <p class='ocr_par' dir='ltr' id='par_1_4' title="bbox 503 525 2082 613">
     <span class='ocr_line' id='line_1_4' title="bbox 503 525 2082 613; baseline -0.013 -14"><span class='ocrx_word' id='word_1_26' title='bbox 503 546 600 610; x_wconf 60' lang='lat' dir='ltr'><strong>cis,</strong></span> <span class='ocrx_word' id='word_1_27' title='bbox 631 541 853 613; x_wconf 70' lang='lat' dir='ltr'><strong>qumso?</strong></span> <span class='ocrx_word' id='word_1_28' title='bbox 879 555 1000 595; x_wconf 90' lang='lat' dir='ltr'><strong>cum</strong></span> <span class='ocrx_word' id='word_1_29' title='bbox 1027 538 1094 592; x_wconf 89' lang='lat' dir='ltr'><strong>de</strong></span> <span class='ocrx_word' id='word_1_30' title='bbox 1133 535 1326 607; x_wconf 80' lang='lat' dir='ltr'><strong>linguis</strong></span> <span class='ocrx_word' id='word_1_31' title='bbox 1353 545 1458 589; x_wconf 86' lang='lat' dir='ltr'><strong>tam</strong></span> <span class='ocrx_word' id='word_1_32' title='bbox 1503 533 1667 588; x_wconf 88' lang='lat' dir='ltr'><strong>multa</strong></span> <span class='ocrx_word' id='word_1_33' title='bbox 1698 529 1920 593; x_wconf 83' lang='lat' dir='ltr'><strong>dixeris,</strong></span> <span class='ocrx_word' id='word_1_34' title='bbox 1945 525 2082 596; x_wconf 89' lang='lat' dir='ltr'><strong>quod</strong></span> 
     </span>
    </p>
   </div>
   <div class='ocr_carea' id='block_1_5' title="bbox 504 618 2081 700">
    <p class='ocr_par' dir='ltr' id='par_1_5' title="bbox 504 618 2081 700">
     <span class='ocr_line' id='line_1_5' title="bbox 504 618 2081 700; baseline -0.011 -12"><span class='ocrx_word' id='word_1_35' title='bbox 504 635 554 688; x_wconf 77' lang='lat' dir='ltr'><strong>itl</strong></span> <span class='ocrx_word' id='word_1_36' title='bbox 581 633 650 687; x_wconf 91' lang='lat' dir='ltr'><strong>sit</strong></span> <span class='ocrx_word' id='word_1_37' title='bbox 676 632 878 697; x_wconf 87' lang='lat' dir='ltr'><strong>inutile,</strong></span> <span class='ocrx_word' id='word_1_38' title='bbox 902 629 1041 700; x_wconf 90' lang='lat' dir='ltr'><strong>quod</strong></span> <span class='ocrx_word' id='word_1_39' title='bbox 1065 640 1538 700; x_wconf 86' lang='lat' dir='ltr'><strong>supervacaneum,</strong></span> <span class='ocrx_word' id='word_1_40' title='bbox 1563 623 1666 678; x_wconf 84' lang='lat' dir='ltr'><strong>nisi</strong></span> <span class='ocrx_word' id='word_1_41' title='bbox 1692 621 1884 676; x_wconf 86' lang='lat' dir='ltr'><strong>habeat</strong></span> <span class='ocrx_word' id='word_1_42' title='bbox 1913 618 2081 673; x_wconf 88' lang='lat' dir='ltr'><strong>inter-</strong></span> 
     </span>
    </p>
   </div>
   <div class='ocr_carea' id='block_1_6' title="bbox 504 710 2084 794">
    <p class='ocr_par' dir='ltr' id='par_1_6' title="bbox 504 710 2084 794">
     <span class='ocr_line' id='line_1_6' title="bbox 504 710 2084 794; baseline -0.009 -18"><span class='ocrx_word' id='word_1_43' title='bbox 504 735 729 794; x_wconf 84' lang='lat' dir='ltr'><strong>pretem,</strong></span> <span class='ocrx_word' id='word_1_44' title='bbox 762 737 942 776; x_wconf 85' lang='lat' dir='ltr'><strong>rursus</strong></span> <span class='ocrx_word' id='word_1_45' title='bbox 985 721 1139 790; x_wconf 82' lang='lat' dir='ltr'><strong>iubes</strong></span> <span class='ocrx_word' id='word_1_46' title='bbox 1179 720 1325 791; x_wconf 86' lang='lat' dir='ltr'><strong>loqui</strong></span> <span class='ocrx_word' id='word_1_47' title='bbox 1357 716 1593 788; x_wconf 81' lang='lat' dir='ltr'><strong>linguis?</strong></span> <span class='ocrx_word' id='word_1_48' title='bbox 1623 715 1739 770; x_wconf 89' lang='lat' dir='ltr'><strong>Non</strong></span> <span class='ocrx_word' id='word_1_49' title='bbox 1776 711 1960 783; x_wconf 77' lang='lat' dir='ltr'><strong>iubeo,</strong></span> <span class='ocrx_word' id='word_1_50' title='bbox 2003 710 2084 763; x_wconf 90' lang='lat' dir='ltr'><strong>iu-</strong></span> 
     </span>
    </p>
   </div>
   <div class='ocr_carea' id='block_1_7' title="bbox 503 803 2085 884">
    <p class='ocr_par' dir='ltr' id='par_1_7' title="bbox 503 803 2085 884">
     <span class='ocr_line' id='line_1_7' title="bbox 503 803 2085 884; baseline -0.008 -18"><span class='ocrx_word' id='word_1_51' title='bbox 503 816 635 884; x_wconf 89' lang='lat' dir='ltr'><strong>quit,</strong></span> <span class='ocrx_word' id='word_1_52' title='bbox 669 813 762 869; x_wconf 84' lang='lat' dir='ltr'><strong>sed</strong></span> <span class='ocrx_word' id='word_1_53' title='bbox 794 828 892 868; x_wconf 90' lang='lat' dir='ltr'><strong>nec</strong></span> <span class='ocrx_word' id='word_1_54' title='bbox 932 811 1192 883; x_wconf 89' lang='lat' dir='ltr'><strong>prohibeo</strong></span> <span class='ocrx_word' id='word_1_55' title='bbox 1221 828 1234 873; x_wconf 87' lang='lat'><strong>;</strong></span> <span class='ocrx_word' id='word_1_56' title='bbox 1267 821 1324 866; x_wconf 91' lang='lat' dir='ltr'><strong>ut</strong></span> <span class='ocrx_word' id='word_1_57' title='bbox 1358 809 1570 880; x_wconf 83' lang='lat' dir='ltr'><strong>quando</strong></span> <span class='ocrx_word' id='word_1_58' title='bbox 1596 806 1744 871; x_wconf 80' lang='lat' dir='ltr'><strong>dicit,</strong></span> <span class='ocrx_word' id='word_1_59' title='bbox 1781 803 1842 859; x_wconf 97' lang='lat' dir='ltr'><strong>Si</strong></span> <span class='ocrx_word' id='word_1_60' title='bbox 1864 803 1976 873; x_wconf 97' lang='lat' dir='ltr'><strong>quis</strong></span> <span class='ocrx_word' id='word_1_61' title='bbox 1998 816 2085 854; x_wconf 83' lang='lat' dir='ltr'><strong>vos</strong></span> 
     </span>
    </p>
   </div>
   <div class='ocr_carea' id='block_1_8' title="bbox 503 892 2085 973">
    <p class='ocr_par' dir='ltr' id='par_1_8' title="bbox 503 892 2085 973">
     <span class='ocr_line' id='line_1_8' title="bbox 503 892 2085 973; baseline -0.008 -14"><span class='ocrx_word' id='word_1_62' title='bbox 503 917 641 960; x_wconf 84' lang='lat' dir='ltr'><strong>vocat</strong></span> <span class='ocrx_word' id='word_1_63' title='bbox 667 905 969 973; x_wconf 83' lang='lat' dir='ltr'><strong>inﬁdelium,</strong></span> <span class='ocrx_word' id='word_1_64' title='bbox 997 913 1042 959; x_wconf 91' lang='lat' dir='ltr'><strong>et</strong></span> <span class='ocrx_word' id='word_1_65' title='bbox 1068 904 1219 958; x_wconf 75' lang='lat' dir='ltr'><strong>vultis</strong></span> <span class='ocrx_word' id='word_1_66' title='bbox 1242 903 1316 956; x_wconf 90' lang='lat' dir='ltr'><strong>ire</strong></span> <span class='ocrx_word' id='word_1_67' title='bbox 1335 901 1410 972; x_wconf 89' lang='grc'><strong>(1.</strong></span> <span class='ocrx_word' id='word_1_68' title='bbox 1434 898 1552 956; x_wconf 84' lang='lat' dir='ltr'><strong>Cor.</strong></span> <span class='ocrx_word' id='word_1_69' title='bbox 1582 897 1668 954; x_wconf 85' lang='grc'><strong>10.</strong></span> <span class='ocrx_word' id='word_1_70' title='bbox 1697 894 1812 965; x_wconf 73' lang='grc'><strong>27),</strong></span> <span class='ocrx_word' id='word_1_71' title='bbox 1846 909 1950 948; x_wconf 84' lang='grc' dir='ltr'>ηοη</span> <span class='ocrx_word' id='word_1_72' title='bbox 1984 892 2085 947; x_wconf 91' lang='lat' dir='ltr'><strong>hoc</strong></span> 
     </span>
    </p>
   </div>
   <div class='ocr_carea' id='block_1_9' title="bbox 500 983 2085 1065">
    <p class='ocr_par' dir='ltr' id='par_1_9' title="bbox 500 983 2085 1065">
     <span class='ocr_line' id='line_1_9' title="bbox 500 983 2085 1065; baseline -0.009 -15"><span class='ocrx_word' id='word_1_73' title='bbox 500 998 629 1051; x_wconf 80' lang='lat' dir='ltr'><strong>dicit</strong></span> <span class='ocrx_word' id='word_1_74' title='bbox 660 997 829 1065; x_wconf 82' lang='lat' dir='ltr'><strong>legem</strong></span> <span class='ocrx_word' id='word_1_75' title='bbox 863 996 1040 1051; x_wconf 89' lang='lat' dir='ltr'><strong>ferens</strong></span> <span class='ocrx_word' id='word_1_76' title='bbox 1061 1003 1119 1049; x_wconf 88' lang='lat' dir='ltr'><strong>ut</strong></span> <span class='ocrx_word' id='word_1_77' title='bbox 1146 1005 1258 1060; x_wconf 86' lang='lat' dir='ltr'><strong>eas,</strong></span> <span class='ocrx_word' id='word_1_78' title='bbox 1292 991 1385 1048; x_wconf 88' lang='lat' dir='ltr'><strong>sed</strong></span> <span class='ocrx_word' id='word_1_79' title='bbox 1411 1005 1584 1060; x_wconf 89' lang='lat' dir='ltr'><strong>neque</strong></span> <span class='ocrx_word' id='word_1_80' title='bbox 1606 987 1870 1049; x_wconf 89' lang='lat' dir='ltr'><strong>retinens;</strong></span> <span class='ocrx_word' id='word_1_81' title='bbox 1905 985 1973 1038; x_wconf 91' lang='lat' dir='ltr'><strong>ita</strong></span> <span class='ocrx_word' id='word_1_82' title='bbox 1997 983 2085 1037; x_wconf 89' lang='lat' dir='ltr'><strong>hic</strong></span> 
     </span>
    </p>
   </div>
   <div class='ocr_carea' id='block_1_10' title="bbox 501 1077 2083 1156">
    <p class='ocr_par' dir='ltr' id='par_1_10' title="bbox 501 1077 2083 1156">
     <span class='ocr_line' id='line_1_10' title="bbox 501 1077 2083 1156; baseline -0.006 -16"><span class='ocrx_word' id='word_1_83' title='bbox 501 1089 686 1156; x_wconf 77' lang='lat' dir='ltr'><strong>etiam,</strong></span> <span class='ocrx_word' id='word_1_84' title='bbox 719 1087 830 1142; x_wconf 86' lang='lat' dir='ltr'><strong>Sibi</strong></span> <span class='ocrx_word' id='word_1_85' title='bbox 857 1097 1020 1141; x_wconf 88' lang='lat' dir='ltr'><strong>autem</strong></span> <span class='ocrx_word' id='word_1_86' title='bbox 1053 1087 1289 1156; x_wconf 81' lang='lat' dir='ltr'><strong>loquatur</strong></span> <span class='ocrx_word' id='word_1_87' title='bbox 1317 1092 1364 1137; x_wconf 90' lang='lat' dir='ltr'><strong>et</strong></span> <span class='ocrx_word' id='word_1_88' title='bbox 1394 1081 1524 1137; x_wconf 85' lang='lat' dir='ltr'><strong>Deo.</strong></span> <span class='ocrx_word' id='word_1_89' title='bbox 1557 1079 1613 1137; x_wconf 88' lang='lat' dir='ltr'><strong>Si</strong></span> <span class='ocrx_word' id='word_1_90' title='bbox 1643 1095 1748 1134; x_wconf 88' lang='lat' dir='ltr'><strong>non</strong></span> <span class='ocrx_word' id='word_1_91' title='bbox 1781 1084 1973 1149; x_wconf 85' lang='lat' dir='ltr'><strong>potest,</strong></span> <span class='ocrx_word' id='word_1_92' title='bbox 2001 1077 2083 1131; x_wconf 89' lang='lat' dir='ltr'><strong>iu-</strong></span> 
     </span>
    </p>
   </div>
   <div class='ocr_carea' id='block_1_11' title="bbox 501 1167 2084 1247">
    <p class='ocr_par' dir='ltr' id='par_1_11' title="bbox 501 1167 2084 1247">
     <span class='ocr_line' id='line_1_11' title="bbox 501 1167 2084 1247; baseline -0.005 -19"><span class='ocrx_word' id='word_1_93' title='bbox 501 1180 632 1247; x_wconf 84' lang='lat' dir='ltr'><strong>quit,</strong></span> <span class='ocrx_word' id='word_1_94' title='bbox 669 1189 866 1241; x_wconf 82' lang='lat' dir='ltr'><strong>tacere,</strong></span> <span class='ocrx_word' id='word_1_95' title='bbox 891 1177 985 1232; x_wconf 88' lang='lat' dir='ltr'><strong>sed</strong></span> <span class='ocrx_word' id='word_1_96' title='bbox 1012 1187 1092 1231; x_wconf 86' lang='lat' dir='ltr'><strong>est</strong></span> <span class='ocrx_word' id='word_1_97' title='bbox 1111 1176 1245 1229; x_wconf 86' lang='lat' dir='ltr'><strong>adeo</strong></span> <span class='ocrx_word' id='word_1_98' title='bbox 1267 1173 1485 1228; x_wconf 89' lang='lat' dir='ltr'><strong>honoris</strong></span> <span class='ocrx_word' id='word_1_99' title='bbox 1511 1181 1564 1226; x_wconf 89' lang='lat' dir='ltr'><strong>et</strong></span> <span class='ocrx_word' id='word_1_100' title='bbox 1587 1169 1760 1226; x_wconf 85' lang='lat' dir='ltr'><strong>inanis</strong></span> <span class='ocrx_word' id='word_1_101' title='bbox 1789 1167 1971 1239; x_wconf 73' lang='lat' dir='ltr'><strong>gloriae</strong></span> <span class='ocrx_word' id='word_1_102' title='bbox 1991 1180 2084 1220; x_wconf 90' lang='lat' dir='ltr'><strong>cu-</strong></span> 
     </span>
    </p>
   </div>
   <div class='ocr_carea' id='block_1_12' title="bbox 503 1259 2083 1339">
    <p class='ocr_par' dir='ltr' id='par_1_12' title="bbox 503 1259 2083 1339">
     <span class='ocr_line' id='line_1_12' title="bbox 503 1259 2083 1339; baseline -0.006 -17"><span class='ocrx_word' id='word_1_103' title='bbox 503 1271 678 1339; x_wconf 86' lang='lat' dir='ltr'><strong>pidus,</strong></span> <span class='ocrx_word' id='word_1_104' title='bbox 717 1268 855 1339; x_wconf 89' lang='lat' dir='ltr'><strong>apud</strong></span> <span class='ocrx_word' id='word_1_105' title='bbox 903 1284 962 1323; x_wconf 91' lang='lat' dir='ltr'><strong>sc</strong></span> <span class='ocrx_word' id='word_1_106' title='bbox 1001 1269 1265 1338; x_wconf 87' lang='lat' dir='ltr'><strong>loquatur.</strong></span> <span class='ocrx_word' id='word_1_107' title='bbox 1303 1266 1478 1332; x_wconf 86' lang='lat' dir='ltr'><strong>Quare</strong></span> <span class='ocrx_word' id='word_1_108' title='bbox 1516 1263 1618 1319; x_wconf 90' lang='lat' dir='ltr'><strong>hoc</strong></span> <span class='ocrx_word' id='word_1_109' title='bbox 1663 1263 1780 1332; x_wconf 91' lang='lat' dir='ltr'><strong>ipso</strong></span> <span class='ocrx_word' id='word_1_110' title='bbox 1819 1259 1961 1331; x_wconf 89' lang='lat' dir='ltr'><strong>quod</strong></span> <span class='ocrx_word' id='word_1_111' title='bbox 2006 1259 2083 1314; x_wconf 86' lang='lat' dir='ltr'><strong>sic</strong></span> 
     </span>
    </p>
   </div>
   <div class='ocr_carea' id='block_1_13' title="bbox 503 1355 1799 1434">
    <p class='ocr_par' dir='ltr' id='par_1_13' title="bbox 503 1355 1799 1434">
     <span class='ocr_line' id='line_1_13' title="bbox 503 1355 1799 1434; baseline -0.005 -19"><span class='ocrx_word' id='word_1_112' title='bbox 503 1363 763 1434; x_wconf 78' lang='lat' dir='ltr'><strong>permisit,</strong></span> <span class='ocrx_word' id='word_1_113' title='bbox 797 1361 1082 1432; x_wconf 90' lang='lat' dir='ltr'><strong>prohibuit,</strong></span> <span class='ocrx_word' id='word_1_114' title='bbox 1118 1371 1175 1415; x_wconf 90' lang='lat' dir='ltr'><strong>ut</strong></span> <span class='ocrx_word' id='word_1_115' title='bbox 1200 1360 1288 1428; x_wconf 88' lang='lat' dir='ltr'><strong>qui</strong></span> <span class='ocrx_word' id='word_1_116' title='bbox 1311 1357 1512 1429; x_wconf 89' lang='lat' dir='ltr'><strong>pudore</strong></span> <span class='ocrx_word' id='word_1_117' title='bbox 1538 1355 1799 1413; x_wconf 76' lang='lat' dir='ltr'><strong>allecerit.</strong></span> 
     </span>
    </p>
   </div>
   <div class='ocr_carea' id='block_1_14' title="bbox 573 1447 2081 1523">
    <p class='ocr_par' dir='ltr' id='par_1_14' title="bbox 573 1447 2081 1523">
     <span class='ocr_line' id='line_1_14' title="bbox 573 1447 2081 1523; baseline -0.007 -13"><span class='ocrx_word' id='word_1_118' title='bbox 573 1455 626 1510; x_wconf 79' lang='grc'><strong>4.</strong></span> <span class='ocrx_word' id='word_1_119' title='bbox 656 1453 807 1523; x_wconf 84' lang='lat' dir='ltr'><strong>Quod</strong></span> <span class='ocrx_word' id='word_1_120' title='bbox 823 1455 984 1509; x_wconf 91' lang='lat' dir='ltr'><strong>etiam</strong></span> <span class='ocrx_word' id='word_1_121' title='bbox 1015 1451 1145 1507; x_wconf 89' lang='lat' dir='ltr'><strong>facit</strong></span> <span class='ocrx_word' id='word_1_122' title='bbox 1165 1451 1288 1506; x_wconf 83' lang='lat' dir='ltr'><strong>alibi</strong></span> <span class='ocrx_word' id='word_1_123' title='bbox 1315 1449 1586 1506; x_wconf 88' lang='lat' dir='ltr'><strong>disserens</strong></span> <span class='ocrx_word' id='word_1_124' title='bbox 1610 1447 1677 1504; x_wconf 90' lang='lat' dir='ltr'><strong>de</strong></span> <span class='ocrx_word' id='word_1_125' title='bbox 1695 1447 2081 1504; x_wconf 87' lang='lat' dir='ltr'><strong>consuetudine</strong></span> 
     </span>
    </p>
   </div>
   <div class='ocr_carea' id='block_1_15' title="bbox 501 1540 2082 1612">
    <p class='ocr_par' dir='ltr' id='par_1_15' title="bbox 501 1540 2082 1612">
     <span class='ocr_line' id='line_1_15' title="bbox 501 1540 2082 1612; baseline -0.005 -11"><span class='ocrx_word' id='word_1_126' title='bbox 501 1561 622 1601; x_wconf 91' lang='lat' dir='ltr'><strong>cum</strong></span> <span class='ocrx_word' id='word_1_127' title='bbox 653 1560 838 1612; x_wconf 86' lang='lat' dir='ltr'><strong>uxore,</strong></span> <span class='ocrx_word' id='word_1_128' title='bbox 872 1553 925 1600; x_wconf 89' lang='lat' dir='ltr'><strong>et</strong></span> <span class='ocrx_word' id='word_1_129' title='bbox 953 1543 1137 1599; x_wconf 84' lang='lat' dir='ltr'><strong>dicens</strong></span> <span class='ocrx_word' id='word_1_130' title='bbox 1166 1560 1178 1597; x_wconf 92' lang='lat'><strong>:</strong></span> <span class='ocrx_word' id='word_1_131' title='bbox 1215 1541 1326 1597; x_wconf 83' lang='lat' dir='ltr'><strong>Hoc</strong></span> <span class='ocrx_word' id='word_1_132' title='bbox 1351 1550 1516 1596; x_wconf 88' lang='lat' dir='ltr'><strong>autem</strong></span> <span class='ocrx_word' id='word_1_133' title='bbox 1546 1542 1658 1595; x_wconf 85' lang='lat' dir='ltr'><strong>dico</strong></span> <span class='ocrx_word' id='word_1_134' title='bbox 1678 1549 1880 1612; x_wconf 86' lang='lat' dir='ltr'><strong>prapter</strong></span> <span class='ocrx_word' id='word_1_135' title='bbox 1906 1540 2082 1594; x_wconf 86' lang='lat' dir='ltr'><strong>incon-</strong></span> 
     </span>
    </p>
   </div>
   <div class='ocr_carea' id='block_1_16' title="bbox 503 1629 2078 1706">
    <p class='ocr_par' dir='ltr' id='par_1_16' title="bbox 503 1629 2078 1706">
     <span class='ocr_line' id='line_1_16' title="bbox 503 1629 2078 1706; baseline -0.002 -16"><span class='ocrx_word' id='word_1_136' title='bbox 503 1636 763 1691; x_wconf 88' lang='lat' dir='ltr'><strong>tinentiam</strong></span> <span class='ocrx_word' id='word_1_137' title='bbox 784 1645 996 1690; x_wconf 83' lang='lat' dir='ltr'><strong>vestram</strong></span> <span class='ocrx_word' id='word_1_138' title='bbox 1023 1633 1096 1706; x_wconf 89' lang='grc'><strong>(1.</strong></span> <span class='ocrx_word' id='word_1_139' title='bbox 1127 1632 1244 1689; x_wconf 88' lang='lat' dir='ltr'><strong>Cor.</strong></span> <span class='ocrx_word' id='word_1_140' title='bbox 1277 1633 1351 1703; x_wconf 88' lang='lat'><strong>7).</strong></span> <span class='ocrx_word' id='word_1_141' title='bbox 1381 1631 1486 1688; x_wconf 91' lang='lat' dir='ltr'><strong>Sed</strong></span> <span class='ocrx_word' id='word_1_142' title='bbox 1515 1631 1729 1700; x_wconf 82' lang='lat' dir='ltr'><strong>quando</strong></span> <span class='ocrx_word' id='word_1_143' title='bbox 1753 1629 1820 1688; x_wconf 88' lang='lat' dir='ltr'><strong>de</strong></span> <span class='ocrx_word' id='word_1_144' title='bbox 1844 1630 2078 1701; x_wconf 89' lang='lat' dir='ltr'><strong>prophe-</strong></span> 
     </span>
    </p>
   </div>
   <div class='ocr_carea' id='block_1_17' title="bbox 500 1719 2080 1796">
    <p class='ocr_par' dir='ltr' id='par_1_17' title="bbox 500 1719 2080 1796">
     <span class='ocr_line' id='line_1_17' title="bbox 500 1719 2080 1796; baseline -0.004 -12"><span class='ocrx_word' id='word_1_145' title='bbox 500 1732 571 1784; x_wconf 86' lang='lat' dir='ltr'><strong>tia</strong></span> <span class='ocrx_word' id='word_1_146' title='bbox 614 1728 952 1796; x_wconf 84' lang='lat' dir='ltr'><strong>loquebatur,</strong></span> <span class='ocrx_word' id='word_1_147' title='bbox 982 1739 1088 1781; x_wconf 88' lang='lat' dir='ltr'><strong>non</strong></span> <span class='ocrx_word' id='word_1_148' title='bbox 1118 1725 1196 1779; x_wconf 92' lang='lat' dir='ltr'><strong>sic</strong></span> <span class='ocrx_word' id='word_1_149' title='bbox 1225 1723 1358 1779; x_wconf 83' lang='lat' dir='ltr'><strong>dixit</strong></span> <span class='ocrx_word' id='word_1_150' title='bbox 1383 1738 1398 1790; x_wconf 89' lang='lat'><strong>;</strong></span> <span class='ocrx_word' id='word_1_151' title='bbox 1443 1721 1536 1778; x_wconf 90' lang='lat' dir='ltr'><strong>sed</strong></span> <span class='ocrx_word' id='word_1_152' title='bbox 1566 1719 1878 1792; x_wconf 71' lang='lat' dir='ltr'><strong>quomodo?</strong></span> <span class='ocrx_word' id='word_1_153' title='bbox 1905 1720 2080 1792; x_wconf 83' lang='lat' dir='ltr'><strong>impe-</strong></span> 
     </span>
    </p>
   </div>
   <div class='ocr_carea' id='block_1_18' title="bbox 497 1812 2080 1887">
    <p class='ocr_par' dir='ltr' id='par_1_18' title="bbox 497 1812 2080 1887">
     <span class='ocr_line' id='line_1_18' title="bbox 497 1812 2080 1887; baseline -0.004 -13"><span class='ocrx_word' id='word_1_154' title='bbox 497 1820 668 1874; x_wconf 87' lang='lat' dir='ltr'><strong>rando</strong></span> <span class='ocrx_word' id='word_1_155' title='bbox 695 1826 749 1873; x_wconf 91' lang='lat' dir='ltr'><strong>et</strong></span> <span class='ocrx_word' id='word_1_156' title='bbox 774 1818 943 1887; x_wconf 89' lang='lat' dir='ltr'><strong>legem</strong></span> <span class='ocrx_word' id='word_1_157' title='bbox 972 1814 1192 1871; x_wconf 90' lang='lat' dir='ltr'><strong>ferendo</strong></span> <span class='ocrx_word' id='word_1_158' title='bbox 1221 1831 1235 1869; x_wconf 74' lang='grc' dir='ltr'>ε</span> <span class='ocrx_word' id='word_1_159' title='bbox 1263 1812 1534 1884; x_wconf 75' lang='lat' dir='ltr'><strong>Propheta:</strong></span> <span class='ocrx_word' id='word_1_160' title='bbox 1559 1823 1728 1867; x_wconf 85' lang='lat' dir='ltr'><strong>autem</strong></span> <span class='ocrx_word' id='word_1_161' title='bbox 1751 1813 1852 1867; x_wconf 82' lang='lat' dir='ltr'><strong>duo</strong></span> <span class='ocrx_word' id='word_1_162' title='bbox 1878 1823 1966 1867; x_wconf 89' lang='lat' dir='ltr'><strong>aut</strong></span> <span class='ocrx_word' id='word_1_163' title='bbox 1983 1821 2080 1868; x_wconf 88' lang='lat' dir='ltr'><strong>tres</strong></span> 
     </span>
    </p>
   </div>
   <div class='ocr_carea' id='block_1_19' title="bbox 500 1904 2078 1979">
    <p class='ocr_par' dir='ltr' id='par_1_19' title="bbox 500 1904 2078 1979">
     <span class='ocr_line' id='line_1_19' title="bbox 500 1904 2078 1979; baseline -0.003 -16"><span class='ocrx_word' id='word_1_164' title='bbox 500 1911 790 1979; x_wconf 78' lang='lat' dir='ltr'><strong>loquantur.</strong></span> <span class='ocrx_word' id='word_1_165' title='bbox 823 1907 892 1962; x_wconf 90' lang='lat' dir='ltr'><strong>Et</strong></span> <span class='ocrx_word' id='word_1_166' title='bbox 915 1921 1176 1976; x_wconf 84' lang='lat' dir='ltr'><strong>nusquam</strong></span> <span class='ocrx_word' id='word_1_167' title='bbox 1201 1905 1288 1960; x_wconf 91' lang='lat' dir='ltr'><strong>hic</strong></span> <span class='ocrx_word' id='word_1_168' title='bbox 1303 1904 1490 1975; x_wconf 65' lang='lat' dir='ltr'><strong>quaerit</strong></span> <span class='ocrx_word' id='word_1_169' title='bbox 1516 1905 1881 1974; x_wconf 86' lang='lat' dir='ltr'><strong>interpretem,</strong></span> <span class='ocrx_word' id='word_1_170' title='bbox 1905 1919 2078 1975; x_wconf 90' lang='lat' dir='ltr'><strong>neque</strong></span> 
     </span>
    </p>
   </div>
   <div class='ocr_carea' id='block_1_20' title="bbox 498 1995 2078 2069">
    <p class='ocr_par' dir='ltr' id='par_1_20' title="bbox 498 1995 2078 2069">
     <span class='ocr_line' id='line_1_20' title="bbox 498 1995 2078 2069; baseline -0.002 -16"><span class='ocrx_word' id='word_1_171' title='bbox 498 2015 560 2054; x_wconf 88' lang='lat' dir='ltr'><strong>os</strong></span> <span class='ocrx_word' id='word_1_172' title='bbox 584 1998 815 2054; x_wconf 74' lang='lat' dir='ltr'><strong>obstruit</strong></span> <span class='ocrx_word' id='word_1_173' title='bbox 844 1997 1202 2069; x_wconf 82' lang='lat' dir='ltr'><strong>prophetanti,</strong></span> <span class='ocrx_word' id='word_1_174' title='bbox 1230 1997 1369 2052; x_wconf 83' lang='lat' dir='ltr'><strong>sicut</strong></span> <span class='ocrx_word' id='word_1_175' title='bbox 1389 1996 1517 2063; x_wconf 90' lang='lat' dir='ltr'><strong>illic,</strong></span> <span class='ocrx_word' id='word_1_176' title='bbox 1547 1995 1731 2052; x_wconf 90' lang='lat' dir='ltr'><strong>dicens</strong></span> <span class='ocrx_word' id='word_1_177' title='bbox 1756 2014 1770 2051; x_wconf 92' lang='lat'><strong>:</strong></span> <span class='ocrx_word' id='word_1_178' title='bbox 1799 1995 1862 2052; x_wconf 89' lang='lat' dir='ltr'><strong>Si</strong></span> <span class='ocrx_word' id='word_1_179' title='bbox 1889 2013 1990 2051; x_wconf 88' lang='lat' dir='ltr'><strong>non</strong></span> <span class='ocrx_word' id='word_1_180' title='bbox 2015 1999 2078 2052; x_wconf 84' lang='lat' dir='ltr'><strong>sit</strong></span> 
     </span>
    </p>
   </div>
   <div class='ocr_carea' id='block_1_21' title="bbox 497 2086 2076 2160">
    <p class='ocr_par' dir='ltr' id='par_1_21' title="bbox 497 2086 2076 2160">
     <span class='ocr_line' id='line_1_21' title="bbox 497 2086 2076 2160; baseline -0.001 -17"><span class='ocrx_word' id='word_1_181' title='bbox 497 2093 765 2160; x_wconf 77' lang='lat' dir='ltr'><strong>interpres,</strong></span> <span class='ocrx_word' id='word_1_182' title='bbox 803 2097 984 2143; x_wconf 80' lang='lat' dir='ltr'><strong>taceat.</strong></span> <span class='ocrx_word' id='word_1_183' title='bbox 1034 2087 1215 2159; x_wconf 82' lang='lat' dir='ltr'><strong>Neque</strong></span> <span class='ocrx_word' id='word_1_184' title='bbox 1255 2088 1398 2142; x_wconf 90' lang='lat' dir='ltr'><strong>enim</strong></span> <span class='ocrx_word' id='word_1_185' title='bbox 1437 2086 1632 2142; x_wconf 87' lang='lat' dir='ltr'><strong>sufficit</strong></span> <span class='ocrx_word' id='word_1_186' title='bbox 1677 2086 1724 2142; x_wconf 89' lang='lat' dir='ltr'><strong>is</strong></span> <span class='ocrx_word' id='word_1_187' title='bbox 1765 2086 1855 2157; x_wconf 86' lang='lat' dir='ltr'><strong>qui</strong></span> <span class='ocrx_word' id='word_1_188' title='bbox 1900 2086 2076 2157; x_wconf 84' lang='lat' dir='ltr'><strong>lingua</strong></span> 
     </span>
    </p>
   </div>
   <div class='ocr_carea' id='block_1_22' title="bbox 499 2178 2077 2251">
    <p class='ocr_par' dir='ltr' id='par_1_22' title="bbox 499 2178 2077 2251">
     <span class='ocr_line' id='line_1_22' title="bbox 499 2178 2077 2251; baseline -0.001 -15"><span class='ocrx_word' id='word_1_189' title='bbox 499 2183 749 2251; x_wconf 83' lang='lat' dir='ltr'><strong>loquitur.</strong></span> <span class='ocrx_word' id='word_1_190' title='bbox 785 2182 1142 2249; x_wconf 84' lang='lat' dir='ltr'><strong>Quamobrem</strong></span> <span class='ocrx_word' id='word_1_191' title='bbox 1191 2180 1237 2236; x_wconf 94' lang='lat' dir='ltr'><strong>si</strong></span> <span class='ocrx_word' id='word_1_192' title='bbox 1280 2179 1400 2251; x_wconf 83' lang='lat' dir='ltr'><strong>quis</strong></span> <span class='ocrx_word' id='word_1_193' title='bbox 1429 2178 1621 2234; x_wconf 89' lang='lat' dir='ltr'><strong>habeat</strong></span> <span class='ocrx_word' id='word_1_194' title='bbox 1661 2187 1946 2249; x_wconf 90' lang='lat' dir='ltr'><strong>utrumque</strong></span> <span class='ocrx_word' id='word_1_195' title='bbox 1979 2179 2077 2235; x_wconf 81' lang='lat' dir='ltr'><strong>do-</strong></span> 
     </span>
    </p>
   </div>
   <div class='ocr_carea' id='block_1_23' title="bbox 497 2267 2075 2342">
    <p class='ocr_par' dir='ltr' id='par_1_23' title="bbox 497 2267 2075 2342">
     <span class='ocr_line' id='line_1_23' title="bbox 497 2267 2075 2342; baseline -0.003 -13"><span class='ocrx_word' id='word_1_196' title='bbox 497 2290 622 2329; x_wconf 87' lang='lat' dir='ltr'><strong>num</strong></span> <span class='ocrx_word' id='word_1_197' title='bbox 640 2317 653 2340; x_wconf 93' lang='lat'><strong>,</strong></span> <span class='ocrx_word' id='word_1_198' title='bbox 683 2274 964 2342; x_wconf 87' lang='lat' dir='ltr'><strong>loquatur;</strong></span> <span class='ocrx_word' id='word_1_199' title='bbox 993 2273 1038 2328; x_wconf 86' lang='lat' dir='ltr'><strong>si</strong></span> <span class='ocrx_word' id='word_1_200' title='bbox 1066 2279 1243 2326; x_wconf 86' lang='lat' dir='ltr'><strong>autem</strong></span> <span class='ocrx_word' id='word_1_201' title='bbox 1270 2285 1375 2324; x_wconf 85' lang='lat' dir='ltr'><strong>non</strong></span> <span class='ocrx_word' id='word_1_202' title='bbox 1399 2270 1623 2336; x_wconf 84' lang='lat' dir='ltr'><strong>habeat,</strong></span> <span class='ocrx_word' id='word_1_203' title='bbox 1654 2270 1768 2324; x_wconf 89' lang='lat' dir='ltr'><strong>vult</strong></span> <span class='ocrx_word' id='word_1_204' title='bbox 1793 2279 1970 2324; x_wconf 90' lang='lat' dir='ltr'><strong>autem</strong></span> <span class='ocrx_word' id='word_1_205' title='bbox 1994 2267 2075 2324; x_wconf 83' lang='lat' dir='ltr'><strong>lo-</strong></span> 
     </span>
    </p>
   </div>
   <div class='ocr_carea' id='block_1_24' title="bbox 496 2359 2078 2436">
    <p class='ocr_par' dir='ltr' id='par_1_24' title="bbox 496 2359 2078 2436">
     <span class='ocr_line' id='line_1_24' title="bbox 496 2359 2078 2436; baseline -0.002 -18"><span class='ocrx_word' id='word_1_206' title='bbox 496 2367 604 2436; x_wconf 91' lang='lat' dir='ltr'><strong>qui,</strong></span> <span class='ocrx_word' id='word_1_207' title='bbox 635 2379 754 2420; x_wconf 91' lang='lat' dir='ltr'><strong>cum</strong></span> <span class='ocrx_word' id='word_1_208' title='bbox 801 2365 1097 2433; x_wconf 86' lang='lat' dir='ltr'><strong>interprete</strong></span> <span class='ocrx_word' id='word_1_209' title='bbox 1137 2361 1239 2416; x_wconf 91' lang='lat' dir='ltr'><strong>hoc</strong></span> <span class='ocrx_word' id='word_1_210' title='bbox 1281 2360 1457 2415; x_wconf 79' lang='lat' dir='ltr'><strong>faciat.</strong></span> <span class='ocrx_word' id='word_1_211' title='bbox 1505 2359 1772 2430; x_wconf 84' lang='lat' dir='ltr'><strong>Propheta</strong></span> <span class='ocrx_word' id='word_1_212' title='bbox 1813 2360 1960 2415; x_wconf 88' lang='lat' dir='ltr'><strong>enim</strong></span> <span class='ocrx_word' id='word_1_213' title='bbox 1996 2371 2078 2416; x_wconf 87' lang='lat' dir='ltr'><strong>est</strong></span> 
     </span>
    </p>
   </div>
   <div class='ocr_carea' id='block_1_25' title="bbox 495 2450 2076 2526">
    <p class='ocr_par' dir='ltr' id='par_1_25' title="bbox 495 2450 2076 2526">
     <span class='ocr_line' id='line_1_25' title="bbox 495 2450 2076 2526; baseline -0.003 -16"><span class='ocrx_word' id='word_1_214' title='bbox 495 2459 782 2526; x_wconf 86' lang='lat' dir='ltr'><strong>interpres,</strong></span> <span class='ocrx_word' id='word_1_215' title='bbox 815 2455 909 2510; x_wconf 91' lang='lat' dir='ltr'><strong>sed</strong></span> <span class='ocrx_word' id='word_1_216' title='bbox 947 2453 1062 2521; x_wconf 90' lang='lat' dir='ltr'><strong>Dei,</strong></span> <span class='ocrx_word' id='word_1_217' title='bbox 1095 2461 1150 2508; x_wconf 91' lang='lat' dir='ltr'><strong>tu</strong></span> <span class='ocrx_word' id='word_1_218' title='bbox 1179 2461 1358 2508; x_wconf 89' lang='lat' dir='ltr'><strong>autem</strong></span> <span class='ocrx_word' id='word_1_219' title='bbox 1397 2450 1647 2506; x_wconf 88' lang='lat' dir='ltr'><strong>hominis.</strong></span> <span class='ocrx_word' id='word_1_220' title='bbox 1696 2451 1759 2507; x_wconf 88' lang='lat' dir='ltr'><strong>Si</strong></span> <span class='ocrx_word' id='word_1_221' title='bbox 1780 2460 1947 2506; x_wconf 86' lang='lat' dir='ltr'><strong>autem</strong></span> <span class='ocrx_word' id='word_1_222' title='bbox 1975 2468 2076 2506; x_wconf 88' lang='lat' dir='ltr'><strong>non</strong></span> 
     </span>
    </p>
   </div>
   <div class='ocr_carea' id='block_1_26' title="bbox 493 2541 2076 2616">
    <p class='ocr_par' dir='ltr' id='par_1_26' title="bbox 493 2541 2076 2616">
     <span class='ocr_line' id='line_1_26' title="bbox 493 2541 2076 2616; baseline -0.003 -16"><span class='ocrx_word' id='word_1_223' title='bbox 493 2549 558 2600; x_wconf 92' lang='lat' dir='ltr'><strong>sit</strong></span> <span class='ocrx_word' id='word_1_224' title='bbox 601 2547 869 2616; x_wconf 76' lang='lat' dir='ltr'><strong>interpres,</strong></span> <span class='ocrx_word' id='word_1_225' title='bbox 917 2552 1100 2600; x_wconf 81' lang='lat' dir='ltr'><strong>taceat.</strong></span> <span class='ocrx_word' id='word_1_226' title='bbox 1148 2541 1287 2597; x_wconf 87' lang='lat' dir='ltr'><strong>Nihil</strong></span> <span class='ocrx_word' id='word_1_227' title='bbox 1328 2541 1472 2597; x_wconf 88' lang='lat' dir='ltr'><strong>enim</strong></span> <span class='ocrx_word' id='word_1_228' title='bbox 1513 2553 1913 2611; x_wconf 81' lang='lat' dir='ltr'><strong>supervacaneo</strong></span> <span class='ocrx_word' id='word_1_229' title='bbox 1959 2541 2076 2596; x_wconf 77' lang='lat' dir='ltr'><strong>ﬁeri</strong></span> 
     </span>
    </p>
   </div>
   <div class='ocr_carea' id='block_1_27' title="bbox 493 2632 2074 2707">
    <p class='ocr_par' dir='ltr' id='par_1_27' title="bbox 493 2632 2074 2707">
     <span class='ocr_line' id='line_1_27' title="bbox 493 2632 2074 2707; baseline -0.001 -19"><span class='ocrx_word' id='word_1_230' title='bbox 493 2647 728 2707; x_wconf 82' lang='lat' dir='ltr'><strong>oportet,</strong></span> <span class='ocrx_word' id='word_1_231' title='bbox 775 2634 905 2691; x_wconf 86' lang='lat' dir='ltr'><strong>nihil</strong></span> <span class='ocrx_word' id='word_1_232' title='bbox 951 2635 1019 2690; x_wconf 92' lang='lat' dir='ltr'><strong>ad</strong></span> <span class='ocrx_word' id='word_1_233' title='bbox 1054 2634 1399 2690; x_wconf 87' lang='lat' dir='ltr'><strong>ambitionem</strong></span> <span class='ocrx_word' id='word_1_234' title='bbox 1449 2641 1506 2689; x_wconf 86' lang='lat' dir='ltr'><strong>et</strong></span> <span class='ocrx_word' id='word_1_235' title='bbox 1553 2633 1773 2688; x_wconf 86' lang='lat' dir='ltr'><strong>honoris</strong></span> <span class='ocrx_word' id='word_1_236' title='bbox 1815 2632 2074 2689; x_wconf 82' lang='lat' dir='ltr'><strong>studium.</strong></span> 
     </span>
    </p>
   </div>
   <div class='ocr_carea' id='block_1_28' title="bbox 494 2725 2076 2800">
    <p class='ocr_par' dir='ltr' id='par_1_28' title="bbox 494 2725 2076 2800">
     <span class='ocr_line' id='line_1_28' title="bbox 494 2725 2076 2800; baseline -0.001 -16"><span class='ocrx_word' id='word_1_237' title='bbox 494 2730 604 2784; x_wconf 84' lang='lat' dir='ltr'><strong>Sibi</strong></span> <span class='ocrx_word' id='word_1_238' title='bbox 625 2739 791 2784; x_wconf 79' lang='lat' dir='ltr'><strong>autem</strong></span> <span class='ocrx_word' id='word_1_239' title='bbox 819 2730 1054 2800; x_wconf 83' lang='lat' dir='ltr'><strong>loquatur</strong></span> <span class='ocrx_word' id='word_1_240' title='bbox 1082 2737 1129 2784; x_wconf 89' lang='lat' dir='ltr'><strong>et</strong></span> <span class='ocrx_word' id='word_1_241' title='bbox 1152 2725 1294 2794; x_wconf 88' lang='lat' dir='ltr'><strong>Deo;</strong></span> <span class='ocrx_word' id='word_1_242' title='bbox 1320 2727 1421 2782; x_wconf 88' lang='lat' dir='ltr'><strong>hoc</strong></span> <span class='ocrx_word' id='word_1_243' title='bbox 1449 2733 1551 2793; x_wconf 88' lang='lat' dir='ltr'><strong>est,</strong></span> <span class='ocrx_word' id='word_1_244' title='bbox 1573 2725 1626 2781; x_wconf 89' lang='lat' dir='ltr'><strong>in</strong></span> <span class='ocrx_word' id='word_1_245' title='bbox 1649 2735 1848 2793; x_wconf 88' lang='lat' dir='ltr'><strong>mente,</strong></span> <span class='ocrx_word' id='word_1_246' title='bbox 1874 2735 1929 2782; x_wconf 91' lang='lat' dir='ltr'><strong>et</strong></span> <span class='ocrx_word' id='word_1_247' title='bbox 1953 2739 2076 2782; x_wconf 81' lang='lat' dir='ltr'><strong>sen-</strong></span> 
     </span>
    </p>
   </div>
   <div class='ocr_carea' id='block_1_29' title="bbox 492 2816 2074 2890">
    <p class='ocr_par' dir='ltr' id='par_1_29' title="bbox 492 2816 2074 2890">
     <span class='ocr_line' id='line_1_29' title="bbox 492 2816 2074 2890; baseline -0.002 -16"><span class='ocrx_word' id='word_1_248' title='bbox 492 2821 593 2875; x_wconf 83' lang='lat' dir='ltr'><strong>sim</strong></span> <span class='ocrx_word' id='word_1_249' title='bbox 620 2829 674 2875; x_wconf 90' lang='lat' dir='ltr'><strong>et</strong></span> <span class='ocrx_word' id='word_1_250' title='bbox 693 2821 894 2890; x_wconf 81' lang='lat' dir='ltr'><strong>absque</strong></span> <span class='ocrx_word' id='word_1_251' title='bbox 917 2819 1165 2888; x_wconf 86' lang='lat' dir='ltr'><strong>strepitu,</strong></span> <span class='ocrx_word' id='word_1_252' title='bbox 1194 2818 1238 2872; x_wconf 91' lang='lat' dir='ltr'><strong>si</strong></span> <span class='ocrx_word' id='word_1_253' title='bbox 1267 2817 1415 2873; x_wconf 83' lang='lat' dir='ltr'><strong>velit.</strong></span> <span class='ocrx_word' id='word_1_254' title='bbox 1455 2816 1570 2872; x_wconf 91' lang='lat' dir='ltr'><strong>Non</strong></span> <span class='ocrx_word' id='word_1_255' title='bbox 1595 2827 1678 2873; x_wconf 89' lang='lat' dir='ltr'><strong>est</strong></span> <span class='ocrx_word' id='word_1_256' title='bbox 1705 2817 1847 2872; x_wconf 91' lang='lat' dir='ltr'><strong>enim</strong></span> <span class='ocrx_word' id='word_1_257' title='bbox 1873 2816 1975 2872; x_wconf 91' lang='lat' dir='ltr'><strong>hoc</strong></span> <span class='ocrx_word' id='word_1_258' title='bbox 1995 2817 2074 2871; x_wconf 89' lang='lat' dir='ltr'><strong>le-</strong></span> 
     </span>
    </p>
   </div>
   <div class='ocr_carea' id='block_1_30' title="bbox 491 2905 2076 2982">
    <p class='ocr_par' dir='ltr' id='par_1_30' title="bbox 491 2905 2076 2982">
     <span class='ocr_line' id='line_1_30' title="bbox 491 2905 2076 2982; baseline -0.002 -15"><span class='ocrx_word' id='word_1_259' title='bbox 491 2927 612 2982; x_wconf 87' lang='lat' dir='ltr'><strong>gem</strong></span> <span class='ocrx_word' id='word_1_260' title='bbox 653 2911 894 2976; x_wconf 82' lang='lat' dir='ltr'><strong>ferentis,</strong></span> <span class='ocrx_word' id='word_1_261' title='bbox 941 2911 1037 2965; x_wconf 89' lang='lat' dir='ltr'><strong>sed</strong></span> <span class='ocrx_word' id='word_1_262' title='bbox 1083 2909 1221 2965; x_wconf 89' lang='lat' dir='ltr'><strong>forte</strong></span> <span class='ocrx_word' id='word_1_263' title='bbox 1257 2909 1436 2978; x_wconf 85' lang='lat' dir='ltr'><strong>potius</strong></span> <span class='ocrx_word' id='word_1_264' title='bbox 1472 2908 1730 2979; x_wconf 88' lang='lat' dir='ltr'><strong>pudorem</strong></span> <span class='ocrx_word' id='word_1_265' title='bbox 1769 2905 2076 2965; x_wconf 90' lang='lat' dir='ltr'><strong>incutientis</strong></span> 
     </span>
    </p>
   </div>
   <div class='ocr_carea' id='block_1_31' title="bbox 493 2999 2076 3074">
    <p class='ocr_par' dir='ltr' id='par_1_31' title="bbox 493 2999 2076 3074">
     <span class='ocr_line' id='line_1_31' title="bbox 493 2999 2076 3074; baseline -0.002 -15"><span class='ocrx_word' id='word_1_266' title='bbox 493 3019 590 3074; x_wconf 90' lang='lat' dir='ltr'><strong>per</strong></span> <span class='ocrx_word' id='word_1_267' title='bbox 613 3002 1036 3067; x_wconf 86' lang='lat' dir='ltr'><strong>concessionem,</strong></span> <span class='ocrx_word' id='word_1_268' title='bbox 1068 3001 1208 3055; x_wconf 81' lang='lat' dir='ltr'><strong>sicut</strong></span> <span class='ocrx_word' id='word_1_269' title='bbox 1245 2999 1458 3070; x_wconf 87' lang='lat' dir='ltr'><strong>quando</strong></span> <span class='ocrx_word' id='word_1_270' title='bbox 1486 3000 1635 3068; x_wconf 88' lang='lat' dir='ltr'><strong>dicit,</strong></span> <span class='ocrx_word' id='word_1_271' title='bbox 1682 3000 1745 3056; x_wconf 91' lang='lat' dir='ltr'><strong>Si</strong></span> <span class='ocrx_word' id='word_1_272' title='bbox 1771 3002 1882 3067; x_wconf 84' lang='lat' dir='ltr'><strong>quis</strong></span> <span class='ocrx_word' id='word_1_273' title='bbox 1911 3011 2076 3056; x_wconf 84' lang='lat' dir='ltr'><strong>autem</strong></span> 
     </span>
    </p>
   </div>
   <div class='ocr_carea' id='block_1_32' title="bbox 493 3089 2076 3164">
    <p class='ocr_par' dir='ltr' id='par_1_32' title="bbox 493 3089 2076 3164">
     <span class='ocr_line' id='line_1_32' title="bbox 493 3089 2076 3164; baseline 0.001 -15"><span class='ocrx_word' id='word_1_274' title='bbox 493 3095 668 3159; x_wconf 79' lang='lat' dir='ltr'><strong>esurit,</strong></span> <span class='ocrx_word' id='word_1_275' title='bbox 699 3095 836 3148; x_wconf 85' lang='lat' dir='ltr'><strong>domi</strong></span> <span class='ocrx_word' id='word_1_276' title='bbox 849 3091 1168 3163; x_wconf 85' lang='lat' dir='ltr'><strong>comedat(l.</strong></span> <span class='ocrx_word' id='word_1_277' title='bbox 1200 3089 1319 3148; x_wconf 86' lang='lat' dir='ltr'><strong>Cor.</strong></span> <span class='ocrx_word' id='word_1_278' title='bbox 1348 3093 1436 3147; x_wconf 80' lang='grc'><strong>11.</strong></span> <span class='ocrx_word' id='word_1_279' title='bbox 1468 3091 1596 3164; x_wconf 66' lang='lat' dir='ltr'><strong>Si);</strong></span> <span class='ocrx_word' id='word_1_280' title='bbox 1621 3100 1813 3149; x_wconf 86' lang='lat' dir='ltr'><strong>etcum</strong></span> <span class='ocrx_word' id='word_1_281' title='bbox 1833 3093 2076 3150; x_wconf 85' lang='lat' dir='ltr'><strong>videatur</strong></span> 
     </span>
    </p>
   </div>
   <div class='ocr_carea' id='block_1_33' title="bbox 493 3184 2072 3256">
    <p class='ocr_par' dir='ltr' id='par_1_33' title="bbox 493 3184 2072 3256">
     <span class='ocr_line' id='line_1_33' title="bbox 493 3184 2072 3256; baseline 0 -14"><span class='ocrx_word' id='word_1_282' title='bbox 493 3186 810 3254; x_wconf 82' lang='lat' dir='ltr'><strong>concedere,</strong></span> <span class='ocrx_word' id='word_1_283' title='bbox 855 3199 920 3240; x_wconf 89' lang='lat' dir='ltr'><strong>eo</strong></span> <span class='ocrx_word' id='word_1_284' title='bbox 963 3186 1081 3256; x_wconf 89' lang='lat' dir='ltr'><strong>ipso</strong></span> <span class='ocrx_word' id='word_1_285' title='bbox 1124 3184 1272 3240; x_wconf 85' lang='lat' dir='ltr'><strong>illum</strong></span> <span class='ocrx_word' id='word_1_286' title='bbox 1316 3185 1486 3256; x_wconf 83' lang='lat' dir='ltr'><strong>tangit</strong></span> <span class='ocrx_word' id='word_1_287' title='bbox 1527 3185 1724 3240; x_wconf 91' lang='lat' dir='ltr'><strong>acrius.</strong></span> <span class='ocrx_word' id='word_1_288' title='bbox 1773 3184 1889 3242; x_wconf 90' lang='lat' dir='ltr'><strong>Non</strong></span> <span class='ocrx_word' id='word_1_289' title='bbox 1931 3187 2072 3242; x_wconf 89' lang='lat' dir='ltr'><strong>enim</strong></span> 
     </span>
    </p>
   </div>
   <div class='ocr_carea' id='block_1_34' title="bbox 496 3277 2074 3350">
    <p class='ocr_par' dir='ltr' id='par_1_34' title="bbox 496 3277 2074 3350">
     <span class='ocr_line' id='line_1_34' title="bbox 496 3277 2074 3350; baseline 0 -16"><span class='ocrx_word' id='word_1_290' title='bbox 496 3281 634 3346; x_wconf 87' lang='lat' dir='ltr'><strong>ideo,</strong></span> <span class='ocrx_word' id='word_1_291' title='bbox 677 3279 868 3350; x_wconf 91' lang='lat' dir='ltr'><strong>inquit,</strong></span> <span class='ocrx_word' id='word_1_292' title='bbox 899 3277 1217 3343; x_wconf 82' lang='lat' dir='ltr'><strong>convenitis,</strong></span> <span class='ocrx_word' id='word_1_293' title='bbox 1259 3285 1318 3333; x_wconf 88' lang='lat' dir='ltr'><strong>ut</strong></span> <span class='ocrx_word' id='word_1_294' title='bbox 1354 3291 1450 3333; x_wconf 88' lang='lat' dir='ltr'><strong>vos</strong></span> <span class='ocrx_word' id='word_1_295' title='bbox 1481 3277 1621 3332; x_wconf 90' lang='lat' dir='ltr'><strong>dona</strong></span> <span class='ocrx_word' id='word_1_296' title='bbox 1663 3277 1864 3334; x_wconf 89' lang='lat' dir='ltr'><strong>habere</strong></span> <span class='ocrx_word' id='word_1_297' title='bbox 1890 3288 2074 3334; x_wconf 89' lang='lat' dir='ltr'><strong>osten-</strong></span> 
     </span>
    </p>
   </div>
   <div class='ocr_carea' id='block_1_35' title="bbox 490 3366 2071 3440">
    <p class='ocr_par' dir='ltr' id='par_1_35' title="bbox 490 3366 2071 3440">
     <span class='ocr_line' id='line_1_35' title="bbox 490 3366 2071 3440; baseline 0 -16"><span class='ocrx_word' id='word_1_298' title='bbox 490 3371 650 3436; x_wconf 82' lang='lat' dir='ltr'><strong>datis,</strong></span> <span class='ocrx_word' id='word_1_299' title='bbox 681 3370 776 3426; x_wconf 87' lang='lat' dir='ltr'><strong>sed</strong></span> <span class='ocrx_word' id='word_1_300' title='bbox 807 3379 864 3424; x_wconf 92' lang='lat' dir='ltr'><strong>ut</strong></span> <span class='ocrx_word' id='word_1_301' title='bbox 887 3383 982 3424; x_wconf 87' lang='lat' dir='ltr'><strong>eos</strong></span> <span class='ocrx_word' id='word_1_302' title='bbox 1020 3369 1108 3439; x_wconf 92' lang='lat' dir='ltr'><strong>qui</strong></span> <span class='ocrx_word' id='word_1_303' title='bbox 1145 3366 1367 3424; x_wconf 87' lang='lat' dir='ltr'><strong>audiunt</strong></span> <span class='ocrx_word' id='word_1_304' title='bbox 1398 3367 1676 3424; x_wconf 61' lang='lat' dir='ltr'><strong>aediﬁcetis</strong></span> <span class='ocrx_word' id='word_1_305' title='bbox 1701 3387 1712 3422; x_wconf 95' lang='lat'><strong>:</strong></span> <span class='ocrx_word' id='word_1_306' title='bbox 1741 3369 1883 3440; x_wconf 91' lang='lat' dir='ltr'><strong>quod</strong></span> <span class='ocrx_word' id='word_1_307' title='bbox 1910 3371 2071 3426; x_wconf 90' lang='lat' dir='ltr'><strong>etiam</strong></span> 
     </span>
    </p>
   </div>
   <div class='ocr_carea' id='block_1_36' title="bbox 489 3459 2076 3531">
    <p class='ocr_par' dir='ltr' id='par_1_36' title="bbox 489 3459 2076 3531">
     <span class='ocr_line' id='line_1_36' title="bbox 489 3459 2076 3531; baseline -0.002 -12"><span class='ocrx_word' id='word_1_308' title='bbox 489 3465 625 3519; x_wconf 73' lang='lat' dir='ltr'><strong>dixit</strong></span> <span class='ocrx_word' id='word_1_309' title='bbox 651 3463 826 3528; x_wconf 90' lang='lat' dir='ltr'><strong>initio,</strong></span> <span class='ocrx_word' id='word_1_310' title='bbox 874 3459 1059 3517; x_wconf 84' lang='lat' dir='ltr'><strong>Omnia</strong></span> <span class='ocrx_word' id='word_1_311' title='bbox 1085 3461 1156 3515; x_wconf 90' lang='lat' dir='ltr'><strong>ad</strong></span> <span class='ocrx_word' id='word_1_312' title='bbox 1183 3461 1574 3531; x_wconf 59' lang='lat' dir='ltr'><strong>aediﬁcationem</strong></span> <span class='ocrx_word' id='word_1_313' title='bbox 1619 3462 1768 3530; x_wconf 82' lang='lat' dir='ltr'><strong>ﬁant.</strong></span> <span class='ocrx_word' id='word_1_314' title='bbox 1813 3460 1905 3516; x_wconf 73' lang='lat'><strong>29.</strong></span> <span class='ocrx_word' id='word_1_315' title='bbox 1943 3461 2076 3516; x_wconf 83' lang='lat' dir='ltr'><strong>Pro-</strong></span> 
     </span>
    </p>
   </div>
   <div class='ocr_carea' id='block_1_37' title="bbox 491 3554 2070 3627">
    <p class='ocr_par' dir='ltr' id='par_1_37' title="bbox 491 3554 2070 3627">
     <span class='ocr_line' id='line_1_37' title="bbox 491 3554 2070 3627; baseline 0.002 -19"><span class='ocrx_word' id='word_1_316' title='bbox 491 3557 657 3626; x_wconf 63' lang='lat' dir='ltr'><strong>pheta!</strong></span> <span class='ocrx_word' id='word_1_317' title='bbox 681 3565 848 3609; x_wconf 84' lang='lat' dir='ltr'><strong>autem</strong></span> <span class='ocrx_word' id='word_1_318' title='bbox 876 3554 980 3608; x_wconf 76' lang='lat' dir='ltr'><strong>duo</strong></span> <span class='ocrx_word' id='word_1_319' title='bbox 1019 3561 1110 3608; x_wconf 78' lang='lat' dir='ltr'><strong>aut</strong></span> <span class='ocrx_word' id='word_1_320' title='bbox 1146 3562 1246 3608; x_wconf 89' lang='lat' dir='ltr'><strong>tres</strong></span> <span class='ocrx_word' id='word_1_321' title='bbox 1283 3554 1474 3621; x_wconf 83' lang='lat' dir='ltr'><strong>dicant,</strong></span> <span class='ocrx_word' id='word_1_322' title='bbox 1512 3564 1557 3609; x_wconf 93' lang='lat' dir='ltr'><strong>et</strong></span> <span class='ocrx_word' id='word_1_323' title='bbox 1581 3554 1748 3609; x_wconf 66' lang='lat' dir='ltr'><strong>ceteri</strong></span> <span class='ocrx_word' id='word_1_324' title='bbox 1773 3554 2070 3627; x_wconf 74' lang='lat' dir='ltr'><strong>diiudicent.</strong></span> 
     </span>
    </p>
   </div>
   <div class='ocr_carea' id='block_1_38' title="bbox 491 3644 2073 3718">
    <p class='ocr_par' dir='ltr' id='par_1_38' title="bbox 491 3644 2073 3718">
     <span class='ocr_line' id='line_1_38' title="bbox 491 3644 2073 3718; baseline 0.001 -17"><span class='ocrx_word' id='word_1_325' title='bbox 491 3647 761 3716; x_wconf 83' lang='lat' dir='ltr'><strong>Nusquam</strong></span> <span class='ocrx_word' id='word_1_326' title='bbox 807 3645 1093 3715; x_wconf 79' lang='lat' dir='ltr'><strong>plurimum</strong></span> <span class='ocrx_word' id='word_1_327' title='bbox 1123 3644 1301 3714; x_wconf 86' lang='lat' dir='ltr'><strong>posuit</strong></span> <span class='ocrx_word' id='word_1_328' title='bbox 1335 3645 1473 3701; x_wconf 88' lang='lat' dir='ltr'><strong>sicut</strong></span> <span class='ocrx_word' id='word_1_329' title='bbox 1515 3645 1567 3700; x_wconf 94' lang='lat' dir='ltr'><strong>in</strong></span> <span class='ocrx_word' id='word_1_330' title='bbox 1601 3646 1812 3716; x_wconf 86' lang='lat' dir='ltr'><strong>linguis.</strong></span> <span class='ocrx_word' id='word_1_331' title='bbox 1849 3647 1916 3702; x_wconf 89' lang='lat' dir='ltr'><strong>Et</strong></span> <span class='ocrx_word' id='word_1_332' title='bbox 1947 3648 2073 3718; x_wconf 89' lang='lat' dir='ltr'><strong>quid</strong></span> 
     </span>
    </p>
   </div>
   <div class='ocr_carea' id='block_1_39' title="bbox 492 3737 2075 3808">
    <p class='ocr_par' dir='ltr' id='par_1_39' title="bbox 492 3737 2075 3808">
     <span class='ocr_line' id='line_1_39' title="bbox 492 3737 2075 3808; baseline 0.001 -15"><span class='ocrx_word' id='word_1_333' title='bbox 492 3741 615 3803; x_wconf 88' lang='lat' dir='ltr'><strong>hoc,</strong></span> <span class='ocrx_word' id='word_1_334' title='bbox 649 3738 896 3808; x_wconf 82' lang='lat' dir='ltr'><strong>inquies?</strong></span> <span class='ocrx_word' id='word_1_335' title='bbox 925 3751 1097 3806; x_wconf 87' lang='lat' dir='ltr'><strong>neque</strong></span> <span class='ocrx_word' id='word_1_336' title='bbox 1139 3737 1282 3793; x_wconf 88' lang='lat' dir='ltr'><strong>enim</strong></span> <span class='ocrx_word' id='word_1_337' title='bbox 1311 3737 1665 3793; x_wconf 83' lang='lat' dir='ltr'><strong>sufﬁcientem</strong></span> <span class='ocrx_word' id='word_1_338' title='bbox 1695 3739 1929 3794; x_wconf 85' lang='lat' dir='ltr'><strong>ostendit</strong></span> <span class='ocrx_word' id='word_1_339' title='bbox 1952 3755 2075 3796; x_wconf 84' lang='lat' dir='ltr'><strong>esse</strong></span> 
     </span>
    </p>
   </div>
   <div class='ocr_carea' id='block_1_40' title="bbox 494 3828 2077 3898">
    <p class='ocr_par' dir='ltr' id='par_1_40' title="bbox 494 3828 2077 3898">
     <span class='ocr_line' id='line_1_40' title="bbox 494 3828 2077 3898; baseline 0.003 -15"><span class='ocrx_word' id='word_1_340' title='bbox 494 3830 852 3898; x_wconf 85' lang='lat' dir='ltr'><strong>prophetiam,</strong></span> <span class='ocrx_word' id='word_1_341' title='bbox 883 3828 928 3883; x_wconf 87' lang='lat' dir='ltr'><strong>si</strong></span> <span class='ocrx_word' id='word_1_342' title='bbox 955 3828 1075 3882; x_wconf 89' lang='lat' dir='ltr'><strong>aliis</strong></span> <span class='ocrx_word' id='word_1_343' title='bbox 1103 3829 1363 3897; x_wconf 86' lang='lat' dir='ltr'><strong>permittit</strong></span> <span class='ocrx_word' id='word_1_344' title='bbox 1383 3829 1662 3898; x_wconf 87' lang='lat' dir='ltr'><strong>judicium.</strong></span> <span class='ocrx_word' id='word_1_345' title='bbox 1697 3830 1810 3886; x_wconf 91' lang='lat' dir='ltr'><strong>lmo</strong></span> <span class='ocrx_word' id='word_1_346' title='bbox 1838 3847 1968 3888; x_wconf 84' lang='lat' dir='ltr'><strong>vero</strong></span> <span class='ocrx_word' id='word_1_347' title='bbox 1993 3842 2077 3888; x_wconf 88' lang='lat' dir='ltr'><strong>est</strong></span> 
     </span>
    </p>
   </div>
   <div class='ocr_carea' id='block_1_41' title="bbox 495 3917 2073 3986">
    <p class='ocr_par' dir='ltr' id='par_1_41' title="bbox 495 3917 2073 3986">
     <span class='ocr_line' id='line_1_41' title="bbox 495 3917 2073 3986; baseline 0.005 -16"><span class='ocrx_word' id='word_1_348' title='bbox 495 3918 649 3973; x_wconf 84' lang='lat' dir='ltr'><strong>valde</strong></span> <span class='ocrx_word' id='word_1_349' title='bbox 677 3917 990 3973; x_wconf 77' lang='lat' dir='ltr'><strong>sufﬁciens:</strong></span> <span class='ocrx_word' id='word_1_350' title='bbox 1024 3931 1198 3986; x_wconf 88' lang='lat' dir='ltr'><strong>neque</strong></span> <span class='ocrx_word' id='word_1_351' title='bbox 1241 3918 1385 3972; x_wconf 90' lang='lat' dir='ltr'><strong>enim</strong></span> <span class='ocrx_word' id='word_1_352' title='bbox 1434 3919 1559 3974; x_wconf 89' lang='lat' dir='ltr'><strong>huic</strong></span> <span class='ocrx_word' id='word_1_353' title='bbox 1601 3920 1738 3976; x_wconf 89' lang='lat' dir='ltr'><strong>sicut</strong></span> <span class='ocrx_word' id='word_1_354' title='bbox 1774 3922 1851 3976; x_wconf 89' lang='lat' dir='ltr'><strong>illi</strong></span> <span class='ocrx_word' id='word_1_355' title='bbox 1886 3936 1949 3977; x_wconf 88' lang='lat' dir='ltr'><strong>os</strong></span> <span class='ocrx_word' id='word_1_356' title='bbox 1975 3923 2073 3978; x_wconf 84' lang='lat' dir='ltr'><strong>ob-</strong></span> 
     </span>
    </p>
   </div>
   <div class='ocr_carea' id='block_1_42' title="bbox 495 4009 2075 4086">
    <p class='ocr_par' dir='ltr' id='par_1_42' title="bbox 495 4009 2075 4086">
     <span class='ocr_line' id='line_1_42' title="bbox 495 4009 2075 4086; baseline 0.004 -21"><span class='ocrx_word' id='word_1_357' title='bbox 495 4010 709 4074; x_wconf 81' lang='lat' dir='ltr'><strong>struxit,</strong></span> <span class='ocrx_word' id='word_1_358' title='bbox 735 4019 790 4066; x_wconf 90' lang='lat' dir='ltr'><strong>et</strong></span> <span class='ocrx_word' id='word_1_359' title='bbox 810 4010 1078 4066; x_wconf 88' lang='lat' dir='ltr'><strong>silentium</strong></span> <span class='ocrx_word' id='word_1_360' title='bbox 1108 4009 1318 4074; x_wconf 74' lang='lat' dir='ltr'><strong>indixit,</strong></span> <span class='ocrx_word' id='word_1_361' title='bbox 1347 4012 1390 4066; x_wconf 88' lang='lat' dir='ltr'><strong>si</strong></span> <span class='ocrx_word' id='word_1_362' title='bbox 1420 4027 1524 4068; x_wconf 90' lang='lat' dir='ltr'><strong>non</strong></span> <span class='ocrx_word' id='word_1_363' title='bbox 1546 4014 1614 4068; x_wconf 88' lang='lat' dir='ltr'><strong>sit</strong></span> <span class='ocrx_word' id='word_1_364' title='bbox 1637 4016 1726 4084; x_wconf 89' lang='lat' dir='ltr'><strong>qui</strong></span> <span class='ocrx_word' id='word_1_365' title='bbox 1754 4015 2075 4086; x_wconf 87' lang='lat' dir='ltr'><strong>interprete-</strong></span> 
     </span>
    </p>
   </div>
   <div class='ocr_carea' id='block_1_43' title="bbox 495 4100 2074 4177">
    <p class='ocr_par' dir='ltr' id='par_1_43' title="bbox 495 4100 2074 4177">
     <span class='ocr_line' id='line_1_43' title="bbox 495 4100 2074 4177; baseline 0.004 -20"><span class='ocrx_word' id='word_1_366' title='bbox 495 4114 614 4169; x_wconf 86' lang='lat' dir='ltr'><strong>tur;</strong></span> <span class='ocrx_word' id='word_1_367' title='bbox 645 4116 818 4173; x_wconf 85' lang='lat' dir='ltr'><strong>neque</strong></span> <span class='ocrx_word' id='word_1_368' title='bbox 841 4101 981 4156; x_wconf 86' lang='lat' dir='ltr'><strong>sicut</strong></span> <span class='ocrx_word' id='word_1_369' title='bbox 1003 4101 1071 4158; x_wconf 93' lang='lat' dir='ltr'><strong>de</strong></span> <span class='ocrx_word' id='word_1_370' title='bbox 1101 4101 1194 4156; x_wconf 91' lang='lat' dir='ltr'><strong>illo</strong></span> <span class='ocrx_word' id='word_1_371' title='bbox 1218 4100 1373 4169; x_wconf 83' lang='lat' dir='ltr'><strong>dixit,</strong></span> <span class='ocrx_word' id='word_1_372' title='bbox 1400 4101 1468 4158; x_wconf 86' lang='lat' dir='ltr'><strong>Si</strong></span> <span class='ocrx_word' id='word_1_373' title='bbox 1491 4119 1592 4158; x_wconf 88' lang='lat' dir='ltr'><strong>non</strong></span> <span class='ocrx_word' id='word_1_374' title='bbox 1619 4105 1682 4158; x_wconf 85' lang='lat' dir='ltr'><strong>sit</strong></span> <span class='ocrx_word' id='word_1_375' title='bbox 1705 4105 1968 4177; x_wconf 71' lang='lat' dir='ltr'><strong>interpres,</strong></span> <span class='ocrx_word' id='word_1_376' title='bbox 1993 4119 2074 4162; x_wconf 90' lang='lat' dir='ltr'><strong>ta-</strong></span> 
     </span>
    </p>
   </div>
   <div class='ocr_carea' id='block_1_44' title="bbox 493 4191 2076 4266">
    <p class='ocr_par' dir='ltr' id='par_1_44' title="bbox 493 4191 2076 4266">
     <span class='ocr_line' id='line_1_44' title="bbox 493 4191 2076 4266; baseline 0.004 -18"><span class='ocrx_word' id='word_1_377' title='bbox 493 4204 601 4248; x_wconf 72' lang='lat' dir='ltr'><strong>rect</strong></span> <span class='ocrx_word' id='word_1_378' title='bbox 629 4208 650 4248; x_wconf 92' lang='lat'><strong><em>:</em></strong></span> <span class='ocrx_word' id='word_1_379' title='bbox 679 4196 748 4248; x_wconf 86' lang='lat' dir='ltr'><strong>ita</strong></span> <span class='ocrx_word' id='word_1_380' title='bbox 775 4193 845 4248; x_wconf 88' lang='lat' dir='ltr'><strong>de</strong></span> <span class='ocrx_word' id='word_1_381' title='bbox 871 4191 973 4248; x_wconf 87' lang='lat' dir='ltr'><strong>hoe</strong></span> <span class='ocrx_word' id='word_1_382' title='bbox 995 4206 1230 4263; x_wconf 90' lang='lat' dir='ltr'><strong>quoque,</strong></span> <span class='ocrx_word' id='word_1_383' title='bbox 1254 4191 1311 4247; x_wconf 90' lang='lat' dir='ltr'><strong>Si</strong></span> <span class='ocrx_word' id='word_1_384' title='bbox 1339 4207 1448 4248; x_wconf 91' lang='lat' dir='ltr'><strong>non</strong></span> <span class='ocrx_word' id='word_1_385' title='bbox 1474 4193 1542 4248; x_wconf 89' lang='lat' dir='ltr'><strong>sit</strong></span> <span class='ocrx_word' id='word_1_386' title='bbox 1566 4194 1657 4266; x_wconf 89' lang='lat' dir='ltr'><strong>qui</strong></span> <span class='ocrx_word' id='word_1_387' title='bbox 1687 4194 1980 4265; x_wconf 89' lang='lat' dir='ltr'><strong>discernat,</strong></span> <span class='ocrx_word' id='word_1_388' title='bbox 2009 4214 2076 4254; x_wconf 90' lang='lat' dir='ltr'><strong>ne</strong></span> 
     </span>
    </p>
   </div>
   <div class='ocr_carea' id='block_1_45' title="bbox 495 4286 2075 4359">
    <p class='ocr_par' dir='ltr' id='par_1_45' title="bbox 495 4286 2075 4359">
     <span class='ocr_line' id='line_1_45' title="bbox 495 4286 2075 4359; baseline 0.002 -16"><span class='ocrx_word' id='word_1_389' title='bbox 495 4286 817 4359; x_wconf 80' lang='lat' dir='ltr'><strong>prephetet;</strong></span> <span class='ocrx_word' id='word_1_390' title='bbox 858 4286 954 4343; x_wconf 88' lang='lat' dir='ltr'><strong>sed</strong></span> <span class='ocrx_word' id='word_1_391' title='bbox 992 4286 1166 4342; x_wconf 85' lang='lat' dir='ltr'><strong>solum</strong></span> <span class='ocrx_word' id='word_1_392' title='bbox 1205 4287 1398 4342; x_wconf 88' lang='lat' dir='ltr'><strong>muniit</strong></span> <span class='ocrx_word' id='word_1_393' title='bbox 1437 4287 1760 4344; x_wconf 84' lang='lat' dir='ltr'><strong>auditorem.</strong></span> <span class='ocrx_word' id='word_1_394' title='bbox 1795 4289 1908 4346; x_wconf 80' lang='lat' dir='ltr'><strong>Hoc</strong></span> <span class='ocrx_word' id='word_1_395' title='bbox 1931 4291 2075 4346; x_wconf 91' lang='lat' dir='ltr'><strong>enim</strong></span> 
     </span>
    </p>
   </div>
   <div class='ocr_carea' id='block_1_46' title="bbox 493 4378 2078 4447">
    <p class='ocr_par' dir='ltr' id='par_1_46' title="bbox 493 4378 2078 4447">
     <span class='ocr_line' id='line_1_46' title="bbox 493 4378 2078 4447; baseline 0.003 -11"><span class='ocrx_word' id='word_1_396' title='bbox 493 4381 628 4436; x_wconf 80' lang='lat' dir='ltr'><strong>dixit</strong></span> <span class='ocrx_word' id='word_1_397' title='bbox 662 4379 728 4435; x_wconf 86' lang='lat' dir='ltr'><strong>ad</strong></span> <span class='ocrx_word' id='word_1_398' title='bbox 755 4393 851 4436; x_wconf 89' lang='lat' dir='ltr'><strong>eos</strong></span> <span class='ocrx_word' id='word_1_399' title='bbox 879 4378 1182 4436; x_wconf 87' lang='lat' dir='ltr'><strong>monendos</strong></span> <span class='ocrx_word' id='word_1_400' title='bbox 1209 4387 1269 4434; x_wconf 91' lang='lat' dir='ltr'><strong>ut</strong></span> <span class='ocrx_word' id='word_1_401' title='bbox 1303 4389 1580 4447; x_wconf 78' lang='lat' dir='ltr'><strong>caverent,</strong></span> <span class='ocrx_word' id='word_1_402' title='bbox 1613 4395 1682 4436; x_wconf 86' lang='lat' dir='ltr'><strong>ne</strong></span> <span class='ocrx_word' id='word_1_403' title='bbox 1715 4381 1852 4438; x_wconf 89' lang='lat' dir='ltr'><strong>inter</strong></span> <span class='ocrx_word' id='word_1_404' title='bbox 1875 4397 1969 4439; x_wconf 90' lang='lat' dir='ltr'><strong>eos</strong></span> <span class='ocrx_word' id='word_1_405' title='bbox 1997 4385 2078 4439; x_wconf 91' lang='lat' dir='ltr'><strong>in-</strong></span> 
     </span>
    </p>
   </div>
   <div class='ocr_carea' id='block_1_47' title="bbox 492 4470 2077 4546">
    <p class='ocr_par' dir='ltr' id='par_1_47' title="bbox 492 4470 2077 4546">
     <span class='ocr_line' id='line_1_47' title="bbox 492 4470 2077 4546; baseline 0.001 -18"><span class='ocrx_word' id='word_1_406' title='bbox 492 4479 740 4529; x_wconf 85' lang='lat' dir='ltr'><strong>curreret</strong></span> <span class='ocrx_word' id='word_1_407' title='bbox 776 4479 928 4528; x_wconf 84' lang='lat' dir='ltr'><strong>vates</strong></span> <span class='ocrx_word' id='word_1_408' title='bbox 962 4485 1027 4526; x_wconf 87' lang='lat' dir='ltr'><strong>ac</strong></span> <span class='ocrx_word' id='word_1_409' title='bbox 1053 4470 1340 4527; x_wconf 84' lang='lat' dir='ltr'><strong>divinator.</strong></span> <span class='ocrx_word' id='word_1_410' title='bbox 1373 4470 1506 4526; x_wconf 90' lang='lat' dir='ltr'><strong>Nam</strong></span> <span class='ocrx_word' id='word_1_411' title='bbox 1537 4472 1699 4527; x_wconf 90' lang='lat' dir='ltr'><strong>etiam</strong></span> <span class='ocrx_word' id='word_1_412' title='bbox 1730 4473 1782 4528; x_wconf 91' lang='lat' dir='ltr'><strong>in</strong></span> <span class='ocrx_word' id='word_1_413' title='bbox 1814 4474 2077 4546; x_wconf 83' lang='lat' dir='ltr'><strong>principio</strong></span> 
     </span>
    </p>
   </div>
   <div class='ocr_carea' id='block_1_48' title="bbox 496 4563 2078 4636">
    <p class='ocr_par' dir='ltr' id='par_1_48' title="bbox 496 4563 2078 4636">
     <span class='ocr_line' id='line_1_48' title="bbox 496 4563 2078 4636; baseline 0 -14"><span class='ocrx_word' id='word_1_414' title='bbox 496 4569 601 4622; x_wconf 90' lang='lat' dir='ltr'><strong>hoc</strong></span> <span class='ocrx_word' id='word_1_415' title='bbox 622 4565 778 4635; x_wconf 84' lang='lat' dir='ltr'><strong>jussit</strong></span> <span class='ocrx_word' id='word_1_416' title='bbox 805 4579 997 4621; x_wconf 85' lang='lat' dir='ltr'><strong>cavere</strong></span> <span class='ocrx_word' id='word_1_417' title='bbox 1017 4605 1032 4630; x_wconf 93' lang='lat'><strong>,</strong></span> <span class='ocrx_word' id='word_1_418' title='bbox 1063 4564 1276 4636; x_wconf 89' lang='lat' dir='ltr'><strong>quando</strong></span> <span class='ocrx_word' id='word_1_419' title='bbox 1319 4563 1666 4621; x_wconf 83' lang='lat' dir='ltr'><strong>divinationis</strong></span> <span class='ocrx_word' id='word_1_420' title='bbox 1700 4573 1757 4620; x_wconf 89' lang='lat' dir='ltr'><strong>et</strong></span> <span class='ocrx_word' id='word_1_421' title='bbox 1783 4567 2078 4636; x_wconf 78' lang='lat' dir='ltr'><strong>prephetise</strong></span> 
     </span>
    </p>
   </div>
   <div class='ocr_carea' id='block_1_49' title="bbox 495 4654 2079 4725">
    <p class='ocr_par' dir='ltr' id='par_1_49' title="bbox 495 4654 2079 4725">
     <span class='ocr_line' id='line_1_49' title="bbox 495 4654 2079 4725; baseline 0.001 -12"><span class='ocrx_word' id='word_1_422' title='bbox 495 4658 676 4714; x_wconf 84' lang='lat' dir='ltr'><strong>attulit</strong></span> <span class='ocrx_word' id='word_1_423' title='bbox 703 4655 1093 4722; x_wconf 68' lang='lat' dir='ltr'><strong>diderentiam;</strong></span> <span class='ocrx_word' id='word_1_424' title='bbox 1125 4665 1182 4712; x_wconf 90' lang='lat' dir='ltr'><strong>et</strong></span> <span class='ocrx_word' id='word_1_425' title='bbox 1203 4669 1346 4712; x_wconf 87' lang='lat' dir='ltr'><strong>nunc</strong></span> <span class='ocrx_word' id='word_1_426' title='bbox 1374 4656 1548 4725; x_wconf 89' lang='lat' dir='ltr'><strong>ipsum</strong></span> <span class='ocrx_word' id='word_1_427' title='bbox 1583 4654 1732 4725; x_wconf 86' lang='lat' dir='ltr'><strong>jubet</strong></span> <span class='ocrx_word' id='word_1_428' title='bbox 1770 4655 2079 4714; x_wconf 89' lang='lat' dir='ltr'><strong>discernere</strong></span> 
     </span>
    </p>
   </div>
   <div class='ocr_carea' id='block_1_50' title="bbox 466 4746 2079 4820">
    <p class='ocr_par' dir='ltr' id='par_1_50' title="bbox 466 4746 2079 4820">
     <span class='ocr_line' id='line_1_50' title="bbox 466 4746 2079 4820; baseline -0.001 -13"><span class='ocrx_word' id='word_1_429' title='bbox 466 4793 469 4796; x_wconf 89' lang='grc'><strong>-</strong></span> <span class='ocrx_word' id='word_1_430' title='bbox 497 4761 553 4807; x_wconf 90' lang='lat' dir='ltr'><strong>et</strong></span> <span class='ocrx_word' id='word_1_431' title='bbox 580 4749 944 4814; x_wconf 87' lang='lat' dir='ltr'><strong>considerare,</strong></span> <span class='ocrx_word' id='word_1_432' title='bbox 966 4763 1035 4805; x_wconf 90' lang='lat' dir='ltr'><strong>ne</strong></span> <span class='ocrx_word' id='word_1_433' title='bbox 1058 4749 1185 4820; x_wconf 91' lang='lat' dir='ltr'><strong>quid</strong></span> <span class='ocrx_word' id='word_1_434' title='bbox 1214 4750 1415 4818; x_wconf 85' lang='lat' dir='ltr'><strong>irrepat</strong></span> <span class='ocrx_word' id='word_1_435' title='bbox 1438 4746 1781 4804; x_wconf 91' lang='lat' dir='ltr'><strong>diabolicum.</strong></span> <span class='ocrx_word' id='word_1_436' title='bbox 1811 4747 1902 4806; x_wconf 75' lang='lat'><strong>30.</strong></span> <span class='ocrx_word' id='word_1_437' title='bbox 1925 4749 2079 4818; x_wconf 74' lang='lat' dir='ltr'><strong>Quod</strong></span> 
     </span>
    </p>
   </div>
   <div class='ocr_carea' id='block_1_51' title="bbox 496 4839 2080 4911">
    <p class='ocr_par' dir='ltr' id='par_1_51' title="bbox 496 4839 2080 4911">
     <span class='ocr_line' id='line_1_51' title="bbox 496 4839 2080 4911; baseline 0 -14"><span class='ocrx_word' id='word_1_438' title='bbox 496 4844 541 4898; x_wconf 89' lang='lat' dir='ltr'><strong>si</strong></span> <span class='ocrx_word' id='word_1_439' title='bbox 567 4843 656 4896; x_wconf 83' lang='lat' dir='ltr'><strong>alii</strong></span> <span class='ocrx_word' id='word_1_440' title='bbox 679 4843 950 4895; x_wconf 81' lang='lat' dir='ltr'><strong>revelatum</strong></span> <span class='ocrx_word' id='word_1_441' title='bbox 989 4841 1054 4894; x_wconf 81' lang='lat' dir='ltr'><strong>sit</strong></span> <span class='ocrx_word' id='word_1_442' title='bbox 1081 4840 1290 4907; x_wconf 84' lang='lat' dir='ltr'><strong>sedenti,</strong></span> <span class='ocrx_word' id='word_1_443' title='bbox 1322 4840 1462 4911; x_wconf 85' lang='lat' dir='ltr'><strong>prior</strong></span> <span class='ocrx_word' id='word_1_444' title='bbox 1499 4848 1678 4895; x_wconf 83' lang='lat' dir='ltr'><strong>taceat.</strong></span> <span class='ocrx_word' id='word_1_445' title='bbox 1727 4839 1818 4897; x_wconf 72' lang='lat'><strong>31.</strong></span> <span class='ocrx_word' id='word_1_446' title='bbox 1863 4840 2080 4898; x_wconf 84' lang='lat' dir='ltr'><strong>Potestis</strong></span> 
     </span>
    </p>
   </div>
   <div class='ocr_carea' id='block_1_52' title="bbox 498 4931 2080 5002">
    <p class='ocr_par' dir='ltr' id='par_1_52' title="bbox 498 4931 2080 5002">
     <span class='ocr_line' id='line_1_52' title="bbox 498 4931 2080 5002; baseline -0.001 -13"><span class='ocrx_word' id='word_1_447' title='bbox 498 4936 632 4989; x_wconf 86' lang='lat' dir='ltr'><strong>enim</strong></span> <span class='ocrx_word' id='word_1_448' title='bbox 660 4949 833 4988; x_wconf 84' lang='lat' dir='ltr'><strong>onum</strong></span> <span class='ocrx_word' id='word_1_449' title='bbox 858 4947 948 5002; x_wconf 85' lang='lat' dir='ltr'><strong>per</strong></span> <span class='ocrx_word' id='word_1_450' title='bbox 975 4931 1203 5002; x_wconf 74' lang='lat' dir='ltr'><strong>singulos</strong></span> <span class='ocrx_word' id='word_1_451' title='bbox 1229 4933 1551 5002; x_wconf 84' lang='lat' dir='ltr'><strong>prophetare,</strong></span> <span class='ocrx_word' id='word_1_452' title='bbox 1579 4941 1638 4987; x_wconf 88' lang='lat' dir='ltr'><strong>ut</strong></span> <span class='ocrx_word' id='word_1_453' title='bbox 1673 4947 1844 4989; x_wconf 86' lang='lat' dir='ltr'><strong>omnes</strong></span> <span class='ocrx_word' id='word_1_454' title='bbox 1883 4933 2080 4989; x_wconf 86' lang='lat' dir='ltr'><strong>discant</strong></span> 
     </span>
    </p>
   </div>
   <div class='ocr_carea' id='block_1_53' title="bbox 497 5021 2077 5129">
    <p class='ocr_par' dir='ltr' id='par_1_53' title="bbox 497 5021 2077 5129">
     <span class='ocr_line' id='line_1_53' title="bbox 497 5021 2077 5129; baseline 0.002 -50"><span class='ocrx_word' id='word_1_455' title='bbox 497 5036 546 5079; x_wconf 82' lang='lat' dir='ltr'><strong>et</strong></span> <span class='ocrx_word' id='word_1_456' title='bbox 564 5023 1098 5129; x_wconf 44' lang='lat' dir='ltr'><strong>omneqexltortentur.</strong></span> <span class='ocrx_word' id='word_1_457' title='bbox 1130 5021 1269 5089; x_wconf 86' lang='lat' dir='ltr'><strong>Quid</strong></span> <span class='ocrx_word' id='word_1_458' title='bbox 1290 5031 1374 5078; x_wconf 84' lang='lat' dir='ltr'><strong>est</strong></span> <span class='ocrx_word' id='word_1_459' title='bbox 1391 5022 1536 5094; x_wconf 87' lang='lat' dir='ltr'><strong>quod</strong></span> <span class='ocrx_word' id='word_1_460' title='bbox 1553 5023 1755 5079; x_wconf 86' lang='lat' dir='ltr'><strong>dictum</strong></span> <span class='ocrx_word' id='word_1_461' title='bbox 1782 5035 1866 5080; x_wconf 83' lang='lat' dir='ltr'><strong>est</strong></span> <span class='ocrx_word' id='word_1_462' title='bbox 1885 5025 1909 5080; x_wconf 83' lang='lat'><strong>?</strong></span> <span class='ocrx_word' id='word_1_463' title='bbox 1926 5025 1980 5082; x_wconf 87' lang='lat' dir='ltr'><strong>Si</strong></span> <span class='ocrx_word' id='word_1_464' title='bbox 2006 5034 2077 5094; x_wconf 82' lang='lat' dir='ltr'><strong>te,</strong></span> 
     </span>
    </p>
   </div>
   <div class='ocr_carea' id='block_1_54' title="bbox 501 5114 2078 5189">
    <p class='ocr_par' dir='ltr' id='par_1_54' title="bbox 501 5114 2078 5189">
     <span class='ocr_line' id='line_1_54' title="bbox 501 5114 2078 5189; baseline 0.002 -19"><span class='ocrx_word' id='word_1_465' title='bbox 501 5118 692 5188; x_wconf 86' lang='lat' dir='ltr'><strong>inquit,</strong></span> <span class='ocrx_word' id='word_1_466' title='bbox 718 5114 1074 5189; x_wconf 77' lang='lat' dir='ltr'><strong>prophetante</strong></span> <span class='ocrx_word' id='word_1_467' title='bbox 1099 5123 1152 5172; x_wconf 89' lang='lat' dir='ltr'><strong>et</strong></span> <span class='ocrx_word' id='word_1_468' title='bbox 1176 5114 1448 5186; x_wconf 80' lang='lat' dir='ltr'><strong>loquente,</strong></span> <span class='ocrx_word' id='word_1_469' title='bbox 1473 5115 1694 5174; x_wconf 80' lang='lat' dir='ltr'><strong>alterius</strong></span> <span class='ocrx_word' id='word_1_470' title='bbox 1713 5118 1932 5188; x_wconf 85' lang='lat' dir='ltr'><strong>spiritus</strong></span> <span class='ocrx_word' id='word_1_471' title='bbox 1956 5131 2078 5174; x_wconf 90' lang='lat' dir='ltr'><strong>eum</strong></span> 
     </span>
    </p>
   </div>
   <div class='ocr_carea' id='block_1_55' title="bbox 500 5209 2080 5278">
    <p class='ocr_par' dir='ltr' id='par_1_55' title="bbox 500 5209 2080 5278">
     <span class='ocr_line' id='line_1_55' title="bbox 500 5209 2080 5278; baseline 0.002 -13"><span class='ocrx_word' id='word_1_472' title='bbox 500 5211 835 5275; x_wconf 79' lang='lat' dir='ltr'><strong>excitaverit,</strong></span> <span class='ocrx_word' id='word_1_473' title='bbox 869 5219 985 5266; x_wconf 88' lang='lat' dir='ltr'><strong>tace</strong></span> <span class='ocrx_word' id='word_1_474' title='bbox 1009 5209 1079 5267; x_wconf 87' lang='lat' dir='ltr'><strong>de</strong></span> <span class='ocrx_word' id='word_1_475' title='bbox 1103 5217 1327 5268; x_wconf 71' lang='lat' dir='ltr'><strong>caetero.</strong></span> <span class='ocrx_word' id='word_1_476' title='bbox 1367 5209 1519 5278; x_wconf 85' lang='lat' dir='ltr'><strong>Quod</strong></span> <span class='ocrx_word' id='word_1_477' title='bbox 1540 5211 1686 5267; x_wconf 86' lang='lat' dir='ltr'><strong>enim</strong></span> <span class='ocrx_word' id='word_1_478' title='bbox 1713 5211 1849 5268; x_wconf 80' lang='lat' dir='ltr'><strong>dixit</strong></span> <span class='ocrx_word' id='word_1_479' title='bbox 1879 5211 1948 5268; x_wconf 91' lang='lat' dir='ltr'><strong>de</strong></span> <span class='ocrx_word' id='word_1_480' title='bbox 1973 5213 2080 5268; x_wconf 81' lang='lat' dir='ltr'><strong>lin-</strong></span> 
     </span>
    </p>
   </div>
   <div class='ocr_carea' id='block_1_56' title="bbox 504 5301 2082 5374">
    <p class='ocr_par' dir='ltr' id='par_1_56' title="bbox 504 5301 2082 5374">
     <span class='ocr_line' id='line_1_56' title="bbox 504 5301 2082 5374; baseline 0.002 -18"><span class='ocrx_word' id='word_1_481' title='bbox 504 5302 645 5372; x_wconf 84' lang='lat' dir='ltr'><strong>guis,</strong></span> <span class='ocrx_word' id='word_1_482' title='bbox 676 5301 780 5358; x_wconf 88' lang='lat' dir='ltr'><strong>hoe</strong></span> <span class='ocrx_word' id='word_1_483' title='bbox 799 5301 886 5357; x_wconf 91' lang='lat' dir='ltr'><strong>hic</strong></span> <span class='ocrx_word' id='word_1_484' title='bbox 910 5317 1124 5374; x_wconf 87' lang='lat' dir='ltr'><strong>quoque</strong></span> <span class='ocrx_word' id='word_1_485' title='bbox 1145 5302 1312 5373; x_wconf 80' lang='lat' dir='ltr'><strong>exigit</strong></span> <span class='ocrx_word' id='word_1_486' title='bbox 1335 5312 1394 5357; x_wconf 89' lang='lat' dir='ltr'><strong>ut</strong></span> <span class='ocrx_word' id='word_1_487' title='bbox 1422 5304 1514 5357; x_wconf 83' lang='lat' dir='ltr'><strong>li&#39;at</strong></span> <span class='ocrx_word' id='word_1_488' title='bbox 1543 5303 1835 5374; x_wconf 87' lang='lat' dir='ltr'><strong>sigillatim,</strong></span> <span class='ocrx_word' id='word_1_489' title='bbox 1871 5304 1966 5359; x_wconf 86' lang='lat' dir='ltr'><strong>sed</strong></span> <span class='ocrx_word' id='word_1_490' title='bbox 1995 5304 2082 5359; x_wconf 80' lang='lat' dir='ltr'><strong>hic</strong></span> 
     </span>
    </p>
   </div>
   <div class='ocr_carea' id='block_1_57' title="bbox 502 5392 2082 5464">
    <p class='ocr_par' dir='ltr' id='par_1_57' title="bbox 502 5392 2082 5464">
     <span class='ocr_line' id='line_1_57' title="bbox 502 5392 2082 5464; baseline 0.002 -16"><span class='ocrx_word' id='word_1_491' title='bbox 502 5393 737 5448; x_wconf 82' lang='lat' dir='ltr'><strong>divinius</strong></span> <span class='ocrx_word' id='word_1_492' title='bbox 764 5408 778 5445; x_wconf 90' lang='lat'><strong>:</strong></span> <span class='ocrx_word' id='word_1_493' title='bbox 806 5406 912 5448; x_wconf 89' lang='lat' dir='ltr'><strong>non</strong></span> <span class='ocrx_word' id='word_1_494' title='bbox 961 5392 1096 5448; x_wconf 83' lang='lat' dir='ltr'><strong>dixit</strong></span> <span class='ocrx_word' id='word_1_495' title='bbox 1128 5393 1294 5461; x_wconf 88' lang='lat' dir='ltr'><strong>enim,</strong></span> <span class='ocrx_word' id='word_1_496' title='bbox 1323 5393 1626 5464; x_wconf 85' lang='lat' dir='ltr'><strong>Sigillatim,</strong></span> <span class='ocrx_word' id='word_1_497' title='bbox 1654 5394 1771 5462; x_wconf 85' lang='lat' dir='ltr'><strong>sed,</strong></span> <span class='ocrx_word' id='word_1_498' title='bbox 1813 5395 1876 5450; x_wconf 85' lang='lat' dir='ltr'><strong>Si</strong></span> <span class='ocrx_word' id='word_1_499' title='bbox 1899 5396 1989 5450; x_wconf 83' lang='lat' dir='ltr'><strong>alii</strong></span> <span class='ocrx_word' id='word_1_500' title='bbox 2017 5397 2082 5451; x_wconf 87' lang='lat' dir='ltr'><strong>sit</strong></span> 
     </span>
    </p>
   </div>
   <div class='ocr_carea' id='block_1_58' title="bbox 501 5481 2084 5554">
    <p class='ocr_par' dir='ltr' id='par_1_58' title="bbox 501 5481 2084 5554">
     <span class='ocr_line' id='line_1_58' title="bbox 501 5481 2084 5554; baseline 0.001 -14"><span class='ocrx_word' id='word_1_501' title='bbox 501 5485 796 5540; x_wconf 72' lang='lat' dir='ltr'><strong>revelatum.</strong></span> <span class='ocrx_word' id='word_1_502' title='bbox 827 5481 966 5553; x_wconf 91' lang='lat' dir='ltr'><strong>Quid</strong></span> <span class='ocrx_word' id='word_1_503' title='bbox 996 5483 1137 5539; x_wconf 88' lang='lat' dir='ltr'><strong>enim</strong></span> <span class='ocrx_word' id='word_1_504' title='bbox 1166 5483 1341 5538; x_wconf 89' lang='lat' dir='ltr'><strong>adhuc</strong></span> <span class='ocrx_word' id='word_1_505' title='bbox 1364 5498 1502 5554; x_wconf 85' lang='lat' dir='ltr'><strong>opus</strong></span> <span class='ocrx_word' id='word_1_506' title='bbox 1517 5494 1682 5550; x_wconf 84' lang='lat' dir='ltr'><strong>esset,</strong></span> <span class='ocrx_word' id='word_1_507' title='bbox 1706 5500 1827 5540; x_wconf 90' lang='lat' dir='ltr'><strong>cum</strong></span> <span class='ocrx_word' id='word_1_508' title='bbox 1854 5484 1942 5542; x_wconf 92' lang='lat' dir='ltr'><strong>hic</strong></span> <span class='ocrx_word' id='word_1_509' title='bbox 1964 5495 2084 5542; x_wconf 86' lang='lat' dir='ltr'><strong>&#39;mo-</strong></span> 
     </span>
    </p>
   </div>
   <div class='ocr_carea' id='block_1_59' title="bbox 503 5575 2084 5648">
    <p class='ocr_par' dir='ltr' id='par_1_59' title="bbox 503 5575 2084 5648">
     <span class='ocr_line' id='line_1_59' title="bbox 503 5575 2084 5648; baseline 0.001 -16"><span class='ocrx_word' id='word_1_510' title='bbox 503 5589 692 5633; x_wconf 80' lang='lat' dir='ltr'><strong>veatur</strong></span> <span class='ocrx_word' id='word_1_511' title='bbox 737 5577 803 5633; x_wconf 87' lang='lat' dir='ltr'><strong>ad</strong></span> <span class='ocrx_word' id='word_1_512' title='bbox 847 5575 1210 5647; x_wconf 85' lang='lat' dir='ltr'><strong>prophetiam,</strong></span> <span class='ocrx_word' id='word_1_513' title='bbox 1251 5575 1404 5630; x_wconf 89' lang='lat' dir='ltr'><strong>illum</strong></span> <span class='ocrx_word' id='word_1_514' title='bbox 1443 5575 1662 5632; x_wconf 84' lang='lat' dir='ltr'><strong>dicere?</strong></span> <span class='ocrx_word' id='word_1_515' title='bbox 1701 5578 1771 5632; x_wconf 77' lang='lat' dir='ltr'><strong>At</strong></span> <span class='ocrx_word' id='word_1_516' title='bbox 1807 5588 2084 5648; x_wconf 87' lang='lat' dir='ltr'><strong>oporteret</strong></span> 
     </span>
    </p>
   </div>
   <div class='ocr_carea' id='block_1_60' title="bbox 508 5668 2080 5742">
    <p class='ocr_par' dir='ltr' id='par_1_60' title="bbox 508 5668 2080 5742">
     <span class='ocr_line' id='line_1_60' title="bbox 508 5668 2080 5742; baseline 0.002 -18"><span class='ocrx_word' id='word_1_517' title='bbox 508 5670 793 5741; x_wconf 77' lang='lat' dir='ltr'><strong>utrosque?</strong></span> <span class='ocrx_word' id='word_1_518' title='bbox 821 5668 928 5728; x_wconf 84' lang='lat' dir='ltr'><strong>Sed</strong></span> <span class='ocrx_word' id='word_1_519' title='bbox 952 5683 1037 5726; x_wconf 88' lang='lat' dir='ltr'><strong>res</strong></span> <span class='ocrx_word' id='word_1_520' title='bbox 1065 5677 1206 5726; x_wconf 85' lang='lat' dir='ltr'><strong>esset</strong></span> <span class='ocrx_word' id='word_1_521' title='bbox 1234 5668 1459 5725; x_wconf 87' lang='lat' dir='ltr'><strong>absurda</strong></span> <span class='ocrx_word' id='word_1_522' title='bbox 1492 5677 1541 5725; x_wconf 88' lang='lat' dir='ltr'><strong>et</strong></span> <span class='ocrx_word' id='word_1_523' title='bbox 1565 5668 1803 5726; x_wconf 81' lang='lat' dir='ltr'><strong>confusa.</strong></span> <span class='ocrx_word' id='word_1_524' title='bbox 1835 5674 1900 5726; x_wconf 83' lang='lat' dir='ltr'><strong>At</strong></span> <span class='ocrx_word' id='word_1_525' title='bbox 1930 5674 2046 5742; x_wconf 90' lang='lat' dir='ltr'><strong>prio</strong></span> <span class='ocrx_word' id='word_1_526' title='bbox 2065 5703 2080 5714; x_wconf 88' lang='lat'><strong>-</strong></span> 
     </span>
    </p>
   </div>
   <div class='ocr_carea' id='block_1_61' title="bbox 3670 204 3772 262">
    <p class='ocr_par' dir='ltr' id='par_1_61' title="bbox 3670 204 3772 262">
     <span class='ocr_line' id='line_1_61' title="bbox 3670 204 3772 262; baseline -0.02 0"><span class='ocrx_word' id='word_1_527' title='bbox 3670 204 3772 262; x_wconf 67' lang='grc'><strong>31⁵2</strong></span> 
     </span>
    </p>
   </div>
   <div class='ocr_carea' id='block_1_62' title="bbox 2195 325 3778 406">
    <p class='ocr_par' dir='ltr' id='par_1_62' title="bbox 2195 325 3778 406">
     <span class='ocr_line' id='line_1_62' title="bbox 2195 325 3778 406; baseline -0.009 -13"><span class='ocrx_word' id='word_1_528' title='bbox 2195 338 2344 393; x_wconf 85' lang='lat' dir='ltr'><strong>rem?</strong></span> <span class='ocrx_word' id='word_1_529' title='bbox 2372 338 2434 392; x_wconf 86' lang='lat' dir='ltr'><strong>Et</strong></span> <span class='ocrx_word' id='word_1_530' title='bbox 2464 337 2565 391; x_wconf 89' lang='lat' dir='ltr'><strong>hoc</strong></span> <span class='ocrx_word' id='word_1_531' title='bbox 2593 352 2804 406; x_wconf 90' lang='lat' dir='ltr'><strong>quoque</strong></span> <span class='ocrx_word' id='word_1_532' title='bbox 2833 334 3142 390; x_wconf 88' lang='lat' dir='ltr'><strong>absurdum.</strong></span> <span class='ocrx_word' id='word_1_533' title='bbox 3167 331 3455 400; x_wconf 79' lang='lat' dir='ltr'><strong>Propterea</strong></span> <span class='ocrx_word' id='word_1_534' title='bbox 3483 325 3651 391; x_wconf 86' lang='lat' dir='ltr'><strong>enim,</strong></span> <span class='ocrx_word' id='word_1_535' title='bbox 3680 326 3778 381; x_wconf 76' lang='lat' dir='ltr'><strong>illo</strong></span> 
     </span>
    </p>
   </div>
   <div class='ocr_carea' id='block_1_63' title="bbox 2189 421 3771 502">
    <p class='ocr_par' dir='ltr' id='par_1_63' title="bbox 2189 421 3771 502">
     <span class='ocr_line' id='line_1_63' title="bbox 2189 421 3771 502; baseline -0.009 -14"><span class='ocrx_word' id='word_1_536' title='bbox 2189 433 2417 499; x_wconf 80' lang='lat' dir='ltr'><strong>dicente,</strong></span> <span class='ocrx_word' id='word_1_537' title='bbox 2447 435 2589 489; x_wconf 87' lang='lat' dir='ltr'><strong>lmuc</strong></span> <span class='ocrx_word' id='word_1_538' title='bbox 2630 435 2878 488; x_wconf 80' lang='lat' dir='ltr'><strong>movebat</strong></span> <span class='ocrx_word' id='word_1_539' title='bbox 2909 431 3160 502; x_wconf 80' lang='lat' dir='ltr'><strong>Spiritus,</strong></span> <span class='ocrx_word' id='word_1_540' title='bbox 3189 437 3246 481; x_wconf 89' lang='lat' dir='ltr'><strong>ut</strong></span> <span class='ocrx_word' id='word_1_541' title='bbox 3271 427 3358 480; x_wconf 91' lang='lat' dir='ltr'><strong>hic</strong></span> <span class='ocrx_word' id='word_1_542' title='bbox 3385 436 3600 493; x_wconf 81' lang='lat' dir='ltr'><strong>quoque</strong></span> <span class='ocrx_word' id='word_1_543' title='bbox 3619 421 3771 475; x_wconf 85' lang='lat' dir='ltr'><strong>dice-</strong></span> 
     </span>
    </p>
   </div>
   <div class='ocr_carea' id='block_1_64' title="bbox 2188 514 3771 596">
    <p class='ocr_par' dir='ltr' id='par_1_64' title="bbox 2188 514 3771 596">
     <span class='ocr_line' id='line_1_64' title="bbox 2188 514 3771 596; baseline -0.011 -12"><span class='ocrx_word' id='word_1_544' title='bbox 2188 539 2270 584; x_wconf 83' lang='lat' dir='ltr'><strong>ret</strong></span> <span class='ocrx_word' id='word_1_545' title='bbox 2295 527 2512 596; x_wconf 89' lang='lat' dir='ltr'><strong>aliquid.</strong></span> <span class='ocrx_word' id='word_1_546' title='bbox 2547 528 2746 582; x_wconf 88' lang='lat' dir='ltr'><strong>Deinde</strong></span> <span class='ocrx_word' id='word_1_547' title='bbox 2771 525 3051 581; x_wconf 87' lang='lat' dir='ltr'><strong>consolans</strong></span> <span class='ocrx_word' id='word_1_548' title='bbox 3073 536 3216 580; x_wconf 82' lang='lat' dir='ltr'><strong>eum,</strong></span> <span class='ocrx_word' id='word_1_549' title='bbox 3238 519 3323 574; x_wconf 89' lang='lat' dir='ltr'><strong>cui</strong></span> <span class='ocrx_word' id='word_1_550' title='bbox 3346 531 3408 572; x_wconf 85' lang='lat' dir='ltr'><strong>os</strong></span> <span class='ocrx_word' id='word_1_551' title='bbox 3427 516 3527 571; x_wconf 88' lang='lat' dir='ltr'><strong>fuit</strong></span> <span class='ocrx_word' id='word_1_552' title='bbox 3553 514 3771 569; x_wconf 86' lang='lat' dir='ltr'><strong>obstru-</strong></span> 
     </span>
    </p>
   </div>
   <div class='ocr_carea' id='block_1_65' title="bbox 2187 605 3764 684">
    <p class='ocr_par' dir='ltr' id='par_1_65' title="bbox 2187 605 3764 684">
     <span class='ocr_line' id='line_1_65' title="bbox 2187 605 3764 684; baseline -0.008 -12"><span class='ocrx_word' id='word_1_553' title='bbox 2187 627 2353 684; x_wconf 84' lang='lat' dir='ltr'><strong>etum,</strong></span> <span class='ocrx_word' id='word_1_554' title='bbox 2379 618 2508 673; x_wconf 87' lang='lat' dir='ltr'><strong>dicit</strong></span> <span class='ocrx_word' id='word_1_555' title='bbox 2537 635 2550 671; x_wconf 89' lang='lat'><strong>:</strong></span> <span class='ocrx_word' id='word_1_556' title='bbox 2581 617 2800 672; x_wconf 85' lang='lat' dir='ltr'><strong>Potestis</strong></span> <span class='ocrx_word' id='word_1_557' title='bbox 2820 616 2949 670; x_wconf 87' lang='lat' dir='ltr'><strong>enim</strong></span> <span class='ocrx_word' id='word_1_558' title='bbox 2973 627 3143 668; x_wconf 84' lang='lat' dir='ltr'><strong>omnes</strong></span> <span class='ocrx_word' id='word_1_559' title='bbox 3160 608 3422 681; x_wconf 69' lang='lat' dir='ltr'><strong>sigillati»:</strong></span> <span class='ocrx_word' id='word_1_560' title='bbox 3444 605 3764 677; x_wconf 77' lang='lat' dir='ltr'><strong>prophetare,</strong></span> 
     </span>
    </p>
   </div>
   <div class='ocr_carea' id='block_1_66' title="bbox 2187 699 3769 770">
    <p class='ocr_par' dir='ltr' id='par_1_66' title="bbox 2187 699 3769 770">
     <span class='ocr_line' id='line_1_66' title="bbox 2187 699 3769 770; baseline -0.005 -8"><span class='ocrx_word' id='word_1_561' title='bbox 2187 719 2242 762; x_wconf 89' lang='lat' dir='ltr'><strong>ut</strong></span> <span class='ocrx_word' id='word_1_562' title='bbox 2266 725 2435 764; x_wconf 87' lang='lat' dir='ltr'><strong>omnes</strong></span> <span class='ocrx_word' id='word_1_563' title='bbox 2461 711 2653 765; x_wconf 87' lang='lat' dir='ltr'><strong>discant</strong></span> <span class='ocrx_word' id='word_1_564' title='bbox 2683 719 2728 763; x_wconf 87' lang='lat' dir='ltr'><strong>et</strong></span> <span class='ocrx_word' id='word_1_565' title='bbox 2754 723 2924 763; x_wconf 87' lang='lat' dir='ltr'><strong>omnes</strong></span> <span class='ocrx_word' id='word_1_566' title='bbox 2942 706 3280 761; x_wconf 82' lang='lat' dir='ltr'><strong>consolentur.</strong></span> <span class='ocrx_word' id='word_1_567' title='bbox 3309 701 3471 756; x_wconf 82' lang='lat' dir='ltr'><strong>Vides</strong></span> <span class='ocrx_word' id='word_1_568' title='bbox 3499 699 3769 770; x_wconf 86' lang='lat' dir='ltr'><strong>quomodo</strong></span> 
     </span>
    </p>
   </div>
   <div class='ocr_carea' id='block_1_67' title="bbox 2186 791 3766 870">
    <p class='ocr_par' dir='ltr' id='par_1_67' title="bbox 2186 791 3766 870">
     <span class='ocr_line' id='line_1_67' title="bbox 2186 791 3766 870; baseline -0.007 -13"><span class='ocrx_word' id='word_1_569' title='bbox 2186 816 2370 857; x_wconf 88' lang='lat' dir='ltr'><strong>rursus</strong></span> <span class='ocrx_word' id='word_1_570' title='bbox 2395 801 2549 857; x_wconf 83' lang='lat' dir='ltr'><strong>all&#39;ert</strong></span> <span class='ocrx_word' id='word_1_571' title='bbox 2586 815 2821 865; x_wconf 88' lang='lat' dir='ltr'><strong>causam,</strong></span> <span class='ocrx_word' id='word_1_572' title='bbox 2869 807 3088 870; x_wconf 90' lang='lat' dir='ltr'><strong>propter</strong></span> <span class='ocrx_word' id='word_1_573' title='bbox 3115 811 3273 867; x_wconf 88' lang='lat' dir='ltr'><strong>quam</strong></span> <span class='ocrx_word' id='word_1_574' title='bbox 3306 793 3433 848; x_wconf 83' lang='lat' dir='ltr'><strong>facit</strong></span> <span class='ocrx_word' id='word_1_575' title='bbox 3459 791 3681 847; x_wconf 71' lang='lat' dir='ltr'><strong>omnia?</strong></span> <span class='ocrx_word' id='word_1_576' title='bbox 3709 791 3766 847; x_wconf 91' lang='lat' dir='ltr'><strong>Si</strong></span> 
     </span>
    </p>
   </div>
   <div class='ocr_carea' id='block_1_68' title="bbox 2187 886 3766 965">
    <p class='ocr_par' dir='ltr' id='par_1_68' title="bbox 2187 886 3766 965">
     <span class='ocr_line' id='line_1_68' title="bbox 2187 886 3766 965; baseline -0.005 -17"><span class='ocrx_word' id='word_1_577' title='bbox 2187 896 2327 948; x_wconf 88' lang='lat' dir='ltr'><strong>enim</strong></span> <span class='ocrx_word' id='word_1_578' title='bbox 2355 909 2499 962; x_wconf 89' lang='lat' dir='ltr'><strong>eum,</strong></span> <span class='ocrx_word' id='word_1_579' title='bbox 2528 895 2617 965; x_wconf 89' lang='lat' dir='ltr'><strong>qui</strong></span> <span class='ocrx_word' id='word_1_580' title='bbox 2650 893 2843 965; x_wconf 81' lang='lat' dir='ltr'><strong>linguis</strong></span> <span class='ocrx_word' id='word_1_581' title='bbox 2879 892 3134 963; x_wconf 86' lang='lat' dir='ltr'><strong>loquitur,</strong></span> <span class='ocrx_word' id='word_1_582' title='bbox 3167 889 3388 944; x_wconf 92' lang='lat' dir='ltr'><strong>omnino</strong></span> <span class='ocrx_word' id='word_1_583' title='bbox 3413 886 3662 957; x_wconf 88' lang='lat' dir='ltr'><strong>prohibet</strong></span> <span class='ocrx_word' id='word_1_584' title='bbox 3683 886 3766 940; x_wconf 86' lang='lat' dir='ltr'><strong>di-</strong></span> 
     </span>
    </p>
   </div>
   <div class='ocr_carea' id='block_1_69' title="bbox 2186 980 3767 1058">
    <p class='ocr_par' dir='ltr' id='par_1_69' title="bbox 2186 980 3767 1058">
     <span class='ocr_line' id='line_1_69' title="bbox 2186 980 3767 1058; baseline -0.004 -19"><span class='ocrx_word' id='word_1_585' title='bbox 2186 999 2330 1052; x_wconf 79' lang='lat' dir='ltr'><strong>cere,</strong></span> <span class='ocrx_word' id='word_1_586' title='bbox 2359 988 2570 1058; x_wconf 90' lang='lat' dir='ltr'><strong>quando</strong></span> <span class='ocrx_word' id='word_1_587' title='bbox 2613 1003 2718 1042; x_wconf 90' lang='lat' dir='ltr'><strong>non</strong></span> <span class='ocrx_word' id='word_1_588' title='bbox 2753 987 2916 1041; x_wconf 88' lang='lat' dir='ltr'><strong>habet</strong></span> <span class='ocrx_word' id='word_1_589' title='bbox 2955 986 3320 1056; x_wconf 87' lang='lat' dir='ltr'><strong>interpretem,</strong></span> <span class='ocrx_word' id='word_1_590' title='bbox 3356 989 3574 1052; x_wconf 86' lang='lat' dir='ltr'><strong>prepter</strong></span> <span class='ocrx_word' id='word_1_591' title='bbox 3603 980 3767 1034; x_wconf 84' lang='lat' dir='ltr'><strong>inuti-</strong></span> 
     </span>
    </p>
   </div>
   <div class='ocr_carea' id='block_1_70' title="bbox 2187 1073 3765 1150">
    <p class='ocr_par' dir='ltr' id='par_1_70' title="bbox 2187 1073 3765 1150">
     <span class='ocr_line' id='line_1_70' title="bbox 2187 1073 3765 1150; baseline -0.004 -16"><span class='ocrx_word' id='word_1_592' title='bbox 2187 1079 2389 1135; x_wconf 89' lang='lat' dir='ltr'><strong>litatem</strong></span> <span class='ocrx_word' id='word_1_593' title='bbox 2419 1100 2432 1136; x_wconf 90' lang='lat'><strong>:</strong></span> <span class='ocrx_word' id='word_1_594' title='bbox 2462 1083 2654 1137; x_wconf 87' lang='lat' dir='ltr'><strong>merito</strong></span> <span class='ocrx_word' id='word_1_595' title='bbox 2683 1083 2842 1137; x_wconf 89' lang='lat' dir='ltr'><strong>etiam</strong></span> <span class='ocrx_word' id='word_1_596' title='bbox 2881 1079 3242 1150; x_wconf 84' lang='lat' dir='ltr'><strong>prephctiam,</strong></span> <span class='ocrx_word' id='word_1_597' title='bbox 3289 1077 3334 1132; x_wconf 89' lang='lat' dir='ltr'><strong>si</strong></span> <span class='ocrx_word' id='word_1_598' title='bbox 3379 1077 3483 1131; x_wconf 90' lang='lat' dir='ltr'><strong>hoc</strong></span> <span class='ocrx_word' id='word_1_599' title='bbox 3523 1090 3633 1130; x_wconf 88' lang='lat' dir='ltr'><strong>non</strong></span> <span class='ocrx_word' id='word_1_600' title='bbox 3672 1073 3765 1128; x_wconf 82' lang='lat' dir='ltr'><strong>ba-</strong></span> 
     </span>
    </p>
   </div>
   <div class='ocr_carea' id='block_1_71' title="bbox 2186 1167 3766 1236">
    <p class='ocr_par' dir='ltr' id='par_1_71' title="bbox 2186 1167 3766 1236">
     <span class='ocr_line' id='line_1_71' title="bbox 2186 1167 3766 1236; baseline -0.004 -12"><span class='ocrx_word' id='word_1_601' title='bbox 2186 1169 2326 1236; x_wconf 87' lang='lat' dir='ltr'><strong>beat,</strong></span> <span class='ocrx_word' id='word_1_602' title='bbox 2357 1171 2452 1226; x_wconf 92' lang='lat' dir='ltr'><strong>sed</strong></span> <span class='ocrx_word' id='word_1_603' title='bbox 2501 1170 2867 1227; x_wconf 90' lang='lat' dir='ltr'><strong>confusionem</strong></span> <span class='ocrx_word' id='word_1_604' title='bbox 2916 1170 3072 1225; x_wconf 89' lang='lat' dir='ltr'><strong>faciat</strong></span> <span class='ocrx_word' id='word_1_605' title='bbox 3111 1176 3166 1224; x_wconf 88' lang='lat' dir='ltr'><strong>et</strong></span> <span class='ocrx_word' id='word_1_606' title='bbox 3209 1167 3670 1224; x_wconf 84' lang='lat' dir='ltr'><strong>conturbationem</strong></span> <span class='ocrx_word' id='word_1_607' title='bbox 3709 1173 3766 1219; x_wconf 84' lang='lat' dir='ltr'><strong>et</strong></span> 
     </span>
    </p>
   </div>
   <div class='ocr_carea' id='block_1_72' title="bbox 2187 1255 3764 1334">
    <p class='ocr_par' dir='ltr' id='par_1_72' title="bbox 2187 1255 3764 1334">
     <span class='ocr_line' id='line_1_72' title="bbox 2187 1255 3764 1334; baseline -0.005 -17"><span class='ocrx_word' id='word_1_608' title='bbox 2187 1262 2465 1320; x_wconf 91' lang='lat' dir='ltr'><strong>tumultum</strong></span> <span class='ocrx_word' id='word_1_609' title='bbox 2492 1263 2875 1334; x_wconf 82' lang='lat' dir='ltr'><strong>importunum,</strong></span> <span class='ocrx_word' id='word_1_610' title='bbox 2898 1259 3336 1334; x_wconf 86' lang='lat' dir='ltr'><strong>jubeteohibere.</strong></span> <span class='ocrx_word' id='word_1_611' title='bbox 3355 1257 3443 1313; x_wconf 68' lang='lat'><strong>&#39;52.</strong></span> <span class='ocrx_word' id='word_1_612' title='bbox 3472 1256 3539 1309; x_wconf 83' lang='lat' dir='ltr'><strong>Et</strong></span> <span class='ocrx_word' id='word_1_613' title='bbox 3558 1255 3764 1326; x_wconf 83' lang='lat' dir='ltr'><strong>spiritus</strong></span> 
     </span>
    </p>
   </div>
   <div class='ocr_carea' id='block_1_73' title="bbox 2187 1347 3761 1426">
    <p class='ocr_par' dir='ltr' id='par_1_73' title="bbox 2187 1347 3761 1426">
     <span class='ocr_line' id='line_1_73' title="bbox 2187 1347 3761 1426; baseline -0.003 -19"><span class='ocrx_word' id='word_1_614' title='bbox 2187 1355 2546 1425; x_wconf 80' lang='lat' dir='ltr'><strong>prOphetarum</strong></span> <span class='ocrx_word' id='word_1_615' title='bbox 2592 1356 2848 1426; x_wconf 84' lang='lat' dir='ltr'><strong>prophetis</strong></span> <span class='ocrx_word' id='word_1_616' title='bbox 2884 1354 3094 1424; x_wconf 81' lang='lat' dir='ltr'><strong>subjecti</strong></span> <span class='ocrx_word' id='word_1_617' title='bbox 3135 1360 3274 1407; x_wconf 85' lang='lat' dir='ltr'><strong>sunt.</strong></span> <span class='ocrx_word' id='word_1_618' title='bbox 3323 1347 3570 1403; x_wconf 80' lang='lat' dir='ltr'><strong>Vidistiu’</strong></span> <span class='ocrx_word' id='word_1_619' title='bbox 3607 1359 3761 1417; x_wconf 86' lang='lat' dir='ltr'><strong>quam</strong></span> 
     </span>
    </p>
   </div>
   <div class='ocr_carea' id='block_1_74' title="bbox 2183 1438 3759 1514">
    <p class='ocr_par' dir='ltr' id='par_1_74' title="bbox 2183 1438 3759 1514">
     <span class='ocr_line' id='line_1_74' title="bbox 2183 1438 3759 1514; baseline -0.007 -13"><span class='ocrx_word' id='word_1_620' title='bbox 2183 1445 2528 1503; x_wconf 88' lang='lat' dir='ltr'><strong>vehementer</strong></span> <span class='ocrx_word' id='word_1_621' title='bbox 2550 1457 2605 1503; x_wconf 90' lang='lat' dir='ltr'><strong>et</strong></span> <span class='ocrx_word' id='word_1_622' title='bbox 2633 1446 2945 1502; x_wconf 89' lang='lat' dir='ltr'><strong>terribiliter</strong></span> <span class='ocrx_word' id='word_1_623' title='bbox 2964 1459 3085 1501; x_wconf 91' lang='lat' dir='ltr'><strong>eum</strong></span> <span class='ocrx_word' id='word_1_624' title='bbox 3109 1442 3313 1514; x_wconf 89' lang='lat' dir='ltr'><strong>pudore</strong></span> <span class='ocrx_word' id='word_1_625' title='bbox 3334 1439 3612 1496; x_wconf 75' lang='lat' dir='ltr'><strong>olfecerit?</strong></span> <span class='ocrx_word' id='word_1_626' title='bbox 3635 1438 3759 1492; x_wconf 91' lang='lat' dir='ltr'><strong>Nam</strong></span> 
     </span>
    </p>
   </div>
   <div class='ocr_carea' id='block_1_75' title="bbox 2185 1529 3760 1603">
    <p class='ocr_par' dir='ltr' id='par_1_75' title="bbox 2185 1529 3760 1603">
     <span class='ocr_line' id='line_1_75' title="bbox 2185 1529 3760 1603; baseline -0.008 -11"><span class='ocrx_word' id='word_1_627' title='bbox 2185 1554 2252 1594; x_wconf 92' lang='lat' dir='ltr'><strong>ne</strong></span> <span class='ocrx_word' id='word_1_628' title='bbox 2277 1537 2566 1594; x_wconf 89' lang='lat' dir='ltr'><strong>contendat</strong></span> <span class='ocrx_word' id='word_1_629' title='bbox 2591 1536 2751 1592; x_wconf 88' lang='lat' dir='ltr'><strong>homo</strong></span> <span class='ocrx_word' id='word_1_630' title='bbox 2779 1545 2834 1594; x_wconf 89' lang='lat' dir='ltr'><strong>et</strong></span> <span class='ocrx_word' id='word_1_631' title='bbox 2872 1536 3189 1592; x_wconf 89' lang='lat' dir='ltr'><strong>seditionem</strong></span> <span class='ocrx_word' id='word_1_632' title='bbox 3217 1534 3402 1603; x_wconf 86' lang='lat' dir='ltr'><strong>agitet,</strong></span> <span class='ocrx_word' id='word_1_633' title='bbox 3450 1533 3624 1600; x_wconf 90' lang='lat' dir='ltr'><strong>ipsum</strong></span> <span class='ocrx_word' id='word_1_634' title='bbox 3666 1529 3760 1583; x_wconf 81' lang='lat' dir='ltr'><strong>do-</strong></span> 
     </span>
    </p>
   </div>
   <div class='ocr_carea' id='block_1_76' title="bbox 2184 1623 3764 1700">
    <p class='ocr_par' dir='ltr' id='par_1_76' title="bbox 2184 1623 3764 1700">
     <span class='ocr_line' id='line_1_76' title="bbox 2184 1623 3764 1700; baseline -0.004 -16"><span class='ocrx_word' id='word_1_635' title='bbox 2184 1645 2309 1684; x_wconf 90' lang='lat' dir='ltr'><strong>num</strong></span> <span class='ocrx_word' id='word_1_636' title='bbox 2336 1627 2570 1685; x_wconf 89' lang='lat' dir='ltr'><strong>ostendit</strong></span> <span class='ocrx_word' id='word_1_637' title='bbox 2598 1628 2786 1700; x_wconf 89' lang='lat' dir='ltr'><strong>subjici</strong></span> <span class='ocrx_word' id='word_1_638' title='bbox 2819 1645 2833 1682; x_wconf 90' lang='lat'><strong>:</strong></span> <span class='ocrx_word' id='word_1_639' title='bbox 2859 1628 3102 1698; x_wconf 89' lang='lat' dir='ltr'><strong>spiritutn</strong></span> <span class='ocrx_word' id='word_1_640' title='bbox 3123 1626 3266 1681; x_wconf 88' lang='lat' dir='ltr'><strong>enim</strong></span> <span class='ocrx_word' id='word_1_641' title='bbox 3292 1623 3381 1679; x_wconf 92' lang='lat' dir='ltr'><strong>hic</strong></span> <span class='ocrx_word' id='word_1_642' title='bbox 3409 1633 3564 1678; x_wconf 81' lang='lat' dir='ltr'><strong>vocat</strong></span> <span class='ocrx_word' id='word_1_643' title='bbox 3580 1637 3764 1693; x_wconf 80' lang='lat' dir='ltr'><strong>opera-</strong></span> 
     </span>
    </p>
   </div>
   <div class='ocr_carea' id='block_1_77' title="bbox 2184 1719 3762 1792">
    <p class='ocr_par' dir='ltr' id='par_1_77' title="bbox 2184 1719 3762 1792">
     <span class='ocr_line' id='line_1_77' title="bbox 2184 1719 3762 1792; baseline -0.005 -14"><span class='ocrx_word' id='word_1_644' title='bbox 2184 1723 2402 1779; x_wconf 90' lang='lat' dir='ltr'><strong>tionem.</strong></span> <span class='ocrx_word' id='word_1_645' title='bbox 2427 1722 2482 1779; x_wconf 88' lang='lat' dir='ltr'><strong>Si</strong></span> <span class='ocrx_word' id='word_1_646' title='bbox 2512 1732 2688 1779; x_wconf 89' lang='lat' dir='ltr'><strong>autem</strong></span> <span class='ocrx_word' id='word_1_647' title='bbox 2716 1722 2933 1792; x_wconf 88' lang='lat' dir='ltr'><strong>spiritus</strong></span> <span class='ocrx_word' id='word_1_648' title='bbox 2956 1722 3250 1790; x_wconf 85' lang='lat' dir='ltr'><strong>subjicitur,</strong></span> <span class='ocrx_word' id='word_1_649' title='bbox 3276 1720 3446 1774; x_wconf 90' lang='lat' dir='ltr'><strong>multo</strong></span> <span class='ocrx_word' id='word_1_650' title='bbox 3469 1719 3637 1787; x_wconf 81' lang='lat' dir='ltr'><strong>magis</strong></span> <span class='ocrx_word' id='word_1_651' title='bbox 3659 1732 3762 1771; x_wconf 91' lang='lat' dir='ltr'><strong>non</strong></span> 
     </span>
    </p>
   </div>
   <div class='ocr_carea' id='block_1_78' title="bbox 2182 1809 3764 1887">
    <p class='ocr_par' dir='ltr' id='par_1_78' title="bbox 2182 1809 3764 1887">
     <span class='ocr_line' id='line_1_78' title="bbox 2182 1809 3764 1887; baseline -0.006 -16"><span class='ocrx_word' id='word_1_652' title='bbox 2182 1831 2391 1887; x_wconf 78' lang='lat' dir='ltr'><strong>:cquum</strong></span> <span class='ocrx_word' id='word_1_653' title='bbox 2422 1825 2505 1874; x_wconf 91' lang='lat' dir='ltr'><strong>est</strong></span> <span class='ocrx_word' id='word_1_654' title='bbox 2533 1826 2590 1872; x_wconf 93' lang='lat' dir='ltr'><strong>ut</strong></span> <span class='ocrx_word' id='word_1_655' title='bbox 2631 1827 2708 1884; x_wconf 90' lang='lat' dir='ltr'><strong>tu,</strong></span> <span class='ocrx_word' id='word_1_656' title='bbox 2753 1816 2844 1886; x_wconf 87' lang='lat' dir='ltr'><strong>qui</strong></span> <span class='ocrx_word' id='word_1_657' title='bbox 2891 1815 3153 1885; x_wconf 86' lang='lat' dir='ltr'><strong>possides,</strong></span> <span class='ocrx_word' id='word_1_658' title='bbox 3200 1811 3514 1868; x_wconf 77' lang='lat' dir='ltr'><strong>contendas.</strong></span> <span class='ocrx_word' id='word_1_659' title='bbox 3563 1809 3764 1864; x_wconf 86' lang='lat' dir='ltr'><strong>Deinde</strong></span> 
     </span>
    </p>
   </div>
   <div class='ocr_carea' id='block_1_79' title="bbox 2183 1898 3765 1977">
    <p class='ocr_par' dir='ltr' id='par_1_79' title="bbox 2183 1898 3765 1977">
     <span class='ocr_line' id='line_1_79' title="bbox 2183 1898 3765 1977; baseline -0.005 -17"><span class='ocrx_word' id='word_1_660' title='bbox 2183 1907 2415 1962; x_wconf 92' lang='lat' dir='ltr'><strong>ostendit</strong></span> <span class='ocrx_word' id='word_1_661' title='bbox 2443 1906 2584 1977; x_wconf 88' lang='lat' dir='ltr'><strong>quod</strong></span> <span class='ocrx_word' id='word_1_662' title='bbox 2615 1905 2716 1961; x_wconf 92' lang='lat' dir='ltr'><strong>hoc</strong></span> <span class='ocrx_word' id='word_1_663' title='bbox 2741 1920 2953 1976; x_wconf 90' lang='lat' dir='ltr'><strong>quoque</strong></span> <span class='ocrx_word' id='word_1_664' title='bbox 2977 1905 3043 1958; x_wconf 85' lang='lat' dir='ltr'><strong>sit</strong></span> <span class='ocrx_word' id='word_1_665' title='bbox 3073 1905 3181 1958; x_wconf 91' lang='lat' dir='ltr'><strong>Deo</strong></span> <span class='ocrx_word' id='word_1_666' title='bbox 3207 1911 3502 1970; x_wconf 86' lang='lat' dir='ltr'><strong>acceptum,</strong></span> <span class='ocrx_word' id='word_1_667' title='bbox 3535 1898 3765 1967; x_wconf 88' lang='lat' dir='ltr'><strong>subjun-</strong></span> 
     </span>
    </p>
   </div>
   <div class='ocr_carea' id='block_1_80' title="bbox 2181 1990 3761 2071">
    <p class='ocr_par' dir='ltr' id='par_1_80' title="bbox 2181 1990 3761 2071">
     <span class='ocr_line' id='line_1_80' title="bbox 2181 1990 3761 2071; baseline -0.008 -16"><span class='ocrx_word' id='word_1_668' title='bbox 2181 2014 2312 2071; x_wconf 90' lang='lat' dir='ltr'><strong>gens</strong></span> <span class='ocrx_word' id='word_1_669' title='bbox 2336 2008 2391 2056; x_wconf 89' lang='lat' dir='ltr'><strong>et</strong></span> <span class='ocrx_word' id='word_1_670' title='bbox 2421 2000 2608 2056; x_wconf 89' lang='lat' dir='ltr'><strong>dicens</strong></span> <span class='ocrx_word' id='word_1_671' title='bbox 2650 2019 2663 2055; x_wconf 89' lang='lat'>:</span> <span class='ocrx_word' id='word_1_672' title='bbox 2692 1999 2781 2056; x_wconf 76' lang='lat'><strong>3&#39;5.</strong></span> <span class='ocrx_word' id='word_1_673' title='bbox 2825 1996 2947 2052; x_wconf 85' lang='lat' dir='ltr'><strong>Non</strong></span> <span class='ocrx_word' id='word_1_674' title='bbox 2985 1997 3118 2051; x_wconf 86' lang='lat' dir='ltr'><strong>enim</strong></span> <span class='ocrx_word' id='word_1_675' title='bbox 3147 1993 3462 2050; x_wconf 84' lang='lat' dir='ltr'><strong>dissensionis</strong></span> <span class='ocrx_word' id='word_1_676' title='bbox 3486 2001 3562 2045; x_wconf 87' lang='lat' dir='ltr'><strong>est</strong></span> <span class='ocrx_word' id='word_1_677' title='bbox 3600 1990 3761 2050; x_wconf 88' lang='lat' dir='ltr'><strong>Deus,</strong></span> 
     </span>
    </p>
   </div>
   <div class='ocr_carea' id='block_1_81' title="bbox 2181 2084 3762 2162">
    <p class='ocr_par' dir='ltr' id='par_1_81' title="bbox 2181 2084 3762 2162">
     <span class='ocr_line' id='line_1_81' title="bbox 2181 2084 3762 2162; baseline -0.008 -16"><span class='ocrx_word' id='word_1_678' title='bbox 2181 2092 2270 2146; x_wconf 88' lang='lat' dir='ltr'><strong>sed</strong></span> <span class='ocrx_word' id='word_1_679' title='bbox 2293 2091 2450 2162; x_wconf 88' lang='lat' dir='ltr'><strong>pacis,</strong></span> <span class='ocrx_word' id='word_1_680' title='bbox 2485 2092 2612 2146; x_wconf 83' lang='lat' dir='ltr'><strong>sicut</strong></span> <span class='ocrx_word' id='word_1_681' title='bbox 2631 2101 2679 2146; x_wconf 85' lang='lat' dir='ltr'><strong>et</strong></span> <span class='ocrx_word' id='word_1_682' title='bbox 2703 2092 2755 2145; x_wconf 88' lang='lat' dir='ltr'><strong>in</strong></span> <span class='ocrx_word' id='word_1_683' title='bbox 2782 2089 3012 2146; x_wconf 86' lang='lat' dir='ltr'><strong>omnibus</strong></span> <span class='ocrx_word' id='word_1_684' title='bbox 3031 2087 3252 2142; x_wconf 81' lang='lat' dir='ltr'><strong>ecclesiis</strong></span> <span class='ocrx_word' id='word_1_685' title='bbox 3273 2093 3557 2140; x_wconf 82' lang='lat' dir='ltr'><strong>sanctorum</strong></span> <span class='ocrx_word' id='word_1_686' title='bbox 3581 2084 3762 2136; x_wconf 84' lang='lat' dir='ltr'><strong>doceo.</strong></span> 
     </span>
    </p>
   </div>
   <div class='ocr_carea' id='block_1_82' title="bbox 2182 2173 3766 2252">
    <p class='ocr_par' dir='ltr' id='par_1_82' title="bbox 2182 2173 3766 2252">
     <span class='ocr_line' id='line_1_82' title="bbox 2182 2173 3766 2252; baseline -0.007 -15"><span class='ocrx_word' id='word_1_687' title='bbox 2182 2181 2430 2238; x_wconf 84' lang='lat' dir='ltr'><strong>Vidistin’</strong></span> <span class='ocrx_word' id='word_1_688' title='bbox 2457 2191 2589 2252; x_wconf 90' lang='lat' dir='ltr'><strong>quot</strong></span> <span class='ocrx_word' id='word_1_689' title='bbox 2636 2181 2809 2236; x_wconf 90' lang='lat' dir='ltr'><strong>modis</strong></span> <span class='ocrx_word' id='word_1_690' title='bbox 2847 2196 2970 2236; x_wconf 91' lang='lat' dir='ltr'><strong>eum</strong></span> <span class='ocrx_word' id='word_1_691' title='bbox 3023 2179 3076 2233; x_wconf 89' lang='lat' dir='ltr'><strong>in</strong></span> <span class='ocrx_word' id='word_1_692' title='bbox 3125 2176 3398 2234; x_wconf 89' lang='lat' dir='ltr'><strong>silentium</strong></span> <span class='ocrx_word' id='word_1_693' title='bbox 3435 2173 3684 2236; x_wconf 89' lang='lat' dir='ltr'><strong>deduxit,</strong></span> <span class='ocrx_word' id='word_1_694' title='bbox 3712 2181 3766 2228; x_wconf 90' lang='lat' dir='ltr'><strong>et</strong></span> 
     </span>
    </p>
   </div>
   <div class='ocr_carea' id='block_1_83' title="bbox 2181 2264 3761 2343">
    <p class='ocr_par' dir='ltr' id='par_1_83' title="bbox 2181 2264 3761 2343">
     <span class='ocr_line' id='line_1_83' title="bbox 2181 2264 3761 2343; baseline -0.006 -14"><span class='ocrx_word' id='word_1_695' title='bbox 2181 2287 2299 2329; x_wconf 88' lang='lat' dir='ltr'><strong>eum</strong></span> <span class='ocrx_word' id='word_1_696' title='bbox 2331 2273 2420 2343; x_wconf 89' lang='lat' dir='ltr'><strong>qui</strong></span> <span class='ocrx_word' id='word_1_697' title='bbox 2440 2273 2592 2327; x_wconf 87' lang='lat' dir='ltr'><strong>alteri</strong></span> <span class='ocrx_word' id='word_1_698' title='bbox 2618 2272 2760 2328; x_wconf 92' lang='lat' dir='ltr'><strong>cedit</strong></span> <span class='ocrx_word' id='word_1_699' title='bbox 2778 2271 3086 2327; x_wconf 80' lang='lat' dir='ltr'><strong>consolatus</strong></span> <span class='ocrx_word' id='word_1_700' title='bbox 3110 2269 3229 2326; x_wconf 89' lang='lat' dir='ltr'><strong>est?</strong></span> <span class='ocrx_word' id='word_1_701' title='bbox 3251 2281 3345 2338; x_wconf 88' lang='lat' dir='ltr'><strong>per</strong></span> <span class='ocrx_word' id='word_1_702' title='bbox 3367 2281 3531 2322; x_wconf 88' lang='lat' dir='ltr'><strong>unum</strong></span> <span class='ocrx_word' id='word_1_703' title='bbox 3548 2264 3761 2336; x_wconf 87' lang='lat' dir='ltr'><strong>quidem</strong></span> 
     </span>
    </p>
   </div>
   <div class='ocr_carea' id='block_1_84' title="bbox 2181 2359 3760 2438">
    <p class='ocr_par' dir='ltr' id='par_1_84' title="bbox 2181 2359 3760 2438">
     <span class='ocr_line' id='line_1_84' title="bbox 2181 2359 3760 2438; baseline -0.006 -16"><span class='ocrx_word' id='word_1_704' title='bbox 2181 2367 2341 2438; x_wconf 90' lang='lat' dir='ltr'><strong>idque</strong></span> <span class='ocrx_word' id='word_1_705' title='bbox 2371 2365 2718 2437; x_wconf 79' lang='lat' dir='ltr'><strong>praecipuum,</strong></span> <span class='ocrx_word' id='word_1_706' title='bbox 2747 2381 2814 2422; x_wconf 92' lang='lat' dir='ltr'><strong>ne</strong></span> <span class='ocrx_word' id='word_1_707' title='bbox 2839 2365 3092 2422; x_wconf 88' lang='lat' dir='ltr'><strong>videlicet</strong></span> <span class='ocrx_word' id='word_1_708' title='bbox 3116 2364 3184 2420; x_wconf 86' lang='lat' dir='ltr'><strong>ab</strong></span> <span class='ocrx_word' id='word_1_709' title='bbox 3214 2363 3315 2418; x_wconf 85' lang='lat' dir='ltr'><strong>hoc</strong></span> <span class='ocrx_word' id='word_1_710' title='bbox 3335 2362 3476 2415; x_wconf 91' lang='lat' dir='ltr'><strong>faeto</strong></span> <span class='ocrx_word' id='word_1_711' title='bbox 3501 2359 3760 2414; x_wconf 86' lang='lat' dir='ltr'><strong>dissolva-</strong></span> 
     </span>
    </p>
   </div>
   <div class='ocr_carea' id='block_1_85' title="bbox 2180 2449 3759 2528">
    <p class='ocr_par' dir='ltr' id='par_1_85' title="bbox 2180 2449 3759 2528">
     <span class='ocr_line' id='line_1_85' title="bbox 2180 2449 3759 2528; baseline -0.006 -16"><span class='ocrx_word' id='word_1_712' title='bbox 2180 2467 2268 2513; x_wconf 87' lang='lat' dir='ltr'><strong>tur</strong></span> <span class='ocrx_word' id='word_1_713' title='bbox 2296 2476 2309 2513; x_wconf 92' lang='lat'>:</span> <span class='ocrx_word' id='word_1_714' title='bbox 2335 2457 2554 2513; x_wconf 82' lang='lat' dir='ltr'><strong>Potestis</strong></span> <span class='ocrx_word' id='word_1_715' title='bbox 2577 2458 2732 2524; x_wconf 86' lang='lat' dir='ltr'><strong>enim,</strong></span> <span class='ocrx_word' id='word_1_716' title='bbox 2759 2457 2953 2528; x_wconf 86' lang='lat' dir='ltr'><strong>inquit,</strong></span> <span class='ocrx_word' id='word_1_717' title='bbox 2981 2472 3069 2527; x_wconf 85' lang='lat' dir='ltr'><strong>per</strong></span> <span class='ocrx_word' id='word_1_718' title='bbox 3091 2455 3316 2527; x_wconf 84' lang='lat' dir='ltr'><strong>singulos</strong></span> <span class='ocrx_word' id='word_1_719' title='bbox 3343 2467 3516 2508; x_wconf 83' lang='lat' dir='ltr'><strong>omnes</strong></span> <span class='ocrx_word' id='word_1_720' title='bbox 3543 2449 3759 2521; x_wconf 70' lang='lat' dir='ltr'><strong>prophe-</strong></span> 
     </span>
    </p>
   </div>
   <div class='ocr_carea' id='block_1_86' title="bbox 2179 2538 3760 2619">
    <p class='ocr_par' dir='ltr' id='par_1_86' title="bbox 2179 2538 3760 2619">
     <span class='ocr_line' id='line_1_86' title="bbox 2179 2538 3760 2619; baseline -0.008 -15"><span class='ocrx_word' id='word_1_721' title='bbox 2179 2558 2329 2615; x_wconf 88' lang='lat' dir='ltr'><strong>tare;</strong></span> <span class='ocrx_word' id='word_1_722' title='bbox 2358 2563 2452 2619; x_wconf 90' lang='lat' dir='ltr'><strong>pcr</strong></span> <span class='ocrx_word' id='word_1_723' title='bbox 2476 2549 2701 2603; x_wconf 89' lang='lat' dir='ltr'><strong>alterum</strong></span> <span class='ocrx_word' id='word_1_724' title='bbox 2727 2561 2877 2615; x_wconf 85' lang='lat' dir='ltr'><strong>vero,</strong></span> <span class='ocrx_word' id='word_1_725' title='bbox 2921 2563 2988 2603; x_wconf 90' lang='lat' dir='ltr'><strong>ex</strong></span> <span class='ocrx_word' id='word_1_726' title='bbox 3016 2561 3082 2602; x_wconf 90' lang='lat' dir='ltr'><strong>eo</strong></span> <span class='ocrx_word' id='word_1_727' title='bbox 3106 2543 3250 2617; x_wconf 89' lang='lat' dir='ltr'><strong>quod</strong></span> <span class='ocrx_word' id='word_1_728' title='bbox 3279 2542 3410 2600; x_wconf 89' lang='lat' dir='ltr'><strong>illud</strong></span> <span class='ocrx_word' id='word_1_729' title='bbox 3437 2540 3647 2612; x_wconf 89' lang='lat' dir='ltr'><strong>spiritui</strong></span> <span class='ocrx_word' id='word_1_730' title='bbox 3681 2538 3760 2592; x_wconf 85' lang='lat' dir='ltr'><strong>vi-</strong></span> 
     </span>
    </p>
   </div>
   <div class='ocr_carea' id='block_1_87' title="bbox 2179 2631 3760 2710">
    <p class='ocr_par' dir='ltr' id='par_1_87' title="bbox 2179 2631 3760 2710">
     <span class='ocr_line' id='line_1_87' title="bbox 2179 2631 3760 2710; baseline -0.007 -16"><span class='ocrx_word' id='word_1_731' title='bbox 2179 2638 2369 2694; x_wconf 83' lang='lat' dir='ltr'><strong>deatur</strong></span> <span class='ocrx_word' id='word_1_732' title='bbox 2411 2657 2425 2694; x_wconf 89' lang='lat'><strong>:</strong></span> <span class='ocrx_word' id='word_1_733' title='bbox 2469 2639 2698 2706; x_wconf 83' lang='lat' dir='ltr'><strong>Spiritus</strong></span> <span class='ocrx_word' id='word_1_734' title='bbox 2741 2641 2874 2694; x_wconf 87' lang='lat' dir='ltr'><strong>enim</strong></span> <span class='ocrx_word' id='word_1_735' title='bbox 2913 2639 3275 2710; x_wconf 80' lang='lat' dir='ltr'><strong>prapltetarum</strong></span> <span class='ocrx_word' id='word_1_736' title='bbox 3307 2634 3572 2707; x_wconf 81' lang='lat' dir='ltr'><strong>prophetis</strong></span> <span class='ocrx_word' id='word_1_737' title='bbox 3603 2631 3760 2704; x_wconf 79' lang='lat' dir='ltr'><strong>subji-</strong></span> 
     </span>
    </p>
   </div>
   <div class='ocr_carea' id='block_1_88' title="bbox 2178 2727 3760 2802">
    <p class='ocr_par' dir='ltr' id='par_1_88' title="bbox 2178 2727 3760 2802">
     <span class='ocr_line' id='line_1_88' title="bbox 2178 2727 3760 2802; baseline -0.003 -18"><span class='ocrx_word' id='word_1_738' title='bbox 2178 2731 2382 2784; x_wconf 87' lang='lat' dir='ltr'><strong>ciuntur</strong></span> <span class='ocrx_word' id='word_1_739' title='bbox 2411 2747 2429 2784; x_wconf 92' lang='lat'><strong><em>:</em></strong></span> <span class='ocrx_word' id='word_1_740' title='bbox 2457 2739 2712 2802; x_wconf 64' lang='lat' dir='ltr'><strong>praeterea</strong></span> <span class='ocrx_word' id='word_1_741' title='bbox 2741 2745 2807 2786; x_wconf 91' lang='lat' dir='ltr'><strong>ex</strong></span> <span class='ocrx_word' id='word_1_742' title='bbox 2852 2745 2952 2799; x_wconf 90' lang='lat' dir='ltr'><strong>eo,</strong></span> <span class='ocrx_word' id='word_1_743' title='bbox 2983 2730 3125 2801; x_wconf 90' lang='lat' dir='ltr'><strong>quod</strong></span> <span class='ocrx_word' id='word_1_744' title='bbox 3171 2730 3467 2785; x_wconf 87' lang='lat' dir='ltr'><strong>secundum</strong></span> <span class='ocrx_word' id='word_1_745' title='bbox 3511 2727 3608 2782; x_wconf 89' lang='lat' dir='ltr'><strong>Dei</strong></span> <span class='ocrx_word' id='word_1_746' title='bbox 3643 2742 3760 2781; x_wconf 89' lang='lat' dir='ltr'><strong>seu-</strong></span> 
     </span>
    </p>
   </div>
   <div class='ocr_carea' id='block_1_89' title="bbox 2179 2819 3760 2890">
    <p class='ocr_par' dir='ltr' id='par_1_89' title="bbox 2179 2819 3760 2890">
     <span class='ocr_line' id='line_1_89' title="bbox 2179 2819 3760 2890; baseline -0.003 -14"><span class='ocrx_word' id='word_1_747' title='bbox 2179 2821 2399 2876; x_wconf 90' lang='lat' dir='ltr'><strong>tentiam</strong></span> <span class='ocrx_word' id='word_1_748' title='bbox 2430 2823 2538 2888; x_wconf 89' lang='lat' dir='ltr'><strong>sit;</strong></span> <span class='ocrx_word' id='word_1_749' title='bbox 2573 2821 2694 2877; x_wconf 89' lang='lat' dir='ltr'><strong>Non</strong></span> <span class='ocrx_word' id='word_1_750' title='bbox 2733 2823 2868 2877; x_wconf 85' lang='lat' dir='ltr'><strong>enim</strong></span> <span class='ocrx_word' id='word_1_751' title='bbox 2901 2832 2975 2877; x_wconf 90' lang='lat' dir='ltr'><strong>est</strong></span> <span class='ocrx_word' id='word_1_752' title='bbox 2999 2821 3347 2885; x_wconf 84' lang='lat' dir='ltr'><strong>dissensionis,</strong></span> <span class='ocrx_word' id='word_1_753' title='bbox 3376 2820 3570 2890; x_wconf 91' lang='lat' dir='ltr'><strong>inquit,</strong></span> <span class='ocrx_word' id='word_1_754' title='bbox 3605 2819 3760 2885; x_wconf 80' lang='lat' dir='ltr'><strong>Deus,</strong></span> 
     </span>
    </p>
   </div>
   <div class='ocr_carea' id='block_1_90' title="bbox 2177 2911 3762 2983">
    <p class='ocr_par' dir='ltr' id='par_1_90' title="bbox 2177 2911 3762 2983">
     <span class='ocr_line' id='line_1_90' title="bbox 2177 2911 3762 2983; baseline -0.001 -18"><span class='ocrx_word' id='word_1_755' title='bbox 2177 2911 2268 2966; x_wconf 88' lang='lat' dir='ltr'><strong>sed</strong></span> <span class='ocrx_word' id='word_1_756' title='bbox 2295 2912 2434 2982; x_wconf 89' lang='lat' dir='ltr'><strong>pacis</strong></span> <span class='ocrx_word' id='word_1_757' title='bbox 2459 2927 2477 2966; x_wconf 94' lang='lat'><strong><em>:</em></strong></span> <span class='ocrx_word' id='word_1_758' title='bbox 2503 2920 2692 2982; x_wconf 87' lang='lat' dir='ltr'><strong>quarto</strong></span> <span class='ocrx_word' id='word_1_759' title='bbox 2719 2912 2972 2983; x_wconf 89' lang='lat' dir='ltr'><strong>denique,</strong></span> <span class='ocrx_word' id='word_1_760' title='bbox 2999 2926 3066 2966; x_wconf 88' lang='lat' dir='ltr'><strong>eo</strong></span> <span class='ocrx_word' id='word_1_761' title='bbox 3095 2911 3236 2982; x_wconf 91' lang='lat' dir='ltr'><strong>quod</strong></span> <span class='ocrx_word' id='word_1_762' title='bbox 3259 2911 3348 2967; x_wconf 91' lang='lat' dir='ltr'><strong>lex</strong></span> <span class='ocrx_word' id='word_1_763' title='bbox 3381 2911 3646 2982; x_wconf 88' lang='lat' dir='ltr'><strong>ejusmodi</strong></span> <span class='ocrx_word' id='word_1_764' title='bbox 3671 2926 3762 2980; x_wconf 82' lang='lat' dir='ltr'><strong>per</strong></span> 
     </span>
    </p>
   </div>
   <div class='ocr_carea' id='block_1_91' title="bbox 2178 3002 3760 3075">
    <p class='ocr_par' dir='ltr' id='par_1_91' title="bbox 2178 3002 3760 3075">
     <span class='ocr_line' id='line_1_91' title="bbox 2178 3002 3760 3075; baseline -0.001 -18"><span class='ocrx_word' id='word_1_765' title='bbox 2178 3003 2363 3059; x_wconf 89' lang='lat' dir='ltr'><strong>orbem</strong></span> <span class='ocrx_word' id='word_1_766' title='bbox 2397 3005 2702 3060; x_wconf 89' lang='lat' dir='ltr'><strong>universum</strong></span> <span class='ocrx_word' id='word_1_767' title='bbox 2735 3003 3214 3075; x_wconf 76' lang='lat' dir='ltr'><strong>ubiqueoblincat,</strong></span> <span class='ocrx_word' id='word_1_768' title='bbox 3239 3017 3339 3058; x_wconf 91' lang='lat' dir='ltr'><strong>nec</strong></span> <span class='ocrx_word' id='word_1_769' title='bbox 3361 3003 3597 3058; x_wconf 90' lang='lat' dir='ltr'><strong>alienum</strong></span> <span class='ocrx_word' id='word_1_770' title='bbox 3618 3002 3760 3072; x_wconf 89' lang='lat' dir='ltr'><strong>quid-</strong></span> 
     </span>
    </p>
   </div>
   <div class='ocr_carea' id='block_1_92' title="bbox 2179 3094 3758 3164">
    <p class='ocr_par' dir='ltr' id='par_1_92' title="bbox 2179 3094 3758 3164">
     <span class='ocr_line' id='line_1_92' title="bbox 2179 3094 3758 3164; baseline -0.001 -17"><span class='ocrx_word' id='word_1_771' title='bbox 2179 3107 2338 3161; x_wconf 85' lang='lat' dir='ltr'><strong>quam</strong></span> <span class='ocrx_word' id='word_1_772' title='bbox 2367 3108 2589 3164; x_wconf 90' lang='lat' dir='ltr'><strong>usquam</strong></span> <span class='ocrx_word' id='word_1_773' title='bbox 2619 3095 2724 3150; x_wconf 89' lang='lat' dir='ltr'><strong>illis</strong></span> <span class='ocrx_word' id='word_1_774' title='bbox 2754 3097 3046 3164; x_wconf 90' lang='lat' dir='ltr'><strong>imperetur</strong></span> <span class='ocrx_word' id='word_1_775' title='bbox 3078 3111 3092 3148; x_wconf 90' lang='lat'><strong>:</strong></span> <span class='ocrx_word' id='word_1_776' title='bbox 3128 3094 3218 3149; x_wconf 90' lang='lat' dir='ltr'><strong>Sic</strong></span> <span class='ocrx_word' id='word_1_777' title='bbox 3259 3094 3413 3161; x_wconf 87' lang='lat' dir='ltr'><strong>enim,</strong></span> <span class='ocrx_word' id='word_1_778' title='bbox 3445 3094 3540 3157; x_wconf 88' lang='lat' dir='ltr'><strong>ait,</strong></span> <span class='ocrx_word' id='word_1_779' title='bbox 3567 3094 3621 3147; x_wconf 86' lang='lat' dir='ltr'><strong>in</strong></span> <span class='ocrx_word' id='word_1_780' title='bbox 3650 3109 3758 3146; x_wconf 80' lang='lat' dir='ltr'><strong>om-</strong></span> 
     </span>
    </p>
   </div>
   <div class='ocr_carea' id='block_1_93' title="bbox 2179 3183 3760 3255">
    <p class='ocr_par' dir='ltr' id='par_1_93' title="bbox 2179 3183 3760 3255">
     <span class='ocr_line' id='line_1_93' title="bbox 2179 3183 3760 3255; baseline -0.002 -16"><span class='ocrx_word' id='word_1_781' title='bbox 2179 3185 2325 3239; x_wconf 85' lang='lat' dir='ltr'><strong>nibus</strong></span> <span class='ocrx_word' id='word_1_782' title='bbox 2352 3186 2575 3240; x_wconf 87' lang='lat' dir='ltr'><strong>ecclesiis</strong></span> <span class='ocrx_word' id='word_1_783' title='bbox 2603 3195 2893 3240; x_wconf 88' lang='lat' dir='ltr'><strong>sanctorum</strong></span> <span class='ocrx_word' id='word_1_784' title='bbox 2931 3186 3104 3240; x_wconf 86' lang='lat' dir='ltr'><strong>doceo.</strong></span> <span class='ocrx_word' id='word_1_785' title='bbox 3137 3184 3275 3253; x_wconf 88' lang='lat' dir='ltr'><strong>Quid</strong></span> <span class='ocrx_word' id='word_1_786' title='bbox 3316 3199 3446 3255; x_wconf 84' lang='lat' dir='ltr'><strong>ergo</strong></span> <span class='ocrx_word' id='word_1_787' title='bbox 3487 3183 3570 3238; x_wconf 91' lang='lat' dir='ltr'><strong>his</strong></span> <span class='ocrx_word' id='word_1_788' title='bbox 3599 3183 3760 3238; x_wconf 85' lang='lat' dir='ltr'><strong>rebus</strong></span> 
     </span>
    </p>
   </div>
   <div class='ocr_carea' id='block_1_94' title="bbox 2180 3275 3762 3347">
    <p class='ocr_par' dir='ltr' id='par_1_94' title="bbox 2180 3275 3762 3347">
     <span class='ocr_line' id='line_1_94' title="bbox 2180 3275 3762 3347; baseline -0.002 -17"><span class='ocrx_word' id='word_1_789' title='bbox 2180 3276 2340 3332; x_wconf 89' lang='lat' dir='ltr'><strong>fuerit</strong></span> <span class='ocrx_word' id='word_1_790' title='bbox 2367 3278 2534 3347; x_wconf 81' lang='lat' dir='ltr'><strong>magis</strong></span> <span class='ocrx_word' id='word_1_791' title='bbox 2561 3277 2928 3333; x_wconf 76' lang='lat' dir='ltr'><strong>horrendum?</strong></span> <span class='ocrx_word' id='word_1_792' title='bbox 2972 3277 3181 3333; x_wconf 88' lang='lat' dir='ltr'><strong>Etenim</strong></span> <span class='ocrx_word' id='word_1_793' title='bbox 3224 3275 3467 3331; x_wconf 85' lang='lat' dir='ltr'><strong>Ecclesia</strong></span> <span class='ocrx_word' id='word_1_794' title='bbox 3498 3284 3624 3330; x_wconf 90' lang='lat' dir='ltr'><strong>tunc</strong></span> <span class='ocrx_word' id='word_1_795' title='bbox 3647 3283 3762 3329; x_wconf 87' lang='lat' dir='ltr'><strong>erat</strong></span> 
     </span>
    </p>
   </div>
   <div class='ocr_carea' id='block_1_95' title="bbox 2179 3367 3759 3439">
    <p class='ocr_par' dir='ltr' id='par_1_95' title="bbox 2179 3367 3759 3439">
     <span class='ocr_line' id='line_1_95' title="bbox 2179 3367 3759 3439; baseline -0.003 -15"><span class='ocrx_word' id='word_1_796' title='bbox 2179 3369 2391 3435; x_wconf 74' lang='lat' dir='ltr'><strong>czelum,</strong></span> <span class='ocrx_word' id='word_1_797' title='bbox 2418 3367 2616 3439; x_wconf 86' lang='lat' dir='ltr'><strong>Spiritu</strong></span> <span class='ocrx_word' id='word_1_798' title='bbox 2641 3378 2830 3425; x_wconf 88' lang='lat' dir='ltr'><strong>sancto</strong></span> <span class='ocrx_word' id='word_1_799' title='bbox 2851 3369 3031 3424; x_wconf 85' lang='lat' dir='ltr'><strong>omnia</strong></span> <span class='ocrx_word' id='word_1_800' title='bbox 3060 3377 3300 3439; x_wconf 90' lang='lat' dir='ltr'><strong>regente,</strong></span> <span class='ocrx_word' id='word_1_801' title='bbox 3327 3377 3386 3423; x_wconf 90' lang='lat' dir='ltr'><strong>et</strong></span> <span class='ocrx_word' id='word_1_802' title='bbox 3405 3381 3759 3436; x_wconf 88' lang='lat' dir='ltr'><strong>unumquem-</strong></span> 
     </span>
    </p>
   </div>
   <div class='ocr_carea' id='block_1_96' title="bbox 2179 3457 3759 3531">
    <p class='ocr_par' dir='ltr' id='par_1_96' title="bbox 2179 3457 3759 3531">
     <span class='ocr_line' id='line_1_96' title="bbox 2179 3457 3759 3531; baseline -0.003 -16"><span class='ocrx_word' id='word_1_803' title='bbox 2179 3475 2283 3531; x_wconf 93' lang='lat' dir='ltr'><strong>que</strong></span> <span class='ocrx_word' id='word_1_804' title='bbox 2303 3475 2368 3515; x_wconf 88' lang='lat' dir='ltr'><strong>ex</strong></span> <span class='ocrx_word' id='word_1_805' title='bbox 2395 3461 2458 3516; x_wconf 90' lang='lat' dir='ltr'><strong>iis</strong></span> <span class='ocrx_word' id='word_1_806' title='bbox 2489 3461 2579 3531; x_wconf 91' lang='lat' dir='ltr'><strong>qui</strong></span> <span class='ocrx_word' id='word_1_807' title='bbox 2610 3471 2874 3531; x_wconf 86' lang='lat' dir='ltr'><strong>praeerant</strong></span> <span class='ocrx_word' id='word_1_808' title='bbox 2905 3469 3155 3516; x_wconf 89' lang='lat' dir='ltr'><strong>movente</strong></span> <span class='ocrx_word' id='word_1_809' title='bbox 3193 3469 3250 3516; x_wconf 88' lang='lat' dir='ltr'><strong>et</strong></span> <span class='ocrx_word' id='word_1_810' title='bbox 3296 3474 3329 3514; x_wconf 88' lang='lat' dir='ltr'><strong>a</strong></span> <span class='ocrx_word' id='word_1_811' title='bbox 3375 3459 3488 3514; x_wconf 90' lang='lat' dir='ltr'><strong>Deo</strong></span> <span class='ocrx_word' id='word_1_812' title='bbox 3527 3457 3759 3514; x_wconf 82' lang='lat' dir='ltr'><strong>afﬂatum</strong></span> 
     </span>
    </p>
   </div>
   <div class='ocr_carea' id='block_1_97' title="bbox 2180 3547 3761 3620">
    <p class='ocr_par' dir='ltr' id='par_1_97' title="bbox 2180 3547 3761 3620">
     <span class='ocr_line' id='line_1_97' title="bbox 2180 3547 3761 3620; baseline -0.002 -15"><span class='ocrx_word' id='word_1_813' title='bbox 2180 3550 2458 3607; x_wconf 84' lang='lat' dir='ltr'><strong>reddente.</strong></span> <span class='ocrx_word' id='word_1_814' title='bbox 2503 3551 2610 3608; x_wconf 88' lang='lat' dir='ltr'><strong>Sed</strong></span> <span class='ocrx_word' id='word_1_815' title='bbox 2654 3566 2798 3606; x_wconf 88' lang='lat' dir='ltr'><strong>nunc</strong></span> <span class='ocrx_word' id='word_1_816' title='bbox 2841 3551 3054 3606; x_wconf 87' lang='lat' dir='ltr'><strong>illorum</strong></span> <span class='ocrx_word' id='word_1_817' title='bbox 3102 3550 3366 3605; x_wconf 90' lang='lat' dir='ltr'><strong>donorum</strong></span> <span class='ocrx_word' id='word_1_818' title='bbox 3411 3547 3658 3620; x_wconf 82' lang='lat' dir='ltr'><strong>symbols</strong></span> <span class='ocrx_word' id='word_1_819' title='bbox 3699 3560 3761 3602; x_wconf 82' lang='lat' dir='ltr'><strong>ac</strong></span> 
     </span>
    </p>
   </div>
   <div class='ocr_carea' id='block_1_98' title="bbox 2179 3640 3764 3712">
    <p class='ocr_par' dir='ltr' id='par_1_98' title="bbox 2179 3640 3764 3712">
     <span class='ocr_line' id='line_1_98' title="bbox 2179 3640 3764 3712; baseline -0.003 -16"><span class='ocrx_word' id='word_1_820' title='bbox 2179 3642 2328 3712; x_wconf 89' lang='lat' dir='ltr'><strong>signa</strong></span> <span class='ocrx_word' id='word_1_821' title='bbox 2369 3651 2574 3697; x_wconf 88' lang='lat' dir='ltr'><strong>tantum</strong></span> <span class='ocrx_word' id='word_1_822' title='bbox 2623 3651 2886 3698; x_wconf 90' lang='lat' dir='ltr'><strong>tenemus.</strong></span> <span class='ocrx_word' id='word_1_823' title='bbox 2926 3642 3058 3697; x_wconf 85' lang='lat' dir='ltr'><strong>Nam</strong></span> <span class='ocrx_word' id='word_1_824' title='bbox 3098 3656 3241 3697; x_wconf 91' lang='lat' dir='ltr'><strong>nunc</strong></span> <span class='ocrx_word' id='word_1_825' title='bbox 3269 3655 3484 3712; x_wconf 89' lang='lat' dir='ltr'><strong>quoque</strong></span> <span class='ocrx_word' id='word_1_826' title='bbox 3523 3640 3633 3696; x_wconf 92' lang='lat' dir='ltr'><strong>duo</strong></span> <span class='ocrx_word' id='word_1_827' title='bbox 3673 3649 3764 3694; x_wconf 85' lang='lat' dir='ltr'><strong>aut</strong></span> 
     </span>
    </p>
   </div>
   <div class='ocr_carea' id='block_1_99' title="bbox 2181 3733 3760 3826">
    <p class='ocr_par' dir='ltr' id='par_1_99' title="bbox 2181 3733 3760 3826">
     <span class='ocr_line' id='line_1_99' title="bbox 2181 3733 3760 3826; baseline -0.001 -38"><span class='ocrx_word' id='word_1_828' title='bbox 2181 3742 2290 3790; x_wconf 86' lang='lat' dir='ltr'><strong>tres</strong></span> <span class='ocrx_word' id='word_1_829' title='bbox 2312 3734 2562 3801; x_wconf 87' lang='lat' dir='ltr'><strong>dicimus,</strong></span> <span class='ocrx_word' id='word_1_830' title='bbox 2589 3743 2647 3790; x_wconf 89' lang='lat' dir='ltr'><strong>et</strong></span> <span class='ocrx_word' id='word_1_831' title='bbox 2673 3735 2925 3800; x_wconf 88' lang='lat' dir='ltr'><strong>vicissim,</strong></span> <span class='ocrx_word' id='word_1_832' title='bbox 2953 3745 3006 3791; x_wconf 91' lang='lat' dir='ltr'><strong>et</strong></span> <span class='ocrx_word' id='word_1_833' title='bbox 3031 3735 3138 3826; x_wconf 63' lang='lat' dir='ltr'><strong>ulip</strong></span> <span class='ocrx_word' id='word_1_834' title='bbox 3167 3743 3377 3790; x_wconf 87' lang='lat' dir='ltr'><strong>tacente</strong></span> <span class='ocrx_word' id='word_1_835' title='bbox 3394 3735 3528 3788; x_wconf 88' lang='lat' dir='ltr'><strong>alius</strong></span> <span class='ocrx_word' id='word_1_836' title='bbox 3553 3733 3760 3803; x_wconf 87' lang='lat' dir='ltr'><strong>incipit;</strong></span> 
     </span>
    </p>
   </div>
   <div class='ocr_carea' id='block_1_100' title="bbox 2179 3825 3757 3898">
    <p class='ocr_par' dir='ltr' id='par_1_100' title="bbox 2179 3825 3757 3898">
     <span class='ocr_line' id='line_1_100' title="bbox 2179 3825 3757 3898; baseline -0.003 -16"><span class='ocrx_word' id='word_1_837' title='bbox 2179 3826 2274 3882; x_wconf 87' lang='lat' dir='ltr'><strong>sed</strong></span> <span class='ocrx_word' id='word_1_838' title='bbox 2306 3825 2421 3882; x_wconf 75' lang='lat' dir='ltr'><strong>haec</strong></span> <span class='ocrx_word' id='word_1_839' title='bbox 2463 3836 2588 3882; x_wconf 89' lang='lat' dir='ltr'><strong>sunt</strong></span> <span class='ocrx_word' id='word_1_840' title='bbox 2633 3835 2840 3882; x_wconf 90' lang='lat' dir='ltr'><strong>tantum</strong></span> <span class='ocrx_word' id='word_1_841' title='bbox 2888 3825 3284 3898; x_wconf 35' lang='lat' dir='ltr'><strong>illorum’signa</strong></span> <span class='ocrx_word' id='word_1_842' title='bbox 3309 3837 3360 3882; x_wconf 91' lang='lat' dir='ltr'><strong>et</strong></span> <span class='ocrx_word' id='word_1_843' title='bbox 3387 3836 3757 3880; x_wconf 80' lang='lat' dir='ltr'><strong>monumenta.</strong></span> 
     </span>
    </p>
   </div>
   <div class='ocr_carea' id='block_1_101' title="bbox 2181 3916 3764 3990">
    <p class='ocr_par' dir='ltr' id='par_1_101' title="bbox 2181 3916 3764 3990">
     <span class='ocr_line' id='line_1_101' title="bbox 2181 3916 3764 3990; baseline -0.003 -16"><span class='ocrx_word' id='word_1_844' title='bbox 2181 3919 2470 3990; x_wconf 87' lang='lat' dir='ltr'><strong>Propterea</strong></span> <span class='ocrx_word' id='word_1_845' title='bbox 2509 3918 2724 3988; x_wconf 90' lang='lat' dir='ltr'><strong>quando</strong></span> <span class='ocrx_word' id='word_1_846' title='bbox 2770 3920 3129 3990; x_wconf 87' lang='lat' dir='ltr'><strong>inceperimus</strong></span> <span class='ocrx_word' id='word_1_847' title='bbox 3167 3919 3377 3984; x_wconf 84' lang='lat' dir='ltr'><strong>dicere,</strong></span> <span class='ocrx_word' id='word_1_848' title='bbox 3420 3916 3650 3987; x_wconf 89' lang='lat' dir='ltr'><strong>populus</strong></span> <span class='ocrx_word' id='word_1_849' title='bbox 3676 3931 3764 3970; x_wconf 83' lang='lat' dir='ltr'><strong>re—</strong></span> 
     </span>
    </p>
   </div>
   <div class='ocr_carea' id='block_1_102' title="bbox 2179 4008 3761 4084">
    <p class='ocr_par' dir='ltr' id='par_1_102' title="bbox 2179 4008 3761 4084">
     <span class='ocr_line' id='line_1_102' title="bbox 2179 4008 3761 4084; baseline -0.001 -18"><span class='ocrx_word' id='word_1_850' title='bbox 2179 4011 2430 4082; x_wconf 87' lang='lat' dir='ltr'><strong>spondet,</strong></span> <span class='ocrx_word' id='word_1_851' title='bbox 2457 4011 2660 4082; x_wconf 88' lang='lat' dir='ltr'><strong>Spiritu</strong></span> <span class='ocrx_word' id='word_1_852' title='bbox 2697 4022 2825 4068; x_wconf 89' lang='lat' dir='ltr'><strong>tuo:</strong></span> <span class='ocrx_word' id='word_1_853' title='bbox 2857 4013 3149 4069; x_wconf 86' lang='lat' dir='ltr'><strong>ostendens</strong></span> <span class='ocrx_word' id='word_1_854' title='bbox 3173 4011 3317 4084; x_wconf 78' lang='lat' dir='ltr'><strong>quod</strong></span> <span class='ocrx_word' id='word_1_855' title='bbox 3344 4010 3472 4066; x_wconf 90' lang='lat' dir='ltr'><strong>olim</strong></span> <span class='ocrx_word' id='word_1_856' title='bbox 3503 4010 3585 4066; x_wconf 84' lang='lat' dir='ltr'><strong>sic</strong></span> <span class='ocrx_word' id='word_1_857' title='bbox 3613 4008 3761 4065; x_wconf 84' lang='lat' dir='ltr'><strong>diee-</strong></span> 
     </span>
    </p>
   </div>
   <div class='ocr_carea' id='block_1_103' title="bbox 2180 4102 3760 4176">
    <p class='ocr_par' dir='ltr' id='par_1_103' title="bbox 2180 4102 3760 4176">
     <span class='ocr_line' id='line_1_103' title="bbox 2180 4102 3760 4176; baseline -0.002 -17"><span class='ocrx_word' id='word_1_858' title='bbox 2180 4103 2331 4172; x_wconf 88' lang='lat' dir='ltr'><strong>bant,</strong></span> <span class='ocrx_word' id='word_1_859' title='bbox 2358 4119 2464 4159; x_wconf 93' lang='lat' dir='ltr'><strong>non</strong></span> <span class='ocrx_word' id='word_1_860' title='bbox 2506 4119 2599 4158; x_wconf 89' lang='lat' dir='ltr'><strong>sua</strong></span> <span class='ocrx_word' id='word_1_861' title='bbox 2631 4105 2762 4160; x_wconf 86' lang='lat' dir='ltr'><strong>moti</strong></span> <span class='ocrx_word' id='word_1_862' title='bbox 2793 4105 3076 4176; x_wconf 82' lang='lat' dir='ltr'><strong>sapientia,</strong></span> <span class='ocrx_word' id='word_1_863' title='bbox 3119 4104 3213 4161; x_wconf 89' lang='lat' dir='ltr'><strong>sed</strong></span> <span class='ocrx_word' id='word_1_864' title='bbox 3255 4103 3478 4175; x_wconf 89' lang='lat' dir='ltr'><strong>Spiritu.</strong></span> <span class='ocrx_word' id='word_1_865' title='bbox 3509 4102 3618 4158; x_wconf 89' lang='lat' dir='ltr'><strong>Sed</strong></span> <span class='ocrx_word' id='word_1_866' title='bbox 3657 4118 3760 4157; x_wconf 91' lang='lat' dir='ltr'><strong>non</strong></span> 
     </span>
    </p>
   </div>
   <div class='ocr_carea' id='block_1_104' title="bbox 2181 4195 2908 4266">
    <p class='ocr_par' dir='ltr' id='par_1_104' title="bbox 2181 4195 2908 4266">
     <span class='ocr_line' id='line_1_104' title="bbox 2181 4195 2908 4266; baseline -0.003 -16"><span class='ocrx_word' id='word_1_867' title='bbox 2181 4209 2322 4251; x_wconf 91' lang='lat' dir='ltr'><strong>nunc</strong></span> <span class='ocrx_word' id='word_1_868' title='bbox 2341 4212 2356 4263; x_wconf 90' lang='lat'><strong>;</strong></span> <span class='ocrx_word' id='word_1_869' title='bbox 2377 4195 2445 4252; x_wconf 91' lang='lat' dir='ltr'><strong>de</strong></span> <span class='ocrx_word' id='word_1_870' title='bbox 2466 4210 2552 4252; x_wconf 91' lang='lat' dir='ltr'><strong>me</strong></span> <span class='ocrx_word' id='word_1_871' title='bbox 2567 4195 2676 4266; x_wconf 89' lang='lat' dir='ltr'><strong>jam</strong></span> <span class='ocrx_word' id='word_1_872' title='bbox 2700 4197 2908 4265; x_wconf 89' lang='lat' dir='ltr'><strong>loquor.</strong></span> 
     </span>
    </p>
   </div>
   <div class='ocr_carea' id='block_1_105' title="bbox 2251 4287 3765 4358">
    <p class='ocr_par' dir='ltr' id='par_1_105' title="bbox 2251 4287 3765 4358">
     <span class='ocr_line' id='line_1_105' title="bbox 2251 4287 3765 4358; baseline -0.004 -15"><span class='ocrx_word' id='word_1_873' title='bbox 2251 4289 2306 4343; x_wconf 83' lang='grc'><strong>5.</strong></span> <span class='ocrx_word' id='word_1_874' title='bbox 2327 4287 2430 4344; x_wconf 85' lang='lat' dir='ltr'><strong>Sed</strong></span> <span class='ocrx_word' id='word_1_875' title='bbox 2459 4289 2696 4344; x_wconf 86' lang='lat' dir='ltr'><strong>Ecclesia</strong></span> <span class='ocrx_word' id='word_1_876' title='bbox 2719 4304 2860 4343; x_wconf 90' lang='lat' dir='ltr'><strong>nunc</strong></span> <span class='ocrx_word' id='word_1_877' title='bbox 2879 4299 2962 4344; x_wconf 89' lang='lat' dir='ltr'><strong>est</strong></span> <span class='ocrx_word' id='word_1_878' title='bbox 2989 4288 3178 4344; x_wconf 89' lang='lat' dir='ltr'><strong>similis</strong></span> <span class='ocrx_word' id='word_1_879' title='bbox 3205 4287 3435 4351; x_wconf 89' lang='lat' dir='ltr'><strong>mulieri,</strong></span> <span class='ocrx_word' id='word_1_880' title='bbox 3464 4302 3587 4358; x_wconf 71' lang='lat' dir='ltr'><strong>quae</strong></span> <span class='ocrx_word' id='word_1_881' title='bbox 3617 4303 3647 4343; x_wconf 89' lang='lat' dir='ltr'><strong>a</strong></span> <span class='ocrx_word' id='word_1_882' title='bbox 3675 4298 3765 4338; x_wconf 81' lang='lat' dir='ltr'><strong>ve-</strong></span> 
     </span>
    </p>
   </div>
   <div class='ocr_carea' id='block_1_106' title="bbox 2183 4379 3764 4451">
    <p class='ocr_par' dir='ltr' id='par_1_106' title="bbox 2183 4379 3764 4451">
     <span class='ocr_line' id='line_1_106' title="bbox 2183 4379 3764 4451; baseline 0.001 -16"><span class='ocrx_word' id='word_1_883' title='bbox 2183 4381 2282 4435; x_wconf 86' lang='lat' dir='ltr'><strong>teri</strong></span> <span class='ocrx_word' id='word_1_884' title='bbox 2311 4381 2662 4451; x_wconf 87' lang='lat' dir='ltr'><strong>prosperitate</strong></span> <span class='ocrx_word' id='word_1_885' title='bbox 2689 4379 2889 4436; x_wconf 87' lang='lat' dir='ltr'><strong>excidit</strong></span> <span class='ocrx_word' id='word_1_886' title='bbox 2909 4419 2922 4443; x_wconf 90' lang='lat'><strong>,</strong></span> <span class='ocrx_word' id='word_1_887' title='bbox 2953 4389 3008 4436; x_wconf 90' lang='lat' dir='ltr'><strong>et</strong></span> <span class='ocrx_word' id='word_1_888' title='bbox 3033 4381 3215 4436; x_wconf 90' lang='lat' dir='ltr'><strong>multis</strong></span> <span class='ocrx_word' id='word_1_889' title='bbox 3235 4381 3289 4434; x_wconf 91' lang='lat' dir='ltr'><strong>in</strong></span> <span class='ocrx_word' id='word_1_890' title='bbox 3318 4381 3450 4435; x_wconf 89' lang='lat' dir='ltr'><strong>locis</strong></span> <span class='ocrx_word' id='word_1_891' title='bbox 3477 4383 3593 4436; x_wconf 89' lang='lat' dir='ltr'><strong>sola</strong></span> <span class='ocrx_word' id='word_1_892' title='bbox 3624 4391 3764 4438; x_wconf 86' lang='lat' dir='ltr'><strong>tenet</strong></span> 
     </span>
    </p>
   </div>
   <div class='ocr_carea' id='block_1_107' title="bbox 2182 4473 3764 4544">
    <p class='ocr_par' dir='ltr' id='par_1_107' title="bbox 2182 4473 3764 4544">
     <span class='ocr_line' id='line_1_107' title="bbox 2182 4473 3764 4544; baseline 0 -16"><span class='ocrx_word' id='word_1_893' title='bbox 2182 4474 2422 4544; x_wconf 77' lang='lat' dir='ltr'><strong>symbolo</strong></span> <span class='ocrx_word' id='word_1_894' title='bbox 2446 4475 2677 4544; x_wconf 85' lang='lat' dir='ltr'><strong>antiquae</strong></span> <span class='ocrx_word' id='word_1_895' title='bbox 2703 4473 2842 4528; x_wconf 90' lang='lat' dir='ltr'><strong>illius</strong></span> <span class='ocrx_word' id='word_1_896' title='bbox 2867 4473 3155 4538; x_wconf 88' lang='lat' dir='ltr'><strong>felicitatis,</strong></span> <span class='ocrx_word' id='word_1_897' title='bbox 3179 4482 3232 4528; x_wconf 86' lang='lat' dir='ltr'><strong>et</strong></span> <span class='ocrx_word' id='word_1_898' title='bbox 3265 4473 3544 4528; x_wconf 89' lang='lat' dir='ltr'><strong>monilium</strong></span> <span class='ocrx_word' id='word_1_899' title='bbox 3573 4489 3764 4530; x_wconf 87' lang='lat' dir='ltr'><strong>aureo-</strong></span> 
     </span>
    </p>
   </div>
   <div class='ocr_carea' id='block_1_108' title="bbox 2183 4563 3765 4635">
    <p class='ocr_par' dir='ltr' id='par_1_108' title="bbox 2183 4563 3765 4635">
     <span class='ocr_line' id='line_1_108' title="bbox 2183 4563 3765 4635; baseline 0.001 -16"><span class='ocrx_word' id='word_1_900' title='bbox 2183 4579 2302 4619; x_wconf 89' lang='lat' dir='ltr'><strong>rum</strong></span> <span class='ocrx_word' id='word_1_901' title='bbox 2332 4565 2546 4635; x_wconf 91' lang='lat' dir='ltr'><strong>quidem</strong></span> <span class='ocrx_word' id='word_1_902' title='bbox 2576 4565 2719 4620; x_wconf 85' lang='lat' dir='ltr'><strong>solas</strong></span> <span class='ocrx_word' id='word_1_903' title='bbox 2741 4563 2975 4622; x_wconf 84' lang='lat' dir='ltr'><strong>ostendit</strong></span> <span class='ocrx_word' id='word_1_904' title='bbox 3000 4565 3184 4620; x_wconf 86' lang='lat' dir='ltr'><strong>thecas</strong></span> <span class='ocrx_word' id='word_1_905' title='bbox 3210 4573 3263 4620; x_wconf 91' lang='lat' dir='ltr'><strong>et</strong></span> <span class='ocrx_word' id='word_1_906' title='bbox 3289 4565 3500 4620; x_wconf 90' lang='lat' dir='ltr'><strong>arculas</strong></span> <span class='ocrx_word' id='word_1_907' title='bbox 3521 4607 3536 4630; x_wconf 90' lang='lat'><strong>,</strong></span> <span class='ocrx_word' id='word_1_908' title='bbox 3567 4565 3765 4621; x_wconf 87' lang='lat' dir='ltr'><strong>divitiis</strong></span> 
     </span>
    </p>
   </div>
   <div class='ocr_carea' id='block_1_109' title="bbox 2183 4658 3763 4728">
    <p class='ocr_par' dir='ltr' id='par_1_109' title="bbox 2183 4658 3763 4728">
     <span class='ocr_line' id='line_1_109' title="bbox 2183 4658 3763 4728; baseline 0.003 -17"><span class='ocrx_word' id='word_1_909' title='bbox 2183 4666 2361 4712; x_wconf 88' lang='lat' dir='ltr'><strong>autem</strong></span> <span class='ocrx_word' id='word_1_910' title='bbox 2391 4665 2474 4713; x_wconf 90' lang='lat' dir='ltr'><strong>est</strong></span> <span class='ocrx_word' id='word_1_911' title='bbox 2503 4658 2706 4728; x_wconf 86' lang='lat' dir='ltr'><strong>privata</strong></span> <span class='ocrx_word' id='word_1_912' title='bbox 2734 4676 2748 4712; x_wconf 90' lang='lat'><strong>:</strong></span> <span class='ocrx_word' id='word_1_913' title='bbox 2781 4659 2830 4714; x_wconf 90' lang='lat' dir='ltr'><strong>ei</strong></span> <span class='ocrx_word' id='word_1_914' title='bbox 2859 4673 3003 4714; x_wconf 68' lang='lat' dir='ltr'><strong>nunc</strong></span> <span class='ocrx_word' id='word_1_915' title='bbox 3042 4659 3278 4714; x_wconf 83' lang='lat' dir='ltr'><strong>Ecclesia</strong></span> <span class='ocrx_word' id='word_1_916' title='bbox 3306 4669 3390 4714; x_wconf 89' lang='lat' dir='ltr'><strong>cst</strong></span> <span class='ocrx_word' id='word_1_917' title='bbox 3418 4660 3629 4716; x_wconf 91' lang='lat' dir='ltr'><strong>similis.</strong></span> <span class='ocrx_word' id='word_1_918' title='bbox 3659 4659 3763 4716; x_wconf 83' lang='lat' dir='ltr'><strong>Ne-</strong></span> 
     </span>
    </p>
   </div>
   <div class='ocr_carea' id='block_1_110' title="bbox 2184 4748 3766 4820">
    <p class='ocr_par' dir='ltr' id='par_1_110' title="bbox 2184 4748 3766 4820">
     <span class='ocr_line' id='line_1_110' title="bbox 2184 4748 3766 4820; baseline 0.001 -17"><span class='ocrx_word' id='word_1_919' title='bbox 2184 4763 2288 4819; x_wconf 90' lang='lat' dir='ltr'><strong>que</strong></span> <span class='ocrx_word' id='word_1_920' title='bbox 2331 4748 2432 4804; x_wconf 88' lang='lat' dir='ltr'><strong>boc</strong></span> <span class='ocrx_word' id='word_1_921' title='bbox 2473 4748 2646 4805; x_wconf 89' lang='lat' dir='ltr'><strong>solum</strong></span> <span class='ocrx_word' id='word_1_922' title='bbox 2685 4749 2806 4806; x_wconf 91' lang='lat' dir='ltr'><strong>dico</strong></span> <span class='ocrx_word' id='word_1_923' title='bbox 2845 4759 3066 4820; x_wconf 87' lang='lat' dir='ltr'><strong>propter</strong></span> <span class='ocrx_word' id='word_1_924' title='bbox 3102 4751 3274 4815; x_wconf 89' lang='lat' dir='ltr'><strong>dona;</strong></span> <span class='ocrx_word' id='word_1_925' title='bbox 3317 4764 3426 4805; x_wconf 89' lang='lat' dir='ltr'><strong>non</strong></span> <span class='ocrx_word' id='word_1_926' title='bbox 3455 4753 3598 4806; x_wconf 84' lang='lat' dir='ltr'><strong>enim</strong></span> <span class='ocrx_word' id='word_1_927' title='bbox 3626 4762 3766 4807; x_wconf 84' lang='lat' dir='ltr'><strong>esset</strong></span> 
     </span>
    </p>
   </div>
   <div class='ocr_carea' id='block_1_111' title="bbox 2184 4839 3764 4911">
    <p class='ocr_par' dir='ltr' id='par_1_111' title="bbox 2184 4839 3764 4911">
     <span class='ocr_line' id='line_1_111' title="bbox 2184 4839 3764 4911; baseline 0 -17"><span class='ocrx_word' id='word_1_928' title='bbox 2184 4852 2364 4910; x_wconf 84' lang='lat' dir='ltr'><strong>grave,</strong></span> <span class='ocrx_word' id='word_1_929' title='bbox 2395 4839 2439 4894; x_wconf 91' lang='lat' dir='ltr'><strong>si</strong></span> <span class='ocrx_word' id='word_1_930' title='bbox 2477 4839 2577 4895; x_wconf 91' lang='lat' dir='ltr'><strong>hoc</strong></span> <span class='ocrx_word' id='word_1_931' title='bbox 2611 4840 2786 4895; x_wconf 90' lang='lat' dir='ltr'><strong>solum</strong></span> <span class='ocrx_word' id='word_1_932' title='bbox 2821 4850 2992 4905; x_wconf 85' lang='lat' dir='ltr'><strong>esset;</strong></span> <span class='ocrx_word' id='word_1_933' title='bbox 3033 4840 3128 4896; x_wconf 85' lang='lat' dir='ltr'><strong>sed</strong></span> <span class='ocrx_word' id='word_1_934' title='bbox 3161 4840 3327 4895; x_wconf 85' lang='lat' dir='ltr'><strong>etiam</strong></span> <span class='ocrx_word' id='word_1_935' title='bbox 3356 4850 3585 4911; x_wconf 80' lang='lat' dir='ltr'><strong>propter</strong></span> <span class='ocrx_word' id='word_1_936' title='bbox 3606 4842 3764 4895; x_wconf 84' lang='lat' dir='ltr'><strong>vitam</strong></span> 
     </span>
    </p>
   </div>
   <div class='ocr_carea' id='block_1_112' title="bbox 2185 4931 3768 4995">
    <p class='ocr_par' dir='ltr' id='par_1_112' title="bbox 2185 4931 3768 4995">
     <span class='ocr_line' id='line_1_112' title="bbox 2185 4931 3768 4995; baseline -0.001 -8"><span class='ocrx_word' id='word_1_937' title='bbox 2185 4940 2241 4987; x_wconf 89' lang='lat' dir='ltr'><strong>et</strong></span> <span class='ocrx_word' id='word_1_938' title='bbox 2266 4933 2537 4988; x_wconf 86' lang='lat' dir='ltr'><strong>virtutem.</strong></span> <span class='ocrx_word' id='word_1_939' title='bbox 2581 4931 2714 4987; x_wconf 88' lang='lat' dir='ltr'><strong>Nam</strong></span> <span class='ocrx_word' id='word_1_940' title='bbox 2754 4943 2810 4988; x_wconf 90' lang='lat' dir='ltr'><strong>et</strong></span> <span class='ocrx_word' id='word_1_941' title='bbox 2849 4932 3130 4988; x_wconf 79' lang='lat' dir='ltr'><strong>viduarum</strong></span> <span class='ocrx_word' id='word_1_942' title='bbox 3169 4947 3444 4995; x_wconf 86' lang='lat' dir='ltr'><strong>numerus,</strong></span> <span class='ocrx_word' id='word_1_943' title='bbox 3475 4941 3534 4986; x_wconf 89' lang='lat' dir='ltr'><strong>ct</strong></span> <span class='ocrx_word' id='word_1_944' title='bbox 3571 4933 3768 4987; x_wconf 85' lang='lat' dir='ltr'><strong>chorus</strong></span> 
     </span>
    </p>
   </div>
   <div class='ocr_carea' id='block_1_113' title="bbox 2183 5025 3770 5097">
    <p class='ocr_par' dir='ltr' id='par_1_113' title="bbox 2183 5025 3770 5097">
     <span class='ocr_line' id='line_1_113' title="bbox 2183 5025 3770 5097; baseline 0 -17"><span class='ocrx_word' id='word_1_945' title='bbox 2183 5025 2447 5096; x_wconf 80' lang='lat' dir='ltr'><strong>virginum</strong></span> <span class='ocrx_word' id='word_1_946' title='bbox 2493 5037 2620 5080; x_wconf 83' lang='lat' dir='ltr'><strong>tunc</strong></span> <span class='ocrx_word' id='word_1_947' title='bbox 2661 5040 2910 5096; x_wconf 88' lang='lat' dir='ltr'><strong>magnum</strong></span> <span class='ocrx_word' id='word_1_948' title='bbox 2935 5035 3318 5082; x_wconf 82' lang='lat' dir='ltr'><strong>ornamentum</strong></span> <span class='ocrx_word' id='word_1_949' title='bbox 3349 5025 3625 5097; x_wconf 74' lang='lat' dir='ltr'><strong>prtebebat</strong></span> <span class='ocrx_word' id='word_1_950' title='bbox 3668 5025 3770 5080; x_wconf 83' lang='lat' dir='ltr'><strong>Ec-</strong></span> 
     </span>
    </p>
   </div>
   <div class='ocr_carea' id='block_1_114' title="bbox 2187 5117 3774 5174">
    <p class='ocr_par' dir='ltr' id='par_1_114' title="bbox 2187 5117 3774 5174">
     <span class='ocr_line' id='line_1_114' title="bbox 2187 5117 3774 5174; baseline -0.003 -1"><span class='ocrx_word' id='word_1_951' title='bbox 2187 5118 2363 5174; x_wconf 87' lang='lat' dir='ltr'><strong>clesiis</strong></span> <span class='ocrx_word' id='word_1_952' title='bbox 2391 5136 2404 5172; x_wconf 92' lang='lat'><strong>:</strong></span> <span class='ocrx_word' id='word_1_953' title='bbox 2433 5133 2576 5174; x_wconf 89' lang='lat' dir='ltr'><strong>nunc</strong></span> <span class='ocrx_word' id='word_1_954' title='bbox 2616 5127 2793 5173; x_wconf 89' lang='lat' dir='ltr'><strong>autem</strong></span> <span class='ocrx_word' id='word_1_955' title='bbox 2833 5119 2902 5174; x_wconf 82' lang='lat' dir='ltr'><strong>ab</strong></span> <span class='ocrx_word' id='word_1_956' title='bbox 2941 5118 3004 5172; x_wconf 87' lang='lat' dir='ltr'><strong>iis</strong></span> <span class='ocrx_word' id='word_1_957' title='bbox 3053 5117 3296 5173; x_wconf 84' lang='lat' dir='ltr'><strong>Ecclesia</strong></span> <span class='ocrx_word' id='word_1_958' title='bbox 3340 5119 3554 5173; x_wconf 81' lang='lat' dir='ltr'><strong>deserta</strong></span> <span class='ocrx_word' id='word_1_959' title='bbox 3595 5126 3680 5172; x_wconf 85' lang='lat' dir='ltr'><strong>est</strong></span> <span class='ocrx_word' id='word_1_960' title='bbox 3717 5125 3774 5170; x_wconf 86' lang='lat' dir='ltr'><strong>et</strong></span> 
     </span>
    </p>
   </div>
   <div class='ocr_carea' id='block_1_115' title="bbox 2186 5207 3773 5280">
    <p class='ocr_par' dir='ltr' id='par_1_115' title="bbox 2186 5207 3773 5280">
     <span class='ocr_line' id='line_1_115' title="bbox 2186 5207 3773 5280; baseline -0.003 -14"><span class='ocrx_word' id='word_1_961' title='bbox 2186 5211 2492 5276; x_wconf 87' lang='lat' dir='ltr'><strong>exinanita,</strong></span> <span class='ocrx_word' id='word_1_962' title='bbox 2537 5218 2595 5266; x_wconf 89' lang='lat' dir='ltr'><strong>et</strong></span> <span class='ocrx_word' id='word_1_963' title='bbox 2639 5211 2755 5265; x_wconf 89' lang='lat' dir='ltr'><strong>sola</strong></span> <span class='ocrx_word' id='word_1_964' title='bbox 2801 5219 3021 5265; x_wconf 86' lang='lat' dir='ltr'><strong>manent</strong></span> <span class='ocrx_word' id='word_1_965' title='bbox 3061 5210 3233 5280; x_wconf 90' lang='lat' dir='ltr'><strong>signa.</strong></span> <span class='ocrx_word' id='word_1_966' title='bbox 3280 5207 3414 5264; x_wconf 85' lang='lat' dir='ltr'><strong>Nam</strong></span> <span class='ocrx_word' id='word_1_967' title='bbox 3457 5219 3586 5264; x_wconf 88' lang='lat' dir='ltr'><strong>sunt</strong></span> <span class='ocrx_word' id='word_1_968' title='bbox 3631 5223 3773 5264; x_wconf 87' lang='lat' dir='ltr'><strong>nunc</strong></span> 
     </span>
    </p>
   </div>
   <div class='ocr_carea' id='block_1_116' title="bbox 2187 5300 3776 5373">
    <p class='ocr_par' dir='ltr' id='par_1_116' title="bbox 2187 5300 3776 5373">
     <span class='ocr_line' id='line_1_116' title="bbox 2187 5300 3776 5373; baseline -0.002 -16"><span class='ocrx_word' id='word_1_969' title='bbox 2187 5317 2399 5372; x_wconf 91' lang='lat' dir='ltr'><strong>quoque</strong></span> <span class='ocrx_word' id='word_1_970' title='bbox 2424 5301 2619 5368; x_wconf 71' lang='lat' dir='ltr'><strong>vidum,</strong></span> <span class='ocrx_word' id='word_1_971' title='bbox 2658 5311 2783 5357; x_wconf 87' lang='lat' dir='ltr'><strong>sunt</strong></span> <span class='ocrx_word' id='word_1_972' title='bbox 2822 5311 2878 5357; x_wconf 91' lang='lat' dir='ltr'><strong>et</strong></span> <span class='ocrx_word' id='word_1_973' title='bbox 2911 5301 3176 5373; x_wconf 78' lang='lat' dir='ltr'><strong>virgines;</strong></span> <span class='ocrx_word' id='word_1_974' title='bbox 3213 5302 3310 5356; x_wconf 85' lang='lat' dir='ltr'><strong>sed</strong></span> <span class='ocrx_word' id='word_1_975' title='bbox 3337 5317 3416 5357; x_wconf 68' lang='lat' dir='ltr'><strong>ea</strong></span> <span class='ocrx_word' id='word_1_976' title='bbox 3441 5313 3551 5356; x_wconf 84' lang='lat' dir='ltr'><strong>non</strong></span> <span class='ocrx_word' id='word_1_977' title='bbox 3577 5300 3776 5355; x_wconf 85' lang='lat' dir='ltr'><strong>habent</strong></span> 
     </span>
    </p>
   </div>
   <div class='ocr_carea' id='block_1_117' title="bbox 2189 5391 3775 5466">
    <p class='ocr_par' dir='ltr' id='par_1_117' title="bbox 2189 5391 3775 5466">
     <span class='ocr_line' id='line_1_117' title="bbox 2189 5391 3775 5466; baseline -0.001 -16"><span class='ocrx_word' id='word_1_978' title='bbox 2189 5394 2336 5450; x_wconf 91' lang='lat' dir='ltr'><strong>illum</strong></span> <span class='ocrx_word' id='word_1_979' title='bbox 2361 5403 2630 5462; x_wconf 87' lang='lat' dir='ltr'><strong>ornatum,</strong></span> <span class='ocrx_word' id='word_1_980' title='bbox 2653 5409 2808 5466; x_wconf 90' lang='lat' dir='ltr'><strong>quem</strong></span> <span class='ocrx_word' id='word_1_981' title='bbox 2833 5395 3028 5451; x_wconf 82' lang='lat' dir='ltr'><strong>habere</strong></span> <span class='ocrx_word' id='word_1_982' title='bbox 3053 5403 3330 5465; x_wconf 84' lang='lat' dir='ltr'><strong>oporteret</strong></span> <span class='ocrx_word' id='word_1_983' title='bbox 3358 5409 3450 5450; x_wconf 85' lang='lat' dir='ltr'><strong>eas</strong></span> <span class='ocrx_word' id='word_1_984' title='bbox 3475 5410 3599 5464; x_wconf 76' lang='lat' dir='ltr'><strong>qua:</strong></span> <span class='ocrx_word' id='word_1_985' title='bbox 3621 5408 3684 5449; x_wconf 82' lang='lat' dir='ltr'><strong>se</strong></span> <span class='ocrx_word' id='word_1_986' title='bbox 3706 5391 3775 5448; x_wconf 84' lang='lat' dir='ltr'><strong>ad</strong></span> 
     </span>
    </p>
   </div>
   <div class='ocr_carea' id='block_1_118' title="bbox 2191 5487 3779 5558">
    <p class='ocr_par' dir='ltr' id='par_1_118' title="bbox 2191 5487 3779 5558">
     <span class='ocr_line' id='line_1_118' title="bbox 2191 5487 3779 5558; baseline -0.002 -15"><span class='ocrx_word' id='word_1_987' title='bbox 2191 5487 2306 5544; x_wconf 68' lang='lat' dir='ltr'><strong>hare</strong></span> <span class='ocrx_word' id='word_1_988' title='bbox 2331 5497 2586 5558; x_wconf 85' lang='lat' dir='ltr'><strong>pararunt</strong></span> <span class='ocrx_word' id='word_1_989' title='bbox 2613 5489 2928 5545; x_wconf 86' lang='lat' dir='ltr'><strong>certamina.</strong></span> <span class='ocrx_word' id='word_1_990' title='bbox 2960 5487 3230 5542; x_wconf 86' lang='lat' dir='ltr'><strong>Eximium</strong></span> <span class='ocrx_word' id='word_1_991' title='bbox 3265 5488 3410 5543; x_wconf 84' lang='lat' dir='ltr'><strong>enim</strong></span> <span class='ocrx_word' id='word_1_992' title='bbox 3438 5487 3665 5556; x_wconf 86' lang='lat' dir='ltr'><strong>virginis</strong></span> <span class='ocrx_word' id='word_1_993' title='bbox 3693 5493 3779 5540; x_wconf 83' lang='lat' dir='ltr'><strong>est</strong></span> 
     </span>
    </p>
   </div>
   <div class='ocr_carea' id='block_1_119' title="bbox 2192 5576 3772 5650">
    <p class='ocr_par' dir='ltr' id='par_1_119' title="bbox 2192 5576 3772 5650">
     <span class='ocr_line' id='line_1_119' title="bbox 2192 5576 3772 5650; baseline -0.004 -16"><span class='ocrx_word' id='word_1_994' title='bbox 2192 5579 2444 5635; x_wconf 89' lang='lat' dir='ltr'><strong>indicium</strong></span> <span class='ocrx_word' id='word_1_995' title='bbox 2466 5622 2482 5648; x_wconf 95' lang='lat'><strong>,</strong></span> <span class='ocrx_word' id='word_1_996' title='bbox 2510 5580 2652 5650; x_wconf 89' lang='lat' dir='ltr'><strong>quod</strong></span> <span class='ocrx_word' id='word_1_997' title='bbox 2677 5581 2746 5637; x_wconf 90' lang='lat' dir='ltr'><strong>de</strong></span> <span class='ocrx_word' id='word_1_998' title='bbox 2776 5581 2841 5636; x_wconf 90' lang='lat' dir='ltr'><strong>iis</strong></span> <span class='ocrx_word' id='word_1_999' title='bbox 2869 5587 3074 5635; x_wconf 86' lang='lat' dir='ltr'><strong>tantum</strong></span> <span class='ocrx_word' id='word_1_1000' title='bbox 3100 5589 3220 5650; x_wconf 64' lang='lat' dir='ltr'><strong>quae</strong></span> <span class='ocrx_word' id='word_1_1001' title='bbox 3245 5588 3372 5634; x_wconf 86' lang='lat' dir='ltr'><strong>sunt</strong></span> <span class='ocrx_word' id='word_1_1002' title='bbox 3404 5579 3496 5634; x_wconf 89' lang='lat' dir='ltr'><strong>Dei</strong></span> <span class='ocrx_word' id='word_1_1003' title='bbox 3523 5578 3597 5635; x_wconf 87' lang='lat' dir='ltr'><strong>sit</strong></span> <span class='ocrx_word' id='word_1_1004' title='bbox 3619 5576 3772 5632; x_wconf 87' lang='lat' dir='ltr'><strong>solli-</strong></span> 
     </span>
    </p>
   </div>
   <div class='ocr_carea' id='block_1_120' title="bbox 2193 5670 3775 5746">
    <p class='ocr_par' dir='ltr' id='par_1_120' title="bbox 2193 5670 3775 5746">
     <span class='ocr_line' id='line_1_120' title="bbox 2193 5670 3775 5746; baseline -0.003 -20"><span class='ocrx_word' id='word_1_1005' title='bbox 2193 5674 2318 5742; x_wconf 80' lang='lat' dir='ltr'><strong>cita,</strong></span> <span class='ocrx_word' id='word_1_1006' title='bbox 2355 5686 2407 5728; x_wconf 87' lang='lat' dir='ltr'><strong>et</strong></span> <span class='ocrx_word' id='word_1_1007' title='bbox 2445 5674 2509 5729; x_wconf 89' lang='lat' dir='ltr'><strong>ad</strong></span> <span class='ocrx_word' id='word_1_1008' title='bbox 2549 5675 2712 5730; x_wconf 85' lang='lat' dir='ltr'><strong>Deum</strong></span> <span class='ocrx_word' id='word_1_1009' title='bbox 2753 5670 3071 5746; x_wconf 84' lang='lat' dir='ltr'><strong>precandum</strong></span> <span class='ocrx_word' id='word_1_1010' title='bbox 3114 5671 3378 5729; x_wconf 82' lang='lat' dir='ltr'><strong>indivulse</strong></span> <span class='ocrx_word' id='word_1_1011' title='bbox 3413 5671 3652 5728; x_wconf 80' lang='lat' dir='ltr'><strong>assideat</strong></span> <span class='ocrx_word' id='word_1_1012' title='bbox 3685 5677 3775 5725; x_wconf 86' lang='lat' dir='ltr'><strong>:et</strong></span> 
     </span>
    </p>
   </div>
  </div>
