4018 6156
516 310 623 365 515

516 423 717 493 πολλῆς
755 423 977 476 ἀπαιτεῖ
1012 421 1113 490 τῆς
1167 421 1450 494 ἀκριϐείας
1510 423 1537 473 6
1590 419 1797 482 Παῦλος
1834 417 2080 485 Τιμοθέῳ

515 524 761 578 γραφων.

591 672 720 725 Ἴδοι
752 688 837 734 τις
870 670 936 724 ἂν
966 672 1060 725 καὶ
1107 671 1207 736 τὰς
1258 674 1315 725 ἐν
1359 671 1521 741 γάμῳ
1554 666 1750 738 πολλὴν
1781 665 2085 719 ἐπιδεικνυ-

521 757 692 828 μένας
725 755 854 826 παρ’
900 757 1032 826 ήμῖν
1081 756 1180 827 τὴν
1228 756 1582 826 κοσμιότητα.
1629 751 1767 806 Ἀλλ’
1819 751 1879 803 οὐ
1929 747 2088 802 τοῦτο

520 839 682 909 μόνον
713 839 829 891 ἐστὶ
869 837 929 889 τὸ
973 837 1327 908 ζητούμενον.
1360 836 1474 890 ἀλλ’
1505 837 1536 906 ἡ
1588 833 1716 904 περὶ
1747 833 1872 895 τοὺς
1896 830 2077 900 δεομέ-

517 937 642 984 νους
675 919 809 991 μετά
843 920 1079 989 σπουδῆς
1110 919 1396 992 Θεραπεία,
1436 919 1502 972 δι’
1535 911 1602 988 ἦς
1632 919 1686 971 αἰ
1715 915 1942 985 ἀρχαῖαι
1981 912 2085 982 μά-

520 1004 673 1056 λιστα
729 1002 1052 1072 ἀπέλαμπον
1099 1004 1378 1071 γυναῖκες,
1421 1001 1518 1070 οὐχ
1550 999 1626 1062 ὡς
1671 999 1726 1053 αἰ
1761 995 1955 1049 πολλαὶ
1978 993 2088 1046 τῶν

519 1085 634 1140 νῦν.
664 1085 798 1138 Τότε
829 1085 929 1156 μὲν
958 1085 1067 1157 γὰρ
1095 1085 1217 1139 ἀντὶ
1246 1083 1448 1157 χρυσοῦ
1483 1083 1571 1137 τὸν
1601 1082 1709 1136 ἀπὸ
1736 1081 1837 1149 τῆς
1863 1080 2090 1148 ἐλεημο-

523 1171 690 1240 σύνης
737 1168 1078 1238 περιέκειντο
1129 1167 1554 1236 καλλωπισμόν·
1608 1165 1725 1219 νυνί
1771 1163 1830 1218 δὲ
1871 1163 2091 1232 ἀφεῖσαι

520 1253 702 1315 τοῦτο,
742 1251 945 1322 σχοινία
982 1254 1160 1323 χρυσᾶ
1190 1251 1297 1306 ἀπὸ
1326 1252 1424 1322 τῆς
1460 1250 1646 1322 σειρᾶς
1673 1248 1781 1302 τῶν
1811 1244 2093 1318 ἁμαρτιῶν

525 1335 874 1407 πεπλεγμένα
906 1335 1241 1404 πανταχόθεν
1281 1333 1642 1406 περίκεινται.
1695 1333 1848 1386 Εῖπω
1879 1330 1973 1384 καὶ⁸
2001 1327 2095 1382 ἀλ-

524 1419 625 1488 λην
647 1417 822 1488 θήκην
851 1419 1229 1488 κεκενωμένην
1258 1416 1354 1471 τοῦ
1389 1417 1641 1488 πατρῴου
1677 1415 1927 1485 κόσμου;
1959 1412 2096 1464 Συν-

525 1501 696 1573 ῄεσαν
734 1500 797 1552 τὸ
836 1500 1069 1553 παλαιὸν
1117 1500 1377 1562 άπαντες,
1425 1501 1521 1553 καὶ
1565 1497 1875 1568 ύπὲψαλλον
1918 1496 2092 1565 κοινῇ.

527 1583 697 1636 ιῬοῦτο
730 1582 988 1652 ποιοῦμεν
1043 1582 1137 1635 καὶ
1191 1581 1320 1636 νῦν·
1370 1580 1505 1635 ἀλλά
1555 1581 1676 1635 τότε
1715 1579 1814 1650 μέν
1840 1579 1896 1631 ἐν
1925 1578 2098 1632 ἅπασι

532 1665 628 1736 μία
660 1665 806 1736 ψυχὴ
847 1661 916 1736 ἦν
965 1666 1061 1718 καὶ
1105 1664 1302 1734 καρδία
1351 1662 1469 1732 μία·
1509 1661 1628 1715 νυνί
1657 1661 1715 1714 δέ
1753 1661 1872 1714 οὐδὲ
1907 1662 1964 1714 ἐν
2003 1660 2101 1730 μιᾷ

527 1749 674 1820 ψυχῇ
703 1750 800 1820 τήν
827 1749 1079 1819 ὁμόνοιαν
1112 1747 1324 1818 ἐκείνην
1351 1748 1454 1801 ’ἴδοι
1482 1764 1565 1810 τις
1593 1747 1681 1810 ἂν,
1713 1745 1849 1800 ἀλλά
1882 1743 2048 1805 πολὺς
2071 1744 2100 1795 6

531 1832 765 1902 πόλεμος
815 1831 1112 1902 πανταχοῦ.
1169 1831 1406 1903 Εἰρήνην
1453 1831 1548 1884 καί⁵
1599 1828 1694 1884 νῦν
1736 1831 1900 1883 πᾶσιν
1933 1830 1960 1881 6
2003 1826 2101 1896 τῆς

544 1915 872 1985 Ἐκκλησίας
923 1914 1200 1987 προεστὼς
1242 1913 1554 1984 ἐπεύχεται,
1603 1912 1678 1976 ὡς
1716 1913 1796 1974 είς
1841 1909 2102 1980 πατρῴαν

531 1997 709 2051 οἰκίαν
737 1997 1089 2051 εἰσιώνοάλλά
1117 1998 1214 2067 τῆς
1241 1996 1464 2066 εἰρήνης
1496 1994 1700 2064 ταύτης
1729 1993 1792 2045 τδ
1813 1993 1912 2062 μὲν
1937 1993 2104 2061 ὄνομα

535 2081 692 2148 πολὺ,
733 2081 794 2133 τὸ
822 2080 879 2133 δὲ
906 2083 1138 2150 πρᾶγμα
1167 2077 1426 2147 οὐδαμοῦ.
1455 2077 1590 2132 Τότε
1619 2077 1714 2130 κα)⁵
1738 2077 1792 2128 αἱ
1821 2075 1989 2128 οἰκίαι
2015 2077 2107 2127 ἐκ-

535 2163 755 2232 κλησίαι
787 2159 948 2233 ἦσαν·
981 2162 1098 2215 νυνὶ
1125 2161 1181 2213 δὲ
1210 2160 1304 2212 καὶ
1346 2161 1379 2225 ή
1411 2158 1676 2229 ἐκκλησία
1706 2157 1876 2220 οἰκία,
1907 2157 2107 2226 μᾶλλον

535 2247 593 2299 δὲ
618 2249 712 2300 καὶ
740 2246 916 2308 οἰκίας
956 2245 1136 2315 πάσης
1164 2243 1384 2314 χείρων.
1416 2243 1505 2295 Ἐν
1538 2241 1684 2312 οἰκίᾳ
1716 2241 1814 2311 μὲν
1847 2240 1956 2311 γάρ
1981 2239 2108 2292 πολ-

536 2332 634 2401 λὴν
666 2330 760 2383 καὶ
788 2327 1040 2392 εὐταξίαν
1080 2327 1176 2380 ἴδοι
1216 2343 1299 2389 τις
1333 2327 1398 2380 ἄν
1423 2342 1437 2356 ·
1474 2325 1570 2379 καὶ
1601 2325 1711 2396 γὰρ
1745 2327 1777 2395 ή
1809 2323 1976 2394 κυρία
2007 2323 2109 2393 τῆς

537 2413 713 2474 οἰκίας
750 2411 843 2464 ἐπὶ
881 2411 976 2464 τοῦ
1024 2409 1212 2482 θρόνου
1246 2409 1480 2482 κάθηται
1514 2408 1652 2480 μετά
1699 2407 2109 2479 εὐσχημοσύνης

545 2495 780 2564 ἁπάσης,
815 2493 909 2548 καί¹
936 2493 992 2548 αἰ
1018 2491 1400 2564 θεραπαινίδες
1427 2491 1566 2563 μετά
1591 2494 1690 2562 τῆς
1712 2491 1938 2562 ἡσυχίας
1961 2490 2112 2560 ὑφαί-

539 2595 712 2642 νουσι,
741 2576 835 2631 καὶ
864 2575 972 2630 τῶν
1020 2575 1245 2630 οἰκετῶν
1285 2575 1514 2640 ἕκαστος
1551 2573 1612 2628 τὸ
1645 2573 1936 2644 ἐπιταχθὲν
1975 2575 2112 2644 μετά

540 2663 730 2734 χεῖρας
758 2660 893 2732 ἔχει.
922 2659 1190 2714 Ἐνταῦθα
1217 2658 1275 2713 δέ
1324 2658 1493 2721 πολὺς
1531 2658 1560 2711 6
1601 2657 1851 2731 θόρυϐος,
1882 2657 2050 2727 πολλὴ
2077 2658 2111 2727 ή

545 2745 826 2814 σύγχυσις,
877 2743 973 2797 καὶ
1021 2741 1317 2812 καπηλείου
1366 2740 1517 2796 οὐδὲν
1560 2741 1833 2812 διενήνοχε
1863 2739 1934 2793 τά
1981 2740 2110 2810 παρ’

544 2827 694 2898 ἡμῖν·
726 2825 976 2889 τοσοῦτος
1007 2826 1036 2878 ό
1061 2825 1256 2894 γέλως,
1275 2823 1513 2894 τοσαύτη
1538 2824 1573 2893 ἡ
1601 2823 1833 2894 ταραχὴ,
1863 2821 2113 2893 καθάπερ

544 2911 601 2961 ἐν
634 2909 956 2978 βαλανείοις,
989 2907 1240 2978 καθάπερ
1270 2907 1327 2960 ἐν
1352 2907 1578 2978 ἀγοραῖς
1607 2905 1938 2977 κραζόντων,
1957 2905 2117 2974 θορυ-

546 2993 783 3046 ϐούντων
809 2993 1084 3046 ἁπάντων.
1149 2991 1261 3045 Καὶ
1289 2988 1464 3043 ταῦτα
1509 2989 1742 3043 ἐνταῦθα
1786 2988 1983 3059 μόνον·
2041 2988 2117 3051 ὡς

546 3074 782 3144 ἀλλαχοῦ
806 3073 927 3127 οὐδὲ
957 3075 1278 3144 προσειπεῖν
1316 3072 1409 3126 τδν
1439 3071 1664 3142 πλησίον
1706 3070 1914 3136 ἔξεστιν
1944 3072 2000 3123 ἐν
2026 3073 2117 3124 ἐκ·

549 3156 768 3228 κλησίᾳ,
799 3155 901 3208 κᾶν
931 3155 1143 3226 χρόνιόν
1175 3171 1259 3218 τις
1283 3154 1532 3227 ἀπολάϐῃ
1559 3153 1652 3207 τὸν
1682 3152 1854 3222 φίλον,
1877 3151 1992 3206 ἀλλ’
2013 3151 2118 3217 ἐξω

538 3239 720 3292 ταῦτα
756 3239 986 3307 γίνεται,
1019 3239 1114 3292 καὶ
1143 3237 1290 3308 μάλα
1317 3238 1561 3301 εἰκότως.
1595 3238 1668 3291 Οὐ
1705 3237 1813 3308 γάρ
1850 3239 2117 3309 κουρεῖον,

544 3322 669 3376 οὐδέ
695 3322 1113 3393 μυροπωλεῖονή
1143 3320 1425 3390 ἐκκλησία,
1459 3319 1580 3373 οὐδὲ
1612 3321 1970 3392 ἐργαστήριον
2001 3320 2120 3373 ἐτε-

540 3423 646 3477 .ρον
668 3404 773 3459 τῶν
796 3407 884 3458 ἐπ’
909 3405 1136 3476 ἀγορᾶς,
1167 3402 1304 3458 ἀλλὰ
1323 3404 1486 3467 τόπος
1515 3402 1784 3472 ἀγγέλων,
1807 3403 1967 3465 τόπος
1985 3403 2122 3473 ἀρχ-

549 3489 815 3559 αγγέλων,
859 3486 1103 3558 βασιλεία
1149 3485 1307 3548 Θεοῦ,
1345 3486 1510 3548 αὐτὸς
1551 3488 1580 3540 6
1621 3483 1865 3558 οὐρανός.
1911 3485 2124 3556 Ὥσπερ

547 3569 644 3628 οὖν
669 3574 722 3626 εί
749 3589 834 3636 τις
871 3571 962 3625 τὸν
986 3569 1214 3641 οὐρανὸν
1259 3568 1566 3632 διαστείλας
1595 3570 1711 3622 ἐκεῖ
1738 3586 1799 3622 σε
1839 3569 2122 3640 εἰσήγαγε,

543 3657 656 3712 κᾶν
691 3656 781 3710 τὸν
810 3655 1042 3726 πατέρα,
1068 3654 1174 3708 κᾶν
1195 3653 1287 3706 τὸν
1316 3653 1544 3722 ἀδελφὸν
1571 3649 1731 3716 εἶδες,
1760 3653 1860 3708 οὐκ
1890 3652 1956 3708 ἂν
1985 3652 2126 3706 ἐτόλ-

555 3755 734 3810 μησας
769 3735 1104 3805 φθέγξασθαι
1130 3753 1144 3767 ·
1201 3735 1374 3798 οὕτως
1400 3733 1522 3788 ούδέ
1556 3733 1792 3789 ἐνταῦθα
1820 3735 2006 3806 ἕτερόν
2049 3752 2123 3802 τι,

552 3819 695 3890 πλὴν
720 3819 830 3872 τῶν
876 3816 1261 3888 πνευματικῶν
1304 3815 1638 3885 φθέγγεσθαι
1683 3815 1820 3870 ἔδει·
1889 3817 2127 3888 καὶγὰρ

555 3903 650 3954 καὶ
673 3901 742 3954 τὰ
772 3899 1004 3953 ἐνταῦθα
1037 3899 1283 3969 οὐρανός.
1344 3900 1407 3951 Εἰ
1448 3898 1504 3950 δὲ
1551 3900 1822 3964 ἀπιστεῖς,
1868 3900 1942 3953 ἴδε
1993 3900 2130 3971 πρὸς

557 3981 785 4052 ταυτηνὶ
817 3980 915 4052 τὴν
969 3979 1274 4051 τράπεζαν,
1332 3981 1711 4052 ἀναμνήσθητι
1762 3983 1906 4046 τίνος
1943 3982 2130 4036 ἕνεκεν

557 4069 778 4140 ἕστηκε,
808 4067 899 4120 καί
923 4066 1010 4120 διά
1046 4063 1120 4118 τί·
1145 4063 1399 4135 ἐννόησον
1423 4065 1508 4126 τίς
1543 4064 1571 4116 6
1605 4064 1910 4137 προϐαίνων
1940 4065 2132 4120 ἐνταῦ-

559 4151 648 4216 θα,
681 4149 867 4221 φρίξον
897 4148 991 4202 καὶ
1019 4146 1126 4217 πρὸ
1152 4143 1245 4199 τοῦ
1298 4146 1513 4216 καιροῦ.
1543 4147 1652 4199 Καὶ
1683 4146 1794 4216 γὰρ
1820 4148 1915 4200 καὶ
1945 4146 2131 4218 θρόνον

550 4254 643 4299 τις
675 4233 799 4289 ἰδὼν
827 4233 987 4304 μόνον
1017 4229 1300 4301 βασιλέως,
1334 4229 1620 4283 ἀνίσταται
1650 4231 1714 4301 τῇ
1746 4228 1916 4300 ψυχῇ,
1960 4246 2132 4300 προσ-

557 4319 728 4376 δοκῶν
769 4315 868 4389 τὴν
915 4315 1093 4383 ἔξοδον
1122 4311 1216 4367 τοῦ
1253 4311 1538 4382 βασιλέως.
1593 4311 1703 4364 Καὶ
1731 4311 1796 4364 σὺ
1827 4311 2009 4365 τοίνυν
2037 4311 2132 4365 καί

561 4403 666 4475 πρὸ
711 4400 807 4455 τοῦ
840 4397 1030 4470 καιροῦ
1082 4395 1176 4450 τοῦ
1208 4395 1514 4468 φρικώδους
1565 4394 1754 4467 φρίξον
1788 4395 2022 4460 ἐκείνου,
2055 4394 2133 4447 δι-

561 4483 848 4554 ανάστηθι,
873 4483 970 4535 καὶ¹
997 4480 1126 4551 πρὶν
1149 4479 1275 4533 ἰδεῖν
1291 4481 1360 4533 τὰ
1379 4479 1856 4551 παραπετάσματα
1878 4477 2137 4532 ἀναστελ-

562 4567 769 4636 λόμενα
797 4565 890 4617 καὶ
939 4564 1030 4616 τὸν
1063 4562 1223 4633 χορὸν
1269 4561 1378 4614 τῶν
1425 4561 1673 4629 ἀγγέλων
1708 4560 1858 4633 [541]
1910 4560 2137 4630 προϐαί-

565 4665 745 4712 νοντα,
806 4646 941 4715 πρὸς
1003 4646 1164 4698 αὐτὸν
1224 4645 1481 4698 ἀνάϐαινε
1538 4643 1627 4697 τὸν
1684 4645 1934 4714 οὐρανόν.
1993 4643 2136 4697 Ἀλλ’

567 4732 752 4800 ἀγνοεῖ
788 4729 959 4782 ταῦτα
987 4732 1015 4782 ό
1039 4727 1304 4799 ἀμύητος·
1332 4725 1526 4780 οὐκοῦν
1555 4727 1851 4794 ἀναγκαῖον
1878 4727 1973 4780 καὶ
2003 4727 2138 4798 πρὸς

567 4816 776 4869 ἐκεῖνον
795 4814 968 4866 εἰπεῖν
988 4814 1170 4883 ἐτερα.
1199 4811 1335 4866 Οὐδέ
1352 4811 1462 4882 γάρ
1485 4811 1623 4882 πρὸς
1655 4810 1843 4863 τοῦτον
1866 4812 2141 4882 ἀπορήσο-

563 4915 672 4968 ’μιν
701 4896 809 4949 τῶν
857 4895 1170 4961 δυναμένων
1219 4895 1379 4949 αὐτὸν
1410 4893 1765 4964 διαναστῆσαι
1810 4893 1905 4946 καὶ
1954 4895 2139 4945 πεῖσαι

567 4980 854 5036 πέτεσθαι.
895 4979 968 5031 Σὺ
1010 4977 1190 5031 τοίνυν
1215 4979 1246 5030 6
1277 4977 1451 5031 ταῦτα
1478 4976 1710 5044 ἀγνοῶν,
1745 4976 1874 5030 ὅταν
1903 4976 2142 5047 ἀκούσῃς

570 5065 665 5120 τοῦ
700 5064 978 5136 προφήτου
1012 5061 1281 5129 λέγοντος,
1324 5059 1468 5114 Τάδε
1500 5059 1661 5130 λέγει
1694 5060 1926 5127 Κύριος·
1974 5060 2141 5114 Ἀπό-

559 5151 748 5213 ρστηθι
768 5145 875 5216 τῆς
893 5144 1026 5216 γῆς,
1041 5144 1291 5210 ἀνάϐηθι
1311 5143 1409 5198 καὶ
1430 5142 1611 5208 αὐτὸς
1629 5145 1716 5208 εἰς
1728 5144 1835 5196 τὸν
1861 5142 2141 5211 οὐρανόν,

576 5230 824 5299 ἐννόησον
847 5229 929 5292 τίς
952 5229 1098 5282 ἐστιν
1120 5229 1149 5281 6
1170 5225 1236 5280 δι’
1259 5226 1469 5281 ἐκείνου
1495 5243 1578 5279 σοι
1605 5224 2006 5296 διαλεγόμενος.
2032 5224 2144 5278 Νῦν

575 5313 655 5377 δὲ,
699 5310 862 5382 μίμου
917 5313 1013 5381 μὲν
1050 5308 1561 5380 γελωτοποιοῦντος,
1593 5309 1688 5363 καὶ
1735 5309 2144 5380 πορνευομένης

577 5394 835 5466 γυναικὸς
873 5395 965 5447 καὶ
993 5393 1423 5464 ἀσχημονούσης,
1453 5392 1679 5464 θέατρον
1711 5390 1964 5445 τοσοῦτον
2003 5392 2140 5445 κάθο

579 5494 728 5550 ηται,
762 5476 960 5548 πολλὴν
992 5475 1230 5547 παρέχον
1265 5476 1364 5546 τὴν
1396 5475 1625 5546 ήσυχίαν
1657 5476 1770 5537 τοῖς
1811 5473 2146 5543 λεγομένοις,

583 5563 679 5616 καὶ
715 5559 887 5615 ταῦτα
923 5558 1136 5622 οὐδενὸς
1171 5557 1487 5620 κελεύοντος
1513 5558 1691 5627 σιγᾷν,
1720 5556 1815 5609 καὶ
1841 5554 1965 5608 οῦτε
2002 5555 2154 5625 θόρυ-

582 5645 675 5708 ϐος
704 5641 826 5696 οὐτε
860 5640 1096 5716 κραυγὴ,
1124 5641 1222 5710 οὐχ
1248 5641 1277 5694 6
1301 5638 1480 5711 τυχὼν
1511 5637 1692 5710 θροῦς·
1717 5637 1850 5692 Θεοῦ
1873 5637 1928 5690 δὲ
1957 5639 2019 5690 ἐκ
2044 5637 2152 5688 τῶν

583 5730 827 5802 οὐρανῶν
860 5727 1230 5801 φθεγγομένου
1274 5727 1402 5799 περί
1446 5726 1690 5798 φρικτῶν
1721 5724 1862 5779 οὕτω
1891 5725 2152 5796 πραγμά-

1179 307 1239 362 S.
1275 300 1560 360 JOANNIS
1595 299 2085 357 CIIRYSOSTOMI‘
2117 297 2434 354 ARCIIIEP.
2470 295 3010 355 CONSTANTINOP.

3654 294 3762 348 3H

2187 445 2318 492 των,
2347 425 2524 484 κυνῶν
2574 424 3062 496 ἀναισχυντότερον
3106 419 3452 491 διακείμεθα,
3479 419 3602 475 ούδέ
3634 421 3770 493 ὅσην

2191 514 2310 575 ταῖς
2352 511 2582 580 πόρναις
2609 507 2846 578 γυναιξὶ,
2888 504 3156 574 τοσαύτην
3180 502 3258 575 τῷ
3284 503 3404 574 Θεῷ
3435 503 3772 575 παρέχοντες

2190 595 2291 666 τὴν
2314 593 2466 648 αἰδῶ.

2262 793 2336 852 ς’.
2378 785 2666 856 Ἐφρίξατε
2711 783 2886 837 ταῦτα
2924 779 3290 844 ἀκούσαντες;
3335 777 3544 833 Οὐκοῦν
3591 777 3777 850 πολλῷ

2193 869 2390 941 μᾶλλον
2452 867 2626 922 ταῦτα
2691 864 2972 928 ποιοῦντες
3043 863 3289 933 φρίξατε.
3353 863 3418 915 Ὃ
3473 861 3602 932 περὶ
3661 861 3777 914 τῶν

2192 951 2581 1024 ὑπερορώντων
2613 951 2740 1014 τοὺς
2774 948 3010 1017 πένητας
3033 943 3184 1000 εἶπεν
3216 948 3244 1001 6
3274 945 3507 1010 Παῦλος,
3533 944 3628 999 καί¹
3672 944 3779 1016 μό-

2192 1052 2297 1089 νων
2339 1033 2715 1103 ἑστιωμένων·
2748 1032 2845 1099 Μὴ
2878 1031 2988 1099 γὰρ
3025 1031 3218 1096 οἰκίας
3241 1031 3352 1082 οὐκ
3379 1027 3550 1095 ἔχετε
3581 1031 3667 1094 εἰς
3705 1028 3778 1082 τὸ

2191 1118 2418 1174 ἐσθίειν
2442 1117 2539 1171 καί
2567 1117 2797 1180 πίνειν;
2823 1114 2861 1183 ἢ
2884 1113 2995 1183 τῆς
3015 1112 3348 1180 ἐκκλησίας
3368 1112 3473 1165 τοῦ
3499 1110 3648 1165 Θεοῦ
3667 1127 3777 1163 και

2193 1203 2558 1273 ταφρονεῗτε,
2591 1201 2688 1256 καί
2732 1198 3162 1267 καταισχύνετε
3197 1195 3340 1262 τοὺς
3363 1196 3450 1264 μὴ
3484 1195 3778 1264 ἕχοντας·;

2193 1287 2311 1341 δότε
2341 1287 2509 1355 κάμοί
2545 1286 2674 1355 περὶ
2700 1283 2808 1336 τῶν
2842 1280 3214 1352 θορυϐούντων
3241 1277 3478 1332 ἐνταῦθα
3511 1276 3606 1331 καὶ
3647 1276 3776 1330 δια-

2195 1369 2500 1438 λεγομένων
2526 1370 2717 1422 εἰπεῖν·
2757 1366 2830 1437 μὴ
2863 1365 2972 1434 γὰρ
3021 1363 3122 1416 οὐκ
3159 1362 3313 1432 ἔχετε
3358 1359 3536 1422 οἰκίας
3585 1361 3667 1423 εἰς
3706 1359 3774 1412 τδ

2198 1451 2488 1525 φλυαρεῖν;
2515 1452 2550 1519 ἢ
2581 1450 2682 1520 τῆς
2723 1447 3018 1516 ἐκκλησίας
3056 1445 3151 1499 τοῦ
3185 1444 3324 1498 Θεοῦ
3355 1444 3775 1525 καταφρονεῖτε,

2197 1537 2293 1592 καὶ
2316 1523 2654 1605 διαφθείρετε
2695 1532 2791 1585 καὶ
2827 1533 2954 1594 τοὺς
3005 1530 3302 1600 σωφρονεῖν
3335 1527 3432 1581 καὶ
3469 1523 3775 1597 ἡσυχάζειν

2203 1619 2592 1691 βουλομένους;
2637 1616 2796 1669 Ἀλλά
2829 1614 2929 1685 ήδύ
2968 1613 3062 1667 καὶ
3090 1612 3243 1681 φίλον
3269 1613 3404 1682 ήμῖν
3425 1612 3539 1673 τοῖς
3568 1605 3778 1691 γνωρί-

2206 1689 2326 1773 μοις
2353 1699 2724 1769 διαλέγεσθαι;
2755 1698 2828 1750 Οὐ
2885 1694 3080 1750 κωλύω
3123 1693 3303 1758 τοῦτο,
3343 1692 3456 1746 ἀλλ’
3503 1691 3561 1743 ἐν
3602 1689 3778 1773 οἰκία,

2201 1771 2316 1838 ἀλλ’
2346 1784 2404 1837 ἐν
2442 1783 2635 1852 ἀγορᾷ,
2659 1780 2775 1836 ἀλλ’
2805 1780 2864 1832 ἐν
2911 1777 3212 1849 βαλανείοις
3255 1774 3489 1844 γινέσθω
3514 1789 3528 1802 ·
3575 1774 3608 1843 ή
3662 1771 3780 1840 γὰρ

2203 1866 2470 1938 ἐκκλησία
2490 1866 2548 1919 οὐ
2571 1863 2876 1930 διαλέξεως,
2897 1860 3033 1914 ἀλλά
3049 1858 3396 1922 διδασκαλίας
3414 1856 3613 1938 χωρίον
3635 1853 3781 1908 ἐστί.

2203 1950 2339 2006 Νυνὶ
2362 1937 2419 2002 δὲ
2447 1952 2546 2018 τῆς
2572 1947 2778 2015 ἀγορᾶς
2822 1943 2974 1998 οὐδὲν
3003 1944 3340 2013 διενήνοχεν·
3377 1941 3424 1993 εἰ
3453 1939 3510 1992 δὲ
3542 1937 3620 2008 μὴ
3654 1937 3787 1989 τολ-

2209 2033 2384 2105 μηρὸν
2414 2032 2608 2094 εἰπεῖν,
2634 2029 2776 2098 τάχα
2804 2026 2923 2080 οὐδὲ
2954 2028 3054 2096 τῆς
3081 2025 3284 2094 σκηνῆς
3304 2041 3318 2054 ·
3353 2020 3494 2105 οὕτω
3519 2019 3632 2105 τῶν
3658 2018 3790 2105 ἐκεῖ

2207 2101 2618 2187 πορνευομένων
2649 2109 2926 2180 γυναικῶν
2984 2106 3395 2187 ἀσελγέστερον,
3419 2103 3490 2187 -αἰ
3536 2101 3790 2187 ἐνταῦθα.

2209 2181 2595 2267 συλλεγόμεναι
2618 2190 3072 2256 καλλωπίζονται.
3108 2189 3200 2242 Διὸ
3227 2188 3290 2257 δὴ
3317 2185 3544 2245 πολλοὺς
3567 2181 3665 2235 καὶ
3690 2184 3750 2267 ἐν
3767 2211 3789 2222 ο
3815 2206 3834 2232 ι

2207 2263 2391 2334 ταῦθα-
2406 2263 2725 2344 ἐφέλκονται
2751 2273 2858 2327 τῶν
2885 2272 3204 2326 ἀκολάστων
3222 2285 3234 2300 ·
3268 2269 3364 2322 καὶ
3395 2268 3460 2323 ἄν
3496 2283 3555 2320 τε
3583 2263 3789 2344 πειρᾶ·

2208 2364 2297 2419 ταί
2319 2380 2403 2427 τις
2500 2360 2753 2433 βούληται
2776 2359 3008 2426 γυναῖκα
3025 2353 3375 2434 διαφθείρειν,
3392 2351 3584 2434 οὐδεὶς)
3602 2342 3789 2434 οἶμαι,

2208 2447 2308 2516 τῆς
2337 2428 2659 2514 ἐκκλησίας
2679 2439 3112 2511 ἐπιτηδειότερος
3139 2433 3287 2506 αὐτῷ
3315 2435 3482 2516 τόπος
3527 2428 3672 2516 εἶναι

2211 2511 2312 2582 κεῖ.
2356 2529 2456 2580 Ἀν
2479 2511 2540 2579 τε
2569 2522 2884 2596 ὠνήσασθαι
2915 2538 2969 2575 τι
3001 2520 3098 2574 καὶ
3129 2517 3398 2589 πρίασθαι
3426 2515 3544 2588 δέῃ,
3585 2511 3788 2596 μᾶλλον

2211 2611 2308 2680 τῆς
2329 2610 2534 2680 ἀγορᾶς
2559 2594 2825 2680 χρήσιμος
2849 2607 2884 2675 ή
2914 2601 3180 2674 ἐκκλησία
3213 2599 3485 2669 φαίνεται.
3523 2594 3788 2680 Ἐνταῦθα

2211 2678 2321 2766 γάρ
2348 2678 2444 2748 καί
2476 2678 2610 2762 περ).
2645 2688 2851 2744 τούτων
2904 2686 3122 2749 πλείους
3164 2684 3409 2766 γίνονται
3459 2680 3635 2766 λόγοι,
3656 2679 3691 2748 ἢ
3724 2678 3789 2766 ἐν

2213 2761 2396 2840 αὐτοῖς
2418 2778 2528 2838 τοῖς
2554 2761 2984 2845 ἐργαστηρίοις.
3016 2770 3118 2822 "Av
3149 2784 3206 2820 τε
3256 2764 3443 2828 κακῶς
3494 2763 3665 2816 εἰπεῖν
3686 2761 3792 2845 καὶ

2211 2861 2443 2914 ἀκοῦσαι
2491 2841 2785 2928 βούλωνταί
2822 2841 2991 2916 τινες,
3033 2851 3128 2904 καὶ
3180 2847 3340 2903 τοῦτο
3389 2846 3513 2915 ὄψει
3554 2841 3792 2898 ἐνταῦθα

2218 2941 2438 3014 μᾶλλον,
2531 2941 2625 2993 ἐπὶ
2675 2939 2774 3007 τῆς
2819 2936 3024 3006 ἀγορᾶς
3055 2933 3161 2999 ἐξω
3192 2930 3511 3002 συμϐαῖνον·
3546 2927 3648 3014 κάν
3679 2925 3792 3014 τῶν

2216 3009 2508 3080 πολιτικῶν
2531 3041 2582 3076 τι
2611 3021 2876 3092 βουληθῇς
2902 3017 3134 3074 ἀκοῦσαι
3163 3013 3526 3088 πραγμάτων,
3559 3011 3663 3065 κᾶν
3680 3009 3794 3063 τῶν

2217 3111 2276 3163 ἐν
2315 3108 2535 3173 οἰκίαις,
2560 3104 2664 3159 κάν
2693 3103 2800 3158 τῶν
2829 3103 2889 3156 ἐν
2918 3099 3282 3172 στρατοπέδῳ,
3328 3097 3404 3170 μὴ
3448 3095 3668 3167 βαδίσῃς
3711 3093 3797 3154 εἰς

2218 3191 2587 3260 δικαστήριον,
2620 3186 2754 3259 μηδὲ
2784 3185 3014 3258 καθίσῃς
3041 3185 3098 3236 ἐν
3137 3181 3358 3254 ἰατρείῳ
3378 3197 3392 3212 ο
3431 3179 3535 3233 εἰσί
3568 3176 3680 3260 γὰρ
3708 3175 3798 3226 ἐνο

2190 3290 2192 3292 '
2220 3271 2411 3336 ταῦθα,
2438 3259 2576 3325 εἰσὶν
2603 3272 2651 3324 οἰ
2678 3268 2895 3323 πάντων
2921 3266 3315 3338 ἀκριϐέστερον
3356 3261 3525 3316 ταῦτα
3571 3259 3794 3312 ἃπαντα

2222 3353 2684 3423 καταγγέλλοντες
2717 3353 2812 3406 καὶ
2850 3351 3031 3405 πάντα
3065 3348 3266 3420 μᾶλλόν
3298 3343 3511 3399 ἐστιτά
3539 3339 3798 3423 ἐνταῦθα,

2220 3421 2562 3510 ἣέκκλησία.
2615 3435 2771 3505 Τάχα
2815 3433 3022 3510 σφόδρα
3072 3428 3411 3498 καθηψάμην
3446 3424 3636 3496 ὐμῶν·
3696 3421 3800 3510 οὐκ

2223 3506 2400 3593 ἔγωγε
2433 3506 2608 3593 ὸῖμαι.
2633 3521 2805 3574 υΟταν
2829 3506 2939 3590 γάρ
2967 3519 3082 3580 τοῖς
3125 3515 3312 3575 αὐτοῖς
3341 3510 3665 3593 ἐπιμένητε,
3700 3506 3801 3593 πό-

2226 3587 2317 3660 θεν
2338 3587 2576 3676 εἴσομαι,
2598 3605 2680 3658 ὅτι
2699 3587 2956 3656 καθίκετο
2981 3600 3010 3653 ὑ
3019 3598 3134 3669 μῶν
3161 3597 3231 3650 τά
3253 3594 3524 3666 εἰρημένα
3543 3587 3805 3676 ὶούκοῦν

2225 3689 2332 3743 τῶν
2390 3687 2571 3741 αὐτῶν
2615 3687 2911 3754 ἀναγκαῖον
2949 3681 3192 3752 ἀψασθαι
3230 3679 3415 3732 πάλιν.
3471 3673 3659 3727 Ταῦτα
3706 3666 3805 3724 οπῖιν

2227 3771 2457 3836 ἀνεκτά;
2492 3769 2667 3824 ταῦτα
2692 3767 2946 3838 φορητά;
2998 3761 3336 3833 Κοπτόμεθα
3381 3756 3504 3812 καθ’
3555 3755 3811 3822 ἑκάστην

2227 3855 2447 3926 ἡμέραν
2510 3853 2604 3906 καὶ
2657 3848 3037 3920 διασπώμεθα,
3089 3846 3183 3926 ἵνα
3240 3861 3293 3896 τι
3341 3841 3813 3926 χρήσιμον-,μα-

2231 3916 2413 4000 θόντες
2440 3933 2726 4003 ἀπέλθητε·
2757 3931 2852 3986 καὶ
2877 3916 3054 3990 οὐδεὶς
3074 3925 3229 3998 ὑμῶν
3252 3943 3304 3978 τι
3339 3918 3487 3994 [542]
3517 3916 3804 4003 κερδάνας

2230 4021 2471 4084 ἄπεισιν,
2516 4000 2650 4070 ἀλλά
2701 4015 2797 4069 καὶ
2851 4012 3068 4084 βλαϐεὶς
3115 4009 3396 4081 μειζόνως.
3436 4001 3547 4057 Καὶ
3575 4000 3689 4070 γὰρ
3726 4001 3813 4063 εἰς

2233 4107 2408 4175 κρῖμα
2437 4098 2785 4172 συνέρχεσθε,
2814 4098 3085 4168 πρόφασιν
3119 4093 3305 4175 οὐκέτι
3335 4089 3460 4162 περὶ
3484 4086 3590 4175 ⁸τῆς
3627 4086 3814 4175 ἀμαρ-

2231 4168 2349 4250 τίας
2402 4168 2637 4255 ἔχοντες,
2685 4182 2780 4236 καὶ
2829 4180 2954 4242 τοὺς
2988 4174 3430 4244 ἐπιεικεστέρους
3481 4168 3810 4240 ἐκκρούετε,

2233 4249 2353 4332 ταῖς
2401 4249 2692 4339 ὑμετέραις
2760 4261 3052 4332 φλυαρίαις
3105 4256 3464 4339 ἐνοχλοῦντες-
3521 4249 3812 4339 πάντοθεν.

2248 4351 2406 4406 Ἀλλά
2434 4333 2516 4413 τίς
2546 4333 2583 4403 δ’
2599 4347 2708 4402 τῶν
2743 4345 2950 4400 πολλῶν
2979 4342 3135 4411 λόγος
3158 4358 3172 4406 ;
3196 4339 3310 4392 Οὐκ
3334 4335 3518 4390 ἀκούω
3539 4334 3649 4386 τῶν
3677 4333 3816 4386 ἀνα-

2236 4433 2677 4505 γινωσκομένων,
2715 4427 2903 4498 φησὶν,
2936 4425 3058 4479 οὐδὲ
3098 4419 3218 4505 οῖδα
3257 4419 3386 4505 τίνα
3411 4418 3529 4471 ἐστί
3563 4417 3638 4505 τά-
3655 4415 3816 4505 1576-

2241 4499 2396 4590 μενα.
2442 4499 2661 4583 Ἐπειδὴ
2706 4510 2978 4582 θορυϐεῖς,
3028 4503 3219 4590 ἐπειδὴ
3250 4499 3816 4590 ταράσσῼεις,-ἐπειδὴ

2242 4583 2378 4672 μετά
2402 4598 2578 4668 ψυχῆς
2600 4594 2888 4649 εὐλάϐειαν
2915 4589 3145 4661 ἐχούσης
3173 4589 3234 4642 οὐ
3263 4585 3566 4672 παραγίνῃ,
3585 4583 3652 4672 '1“:
3682 4587 3814 4672 φὴὶς

2238 4661 2338 4736 οὐκ
2365 4661 2514 4744 οἶδας
2535 4661 2666 4733 ’τίνα
2709 4676 2826 4730 ἐστὶ
2863 4675 2932 4729 τά
2966 4673 3272 4743 λεγόμενα;
3307 4669 3384 4722 Δι’
3419 4667 3552 4722 αὐτὸ
3588 4665 3689 4737 μὲν
3721 4661 3819 4717 οὖν

2239 4765 2397 4819 τοῦτο
2423 4762 2709 4836 προσέχειν
2743 4759 2931 4832 ἐχρῆν.
2967 4759 3032 4811 EE
3056 4757 3112 4810 δὲ
3143 4754 3264 4808 οὐδὲ
3286 4753 3349 4806 :6
3383 4751 3594 4836 ἀσαφὲς
3615 4749 3821 4817 διεγεί-

2245 4865 2324 4918 ρει
2356 4863 2448 4900 σου
2467 4826 2572 4916 ’τὴν
2594 4826 3012 4913 ᾧυχὴνξπολλῷ
3044 4837 3264 4908 μᾶλλον,
3289 4836 3338 4888 εἰ
3377 4826 3637 4918 σαφῆνῆν,
3672 4848 3821 4918 παρ-

2243 4913 2493 4999 έδραμες.
2530 4913 2632 4980 Διά
2663 4925 2768 4995 γὰρ
2795 4922 2954 4977 τοῦτο
2985 4921 3111 4974 οὐτε
3145 4920 3290 4989 σαφῆ
3325 4917 3502 4971 πάντα
3531 4913 3702 4999 ἐστὶν,

2245 4996 2322 5080 μή
2359 4996 2704 5082 ῥᾳθυμήσῃς,
2732 5005 2856 5060 οὐτε
2885 5005 3094 5073 ἀσαφῆ,
3127 5003 3214 5055 ἵνα
3251 5001 3326 5072 μὴ
3357 4996 3629 5082 ἀπογνῷς.
3658 4996 3826 5082 Καὶ-ό

2249 5071 2852 5163 μὲν-εὐνοῦχοςέκεῖνος
2897 5088 2991 5142 καὶ
3011 5071 3291 5156 βάρϐαρος
3317 5081 3470 5135 οὐδὲν
3499 5077 3717 5163 τούτων.
3740 5071 3827 5127 εἷς

2245 5157 2367 5240 πεν,
2390 5157 2648 5228 ἀλλά-καὶ
2678 5170 2947 5225 τοσούτων
2981 5168 3322 5240 πραγμάτων
3345 5163 3487 5233 ὄχλῳ
3504 5157 3722 5240 ,κυκλού
3731 5175 3830 5240 με-

2241 5239 2360 5322 -νος,
2391 5259 2484 5312 καὶ
2513 5259 2570 5310 ἐν
2601 5254 2704 5325 ὁδῷ
2727 5253 2822 5316 ὢν,
2859 5239 3060 5322 βιϐλίον
3091 5248 3229 5320 μετά
3259 5249 3446 5316 χεῖρας
3475 5239 3589 5325 εἶχε
3617 5239 3830 5325 καὶάν-

2252 5342 2534 5408 εγίνωσκε,
2563 5339 2663 5392 οὐκ
2680 5323 2840 5400 εἰδὼς
2870 5336 3028 5403 άπερ.
3040 5331 3370 5398 ἀνεγίνωσκε
3397 5343 3409 5357 ·
3462 5326 3526 5378 σὺ
3559 5323 3616 5376 δὲ
3645 5323 3744 5375 καὶ
3770 5325 3831 5375 ἐν

2253 5405 2588 5478 διδασκάλων
2619 5421 2852 5490 εὐπορία
2896 5416 2994 5482 ὢν,
3029 5417 3122 5470 καὶ
3152 5413 3372 5480 ἐτέρους
3403 5409 3542 5479 ἔχων
3564 5405 3694 5490 τοὺς
3725 5406 3833 5490 ύπο

2257 5489 2769 5575 αναγινώσκοντας,
2792 5501 3018 5572 σκήψεις
3049 5495 3326 5567 προϐάλλῃ
3364 5510 3479 5575 μοι-
3492 5489 3585 5575 καὶ
3605 5489 3834 5575 προφά-

2259 5570 2392 5654 σεις.
2426 5591 2538 5644 Οὐκ
2559 5585 2714 5642 οἶσθα
2743 5585 2807 5640 τὰ
2829 5570 3135 5653 ,λεγόμενα;
3184 5576 3393 5632 Οὐκοῦν
3424 5570 3573 5638 εὖξαι
3604 5571 3692 5654 ἵνα
3727 5572 3837 5654 μά-

2261 5653 2363 5746 θῃς
2382 5691 2394 5704 ·
2451 5671 2647 5743 μᾶλλον
2677 5671 2732 5723 δὲ
2758 5669 3034 5739 ἀμήχανον
3062 5663 3254 5746 πάντα
3291 5659 3531 5746 ἀγνοεῖν.
3556 5653 3693 5746 ἐξαί
3722 5653 3836 5746 γάρ

2263 5734 2432 5812 πόλλά
2451 5734 2684 5811 ἀὐτόθεν
2708 5734 2823 5807 ὲστῖι
2853 5734 3126 5816 κατάδηλα
3161 5744 3255 5798 καὶ
3282 5739 3432 5809 σαφῆ
3453 5756 3466 5771 ·
3506 5734 3713 5809 μᾶλλον
3747 5735 3832 5802 δὲ,
