4018 6156
400 307 509 364 515

406 423 584 479 viduas
622 436 728 478 non
778 430 885 476 tam
931 417 1092 476 fuerit
1127 417 1378 474 indicium
1422 413 1566 485 quod
1605 409 1852 467 secundis
1878 423 1986 463 non

409 516 766 586 conjungatur
803 513 1019 584 nuptiis,
1047 527 1204 583 quam
1250 509 1366 564 11010
1406 508 1530 573 0110,
1563 520 1755 574 nempe
1791 502 1988 558 caritas

405 607 462 661 in
497 620 774 677 pauperes,
809 605 1168 675 hospitalitas,
1210 600 1266 656 in
1311 599 1558 670 precibus
1601 595 1904 658 assiduitas,
1933 600 1986 647 et

406 699 510 754 alia
530 699 727 765 omnia,
754 713 870 768 qua:
890 695 1231 752 exactissime
1252 692 1418 764 exigit
1443 691 1638 747 Paulus
1660 689 1899 746 scribens
1919 683 1986 739 ad

407 789 744 845 Timotheum
772 789 848 858 (1.
876 786 1012 842 Tim.
1042 786 1121 860 5).

477 877 811 951 Eleemosyna
832 889 1080 950 quantum
1102 885 1472 932 ornamentum.
1498 904 1567 914 —
1587 872 1798 928 Videris
1826 870 1983 927 etiam

404 984 518 1037 eas,
548 983 668 1040 qua:
692 978 818 1025 sunt
839 968 1042 1039 junctae
1073 967 1434 1031 matrimonio,
1466 962 1606 1034 apud
1635 977 1733 1017 nos
1761 961 1983 1017 multam

402 1057 688 1115 ostendere
725 1059 1064 1114 honestatem
1093 1076 1108 1114 :
1139 1057 1234 1114 sed
1260 1071 1365 1113 non
1395 1053 1479 1111 est
1505 1057 1605 1111 1100
1633 1054 1806 1110 80111111
1840 1052 1982 1124 quod

399 1150 660 1220 quaeritur
682 1192 698 1218 ,
727 1150 824 1207 sed
853 1151 1080 1221 diligens
1093 1164 1222 1205 cura
1237 1157 1291 1205 et
1305 1149 1536 1206 studium
1553 1163 1860 1219 egenorum,
1887 1163 1985 1216 per

400 1240 544 1309 quod
574 1241 764 1310 priscae
788 1239 1042 1296 mulieres
1068 1240 1222 1296 valde
1246 1239 1685 1310 resplendebant:
1711 1253 1817 1294 non
1844 1239 1983 1293 sicut

399 1332 586 1387 multa;
613 1347 681 1387 ex
707 1331 772 1387 iis
795 1347 915 1403 quae
937 1339 1062 1388 sunt
1085 1331 1281 1388 nostris
1308 1331 1658 1402 temporibus.
1689 1330 1822 1386 Nam
1854 1339 1982 1386 tunc

399 1421 620 1493 quidem
674 1436 772 1493 pro
820 1438 952 1478 auro
997 1423 1353 1495 eleemosynte
1407 1422 1762 1479 induebantur
1821 1437 1983 1477 orna-

398 1522 622 1579 mento;
667 1529 807 1570 nunc
842 1524 1024 1572 autem
1052 1517 1155 1572 hoc
1180 1517 1402 1572 dimisso
1421 1558 1438 1584 ,
1469 1516 1682 1572 funibus
1707 1517 1884 1572 aureis
1912 1533 1980 1572 ex

398 1614 592 1662 catena
638 1616 981 1676 peccatorum
1025 1609 1288 1665 contextis
1331 1609 1673 1665 amiciuntur.
1727 1609 1979 1665 Dicamne

401 1695 566 1750 etiam
616 1696 773 1751 aliam
814 1697 1027 1754 thecam
1068 1708 1384 1756 ornamento
1419 1701 1591 1770 patrio
1619 1700 1978 1756 exinanitam?

398 1783 802 1841 Couveniebaut
829 1788 954 1842 011111
977 1803 1188 1857 01111108,
1213 1799 1267 1845 et
1285 1789 1581 1860 psallebant
1603 1791 1972 1846 communiter.

401 1872 517 1928 Hoc
537 1887 680 1929 nunc
695 1890 908 1946 quoque
935 1878 1188 1944 facimus;
1219 1879 1314 1934 sed
1343 1889 1468 1936 tunc
1490 1880 1700 1952 quidem
1725 1881 1776 1935 in
1804 1882 1977 1936 omni-

395 1963 498 2018 bus
529 1979 633 2019 una
663 1975 779 2021 erat
806 1968 982 2022 anima
1013 1978 1069 2025 et
1101 1983 1196 2025 cor
1221 1983 1416 2036 unum;
1447 1985 1592 2027 nunc
1615 1980 1791 2026 autem
1820 1987 1888 2027 ne
1917 1974 1973 2027 in

390 2069 498 2111 una
533 2056 746 2126 quidem
771 2057 947 2114 anima
973 2059 1117 2114 illam
1142 2060 1480 2118 concordiam
1509 2061 1707 2118 videris
1744 2072 1799 2119 et
1836 2077 1972 2118 eon-

389 2161 632 2216 sensum,
656 2148 749 2204 sed
776 2148 971 2220 ubique
991 2166 1237 2221 magnum
1258 2159 1342 2207 est
1362 2151 1582 2208 bellum.
1610 2151 1801 2208 Pacem
1829 2168 1973 2210 nunc

385 2239 533 2310 quod
560 2249 808 2310 precatur
831 2243 1080 2300 omnibus
1105 2244 1152 2299 is
1170 2245 1262 2315 qui
1284 2252 1479 2316 prazest
1504 2246 1774 2312 Ecclesiae,
1801 2255 1860 2302 ut
1879 2247 1971 2318 qui

389 2329 444 2385 in
473 2328 692 2386 domum
730 2333 1026 2404 ingreditur
1051 2344 1363 2404 paternam;
1392 2337 1486 2393 sed
1512 2337 1670 2408 hujus
1699 2340 1844 2409 pacis
1875 2355 1973 2394 no-

390 2435 515 2476 men
539 2421 752 2492 quidem
783 2431 866 2479 est
888 2423 1159 2494 frequens,
1191 2441 1279 2482 res
1304 2437 1482 2482 autem
1509 2443 1794 2500 nusquam.
1823 2429 1971 2486 Tunc

387 2511 550 2568 etiam
590 2512 780 2569 domus
821 2523 978 2570 erant
1014 2516 1290 2584 ecclesiae;
1320 2533 1462 2574 nunc
1487 2528 1664 2575 autem
1694 2522 1854 2576 etiam
1882 2536 1972 2577 ec-

386 2603 553 2659 clesia
581 2612 664 2659 est
691 2604 905 2672 domus,
937 2607 1020 2662 vel
1063 2608 1244 2678 potius
1286 2610 1474 2678 quavis
1511 2610 1671 2666 domo
1712 2611 1965 2667 deterior.

385 2692 520 2750 Nam
548 2695 602 2751 in
631 2695 792 2752 domo
819 2697 1034 2768 quidem
1064 2699 1202 2756 bene
1229 2702 1572 2758 constitutum
1597 2703 1794 2759 videris
1821 2705 1969 2760 ordi-

385 2802 510 2844 nem
537 2805 552 2843 :
575 2788 789 2845 domina
810 2792 1008 2864 quippe
1027 2793 1220 2848 domus
1243 2794 1397 2850 sedet
1426 2796 1478 2849 in
1506 2796 1643 2851 solio
1668 2813 1789 2856 cum
1819 2798 1965 2853 omni

384 2879 683 2950 honestate,
716 2883 977 2940 modestia
1008 2895 1064 2942 et
1091 2887 1308 2956 decore,
1333 2897 1386 2943 et
1411 2889 1616 2946 ancilla:
1637 2899 1823 2948 texunt
1842 2908 1963 2948 cum

382 2975 616 3042 silentio,
645 2985 699 3032 et
733 2977 928 3049 singuli
963 2995 1028 3035 ex
1061 2980 1272 3037 famulis
1299 2983 1352 3037 in
1402 2986 1647 3041 manibus
1677 2985 1872 3042 habent
1901 2985 1955 3042 id

382 3066 525 3136 quod
551 3076 634 3123 est
658 3068 736 3124 eis
762 3069 1091 3127 mandatum.
1121 3072 1218 3129 1110
1243 3083 1421 3130 01110111
1449 3076 1646 3133 1111111118
1666 3086 1749 3134 est
1771 3081 1965 3135 tumul-

384 3163 470 3212 tus
487 3199 505 3225 ,
531 3173 721 3230 magna
747 3161 1011 3231 confusio,
1042 3170 1096 3218 et
1119 3179 1149 3218 a
1174 3179 1412 3235 caupona
1438 3166 1568 3222 nihil
1594 3178 1776 3225 nostra
1805 3170 1962 3226 (1111⁸0-

382 3256 555 3303 runt:
586 3259 762 3306 tantus
804 3260 888 3308 est
930 3255 1092 3318 risus,
1141 3264 1285 3310 tanta
1329 3260 1677 3327 perturbatio,
1723 3261 1862 3316 sicut
1907 3263 1961 3318 in

383 3335 612 3405 balneis,
644 3342 780 3397 sicut
804 3343 856 3398 in
888 3343 1004 3399 foro
1033 3346 1385 3404 clamantibus
1405 3350 1651 3406 omnibus
1678 3359 1733 3406 et
1762 3352 1960 3407 tumul-

384 3429 680 3485 tuantibus.
719 3431 788 3486 Et
815 3432 928 3488 11010
955 3433 1042 3490 1110
1065 3436 1236 3491 solum
1267 3453 1427 3494 :nam
1467 3439 1593 3496 alibi
1640 3455 1708 3496 ne
1746 3442 1963 3512 propin-

384 3533 556 3590 quum
581 3521 790 3590 quidem
817 3522 939 3579 licet
962 3525 1161 3596 alloqui
1193 3527 1244 3582 in
1273 3528 1496 3583 ecclesia
1521 3571 1536 3597 ,
1567 3547 1634 3586 ne
1662 3532 1706 3586 si
1729 3533 1959 3588 amicum

379 3609 598 3678 quidem
631 3611 786 3682 longo
817 3621 1055 3686 tempore
1089 3618 1364 3673 absentem
1393 3623 1682 3690 exceperit,
1711 3623 1806 3678 sed
1848 3623 1961 3680 11010

377 3699 509 3757 foris
525 3701 693 3768 ﬁunt;
722 3713 778 3760 et
796 3707 1006 3764 merito.
1031 3708 1144 3764 Non
1162 3710 1304 3765 enim
1327 3711 1552 3767 ecclesia
1573 3723 1653 3768 est
1676 3715 1954 3784 tonstrina,

379 3805 552 3862 neque
582 3797 930 3865 unguentaria
960 3799 1205 3867 officina,
1239 3817 1414 3872 neque
1443 3803 1549 3859 ulla
1578 3803 1681 3858 alia
1707 3805 1956 3875 opificum

375 3884 466 3952 qui
495 3893 620 3939 sunt
644 3885 697 3940 in
726 3889 844 3943 foro
863 3889 1106 3954 taberna,
1137 3893 1232 3946 sed
1263 3893 1410 3948 locus
1437 3896 1772 3971 angelorum,
1805 3897 1957 3952 locus

374 3976 838 4048 archangelorum,
863 3995 1086 4052 regnum
1111 3982 1224 4050 Dei,
1250 3984 1422 4056 ipsum
1442 3986 1652 4042 caelum.
1676 3987 1955 4055 Quomodo

374 4082 504 4139 ergo
549 4071 596 4125 si
647 4073 768 4142 quis
824 4085 877 4130 te
928 4075 982 4130 in
1033 4076 1220 4132 caelum
1273 4078 1690 4147 introduxisset,
1743 4082 1954 4138 etiamsi

373 4169 579 4228 patrem
606 4163 838 4233 videres,
868 4166 1078 4223 etiamsi
1106 4167 1324 4224 fratrem
1347 4211 1362 4236 ,
1392 4185 1460 4226 ne
1485 4171 1710 4227 auderes
1735 4173 1951 4243 quidem

373 4252 520 4322 loqui
550 4272 564 4309 :
591 4255 664 4311 ita
693 4255 782 4313 hic
809 4273 915 4314 non
943 4259 1086 4314 aliud
1113 4260 1258 4330 loqui
1285 4269 1556 4330 oporteret
1579 4273 1777 4333 prieter
1796 4263 1954 4332 spiri-

373 4346 570 4412 tualia;
618 4362 740 4403 nam
767 4349 853 4405 hic
877 4364 1087 4421 quoque
1112 4359 1195 4408 est
1219 4351 1429 4407 caelum.
1454 4353 1604 4420 Quod
1631 4352 1675 4407 si
1702 4368 1806 4409 non
1833 4369 1955 4409 cre-

370 4437 480 4504 dis,
505 4439 686 4509 aspice
706 4442 772 4497 ad
797 4442 933 4498 hanc
955 4458 1213 4510 mensam,
1240 4443 1524 4499 recordare
1549 4453 1763 4514 propter
1792 4459 1951 4514 quam

373 4542 588 4585 causam
618 4541 674 4587 et
710 4535 1054 4604 quamobrem
1086 4536 1171 4592 1110
1197 4546 1331 4602 stet;
1377 4537 1547 4608 cogita
1593 4537 1712 4607 quis
1749 4537 1821 4590 sit
1862 4536 1951 4606 qui

375 4618 479 4676 huc
506 4624 780 4691 procedat,
800 4626 1117 4697 obstupesce
1143 4629 1302 4684 etiam
1325 4637 1450 4684 ante
1479 4637 1708 4698 tempus.
1737 4628 1950 4683 Etenim

373 4713 417 4767 si
466 4715 587 4784 quis
633 4716 803 4771 solum
840 4719 1032 4774 viderit
1070 4720 1208 4791 regis
1251 4722 1466 4788 solium,
1507 4722 1688 4776 animo
1723 4720 1954 4791 assurgit

372 4817 694 4876 exspectans
721 4811 858 4880 regis
884 4812 1104 4868 exitum.
1151 4815 1216 4868 Et
1246 4821 1298 4866 tu
1329 4828 1458 4883 ergo
1487 4814 1646 4868 etiam
1671 4822 1794 4869 ante
1824 4812 1950 4868 illud

374 4903 587 4966 tempus
613 4900 935 4969 stupendum
965 4917 1240 4968 venerare,
1267 4912 1321 4957 et
1349 4903 1669 4972 obstupesce
1693 4912 1748 4958 et
1773 4918 1953 4959 assur-

375 5002 464 5056 ge,
492 4998 780 5060 antequam
805 4992 987 5048 videas
1015 5009 1250 5065 expansa
1279 4995 1445 5048 aulaea
1470 5035 1486 5061 ,
1529 5003 1586 5049 et
1628 5005 1951 5063 praeeuntem

372 5080 600 5135 chorum
622 5081 953 5153 angelorum,
982 5085 1035 5138 in
1061 5085 1230 5154 ipsum
1255 5084 1442 5140 caelum
1468 5085 1715 5139 ascende.
1744 5085 1814 5138 At
1840 5084 1956 5140 haec

375 5174 589 5244 ignorat
631 5176 722 5245 qui
769 5177 1040 5248 mysteriis
1067 5193 1173 5232 non
1202 5185 1282 5232 est
1311 5177 1549 5232 initiatus
1581 5192 1596 5231 :
1629 5191 1849 5232 necesse
1873 5186 1956 5232 est

373 5277 504 5334 ergo
528 5263 608 5320 illi
631 5267 792 5322 etiam
818 5267 919 5322 alia
945 5267 1143 5323 dicere.
1171 5267 1353 5338 Neque
1382 5268 1524 5323 enim
1555 5267 1709 5323 nobis
1729 5268 1956 5323 deerunt

374 5355 476 5411 alia
518 5371 643 5426 quae
687 5356 835 5412 illttm
882 5357 1190 5423 doceamus,
1226 5373 1345 5428 qua:
1389 5359 1595 5429 possint
1640 5356 1854 5412 efﬁcere
1901 5365 1956 5412 ut

374 5454 582 5518 ειη-801,
612 5455 668 5501 et
694 5447 1016 5516 persuadere
1046 5459 1103 5502 ut
1126 5447 1307 5506 volare
1333 5457 1574 5506 conetur.
1605 5447 1681 5502 Tu
1711 5461 1840 5517 ergo
1863 5446 1952 5516 qui

376 5534 494 5592 haec
537 5536 772 5608 ignoras,
800 5539 1015 5609 quando
1053 5539 1284 5594 audieris
1327 5539 1635 5608 prophetam
1667 5539 1952 5603 dicentem,

375 5628 668 5684 ﬂxcdieit
710 5629 986 5696 Dominus,
1018 5631 1227 5686 Recede
1256 5647 1283 5684 a
1312 5641 1451 5686 terra
1473 5673 1487 5696 ,
1520 5633 1632 5699 ipse
1663 5645 1873 5701 quoque
1900 5630 1952 5684 in

378 5722 565 5783 caelum
595 5724 824 5783 ascende
857 5742 866 5752 ·
901 5726 1072 5796 cogita
1099 5725 1339 5796 quisnam
1371 5724 1434 5780 sit
1462 5723 1549 5794 qui
1579 5737 1671 5793 per
1701 5724 1846 5779 illum
1878 5732 1951 5778 te-

1393 300 1457 357 IN
1497 298 1708 356 EPIST.
1748 296 1767 351 1
1830 295 1921 350 AD
1957 292 2114 350 COR.
2157 294 2389 351 HOMIL.
2435 294 2673 352 XXXVI.

3573 298 3678 354 5M

2099 423 2220 463 cum
2259 408 2512 480 loquitur.
2557 409 2710 465 Nune
2748 418 2928 466 autem
2968 407 3240 465 histrionis
3265 408 3479 480 quidem
3509 412 3674 465 risutn

2092 499 2388 566 moventis,
2425 510 2481 555 et
2521 502 2806 556 seortantis
2845 517 2909 558 ac
2948 501 3177 572 turpiter
3205 503 3413 571 agentis
3436 503 3680 557 mulieris-

2093 599 2294 646 tantum
2326 591 2476 648 sedet
2502 593 2888 663 spectaculum,
2910 594 2973 649 iis
2997 611 3116 666 qua:
3145 595 3396 651 dicuntur
3421 611 3676 666 magnum

2091 683 2338 753 praebens
2367 685 2664 753 silentium,
2695 685 2856 756 idque
2883 703 3004 742 cum
3037 688 3212 743 nullus
3233 687 3419 758 jubeat
3449 697 3626 745 tacere
3652 727 3672 751 ,

2089 781 2142 828 et
2159 788 2332 844 neque
2351 785 2435 830 est
2450 777 2728 842 tumultus,
2744 793 2918 848 neque
2937 778 3160 846 clamor,
3185 780 3434 835 neeullus
3452 779 3676 835 omnino

2087 865 2341 936 strepitus
2371 885 2384 922 :
2416 867 2528 922 Deo
2551 877 2730 924 autem
2761 884 2792 925 e
2817 870 2962 924 caelis
2987 871 3242 940 loquente
3256 871 3326 927 de
3351 871 3509 927 rebus
3535 873 3673 928 adeo

2088 957 2366 1027 stupendis
2391 973 2453 1013 ac
2481 959 2814 1027 reverendis,
2848 961 3068 1016 canibus
3095 977 3279 1017 sumus
3312 964 3666 1033 impudentio-

2088 1061 2197 1113 res,
2230 1063 2296 1102 ne
2321 1047 2432 1102 Deo
2460 1050 2674 1118 quidem
2704 1059 2900 1105 tantam
2932 1050 3247 1107 exhibentes
3272 1055 3624 1110 reverentiam
3649 1095 3668 1122 ,

2087 1149 2337 1209 quantam
2368 1141 2768 1197 meretricibus.

2157 1234 2209 1289 6.
2255 1234 2415 1290 1118110
2443 1236 2636 1292 auditis
2667 1239 3058 1294 exhorruistis?
3085 1239 3246 1294 Multo
3273 1241 3442 1311 magis
3461 1239 3565 1296 hoc
3594 1240 3669 1294 fa-

2085 1324 2308 1392 cientes,
2336 1325 2568 1382 liorrete.
2601 1327 2752 1395 Quod
2779 1329 2846 1384 de
2875 1331 2938 1385 iis
2959 1331 3047 1402 qui
3079 1345 3339 1401 pauperes
3369 1329 3669 1400 despiciunt

2083 1423 2138 1469 et
2163 1416 2262 1470 soli
2292 1417 2598 1484 comedunt,
2635 1419 2769 1474 dixit
2798 1420 2990 1476 Paulus
3009 1463 3023 1486 ,
3057 1421 3240 1475 Annon
3270 1421 3463 1476 habetis
3491 1420 3668 1474 domos

2082 1505 2151 1558 ad
2177 1507 2538 1563 comedendum
2562 1519 2608 1563 et
2634 1510 2940 1565 bibendum?
2977 1529 3043 1565 an
3081 1513 3342 1567 ecclesiam
3370 1510 3467 1565 Dei
3494 1520 3666 1566 conte-

2081 1598 2270 1663 mnitis,
2298 1608 2345 1652 et
2383 1616 2466 1655 eos
2508 1602 2594 1671 qui
2637 1618 2738 1656 non
2778 1603 2958 1656 habent
2991 1604 3183 1672 pudore
3207 1604 3402 1674 amcitia
3433 1605 3508 1676 (l.
3543 1603 3658 1659 Cor.

2083 1691 2168 1745 ll.
2195 1690 2334 1762 22)?
2373 1692 2503 1747 mihi
2538 1709 2750 1764 quoque
2781 1697 3058 1752 concedite
3093 1705 3151 1751 ut
3185 1696 3359 1752 dicam
3386 1697 3454 1752 de
3480 1697 3544 1751 iis
3572 1697 3664 1764 qui

2082 1779 2168 1834 hic
2198 1781 2343 1837 cient
2373 1783 2630 1838 tumultus
2659 1795 2711 1840 ct
2742 1784 3030 1855 loquuntur
3059 1803 3072 1840 :
3104 1787 3294 1841 Annon
3326 1785 3532 1840 habetis
3560 1785 3661 1840 do-

2080 1889 2195 1929 mos
2225 1874 2290 1929 ad
2329 1876 2672 1946 nugandum?
2710 1893 2777 1932 an
2821 1878 2913 1933 Dei
2954 1880 3235 1935 ecclesiam
3263 1880 3565 1949 destiicitis,
3605 1890 3671 1935 et

2077 1980 2171 2020 eos
2215 1967 2374 2021 etiam
2414 1970 2759 2039 eorrumpitis
2803 1972 2893 2041 qui
2938 1972 3122 2026 volunt
3165 1986 3285 2028 esse
3330 1972 3557 2026 modesti
3605 1981 3662 2025 et

2076 2055 2278 2126 quieti?
2321 2059 2388 2112 At
2416 2058 2571 2114 vobis
2603 2070 2687 2116 est
2722 2075 2887 2117 suave
2926 2072 2980 2118 et
3013 2061 3308 2132 jucundum
3334 2064 3532 2133 alloqui
3563 2077 3659 2120 eos

2075 2148 2163 2217 qui
2188 2159 2310 2204 sunt
2331 2150 2480 2207 vobis
2501 2153 2646 2207 noti?
2673 2153 2788 2209 Non
2818 2155 2920 2211 hoc
2951 2156 3224 2226 prohibeo,
3249 2156 3345 2213 sed
3370 2157 3536 2225 domi,
3561 2156 3656 2214 sed

2075 2237 2128 2293 in
2165 2237 2313 2304 foro,
2355 2241 2450 2297 sed
2485 2243 2538 2297 in
2571 2243 2776 2300 balneis
2800 2245 2891 2300 ﬁat
2919 2263 2934 2302 :
2963 2247 3192 2303 ecclesia
3237 2249 3378 2304 enim
3423 2265 3531 2304 non
3575 2261 3660 2306 eat

2073 2329 2322 2400 colloquii
2343 2331 2509 2398 locus,
2536 2333 2630 2390 sed
2655 2335 2933 2391 doctrinas.
2958 2336 3109 2392 Nunc
3129 2347 3308 2393 autem
3332 2338 3462 2394 nihil
3478 2338 3659 2396 differt

2073 2435 2104 2475 a
2135 2420 2282 2489 foro;
2327 2432 2383 2478 et
2418 2424 2464 2478 si
2503 2441 2609 2480 non
2647 2426 2717 2480 sit
2757 2426 2903 2482 dictu
2946 2427 3222 2494 audacius,
3251 2428 3390 2485 forte
3420 2445 3596 2502 neque
3625 2445 3656 2485 a

2071 2526 2231 2568 scena
2264 2531 2278 2566 :
2310 2515 2442 2572 adeo
2470 2516 2555 2583 iis,
2577 2533 2694 2587 quae
2723 2519 2831 2573 11110
2859 2529 3179 2586 scortantur,
3205 2521 3450 2577 lascivius
3471 2532 3526 2578 et
3555 2522 3653 2576 im-

2071 2606 2314 2676 pudicius
2354 2618 2612 2663 ornantur
2643 2625 2763 2680 qua“:
2793 2610 2882 2667 hic
2909 2615 3254 2669 conveniunt.
3297 2615 3424 2671 Ideo
3457 2615 3654 2672 multos

2069 2713 2282 2770 quoque
2325 2700 2622 2768 impudicos
2677 2703 2762 2758 hic
2809 2706 3084 2760 attrahunt
3125 2723 3138 2758 :
3177 2715 3232 2760 et
3277 2707 3322 2761 si
3369 2708 3485 2778 quis
3536 2717 3655 2763 ten-

2071 2797 2166 2858 tet,
2199 2799 2290 2846 aut
2317 2793 2445 2847 velit
2468 2807 2816 2866 corrumpere
2843 2797 3144 2864 mulierem,
3175 2798 3372 2863 nullus,
3399 2809 3458 2854 ut
3485 2810 3612 2870 puto
3636 2839 3652 2864 ,

2069 2882 2118 2938 ei
2149 2882 2357 2938 videtur
2395 2883 2546 2940 locus
2572 2885 2750 2956 aptior
2773 2887 3028 2954 ecclesia;
3069 2897 3125 2944 et
3169 2889 3214 2943 si
3261 2889 3387 2960 quid
3419 2889 3652 2945 vendere

2068 2983 2160 3028 aut
2195 2989 2375 3032 emere
2416 2985 2697 3047 oporteat,
2733 2979 2960 3034 ecclesia
2998 2979 3208 3036 videtur
3247 2996 3368 3038 esse
3408 2981 3476 3036 ad
3521 2981 3648 3036 illud

2067 3067 2402 3123 commodior
2420 3109 2436 3134 ,
2465 3083 2626 3140 quam
2651 3069 2850 3125 forum.
2881 3071 2976 3127 Hic
3001 3071 3142 3127 enim
3175 3071 3242 3127 de
3267 3073 3332 3127 iis
3356 3072 3508 3143 plura
3535 3074 3648 3127 eol-

2067 3159 2245 3231 loquia
2267 3161 2494 3218 miscent
2512 3177 2670 3233 quam
2693 3163 2746 3218 111
2767 3164 2899 3234 ipsis
2921 3163 3170 3221 ofﬁcinis.
3200 3164 3270 3220 Et
3289 3167 3333 3220 si
3363 3167 3452 3236 qui
3483 3165 3649 3221 velint

2066 3251 2386 3308 maledicere
2413 3263 2467 3308 et
2494 3253 2780 3309 maledicta
2808 3254 3014 3322 audire,
3052 3255 3152 3310 hoc
3179 3271 3392 3326 quoque
3420 3258 3506 3312 1110
3529 3273 3646 3312 1110-

2063 3341 2145 3411 gis
2176 3341 2379 3397 videbit
2417 3344 2728 3414 contingere
2747 3385 2761 3409 ,
2803 3361 2962 3415 quam
2989 3347 3042 3400 in
3073 3346 3226 3401 foro:
3259 3357 3312 3402 et
3342 3348 3386 3401 si
3409 3348 3646 3403 volucris

2063 3449 2151 3489 res
2189 3434 2374 3491 audire
2413 3435 2631 3503 civiles,
2660 3444 2714 3492 et
2741 3451 2860 3505 quze
2889 3438 2942 3491 in
2973 3436 3178 3493 aedibus
3206 3437 3337 3491 fiunt
3363 3447 3416 3492 et
3444 3440 3643 3506 quae-in

2063 3525 2274 3590 castris,
2314 3541 2383 3579 ne
2419 3539 2512 3579 eas
2554 3527 2621 3581 ad
2659 3525 2912 3596 judiciale
2953 3525 3147 3594 forum,
3177 3541 3350 3596 neque
3374 3527 3562 3581 sedeas
3593 3529 3651 3582 in

2063 3614 2273 3670 oflicina
2299 3616 2658 3682 medicorum;
2698 3626 2823 3672 sunt
2852 3616 2998 3672 enim
3021 3617 3110 3688 qui
3137 3617 3385 3675 omnibus
3423 3631 3644 3672 accura-

2062 3706 2168 3762 tius
2196 3705 2282 3760 hic
2307 3707 2483 3762 omnia
2516 3707 2630 3762 11ωο
2657 3709 2978 3764 annuntiant
3001 3725 3016 3764 :
3042 3716 3108 3764 et»
3135 3707 3221 3763 hic
3261 3707 3410 3762 locus
3435 3707 3645 3778 quidvis

2063 3800 2240 3870 potius
2269 3808 2372 3865 est,
2403 3814 2562 3874 quam
2592 3799 2843 3856 ecclesia.
2877 3799 2986 3855 Vos
3012 3799 3240 3854 fortasse
3265 3800 3418 3854 valde
3450 3799 3643 3870 tetigii:

2061 3905 2166 3948 11011
2211 3905 2311 3961 ego
2349 3890 2564 3960 quidem
2608 3890 2862 3946 arbitror.
2909 3891 3134 3959 Quando
3173 3891 3314 3947 enim
3356 3891 3406 3946 in
3450 3891 3640 3947 iisdem

2058 3982 2435 4053 perseveratis,
2474 3983 2741 4040 undenam
2782 3985 2947 4041 sciam
2991 3984 3133 4056 quod
3172 4001 3291 4055 quae
3332 3984 3475 4040 dicta
3519 3996 3643 4039 sunt

2056 4089 2153 4130 vos
2182 4073 2503 4144 tetigerunt?
2543 4075 2774 4132 Necesse
2802 4084 2887 4132 est.
2919 4091 3050 4146 ergo
3083 4091 3270 4130 rursus
3300 4075 3489 4130 eadem
3523 4085 3641 4130 latt-

2055 4182 2201 4237 gere.
2255 4167 2505 4224 Haecine
2551 4177 2678 4223 sunt
2723 4169 3058 4224 tolerabilia?
3104 4167 3340 4222 haeccine
3383 4167 3642 4222 ferenda?

2059 4258 2308 4325 QuOtidie
2333 4260 2685 4329 defatigamur
2709 4268 2764 4314 et
2791 4259 3168 4328 discerpimur,
3199 4268 3256 4312 ut
3283 4257 3414 4312 utile
3443 4257 3639 4328 aliquid

2057 4353 2232 4408 edocti
2253 4350 2537 4405 discedatis
2561 4368 2574 4403 :
2601 4365 2759 4405 nemo
2787 4358 2967 4405 autem
2990 4358 3225 4404 vestrum
3248 4348 3448 4418 aliquid
3472 4348 3641 4404 lucra-

2057 4451 2142 4495 tus
2170 4440 2394 4506 recedit,
2415 4440 2510 4495 sed
2540 4441 2728 4511 majori
2755 4441 2914 4497 etiam
2940 4441 3136 4496 damno
3155 4439 3394 4496 allectus.
3425 4439 3639 4496 Etenim

2059 4533 2110 4586 in
2143 4532 2398 4603 judicium
2444 4533 2760 4600 convenitis,
2793 4548 2915 4588 cum
2961 4534 3165 4604 peccati
3213 4533 3394 4603 utique
3438 4532 3637 4587 nullam

2059 4623 2298 4680 habeatis
2325 4625 2684 4693 occasionem,
2715 4634 2771 4681 et
2799 4625 3048 4681 meliores
3075 4633 3128 4681 et
3152 4626 3389 4680 mitiores
3418 4627 3640 4696 expelli-

2059 4717 2124 4772 tis
2151 4731 2244 4772 eos
2264 4718 2456 4773 vestris
2481 4718 2635 4786 nugis
2663 4717 2896 4787 undique
2918 4717 3162 4773 molestia
3188 4717 3503 4773 aflicientes.
3532 4717 3637 4774 Sed

2057 4810 2181 4880 quid
2219 4818 2302 4866 est
2337 4810 2479 4880 quod
2519 4810 2714 4863 dicitur
2738 4825 2766 4862 a
2795 4810 2972 4863 multis
2990 4810 3024 4862 ?'
3059 4809 3173 4864 Non
3219 4808 3396 4874 audio,
3429 4808 3634 4877 inquit,

2058 4919 2176 4974 qua:
2199 4904 2472 4974 leguntur,
2505 4917 2684 4972 neque
2712 4903 2826 4957 scio
2855 4917 2914 4956 ea
2937 4917 3058 4974 qua:
3083 4902 3352 4956 dicuntur.
3382 4902 3515 4967 Quia
3548 4910 3636 4953 tu-

2059 4996 2337 5051 multuaris
2357 5035 2372 5060 ,
2407 4995 2589 5050 turbas
2617 5009 2801 5050 moves
2824 5036 2838 5060 ,
2871 5010 3044 5063 neque
3071 4993 3280 5049 accedis
3308 5007 3428 5046 cum
3457 4992 3635 5044 animo

2059 5099 2222 5140 sensu
2251 5084 2462 5153 pietatis
2493 5084 2737 5150 praedito.
2779 5085 2917 5154 Quid
2960 5084 3135 5138 dicis?
3175 5082 3350 5138 nescis
3391 5097 3634 5151 qumnam

2060 5175 2174 5229 11010
2217 5175 2353 5229 dicta
2400 5174 2499 5228 sibi
2535 5175 2739 5229 velint?
2784 5178 2942 5244 Atqui
2984 5183 3204 5243 prepter
3241 5172 3342 5227 hoc
3382 5172 3553 5241 ipsum
3584 5179 3635 5225 te

2061 5267 2340 5338 oportebat
2358 5267 2654 5324 attendere.
2682 5268 2737 5321 Si
2765 5277 2940 5322 autem
2969 5281 3036 5321 ne
3061 5265 3113 5320 id
3137 5264 3368 5336 quidem,
3394 5263 3533 5333 quod
3555 5273 3636 5317 est

2061 5362 2368 5425 obscurum,
2416 5367 2562 5413 tuum
2607 5359 2802 5414 excitat
2850 5362 3123 5424 animum,
3165 5358 3333 5411 multo
3376 5356 3546 5424 magis
3591 5355 3636 5406 si

2062 5459 2240 5505 essent
2270 5451 2412 5505 clara
2442 5465 2505 5504 ac
2542 5451 2817 5505 manifesta
2844 5492 2858 5517 ,
2901 5465 2962 5505 ea
3005 5460 3465 5520 praetereurreres.
3512 5443 3640 5494 Ideo

2063 5543 2200 5598 enim
2229 5557 2400 5613 neque
2426 5542 2602 5598 omnia
2631 5550 2754 5597 sunt
2777 5542 3026 5607 dilucida,
3056 5557 3123 5596 ne
3151 5542 3224 5594 sis
3255 5538 3430 5607 piger;
3461 5546 3637 5598 neque

2064 5632 2310 5698 obscura,
2351 5650 2417 5689 ne
2460 5634 2729 5703 desperes.
2777 5633 2844 5688 Et
2887 5633 2977 5688 ille
3023 5632 3231 5700 quidem
3274 5620 3551 5680 eunuchus
3580 5629 3634 5672 et

2066 5725 2314 5780 barbarus
2344 5726 2472 5781 nihil
2505 5742 2567 5782 ex
2602 5726 2664 5782 iis
2690 5725 2856 5792 dixit,
2895 5723 2986 5779 sed
3016 5732 3066 5776 et
3097 5730 3360 5774 tantorum
3394 5709 3653 5778 negotio"
