4018 6156
455 278 562 334 515

458 411 576 462 rum
629 398 990 471 circumdatus
1033 398 1373 466 multitudine
1405 441 1419 463 ,
1471 401 1631 456 etiam
1680 416 1805 458 cum
1871 403 1926 458 in
1966 405 2061 482 via,

456 500 636 555 esset,
683 489 878 550 librum
932 490 1165 545 habebat
1219 491 1272 551 in
1324 493 1568 548 manibus
1610 502 1666 551 et
1714 494 1943 563 legebat,
1995 505 2049 554 tu

455 591 656 654 autem,
698 597 820 650 cum
866 591 920 636 et
951 581 1043 635 tibi
1086 583 1157 636 sit
1199 581 1352 652 copia
1406 581 1709 648 doctorum,
1754 594 1808 640 et
1853 585 2050 643 habeas

453 674 543 744 qui
596 673 687 726 tibi
732 673 929 743 legant,
971 672 1100 728 mihi
1143 673 1518 741 excusationes
1545 673 1751 742 profers
1789 687 1841 729 et
1869 677 2051 732 obten,

454 771 560 834 tus,
607 762 794 819 Nescis
830 778 894 818 ea
943 779 1061 831 qua:
1112 763 1401 825 dicuntur?
1452 763 1555 819 Ora
1590 781 1720 836 ergo
1751 776 1807 820 ιιι
1847 767 2044 826 discas.

455 855 567 923 luto
613 868 741 914 vero
789 854 906 910 fieri
953 871 1059 911 non
1109 863 1283 924 potest
1313 863 1368 910 ut
1395 855 1578 919 omnia
1605 857 1837 927 ignores.
1885 858 2046 915 Multa

449 946 592 1005 enim
625 955 750 1000 sunt
777 962 840 1001 ex
864 961 923 1002 se
949 955 1131 1017 aperta
1156 955 1212 1002 et
1248 948 1510 1013 dilucida;
1544 949 1652 1004 imo
1682 965 1810 1005 vero
1835 953 2046 1008 etiamsi

449 1037 628 1092 rnnnia
694 1038 1004 1108 ignorares,
1050 1040 1130 1098 sic
1177 1056 1388 1112 quoque
1449 1049 1724 1112 oporteret
1787 1051 1840 1097 te
1890 1044 2044 1112 quie-

453 1144 628 1194 scere,
677 1140 733 1185 ut
771 1147 874 1185 non
915 1131 1152 1201 expelles
1197 1147 1290 1191 eos
1340 1133 1430 1202 qui
1466 1134 1792 1192 attendunt:
1827 1146 1883 1189 ut
1921 1151 2042 1196 cum

448 1221 560 1276 Deo
584 1231 862 1292 acceptum
893 1222 1051 1277 fuerit
1082 1232 1228 1277 tuum
1257 1224 1528 1280 silentium
1568 1235 1623 1281 et
1664 1225 1834 1295 pudor
1878 1235 1998 1283 tuus
2022 1269 2038 1295 ,

445 1312 564 1381 ipse
606 1327 668 1370 ea
708 1328 825 1384 quae
865 1323 989 1387 sunt
1018 1313 1245 1370 obscura
1294 1315 1482 1384 reddat
1522 1316 1774 1372 dilucida.
1825 1319 1894 1374 At
1932 1334 2040 1375 non

448 1413 601 1473 potes
631 1389 827 1460 silere?
858 1405 950 1460 Exi
975 1421 1123 1476 ergo,
1154 1423 1221 1462 ne
1248 1407 1368 1462 aliis
1395 1423 1607 1478 quoque
1632 1408 1884 1463 damnum
1911 1409 2041 1465 affe-

445 1510 555 1551 ras.
605 1496 814 1559 Etenim
852 1498 901 1550 in
935 1498 1166 1553 ecclesia
1206 1513 1366 1570 unam
1409 1508 1623 1568 oportet
1667 1513 1881 1570 semper
1919 1515 2040 1556 esse

446 1604 654 1655 vocem,
679 1605 743 1652 ac
767 1591 810 1644 si
841 1607 1000 1646 unum
1026 1591 1095 1645 sit
1119 1606 1334 1662 corpus.
1369 1592 1659 1664 Propterea
1685 1602 1739 1648 ct
1769 1575 1858 1664 qui
1890 1594 2037 1664 legit,

445 1684 592 1738 solus
633 1684 902 1754 loquitur;
937 1695 990 1738 et
1021 1685 1064 1740 is
1087 1686 1176 1756 qui
1205 1685 1570 1756 episcopatum
1599 1686 1826 1751 obtinet,
1858 1694 2040 1742 manet

444 1777 658 1835 silentio
682 1776 912 1843 sedens;
952 1787 1005 1834 et
1035 1778 1078 1833 is
1107 1779 1196 1848 qui
1223 1777 1421 1850 psallit,
1455 1778 1602 1833 solus
1641 1779 1854 1848 psallit;
1896 1787 1952 1834 et
1989 1778 2038 1833 si

444 1882 633 1925 omnes
662 1871 1038 1940 respondendo
1059 1880 1332 1938 resonent,
1359 1887 1458 1934 vox
1484 1873 1652 1930 fertur
1675 1883 1942 1942 tamquam
1969 1887 2035 1928 ex

444 1975 552 2020 uno
583 1977 705 2028 ore;
736 1971 791 2028 et
819 1965 907 2034 qui
932 1963 996 2018 ad
1023 1963 1276 2034 populum
1303 1963 1464 2018 verba
1496 1961 1641 2024 facit.
1670 1963 1819 2022 solus
1859 1962 2038 2041 loqui-

444 2060 554 2105 tur.
586 2051 810 2118 Quando
836 2063 1014 2108 autem
1045 2054 1200 2110 multi
1226 2053 1294 2110 do
1319 2053 1504 2109 multis
1530 2063 1582 2108 et
1609 2052 1839 2108 diversis
1864 2052 2039 2106 disce-

443 2150 616 2212 ptant,
651 2158 746 2200 cur
774 2143 926 2198 vobis
953 2143 1152 2198 frustra
1183 2144 1485 2200 molestiam
1509 2142 1899 2199 exhibeamus?
1924 2141 2035 2197 Nisi

444 2234 586 2301 enim
613 2245 812 2292 temere
841 2251 939 2290 nos
965 2235 1205 2290 molestia
1232 2235 1449 2292 afficere
1479 2234 1756 2305 putaretis,
1786 2233 1941 2288 nobis
1969 2231 2038 2288 de

445 2325 610 2382 tantis
659 2326 820 2382 rebus
861 2326 1222 2397 loquentibus,
1252 2326 1322 2382 de
1363 2327 1429 2382 iis
1467 2341 1588 2396 qua:
1630 2324 1761 2380 nihil
1809 2323 2038 2380 attinent

445 2432 552 2486 non
602 2417 978 2488 loqueremini.
1029 2418 1321 2488 Pr0pterea
1347 2433 1454 2476 non
1485 2418 1539 2473 in
1564 2417 1671 2472 vita
1700 2415 1874 2472 solum
1895 2457 1911 2484 ,
1939 2416 2037 2472 sed

443 2518 498 2564 ct
527 2510 580 2572 in
608 2510 722 2580 ipsa
749 2525 928 2576 rerum
955 2510 1352 2566 existimatione
1382 2525 1572 2581 magna
1599 2517 1684 2565 est
1712 2509 1987 2580 perversio
2017 2525 2030 2562 :

443 2601 510 2670 ad
537 2616 599 2656 ea
627 2601 825 2672 quippe
850 2618 968 2672 qua:
991 2612 1117 2661 sunt
1141 2602 1412 2672 superﬂua
1443 2601 1660 2667 initiatis
1685 2641 1700 2669 ,
1727 2600 2036 2661 veritatem-

443 2710 549 2766 que
575 2695 924 2762 dimittentes,
957 2696 1177 2754 umbras
1202 2705 1256 2760 et
1282 2699 1487 2762 somnia
1519 2691 1925 2766 persequimini.

467 2771 475 2786 ’
515 2789 818 2844 Diuitiarum
843 2791 1058 2857 partitas.
1083 2793 1360 2846 —Annon
1384 2790 1571 2846 umbra
1601 2798 1654 2850 et
1679 2785 1885 2860 somnia
1910 2792 2035 2840 sunt

446 2882 623 2949 omnia
656 2882 960 2950 prmsentia,
995 2891 1049 2938 et
1079 2882 1264 2938 umbra
1285 2881 1554 2938 deteriora
1581 2879 1604 2933 ?
1630 2878 1840 2934 Etenim
1861 2875 2035 2947 prius-

448 2987 606 3041 quam
638 2984 969 3051 appareant,
1009 2975 1305 3043 recedunt;
1336 2983 1389 3029 et
1425 2974 1738 3052 priusquam
1766 2969 1985 3032 avolent
2013 3009 2030 3042 ,

1166 281 1220 336 S.
1261 281 1540 342 JOANNIS
1578 283 2028 342 CIIRYSOSTOM

2134 291 2404 352 .RCHIEP.
2446 298 2980 358 CONSTANTINOP.

3638 312 3750 370 SIG

2157 424 2403 482 magnam
2442 413 2702 472 exhibent
2741 419 3234 486 perturbationem,
3269 429 3326 478 et
3357 422 3616 495 majorem
3654 428 3744 487 illa

2155 501 2446 572 voluptate.
2475 504 2546 562 Et
2569 506 2617 561 si
2643 506 2730 564 hic
2758 509 3176 568 innumerabiles
3203 526 3454 586 acceptas
3493 517 3748 580 infoderit

2155 595 2442 663 pecunias,
2462 611 2586 652 cum
2613 613 2719 654 nox
2751 603 3064 670 prmtcrierit
3084 645 3100 671 ,
3131 603 3256 662 hinc
3282 608 3456 664 nudus
3483 613 3690 669 recedit
3722 633 3739 682 ;

2153 695 2206 742 et
2232 688 2446 746 merito.
2474 689 2605 747 Nam
2633 702 2688 768 et
2711 696 2799 767 qui
2833 696 2888 753 in
2916 699 3120 754 somnis
3149 711 3275 756 sunt
3298 703 3524 774 divites,
3556 723 3678 764 cum
3708 727 3745 767 e

2151 779 2313 834 cubili
2344 786 2698 852 surrexerint,
2725 787 2856 842 nihil
2882 788 3160 848 habentex
3182 793 3250 850 iis
3274 809 3394 866 quae
3422 797 3746 858 videbantur

2153 869 2350 928 habere
2378 874 2711 932 dormientes
2739 898 2754 935 :
2785 879 2854 934 ita
2884 882 3047 938 etiam
3085 886 3232 942 avari
3264 897 3321 942 et
3346 890 3438 958 qui
3468 891 3621 961 plura
3645 893 3745 948 ba-

2151 959 2308 1018 bendi
2355 964 2603 1023 laborant
2643 970 2971 1041 cupiditate;
3006 973 3114 1030 imo
3161 991 3290 1033 vero
3338 994 3445 1036 non
3471 959 3565 1036 Vita
3595 1025 3609 1048 ,
3641 985 3740 1046 sed

2151 1052 2311 1126 longe
2349 1057 2522 1128 pejus.
2557 1059 2690 1115 Nam
2730 1063 2821 1132 qui
2853 1064 2906 1119 in
2940 1067 3146 1123 somnis
3173 1069 3393 1140 quidem
3424 1082 3507 1146 est
3533 1073 3690 1132 dives
3719 1119 3738 1145 ,

2149 1161 2324 1218 neque
2353 1149 2512 1206 habet
2543 1154 2798 1221 pecunias
2823 1170 2958 1225 quas
2989 1157 3044 1212 in
3079 1159 3286 1217 visione
3313 1177 3373 1218 se
3400 1166 3622 1234 putabat
3643 1167 3739 1224 ba-

2149 1238 2279 1295 bere
2296 1281 2312 1308 ,
2334 1256 2508 1314 neque
2535 1244 2643 1300 alio
2672 1248 2924 1317 quopiam
2947 1250 3089 1307 malo
3111 1251 3180 1307 ab
3211 1252 3317 1315 hac
3347 1256 3555 1314 visione
3582 1275 3741 1318 acce-

2146 1341 2260 1403 pto.
2280 1336 2486 1406 surgit:
2515 1336 2618 1396 iste
2640 1350 2844 1407 autem,
2867 1343 3106 1412 pecuniis
3130 1346 3346 1416 quidem
3370 1359 3454 1406 est
3474 1351 3732 1422 privatus,

2147 1426 2379 1492 peccatis
2404 1437 2585 1484 autem
2622 1445 2742 1501 qua:
2770 1447 2838 1490 ex
2869 1435 3108 1504 pecuniis
3132 1446 3250 1492 orta
3274 1448 3404 1498 sunt
3437 1443 3676 1511 repletus
3704 1487 3724 1511 ,

2147 1513 2406 1583 discedit;
2437 1527 2632 1574 etcum
2659 1537 2782 1592 qua:
2807 1539 2875 1580 ex
2907 1525 3107 1581 divitiis
3133 1526 3290 1598 ﬁunt,
3314 1531 3524 1588 visione
3551 1549 3734 1604 appre-

2147 1604 2396 1663 henderit
2421 1649 2435 1673 ,
2461 1610 2600 1665 mala
2628 1612 2752 1668 inde
2774 1623 2889 1670 orta
2921 1632 3028 1672 non
3060 1617 3204 1674 videt
3236 1621 3372 1676 ultra
3405 1623 3457 1678 in
3485 1625 3690 1682 visione
3714 1667 3731 1696 ,

2146 1698 2241 1753 sed
2274 1700 2327 1755 in
2357 1701 2472 1772 ipsa
2517 1719 2700 1764 rerum
2730 1707 2960 1765 veritate
2993 1726 3008 1762 :
3039 1719 3093 1766 et
3117 1710 3214 1766 fuit
3241 1713 3459 1783 quidem
3487 1716 3734 1788 voluptas

2147 1788 2200 1844 in
2225 1793 2428 1848 somnis
2453 1809 2470 1860 ;
2499 1794 2643 1864 quod
2664 1805 2844 1853 autem
2871 1813 2936 1854 ex
2965 1799 3238 1872 voluptate
3259 1808 3500 1862 nascitur
3527 1810 3735 1878 suppli-

2145 1879 2287 1936 cium
2318 1923 2333 1947 ,
2363 1897 2470 1938 non
2510 1885 2692 1956 utique
2714 1887 2914 1946 accidit
2940 1889 2994 1945 in
3016 1892 3223 1947 somnis
3243 1935 3259 1959 ,
3291 1895 3384 1952 sed
3415 1896 3467 1952 in
3499 1897 3615 1966 ipsa
3639 1914 3733 1954 ex-

2145 1972 2406 2040 perientia
2432 1989 2447 2039 ;
2479 1975 2587 2030 imo
2615 1992 2744 2032 vero
2767 1979 2927 2034 etiam
2955 1989 3082 2038 ante
3125 1982 3259 2039 illud
3293 1987 3613 2054 supplicium
3641 1989 3732 2046 hic

2143 2078 2356 2134 quoque
2382 2076 2652 2123 extremas
2675 2069 2769 2126 dat
2788 2086 3001 2142 patrias,
3034 2083 3093 2131 ut
3117 2077 3210 2147 qui
3241 2077 3294 2132 in
3315 2079 3616 2149 colligendo
3645 2091 3733 2142 at-

2145 2163 2348 2211 teratur
2395 2157 2874 2220 innumerabilibus
2913 2165 3081 2220 animi
3114 2168 3553 2237 tegritudinibus,
3579 2171 3732 2226 solli-

2143 2246 2488 2314 eitudinibus,
2519 2254 2972 2324 accusationibus,
3003 2258 3306 2328 calumniis,
3337 2262 3653 2319 tumultibus
3673 2275 3728 2320 et

2142 2341 2656 2409 perturbationibus.
2690 2345 2758 2402 Ut
2787 2362 2917 2418 ergo
2945 2358 2997 2405 et
3025 2365 3057 2405 a
3085 2353 3310 2408 somniis
3339 2353 3657 2421 liberemur,
3675 2366 3731 2411 et

2141 2445 2172 2484 a
2203 2433 2360 2488 malis
2404 2449 2524 2504 qua:
2569 2451 2677 2493 non
2713 2448 2839 2494 sunt
2871 2441 2925 2497 in
2972 2444 3195 2499 somniis
3217 2484 3233 2512 ,
3266 2459 3366 2515 pro
3412 2448 3637 2506 avaritia
3677 2460 3731 2510 et

2141 2522 2295 2592 plura
2320 2523 2548 2582 habendi
2573 2529 2865 2599 cupiditate
2892 2533 3292 2605 eleemosynam
3322 2539 3603 2608 eligamus,
3636 2555 3728 2609 pro

2141 2616 2329 2683 rapina
2357 2615 2762 2688 benignitatem.
2809 2621 2902 2679 Sic
2953 2625 3098 2682 enim
3132 2629 3421 2696 prresentia
3465 2640 3521 2686 et
3557 2631 3727 2687 futura

2140 2703 2281 2761 bona
2307 2721 2658 2780 assequemur
2685 2752 2702 2780 ,
2729 2715 2898 2784 gratia
2929 2725 2985 2772 et
3021 2717 3351 2789 benignitate
3385 2722 3599 2778 Domini
3627 2739 3722 2780 no-

2141 2795 2241 2852 stri
2261 2795 2391 2854 Jesu
2421 2799 2624 2857 Christi
2649 2844 2666 2872 ,
2697 2805 2913 2874 quicum
2941 2807 3086 2864 Patri
3116 2825 3330 2881 unaque
3359 2812 3582 2882 Spiritui
3607 2831 3726 2871 san-

2140 2899 2231 2947 cto
2259 2889 2452 2961 gloria,
2481 2892 2766 2964 imperium
2791 2938 2806 2963 ,
2836 2898 3010 2956 honor
3032 2940 3048 2959 .
3080 2915 3225 2958 nunc
3247 2911 3304 2959 et
3327 2918 3565 2976 semper,
3588 2917 3643 2962 et
3672 2907 3723 2967 in

2140 2982 2335 3046 secula
2356 2985 2699 3051 satculorum.
2733 2989 2928 3046 Amen.

617 3127 620 3131 ’
1636 3169 1989 3245 nouum
2030 3166 2362 3246 xxxvn.

444 3324 573 3396 Car.
620 3325 707 3394 l4.
741 3340 791 3378 v.
820 3324 907 3382 5i.
946 3323 1184 3381 Mulieres
1223 3332 1400 3377 vestra:
1433 3321 1484 3381 in
1535 3317 1758 3381 ecclesiis
1803 3324 2022 3372 taceant.

513 3415 635 3471 Non
663 3417 794 3470 enim
822 3415 1128 3486 permittitur
1150 3415 1220 3482 cis
1243 3413 1403 3485 loqui,
1423 3411 1512 3479 sed
1539 3411 1767 3480 subditas
1795 3425 1920 3478 esse,
1952 3409 2025 3477 si-

510 3518 594 3562 cut
621 3519 668 3562 ct
699 3509 781 3562 lex
809 3508 953 3574 dicit.

511 3601 562 3655 l.
595 3600 730 3654 Cum
760 3615 907 3672 eum,
937 3600 1026 3674 qui
1058 3615 1122 3655 ex
1154 3598 1349 3670 linguis
1379 3597 1656 3663 oriebatur
1686 3637 1702 3672 ,
1737 3595 2024 3655 tumultum

437 3699 788 3762 amputasset,
817 3698 871 3748 et
895 3673 1015 3746 eum
1045 3691 1134 3760 qui
1159 3705 1221 3745 ex
1244 3690 1562 3764 prophetiis,
1591 3698 1647 3745 et
1672 3690 1842 3760 legem
1877 3687 2029 3751 tulis-

437 3791 520 3849 set
543 3821 557 3845 ,
591 3797 656 3834 ne
687 3789 828 3848 esset
859 3782 1140 3847 eonl'usio,
1179 3791 1234 3836 ιιι
1261 3782 1351 3856 qui
1394 3783 1588 3854 linguis
1620 3781 1976 3852 loquebantur
2006 3820 2022 3849 ,

438 3873 539 3927 hoc
562 3872 798 3928 vicissim
824 3872 1063 3941 facerent
1091 3913 1108 3938 ,
1141 3881 1195 3926 et
1225 3881 1283 3930 ut
1313 3872 1403 3941 qui
1435 3872 1830 3942 pr0phetabant
1855 3913 1872 3940 ,
1901 3887 2022 3928 cum

438 3962 577 4034 alter
606 3961 913 4030 incepisset,
951 3971 1190 4017 tacerent
1220 3980 1233 4016 :
1265 3963 1507 4032 procedit
1529 3962 1742 4018 demum
1771 3963 1932 4018 etiam
1955 3961 2022 4016 ad

438 4054 895 4124 perturbationem
920 4070 1038 4126 qua:
1063 4055 1236 4108 oritur
1257 4071 1323 4116 ex
1354 4054 1668 4110 mulieribus
1697 4095 1712 4119 ,
1741 4063 2025 4124 amputans

436 4162 619 4212 earum
651 4147 1010 4217 importunam
1041 4147 1291 4218 loquendi
1325 4146 1624 4210 libertatem
1648 4147 1836 4217 :idque
1867 4147 2024 4210 valde

434 4250 752 4311 opportune.
783 4239 916 4295 Nam
943 4241 989 4295 si
1021 4240 1086 4295 iis
1108 4281 1124 4308 ,
1153 4240 1244 4311 qui
1273 4240 1473 4308 habent
1499 4240 1823 4297 charismata
1853 4281 1870 4308 ,
1915 4257 2020 4295 non

436 4333 760 4403 permittitur
794 4341 998 4389 temere
1027 4333 1170 4403 loqui
1202 4375 1216 4400 ,
1251 4348 1427 4404 neque
1457 4333 1672 4405 quando
1707 4335 1874 4390 velint
1895 4376 1911 4400 ,
1939 4333 2021 4390 id-

431 4438 535 4495 que
565 4439 687 4480 eum
719 4434 1036 4490 moveantur
1059 4439 1086 4477 a
1111 4422 1314 4495 Spiritu
1343 4467 1357 4490 .
1386 4425 1556 4485 multo
1594 4425 1765 4497 magis
1795 4426 1899 4480 illis
1936 4426 2017 4480 in-

430 4516 769 4586 considerate
815 4525 872 4571 et
911 4531 1044 4573 vane
1087 4517 1430 4588 nugantibus.
1485 4516 1776 4589 Propterea
1827 4532 2016 4588 magna

428 4621 641 4676 quoque
667 4621 787 4662 cum
817 4609 1137 4665 auctoritate
1163 4610 1476 4688 uagantium
1512 4623 1604 4674 ora
1636 4608 1867 4664 obstruit
1897 4625 1912 4675 ;
1961 4619 2016 4664 et

428 4698 547 4768 lege
584 4712 764 4753 secum
803 4708 1078 4769 assumpta
1112 4742 1128 4768 ,
1157 4715 1344 4764 eorum
1381 4699 1458 4768 sic
1485 4713 1578 4760 ora
1617 4700 1852 4761 obturat.
1895 4699 2012 4754 Non

428 4789 602 4848 solum
648 4789 790 4845 enim
835 4789 922 4844 hic
945 4790 1135 4865 suadet
1164 4833 1180 4856 ,
1213 4807 1388 4864 neque
1421 4791 1694 4868 consulit,
1726 4791 1819 4846 sed
1850 4792 2010 4855 etiam

427 4880 775 4937 vehementer
803 4881 1031 4952 imperat
1060 4921 1076 4946 .
1110 4883 1292 4955 legens
1327 4884 1602 4956 antiquam
1635 4883 1718 4940 his
1755 4883 1821 4938 de
1852 4884 2012 4944 rebus

427 4973 622 5044 legem.
651 4973 784 5030 Nam
813 4988 934 5031 cum
968 4974 1192 5030 dixisset
1225 4992 1238 5029 :
1272 4975 1514 5031 Mulieres
1543 4985 1720 5040 vestra:
1765 4976 1817 5030 in
1856 4978 2013 5035 eccle-

422 5065 510 5120 siis
531 5076 747 5132 taceant,
775 5075 858 5134 et,
889 5065 1012 5137 Non
1041 5066 1346 5139 permittitur
1369 5069 1437 5124 eis
1459 5069 1632 5139 loqui,
1655 5068 1744 5136 sed
1764 5068 2011 5138 subjectus

422 5172 528 5208 esse
555 5196 571 5222 ,
602 5157 879 5227 subjunxit
911 5177 926 5214 :
953 5159 1102 5215 Sicut
1130 5167 1176 5214 el
1209 5159 1292 5216 les
1323 5160 1467 5214 dicit.
1509 5160 1578 5226 Et
1625 5148 1714 5216 ubi
1747 5160 1851 5230 hoc
1880 5159 2010 5216 dicit

422 5245 507 5301 lex
540 5249 563 5298 ?
593 5247 670 5299 Ad
694 5249 856 5306 virum
878 5259 1019 5312 tuum
1047 5253 1306 5308 conversio
1329 5262 1436 5320 tua,
1468 5262 1517 5308 et
1537 5253 1645 5323 ipse
1669 5253 1758 5308 tibi
1781 5253 2006 5308 domina-

422 5341 555 5394 bitur
607 5341 625 5412 (
654 5339 780 5396 Gen.
809 5343 862 5396 5.
898 5345 961 5399 l6
997 5345 1037 5414 ).
1069 5345 1316 5412 Yidistin‘
1361 5346 1508 5419 Pauli
1560 5347 1877 5416 sapientiam
1903 5389 1919 5414 ,
1952 5355 2009 5406 et

420 5444 674 5503 quantum
698 5433 981 5490 adduxerit
1013 5438 1402 5503 testimonium,
1422 5437 1565 5509 quod
1593 5454 1698 5494 non
1720 5438 1891 5492 solum
1911 5452 2003 5492 eas

414 5528 600 5596 jubeat
624 5537 800 5584 tacere
825 5569 842 5596 ,
881 5529 974 5584 sed
1016 5531 1176 5585 etiam
1203 5539 1380 5586 tacere
1403 5545 1526 5586 cum
1565 5540 1710 5586 metu
1737 5573 1753 5599 ,
1801 5541 2002 5587 etcum

423 5627 572 5675 tanto
613 5629 779 5689 metu,
809 5635 931 5676 cum
982 5630 1185 5693 quanto
1230 5621 1480 5677 ancillam
1527 5631 1739 5692 oportet
1791 5621 2003 5676 silere?

421 5706 706 5784 l‘ropterea
729 5728 850 5770 cum
870 5714 981 5786 ipse
1001 5712 1245 5784 dixisset,
1274 5711 1391 5768 Non
1418 5712 1722 5782 permittitur
1742 5712 1812 5779 eis
1841 5713 1997 5782 loqui,

2131 3326 2238 3386 non
2267 3311 2562 3384 subjunxil,
2583 3315 2689 3372 Sed
2709 3324 2907 3384 tacere,
2928 3319 3022 3374 sed
3053 3334 3150 3390 pro
3176 3329 3356 3378 tacere
3385 3324 3558 3394 posuit
3579 3325 3718 3395 quod

2130 3414 2215 3460 est
2240 3405 2467 3475 amplius
2496 3447 2511 3472 ,
2548 3421 2741 3477 nempe
2770 3409 2979 3478 subjici.
3008 3409 3065 3465 Si
3098 3411 3200 3467 hoc
3229 3423 3408 3470 autem
3443 3416 3584 3486 apud
3611 3432 3720 3472 ma-

2133 3497 2267 3554 ritos
2296 3539 2312 3563 ,
2353 3499 2526 3554 multo
2555 3499 2725 3571 magis
2765 3501 2904 3571 apud
2937 3502 3188 3559 doctores
3231 3513 3285 3560 et
3332 3515 3515 3576 patres
3541 3549 3555 3572 ,
3589 3515 3644 3564 et
3669 3509 3716 3562 in

2132 3591 2402 3648 communi
2447 3600 2589 3646 coetu
2618 3592 2883 3648 ecclesiat.
2929 3593 3000 3648 At
3041 3596 3084 3649 si
3128 3609 3234 3650 non
3274 3597 3562 3668 loquantur
3589 3641 3606 3667 ,
3637 3599 3716 3653 in-

2131 3683 2288 3753 quies
2311 3723 2326 3746 ,
2361 3698 2463 3740 nec
2493 3685 2864 3756 interrogent,
2893 3703 3125 3758 quanam
3152 3688 3219 3745 de
3245 3705 3407 3745 causa
3438 3692 3667 3747 aderunt
3693 3692 3718 3746 ?

2131 3773 2201 3830 Ut
2226 3773 2446 3829 audiant
2464 3776 2680 3846 quidem
2709 3792 2828 3845 quae
2848 3789 3096 3846 oportet,
3125 3794 3189 3835 ea
3216 3789 3393 3836 autem
3421 3782 3488 3836 de
3510 3783 3706 3851 quibus

2130 3863 2398 3931 dubitant,
2424 3881 2454 3920 a
2484 3867 2688 3921 maritis
2719 3868 2862 3922 domi
2889 3870 3122 3925 discant.
3156 3871 3225 3930 Et
3251 3872 3368 3927 ideo
3393 3871 3664 3941 subjunin
3689 3889 3705 3926 :

2129 3955 2219 4011 35.
2247 3957 2308 4010 Si
2337 3957 2461 4026 quid
2480 3969 2648 4011 autent
2681 3959 2854 4014 volunt
2895 3961 3087 4016 discere
3111 4004 3125 4028 ,
3159 3963 3296 4018 domi
3322 3964 3450 4020 uiros
3478 3980 3596 4019 suos
3623 3965 3708 4019 in-

2130 4055 2398 4117 terrogent.
2422 4047 2536 4102 Non
2563 4049 2757 4116 solum,
2789 4050 2976 4120 inquit,
3008 4067 3113 4106 non
3145 4052 3249 4109 illis
3275 4054 3417 4124 loqui
3447 4055 3711 4125 permitti-

2129 4147 2235 4204 tur,
2267 4137 2360 4194 sed
2391 4155 2489 4196 nec
2515 4141 2714 4213 aliquid
2745 4143 3075 4214 interrogare
3098 4145 3150 4199 in
3169 4146 3415 4200 ecclesia.
3447 4147 3505 4202 Si
3531 4157 3707 4204 autem

2126 4247 2232 4290 non
2261 4242 2474 4302 oportet
2499 4233 2852 4306 interrogare,
2887 4235 3059 4292 multo
3083 4240 3254 4308 magis
3277 4239 3527 4295 absolute
3562 4239 3710 4294 nefas

2127 4333 2206 4379 est
2228 4323 2393 4395 loqui.
2425 4325 2492 4380 Et
2518 4340 2614 4380 cur
2638 4341 2729 4380 eas
2755 4326 2820 4382 ad
2846 4337 3043 4382 tantam
3069 4329 3272 4399 redegit
3294 4330 3710 4399 subjectionem?

2127 4417 2415 4492 Propterea
2445 4418 2585 4489 quod
2612 4419 2806 4475 mulier
2830 4435 2918 4475 res
2944 4429 3025 4475 est
3052 4421 3308 4475 imbecilla
3335 4430 3389 4477 et
3416 4423 3630 4478 mobilis
3656 4433 3709 4478 et

2127 4509 2277 4564 lovis.
2328 4510 2452 4574 Ideo
2493 4511 2574 4566 eis
2611 4511 2830 4567 maritos
2857 4513 3098 4583 praefecit
3135 4513 3422 4581 doctores,
3452 4523 3707 4586 utrosque

2118 4599 2330 4670 juvans.
2360 4600 2494 4656 Nam
2520 4609 2576 4656 et
2603 4601 2722 4657 illas
2747 4603 2978 4658 reddidit
3006 4603 3296 4668 modestas.
3317 4613 3373 4662 et
3401 4605 3503 4661 hos
3525 4605 3703 4662 reddi.

2120 4693 2414 4766 ditgnavos
2439 4702 2491 4748 et
2520 4694 2797 4760 sollicitos,
2821 4695 2984 4766 utqui
3011 4711 3094 4764 ea,
3121 4713 3240 4766 qua:
3279 4696 3585 4764 audierant,
3616 4711 3701 4752 es-

2119 4795 2242 4848 sent
2311 4785 2654 4843 exactissime
2723 4787 2866 4858 apud
2938 4802 3030 4843 cas
3108 4787 3427 4858 deposituri.
3504 4789 3702 4845 Deinde

2118 4877 2370 4951 quoniam
2402 4877 2451 4932 id
2479 4887 2796 4941 ornamento
2810 4878 2909 4935 sibi
2935 4879 3048 4934 fore
3068 4877 3335 4934 ducebant
3351 4881 3492 4950 quod
3515 4881 3699 4950 loque-

2116 4979 2306 5027 rentur
2326 4971 2557 5040 publice,
2587 4987 2890 5028 sermonem
2910 4972 2998 5027 ille
3018 4971 3234 5027 deducit
3263 4971 3314 5025 in
3347 4972 3695 5036 contrarium,

2115 5061 2302 5118 dicens
2334 5081 2347 5117 :
2378 5061 2550 5136 Turpe
2578 5073 2650 5118 est
2676 5064 2809 5118 enim
2833 5064 3034 5119 mulieri
3053 5063 3194 5134 loqui
3218 5064 3270 5117 in
3303 5064 3535 5117 ecclesia.
3565 5062 3693 5117 Nam

2115 5155 2345 5229 primum
2370 5156 2583 5228 quidem
2613 5156 2717 5212 hoc
2740 5156 3080 5212 confirmavit
3106 5171 3134 5209 a
3165 5157 3284 5226 lege
3315 5155 3408 5210 Dei
3440 5171 3456 5219 ;
3500 5155 3692 5210 deinde

2113 5266 2143 5314 a
2164 5251 2430 5306 communi
2455 5251 2662 5310 ratione
2681 5258 2737 5304 et
2755 5248 3143 5306 consuetudine
3160 5265 3174 5302 :
3189 5249 3328 5303 sicut
3347 5248 3509 5302 etiam
3530 5261 3693 5317 quan.

2112 5343 2182 5398 do
2210 5345 2289 5400 eis
2315 5345 2382 5400 de
2411 5360 2564 5400 coma
2591 5343 2823 5409 dicebat,
2844 5346 3026 5399 Annon
3055 5344 3148 5398 hoc
3170 5359 3258 5397 vos
3283 5343 3397 5412 ipsa
3424 5342 3568 5396 (locet
3598 5357 3691 5395 na-

2113 5447 2229 5490 tura
2251 5438 2323 5507 (l.
2356 5436 2473 5489 Cor.
2507 5437 2594 5491 ll.
2627 5436 2746 5507 lt)?
2777 5437 2843 5490 Et
2865 5437 3060 5506 ubique
3086 5437 3203 5506 ejus
3230 5436 3391 5490 talem
3415 5432 3689 5490 inveneris

2111 5527 2348 5592 modum,
2378 5543 2482 5582 non
2514 5544 2580 5584 ex
2611 5528 2808 5583 divinis
2835 5528 3125 5598 Scripturis
3149 5569 3164 5595 ,
3198 5528 3293 5582 sed
3325 5543 3390 5583 ex
3416 5529 3528 5598 ipsa
3558 5541 3689 5581 cou-

2108 5619 2388 5674 suetudiue
2419 5619 2619 5688 pudore
2639 5619 2978 5676 afﬁcientem.
3000 5619 3264 5674 Praeterea
3284 5619 3352 5676 ab
3371 5619 3437 5674 iis
3457 5630 3686 5688 quoque,

2107 5726 2226 5780 quae
2256 5711 2492 5766 omnium
2516 5711 2766 5781 opinione
2795 5711 3034 5768 feruntur
3064 5749 3080 5777 ,
3109 5719 3166 5764 et
3191 5725 3309 5781 qua:
3341 5709 3538 5780 ubique
3562 5715 3687 5764 sunt
