4018 6156
433 275 545 335 317

1149 279 1208 336 S.
1247 278 1536 341 JOANNIS
1574 275 2069 337 CHRYSOSTOMI
2101 278 2432 341 ARCHIEP.
2469 282 3018 342 CONSTANTINOP.

431 384 679 444 κοῦντων
711 388 806 444 καὶ
838 390 1115 461 πανταχοῦ
1144 393 1514 457 τυπωθέντων
1543 394 1818 466 ἐντρέπει,
1852 393 1882 448 ὃ
1917 393 2014 447 καὶ
2120 395 2428 464 γλώσσαις
2446 398 2533 468 μὴ
2563 401 2842 454 κωλύετε.
2889 401 3000 454 Kal
3027 397 3136 470 γὰρ
3173 395 3292 462 έθος
3323 396 3477 464 αύτῷ
3512 395 3696 457 τοῦτο.

432 479 670 543 ἐνταῦθα
694 479 939 544 τέθεικεν
968 481 1139 542 εἰπών
1161 499 1175 513 ·
1206 485 1281 538 ’Ἠ
1313 483 1417 554 ἀφ’
1447 483 1615 554 ὑμῶν
1641 485 1880 555 όλόγος
1907 481 2013 537 τοῦ
2122 482 2198 554 μὴ
2237 484 2300 536 τὸ
2330 487 2694 556 προκείμενον
2727 487 3062 557 ἐργάξεσθαι
3106 486 3290 558 μόνον,
3333 485 3471 539 ἀλλά
3514 485 3612 539 καί
3638 484 3698 550 ἐξ

431 569 582 627 Θεοῦ
634 567 916 637 ἐξῆλθεν,
955 568 995 637 ἢ
1028 570 1119 636 εὶς
1169 571 1324 640 ὑμᾶς
1368 575 1600 642 μόνους
1630 572 2014 641 κατήντησε;

428 655 660 726 καὶγὰρ
680 655 777 720 τὰς
798 656 991 718 λοιπὰς
1020 657 1350 729 Ἐκκλησίας
1375 663 1669 732 παρήγαγε
1700 661 1889 716 τοῦτον
1916 677 2012 729 τη⁹

431 743 633 815 ρούσας
662 745 755 798 τὸν
779 745 966 815 νόμον,
1001 747 1096 801 καὶ
1128 748 1235 802 ἀπὸ
1273 750 1373 821 τῆς
1420 750 1772 821 καινοτομίας
1801 750 1890 803 τὸν
1922 749 2011 803 θό-

429 830 591 902 ρυβον
623 831 1083 906 ὑποτεμνόμενος,
1125 837 1221 889 καὶ
1249 839 1314 907 τῇ
1344 836 1453 890 τῶν
1486 837 1698 892 πολλῶν
1717 838 1886 908 ψήφῳ
1915 837 2008 890 τὸν

425 916 586 986 λόγον
611 918 782 972 ποιῶν
811 919 1239 992 εὐπαράδεκτον.
1265 925 1357 978 Διὸ
1395 925 1488 978 καὶ
1526 924 1760 995 ἀλλαχοῦ
1786 924 1971 993 ἔλεγεν
1991 939 2005 954 ·

429 1008 530 1074 Ὃς
560 1005 719 1078 ὑμᾶς
746 1008 1086 1078 ἀναμνήσει
1118 1012 1222 1078 τὰς
1264 1012 1446 1080 ὁδούς
1471 1032 1593 1084 μου
1623 1019 1731 1080 τὰς
1769 1013 1839 1068 ὲν
1869 1016 2006 1081 Χρι-

425 1093 571 1161 στῷ,
611 1097 808 1162 καθὼς
859 1100 1172 1169 πανταχοῦ
1215 1100 1287 1154 έν
1325 1100 1552 1167 πάσαις
1585 1101 1715 1168 ταῖς
1753 1102 2007 1168 Ἐκκλη-

425 1184 592 1250 σίαις
621 1185 908 1241 διδάσκω·
937 1189 1032 1242 καὶ
1080 1188 1261 1252 πάλιν.
1298 1192 1381 1244 οὐ
1429 1193 1546 1263 γάρ
1581 1190 1758 1261 ἐστιν
1788 1191 2008 1244 ἀκατα-

427 1275 689 1346 στασίας
719 1278 752 1329 ό
785 1275 950 1342 Θεὸς,
984 1277 1123 1331 ἀλλ’
1152 1277 1418 1350 εἰρήνης,
1438 1265 1634 1344 ’καθὼς
1674 1277 1774 1332 καί
1803 1275 1874 1330 ἐν
1904 1277 2007 1330 πάρ

428 1376 573 1426 σαις
599 1361 732 1428 ταῖς
771 1363 1163 1432 Ἐκκλησίαις
1208 1363 1330 1420 τῶν
1360 1365 1567 1436 ἁγίων·
1609 1365 1706 1437 καὶ
1744 1363 2001 1436 ἐνταῦθα,

426 1441 504 1501 Ἦ
535 1449 636 1519 ἀφ’
665 1449 832 1519 ὑμῶν
876 1455 910 1506 ό
941 1453 1124 1523 λόγος
1177 1453 1284 1520 τοῦ
1339 1453 1489 1523 Θεοῦ
1534 1451 1817 1524 ἐξῆλθεν,
1847 1453 1885 1522 ἢ
1918 1456 2007 1521 εις

426 1536 585 1607 ὑμᾶς
614 1539 846 1608 μόνους
875 1525 1254 1620 κατήντησεί
1301 1541 1615 1610 Τουτέστιν,
1639 1541 1775 1596 Οὔτε
1799 1541 2005 1612 πρῶτοι

426 1624 552 1694 οὔτε
584 1624 733 1698 μόνοι
765 1626 925 1696 ὑμεῖς
965 1628 1165 1702 πιστοὶ,
1213 1628 1389 1700 ἀλλ’ἢ
1431 1630 1723 1701 οἰκουμένη
1752 1631 1934 1688 πᾶσα·
1977 1629 2006 1683 ὃ

428 1713 691 1784 καὶπρὸς
723 1715 1060 1780 Κολοσσαεῖς
1115 1717 1343 1788 γράφων
1401 1716 1578 1787 ἔλεγε,
1628 1718 1835 1782 Καθὼς
1873 1718 2006 1772 ἐστι

427 1802 1004 1871 καρποφορούμενον
1038 1803 1138 1858 καί
1165 1803 1585 1873 αὐξανόμενον
1610 1805 1682 1859 ἐν
1718 1804 1894 1858 παντὶ
1925 1801 2006 1868 τῷ

425 1887 652 1956 κόσμῳ,
682 1888 812 1960 περὶ
859 1891 955 1943 τοῦ
1000 1891 1334 1961 Εὑαγγελίου
1364 1891 1559 1957 λέγων.
1602 1893 1757 1946 Ποιεῖ
1786 1892 1843 1946 δέ
1871 1891 2006 1951 αὐτὸ

423 1975 521 2043 καὶ
544 1975 748 2047 ἐτέρως
783 1979 862 2046 είς
905 1979 1222 2052 προτροπὴν
1253 1979 1362 2032 τῶν
1385 1980 1732 2043 ἀκουόντων,
1763 1979 1838 2044 ὡς
1877 1981 2004 2033 ὅταν

424 2056 560 2130 λέγῃ
583 2056 652 2112 τά
681 2059 862 2124 αὐτῶν
895 2061 1089 2134 πρῶτα
1129 2058 1290 2124 εἶναι,
1321 2061 1417 2124 καὶ
1456 2063 1622 2124 πᾶσιν
1645 2057 1786 2120 εἶναι
1832 2061 2006 2119 κατά-

423 2138 581 2210 δηλα.
625 2140 1082 2211 Θεσσαλονικεῦσι
1116 2146 1224 2216 γὰρ
1273 2144 1606 2202 ἐπιστέλλων
1634 2145 1840 2214 ἔλεγεν·
1888 2144 2003 2212 Ἀφ’

423 2222 593 2292 ὑμῶν
641 2226 752 2295 γὰρ
781 2225 1074 2298 ἐξήχηται
1108 2231 1142 2282 ὁ
1179 2231 1366 2298 λόγος
1394 2229 1504 2284 τοῦ
1555 2229 1727 2291 Θεοῦ,
1781 2229 1880 2282 καὶ
1934 2229 2006 2282 ἐν

423 2313 607 2370 παντί
639 2315 801 2383 τόπῳ
829 2318 864 2385 ἡ
900 2317 1105 2384 πίστις
1144 2317 1312 2386 ὑμῶν
1349 2319 1387 2386 ἡ
1421 2317 1570 2388 πρὸς
1599 2318 1707 2372 τὸν
1739 2317 1886 2372 Θεὸν
1907 2317 2005 2382 ἐξ·

421 2403 724 2468 ελήλυθεο
780 2405 877 2458 καὶ
915 2405 1211 2477 Ῥωμαίοις
1253 2406 1310 2461 δέ
1355 2407 1541 2474 πάλιν,
1573 2407 1656 2460 ὅτι
1689 2407 1762 2461 Ἠ
1801 2407 2002 2474 πίστις

422 2491 594 2561 ὐμῶν
649 2493 1116 2564 καταγγέλλεται
1143 2495 1214 2548 ἐν
1267 2495 1390 2562 ὅλῳ
1432 2495 1512 2561 τῷ
1542 2495 1766 2565 κόσμῳ.
1798 2496 2002 2568 ’Δμφό-

422 2597 556 2653 τερα
586 2580 695 2653 γὰρ
720 2582 883 2638 ἱκανά
908 2583 1214 2656 προτρέψαι
1243 2584 1338 2638 καὶ
1353 2583 1638 2656 διεγεῖραι,
1669 2583 1766 2637 καὶ
1791 2584 1852 2638 τὺ
1872 2587 2003 2654 παρ’

422 2667 628 2738 ἐτέρων
657 2671 1023 2735 ἐπαινεῖσθαι,
1055 2672 1150 2737 καὶ
1180 2671 1240 2724 τὸ
1279 2670 1500 2742 ἐτέρους
1531 2670 1676 2741 ἔχειν
1712 2674 2005 2736 κοινωνοὺς

421 2753 525 2824 τῆς
548 2753 793 2826 γνώμης.
817 2755 908 2810 Διὸ
932 2758 1026 2812 καὶ
1058 2755 1295 2812 ἐνταῦθά
1316 2773 1501 2828 φησιν’
1539 2751 1613 2812 Ἦ
1648 2757 1747 2826 ἀφ’
1777 2757 1946 2827 ὑμῶν
1971 2762 2004 2814 ό

421 2842 605 2911 λόγος
633 2843 740 2898 τοῦ
766 2843 915 2898 Θεοῦ
943 2843 1227 2911 ἐξῆλθεν,
1255 2845 1295 2912 ἣ
1334 2845 1422 2910 είς
1443 2841 1602 2913 ὑμᾶς
1619 2843 1848 2913 μόνους
1874 2862 2007 2898 κατ-

423 2927 727 2994 ήντησεν;
760 2928 913 3001 [545]
961 2929 1100 2985 Οὔτε
1134 2930 1244 3002 γὰρ
1284 2929 1444 2984 τοῦτο
1478 2930 1546 2984 ἂν
1580 2929 1757 3002 ἔχοιτε
1803 2931 2002 2996 είπεῖν,

425 3015 615 3086 φησὶν,
649 3017 730 3069 ὅτι
762 3015 953 3086 Ἡμεῖς
980 3017 1088 3070 τῶν
1125 3016 1304 3070 ἄλλων
1341 3016 1652 3072 διδάσκαλοι
1680 3017 2002 3088 ἐγενόμεθα,

425 3102 525 3166 καὶ
553 3104 655 3156 οῦκ
700 3103 766 3156 ἂν
809 3104 1005 3174 εἴημεν
1031 3103 1229 3159 δίκαιοι
1259 3107 1392 3177 παρ’
1425 3105 1629 3176 ἐτέρων
1668 3103 1964 3176 μανθάνειν
1987 3122 2002 3137 ⁸

424 3188 570 3259 οὗτε,
585 3189 667 3242 ὅτι
693 3190 958 3258 Ἐνταῦθα
981 3191 1111 3262 ἔστη
1134 3191 1204 3246 τά
1221 3192 1324 3263 τῆς
1345 3192 1582 3257 πίστεως
1613 3193 1796 3264 μόνον,
1826 3193 1921 3246 καὶ
1943 3193 2005 3247 ού

424 3277 533 3350 χρὴ
564 3277 631 3333 τά
657 3281 789 3351 παρ’
827 3280 1031 3352 ἐτέρων
1077 3275 1504 3352 παραδείγματα
1532 3280 1806 3352 δέχεσθαι.
1843 3281 2007 3352 Ὁρᾷς

425 3364 516 3419 διά
541 3366 720 3422 πόσων
740 3367 1028 3438 ἐνέτρεψες
1051 3369 1142 3422 τὸν
1168 3369 1330 3440 νόμον
1359 3370 1672 3440 παρήγαγε,
1695 3368 1758 3422 τὸ
1783 3368 2006 3440 αἰσχρὸν

421 3453 520 3508 τοῦ
565 3455 893 3528 πράγματος
937 3458 1126 3528 ἔδειξε,
1165 3459 1265 3526 τὰς
1304 3459 1499 3524 λοιπὰς
1540 3456 1870 3530 Ἐκκλησίας
1925 3458 2006 3522 είς

427 3542 595 3615 μέσον
619 3543 883 3618 τέθεικεν.

496 3746 562 3816 β’.
605 3743 740 3802 Εἶτα
766 3749 839 3801 τὸι
871 3749 1090 3803 πάντων
1136 3751 1480 3823 ἰσχυρότερον
1530 3750 1758 3822 ὕστερον
1801 3754 2004 3823 τίθησι,

423 3831 618 3901 λέγων,
645 3833 727 3886 ὅτι
755 3835 815 3887 Ὀ
835 3835 970 3898 Θεὸς
997 3835 1172 3888 ταῦτα
1202 3837 1296 3890 καὶ
1320 3836 1414 3891 νῦν
1445 3839 1724 3893 ἐπιτάττει
1752 3839 1818 3893 δι’
1845 3838 2002 3910 ἐμοῦ.

425 3921 494 3974 El
538 3919 648 3988 γάρ
677 3936 770 3985 τις
804 3919 976 3974 δοκεῖ
1002 3923 1315 3992 προφήτης
1341 3919 1496 3978 εἶναι
1516 3925 1555 3993 ἢ
1579 3927 2003 3994 πνευματικὸς,

423 4005 768 4076 γινωσκέτω
797 4007 984 4062 ταῦτα
1010 4007 1049 4061 ἅ
1070 4007 1272 4079 γράφω
1293 4009 1456 4080 ὑμῖν,
1481 4009 1571 4064 ὅτι
1593 4014 1818 4081 Κυρίου
1845 4011 2007 4066 εἰσιν

421 4095 486 4148 αὶ
514 4091 778 4164 ἐντολαι.
811 4096 880 4167 El
916 4093 984 4159 δέ
1014 4112 1105 4163 τις
1134 4095 1358 4176 ἀγνοεῖ,
1392 4097 1698 4170 ἀγνοείτω.
1726 4101 1838 4166 καὶ
1858 4101 2006 4169 τίνος

423 4181 612 4240 ἐνεκεν
660 4179 822 4235 τοῦτο
888 4182 1176 4260 ἐπήγαγε;
1230 4183 1458 4248 Δεικνὺς
1498 4185 1582 4239 ὅτι
1629 4186 1692 4239 οὐ
1733 4185 2002 4258 βιάζεται,

421 4269 543 4330 οὐδέ
572 4271 890 4342 φιλονεικεῖ,
925 4272 1064 4348 ὅπερ
1087 4263 1312 4350 σημεῖόν
1333 4274 1450 4329 ἐστι
1479 4273 1589 4329 τῶν
1611 4276 1671 4330 οὐ
1694 4276 1762 4331 τά
1793 4277 2004 4348 ἑαυτῶν

424 4359 768 4432 βουλομένων
817 4361 993 4430 ίστᾷν,
1025 4351 1163 4430 ἀλλὰ
1207 4359 1268 4415 τὸ
1311 4363 1522 4435 ἑτέροις
1565 4365 1844 4437 συμφέρον
1875 4383 2004 4420 σκο-

423 4449 693 4503 πούντων.
725 4448 818 4501 Διὸ
844 4447 942 4502 xal
961 4443 1202 4518 ’ἀλλαχοῦ
1253 4465 1420 4520 φησιν
1443 4466 1456 4479 °
1507 4452 1578 4518 E2
1613 4451 1682 4506 δέ
1715 4470 1802 4520 τις
1829 4454 2005 4522 φιλό-

421 4538 625 4603 νεικός
684 4536 878 4600 ἐστιν,
946 4535 1114 4605 ἡμεῖς
1169 4537 1457 4606 τοιαύτην
1507 4540 1845 4608 συνήθειαν
1892 4542 2006 4597 οὐκ

423 4623 666 4693 ἔχομεν.
700 4621 840 4686 Ἀλλ’
886 4622 948 4674 οὐ
999 4622 1284 4694 πανταχοῦ
1317 4622 1477 4677 τοῦτο
1520 4627 1686 4690 ποιεῖ,
1733 4627 1848 4682 ἀλλ’
1879 4629 2008 4683 ἔνθα

425 4713 494 4770 ἂν
519 4711 594 4784 μὴ
624 4711 828 4782 σφόδρα
865 4711 1078 4781 μεγάλα
1127 4713 1196 4768 τὰ
1223 4714 1650 4785 ἁμαρτανόμενα
1680 4712 1738 4791 ᾖ,
1763 4719 1857 4774 καὶ
1887 4720 2006 4775 τότε

425 4799 704 4870 ἐντρέπων
729 4797 950 4870 μᾶλλον
978 4799 1102 4852 ἐπεὶ
1129 4801 1260 4855 ὅταν
1288 4800 1418 4872 περὶ
1440 4801 1645 4872 ἐτέρων
1665 4803 2004 4874 διαλέγηται,

421 4891 487 4953 οὐ
537 4885 686 4956 λέγει
737 4884 932 4952 οὕτως,
970 4885 1108 4940 ἀλλά
1155 4887 1310 4952 πῶς;
1351 4887 1447 4956 Μὴ
1498 4886 1834 4945 πλανᾶσθε·
1869 4893 2008 4947 οὔτε

426 4974 656 5042 πόρνοι,
684 4975 824 5034 οὔτε
858 4974 1118 5044 μαλακοὶ
1149 4975 1486 5039 ,βασιλειαν
1526 4977 1675 5032 Θεοῦ
1714 4982 2007 5049 κληρονο-

422 5060 717 5137 μήσουσιο
741 5065 837 5118 καὶ
874 5062 1060 5125 πάλιν,
1096 5061 1222 5117 Ἴδε
1242 5061 1358 5132 ἐγὼ
1387 5065 1630 5130 Παῦλος
1653 5065 1810 5136 λέγω
1837 5068 2004 5138 ὑμῖν,

428 5147 520 5206 ὅτι
557 5148 668 5202 ἐὰν
691 5151 1143 5220 περιτέμνησθε,
1185 5150 1443 5217 Χριστὸς
1467 5151 1625 5221 ὑμᾶς
1648 5153 1832 5209 οὐδὲν
1857 5156 2006 5224 ὠφε-

428 5234 632 5303 λήσει.
666 5235 928 5290 Ἐνταῦθα
973 5237 1052 5301 δέ,
1102 5237 1291 5307 ἐπειδὴ
1337 5238 1466 5308 περὶ
1503 5239 1664 5311 σιγῆς
1701 5235 1770 5312 ἦν
1802 5243 1949 5314 αὐτῷ
1978 5246 2007 5298 ό

429 5320 606 5388 λόγος,
640 5320 701 5374 οὐ
748 5321 954 5391 σφόδρα
1011 5323 1243 5386 εὐτόνως
1288 5323 1611 5396 ἐπιτίθεται,
1649 5327 1799 5398 αύτῷ
1831 5329 2007 5400 τούτῳ

434 5409 635 5483 μάλλον
667 5407 866 5469 αὐτοὺς
907 5407 1311 5480 ἐπισπώμενος.
1356 5405 1491 5462 Εἶτα
1537 5413 1674 5484 ὅπερ
1706 5413 1795 5468 ἀεὶ
1829 5410 2007 5470 ποιεῖν

429 5495 641 5564 εἴωθεν,
662 5495 754 5548 ἐπὶ
780 5493 877 5566 τὴν
900 5483 1172 5564 προτέραν
1193 5495 1471 5562 ὑπόθεσιν,
1494 5497 1616 5552 ὅθεν
1632 5483 1804 5556 ταῦτα
1828 5506 2004 5560 είπεῖν

430 5583 864 5661 ἐξέϐη,-ἐπάγει
918 5581 1012 5633 τὸν
1053 5579 1210 5649 λόγον
1268 5580 1458 5648 λέγων·
1495 5584 1696 5654 Ὥστε,
1748 5589 2004 5661 ἀδελφοί

429 5685 566 5756 μου,
627 5659 872 5737 ζηλοῦτε
917 5669 982 5723 τὸ
1049 5669 1466 5738 προφητεύειν,
1529 5676 1626 5726 καὶ
1677 5676 1743 5730 τό
1789 5659 2002 5734 λαλεῖν

2118 573 2331 628 ἐκείνου
2359 575 2422 629 τὸ
2452 574 2642 629 δοκοῦν
2690 576 2839 648 αὐτῷ
2873 575 3133 645 συγγενὲς
3179 576 3531 646 ὁπωσδήποτε
3557 571 3700 631 εἶναι

2120 659 2384 732 διορθοῦν,
2417 663 2512 718 καὶ
2540 663 2704 719 πάλιν
2727 665 2819 718 ἐπὶ
2846 664 2907 718 τὸ
2929 665 3196 735 πρότερον
3230 662 3534 726 ἐπανιέναι,
3551 662 3696 716 ὥστε

2118 746 2195 818 μὴ
2223 747 2400 803 δοκεῖν
2451 750 2550 821 τῆς
2590 749 2901 814 ὑποθέσεως
2949 751 3258 805 ἐκπίπτειν.
3310 751 3421 804 Καὶ
3465 750 3576 823 γὰρ
3603 751 3697 805 ὅτι

2114 834 2246 904 περὶ
2279 836 2378 907 τῆς
2431 837 2490 890 ἐν
2524 839 2646 901 ταῖς
2681 836 2985 908 τραπέζαις
3034 837 3306 904 διελέγετο
3349 837 3694 908 συμφωνίας,

2113 921 2209 976 ἐπὶ
2260 922 2360 993 τὴν
2398 924 2684 978 κοινωνίαν
2726 923 2824 995 τήν
2874 925 2932 976 ἐν
2980 925 3095 986 τοῖς
3147 925 3470 994 μυστηρίοις
3501 924 3695 988 ἐκϐὰς,

2113 1012 2368 1066 κάκεῖθεν
2407 1013 2695 1084 ἐντρέψας,
2737 1016 2817 1076 εἰς
2845 1013 2914 1066 τά
2950 1012 3195 1083 πρότερα
3228 1013 3476 1067 ἐπάνεισι
3505 1013 3694 1079 πάλιν,

2111 1097 2286 1167 λέγων
2306 1114 2320 1129 ⁸
2347 1099 2527 1153 Ὥστε
2560 1102 2997 1170 συνερχόμενοι
3029 1102 3116 1167 είς
3139 1100 3206 1154 τό
3240 1100 3473 1171 φαγεῖν,
3506 1101 3698 1170 ἀλλή-

2112 1190 2264 1253 λους
2292 1186 2638 1257 ἐκδέχεσθε.
2699 1188 2812 1241 Kal
2861 1188 3099 1242 ἐνταῦθα
3142 1189 3323 1244 τοίνυν
3355 1187 3610 1259 περὶτῆς
3635 1187 3696 1242 ἐν

2110 1277 2222 1338 τοῖς
2252 1276 2585 1396 χαρίσμασιν
2615 1276 2866 1342 εὐταξίας
2887 1275 3207 1346 διαλεχθεὶς,
3232 1276 3328 1330 καὶ
3354 1275 3447 1328 τοῦ
3483 1275 3555 1346 μὴ
3584 1277 3695 1328 δεῖν

2117 1347 2253 1396 μήτε
2292 1345 2476 1396 ἀιύειν
2507 1349 2563 1396 ἐν
2594 1349 2708 1396 τοῖς
2759 1347 3028 1396 ἐλάττοσι.
3085 1347 3220 1396 μήτε
3273 1347 3550 1396 ωυσᾶσθαι
3601 1346 3694 1396 ἐπὶ

2115 1347 2253 1416 μήτε
2292 1345 2476 1399 ἀλύειν
2507 1349 2563 1399 ὲν
2594 1349 2708 1411 τοῖς
2759 1345 3220 1417 ἐλάττοσιίμήτε
3273 1345 3553 1415 φυσᾶσθαι
3601 1346 3694 1398 ἐπὶ

2109 1435 2224 1495 τοῖς
2256 1433 2518 1502 μείζοσιν,
2549 1429 2668 1487 εἶτα
2695 1435 2787 1487 ἐπὶ
2814 1432 2912 1504 τὴν
2944 1433 3161 1502 γυναιξὶ
3201 1434 3521 1504 πρέπουσαν
3545 1432 3692 1499 ἐξελ-

2112 1519 2220 1572 θὼν
2248 1519 2548 1590 εὐκοσμίαν
2592 1519 2865 1583 ἐντεῦθεν,
2908 1522 3001 1574 καὶ
3051 1521 3468 1583 κατασκευάσας
3500 1520 3689 1591 αὐτὴν,

2112 1605 2205 1658 ἐπὶ
2251 1609 2312 1675 τὸ
2345 1607 2709 1677 προκείμενον
2746 1608 3015 1674 ἐπάνεισι,
3047 1607 3224 1676 λέγων
3268 1608 3451 1662 πάλιν·
3487 1609 3690 1678 Ὥστε,

2110 1692 2367 1764 ἀδελφοί
2418 1713 2554 1771 μου,
2596 1695 2843 1763 ζηλοῦτε
2885 1697 2954 1749 τὸ
2978 1697 3421 1771 ῌπροφητεύειν,
3473 1698 3573 1751 καί
3626 1697 3693 1750 τὸ

2109 1782 2324 1842 λαλεῖν
2372 1767 2682 1860 γλώσσαις
2715 1782 2802 1852 μὴ
2857 1766 3137 1838 κωλύετε.
3171 1779 3325 1846 Εἶδες
3371 1783 3490 1848 πῶς
3527 1785 3693 1854 μέχρι

2109 1868 2296 1933 τέλους
2326 1869 2426 1939 τὴν
2458 1870 2721 1942 διαφορὰν
2751 1869 3010 1944 ἐφύλαξε,
3041 1871 3138 1924 καὶ
3163 1871 3277 1934 πῶς
3305 1870 3470 1935 ἔδειξε
3500 1871 3562 1924 τὸ
3590 1872 3693 1942 μὲν

2112 1956 2318 2027 σφόδρα
2349 1959 2649 2025 ἀναγκαῖον
2685 1957 2766 2024 ὃν,
2793 1957 2856 2011 τὸ
2884 1957 2943 2011 δέ
2971 1959 3068 2028 οὐχ
3099 1957 3267 2024 οὖτω;
3297 1957 3387 2010 Διὸ
3415 1956 3504 2010 ἐπ’
3542 1956 3692 2010 ἐκεί-

2109 2061 2201 2097 νου
2222 2043 2321 2114 μέν
2340 2062 2493 2115 φησι,
2522 2046 2813 2112 Ζηλοῦτε,
2839 2047 2932 2098 ἐπὶ
2957 2045 3150 2099 τούτου
3173 2046 3250 2110 δὲ,
3277 2044 3370 2114 Μὴ
3402 2047 3688 2100 κωλύετε.

2109 2127 2244 2186 Εἶτα
2267 2131 2343 2196 ὡς
2372 2133 2432 2185 ἐν
2462 2132 2744 2204 κεφαλαίῳ
2775 2133 2845 2187 τὰ
2873 2135 3053 2189 πάντα
3076 2134 3459 2205 διορθούμενος
3491 2133 3695 2202 ἐπάγει

2108 2220 2305 2290 λέγων·
2339 2219 2544 2281 Πάντα
2597 2219 2667 2277 δὲ
2715 2223 3117 2291 εὐσχημόνως
3166 2222 3265 2279 καί
3307 2224 3465 2278 κατὰ
3517 2221 3694 2288 τάξιν

2108 2307 2364 2378 γινέσθω
2387 2323 2402 2338 ·
2467 2307 2630 2363 πάλιν
2678 2308 2931 2379 πλήττων
2976 2309 3105 2374 τοὺς
3151 2309 3276 2380 εικῆ
3335 2309 3690 2381 βουλομένους

2107 2402 2464 2472 ἀσχημονεῖν,
2497 2402 2592 2454 καὶ
2641 2402 2841 2472 μανίας
2895 2401 3056 2466 δόξαν
3090 2401 3414 2473 λαμϐάνειν,
3468 2403 3565 2471 καὶ
3596 2402 3693 2474 τὴν

2108 2491 2322 2546 οἰκείαν
2353 2492 2432 2564 μὴ
2465 2491 2843 2562 φυλάττοντας
2871 2491 3048 2571 τάξιν.

2180 2686 2347 2739 Οὐδὲν
2365 2683 2632 2758 [546]γάρ
2655 2685 2829 2750 οὕτως
2846 2685 3138 2757 οἰκοδομεῖ,
3157 2687 3232 2748 ὡς
3249 2686 3494 2752 εὐταξία,
3515 2686 3591 2750 ὠς
3617 2687 3694 2740 ειτ

2111 2775 2350 2846 ρήνη,ὼς
2369 2776 2582 2847 ἀγάπη,
2598 2776 2789 2848 ὥσπερ
2805 2772 2899 2830 οὖν
2919 2778 3016 2831 καὶ
3032 2777 3099 2830 τά
3111 2778 3328 2831 ἐναντία
3344 2777 3694 2845 διαλύει.οὐκ

2108 2859 2166 2910 ἐν
2192 2861 2305 2922 τοῖς
2322 2863 2718 2931 πνευματικοῖς
2743 2860 2798 2913 δέ
2819 2861 3003 2931 μόνον,
3030 2857 3167 2915 ἀλλὰ
3181 2861 3276 2914 καὶ
3295 2862 3354 2914 ἐν
3376 2863 3492 2925 τοῖς
3513 2860 3693 2924 ἄλλοις

2109 2945 2282 3002 ἅπασι
2326 2947 2488 3002 τοῦτο
2519 2949 2619 3008 ῐδοι
2645 2965 2728 3012 τις
2752 2948 2839 3007 άν.
2869 2950 2968 3002 ’Ἂν
3006 2965 3065 3001 τε
3096 2948 3205 3021 γὰρ
3235 2950 3294 3002 ἐν
3329 2950 3497 3020 χορῷ,
3540 2950 3605 3004 ἀν
3632 2965 3691 3001 τε

2111 3036 2168 3090 ἐν
2199 3036 2390 3107 πλοίῳ,
2415 3037 2480 3091 ἄν
2513 3053 2572 3092 τε
2603 3037 2662 3090 ἐν
2687 3037 2916 3110 ἅρματι,
2953 3036 3018 3090 ἄν
3047 3054 3104 3094 τε
3137 3039 3193 3090 ἐν
3223 3038 3572 3109 στρατοπέδῳ
3592 3037 3693 3108 τὴν

2108 3125 2261 3191 τάξιν
2291 3125 2548 3197 συγχέῃς,
2573 3126 2669 3179 καὶ
2694 3124 2763 3178 τά
2789 3125 3013 3196 μείζονα
3037 3125 3138 3194 τῆς
3161 3125 3373 3189 οἰκείας
3401 3124 3585 3195 χώρας
3609 3127 3693 3178 έκο

2111 3211 2311 3278 ϐαλὼν,
2343 3212 2413 3265 τὰ
2436 3211 2694 3266 ἐλάττονα
2715 3213 3017 3285 εἰσαγάγῃς
3043 3214 3124 3276 είς
3146 3213 3242 3285 τὴν
3269 3213 3492 3275 ἐκείνων
3510 3213 3689 3283 τάξιν,

2111 3301 2290 3354 πάντα
2345 3299 2682 3371 διέφθειρας,
2721 3301 2816 3355 καὶ
2846 3301 2989 3355 οῦτω
3017 3299 3085 3354 τὰ
3111 3301 3226 3356 ἄνω
3264 3303 3418 3356 κάτω
3457 3301 3691 3371 γίνεται.

2110 3386 2203 3459 Μὴ
2227 3387 2407 3442 τοίνυν
2439 3388 2576 3460 μηδὲ
2604 3390 2764 3460 ήμεῖς
2789 3388 2888 3460 τὴν
2914 3389 3067 3456 τάξιν
3093 3389 3521 3461 διαφθείρωμεν,
3559 3390 3693 3461 μηδὲ

2110 3475 2210 3544 τὴν
2235 3475 2478 3546 κεφαλὴν
2516 3476 2668 3530 κάτω
2717 3476 2984 3547 ποιῶμεν,
3024 3476 3274 3542 καὶτοὺς
3327 3477 3500 3542 πόδας
3556 3479 3690 3533 ἀνω.

2110 3561 2283 3616 Τοῦτο
2311 3562 2368 3616 δὲ
2397 3563 2629 3633 γίνεται,
2658 3564 2788 3618 ὅταν
2815 3565 2907 3617 τὸν
2939 3563 3040 3636 μὲν
3071 3563 3229 3635 ὀρθὸν
3253 3563 3515 3636 λογισμὸν
3545 3567 3696 3620 κάτω

2113 3651 2379 3723 ῥίψωμεν,
2417 3652 2517 3716 τὰς
2548 3652 2605 3704 δέ
2638 3651 2952 3722 ἐπιθυμίας,
3001 3650 3094 3705 τὸν
3126 3651 3318 3722 θυμὸν,
3349 3653 3443 3706 καὶ
3470 3653 3571 3723 τὴν
3596 3655 3693 3724 ὀρο

2111 3739 2236 3809 γὴν,
2281 3741 2376 3793 καὶ
2415 3740 2516 3809 τὴν
2549 3739 2744 3811 ἡδονὴν
2774 3741 3160 3810 ἐπιστήσωμεν
3195 3738 3274 3810 τῷ
3306 3738 3527 3808 λογικῷ·
3563 3741 3692 3794 ὅθεν

2112 3827 2279 3891 πολὺς
2315 3830 2344 3880 δ
2382 3828 2611 3893 κλύδων,
2641 3829 2735 3882 καὶ
2764 3827 2934 3898 πολλὴ
2962 3829 2996 3898 ἡ
3030 3827 3263 3898 ταραχὴ,
3292 3827 3384 3880 καὶ
3410 3827 3691 3898 ἀφόρητος

2110 3915 2145 3984 ἡ
2184 3913 2341 3984 ξάλη,
2372 3915 2592 3968 πάντων
2615 3914 2790 3986 σκότῳ
2816 3915 3219 3986 κατεχομένων.
3250 3913 3379 3979 Καὶ,
3398 3914 3448 3967 εἰ
3481 3913 3688 3984 βούλει,

2109 4000 2207 4071 τὴν
2254 4001 2643 4072 ἀσχημοσύνην
2680 4002 2778 4073 τὴν
2817 4001 3068 4056 ἐντεῦθεν
3119 4001 3411 4073 γινομένην
3472 4003 3695 4072 πρῶτον

2111 4087 2478 4158 ἐξετάσωμεν,
2531 4089 2625 4143 καὶ
2652 4091 2775 4143 τότε
2827 4089 2926 4160 τὴν
2980 4087 3200 4159 ζημίαν.
3258 4088 3384 4152 Πῶς
3411 4085 3505 4143 οὖν
3539 4090 3694 4144 ἔσται

2109 4175 2269 4236 τοῦτο
2291 4177 2460 4254 σαφὲς
2496 4179 2629 4248 ἡμῖν
2657 4179 2751 4235 καὶ
2776 4177 2984 4248 σφόδρα
3010 4177 3320 4248 γνώριμον;
3346 4179 3694 4250 Παραγάγω-

2113 4284 2214 4338 μεν
2247 4269 2328 4331 εἰς
2373 4267 2537 4338 μέσον
2568 4267 2858 4338 ἄνθρωπον
2896 4268 3040 4322 οὕτω
3067 4267 3435 4339 διακείμενον,
3485 4269 3694 4340 πόρνης

2110 4355 2342 4427 ἐρῶντα,
2366 4358 2458 4423 καὶ
2485 4357 2590 4423 ὑπὸ
2620 4357 2914 4429 ἐπιθυμίας
2944 4358 3146 4412 ἀτόπου
3167 4357 3562 4429 κρατούμενον,
3600 4359 3692 4411 καὶ

2110 4444 2233 4511 τότε
2267 4443 2510 4515 ὀψόμεθα
2551 4445 2642 4506 τὸν
2676 4445 2888 4513 γέλωτα
2918 4445 3126 4508 τοῦτον.
3153 4445 3219 4498 Τί
3249 4444 3358 4517 γὰρ
3387 4445 3454 4499 ἂν
3483 4447 3694 4513 γένοιτο

2111 4531 2466 4606 αἰσχρότερον
2495 4530 2590 4584 τοῦ
2625 4530 3018 4601 θυραυλοῦντος
3052 4532 3157 4604 πρὸ
3179 4531 3290 4587 τῶν
3317 4533 3597 4604 πορνικῶν
3618 4534 3694 4586 εί-

2113 4619 2400 4692 κημάτων,
2433 4618 2529 4673 καὶ
2562 4620 2930 4691 ραπιζομένου
2973 4621 3122 4692 παρά
3167 4621 3373 4692 πόρνης
3409 4621 3690 4689 γυναικὸς,

2114 4709 2209 4774 καὶ
2254 4707 2536 4771 κλαίοντος
2567 4709 2658 4761 καὶ
2693 4706 3038 4778 ὀδυρομένου,
3071 4708 3164 4761 καὶ
3198 4709 3297 4780 τὴν
3326 4709 3525 4762 ἐαυτοῦ
3564 4726 3690 4763 κατ-

2112 4796 2464 4868 αισχύνοντος
2484 4794 2670 4863 δόξαν;
2693 4796 2755 4848 Εί
2773 4795 2830 4850 δὲ
2852 4794 3029 4864 βούλει
3056 4796 3149 4848 καὶ
3179 4796 3275 4867 τὴν
3306 4794 3514 4868 ζημίαν
3541 4797 3690 4860 ἰδεῖν,

2113 4886 2283 4940 ἐννόει
2315 4901 2406 4956 μοι
2454 4884 2566 4937 τῶν
2611 4883 2909 4953 χρημάτων
2946 4882 3047 4953 τὴν
3083 4882 3356 4955 δαπάνην,
3395 4887 3524 4948 τοὺς
3566 4884 3694 4954 περὶ

2113 4974 2220 5028 τῶν
2260 4975 2506 5044 ἐσχάτων
2552 4960 2853 5034 κινδύνους,
2894 4970 2983 5023 τὸν
3013 4970 3150 5041 πρὸς
3185 4971 3314 5036 τοὺς
3355 4972 3693 5044 ἀντεραστάς

2113 5062 2373 5132 πόλεμον,
2432 5058 2504 5112 τὰ
2551 5058 2865 5128 τραύματα,
2916 5057 3016 5120 τὰς
3067 5057 3283 5127 πληγὰς
3347 5058 3448 5122 τὰς
3485 5060 3550 5111 ἐκ
3583 5057 3692 5110 τῶν

2111 5149 2370 5204 τοιούτων
2407 5145 2787 5218 παρατάξεων.
2841 5143 3084 5197 Τοιοῦτοι
3141 5145 3236 5198 καὶ
3285 5147 3336 5199 οἱ
3390 5147 3692 5217 χρημάτων

2111 5237 2380 5309 ἐπιθυμίᾳ
2425 5234 2810 5306 κατεχόμενοι·
2865 5233 3067 5303 μᾶλλον
3099 5232 3156 5285 δέ
3189 5231 3412 5303 μείζονα
3443 5235 3692 5304 ἀσχημο-

2111 5327 2313 5393 νοῦσιν.
2366 5319 2527 5395 Οὗτοι
2569 5324 2668 5394 μὲν
2697 5323 2808 5394 γάρ
2855 5322 2986 5393 περὶ
3031 5320 3091 5374 ἐν
3139 5323 3278 5373 εἰσιν
3326 5319 3696 5390 ἡσχολημένοι

2113 5415 2273 5486 σῶμα
2298 5432 2312 5446 ·
2362 5415 2409 5466 οἱ
2439 5412 2495 5464 δέ
2528 5411 2856 5483 φιλάργυροι
2886 5408 2984 5471 τὰς
3014 5407 3235 5461 πάντων
3273 5406 3465 5470 οὐσίας
3491 5407 3693 5477 ὁμοίως

2112 5522 2177 5557 πε
2187 5493 2595 5575 ριεργάζονται,
2625 5501 2721 5554 καὶ
2749 5500 2998 5570 πενήτων
3026 5496 3122 5550 καὶ¹
3169 5495 3568 5558 πλουτούντων,
3600 5493 3695 5548 καὶ

2111 5593 2218 5647 τῶν
2253 5593 2354 5644 οὐκ
2405 5589 2582 5644 ὄντων
2626 5588 2968 5658 πραγμάτων
2997 5584 3217 5658 epam“
3248 5583 3276 5637 ὃ
3314 5583 3554 5654 μάλιστα
3593 5581 3693 5650 τῆς

2112 5683 2204 5734 τοῦ
2238 5678 2439 5742 πάθους
2471 5677 2698 5739 ἀτοπίας
2735 5675 2955 5746 σημεῖόν
2985 5674 3148 5725 ἐστιν.
3177 5673 3253 5725 Οὐ
3285 5670 3390 5742 γὰρ
3417 5669 3689 5738 λέγουσιν,
