  <div class='ocr_page' id='page_1' title='image "/cluster/home/n/w/nwhite01/storage/ocr_20150623/61/mdp.39015008622618/324.png"; bbox 0 0 4018 6156; ppageno 0'>
   <div class='ocr_carea' id='block_1_1' title="bbox 275 274 381 331">
    <p class='ocr_par' dir='ltr' id='par_1_1' title="bbox 275 274 381 331">
     <span class='ocr_line' id='line_1_1' title="bbox 275 274 381 331; baseline 0 0"><span class='ocrx_word' id='word_1_1' title='bbox 275 274 381 331; x_wconf 71' lang='grc' dir='ltr'><strong><em>ΞΠ</em></strong></span> 
     </span>
    </p>
   </div>
   <div class='ocr_carea' id='block_1_2' title="bbox 279 370 1859 455">
    <p class='ocr_par' dir='ltr' id='par_1_2' title="bbox 279 370 1859 455">
     <span class='ocr_line' id='line_1_2' title="bbox 279 370 1859 455; baseline -0.008 -15"><span class='ocrx_word' id='word_1_2' title='bbox 279 386 331 440; x_wconf 91' lang='lat' dir='ltr'><strong>iu</strong></span> <span class='ocrx_word' id='word_1_3' title='bbox 365 400 465 440; x_wconf 87' lang='lat' dir='ltr'><strong>usu</strong></span> <span class='ocrx_word' id='word_1_4' title='bbox 486 370 519 452; x_wconf 62' lang='grc' dir='ltr'><em>ξ</em></span> <span class='ocrx_word' id='word_1_5' title='bbox 535 381 798 455; x_wconf 82' lang='lat' dir='ltr'><strong>pudorem</strong></span> <span class='ocrx_word' id='word_1_6' title='bbox 826 380 1013 438; x_wconf 84' lang='lat' dir='ltr'><strong>incutit</strong></span> <span class='ocrx_word' id='word_1_7' title='bbox 1043 397 1056 433; x_wconf 88' lang='lat'><strong>:</strong></span> <span class='ocrx_word' id='word_1_8' title='bbox 1087 379 1227 449; x_wconf 89' lang='lat' dir='ltr'><strong>quod</strong></span> <span class='ocrx_word' id='word_1_9' title='bbox 1256 379 1343 434; x_wconf 89' lang='lat' dir='ltr'><strong>hic</strong></span> <span class='ocrx_word' id='word_1_10' title='bbox 1363 392 1579 449; x_wconf 89' lang='lat' dir='ltr'><strong>quoque</strong></span> <span class='ocrx_word' id='word_1_11' title='bbox 1601 375 1859 439; x_wconf 90' lang='lat' dir='ltr'><strong>adhibet,</strong></span> 
     </span>
    </p>
   </div>
   <div class='ocr_carea' id='block_1_3' title="bbox 278 468 1864 542">
    <p class='ocr_par' dir='ltr' id='par_1_3' title="bbox 278 468 1864 542">
     <span class='ocr_line' id='line_1_3' title="bbox 278 468 1864 542; baseline -0.007 -10"><span class='ocrx_word' id='word_1_12' title='bbox 278 477 504 533; x_wconf 89' lang='lat' dir='ltr'><strong>dicens:</strong></span> <span class='ocrx_word' id='word_1_13' title='bbox 533 476 623 533; x_wconf 78' lang='lat'><strong>56.</strong></span> <span class='ocrx_word' id='word_1_14' title='bbox 658 477 735 530; x_wconf 85' lang='lat' dir='ltr'><strong>An</strong></span> <span class='ocrx_word' id='word_1_15' title='bbox 781 493 812 528; x_wconf 88' lang='lat' dir='ltr'><strong>a</strong></span> <span class='ocrx_word' id='word_1_16' title='bbox 843 474 978 528; x_wconf 90' lang='lat' dir='ltr'><strong>vobis</strong></span> <span class='ocrx_word' id='word_1_17' title='bbox 1027 473 1226 528; x_wconf 81' lang='lat' dir='ltr'><strong>verbum</strong></span> <span class='ocrx_word' id='word_1_18' title='bbox 1253 470 1352 524; x_wconf 89' lang='lat' dir='ltr'><strong>Dei</strong></span> <span class='ocrx_word' id='word_1_19' title='bbox 1381 472 1620 542; x_wconf 72' lang='lat' dir='ltr'><strong>processit</strong></span> <span class='ocrx_word' id='word_1_20' title='bbox 1651 507 1668 533; x_wconf 92' lang='lat'><strong>,</strong></span> <span class='ocrx_word' id='word_1_21' title='bbox 1695 477 1786 522; x_wconf 79' lang='lat' dir='ltr'><strong>aut</strong></span> <span class='ocrx_word' id='word_1_22' title='bbox 1811 468 1864 522; x_wconf 86' lang='lat' dir='ltr'><strong>in</strong></span> 
     </span>
    </p>
   </div>
   <div class='ocr_carea' id='block_1_4' title="bbox 281 558 1865 636">
    <p class='ocr_par' dir='ltr' id='par_1_4' title="bbox 281 558 1865 636">
     <span class='ocr_line' id='line_1_4' title="bbox 281 558 1865 636; baseline -0.006 -15"><span class='ocrx_word' id='word_1_23' title='bbox 281 581 368 621; x_wconf 78' lang='lat' dir='ltr'><strong>vos</strong></span> <span class='ocrx_word' id='word_1_24' title='bbox 394 569 529 622; x_wconf 89' lang='lat' dir='ltr'><strong>solos</strong></span> <span class='ocrx_word' id='word_1_25' title='bbox 554 566 774 636; x_wconf 75' lang='lat' dir='ltr'><strong>pervenit</strong></span> <span class='ocrx_word' id='word_1_26' title='bbox 795 565 823 619; x_wconf 80' lang='lat'><strong>.’</strong></span> <span class='ocrx_word' id='word_1_27' title='bbox 851 563 1062 619; x_wconf 79' lang='lat' dir='ltr'><strong>Etenim</strong></span> <span class='ocrx_word' id='word_1_28' title='bbox 1089 571 1317 618; x_wconf 73' lang='lat' dir='ltr'><strong>caeteras</strong></span> <span class='ocrx_word' id='word_1_29' title='bbox 1355 559 1579 615; x_wconf 76' lang='lat' dir='ltr'><strong>adduxit</strong></span> <span class='ocrx_word' id='word_1_30' title='bbox 1601 558 1865 614; x_wconf 84' lang='lat' dir='ltr'><strong>Ecclesias</strong></span> 
     </span>
    </p>
   </div>
   <div class='ocr_carea' id='block_1_5' title="bbox 285 649 1864 728">
    <p class='ocr_par' dir='ltr' id='par_1_5' title="bbox 285 649 1864 728">
     <span class='ocr_line' id='line_1_5' title="bbox 285 649 1864 728; baseline -0.004 -17"><span class='ocrx_word' id='word_1_31' title='bbox 285 658 426 713; x_wconf 88' lang='lat' dir='ltr'><strong>hanc</strong></span> <span class='ocrx_word' id='word_1_32' title='bbox 461 649 628 728; x_wconf 78' lang='lat' dir='ltr'><strong>legem</strong></span> <span class='ocrx_word' id='word_1_33' title='bbox 651 665 930 712; x_wconf 91' lang='lat' dir='ltr'><strong>servantes</strong></span> <span class='ocrx_word' id='word_1_34' title='bbox 953 697 971 722; x_wconf 93' lang='lat'><strong>,</strong></span> <span class='ocrx_word' id='word_1_35' title='bbox 998 662 1053 709; x_wconf 92' lang='lat' dir='ltr'><strong>et</strong></span> <span class='ocrx_word' id='word_1_36' title='bbox 1081 669 1111 708; x_wconf 89' lang='lat' dir='ltr'><strong>a</strong></span> <span class='ocrx_word' id='word_1_37' title='bbox 1140 654 1377 710; x_wconf 81' lang='lat' dir='ltr'><strong>novitate</strong></span> <span class='ocrx_word' id='word_1_38' title='bbox 1397 651 1684 707; x_wconf 84' lang='lat' dir='ltr'><strong>tumultum</strong></span> <span class='ocrx_word' id='word_1_39' title='bbox 1710 664 1864 706; x_wconf 88' lang='lat' dir='ltr'><strong>rese-</strong></span> 
     </span>
    </p>
   </div>
   <div class='ocr_carea' id='block_1_6' title="bbox 283 741 1869 816">
    <p class='ocr_par' dir='ltr' id='par_1_6' title="bbox 283 741 1869 816">
     <span class='ocr_line' id='line_1_6' title="bbox 283 741 1869 816; baseline -0.004 -13"><span class='ocrx_word' id='word_1_40' title='bbox 283 763 434 814; x_wconf 85' lang='lat' dir='ltr'><strong>cans,</strong></span> <span class='ocrx_word' id='word_1_41' title='bbox 458 758 513 805; x_wconf 89' lang='lat' dir='ltr'><strong>et</strong></span> <span class='ocrx_word' id='word_1_42' title='bbox 534 749 818 804; x_wconf 70' lang='lat' dir='ltr'><strong>munitorum</strong></span> <span class='ocrx_word' id='word_1_43' title='bbox 858 748 1063 801; x_wconf 84' lang='lat' dir='ltr'><strong>calculo</strong></span> <span class='ocrx_word' id='word_1_44' title='bbox 1091 756 1298 816; x_wconf 90' lang='lat' dir='ltr'><strong>gratam</strong></span> <span class='ocrx_word' id='word_1_45' title='bbox 1343 753 1400 800; x_wconf 92' lang='lat' dir='ltr'><strong>et</strong></span> <span class='ocrx_word' id='word_1_46' title='bbox 1440 752 1715 813; x_wconf 84' lang='lat' dir='ltr'><strong>acceptam</strong></span> <span class='ocrx_word' id='word_1_47' title='bbox 1745 741 1869 798; x_wconf 87' lang='lat' dir='ltr'><strong>red-</strong></span> 
     </span>
    </p>
   </div>
   <div class='ocr_carea' id='block_1_7' title="bbox 285 833 1864 907">
    <p class='ocr_par' dir='ltr' id='par_1_7' title="bbox 285 833 1864 907">
     <span class='ocr_line' id='line_1_7' title="bbox 285 833 1864 907; baseline -0.004 -10"><span class='ocrx_word' id='word_1_48' title='bbox 285 841 420 897; x_wconf 90' lang='lat' dir='ltr'><strong>dens</strong></span> <span class='ocrx_word' id='word_1_49' title='bbox 457 840 775 895; x_wconf 80' lang='lat' dir='ltr'><strong>orationem.</strong></span> <span class='ocrx_word' id='word_1_50' title='bbox 814 839 1178 907; x_wconf 82' lang='lat' dir='ltr'><strong>Quamobrem</strong></span> <span class='ocrx_word' id='word_1_51' title='bbox 1207 837 1332 892; x_wconf 87' lang='lat' dir='ltr'><strong>alibi</strong></span> <span class='ocrx_word' id='word_1_52' title='bbox 1365 850 1576 906; x_wconf 89' lang='lat' dir='ltr'><strong>quoque</strong></span> <span class='ocrx_word' id='word_1_53' title='bbox 1611 833 1864 890; x_wconf 87' lang='lat' dir='ltr'><strong>dicebat:</strong></span> 
     </span>
    </p>
   </div>
   <div class='ocr_carea' id='block_1_8' title="bbox 286 924 1865 998">
    <p class='ocr_par' dir='ltr' id='par_1_8' title="bbox 286 924 1865 998">
     <span class='ocr_line' id='line_1_8' title="bbox 286 924 1865 998; baseline -0.005 -12"><span class='ocrx_word' id='word_1_54' title='bbox 286 931 386 998; x_wconf 81' lang='lat' dir='ltr'><strong>Qui</strong></span> <span class='ocrx_word' id='word_1_55' title='bbox 412 931 548 986; x_wconf 89' lang='lat' dir='ltr'><strong>vobis</strong></span> <span class='ocrx_word' id='word_1_56' title='bbox 567 931 622 985; x_wconf 89' lang='lat' dir='ltr'><strong>in</strong></span> <span class='ocrx_word' id='word_1_57' title='bbox 652 930 949 984; x_wconf 80' lang='lat' dir='ltr'><strong>memoriam</strong></span> <span class='ocrx_word' id='word_1_58' title='bbox 969 930 1220 984; x_wconf 88' lang='lat' dir='ltr'><strong>revocavit</strong></span> <span class='ocrx_word' id='word_1_59' title='bbox 1247 929 1353 982; x_wconf 82' lang='lat' dir='ltr'><strong>vias</strong></span> <span class='ocrx_word' id='word_1_60' title='bbox 1381 943 1516 980; x_wconf 89' lang='lat' dir='ltr'><strong>meas</strong></span> <span class='ocrx_word' id='word_1_61' title='bbox 1542 927 1594 980; x_wconf 90' lang='lat' dir='ltr'><strong>in</strong></span> <span class='ocrx_word' id='word_1_62' title='bbox 1619 924 1823 980; x_wconf 82' lang='lat' dir='ltr'><strong>Christo</strong></span> <span class='ocrx_word' id='word_1_63' title='bbox 1849 967 1865 992; x_wconf 86' lang='lat'><strong>,</strong></span> 
     </span>
    </p>
   </div>
   <div class='ocr_carea' id='block_1_9' title="bbox 281 1017 1866 1094">
    <p class='ocr_par' dir='ltr' id='par_1_9' title="bbox 281 1017 1866 1094">
     <span class='ocr_line' id='line_1_9' title="bbox 281 1017 1866 1094; baseline -0.004 -15"><span class='ocrx_word' id='word_1_64' title='bbox 281 1026 409 1079; x_wconf 88' lang='lat' dir='ltr'><strong>sicut</strong></span> <span class='ocrx_word' id='word_1_65' title='bbox 438 1023 622 1094; x_wconf 87' lang='lat' dir='ltr'><strong>ubique</strong></span> <span class='ocrx_word' id='word_1_66' title='bbox 647 1025 701 1078; x_wconf 89' lang='lat' dir='ltr'><strong>in</strong></span> <span class='ocrx_word' id='word_1_67' title='bbox 730 1023 961 1078; x_wconf 89' lang='lat' dir='ltr'><strong>omnibus</strong></span> <span class='ocrx_word' id='word_1_68' title='bbox 988 1021 1232 1077; x_wconf 88' lang='lat' dir='ltr'><strong>Ecclesiis</strong></span> <span class='ocrx_word' id='word_1_69' title='bbox 1252 1021 1405 1074; x_wconf 85' lang='lat' dir='ltr'><strong>doceo</strong></span> <span class='ocrx_word' id='word_1_70' title='bbox 1427 1019 1500 1090; x_wconf 90' lang='lat' dir='ltr'><strong>(l.</strong></span> <span class='ocrx_word' id='word_1_71' title='bbox 1518 1017 1638 1074; x_wconf 87' lang='lat' dir='ltr'><strong>Cor.</strong></span> <span class='ocrx_word' id='word_1_72' title='bbox 1666 1020 1720 1074; x_wconf 74' lang='grc'><strong>4.</strong></span> <span class='ocrx_word' id='word_1_73' title='bbox 1752 1018 1866 1086; x_wconf 78' lang='lat' dir='ltr'><strong>l7);</strong></span> 
     </span>
    </p>
   </div>
   <div class='ocr_carea' id='block_1_10' title="bbox 285 1109 1868 1182">
    <p class='ocr_par' dir='ltr' id='par_1_10' title="bbox 285 1109 1868 1182">
     <span class='ocr_line' id='line_1_10' title="bbox 285 1109 1868 1182; baseline -0.004 -12"><span class='ocrx_word' id='word_1_74' title='bbox 285 1123 340 1170; x_wconf 89' lang='lat' dir='ltr'><strong>et</strong></span> <span class='ocrx_word' id='word_1_75' title='bbox 366 1128 556 1169; x_wconf 84' lang='lat' dir='ltr'><strong>rursus</strong></span> <span class='ocrx_word' id='word_1_76' title='bbox 579 1155 598 1182; x_wconf 92' lang='lat'><strong>,</strong></span> <span class='ocrx_word' id='word_1_77' title='bbox 629 1112 754 1169; x_wconf 86' lang='lat' dir='ltr'><strong>Non</strong></span> <span class='ocrx_word' id='word_1_78' title='bbox 779 1122 853 1169; x_wconf 86' lang='lat' dir='ltr'><strong>est</strong></span> <span class='ocrx_word' id='word_1_79' title='bbox 883 1115 1016 1168; x_wconf 88' lang='lat' dir='ltr'><strong>enim</strong></span> <span class='ocrx_word' id='word_1_80' title='bbox 1043 1111 1186 1169; x_wconf 84' lang='lat' dir='ltr'><strong>Deus</strong></span> <span class='ocrx_word' id='word_1_81' title='bbox 1210 1111 1556 1173; x_wconf 81' lang='lat' dir='ltr'><strong>dissensionis,</strong></span> <span class='ocrx_word' id='word_1_82' title='bbox 1586 1109 1675 1163; x_wconf 87' lang='lat' dir='ltr'><strong>sed</strong></span> <span class='ocrx_word' id='word_1_83' title='bbox 1704 1110 1868 1179; x_wconf 86' lang='lat' dir='ltr'><strong>pacis,</strong></span> 
     </span>
    </p>
   </div>
   <div class='ocr_carea' id='block_1_11' title="bbox 283 1200 1873 1272">
    <p class='ocr_par' dir='ltr' id='par_1_11' title="bbox 283 1200 1873 1272">
     <span class='ocr_line' id='line_1_11' title="bbox 283 1200 1873 1272; baseline -0.003 -13"><span class='ocrx_word' id='word_1_84' title='bbox 283 1204 412 1259; x_wconf 82' lang='lat' dir='ltr'><strong>sicut</strong></span> <span class='ocrx_word' id='word_1_85' title='bbox 433 1215 481 1259; x_wconf 92' lang='lat' dir='ltr'><strong>et</strong></span> <span class='ocrx_word' id='word_1_86' title='bbox 497 1206 551 1258; x_wconf 88' lang='lat' dir='ltr'><strong>in</strong></span> <span class='ocrx_word' id='word_1_87' title='bbox 575 1205 810 1258; x_wconf 87' lang='lat' dir='ltr'><strong>omnibus</strong></span> <span class='ocrx_word' id='word_1_88' title='bbox 829 1203 1071 1259; x_wconf 82' lang='lat' dir='ltr'><strong>Ecclesiis</strong></span> <span class='ocrx_word' id='word_1_89' title='bbox 1087 1212 1374 1259; x_wconf 86' lang='lat' dir='ltr'><strong>sanctorum</strong></span> <span class='ocrx_word' id='word_1_90' title='bbox 1393 1200 1554 1272; x_wconf 83' lang='lat' dir='ltr'><strong>(Ibid.</strong></span> <span class='ocrx_word' id='word_1_91' title='bbox 1573 1201 1661 1255; x_wconf 76' lang='grc'><strong>14.</strong></span> <span class='ocrx_word' id='word_1_92' title='bbox 1677 1201 1796 1270; x_wconf 75' lang='grc'><strong>55);</strong></span> <span class='ocrx_word' id='word_1_93' title='bbox 1815 1209 1873 1255; x_wconf 89' lang='lat' dir='ltr'><strong>et</strong></span> 
     </span>
    </p>
   </div>
   <div class='ocr_carea' id='block_1_12' title="bbox 284 1292 1870 1364">
    <p class='ocr_par' dir='ltr' id='par_1_12' title="bbox 284 1292 1870 1364">
     <span class='ocr_line' id='line_1_12' title="bbox 284 1292 1870 1364; baseline -0.003 -16"><span class='ocrx_word' id='word_1_94' title='bbox 284 1294 372 1349; x_wconf 85' lang='lat' dir='ltr'><strong>hic</strong></span> <span class='ocrx_word' id='word_1_95' title='bbox 401 1313 414 1348; x_wconf 93' lang='lat'>:</span> <span class='ocrx_word' id='word_1_96' title='bbox 447 1296 528 1348; x_wconf 84' lang='lat' dir='ltr'><strong>An</strong></span> <span class='ocrx_word' id='word_1_97' title='bbox 557 1312 589 1348; x_wconf 90' lang='lat' dir='ltr'><strong>a</strong></span> <span class='ocrx_word' id='word_1_98' title='bbox 618 1295 757 1348; x_wconf 82' lang='lat' dir='ltr'><strong>vobis</strong></span> <span class='ocrx_word' id='word_1_99' title='bbox 789 1295 990 1348; x_wconf 83' lang='lat' dir='ltr'><strong>verbum</strong></span> <span class='ocrx_word' id='word_1_100' title='bbox 1012 1293 1111 1348; x_wconf 88' lang='lat' dir='ltr'><strong>Dei</strong></span> <span class='ocrx_word' id='word_1_101' title='bbox 1139 1295 1414 1364; x_wconf 88' lang='lat' dir='ltr'><strong>processit,</strong></span> <span class='ocrx_word' id='word_1_102' title='bbox 1443 1302 1534 1346; x_wconf 88' lang='lat' dir='ltr'><strong>aut</strong></span> <span class='ocrx_word' id='word_1_103' title='bbox 1561 1292 1628 1345; x_wconf 87' lang='lat' dir='ltr'><strong>ad</strong></span> <span class='ocrx_word' id='word_1_104' title='bbox 1654 1308 1741 1346; x_wconf 87' lang='lat' dir='ltr'><strong>vos</strong></span> <span class='ocrx_word' id='word_1_105' title='bbox 1780 1309 1870 1346; x_wconf 90' lang='lat' dir='ltr'><strong>so-</strong></span> 
     </span>
    </p>
   </div>
   <div class='ocr_carea' id='block_1_13' title="bbox 285 1383 1868 1457">
    <p class='ocr_par' dir='ltr' id='par_1_13' title="bbox 285 1383 1868 1457">
     <span class='ocr_line' id='line_1_13' title="bbox 285 1383 1868 1457; baseline -0.003 -16"><span class='ocrx_word' id='word_1_106' title='bbox 285 1388 361 1441; x_wconf 88' lang='lat' dir='ltr'><strong>los</strong></span> <span class='ocrx_word' id='word_1_107' title='bbox 402 1387 678 1457; x_wconf 85' lang='lat' dir='ltr'><strong>pervenit?</strong></span> <span class='ocrx_word' id='word_1_108' title='bbox 707 1387 818 1442; x_wconf 81' lang='lat' dir='ltr'><strong>Hoc</strong></span> <span class='ocrx_word' id='word_1_109' title='bbox 856 1394 978 1454; x_wconf 84' lang='lat' dir='ltr'><strong>est,</strong></span> <span class='ocrx_word' id='word_1_110' title='bbox 1007 1401 1182 1456; x_wconf 88' lang='lat' dir='ltr'><strong>neque</strong></span> <span class='ocrx_word' id='word_1_111' title='bbox 1210 1401 1304 1441; x_wconf 88' lang='lat' dir='ltr'><strong>vos</strong></span> <span class='ocrx_word' id='word_1_112' title='bbox 1335 1386 1491 1454; x_wconf 87' lang='lat' dir='ltr'><strong>primi</strong></span> <span class='ocrx_word' id='word_1_113' title='bbox 1517 1425 1533 1448; x_wconf 93' lang='lat'><strong>,</strong></span> <span class='ocrx_word' id='word_1_114' title='bbox 1563 1398 1737 1452; x_wconf 87' lang='lat' dir='ltr'><strong>neque</strong></span> <span class='ocrx_word' id='word_1_115' title='bbox 1767 1383 1868 1437; x_wconf 84' lang='lat' dir='ltr'><strong>soli</strong></span> 
     </span>
    </p>
   </div>
   <div class='ocr_carea' id='block_1_14' title="bbox 287 1476 1870 1546">
    <p class='ocr_par' dir='ltr' id='par_1_14' title="bbox 287 1476 1870 1546">
     <span class='ocr_line' id='line_1_14' title="bbox 287 1476 1870 1546; baseline -0.003 -13"><span class='ocrx_word' id='word_1_116' title='bbox 287 1478 476 1534; x_wconf 81' lang='lat' dir='ltr'><strong>ﬁdeles</strong></span> <span class='ocrx_word' id='word_1_117' title='bbox 500 1521 514 1544; x_wconf 91' lang='lat'><strong>,</strong></span> <span class='ocrx_word' id='word_1_118' title='bbox 544 1479 637 1533; x_wconf 88' lang='lat' dir='ltr'><strong>sed</strong></span> <span class='ocrx_word' id='word_1_119' title='bbox 669 1488 810 1534; x_wconf 92' lang='lat' dir='ltr'><strong>totus</strong></span> <span class='ocrx_word' id='word_1_120' title='bbox 834 1478 981 1534; x_wconf 82' lang='lat' dir='ltr'><strong>orbis</strong></span> <span class='ocrx_word' id='word_1_121' title='bbox 1010 1487 1188 1534; x_wconf 84' lang='lat' dir='ltr'><strong>terrae.</strong></span> <span class='ocrx_word' id='word_1_122' title='bbox 1216 1477 1369 1546; x_wconf 83' lang='lat' dir='ltr'><strong>Quod</strong></span> <span class='ocrx_word' id='word_1_123' title='bbox 1393 1478 1553 1532; x_wconf 87' lang='lat' dir='ltr'><strong>etiam</strong></span> <span class='ocrx_word' id='word_1_124' title='bbox 1585 1477 1654 1531; x_wconf 87' lang='lat' dir='ltr'><strong>ad</strong></span> <span class='ocrx_word' id='word_1_125' title='bbox 1680 1476 1870 1531; x_wconf 85' lang='lat' dir='ltr'><strong>Colos-</strong></span> 
     </span>
    </p>
   </div>
   <div class='ocr_carea' id='block_1_15' title="bbox 288 1568 1873 1638">
    <p class='ocr_par' dir='ltr' id='par_1_15' title="bbox 288 1568 1873 1638">
     <span class='ocr_line' id='line_1_15' title="bbox 288 1568 1873 1638; baseline -0.003 -14"><span class='ocrx_word' id='word_1_126' title='bbox 288 1584 477 1625; x_wconf 81' lang='lat' dir='ltr'><strong>senses</strong></span> <span class='ocrx_word' id='word_1_127' title='bbox 519 1569 796 1636; x_wconf 81' lang='lat' dir='ltr'><strong>scribens,</strong></span> <span class='ocrx_word' id='word_1_128' title='bbox 849 1569 1096 1635; x_wconf 83' lang='lat' dir='ltr'><strong>dicebat,</strong></span> <span class='ocrx_word' id='word_1_129' title='bbox 1129 1570 1273 1622; x_wconf 83' lang='lat' dir='ltr'><strong>Sicut</strong></span> <span class='ocrx_word' id='word_1_130' title='bbox 1303 1569 1572 1638; x_wconf 78' lang='lat' dir='ltr'><strong>fructiﬁcat</strong></span> <span class='ocrx_word' id='word_1_131' title='bbox 1611 1577 1657 1621; x_wconf 88' lang='lat' dir='ltr'><strong>et</strong></span> <span class='ocrx_word' id='word_1_132' title='bbox 1699 1568 1873 1621; x_wconf 84' lang='lat' dir='ltr'><strong>crescit</strong></span> 
     </span>
    </p>
   </div>
   <div class='ocr_carea' id='block_1_16' title="bbox 290 1659 1870 1733">
    <p class='ocr_par' dir='ltr' id='par_1_16' title="bbox 290 1659 1870 1733">
     <span class='ocr_line' id='line_1_16' title="bbox 290 1659 1870 1733; baseline -0.001 -18"><span class='ocrx_word' id='word_1_133' title='bbox 290 1664 342 1715; x_wconf 88' lang='lat' dir='ltr'><strong>in</strong></span> <span class='ocrx_word' id='word_1_134' title='bbox 375 1670 481 1716; x_wconf 91' lang='lat' dir='ltr'><strong>toto</strong></span> <span class='ocrx_word' id='word_1_135' title='bbox 513 1661 704 1716; x_wconf 88' lang='lat' dir='ltr'><strong>mundo</strong></span> <span class='ocrx_word' id='word_1_136' title='bbox 747 1661 965 1733; x_wconf 86' lang='lat' dir='ltr'><strong>(Coloss.</strong></span> <span class='ocrx_word' id='word_1_137' title='bbox 998 1662 1049 1716; x_wconf 78' lang='lat' dir='ltr'><strong>l.</strong></span> <span class='ocrx_word' id='word_1_138' title='bbox 1080 1660 1172 1733; x_wconf 88' lang='lat'><strong>6),</strong></span> <span class='ocrx_word' id='word_1_139' title='bbox 1206 1659 1433 1730; x_wconf 89' lang='lat' dir='ltr'><strong>loquens</strong></span> <span class='ocrx_word' id='word_1_140' title='bbox 1477 1659 1545 1714; x_wconf 91' lang='lat' dir='ltr'><strong>de</strong></span> <span class='ocrx_word' id='word_1_141' title='bbox 1573 1660 1870 1730; x_wconf 89' lang='lat' dir='ltr'><strong>evangelio.</strong></span> 
     </span>
    </p>
   </div>
   <div class='ocr_carea' id='block_1_17' title="bbox 294 1750 1873 1809">
    <p class='ocr_par' dir='ltr' id='par_1_17' title="bbox 294 1750 1873 1809">
     <span class='ocr_line' id='line_1_17' title="bbox 294 1750 1873 1809; baseline -0.001 -3"><span class='ocrx_word' id='word_1_142' title='bbox 294 1754 348 1809; x_wconf 93' lang='lat' dir='ltr'><strong>Id</strong></span> <span class='ocrx_word' id='word_1_143' title='bbox 375 1764 556 1809; x_wconf 89' lang='lat' dir='ltr'><strong>autem</strong></span> <span class='ocrx_word' id='word_1_144' title='bbox 588 1753 718 1808; x_wconf 80' lang='lat' dir='ltr'><strong>facit</strong></span> <span class='ocrx_word' id='word_1_145' title='bbox 745 1755 905 1808; x_wconf 90' lang='lat' dir='ltr'><strong>etiam</strong></span> <span class='ocrx_word' id='word_1_146' title='bbox 937 1752 1173 1809; x_wconf 88' lang='lat' dir='ltr'><strong>aliterad</strong></span> <span class='ocrx_word' id='word_1_147' title='bbox 1201 1750 1634 1808; x_wconf 79' lang='lat' dir='ltr'><strong>exhortationem</strong></span> <span class='ocrx_word' id='word_1_148' title='bbox 1669 1753 1873 1806; x_wconf 86' lang='lat' dir='ltr'><strong>audito-</strong></span> 
     </span>
    </p>
   </div>
   <div class='ocr_carea' id='block_1_18' title="bbox 295 1843 1874 1912">
    <p class='ocr_par' dir='ltr' id='par_1_18' title="bbox 295 1843 1874 1912">
     <span class='ocr_line' id='line_1_18' title="bbox 295 1843 1874 1912; baseline -0.003 -13"><span class='ocrx_word' id='word_1_149' title='bbox 295 1860 411 1899; x_wconf 91' lang='lat' dir='ltr'><strong>rum</strong></span> <span class='ocrx_word' id='word_1_150' title='bbox 433 1886 449 1911; x_wconf 90' lang='lat'><strong>,</strong></span> <span class='ocrx_word' id='word_1_151' title='bbox 503 1855 558 1898; x_wconf 94' lang='lat' dir='ltr'><strong>ut</strong></span> <span class='ocrx_word' id='word_1_152' title='bbox 601 1845 815 1911; x_wconf 80' lang='lat' dir='ltr'><strong>quando</strong></span> <span class='ocrx_word' id='word_1_153' title='bbox 843 1843 1010 1910; x_wconf 89' lang='lat' dir='ltr'><strong>dicit,</strong></span> <span class='ocrx_word' id='word_1_154' title='bbox 1041 1857 1230 1898; x_wconf 90' lang='lat' dir='ltr'><strong>eorum</strong></span> <span class='ocrx_word' id='word_1_155' title='bbox 1267 1857 1388 1898; x_wconf 89' lang='lat' dir='ltr'><strong>esse</strong></span> <span class='ocrx_word' id='word_1_156' title='bbox 1425 1843 1592 1912; x_wconf 88' lang='lat' dir='ltr'><strong>prima</strong></span> <span class='ocrx_word' id='word_1_157' title='bbox 1615 1882 1630 1909; x_wconf 89' lang='lat'><strong>,</strong></span> <span class='ocrx_word' id='word_1_158' title='bbox 1673 1851 1726 1896; x_wconf 91' lang='lat' dir='ltr'><strong>et</strong></span> <span class='ocrx_word' id='word_1_159' title='bbox 1757 1857 1874 1895; x_wconf 84' lang='lat' dir='ltr'><strong>ma-</strong></span> 
     </span>
    </p>
   </div>
   <div class='ocr_carea' id='block_1_19' title="bbox 291 1934 1875 1992">
    <p class='ocr_par' dir='ltr' id='par_1_19' title="bbox 291 1934 1875 1992">
     <span class='ocr_line' id='line_1_19' title="bbox 291 1934 1875 1992; baseline -0.003 0"><span class='ocrx_word' id='word_1_160' title='bbox 291 1938 483 1992; x_wconf 86' lang='lat' dir='ltr'><strong>nifesta</strong></span> <span class='ocrx_word' id='word_1_161' title='bbox 523 1937 791 1991; x_wconf 88' lang='lat' dir='ltr'><strong>omnibus.</strong></span> <span class='ocrx_word' id='word_1_162' title='bbox 815 1934 947 1991; x_wconf 89' lang='lat' dir='ltr'><strong>Nam</strong></span> <span class='ocrx_word' id='word_1_163' title='bbox 992 1935 1060 1991; x_wconf 89' lang='lat' dir='ltr'><strong>ad</strong></span> <span class='ocrx_word' id='word_1_164' title='bbox 1105 1935 1606 1991; x_wconf 87' lang='lat' dir='ltr'><strong>Thessalonicenses</strong></span> <span class='ocrx_word' id='word_1_165' title='bbox 1636 1934 1875 1989; x_wconf 87' lang='lat' dir='ltr'><strong>scribens</strong></span> 
     </span>
    </p>
   </div>
   <div class='ocr_carea' id='block_1_20' title="bbox 287 2025 1875 2091">
    <p class='ocr_par' dir='ltr' id='par_1_20' title="bbox 287 2025 1875 2091">
     <span class='ocr_line' id='line_1_20' title="bbox 287 2025 1875 2091; baseline -0.003 -8"><span class='ocrx_word' id='word_1_166' title='bbox 287 2028 501 2084; x_wconf 90' lang='lat' dir='ltr'><strong>dicebat</strong></span> <span class='ocrx_word' id='word_1_167' title='bbox 527 2045 540 2080; x_wconf 87' lang='lat'>:</span> <span class='ocrx_word' id='word_1_168' title='bbox 573 2029 618 2082; x_wconf 82' lang='grc' dir='ltr'><em>Α</em></span> <span class='ocrx_word' id='word_1_169' title='bbox 653 2027 790 2082; x_wconf 82' lang='lat' dir='ltr'><strong>vobis</strong></span> <span class='ocrx_word' id='word_1_170' title='bbox 815 2029 949 2082; x_wconf 88' lang='lat' dir='ltr'><strong>enim</strong></span> <span class='ocrx_word' id='word_1_171' title='bbox 973 2029 1197 2081; x_wconf 81' lang='lat' dir='ltr'><strong>resanuit</strong></span> <span class='ocrx_word' id='word_1_172' title='bbox 1223 2043 1387 2081; x_wconf 90' lang='lat' dir='ltr'><strong>sermo</strong></span> <span class='ocrx_word' id='word_1_173' title='bbox 1414 2025 1532 2091; x_wconf 87' lang='lat' dir='ltr'><strong>Dei,</strong></span> <span class='ocrx_word' id='word_1_174' title='bbox 1563 2035 1610 2079; x_wconf 91' lang='lat' dir='ltr'><strong>et</strong></span> <span class='ocrx_word' id='word_1_175' title='bbox 1643 2027 1696 2080; x_wconf 88' lang='lat' dir='ltr'><strong>in</strong></span> <span class='ocrx_word' id='word_1_176' title='bbox 1737 2027 1875 2080; x_wconf 86' lang='lat' dir='ltr'><strong>omni</strong></span> 
     </span>
    </p>
   </div>
   <div class='ocr_carea' id='block_1_21' title="bbox 286 2115 1874 2188">
    <p class='ocr_par' dir='ltr' id='par_1_21' title="bbox 286 2115 1874 2188">
     <span class='ocr_line' id='line_1_21' title="bbox 286 2115 1874 2188; baseline -0.001 -16"><span class='ocrx_word' id='word_1_177' title='bbox 286 2120 401 2173; x_wconf 82' lang='lat' dir='ltr'><strong>loco</strong></span> <span class='ocrx_word' id='word_1_178' title='bbox 425 2119 554 2188; x_wconf 79' lang='lat' dir='ltr'><strong>ﬁdes</strong></span> <span class='ocrx_word' id='word_1_179' title='bbox 573 2128 740 2172; x_wconf 85' lang='lat' dir='ltr'><strong>vestra</strong></span> <span class='ocrx_word' id='word_1_180' title='bbox 765 2118 833 2172; x_wconf 87' lang='lat' dir='ltr'><strong>ad</strong></span> <span class='ocrx_word' id='word_1_181' title='bbox 863 2117 1026 2170; x_wconf 89' lang='lat' dir='ltr'><strong>Deum</strong></span> <span class='ocrx_word' id='word_1_182' title='bbox 1055 2118 1176 2170; x_wconf 72' lang='lat' dir='ltr'><strong>exiit</strong></span> <span class='ocrx_word' id='word_1_183' title='bbox 1210 2115 1256 2187; x_wconf 75' lang='grc'><strong>(1</strong></span> <span class='ocrx_word' id='word_1_184' title='bbox 1295 2115 1476 2169; x_wconf 84' lang='lat' dir='ltr'><strong>Thess.</strong></span> <span class='ocrx_word' id='word_1_185' title='bbox 1521 2116 1571 2170; x_wconf 77' lang='lat' dir='ltr'><strong>l.</strong></span> <span class='ocrx_word' id='word_1_186' title='bbox 1605 2115 1700 2186; x_wconf 89' lang='lat'><strong>8);</strong></span> <span class='ocrx_word' id='word_1_187' title='bbox 1729 2125 1783 2170; x_wconf 91' lang='lat' dir='ltr'><strong>et</strong></span> <span class='ocrx_word' id='word_1_188' title='bbox 1807 2115 1874 2170; x_wconf 89' lang='lat' dir='ltr'><strong>ad</strong></span> 
     </span>
    </p>
   </div>
   <div class='ocr_carea' id='block_1_22' title="bbox 284 2206 1877 2265">
    <p class='ocr_par' dir='ltr' id='par_1_22' title="bbox 284 2206 1877 2265">
     <span class='ocr_line' id='line_1_22' title="bbox 284 2206 1877 2265; baseline -0.004 0"><span class='ocrx_word' id='word_1_189' title='bbox 284 2210 565 2265; x_wconf 82' lang='lat' dir='ltr'><strong>Romanos</strong></span> <span class='ocrx_word' id='word_1_190' title='bbox 609 2223 796 2264; x_wconf 86' lang='lat' dir='ltr'><strong>rursus</strong></span> <span class='ocrx_word' id='word_1_191' title='bbox 841 2207 1085 2264; x_wconf 88' lang='lat' dir='ltr'><strong>scribens</strong></span> <span class='ocrx_word' id='word_1_192' title='bbox 1112 2225 1126 2260; x_wconf 89' lang='lat'>:</span> <span class='ocrx_word' id='word_1_193' title='bbox 1157 2206 1318 2263; x_wconf 83' lang='lat' dir='ltr'><strong>Fides</strong></span> <span class='ocrx_word' id='word_1_194' title='bbox 1347 2217 1511 2261; x_wconf 86' lang='lat' dir='ltr'><strong>vestra</strong></span> <span class='ocrx_word' id='word_1_195' title='bbox 1541 2207 1877 2260; x_wconf 86' lang='lat' dir='ltr'><strong>annuntiatur</strong></span> 
     </span>
    </p>
   </div>
   <div class='ocr_carea' id='block_1_23' title="bbox 283 2297 1879 2371">
    <p class='ocr_par' dir='ltr' id='par_1_23' title="bbox 283 2297 1879 2371">
     <span class='ocr_line' id='line_1_23' title="bbox 283 2297 1879 2371; baseline -0.004 -14"><span class='ocrx_word' id='word_1_196' title='bbox 283 2306 338 2359; x_wconf 88' lang='lat' dir='ltr'><strong>in</strong></span> <span class='ocrx_word' id='word_1_197' title='bbox 371 2311 474 2357; x_wconf 90' lang='lat' dir='ltr'><strong>toto</strong></span> <span class='ocrx_word' id='word_1_198' title='bbox 510 2305 700 2356; x_wconf 84' lang='lat' dir='ltr'><strong>mundo</strong></span> <span class='ocrx_word' id='word_1_199' title='bbox 722 2300 900 2370; x_wconf 79' lang='lat' dir='ltr'><strong>(Rom.</strong></span> <span class='ocrx_word' id='word_1_200' title='bbox 945 2301 998 2355; x_wconf 76' lang='grc'><strong>1.</strong></span> <span class='ocrx_word' id='word_1_201' title='bbox 1028 2300 1106 2371; x_wconf 87' lang='grc'><strong>8).</strong></span> <span class='ocrx_word' id='word_1_202' title='bbox 1139 2300 1312 2356; x_wconf 81' lang='lat' dir='ltr'><strong>Ambo</strong></span> <span class='ocrx_word' id='word_1_203' title='bbox 1353 2300 1497 2354; x_wconf 88' lang='lat' dir='ltr'><strong>enim</strong></span> <span class='ocrx_word' id='word_1_204' title='bbox 1525 2297 1797 2352; x_wconf 79' lang='lat' dir='ltr'><strong>sufficiunt</strong></span> <span class='ocrx_word' id='word_1_205' title='bbox 1823 2306 1879 2351; x_wconf 91' lang='lat' dir='ltr'><strong>et</strong></span> 
     </span>
    </p>
   </div>
   <div class='ocr_carea' id='block_1_24' title="bbox 285 2388 1880 2455">
    <p class='ocr_par' dir='ltr' id='par_1_24' title="bbox 285 2388 1880 2455">
     <span class='ocr_line' id='line_1_24' title="bbox 285 2388 1880 2455; baseline -0.004 -6"><span class='ocrx_word' id='word_1_206' title='bbox 285 2395 356 2449; x_wconf 89' lang='lat' dir='ltr'><strong>ad</strong></span> <span class='ocrx_word' id='word_1_207' title='bbox 389 2391 780 2449; x_wconf 76' lang='lat' dir='ltr'><strong>exhortandum</strong></span> <span class='ocrx_word' id='word_1_208' title='bbox 807 2399 863 2446; x_wconf 90' lang='lat' dir='ltr'><strong>et</strong></span> <span class='ocrx_word' id='word_1_209' title='bbox 889 2390 1234 2446; x_wconf 79' lang='lat' dir='ltr'><strong>excitandum</strong></span> <span class='ocrx_word' id='word_1_210' title='bbox 1254 2431 1268 2455; x_wconf 91' lang='lat'><strong>,</strong></span> <span class='ocrx_word' id='word_1_211' title='bbox 1303 2388 1506 2442; x_wconf 92' lang='lat' dir='ltr'><strong>laudari</strong></span> <span class='ocrx_word' id='word_1_212' title='bbox 1534 2388 1602 2442; x_wconf 87' lang='lat' dir='ltr'><strong>ab</strong></span> <span class='ocrx_word' id='word_1_213' title='bbox 1641 2388 1763 2441; x_wconf 90' lang='lat' dir='ltr'><strong>aliis</strong></span> <span class='ocrx_word' id='word_1_214' title='bbox 1783 2429 1797 2452; x_wconf 93' lang='lat'><strong>,</strong></span> <span class='ocrx_word' id='word_1_215' title='bbox 1823 2395 1880 2442; x_wconf 90' lang='lat' dir='ltr'><strong>et</strong></span> 
     </span>
    </p>
   </div>
   <div class='ocr_carea' id='block_1_25' title="bbox 281 2478 1879 2548">
    <p class='ocr_par' dir='ltr' id='par_1_25' title="bbox 281 2478 1879 2548">
     <span class='ocr_line' id='line_1_25' title="bbox 281 2478 1879 2548; baseline -0.004 -9"><span class='ocrx_word' id='word_1_216' title='bbox 281 2485 424 2540; x_wconf 89' lang='lat' dir='ltr'><strong>alios</strong></span> <span class='ocrx_word' id='word_1_217' title='bbox 467 2482 666 2539; x_wconf 90' lang='lat' dir='ltr'><strong>habere</strong></span> <span class='ocrx_word' id='word_1_218' title='bbox 711 2481 889 2537; x_wconf 90' lang='lat' dir='ltr'><strong>socios</strong></span> <span class='ocrx_word' id='word_1_219' title='bbox 935 2482 1239 2536; x_wconf 83' lang='lat' dir='ltr'><strong>sententiae.</strong></span> <span class='ocrx_word' id='word_1_220' title='bbox 1271 2480 1336 2534; x_wconf 91' lang='lat' dir='ltr'><strong>Et</strong></span> <span class='ocrx_word' id='word_1_221' title='bbox 1381 2479 1504 2534; x_wconf 90' lang='lat' dir='ltr'><strong>ideo</strong></span> <span class='ocrx_word' id='word_1_222' title='bbox 1547 2478 1634 2532; x_wconf 88' lang='lat' dir='ltr'><strong>hic</strong></span> <span class='ocrx_word' id='word_1_223' title='bbox 1667 2493 1879 2548; x_wconf 90' lang='lat' dir='ltr'><strong>quoque</strong></span> 
     </span>
    </p>
   </div>
   <div class='ocr_carea' id='block_1_26' title="bbox 280 2569 1879 2642">
    <p class='ocr_par' dir='ltr' id='par_1_26' title="bbox 280 2569 1879 2642">
     <span class='ocr_line' id='line_1_26' title="bbox 280 2569 1879 2642; baseline -0.006 -11"><span class='ocrx_word' id='word_1_224' title='bbox 280 2575 424 2631; x_wconf 89' lang='lat' dir='ltr'><strong>dicit</strong></span> <span class='ocrx_word' id='word_1_225' title='bbox 452 2591 466 2626; x_wconf 92' lang='lat'><strong>:</strong></span> <span class='ocrx_word' id='word_1_226' title='bbox 500 2574 579 2628; x_wconf 86' lang='lat' dir='ltr'><strong>An</strong></span> <span class='ocrx_word' id='word_1_227' title='bbox 604 2590 636 2626; x_wconf 91' lang='lat' dir='ltr'><strong>a</strong></span> <span class='ocrx_word' id='word_1_228' title='bbox 665 2572 803 2626; x_wconf 89' lang='lat' dir='ltr'><strong>vobis</strong></span> <span class='ocrx_word' id='word_1_229' title='bbox 828 2587 992 2626; x_wconf 88' lang='lat' dir='ltr'><strong>sermo</strong></span> <span class='ocrx_word' id='word_1_230' title='bbox 1019 2570 1115 2626; x_wconf 91' lang='lat' dir='ltr'><strong>Dei</strong></span> <span class='ocrx_word' id='word_1_231' title='bbox 1137 2569 1397 2642; x_wconf 86' lang='lat' dir='ltr'><strong>processit,</strong></span> <span class='ocrx_word' id='word_1_232' title='bbox 1419 2577 1508 2622; x_wconf 87' lang='lat' dir='ltr'><strong>aut</strong></span> <span class='ocrx_word' id='word_1_233' title='bbox 1530 2570 1600 2622; x_wconf 88' lang='lat' dir='ltr'><strong>ad</strong></span> <span class='ocrx_word' id='word_1_234' title='bbox 1625 2584 1711 2623; x_wconf 92' lang='lat' dir='ltr'><strong>vos</strong></span> <span class='ocrx_word' id='word_1_235' title='bbox 1742 2569 1879 2622; x_wconf 87' lang='lat' dir='ltr'><strong>solos</strong></span> 
     </span>
    </p>
   </div>
   <div class='ocr_carea' id='block_1_27' title="bbox 282 2662 1875 2741">
    <p class='ocr_par' dir='ltr' id='par_1_27' title="bbox 282 2662 1875 2741">
     <span class='ocr_line' id='line_1_27' title="bbox 282 2662 1875 2741; baseline -0.003 -18"><span class='ocrx_word' id='word_1_236' title='bbox 282 2667 559 2741; x_wconf 81' lang='lat' dir='ltr'><strong>pervenit?</strong></span> <span class='ocrx_word' id='word_1_237' title='bbox 586 2665 772 2737; x_wconf 82' lang='lat' dir='ltr'><strong>Neque</strong></span> <span class='ocrx_word' id='word_1_238' title='bbox 797 2665 970 2732; x_wconf 82' lang='lat' dir='ltr'><strong>enim,</strong></span> <span class='ocrx_word' id='word_1_239' title='bbox 995 2665 1187 2735; x_wconf 80' lang='lat' dir='ltr'><strong>inquit,</strong></span> <span class='ocrx_word' id='word_1_240' title='bbox 1218 2665 1320 2718; x_wconf 89' lang='lat' dir='ltr'><strong>hoc</strong></span> <span class='ocrx_word' id='word_1_241' title='bbox 1349 2663 1625 2736; x_wconf 86' lang='lat' dir='ltr'><strong>potueritis</strong></span> <span class='ocrx_word' id='word_1_242' title='bbox 1649 2662 1834 2718; x_wconf 88' lang='lat' dir='ltr'><strong>dicere</strong></span> <span class='ocrx_word' id='word_1_243' title='bbox 1861 2681 1875 2719; x_wconf 90' lang='lat'><strong>:</strong></span> 
     </span>
    </p>
   </div>
   <div class='ocr_carea' id='block_1_28' title="bbox 279 2759 1880 2826">
    <p class='ocr_par' dir='ltr' id='par_1_28' title="bbox 279 2759 1880 2826">
     <span class='ocr_line' id='line_1_28' title="bbox 279 2759 1880 2826; baseline -0.006 -6"><span class='ocrx_word' id='word_1_244' title='bbox 279 2763 402 2820; x_wconf 80' lang='lat' dir='ltr'><strong>Nos</strong></span> <span class='ocrx_word' id='word_1_245' title='bbox 427 2761 627 2817; x_wconf 79' lang='lat' dir='ltr'><strong>fuimus</strong></span> <span class='ocrx_word' id='word_1_246' title='bbox 655 2761 906 2816; x_wconf 90' lang='lat' dir='ltr'><strong>doctores</strong></span> <span class='ocrx_word' id='word_1_247' title='bbox 947 2759 1172 2814; x_wconf 90' lang='lat' dir='ltr'><strong>aliorum</strong></span> <span class='ocrx_word' id='word_1_248' title='bbox 1199 2799 1212 2822; x_wconf 92' lang='lat'><strong>,</strong></span> <span class='ocrx_word' id='word_1_249' title='bbox 1241 2767 1294 2813; x_wconf 89' lang='lat' dir='ltr'><strong>et</strong></span> <span class='ocrx_word' id='word_1_250' title='bbox 1325 2772 1431 2824; x_wconf 83' lang='lat' dir='ltr'><strong>non</strong></span> <span class='ocrx_word' id='word_1_251' title='bbox 1461 2772 1670 2826; x_wconf 67' lang='lat' dir='ltr'><strong>aequum</strong></span> <span class='ocrx_word' id='word_1_252' title='bbox 1699 2767 1784 2811; x_wconf 90' lang='lat' dir='ltr'><strong>est</strong></span> <span class='ocrx_word' id='word_1_253' title='bbox 1822 2763 1880 2810; x_wconf 89' lang='lat' dir='ltr'><strong>ut</strong></span> 
     </span>
    </p>
   </div>
   <div class='ocr_carea' id='block_1_29' title="bbox 279 2848 1879 2922">
    <p class='ocr_par' dir='ltr' id='par_1_29' title="bbox 279 2848 1879 2922">
     <span class='ocr_line' id='line_1_29' title="bbox 279 2848 1879 2922; baseline -0.006 -11"><span class='ocrx_word' id='word_1_254' title='bbox 279 2857 352 2911; x_wconf 88' lang='lat' dir='ltr'><strong>ab</strong></span> <span class='ocrx_word' id='word_1_255' title='bbox 384 2855 509 2909; x_wconf 88' lang='lat' dir='ltr'><strong>aliis</strong></span> <span class='ocrx_word' id='word_1_256' title='bbox 533 2853 805 2908; x_wconf 86' lang='lat' dir='ltr'><strong>discamus</strong></span> <span class='ocrx_word' id='word_1_257' title='bbox 829 2868 844 2918; x_wconf 91' lang='lat'><strong>;</strong></span> <span class='ocrx_word' id='word_1_258' title='bbox 873 2866 1080 2922; x_wconf 90' lang='lat' dir='ltr'><strong>neque,</strong></span> <span class='ocrx_word' id='word_1_259' title='bbox 1103 2849 1262 2905; x_wconf 89' lang='lat' dir='ltr'><strong>Fides</strong></span> <span class='ocrx_word' id='word_1_260' title='bbox 1288 2848 1376 2905; x_wconf 92' lang='lat' dir='ltr'><strong>hic</strong></span> <span class='ocrx_word' id='word_1_261' title='bbox 1400 2848 1577 2904; x_wconf 86' lang='lat' dir='ltr'><strong>solum</strong></span> <span class='ocrx_word' id='word_1_262' title='bbox 1605 2851 1794 2913; x_wconf 90' lang='lat' dir='ltr'><strong>stetit,</strong></span> <span class='ocrx_word' id='word_1_263' title='bbox 1824 2857 1879 2902; x_wconf 92' lang='lat' dir='ltr'><strong>et</strong></span> 
     </span>
    </p>
   </div>
   <div class='ocr_carea' id='block_1_30' title="bbox 282 2940 1879 3016">
    <p class='ocr_par' dir='ltr' id='par_1_30' title="bbox 282 2940 1879 3016">
     <span class='ocr_line' id='line_1_30' title="bbox 282 2940 1879 3016; baseline -0.005 -14"><span class='ocrx_word' id='word_1_264' title='bbox 282 2963 402 3002; x_wconf 90' lang='lat' dir='ltr'><strong>non</strong></span> <span class='ocrx_word' id='word_1_265' title='bbox 445 2954 660 3016; x_wconf 86' lang='lat' dir='ltr'><strong>oportet</strong></span> <span class='ocrx_word' id='word_1_266' title='bbox 703 2944 773 2999; x_wconf 90' lang='lat' dir='ltr'><strong>ab</strong></span> <span class='ocrx_word' id='word_1_267' title='bbox 813 2944 935 2999; x_wconf 89' lang='lat' dir='ltr'><strong>aliis</strong></span> <span class='ocrx_word' id='word_1_268' title='bbox 976 2943 1218 3013; x_wconf 80' lang='lat' dir='ltr'><strong>exempla</strong></span> <span class='ocrx_word' id='word_1_269' title='bbox 1266 2957 1500 2998; x_wconf 88' lang='lat' dir='ltr'><strong>sumere.</strong></span> <span class='ocrx_word' id='word_1_270' title='bbox 1552 2940 1739 2996; x_wconf 71' lang='lat' dir='ltr'><strong>Viden’</strong></span> <span class='ocrx_word' id='word_1_271' title='bbox 1785 2955 1879 3009; x_wconf 90' lang='lat' dir='ltr'><strong>per</strong></span> 
     </span>
    </p>
   </div>
   <div class='ocr_carea' id='block_1_31' title="bbox 280 3031 1876 3109">
    <p class='ocr_par' dir='ltr' id='par_1_31' title="bbox 280 3031 1876 3109">
     <span class='ocr_line' id='line_1_31' title="bbox 280 3031 1876 3109; baseline -0.006 -16"><span class='ocrx_word' id='word_1_272' title='bbox 280 3054 455 3109; x_wconf 85' lang='lat' dir='ltr'><strong>quam</strong></span> <span class='ocrx_word' id='word_1_273' title='bbox 483 3037 647 3092; x_wconf 90' lang='lat' dir='ltr'><strong>multa</strong></span> <span class='ocrx_word' id='word_1_274' title='bbox 685 3037 764 3092; x_wconf 91' lang='lat' dir='ltr'><strong>eis</strong></span> <span class='ocrx_word' id='word_1_275' title='bbox 793 3035 1054 3106; x_wconf 88' lang='lat' dir='ltr'><strong>pudorem</strong></span> <span class='ocrx_word' id='word_1_276' title='bbox 1103 3034 1367 3090; x_wconf 88' lang='lat' dir='ltr'><strong>incussit?</strong></span> <span class='ocrx_word' id='word_1_277' title='bbox 1417 3033 1590 3103; x_wconf 81' lang='lat' dir='ltr'><strong>legem</strong></span> <span class='ocrx_word' id='word_1_278' title='bbox 1617 3031 1876 3099; x_wconf 81' lang='lat' dir='ltr'><strong>adduxit,</strong></span> 
     </span>
    </p>
   </div>
   <div class='ocr_carea' id='block_1_32' title="bbox 281 3124 1877 3198">
    <p class='ocr_par' dir='ltr' id='par_1_32' title="bbox 281 3124 1877 3198">
     <span class='ocr_line' id='line_1_32' title="bbox 281 3124 1877 3198; baseline -0.003 -15"><span class='ocrx_word' id='word_1_279' title='bbox 281 3130 364 3184; x_wconf 70' lang='lat' dir='ltr'><strong>rei</strong></span> <span class='ocrx_word' id='word_1_280' title='bbox 404 3128 637 3184; x_wconf 87' lang='lat' dir='ltr'><strong>ostendit</strong></span> <span class='ocrx_word' id='word_1_281' title='bbox 665 3125 1048 3198; x_wconf 91' lang='lat' dir='ltr'><strong>turpitudinem</strong></span> <span class='ocrx_word' id='word_1_282' title='bbox 1075 3167 1090 3192; x_wconf 93' lang='lat'><strong>,</strong></span> <span class='ocrx_word' id='word_1_283' title='bbox 1123 3135 1344 3181; x_wconf 64' lang='lat' dir='ltr'><strong>caeteras</strong></span> <span class='ocrx_word' id='word_1_284' title='bbox 1379 3124 1650 3180; x_wconf 88' lang='lat' dir='ltr'><strong>Ecclesias</strong></span> <span class='ocrx_word' id='word_1_285' title='bbox 1680 3124 1733 3178; x_wconf 91' lang='lat' dir='ltr'><strong>itt</strong></span> <span class='ocrx_word' id='word_1_286' title='bbox 1763 3139 1877 3178; x_wconf 88' lang='lat' dir='ltr'><strong>tue-</strong></span> 
     </span>
    </p>
   </div>
   <div class='ocr_carea' id='block_1_33' title="bbox 280 3220 608 3290">
    <p class='ocr_par' dir='ltr' id='par_1_33' title="bbox 280 3220 608 3290">
     <span class='ocr_line' id='line_1_33' title="bbox 280 3220 608 3290; baseline -0.003 -16"><span class='ocrx_word' id='word_1_287' title='bbox 280 3220 378 3276; x_wconf 92' lang='lat' dir='ltr'><strong>dio</strong></span> <span class='ocrx_word' id='word_1_288' title='bbox 413 3222 608 3290; x_wconf 88' lang='lat' dir='ltr'><strong>posuit.</strong></span> 
     </span>
    </p>
   </div>
   <div class='ocr_carea' id='block_1_34' title="bbox 362 3309 1880 3381">
    <p class='ocr_par' dir='ltr' id='par_1_34' title="bbox 362 3309 1880 3381">
     <span class='ocr_line' id='line_1_34' title="bbox 362 3309 1880 3381; baseline -0.001 -16"><span class='ocrx_word' id='word_1_289' title='bbox 362 3312 423 3365; x_wconf 76' lang='lat'><strong>2.</strong></span> <span class='ocrx_word' id='word_1_290' title='bbox 467 3312 704 3379; x_wconf 87' lang='lat' dir='ltr'><strong>Deinde,</strong></span> <span class='ocrx_word' id='word_1_291' title='bbox 747 3310 890 3381; x_wconf 90' lang='lat' dir='ltr'><strong>quod</strong></span> <span class='ocrx_word' id='word_1_292' title='bbox 919 3319 1003 3365; x_wconf 86' lang='lat' dir='ltr'><strong>est</strong></span> <span class='ocrx_word' id='word_1_293' title='bbox 1043 3311 1280 3366; x_wconf 89' lang='lat' dir='ltr'><strong>omnium</strong></span> <span class='ocrx_word' id='word_1_294' title='bbox 1327 3309 1674 3364; x_wconf 79' lang='lat' dir='ltr'><strong>fortissimum</strong></span> <span class='ocrx_word' id='word_1_295' title='bbox 1702 3350 1716 3374; x_wconf 89' lang='lat'><strong>,</strong></span> <span class='ocrx_word' id='word_1_296' title='bbox 1751 3309 1880 3364; x_wconf 90' lang='lat' dir='ltr'><strong>ulti-</strong></span> 
     </span>
    </p>
   </div>
   <div class='ocr_carea' id='block_1_35' title="bbox 282 3401 1875 3473">
    <p class='ocr_par' dir='ltr' id='par_1_35' title="bbox 282 3401 1875 3473">
     <span class='ocr_line' id='line_1_35' title="bbox 282 3401 1875 3473; baseline -0.003 -14"><span class='ocrx_word' id='word_1_297' title='bbox 282 3419 444 3460; x_wconf 86' lang='lat' dir='ltr'><strong>mum</strong></span> <span class='ocrx_word' id='word_1_298' title='bbox 473 3402 623 3473; x_wconf 86' lang='lat' dir='ltr'><strong>ponit</strong></span> <span class='ocrx_word' id='word_1_299' title='bbox 647 3402 830 3458; x_wconf 90' lang='lat' dir='ltr'><strong>dicens</strong></span> <span class='ocrx_word' id='word_1_300' title='bbox 857 3420 873 3458; x_wconf 89' lang='lat'><strong>:</strong></span> <span class='ocrx_word' id='word_1_301' title='bbox 906 3402 1046 3457; x_wconf 89' lang='lat' dir='ltr'><strong>Deus</strong></span> <span class='ocrx_word' id='word_1_302' title='bbox 1085 3401 1198 3457; x_wconf 69' lang='lat' dir='ltr'><strong>hrcc</strong></span> <span class='ocrx_word' id='word_1_303' title='bbox 1226 3401 1386 3457; x_wconf 91' lang='lat' dir='ltr'><strong>etiam</strong></span> <span class='ocrx_word' id='word_1_304' title='bbox 1434 3416 1575 3456; x_wconf 91' lang='lat' dir='ltr'><strong>nunc</strong></span> <span class='ocrx_word' id='word_1_305' title='bbox 1601 3401 1754 3470; x_wconf 87' lang='lat' dir='ltr'><strong>jubet</strong></span> <span class='ocrx_word' id='word_1_306' title='bbox 1780 3416 1875 3470; x_wconf 89' lang='lat' dir='ltr'><strong>per</strong></span> 
     </span>
    </p>
   </div>
   <div class='ocr_carea' id='block_1_36' title="bbox 280 3491 1878 3563">
    <p class='ocr_par' dir='ltr' id='par_1_36' title="bbox 280 3491 1878 3563">
     <span class='ocr_line' id='line_1_36' title="bbox 280 3491 1878 3563; baseline -0.006 -11"><span class='ocrx_word' id='word_1_307' title='bbox 280 3511 404 3552; x_wconf 85' lang='lat' dir='ltr'><strong>me.</strong></span> <span class='ocrx_word' id='word_1_308' title='bbox 442 3495 534 3548; x_wconf 70' lang='grc'><strong>57.</strong></span> <span class='ocrx_word' id='word_1_309' title='bbox 566 3493 627 3548; x_wconf 88' lang='lat' dir='ltr'><strong>Si</strong></span> <span class='ocrx_word' id='word_1_310' title='bbox 657 3494 766 3563; x_wconf 88' lang='lat' dir='ltr'><strong>quis</strong></span> <span class='ocrx_word' id='word_1_311' title='bbox 798 3493 939 3547; x_wconf 85' lang='lat' dir='ltr'><strong>enim</strong></span> <span class='ocrx_word' id='word_1_312' title='bbox 979 3493 1176 3547; x_wconf 89' lang='lat' dir='ltr'><strong>videtur</strong></span> <span class='ocrx_word' id='word_1_313' title='bbox 1201 3493 1450 3562; x_wconf 80' lang='lat' dir='ltr'><strong>propheta</strong></span> <span class='ocrx_word' id='word_1_314' title='bbox 1481 3508 1586 3546; x_wconf 89' lang='lat' dir='ltr'><strong>esse</strong></span> <span class='ocrx_word' id='word_1_315' title='bbox 1612 3500 1698 3544; x_wconf 90' lang='lat' dir='ltr'><strong>aut</strong></span> <span class='ocrx_word' id='word_1_316' title='bbox 1724 3491 1878 3560; x_wconf 83' lang='lat' dir='ltr'><strong>spiri-</strong></span> 
     </span>
    </p>
   </div>
   <div class='ocr_carea' id='block_1_37' title="bbox 279 3581 1880 3654">
    <p class='ocr_par' dir='ltr' id='par_1_37' title="bbox 279 3581 1880 3654">
     <span class='ocr_line' id='line_1_37' title="bbox 279 3581 1880 3654; baseline -0.003 -13"><span class='ocrx_word' id='word_1_317' title='bbox 279 3584 453 3644; x_wconf 81' lang='lat' dir='ltr'><strong>malis</strong></span> <span class='ocrx_word' id='word_1_318' title='bbox 475 3625 493 3653; x_wconf 90' lang='lat'><strong>,</strong></span> <span class='ocrx_word' id='word_1_319' title='bbox 525 3594 794 3654; x_wconf 83' lang='lat' dir='ltr'><strong>cognoscat</strong></span> <span class='ocrx_word' id='word_1_320' title='bbox 813 3601 925 3652; x_wconf 77' lang='lat' dir='ltr'><strong>qua:</strong></span> <span class='ocrx_word' id='word_1_321' title='bbox 958 3584 1124 3638; x_wconf 88' lang='lat' dir='ltr'><strong>scribo</strong></span> <span class='ocrx_word' id='word_1_322' title='bbox 1163 3584 1301 3638; x_wconf 89' lang='lat' dir='ltr'><strong>vobis</strong></span> <span class='ocrx_word' id='word_1_323' title='bbox 1325 3624 1341 3650; x_wconf 93' lang='lat'><strong>,</strong></span> <span class='ocrx_word' id='word_1_324' title='bbox 1372 3583 1491 3654; x_wconf 86' lang='lat' dir='ltr'><strong>quia</strong></span> <span class='ocrx_word' id='word_1_325' title='bbox 1530 3581 1738 3637; x_wconf 83' lang='lat' dir='ltr'><strong>Domini</strong></span> <span class='ocrx_word' id='word_1_326' title='bbox 1765 3591 1880 3636; x_wconf 85' lang='lat' dir='ltr'><strong>sunt</strong></span> 
     </span>
    </p>
   </div>
   <div class='ocr_carea' id='block_1_38' title="bbox 280 3679 1880 3754">
    <p class='ocr_par' dir='ltr' id='par_1_38' title="bbox 280 3679 1880 3754">
     <span class='ocr_line' id='line_1_38' title="bbox 280 3679 1880 3754; baseline -0.002 -18"><span class='ocrx_word' id='word_1_327' title='bbox 280 3681 564 3742; x_wconf 77' lang='lat' dir='ltr'><strong>mandata,</strong></span> <span class='ocrx_word' id='word_1_328' title='bbox 594 3679 688 3736; x_wconf 79' lang='lat'><strong>38.</strong></span> <span class='ocrx_word' id='word_1_329' title='bbox 719 3679 782 3741; x_wconf 86' lang='lat' dir='ltr'><strong>Si</strong></span> <span class='ocrx_word' id='word_1_330' title='bbox 821 3681 930 3754; x_wconf 86' lang='lat' dir='ltr'><strong>quis</strong></span> <span class='ocrx_word' id='word_1_331' title='bbox 955 3691 1124 3742; x_wconf 84' lang='lat' dir='ltr'><strong>autem</strong></span> <span class='ocrx_word' id='word_1_332' title='bbox 1156 3681 1388 3750; x_wconf 84' lang='lat' dir='ltr'><strong>ignorat,</strong></span> <span class='ocrx_word' id='word_1_333' title='bbox 1420 3680 1633 3750; x_wconf 82' lang='lat' dir='ltr'><strong>ignoret.</strong></span> <span class='ocrx_word' id='word_1_334' title='bbox 1676 3679 1743 3734; x_wconf 86' lang='lat' dir='ltr'><strong>Et</strong></span> <span class='ocrx_word' id='word_1_335' title='bbox 1784 3694 1880 3734; x_wconf 89' lang='lat' dir='ltr'><strong>cur</strong></span> 
     </span>
    </p>
   </div>
   <div class='ocr_carea' id='block_1_39' title="bbox 278 3771 1880 3844">
    <p class='ocr_par' dir='ltr' id='par_1_39' title="bbox 278 3771 1880 3844">
     <span class='ocr_line' id='line_1_39' title="bbox 278 3771 1880 3844; baseline -0.001 -16"><span class='ocrx_word' id='word_1_336' title='bbox 278 3774 392 3830; x_wconf 87' lang='lat' dir='ltr'><strong>hoc</strong></span> <span class='ocrx_word' id='word_1_337' title='bbox 421 3773 744 3844; x_wconf 76' lang='lat' dir='ltr'><strong>sultjunxit?</strong></span> <span class='ocrx_word' id='word_1_338' title='bbox 773 3771 1076 3836; x_wconf 86' lang='lat' dir='ltr'><strong>Ostendens</strong></span> <span class='ocrx_word' id='word_1_339' title='bbox 1102 3787 1162 3828; x_wconf 90' lang='lat' dir='ltr'><strong>se</strong></span> <span class='ocrx_word' id='word_1_340' title='bbox 1190 3787 1364 3843; x_wconf 91' lang='lat' dir='ltr'><strong>neque</strong></span> <span class='ocrx_word' id='word_1_341' title='bbox 1391 3771 1499 3826; x_wconf 90' lang='lat' dir='ltr'><strong>vim</strong></span> <span class='ocrx_word' id='word_1_342' title='bbox 1527 3772 1751 3838; x_wconf 72' lang='lat' dir='ltr'><strong>afferre,</strong></span> <span class='ocrx_word' id='word_1_343' title='bbox 1780 3786 1880 3828; x_wconf 89' lang='lat' dir='ltr'><strong>nec</strong></span> 
     </span>
    </p>
   </div>
   <div class='ocr_carea' id='block_1_40' title="bbox 275 3867 1880 3938">
    <p class='ocr_par' dir='ltr' id='par_1_40' title="bbox 275 3867 1880 3938">
     <span class='ocr_line' id='line_1_40' title="bbox 275 3867 1880 3938; baseline 0.001 -18"><span class='ocrx_word' id='word_1_344' title='bbox 275 3868 624 3930; x_wconf 82' lang='lat' dir='ltr'><strong>contendere</strong></span> <span class='ocrx_word' id='word_1_345' title='bbox 648 3884 663 3920; x_wconf 87' lang='lat'><strong>:</strong></span> <span class='ocrx_word' id='word_1_346' title='bbox 692 3867 836 3938; x_wconf 89' lang='lat' dir='ltr'><strong>quod</strong></span> <span class='ocrx_word' id='word_1_347' title='bbox 865 3867 1083 3936; x_wconf 90' lang='lat' dir='ltr'><strong>quidem</strong></span> <span class='ocrx_word' id='word_1_348' title='bbox 1109 3876 1192 3927; x_wconf 85' lang='lat' dir='ltr'><strong>est</strong></span> <span class='ocrx_word' id='word_1_349' title='bbox 1211 3867 1419 3937; x_wconf 88' lang='lat' dir='ltr'><strong>signum</strong></span> <span class='ocrx_word' id='word_1_350' title='bbox 1445 3882 1551 3921; x_wconf 88' lang='lat' dir='ltr'><strong>non</strong></span> <span class='ocrx_word' id='word_1_351' title='bbox 1578 3881 1764 3922; x_wconf 90' lang='lat' dir='ltr'><strong>eorum</strong></span> <span class='ocrx_word' id='word_1_352' title='bbox 1788 3867 1880 3937; x_wconf 88' lang='lat' dir='ltr'><strong>qui</strong></span> 
     </span>
    </p>
   </div>
   <div class='ocr_carea' id='block_1_41' title="bbox 276 3956 1877 4028">
    <p class='ocr_par' dir='ltr' id='par_1_41' title="bbox 276 3956 1877 4028">
     <span class='ocr_line' id='line_1_41' title="bbox 276 3956 1877 4028; baseline 0 -15"><span class='ocrx_word' id='word_1_353' title='bbox 276 3973 382 4013; x_wconf 88' lang='lat' dir='ltr'><strong>sua</strong></span> <span class='ocrx_word' id='word_1_354' title='bbox 435 3958 624 4015; x_wconf 83' lang='lat' dir='ltr'><strong>volunt</strong></span> <span class='ocrx_word' id='word_1_355' title='bbox 664 3958 996 4019; x_wconf 80' lang='lat' dir='ltr'><strong>constituere</strong></span> <span class='ocrx_word' id='word_1_356' title='bbox 1019 3997 1036 4024; x_wconf 89' lang='lat'><strong>,</strong></span> <span class='ocrx_word' id='word_1_357' title='bbox 1068 3956 1165 4014; x_wconf 90' lang='lat' dir='ltr'><strong>sed</strong></span> <span class='ocrx_word' id='word_1_358' title='bbox 1195 3972 1381 4012; x_wconf 90' lang='lat' dir='ltr'><strong>eorum</strong></span> <span class='ocrx_word' id='word_1_359' title='bbox 1422 3958 1512 4028; x_wconf 89' lang='lat' dir='ltr'><strong>qui</strong></span> <span class='ocrx_word' id='word_1_360' title='bbox 1553 3967 1796 4028; x_wconf 89' lang='lat' dir='ltr'><strong>spectant</strong></span> <span class='ocrx_word' id='word_1_361' title='bbox 1825 3959 1877 4014; x_wconf 91' lang='lat' dir='ltr'><strong>id</strong></span> 
     </span>
    </p>
   </div>
   <div class='ocr_carea' id='block_1_42' title="bbox 275 4047 1882 4126">
    <p class='ocr_par' dir='ltr' id='par_1_42' title="bbox 275 4047 1882 4126">
     <span class='ocr_line' id='line_1_42' title="bbox 275 4047 1882 4126; baseline 0.004 -28"><span class='ocrx_word' id='word_1_362' title='bbox 275 4047 433 4126; x_wconf 74' lang='lat' dir='ltr'><strong>quod</strong></span> <span class='ocrx_word' id='word_1_363' title='bbox 474 4055 561 4102; x_wconf 88' lang='lat' dir='ltr'><strong>est</strong></span> <span class='ocrx_word' id='word_1_364' title='bbox 597 4047 718 4103; x_wconf 91' lang='lat' dir='ltr'><strong>aliis</strong></span> <span class='ocrx_word' id='word_1_365' title='bbox 747 4047 895 4110; x_wconf 87' lang='lat' dir='ltr'><strong>utile.</strong></span> <span class='ocrx_word' id='word_1_366' title='bbox 941 4047 1300 4120; x_wconf 85' lang='lat' dir='ltr'><strong>Quamobrem</strong></span> <span class='ocrx_word' id='word_1_367' title='bbox 1330 4048 1463 4104; x_wconf 91' lang='lat' dir='ltr'><strong>dicit</strong></span> <span class='ocrx_word' id='word_1_368' title='bbox 1491 4049 1656 4107; x_wconf 85' lang='lat' dir='ltr'><strong>etiam</strong></span> <span class='ocrx_word' id='word_1_369' title='bbox 1701 4050 1828 4108; x_wconf 85' lang='lat' dir='ltr'><strong>alibi</strong></span> <span class='ocrx_word' id='word_1_370' title='bbox 1860 4069 1882 4104; x_wconf 72' lang='grc' dir='ltr'><em>τ</em></span> 
     </span>
    </p>
   </div>
   <div class='ocr_carea' id='block_1_43' title="bbox 275 4139 1877 4210">
    <p class='ocr_par' dir='ltr' id='par_1_43' title="bbox 275 4139 1877 4210">
     <span class='ocr_line' id='line_1_43' title="bbox 275 4139 1877 4210; baseline 0 -16"><span class='ocrx_word' id='word_1_371' title='bbox 275 4139 345 4194; x_wconf 87' lang='lat' dir='ltr'><strong>Si</strong></span> <span class='ocrx_word' id='word_1_372' title='bbox 370 4142 494 4210; x_wconf 85' lang='lat' dir='ltr'><strong>quis</strong></span> <span class='ocrx_word' id='word_1_373' title='bbox 521 4146 688 4202; x_wconf 84' lang='lat' dir='ltr'><strong>autem</strong></span> <span class='ocrx_word' id='word_1_374' title='bbox 727 4148 800 4194; x_wconf 87' lang='lat' dir='ltr'><strong>est</strong></span> <span class='ocrx_word' id='word_1_375' title='bbox 836 4140 1177 4205; x_wconf 80' lang='lat' dir='ltr'><strong>contentiosus</strong></span> <span class='ocrx_word' id='word_1_376' title='bbox 1197 4180 1212 4204; x_wconf 88' lang='lat'><strong>,</strong></span> <span class='ocrx_word' id='word_1_377' title='bbox 1243 4155 1335 4208; x_wconf 73' lang='lat' dir='ltr'><strong>nos</strong></span> <span class='ocrx_word' id='word_1_378' title='bbox 1363 4139 1512 4193; x_wconf 88' lang='lat' dir='ltr'><strong>talem</strong></span> <span class='ocrx_word' id='word_1_379' title='bbox 1552 4141 1877 4195; x_wconf 86' lang='lat' dir='ltr'><strong>consuetudi-</strong></span> 
     </span>
    </p>
   </div>
   <div class='ocr_carea' id='block_1_44' title="bbox 274 4230 1880 4302">
    <p class='ocr_par' dir='ltr' id='par_1_44' title="bbox 274 4230 1880 4302">
     <span class='ocr_line' id='line_1_44' title="bbox 274 4230 1880 4302; baseline 0.002 -18"><span class='ocrx_word' id='word_1_380' title='bbox 274 4247 398 4285; x_wconf 88' lang='lat' dir='ltr'><strong>nem</strong></span> <span class='ocrx_word' id='word_1_381' title='bbox 434 4245 544 4292; x_wconf 82' lang='lat' dir='ltr'><strong>non</strong></span> <span class='ocrx_word' id='word_1_382' title='bbox 568 4230 809 4285; x_wconf 84' lang='lat' dir='ltr'><strong>habemus</strong></span> <span class='ocrx_word' id='word_1_383' title='bbox 859 4231 938 4301; x_wconf 81' lang='lat' dir='ltr'><strong>(l.</strong></span> <span class='ocrx_word' id='word_1_384' title='bbox 981 4230 1099 4285; x_wconf 80' lang='lat' dir='ltr'><strong>Cor.</strong></span> <span class='ocrx_word' id='word_1_385' title='bbox 1145 4231 1233 4285; x_wconf 74' lang='lat' dir='ltr'><strong>il.</strong></span> <span class='ocrx_word' id='word_1_386' title='bbox 1286 4231 1400 4302; x_wconf 81' lang='grc'><strong>16).</strong></span> <span class='ocrx_word' id='word_1_387' title='bbox 1435 4231 1506 4285; x_wconf 81' lang='lat' dir='ltr'><strong>At</strong></span> <span class='ocrx_word' id='word_1_388' title='bbox 1549 4246 1656 4286; x_wconf 89' lang='lat' dir='ltr'><strong>non</strong></span> <span class='ocrx_word' id='word_1_389' title='bbox 1684 4231 1880 4301; x_wconf 88' lang='lat' dir='ltr'><strong>ubique</strong></span> 
     </span>
    </p>
   </div>
   <div class='ocr_carea' id='block_1_45' title="bbox 273 4319 1878 4390">
    <p class='ocr_par' dir='ltr' id='par_1_45' title="bbox 273 4319 1878 4390">
     <span class='ocr_line' id='line_1_45' title="bbox 273 4319 1878 4390; baseline 0.001 -16"><span class='ocrx_word' id='word_1_390' title='bbox 273 4319 392 4376; x_wconf 84' lang='lat' dir='ltr'><strong>hoc</strong></span> <span class='ocrx_word' id='word_1_391' title='bbox 422 4320 589 4384; x_wconf 87' lang='lat' dir='ltr'><strong>facit,</strong></span> <span class='ocrx_word' id='word_1_392' title='bbox 621 4320 715 4375; x_wconf 90' lang='lat' dir='ltr'><strong>sed</strong></span> <span class='ocrx_word' id='word_1_393' title='bbox 747 4320 836 4375; x_wconf 93' lang='lat' dir='ltr'><strong>ubi</strong></span> <span class='ocrx_word' id='word_1_394' title='bbox 861 4337 966 4376; x_wconf 91' lang='lat' dir='ltr'><strong>non</strong></span> <span class='ocrx_word' id='word_1_395' title='bbox 997 4321 1067 4375; x_wconf 89' lang='lat' dir='ltr'><strong>ita</strong></span> <span class='ocrx_word' id='word_1_396' title='bbox 1099 4335 1289 4390; x_wconf 83' lang='lat' dir='ltr'><strong>magna</strong></span> <span class='ocrx_word' id='word_1_397' title='bbox 1317 4320 1667 4375; x_wconf 88' lang='lat' dir='ltr'><strong>admittuntur</strong></span> <span class='ocrx_word' id='word_1_398' title='bbox 1695 4335 1878 4390; x_wconf 80' lang='lat' dir='ltr'><strong>pecca-</strong></span> 
     </span>
    </p>
   </div>
   <div class='ocr_carea' id='block_1_46' title="bbox 271 4410 1882 4482">
    <p class='ocr_par' dir='ltr' id='par_1_46' title="bbox 271 4410 1882 4482">
     <span class='ocr_line' id='line_1_46' title="bbox 271 4410 1882 4482; baseline -0.001 -14"><span class='ocrx_word' id='word_1_399' title='bbox 271 4420 327 4468; x_wconf 79' lang='lat' dir='ltr'><strong>ta</strong></span> <span class='ocrx_word' id='word_1_400' title='bbox 355 4453 373 4479; x_wconf 93' lang='lat'><strong>,</strong></span> <span class='ocrx_word' id='word_1_401' title='bbox 407 4420 471 4466; x_wconf 89' lang='lat' dir='ltr'><strong>et</strong></span> <span class='ocrx_word' id='word_1_402' title='bbox 517 4417 648 4466; x_wconf 91' lang='lat' dir='ltr'><strong>tunc</strong></span> <span class='ocrx_word' id='word_1_403' title='bbox 685 4413 862 4482; x_wconf 86' lang='lat' dir='ltr'><strong>potius</strong></span> <span class='ocrx_word' id='word_1_404' title='bbox 894 4411 1096 4482; x_wconf 84' lang='lat' dir='ltr'><strong>pudore</strong></span> <span class='ocrx_word' id='word_1_405' title='bbox 1123 4411 1381 4466; x_wconf 77' lang='lat' dir='ltr'><strong>alliciens.</strong></span> <span class='ocrx_word' id='word_1_406' title='bbox 1413 4410 1544 4466; x_wconf 90' lang='lat' dir='ltr'><strong>Nam</strong></span> <span class='ocrx_word' id='word_1_407' title='bbox 1575 4411 1788 4480; x_wconf 91' lang='lat' dir='ltr'><strong>quando</strong></span> <span class='ocrx_word' id='word_1_408' title='bbox 1815 4411 1882 4466; x_wconf 92' lang='lat' dir='ltr'><strong>de</strong></span> 
     </span>
    </p>
   </div>
   <div class='ocr_carea' id='block_1_47' title="bbox 273 4500 1878 4572">
    <p class='ocr_par' dir='ltr' id='par_1_47' title="bbox 273 4500 1878 4572">
     <span class='ocr_line' id='line_1_47' title="bbox 273 4500 1878 4572; baseline 0.001 -19"><span class='ocrx_word' id='word_1_409' title='bbox 273 4501 408 4557; x_wconf 88' lang='lat' dir='ltr'><strong>aliis</strong></span> <span class='ocrx_word' id='word_1_410' title='bbox 435 4500 714 4571; x_wconf 83' lang='lat' dir='ltr'><strong>loquitur,</strong></span> <span class='ocrx_word' id='word_1_411' title='bbox 745 4517 851 4558; x_wconf 89' lang='lat' dir='ltr'><strong>non</strong></span> <span class='ocrx_word' id='word_1_412' title='bbox 879 4503 957 4558; x_wconf 92' lang='lat' dir='ltr'><strong>sic</strong></span> <span class='ocrx_word' id='word_1_413' title='bbox 983 4502 1140 4569; x_wconf 89' lang='lat' dir='ltr'><strong>dicit,</strong></span> <span class='ocrx_word' id='word_1_414' title='bbox 1170 4501 1264 4561; x_wconf 88' lang='lat' dir='ltr'><strong>sed</strong></span> <span class='ocrx_word' id='word_1_415' title='bbox 1293 4501 1596 4572; x_wconf 84' lang='lat' dir='ltr'><strong>quomodo?</strong></span> <span class='ocrx_word' id='word_1_416' title='bbox 1625 4500 1709 4556; x_wconf 86' lang='lat' dir='ltr'><strong>Ne</strong></span> <span class='ocrx_word' id='word_1_417' title='bbox 1747 4517 1878 4555; x_wconf 87' lang='lat' dir='ltr'><strong>erre-</strong></span> 
     </span>
    </p>
   </div>
   <div class='ocr_carea' id='block_1_48' title="bbox 273 4592 1903 4667">
    <p class='ocr_par' dir='ltr' id='par_1_48' title="bbox 273 4592 1903 4667">
     <span class='ocr_line' id='line_1_48' title="bbox 273 4592 1903 4667; baseline 0 -19"><span class='ocrx_word' id='word_1_418' title='bbox 273 4596 344 4649; x_wconf 79' lang='lat' dir='ltr'><strong>tis</strong></span> <span class='ocrx_word' id='word_1_419' title='bbox 376 4611 402 4651; x_wconf 89' lang='lat'><strong><em>:</em></strong></span> <span class='ocrx_word' id='word_1_420' title='bbox 456 4609 624 4663; x_wconf 84' lang='lat' dir='ltr'><strong>neque</strong></span> <span class='ocrx_word' id='word_1_421' title='bbox 672 4596 1006 4667; x_wconf 79' lang='lat' dir='ltr'><strong>fornicatores</strong></span> <span class='ocrx_word' id='word_1_422' title='bbox 1029 4635 1044 4660; x_wconf 86' lang='lat'><strong>,</strong></span> <span class='ocrx_word' id='word_1_423' title='bbox 1091 4611 1249 4663; x_wconf 89' lang='lat' dir='ltr'><strong>neque</strong></span> <span class='ocrx_word' id='word_1_424' title='bbox 1297 4593 1475 4652; x_wconf 85' lang='lat' dir='ltr'><strong>molles</strong></span> <span class='ocrx_word' id='word_1_425' title='bbox 1527 4610 1738 4666; x_wconf 84' lang='lat' dir='ltr'><strong>regnum</strong></span> <span class='ocrx_word' id='word_1_426' title='bbox 1781 4592 1903 4648; x_wconf 85' lang='lat' dir='ltr'><strong>Dei-</strong></span> 
     </span>
    </p>
   </div>
   <div class='ocr_carea' id='block_1_49' title="bbox 269 4685 1880 4760">
    <p class='ocr_par' dir='ltr' id='par_1_49' title="bbox 269 4685 1880 4760">
     <span class='ocr_line' id='line_1_49' title="bbox 269 4685 1880 4760; baseline -0.002 -18"><span class='ocrx_word' id='word_1_427' title='bbox 269 4686 625 4754; x_wconf 83' lang='lat' dir='ltr'><strong>possidebunt</strong></span> <span class='ocrx_word' id='word_1_428' title='bbox 650 4685 832 4760; x_wconf 85' lang='lat' dir='ltr'><strong>(Ibid.</strong></span> <span class='ocrx_word' id='word_1_429' title='bbox 865 4689 916 4742; x_wconf 89' lang='grc'>6.</span> <span class='ocrx_word' id='word_1_430' title='bbox 947 4687 1053 4757; x_wconf 85' lang='lat'><strong>9);</strong></span> <span class='ocrx_word' id='word_1_431' title='bbox 1087 4696 1142 4742; x_wconf 90' lang='lat' dir='ltr'><strong>et</strong></span> <span class='ocrx_word' id='word_1_432' title='bbox 1178 4701 1364 4741; x_wconf 87' lang='lat' dir='ltr'><strong>rursus</strong></span> <span class='ocrx_word' id='word_1_433' title='bbox 1392 4704 1405 4740; x_wconf 91' lang='lat'><strong>:</strong></span> <span class='ocrx_word' id='word_1_434' title='bbox 1437 4686 1570 4740; x_wconf 83' lang='lat' dir='ltr'><strong>Ecce</strong></span> <span class='ocrx_word' id='word_1_435' title='bbox 1621 4703 1711 4758; x_wconf 88' lang='lat' dir='ltr'><strong>ego</strong></span> <span class='ocrx_word' id='word_1_436' title='bbox 1742 4685 1880 4739; x_wconf 87' lang='lat' dir='ltr'><strong>Pau-</strong></span> 
     </span>
    </p>
   </div>
   <div class='ocr_carea' id='block_1_50' title="bbox 270 4777 1878 4849">
    <p class='ocr_par' dir='ltr' id='par_1_50' title="bbox 270 4777 1878 4849">
     <span class='ocr_line' id='line_1_50' title="bbox 270 4777 1878 4849; baseline 0 -17"><span class='ocrx_word' id='word_1_437' title='bbox 270 4781 359 4834; x_wconf 89' lang='lat' dir='ltr'><strong>lus</strong></span> <span class='ocrx_word' id='word_1_438' title='bbox 385 4779 517 4833; x_wconf 85' lang='lat' dir='ltr'><strong>dico</strong></span> <span class='ocrx_word' id='word_1_439' title='bbox 546 4780 685 4833; x_wconf 83' lang='lat' dir='ltr'><strong>vobis</strong></span> <span class='ocrx_word' id='word_1_440' title='bbox 708 4821 723 4847; x_wconf 86' lang='lat'><strong>,</strong></span> <span class='ocrx_word' id='word_1_441' title='bbox 753 4779 887 4849; x_wconf 83' lang='lat' dir='ltr'><strong>quod</strong></span> <span class='ocrx_word' id='word_1_442' title='bbox 916 4780 961 4837; x_wconf 93' lang='lat' dir='ltr'><strong>si</strong></span> <span class='ocrx_word' id='word_1_443' title='bbox 986 4779 1419 4837; x_wconf 86' lang='lat' dir='ltr'><strong>circumcidantini</strong></span> <span class='ocrx_word' id='word_1_444' title='bbox 1444 4818 1460 4844; x_wconf 96' lang='lat'><strong>,</strong></span> <span class='ocrx_word' id='word_1_445' title='bbox 1486 4777 1717 4832; x_wconf 84' lang='lat' dir='ltr'><strong>Christus</strong></span> <span class='ocrx_word' id='word_1_446' title='bbox 1743 4779 1878 4832; x_wconf 80' lang='lat' dir='ltr'><strong>vobis</strong></span> 
     </span>
    </p>
   </div>
   <div class='ocr_carea' id='block_1_51' title="bbox 271 4868 1877 4941">
    <p class='ocr_par' dir='ltr' id='par_1_51' title="bbox 271 4868 1877 4941">
     <span class='ocr_line' id='line_1_51' title="bbox 271 4868 1877 4941; baseline 0 -17"><span class='ocrx_word' id='word_1_447' title='bbox 271 4869 419 4924; x_wconf 83' lang='lat' dir='ltr'><strong>nihil</strong></span> <span class='ocrx_word' id='word_1_448' title='bbox 448 4870 687 4940; x_wconf 83' lang='lat' dir='ltr'><strong>proderit</strong></span> <span class='ocrx_word' id='word_1_449' title='bbox 717 4869 857 4941; x_wconf 82' lang='lat' dir='ltr'><strong>(Gal.</strong></span> <span class='ocrx_word' id='word_1_450' title='bbox 885 4870 940 4926; x_wconf 83' lang='lat'><strong>5.</strong></span> <span class='ocrx_word' id='word_1_451' title='bbox 971 4869 1050 4941; x_wconf 75' lang='lat'><strong>2).</strong></span> <span class='ocrx_word' id='word_1_452' title='bbox 1080 4869 1178 4930; x_wconf 84' lang='lat' dir='ltr'><strong>llic</strong></span> <span class='ocrx_word' id='word_1_453' title='bbox 1215 4879 1394 4928; x_wconf 88' lang='lat' dir='ltr'><strong>autem</strong></span> <span class='ocrx_word' id='word_1_454' title='bbox 1422 4869 1676 4939; x_wconf 90' lang='lat' dir='ltr'><strong>quoniam</strong></span> <span class='ocrx_word' id='word_1_455' title='bbox 1705 4868 1772 4924; x_wconf 90' lang='lat' dir='ltr'><strong>de</strong></span> <span class='ocrx_word' id='word_1_456' title='bbox 1801 4869 1877 4924; x_wconf 91' lang='lat' dir='ltr'><strong>si-</strong></span> 
     </span>
    </p>
   </div>
   <div class='ocr_carea' id='block_1_52' title="bbox 269 4962 1879 5032">
    <p class='ocr_par' dir='ltr' id='par_1_52' title="bbox 269 4962 1879 5032">
     <span class='ocr_line' id='line_1_52' title="bbox 269 4962 1879 5032; baseline -0.004 -10"><span class='ocrx_word' id='word_1_457' title='bbox 269 4965 456 5022; x_wconf 81' lang='lat' dir='ltr'><strong>lentio</strong></span> <span class='ocrx_word' id='word_1_458' title='bbox 484 4962 750 5032; x_wconf 82' lang='lat' dir='ltr'><strong>agebatur</strong></span> <span class='ocrx_word' id='word_1_459' title='bbox 773 5005 792 5030; x_wconf 93' lang='lat'><strong>,</strong></span> <span class='ocrx_word' id='word_1_460' title='bbox 821 4977 927 5018; x_wconf 91' lang='lat' dir='ltr'><strong>non</strong></span> <span class='ocrx_word' id='word_1_461' title='bbox 955 4963 1242 5018; x_wconf 88' lang='lat' dir='ltr'><strong>admodum</strong></span> <span class='ocrx_word' id='word_1_462' title='bbox 1273 4962 1618 5019; x_wconf 85' lang='lat' dir='ltr'><strong>vehementer</strong></span> <span class='ocrx_word' id='word_1_463' title='bbox 1646 4962 1879 5018; x_wconf 87' lang='lat' dir='ltr'><strong>insecta-</strong></span> 
     </span>
    </p>
   </div>
   <div class='ocr_carea' id='block_1_53' title="bbox 269 5053 1880 5126">
    <p class='ocr_par' dir='ltr' id='par_1_53' title="bbox 269 5053 1880 5126">
     <span class='ocr_line' id='line_1_53' title="bbox 269 5053 1880 5126; baseline -0.003 -13"><span class='ocrx_word' id='word_1_464' title='bbox 269 5067 388 5123; x_wconf 87' lang='lat' dir='ltr'><strong>tur,</strong></span> <span class='ocrx_word' id='word_1_465' title='bbox 421 5057 539 5110; x_wconf 87' lang='lat' dir='ltr'><strong>hoc</strong></span> <span class='ocrx_word' id='word_1_466' title='bbox 565 5055 682 5125; x_wconf 89' lang='lat' dir='ltr'><strong>ipso</strong></span> <span class='ocrx_word' id='word_1_467' title='bbox 703 5070 798 5112; x_wconf 84' lang='lat' dir='ltr'><strong>eos</strong></span> <span class='ocrx_word' id='word_1_468' title='bbox 820 5056 990 5126; x_wconf 88' lang='lat' dir='ltr'><strong>magis</strong></span> <span class='ocrx_word' id='word_1_469' title='bbox 1013 5055 1310 5111; x_wconf 85' lang='lat' dir='ltr'><strong>attraltens.</strong></span> <span class='ocrx_word' id='word_1_470' title='bbox 1342 5053 1545 5110; x_wconf 89' lang='lat' dir='ltr'><strong>Deinde</strong></span> <span class='ocrx_word' id='word_1_471' title='bbox 1570 5054 1710 5124; x_wconf 91' lang='lat' dir='ltr'><strong>quod</strong></span> <span class='ocrx_word' id='word_1_472' title='bbox 1738 5068 1880 5110; x_wconf 90' lang='lat' dir='ltr'><strong>sem-</strong></span> 
     </span>
    </p>
   </div>
   <div class='ocr_carea' id='block_1_54' title="bbox 271 5145 1881 5220">
    <p class='ocr_par' dir='ltr' id='par_1_54' title="bbox 271 5145 1881 5220">
     <span class='ocr_line' id='line_1_54' title="bbox 271 5145 1881 5220; baseline -0.003 -15"><span class='ocrx_word' id='word_1_473' title='bbox 271 5165 377 5220; x_wconf 90' lang='lat' dir='ltr'><strong>per</strong></span> <span class='ocrx_word' id='word_1_474' title='bbox 424 5147 578 5204; x_wconf 89' lang='lat' dir='ltr'><strong>solet</strong></span> <span class='ocrx_word' id='word_1_475' title='bbox 621 5145 831 5215; x_wconf 89' lang='lat' dir='ltr'><strong>facere,</strong></span> <span class='ocrx_word' id='word_1_476' title='bbox 877 5147 944 5203; x_wconf 91' lang='lat' dir='ltr'><strong>ad</strong></span> <span class='ocrx_word' id='word_1_477' title='bbox 976 5147 1126 5219; x_wconf 90' lang='lat' dir='ltr'><strong>prius</strong></span> <span class='ocrx_word' id='word_1_478' title='bbox 1170 5154 1544 5217; x_wconf 77' lang='lat' dir='ltr'><strong>argumentum</strong></span> <span class='ocrx_word' id='word_1_479' title='bbox 1569 5187 1584 5211; x_wconf 89' lang='lat'><strong>,</strong></span> <span class='ocrx_word' id='word_1_480' title='bbox 1631 5146 1773 5201; x_wconf 88' lang='lat' dir='ltr'><strong>unde</strong></span> <span class='ocrx_word' id='word_1_481' title='bbox 1813 5145 1881 5201; x_wconf 92' lang='lat' dir='ltr'><strong>ad</strong></span> 
     </span>
    </p>
   </div>
   <div class='ocr_carea' id='block_1_55' title="bbox 269 5237 1876 5310">
    <p class='ocr_par' dir='ltr' id='par_1_55' title="bbox 269 5237 1876 5310">
     <span class='ocr_line' id='line_1_55' title="bbox 269 5237 1876 5310; baseline -0.002 -16"><span class='ocrx_word' id='word_1_482' title='bbox 269 5241 394 5295; x_wconf 82' lang='lat' dir='ltr'><strong>haec</strong></span> <span class='ocrx_word' id='word_1_483' title='bbox 445 5237 688 5296; x_wconf 85' lang='lat' dir='ltr'><strong>dicenda</strong></span> <span class='ocrx_word' id='word_1_484' title='bbox 733 5239 1006 5310; x_wconf 88' lang='lat' dir='ltr'><strong>digressus</strong></span> <span class='ocrx_word' id='word_1_485' title='bbox 1050 5247 1174 5305; x_wconf 90' lang='lat' dir='ltr'><strong>est,</strong></span> <span class='ocrx_word' id='word_1_486' title='bbox 1221 5238 1506 5294; x_wconf 89' lang='lat' dir='ltr'><strong>revertitur</strong></span> <span class='ocrx_word' id='word_1_487' title='bbox 1531 5237 1716 5292; x_wconf 89' lang='lat' dir='ltr'><strong>dicens</strong></span> <span class='ocrx_word' id='word_1_488' title='bbox 1745 5256 1757 5290; x_wconf 94' lang='lat'>:</span> <span class='ocrx_word' id='word_1_489' title='bbox 1787 5237 1876 5292; x_wconf 82' lang='lat'><strong>59.</strong></span> 
     </span>
    </p>
   </div>
   <div class='ocr_carea' id='block_1_56' title="bbox 269 5328 1881 5402">
    <p class='ocr_par' dir='ltr' id='par_1_56' title="bbox 269 5328 1881 5402">
     <span class='ocr_line' id='line_1_56' title="bbox 269 5328 1881 5402; baseline -0.004 -16"><span class='ocrx_word' id='word_1_490' title='bbox 269 5329 508 5402; x_wconf 81' lang='lat' dir='ltr'><strong>Itaque,</strong></span> <span class='ocrx_word' id='word_1_491' title='bbox 549 5331 734 5402; x_wconf 76' lang='lat' dir='ltr'><strong>fratres</strong></span> <span class='ocrx_word' id='word_1_492' title='bbox 759 5331 892 5397; x_wconf 89' lang='lat' dir='ltr'><strong>mei,</strong></span> <span class='ocrx_word' id='word_1_493' title='bbox 919 5330 1228 5384; x_wconf 70' lang='lat' dir='ltr'><strong>aemulamini</strong></span> <span class='ocrx_word' id='word_1_494' title='bbox 1271 5329 1627 5400; x_wconf 87' lang='lat' dir='ltr'><strong>prophetiam,</strong></span> <span class='ocrx_word' id='word_1_495' title='bbox 1656 5339 1703 5382; x_wconf 91' lang='lat' dir='ltr'><strong>et</strong></span> <span class='ocrx_word' id='word_1_496' title='bbox 1744 5328 1881 5396; x_wconf 88' lang='lat' dir='ltr'><strong>loqui</strong></span> 
     </span>
    </p>
   </div>
   <div class='ocr_carea' id='block_1_57' title="bbox 269 5421 1878 5496">
    <p class='ocr_par' dir='ltr' id='par_1_57' title="bbox 269 5421 1878 5496">
     <span class='ocr_line' id='line_1_57' title="bbox 269 5421 1878 5496; baseline -0.002 -19"><span class='ocrx_word' id='word_1_497' title='bbox 269 5423 476 5496; x_wconf 79' lang='lat' dir='ltr'><strong>linguis</strong></span> <span class='ocrx_word' id='word_1_498' title='bbox 529 5421 690 5475; x_wconf 88' lang='lat' dir='ltr'><strong>nolite</strong></span> <span class='ocrx_word' id='word_1_499' title='bbox 720 5422 1002 5495; x_wconf 87' lang='lat' dir='ltr'><strong>prohibere.</strong></span> <span class='ocrx_word' id='word_1_500' title='bbox 1039 5421 1136 5477; x_wconf 89' lang='lat' dir='ltr'><strong>Est</strong></span> <span class='ocrx_word' id='word_1_501' title='bbox 1175 5422 1317 5477; x_wconf 89' lang='lat' dir='ltr'><strong>enim</strong></span> <span class='ocrx_word' id='word_1_502' title='bbox 1350 5435 1467 5476; x_wconf 88' lang='lat' dir='ltr'><strong>mos</strong></span> <span class='ocrx_word' id='word_1_503' title='bbox 1509 5421 1626 5491; x_wconf 85' lang='lat' dir='ltr'><strong>ejus</strong></span> <span class='ocrx_word' id='word_1_504' title='bbox 1655 5435 1761 5476; x_wconf 92' lang='lat' dir='ltr'><strong>non</strong></span> <span class='ocrx_word' id='word_1_505' title='bbox 1793 5435 1878 5474; x_wconf 84' lang='lat' dir='ltr'><strong>so-</strong></span> 
     </span>
    </p>
   </div>
   <div class='ocr_carea' id='block_1_58' title="bbox 270 5501 1879 5588">
    <p class='ocr_par' dir='ltr' id='par_1_58' title="bbox 270 5501 1879 5588">
     <span class='ocr_line' id='line_1_58' title="bbox 270 5501 1879 5588; baseline -0.004 -16"><span class='ocrx_word' id='word_1_506' title='bbox 270 5501 388 5572; x_wconf 86' lang='lat' dir='ltr'><strong>lum</strong></span> <span class='ocrx_word' id='word_1_507' title='bbox 440 5530 618 5588; x_wconf 87' lang='lat' dir='ltr'><strong>agere</strong></span> <span class='ocrx_word' id='word_1_508' title='bbox 664 5514 717 5570; x_wconf 93' lang='lat' dir='ltr'><strong>id</strong></span> <span class='ocrx_word' id='word_1_509' title='bbox 743 5556 759 5583; x_wconf 91' lang='lat'><strong>,</strong></span> <span class='ocrx_word' id='word_1_510' title='bbox 792 5513 938 5585; x_wconf 92' lang='lat' dir='ltr'><strong>quod</strong></span> <span class='ocrx_word' id='word_1_511' title='bbox 969 5524 1050 5570; x_wconf 89' lang='lat' dir='ltr'><strong>est</strong></span> <span class='ocrx_word' id='word_1_512' title='bbox 1095 5514 1426 5585; x_wconf 89' lang='lat' dir='ltr'><strong>propositum</strong></span> <span class='ocrx_word' id='word_1_513' title='bbox 1449 5553 1465 5579; x_wconf 90' lang='lat'><strong>,</strong></span> <span class='ocrx_word' id='word_1_514' title='bbox 1498 5512 1593 5567; x_wconf 89' lang='lat' dir='ltr'><strong>sed</strong></span> <span class='ocrx_word' id='word_1_515' title='bbox 1625 5512 1782 5568; x_wconf 90' lang='lat' dir='ltr'><strong>etiam</strong></span> <span class='ocrx_word' id='word_1_516' title='bbox 1812 5527 1879 5566; x_wconf 79' lang='lat' dir='ltr'><strong>ex</strong></span> 
     </span>
    </p>
   </div>
   <div class='ocr_carea' id='block_1_59' title="bbox 273 5602 1877 5679">
    <p class='ocr_par' dir='ltr' id='par_1_59' title="bbox 273 5602 1877 5679">
     <span class='ocr_line' id='line_1_59' title="bbox 273 5602 1877 5679; baseline -0.003 -18"><span class='ocrx_word' id='word_1_517' title='bbox 273 5609 370 5664; x_wconf 86' lang='lat' dir='ltr'><strong>illo</strong></span> <span class='ocrx_word' id='word_1_518' title='bbox 403 5607 461 5663; x_wconf 91' lang='lat' dir='ltr'><strong>id</strong></span> <span class='ocrx_word' id='word_1_519' title='bbox 501 5605 648 5679; x_wconf 87' lang='lat' dir='ltr'><strong>quod</strong></span> <span class='ocrx_word' id='word_1_520' title='bbox 680 5605 1190 5678; x_wconf 87' lang='lat' dir='ltr'><strong>quomodocumque</strong></span> <span class='ocrx_word' id='word_1_521' title='bbox 1217 5605 1268 5661; x_wconf 91' lang='lat' dir='ltr'><strong>ei</strong></span> <span class='ocrx_word' id='word_1_522' title='bbox 1297 5604 1508 5659; x_wconf 87' lang='lat' dir='ltr'><strong>videtur</strong></span> <span class='ocrx_word' id='word_1_523' title='bbox 1536 5602 1877 5672; x_wconf 88' lang='lat' dir='ltr'><strong>conjunctutn</strong></span> 
     </span>
    </p>
   </div>
   <div class='ocr_carea' id='block_1_60' title="bbox 272 5693 1875 5776">
    <p class='ocr_par' dir='ltr' id='par_1_60' title="bbox 272 5693 1875 5776">
     <span class='ocr_line' id='line_1_60' title="bbox 272 5693 1875 5776; baseline -0.007 -18"><span class='ocrx_word' id='word_1_524' title='bbox 272 5703 575 5776; x_wconf 73' lang='lat' dir='ltr'><strong>corrigere</strong></span> <span class='ocrx_word' id='word_1_525' title='bbox 599 5739 612 5766; x_wconf 89' lang='lat'><strong>,</strong></span> <span class='ocrx_word' id='word_1_526' title='bbox 641 5706 697 5753; x_wconf 88' lang='lat' dir='ltr'><strong>et</strong></span> <span class='ocrx_word' id='word_1_527' title='bbox 741 5712 930 5754; x_wconf 87' lang='lat' dir='ltr'><strong>rursus</strong></span> <span class='ocrx_word' id='word_1_528' title='bbox 956 5698 1131 5753; x_wconf 85' lang='lat' dir='ltr'><strong>redire</strong></span> <span class='ocrx_word' id='word_1_529' title='bbox 1181 5696 1244 5751; x_wconf 87' lang='lat' dir='ltr'><strong>ad</strong></span> <span class='ocrx_word' id='word_1_530' title='bbox 1289 5695 1622 5766; x_wconf 74' lang='lat' dir='ltr'><strong>propositum</strong></span> <span class='ocrx_word' id='word_1_531' title='bbox 1645 5735 1658 5758; x_wconf 93' lang='lat'><strong>,</strong></span> <span class='ocrx_word' id='word_1_532' title='bbox 1693 5710 1758 5748; x_wconf 89' lang='lat' dir='ltr'><strong>ne</strong></span> <span class='ocrx_word' id='word_1_533' title='bbox 1801 5693 1875 5746; x_wconf 72' lang='lat' dir='ltr'><strong>vi-</strong></span> 
     </span>
    </p>
   </div>
   <div class='ocr_carea' id='block_1_61' title="bbox 1203 253 2546 328">
    <p class='ocr_par' dir='ltr' id='par_1_61' title="bbox 1203 253 2546 328">
     <span class='ocr_line' id='line_1_61' title="bbox 1203 253 2546 328; baseline -0.004 -3"><span class='ocrx_word' id='word_1_534' title='bbox 1203 267 1270 324; x_wconf 80' lang='lat' dir='ltr'><strong>IN</strong></span> <span class='ocrx_word' id='word_1_535' title='bbox 1309 263 1526 324; x_wconf 83' lang='lat' dir='ltr'><strong>EPIST.</strong></span> <span class='ocrx_word' id='word_1_536' title='bbox 1571 264 1589 320; x_wconf 89' lang='grc' dir='ltr'><strong>Ι</strong></span> <span class='ocrx_word' id='word_1_537' title='bbox 1654 262 1746 319; x_wconf 81' lang='grc' dir='ltr'><strong>ΑΙ)</strong></span> <span class='ocrx_word' id='word_1_538' title='bbox 1783 259 1945 318; x_wconf 80' lang='lat' dir='ltr'><strong>COR.</strong></span> <span class='ocrx_word' id='word_1_539' title='bbox 1987 260 2217 328; x_wconf 81' lang='lat' dir='ltr'><strong>IIOMIL.</strong></span> <span class='ocrx_word' id='word_1_540' title='bbox 2261 253 2546 321; x_wconf 5' lang='lat' dir='ltr'><strong>XXXVII.)</strong></span> 
     </span>
    </p>
   </div>
   <div class='ocr_carea' id='block_1_62' title="bbox 3455 271 3561 328">
    <p class='ocr_par' dir='ltr' id='par_1_62' title="bbox 3455 271 3561 328">
     <span class='ocr_line' id='line_1_62' title="bbox 3455 271 3561 328; baseline 0 -1"><span class='ocrx_word' id='word_1_541' title='bbox 3455 271 3561 328; x_wconf 72' lang='lat'><strong>518</strong></span> 
     </span>
    </p>
   </div>
   <div class='ocr_carea' id='block_1_63' title="bbox 1975 372 3560 453">
    <p class='ocr_par' dir='ltr' id='par_1_63' title="bbox 1975 372 3560 453">
     <span class='ocr_line' id='line_1_63' title="bbox 1975 372 3560 453; baseline 0.008 -25"><span class='ocrx_word' id='word_1_542' title='bbox 1975 372 2164 428; x_wconf 89' lang='lat' dir='ltr'><strong>deatur</strong></span> <span class='ocrx_word' id='word_1_543' title='bbox 2187 375 2437 432; x_wconf 79' lang='lat' dir='ltr'><strong>excidere</strong></span> <span class='ocrx_word' id='word_1_544' title='bbox 2481 377 2551 432; x_wconf 87' lang='lat' dir='ltr'><strong>ab</strong></span> <span class='ocrx_word' id='word_1_545' title='bbox 2575 389 2912 450; x_wconf 86' lang='lat' dir='ltr'><strong>argumento.</strong></span> <span class='ocrx_word' id='word_1_546' title='bbox 2968 379 3178 436; x_wconf 83' lang='lat' dir='ltr'><strong>Etenim</strong></span> <span class='ocrx_word' id='word_1_547' title='bbox 3228 384 3440 453; x_wconf 88' lang='lat' dir='ltr'><strong>quando</strong></span> <span class='ocrx_word' id='word_1_548' title='bbox 3481 386 3560 442; x_wconf 87' lang='lat' dir='ltr'><strong>lo-</strong></span> 
     </span>
    </p>
   </div>
   <div class='ocr_carea' id='block_1_64' title="bbox 1971 467 3558 546">
    <p class='ocr_par' dir='ltr' id='par_1_64' title="bbox 1971 467 3558 546">
     <span class='ocr_line' id='line_1_64' title="bbox 1971 467 3558 546; baseline 0.011 -27"><span class='ocrx_word' id='word_1_549' title='bbox 1971 467 2238 537; x_wconf 84' lang='lat' dir='ltr'><strong>quebatur</strong></span> <span class='ocrx_word' id='word_1_550' title='bbox 2275 467 2345 524; x_wconf 91' lang='lat' dir='ltr'><strong>de</strong></span> <span class='ocrx_word' id='word_1_551' title='bbox 2367 471 2656 526; x_wconf 87' lang='lat' dir='ltr'><strong>concordia</strong></span> <span class='ocrx_word' id='word_1_552' title='bbox 2685 472 2737 526; x_wconf 91' lang='lat' dir='ltr'><strong>in</strong></span> <span class='ocrx_word' id='word_1_553' title='bbox 2766 473 3000 540; x_wconf 87' lang='lat' dir='ltr'><strong>mensis;</strong></span> <span class='ocrx_word' id='word_1_554' title='bbox 3025 489 3148 528; x_wconf 89' lang='lat' dir='ltr'><strong>cum</strong></span> <span class='ocrx_word' id='word_1_555' title='bbox 3173 474 3446 546; x_wconf 82' lang='lat' dir='ltr'><strong>digressus</strong></span> <span class='ocrx_word' id='word_1_556' title='bbox 3466 493 3558 535; x_wconf 84' lang='lat' dir='ltr'><strong>es-</strong></span> 
     </span>
    </p>
   </div>
   <div class='ocr_carea' id='block_1_65' title="bbox 1968 557 3559 641">
    <p class='ocr_par' dir='ltr' id='par_1_65' title="bbox 1968 557 3559 641">
     <span class='ocr_line' id='line_1_65' title="bbox 1968 557 3559 641; baseline 0.011 -31"><span class='ocrx_word' id='word_1_557' title='bbox 1968 567 2054 611; x_wconf 87' lang='lat' dir='ltr'><strong>set</strong></span> <span class='ocrx_word' id='word_1_558' title='bbox 2074 557 2140 612; x_wconf 88' lang='lat' dir='ltr'><strong>ad</strong></span> <span class='ocrx_word' id='word_1_559' title='bbox 2164 561 2603 617; x_wconf 87' lang='lat' dir='ltr'><strong>communionem</strong></span> <span class='ocrx_word' id='word_1_560' title='bbox 2630 563 2682 617; x_wconf 93' lang='lat' dir='ltr'><strong>in</strong></span> <span class='ocrx_word' id='word_1_561' title='bbox 2710 565 3003 634; x_wconf 79' lang='lat' dir='ltr'><strong>mysteriis,</strong></span> <span class='ocrx_word' id='word_1_562' title='bbox 3027 575 3190 623; x_wconf 88' lang='lat' dir='ltr'><strong>eteos</strong></span> <span class='ocrx_word' id='word_1_563' title='bbox 3213 565 3334 622; x_wconf 91' lang='lat' dir='ltr'><strong>inde</strong></span> <span class='ocrx_word' id='word_1_564' title='bbox 3354 573 3559 641; x_wconf 87' lang='lat' dir='ltr'><strong>pudore</strong></span> 
     </span>
    </p>
   </div>
   <div class='ocr_carea' id='block_1_66' title="bbox 1969 647 3559 728">
    <p class='ocr_par' dir='ltr' id='par_1_66' title="bbox 1969 647 3559 728">
     <span class='ocr_line' id='line_1_66' title="bbox 1969 647 3559 728; baseline 0.009 -25"><span class='ocrx_word' id='word_1_565' title='bbox 1969 647 2252 716; x_wconf 78' lang='lat' dir='ltr'><strong>affecisset,</strong></span> <span class='ocrx_word' id='word_1_566' title='bbox 2274 651 2342 706; x_wconf 90' lang='lat' dir='ltr'><strong>ad</strong></span> <span class='ocrx_word' id='word_1_567' title='bbox 2368 653 2548 722; x_wconf 90' lang='lat' dir='ltr'><strong>priora</strong></span> <span class='ocrx_word' id='word_1_568' title='bbox 2579 669 2765 710; x_wconf 88' lang='lat' dir='ltr'><strong>rursus</strong></span> <span class='ocrx_word' id='word_1_569' title='bbox 2783 657 3093 725; x_wconf 91' lang='lat' dir='ltr'><strong>revertitur,</strong></span> <span class='ocrx_word' id='word_1_570' title='bbox 3121 658 3339 715; x_wconf 89' lang='lat' dir='ltr'><strong>dicens:</strong></span> <span class='ocrx_word' id='word_1_571' title='bbox 3367 661 3559 728; x_wconf 80' lang='lat' dir='ltr'><strong>Quant-</strong></span> 
     </span>
    </p>
   </div>
   <div class='ocr_carea' id='block_1_67' title="bbox 1970 739 3560 816">
    <p class='ocr_par' dir='ltr' id='par_1_67' title="bbox 1970 739 3560 816">
     <span class='ocr_line' id='line_1_67' title="bbox 1970 739 3560 816; baseline 0.011 -23"><span class='ocrx_word' id='word_1_572' title='bbox 1970 739 2140 795; x_wconf 89' lang='lat' dir='ltr'><strong>obrem</strong></span> <span class='ocrx_word' id='word_1_573' title='bbox 2206 746 2552 800; x_wconf 84' lang='lat' dir='ltr'><strong>convenientes</strong></span> <span class='ocrx_word' id='word_1_574' title='bbox 2612 745 2682 799; x_wconf 83' lang='lat' dir='ltr'><strong>ad</strong></span> <span class='ocrx_word' id='word_1_575' title='bbox 2743 747 3104 803; x_wconf 85' lang='lat' dir='ltr'><strong>comedendum</strong></span> <span class='ocrx_word' id='word_1_576' title='bbox 3129 791 3146 816; x_wconf 88' lang='lat'><strong>,</strong></span> <span class='ocrx_word' id='word_1_577' title='bbox 3201 767 3287 806; x_wconf 84' lang='lat' dir='ltr'><strong>vos</strong></span> <span class='ocrx_word' id='word_1_578' title='bbox 3349 753 3560 810; x_wconf 84' lang='lat' dir='ltr'><strong>invicem</strong></span> 
     </span>
    </p>
   </div>
   <div class='ocr_carea' id='block_1_68' title="bbox 1971 834 3560 914">
    <p class='ocr_par' dir='ltr' id='par_1_68' title="bbox 1971 834 3560 914">
     <span class='ocr_line' id='line_1_68' title="bbox 1971 834 3560 914; baseline 0.011 -28"><span class='ocrx_word' id='word_1_579' title='bbox 1971 842 2258 902; x_wconf 65' lang='lat' dir='ltr'><strong>exspectate</strong></span> <span class='ocrx_word' id='word_1_580' title='bbox 2281 834 2358 905; x_wconf 81' lang='lat' dir='ltr'><strong>(l.</strong></span> <span class='ocrx_word' id='word_1_581' title='bbox 2390 834 2509 890; x_wconf 87' lang='lat' dir='ltr'><strong>Cor.</strong></span> <span class='ocrx_word' id='word_1_582' title='bbox 2545 837 2634 891; x_wconf 79' lang='grc' dir='ltr'><strong>Η.</strong></span> <span class='ocrx_word' id='word_1_583' title='bbox 2660 837 2775 908; x_wconf 78' lang='lat'><strong>53).</strong></span> <span class='ocrx_word' id='word_1_584' title='bbox 2805 837 2880 893; x_wconf 81' lang='lat' dir='ltr'><strong>Ita</strong></span> <span class='ocrx_word' id='word_1_585' title='bbox 2915 839 3002 895; x_wconf 88' lang='lat' dir='ltr'><strong>hic</strong></span> <span class='ocrx_word' id='word_1_586' title='bbox 3025 857 3238 914; x_wconf 86' lang='lat' dir='ltr'><strong>quoque</strong></span> <span class='ocrx_word' id='word_1_587' title='bbox 3257 885 3272 910; x_wconf 88' lang='lat'><strong>,</strong></span> <span class='ocrx_word' id='word_1_588' title='bbox 3297 859 3419 901; x_wconf 90' lang='lat' dir='ltr'><strong>cum</strong></span> <span class='ocrx_word' id='word_1_589' title='bbox 3450 847 3560 903; x_wconf 82' lang='lat' dir='ltr'><strong>dis-</strong></span> 
     </span>
    </p>
   </div>
   <div class='ocr_carea' id='block_1_69' title="bbox 1971 925 3558 1010">
    <p class='ocr_par' dir='ltr' id='par_1_69' title="bbox 1971 925 3558 1010">
     <span class='ocr_line' id='line_1_69' title="bbox 1971 925 3558 1010; baseline 0.011 -32"><span class='ocrx_word' id='word_1_590' title='bbox 1971 925 2228 980; x_wconf 87' lang='lat' dir='ltr'><strong>seruisset</strong></span> <span class='ocrx_word' id='word_1_591' title='bbox 2275 927 2343 980; x_wconf 90' lang='lat' dir='ltr'><strong>de</strong></span> <span class='ocrx_word' id='word_1_592' title='bbox 2385 928 2574 984; x_wconf 88' lang='lat' dir='ltr'><strong>ordine</strong></span> <span class='ocrx_word' id='word_1_593' title='bbox 2617 928 2958 987; x_wconf 88' lang='lat' dir='ltr'><strong>observando</strong></span> <span class='ocrx_word' id='word_1_594' title='bbox 3001 933 3054 988; x_wconf 92' lang='lat' dir='ltr'><strong>in</strong></span> <span class='ocrx_word' id='word_1_595' title='bbox 3087 933 3274 1003; x_wconf 87' lang='lat' dir='ltr'><strong>donis,</strong></span> <span class='ocrx_word' id='word_1_596' title='bbox 3316 946 3372 994; x_wconf 90' lang='lat' dir='ltr'><strong>et</strong></span> <span class='ocrx_word' id='word_1_597' title='bbox 3414 939 3558 1010; x_wconf 76' lang='lat' dir='ltr'><strong>quod</strong></span> 
     </span>
    </p>
   </div>
   <div class='ocr_carea' id='block_1_70' title="bbox 1973 1018 3561 1102">
    <p class='ocr_par' dir='ltr' id='par_1_70' title="bbox 1973 1018 3561 1102">
     <span class='ocr_line' id='line_1_70' title="bbox 1973 1018 3561 1102; baseline 0.013 -35"><span class='ocrx_word' id='word_1_598' title='bbox 1973 1030 2146 1086; x_wconf 88' lang='lat' dir='ltr'><strong>neque</strong></span> <span class='ocrx_word' id='word_1_599' title='bbox 2194 1032 2428 1074; x_wconf 65' lang='lat' dir='ltr'><strong>maerore</strong></span> <span class='ocrx_word' id='word_1_600' title='bbox 2458 1018 2602 1075; x_wconf 79' lang='lat' dir='ltr'><strong>afﬁci</strong></span> <span class='ocrx_word' id='word_1_601' title='bbox 2633 1029 2884 1092; x_wconf 86' lang='lat' dir='ltr'><strong>oporteat</strong></span> <span class='ocrx_word' id='word_1_602' title='bbox 2931 1023 2983 1077; x_wconf 92' lang='lat' dir='ltr'><strong>iu</strong></span> <span class='ocrx_word' id='word_1_603' title='bbox 3018 1025 3314 1084; x_wconf 88' lang='lat' dir='ltr'><strong>minoribus</strong></span> <span class='ocrx_word' id='word_1_604' title='bbox 3336 1071 3353 1097; x_wconf 90' lang='lat'><strong>,</strong></span> <span class='ocrx_word' id='word_1_605' title='bbox 3385 1045 3561 1102; x_wconf 82' lang='lat' dir='ltr'><strong>neque</strong></span> 
     </span>
    </p>
   </div>
   <div class='ocr_carea' id='block_1_71' title="bbox 1975 1112 3560 1187">
    <p class='ocr_par' dir='ltr' id='par_1_71' title="bbox 1975 1112 3560 1187">
     <span class='ocr_line' id='line_1_71' title="bbox 1975 1112 3560 1187; baseline 0.013 -28"><span class='ocrx_word' id='word_1_606' title='bbox 1975 1114 2179 1162; x_wconf 90' lang='lat' dir='ltr'><strong>tumere</strong></span> <span class='ocrx_word' id='word_1_607' title='bbox 2206 1118 2427 1179; x_wconf 88' lang='lat' dir='ltr'><strong>propter</strong></span> <span class='ocrx_word' id='word_1_608' title='bbox 2453 1112 2678 1181; x_wconf 83' lang='lat' dir='ltr'><strong>majora,</strong></span> <span class='ocrx_word' id='word_1_609' title='bbox 2707 1121 2764 1168; x_wconf 93' lang='lat' dir='ltr'><strong>et</strong></span> <span class='ocrx_word' id='word_1_610' title='bbox 2791 1113 2985 1170; x_wconf 90' lang='lat' dir='ltr'><strong>deinde</strong></span> <span class='ocrx_word' id='word_1_611' title='bbox 3011 1116 3287 1187; x_wconf 87' lang='lat' dir='ltr'><strong>digressus</strong></span> <span class='ocrx_word' id='word_1_612' title='bbox 3317 1133 3463 1178; x_wconf 82' lang='lat' dir='ltr'><strong>esset</strong></span> <span class='ocrx_word' id='word_1_613' title='bbox 3489 1125 3560 1180; x_wconf 87' lang='lat' dir='ltr'><strong>ad</strong></span> 
     </span>
    </p>
   </div>
   <div class='ocr_carea' id='block_1_72' title="bbox 1973 1199 3562 1276">
    <p class='ocr_par' dir='ltr' id='par_1_72' title="bbox 1973 1199 3562 1276">
     <span class='ocr_line' id='line_1_72' title="bbox 1973 1199 3562 1276; baseline 0.011 -24"><span class='ocrx_word' id='word_1_614' title='bbox 1973 1199 2290 1254; x_wconf 83' lang='lat' dir='ltr'><strong>modestiam</strong></span> <span class='ocrx_word' id='word_1_615' title='bbox 2320 1201 2639 1258; x_wconf 89' lang='lat' dir='ltr'><strong>mulieribus</strong></span> <span class='ocrx_word' id='word_1_616' title='bbox 2667 1205 3078 1263; x_wconf 87' lang='lat' dir='ltr'><strong>convenientem</strong></span> <span class='ocrx_word' id='word_1_617' title='bbox 3099 1249 3116 1276; x_wconf 90' lang='lat'><strong>,</strong></span> <span class='ocrx_word' id='word_1_618' title='bbox 3146 1217 3202 1265; x_wconf 88' lang='lat' dir='ltr'><strong>et</strong></span> <span class='ocrx_word' id='word_1_619' title='bbox 3226 1224 3344 1265; x_wconf 89' lang='lat' dir='ltr'><strong>eam</strong></span> <span class='ocrx_word' id='word_1_620' title='bbox 3372 1214 3562 1270; x_wconf 78' lang='lat' dir='ltr'><strong>conﬁr-</strong></span> 
     </span>
    </p>
   </div>
   <div class='ocr_carea' id='block_1_73' title="bbox 1974 1292 3560 1375">
    <p class='ocr_par' dir='ltr' id='par_1_73' title="bbox 1974 1292 3560 1375">
     <span class='ocr_line' id='line_1_73' title="bbox 1974 1292 3560 1375; baseline 0.011 -32"><span class='ocrx_word' id='word_1_621' title='bbox 1974 1300 2195 1357; x_wconf 87' lang='lat' dir='ltr'><strong>masset,</strong></span> <span class='ocrx_word' id='word_1_622' title='bbox 2229 1292 2367 1347; x_wconf 90' lang='lat' dir='ltr'><strong>redit</strong></span> <span class='ocrx_word' id='word_1_623' title='bbox 2391 1293 2457 1348; x_wconf 93' lang='lat' dir='ltr'><strong>ad</strong></span> <span class='ocrx_word' id='word_1_624' title='bbox 2485 1295 2815 1366; x_wconf 88' lang='lat' dir='ltr'><strong>propositum</strong></span> <span class='ocrx_word' id='word_1_625' title='bbox 2837 1339 2852 1364; x_wconf 93' lang='lat'><strong>,</strong></span> <span class='ocrx_word' id='word_1_626' title='bbox 2884 1313 3074 1354; x_wconf 86' lang='lat' dir='ltr'><strong>rursus</strong></span> <span class='ocrx_word' id='word_1_627' title='bbox 3097 1299 3321 1357; x_wconf 88' lang='lat' dir='ltr'><strong>dicens:</strong></span> <span class='ocrx_word' id='word_1_628' title='bbox 3355 1301 3560 1375; x_wconf 82' lang='lat' dir='ltr'><strong>Itaque,</strong></span> 
     </span>
    </p>
   </div>
   <div class='ocr_carea' id='block_1_74' title="bbox 1974 1383 3562 1466">
    <p class='ocr_par' dir='ltr' id='par_1_74' title="bbox 1974 1383 3562 1466">
     <span class='ocr_line' id='line_1_74' title="bbox 1974 1383 3562 1466; baseline 0.012 -34"><span class='ocrx_word' id='word_1_629' title='bbox 1974 1385 2158 1451; x_wconf 75' lang='lat' dir='ltr'><strong>fratres</strong></span> <span class='ocrx_word' id='word_1_630' title='bbox 2188 1383 2318 1448; x_wconf 88' lang='lat' dir='ltr'><strong>mei,</strong></span> <span class='ocrx_word' id='word_1_631' title='bbox 2366 1385 2681 1440; x_wconf 83' lang='lat' dir='ltr'><strong>temulamini</strong></span> <span class='ocrx_word' id='word_1_632' title='bbox 2723 1389 3038 1459; x_wconf 81' lang='lat' dir='ltr'><strong>prapheliam</strong></span> <span class='ocrx_word' id='word_1_633' title='bbox 3058 1431 3074 1458; x_wconf 86' lang='lat'><strong>,</strong></span> <span class='ocrx_word' id='word_1_634' title='bbox 3106 1400 3152 1445; x_wconf 91' lang='lat' dir='ltr'><strong>et</strong></span> <span class='ocrx_word' id='word_1_635' title='bbox 3193 1392 3333 1464; x_wconf 84' lang='lat' dir='ltr'><strong>loqui</strong></span> <span class='ocrx_word' id='word_1_636' title='bbox 3376 1395 3562 1466; x_wconf 87' lang='lat' dir='ltr'><strong>linguis</strong></span> 
     </span>
    </p>
   </div>
   <div class='ocr_carea' id='block_1_75' title="bbox 1975 1475 3564 1559">
    <p class='ocr_par' dir='ltr' id='par_1_75' title="bbox 1975 1475 3564 1559">
     <span class='ocr_line' id='line_1_75' title="bbox 1975 1475 3564 1559; baseline 0.011 -33"><span class='ocrx_word' id='word_1_637' title='bbox 1975 1475 2131 1529; x_wconf 88' lang='lat' dir='ltr'><strong>nolite</strong></span> <span class='ocrx_word' id='word_1_638' title='bbox 2160 1477 2442 1545; x_wconf 84' lang='lat' dir='ltr'><strong>prohibere.</strong></span> <span class='ocrx_word' id='word_1_639' title='bbox 2493 1479 2738 1535; x_wconf 84' lang='lat' dir='ltr'><strong>Vidistin’</strong></span> <span class='ocrx_word' id='word_1_640' title='bbox 2765 1483 3040 1552; x_wconf 91' lang='lat' dir='ltr'><strong>quomodo</strong></span> <span class='ocrx_word' id='word_1_641' title='bbox 3085 1485 3152 1539; x_wconf 86' lang='lat' dir='ltr'><strong>ad</strong></span> <span class='ocrx_word' id='word_1_642' title='bbox 3197 1485 3358 1542; x_wconf 83' lang='lat' dir='ltr'><strong>finem</strong></span> <span class='ocrx_word' id='word_1_643' title='bbox 3391 1502 3564 1559; x_wconf 89' lang='lat' dir='ltr'><strong>usque</strong></span> 
     </span>
    </p>
   </div>
   <div class='ocr_carea' id='block_1_76' title="bbox 1974 1567 3562 1649">
    <p class='ocr_par' dir='ltr' id='par_1_76' title="bbox 1974 1567 3562 1649">
     <span class='ocr_line' id='line_1_76' title="bbox 1974 1567 3562 1649; baseline 0.011 -29"><span class='ocrx_word' id='word_1_644' title='bbox 1974 1567 2268 1621; x_wconf 74' lang='lat' dir='ltr'><strong>servaverit</strong></span> <span class='ocrx_word' id='word_1_645' title='bbox 2295 1567 2668 1637; x_wconf 75' lang='lat' dir='ltr'><strong>dili‘erentiam,</strong></span> <span class='ocrx_word' id='word_1_646' title='bbox 2697 1581 2752 1627; x_wconf 92' lang='lat' dir='ltr'><strong>et</strong></span> <span class='ocrx_word' id='word_1_647' title='bbox 2786 1575 3060 1642; x_wconf 89' lang='lat' dir='ltr'><strong>quomodo</strong></span> <span class='ocrx_word' id='word_1_648' title='bbox 3094 1575 3322 1633; x_wconf 88' lang='lat' dir='ltr'><strong>alterum</strong></span> <span class='ocrx_word' id='word_1_649' title='bbox 3345 1579 3562 1649; x_wconf 90' lang='lat' dir='ltr'><strong>quidem</strong></span> 
     </span>
    </p>
   </div>
   <div class='ocr_carea' id='block_1_77' title="bbox 1975 1658 3562 1734">
    <p class='ocr_par' dir='ltr' id='par_1_77' title="bbox 1975 1658 3562 1734">
     <span class='ocr_line' id='line_1_77' title="bbox 1975 1658 3562 1734; baseline 0.011 -22"><span class='ocrx_word' id='word_1_650' title='bbox 1975 1658 2223 1713; x_wconf 88' lang='lat' dir='ltr'><strong>ostendat</strong></span> <span class='ocrx_word' id='word_1_651' title='bbox 2265 1661 2420 1718; x_wconf 84' lang='lat' dir='ltr'><strong>valde</strong></span> <span class='ocrx_word' id='word_1_652' title='bbox 2471 1666 2876 1734; x_wconf 88' lang='lat' dir='ltr'><strong>necessarium,</strong></span> <span class='ocrx_word' id='word_1_653' title='bbox 2924 1669 3164 1724; x_wconf 86' lang='lat' dir='ltr'><strong>alterum</strong></span> <span class='ocrx_word' id='word_1_654' title='bbox 3212 1682 3390 1727; x_wconf 88' lang='lat' dir='ltr'><strong>autem</strong></span> <span class='ocrx_word' id='word_1_655' title='bbox 3455 1690 3562 1730; x_wconf 92' lang='lat' dir='ltr'><strong>non</strong></span> 
     </span>
    </p>
   </div>
   <div class='ocr_carea' id='block_1_78' title="bbox 1977 1752 3566 1832">
    <p class='ocr_par' dir='ltr' id='par_1_78' title="bbox 1977 1752 3566 1832">
     <span class='ocr_line' id='line_1_78' title="bbox 1977 1752 3566 1832; baseline 0.009 -26"><span class='ocrx_word' id='word_1_656' title='bbox 1977 1752 2146 1806; x_wconf 80' lang='lat' dir='ltr'><strong>item?</strong></span> <span class='ocrx_word' id='word_1_657' title='bbox 2172 1753 2529 1821; x_wconf 85' lang='lat' dir='ltr'><strong>Quamobrem</strong></span> <span class='ocrx_word' id='word_1_658' title='bbox 2559 1757 2628 1812; x_wconf 89' lang='lat' dir='ltr'><strong>de</strong></span> <span class='ocrx_word' id='word_1_659' title='bbox 2654 1758 2744 1812; x_wconf 92' lang='lat' dir='ltr'><strong>illo</strong></span> <span class='ocrx_word' id='word_1_660' title='bbox 2763 1760 2979 1829; x_wconf 89' lang='lat' dir='ltr'><strong>quidem</strong></span> <span class='ocrx_word' id='word_1_661' title='bbox 3006 1762 3156 1829; x_wconf 88' lang='lat' dir='ltr'><strong>dicit,</strong></span> <span class='ocrx_word' id='word_1_662' title='bbox 3179 1763 3566 1832; x_wconf 66' lang='lat' dir='ltr'><strong>Emulamini;</strong></span> 
     </span>
    </p>
   </div>
   <div class='ocr_carea' id='block_1_79' title="bbox 1977 1842 3564 1929">
    <p class='ocr_par' dir='ltr' id='par_1_79' title="bbox 1977 1842 3564 1929">
     <span class='ocr_line' id='line_1_79' title="bbox 1977 1842 3564 1929; baseline 0.012 -32"><span class='ocrx_word' id='word_1_663' title='bbox 1977 1842 2167 1899; x_wconf 89' lang='lat' dir='ltr'><strong>dehoe</strong></span> <span class='ocrx_word' id='word_1_664' title='bbox 2191 1854 2393 1913; x_wconf 88' lang='lat' dir='ltr'><strong>autem,</strong></span> <span class='ocrx_word' id='word_1_665' title='bbox 2425 1847 2603 1904; x_wconf 87' lang='lat' dir='ltr'><strong>Nolite</strong></span> <span class='ocrx_word' id='word_1_666' title='bbox 2643 1851 2926 1920; x_wconf 73' lang='lat' dir='ltr'><strong>prohibere.</strong></span> <span class='ocrx_word' id='word_1_667' title='bbox 2962 1855 3165 1912; x_wconf 86' lang='lat' dir='ltr'><strong>Deinde</strong></span> <span class='ocrx_word' id='word_1_668' title='bbox 3209 1866 3480 1929; x_wconf 84' lang='lat' dir='ltr'><strong>tamquam</strong></span> <span class='ocrx_word' id='word_1_669' title='bbox 3511 1861 3564 1916; x_wconf 89' lang='lat' dir='ltr'><strong>in</strong></span> 
     </span>
    </p>
   </div>
   <div class='ocr_carea' id='block_1_80' title="bbox 1977 1940 3570 2017">
    <p class='ocr_par' dir='ltr' id='par_1_80' title="bbox 1977 1940 3570 2017">
     <span class='ocr_line' id='line_1_80' title="bbox 1977 1940 3570 2017; baseline 0.012 -28"><span class='ocrx_word' id='word_1_670' title='bbox 1977 1951 2189 1992; x_wconf 87' lang='lat' dir='ltr'><strong>summo</strong></span> <span class='ocrx_word' id='word_1_671' title='bbox 2214 1940 2392 1993; x_wconf 87' lang='lat' dir='ltr'><strong>omnia</strong></span> <span class='ocrx_word' id='word_1_672' title='bbox 2423 1942 2699 2012; x_wconf 80' lang='lat' dir='ltr'><strong>corrigens</strong></span> <span class='ocrx_word' id='word_1_673' title='bbox 2719 1987 2736 2012; x_wconf 92' lang='lat'><strong>,</strong></span> <span class='ocrx_word' id='word_1_674' title='bbox 2763 1945 3039 2017; x_wconf 88' lang='lat' dir='ltr'><strong>subjungit</strong></span> <span class='ocrx_word' id='word_1_675' title='bbox 3075 1948 3261 2005; x_wconf 89' lang='lat' dir='ltr'><strong>dicens</strong></span> <span class='ocrx_word' id='word_1_676' title='bbox 3287 1969 3302 2006; x_wconf 88' lang='lat'><strong>:</strong></span> <span class='ocrx_word' id='word_1_677' title='bbox 3330 1951 3420 2006; x_wconf 69' lang='lat'><strong>40.</strong></span> <span class='ocrx_word' id='word_1_678' title='bbox 3449 1951 3570 2006; x_wconf 86' lang='lat' dir='ltr'><strong>0m-</strong></span> 
     </span>
    </p>
   </div>
   <div class='ocr_carea' id='block_1_81' title="bbox 1978 2026 3567 2110">
    <p class='ocr_par' dir='ltr' id='par_1_81' title="bbox 1978 2026 3567 2110">
     <span class='ocr_line' id='line_1_81' title="bbox 1978 2026 3567 2110; baseline 0.014 -32"><span class='ocrx_word' id='word_1_679' title='bbox 1978 2026 2064 2079; x_wconf 90' lang='lat' dir='ltr'><strong>nia</strong></span> <span class='ocrx_word' id='word_1_680' title='bbox 2093 2038 2258 2082; x_wconf 87' lang='lat' dir='ltr'><strong>autem</strong></span> <span class='ocrx_word' id='word_1_681' title='bbox 2286 2030 2494 2086; x_wconf 87' lang='lat' dir='ltr'><strong>honeste</strong></span> <span class='ocrx_word' id='word_1_682' title='bbox 2531 2043 2576 2087; x_wconf 88' lang='lat' dir='ltr'><strong>et</strong></span> <span class='ocrx_word' id='word_1_683' title='bbox 2605 2036 2880 2090; x_wconf 87' lang='lat' dir='ltr'><strong>secundum</strong></span> <span class='ocrx_word' id='word_1_684' title='bbox 2925 2039 3155 2093; x_wconf 85' lang='lat' dir='ltr'><strong>ordinem</strong></span> <span class='ocrx_word' id='word_1_685' title='bbox 3185 2041 3351 2110; x_wconf 78' lang='lat' dir='ltr'><strong>ﬁant;</strong></span> <span class='ocrx_word' id='word_1_686' title='bbox 3380 2059 3567 2100; x_wconf 81' lang='lat' dir='ltr'><strong>rursus</strong></span> 
     </span>
    </p>
   </div>
   <div class='ocr_carea' id='block_1_82' title="bbox 1980 2115 3568 2202">
    <p class='ocr_par' dir='ltr' id='par_1_82' title="bbox 1980 2115 3568 2202">
     <span class='ocr_line' id='line_1_82' title="bbox 1980 2115 3568 2202; baseline 0.013 -33"><span class='ocrx_word' id='word_1_687' title='bbox 1980 2115 2100 2172; x_wconf 91' lang='lat' dir='ltr'><strong>illos</strong></span> <span class='ocrx_word' id='word_1_688' title='bbox 2125 2126 2349 2189; x_wconf 84' lang='lat' dir='ltr'><strong>tangens</strong></span> <span class='ocrx_word' id='word_1_689' title='bbox 2379 2123 2469 2192; x_wconf 91' lang='lat' dir='ltr'><strong>qui</strong></span> <span class='ocrx_word' id='word_1_690' title='bbox 2494 2123 2680 2179; x_wconf 89' lang='lat' dir='ltr'><strong>volunt</strong></span> <span class='ocrx_word' id='word_1_691' title='bbox 2706 2135 2906 2182; x_wconf 88' lang='lat' dir='ltr'><strong>temere</strong></span> <span class='ocrx_word' id='word_1_692' title='bbox 2927 2142 2986 2182; x_wconf 90' lang='lat' dir='ltr'><strong>se</strong></span> <span class='ocrx_word' id='word_1_693' title='bbox 3011 2129 3265 2187; x_wconf 89' lang='lat' dir='ltr'><strong>indecore</strong></span> <span class='ocrx_word' id='word_1_694' title='bbox 3284 2147 3492 2202; x_wconf 87' lang='lat' dir='ltr'><strong>gerere,</strong></span> <span class='ocrx_word' id='word_1_695' title='bbox 3515 2145 3568 2190; x_wconf 93' lang='lat' dir='ltr'><strong>et</strong></span> 
     </span>
    </p>
   </div>
   <div class='ocr_carea' id='block_1_83' title="bbox 1983 2206 3662 2291">
    <p class='ocr_par' dir='ltr' id='par_1_83' title="bbox 1983 2206 3662 2291">
     <span class='ocr_line' id='line_1_83' title="bbox 1983 2206 3662 2291; baseline 0.013 -31"><span class='ocrx_word' id='word_1_696' title='bbox 1983 2206 2208 2263; x_wconf 79' lang='lat' dir='ltr'><strong>insania:</strong></span> <span class='ocrx_word' id='word_1_697' title='bbox 2255 2210 2356 2264; x_wconf 83' lang='lat' dir='ltr'><strong>sibi</strong></span> <span class='ocrx_word' id='word_1_698' title='bbox 2405 2221 2586 2268; x_wconf 90' lang='lat' dir='ltr'><strong>notam</strong></span> <span class='ocrx_word' id='word_1_699' title='bbox 2620 2215 2871 2284; x_wconf 91' lang='lat' dir='ltr'><strong>inurere,</strong></span> <span class='ocrx_word' id='word_1_700' title='bbox 2910 2232 3010 2274; x_wconf 89' lang='lat' dir='ltr'><strong>nec</strong></span> <span class='ocrx_word' id='word_1_701' title='bbox 3037 2233 3418 2291; x_wconf 76' lang='lat' dir='ltr'><strong>congruentem</strong></span> <span class='ocrx_word' id='word_1_702' title='bbox 3469 2227 3567 2283; x_wconf 88' lang='lat' dir='ltr'><strong>sibi</strong></span> <span class='ocrx_word' id='word_1_703' title='bbox 3655 2219 3662 2224; x_wconf 79' lang='grc'><em>’</em></span> 
     </span>
    </p>
   </div>
   <div class='ocr_carea' id='block_1_84' title="bbox 1981 2300 2502 2356">
    <p class='ocr_par' dir='ltr' id='par_1_84' title="bbox 1981 2300 2502 2356">
     <span class='ocr_line' id='line_1_84' title="bbox 1981 2300 2502 2356; baseline 0.013 -6"><span class='ocrx_word' id='word_1_704' title='bbox 1981 2306 2197 2352; x_wconf 83' lang='lat' dir='ltr'><strong>servant</strong></span> <span class='ocrx_word' id='word_1_705' title='bbox 2236 2300 2502 2356; x_wconf 89' lang='lat' dir='ltr'><strong>ordinem.</strong></span> 
     </span>
    </p>
   </div>
   <div class='ocr_carea' id='block_1_85' title="bbox 2055 2387 3564 2466">
    <p class='ocr_par' dir='ltr' id='par_1_85' title="bbox 2055 2387 3564 2466">
     <span class='ocr_line' id='line_1_85' title="bbox 2055 2387 3564 2466; baseline 0.017 -27"><span class='ocrx_word' id='word_1_706' title='bbox 2055 2387 2194 2442; x_wconf 85' lang='lat' dir='ltr'><strong>Ordo</strong></span> <span class='ocrx_word' id='word_1_707' title='bbox 2218 2401 2380 2446; x_wconf 86' lang='lat' dir='ltr'><strong>rectus</strong></span> <span class='ocrx_word' id='word_1_708' title='bbox 2410 2410 2604 2466; x_wconf 87' lang='lat' dir='ltr'><strong>semper</strong></span> <span class='ocrx_word' id='word_1_709' title='bbox 2645 2397 2940 2452; x_wconf 86' lang='lat' dir='ltr'><strong>servandus.</strong></span> <span class='ocrx_word' id='word_1_710' title='bbox 2981 2399 3222 2458; x_wconf 79' lang='lat' dir='ltr'><strong>Avaritia:</strong></span> <span class='ocrx_word' id='word_1_711' title='bbox 3252 2407 3474 2462; x_wconf 88' lang='lat' dir='ltr'><strong>morbus.</strong></span> <span class='ocrx_word' id='word_1_712' title='bbox 3497 2440 3564 2452; x_wconf 92' lang='lat'><strong>—-</strong></span> 
     </span>
    </p>
   </div>
   <div class='ocr_carea' id='block_1_86' title="bbox 1981 2477 3570 2569">
    <p class='ocr_par' dir='ltr' id='par_1_86' title="bbox 1981 2477 3570 2569">
     <span class='ocr_line' id='line_1_86' title="bbox 1981 2477 3570 2569; baseline 0.015 -36"><span class='ocrx_word' id='word_1_713' title='bbox 1981 2477 2123 2534; x_wconf 89' lang='lat' dir='ltr'><strong>Nihil</strong></span> <span class='ocrx_word' id='word_1_714' title='bbox 2153 2483 2293 2536; x_wconf 91' lang='lat' dir='ltr'><strong>enim</strong></span> <span class='ocrx_word' id='word_1_715' title='bbox 2317 2499 2468 2555; x_wconf 73' lang='lat' dir='ltr'><strong>teque</strong></span> <span class='ocrx_word' id='word_1_716' title='bbox 2493 2487 2721 2543; x_wconf 62' lang='lat' dir='ltr'><strong>aedificat</strong></span> <span class='ocrx_word' id='word_1_717' title='bbox 2751 2499 2808 2544; x_wconf 91' lang='lat' dir='ltr'><strong>ut</strong></span> <span class='ocrx_word' id='word_1_718' title='bbox 2833 2489 2968 2547; x_wconf 88' lang='lat' dir='ltr'><strong>ordo</strong></span> <span class='ocrx_word' id='word_1_719' title='bbox 2998 2502 3208 2563; x_wconf 87' lang='lat' dir='ltr'><strong>rectus,</strong></span> <span class='ocrx_word' id='word_1_720' title='bbox 3238 2505 3298 2552; x_wconf 91' lang='lat' dir='ltr'><strong>ut</strong></span> <span class='ocrx_word' id='word_1_721' title='bbox 3337 2515 3442 2569; x_wconf 79' lang='lat' dir='ltr'><strong>pax</strong></span> <span class='ocrx_word' id='word_1_722' title='bbox 3463 2542 3479 2566; x_wconf 90' lang='lat'><strong>,</strong></span> <span class='ocrx_word' id='word_1_723' title='bbox 3511 2511 3570 2559; x_wconf 92' lang='lat' dir='ltr'><strong>ut</strong></span> 
     </span>
    </p>
   </div>
   <div class='ocr_carea' id='block_1_87' title="bbox 1981 2572 3570 2648">
    <p class='ocr_par' dir='ltr' id='par_1_87' title="bbox 1981 2572 3570 2648">
     <span class='ocr_line' id='line_1_87' title="bbox 1981 2572 3570 2648; baseline 0.015 -24"><span class='ocrx_word' id='word_1_724' title='bbox 1981 2572 2176 2627; x_wconf 84' lang='lat' dir='ltr'><strong>caritas</strong></span> <span class='ocrx_word' id='word_1_725' title='bbox 2199 2615 2214 2641; x_wconf 92' lang='lat'><strong>,</strong></span> <span class='ocrx_word' id='word_1_726' title='bbox 2247 2575 2386 2630; x_wconf 91' lang='lat' dir='ltr'><strong>sicut</strong></span> <span class='ocrx_word' id='word_1_727' title='bbox 2414 2577 2574 2632; x_wconf 89' lang='lat' dir='ltr'><strong>etiam</strong></span> <span class='ocrx_word' id='word_1_728' title='bbox 2604 2581 2874 2635; x_wconf 87' lang='lat' dir='ltr'><strong>contraria</strong></span> <span class='ocrx_word' id='word_1_729' title='bbox 2900 2581 3224 2640; x_wconf 88' lang='lat' dir='ltr'><strong>dissolvunt.</strong></span> <span class='ocrx_word' id='word_1_730' title='bbox 3248 2587 3364 2644; x_wconf 91' lang='lat' dir='ltr'><strong>Non</strong></span> <span class='ocrx_word' id='word_1_731' title='bbox 3395 2592 3570 2648; x_wconf 88' lang='lat' dir='ltr'><strong>solum</strong></span> 
     </span>
    </p>
   </div>
   <div class='ocr_carea' id='block_1_88' title="bbox 1981 2665 3573 2740">
    <p class='ocr_par' dir='ltr' id='par_1_88' title="bbox 1981 2665 3573 2740">
     <span class='ocr_line' id='line_1_88' title="bbox 1981 2665 3573 2740; baseline 0.014 -23"><span class='ocrx_word' id='word_1_732' title='bbox 1981 2674 2160 2719; x_wconf 89' lang='lat' dir='ltr'><strong>autem</strong></span> <span class='ocrx_word' id='word_1_733' title='bbox 2192 2665 2245 2720; x_wconf 92' lang='lat' dir='ltr'><strong>in</strong></span> <span class='ocrx_word' id='word_1_734' title='bbox 2269 2668 2655 2737; x_wconf 87' lang='lat' dir='ltr'><strong>spiritualibus,</strong></span> <span class='ocrx_word' id='word_1_735' title='bbox 2689 2671 2783 2727; x_wconf 89' lang='lat' dir='ltr'><strong>sed</strong></span> <span class='ocrx_word' id='word_1_736' title='bbox 2805 2673 2964 2728; x_wconf 89' lang='lat' dir='ltr'><strong>etiam</strong></span> <span class='ocrx_word' id='word_1_737' title='bbox 2990 2674 3042 2729; x_wconf 92' lang='lat' dir='ltr'><strong>in</strong></span> <span class='ocrx_word' id='word_1_738' title='bbox 3064 2677 3183 2732; x_wconf 91' lang='lat' dir='ltr'><strong>aliis</strong></span> <span class='ocrx_word' id='word_1_739' title='bbox 3204 2681 3449 2737; x_wconf 85' lang='lat' dir='ltr'><strong>omnibus</strong></span> <span class='ocrx_word' id='word_1_740' title='bbox 3471 2681 3573 2740; x_wconf 86' lang='lat' dir='ltr'><strong>hoc</strong></span> 
     </span>
    </p>
   </div>
   <div class='ocr_carea' id='block_1_89' title="bbox 1980 2755 3570 2840">
    <p class='ocr_par' dir='ltr' id='par_1_89' title="bbox 1980 2755 3570 2840">
     <span class='ocr_line' id='line_1_89' title="bbox 1980 2755 3570 2840; baseline 0.015 -33"><span class='ocrx_word' id='word_1_741' title='bbox 1980 2755 2198 2812; x_wconf 89' lang='lat' dir='ltr'><strong>videris.</strong></span> <span class='ocrx_word' id='word_1_742' title='bbox 2226 2757 2361 2812; x_wconf 87' lang='lat' dir='ltr'><strong>Nam</strong></span> <span class='ocrx_word' id='word_1_743' title='bbox 2388 2760 2500 2816; x_wconf 89' lang='lat' dir='ltr'><strong>sive</strong></span> <span class='ocrx_word' id='word_1_744' title='bbox 2527 2760 2581 2816; x_wconf 92' lang='lat' dir='ltr'><strong>in</strong></span> <span class='ocrx_word' id='word_1_745' title='bbox 2619 2762 2821 2830; x_wconf 87' lang='lat' dir='ltr'><strong>choro,</strong></span> <span class='ocrx_word' id='word_1_746' title='bbox 2844 2764 2956 2820; x_wconf 86' lang='lat' dir='ltr'><strong>sive</strong></span> <span class='ocrx_word' id='word_1_747' title='bbox 2996 2767 3048 2821; x_wconf 88' lang='lat' dir='ltr'><strong>itt</strong></span> <span class='ocrx_word' id='word_1_748' title='bbox 3094 2769 3334 2840; x_wconf 87' lang='lat' dir='ltr'><strong>navigio,</strong></span> <span class='ocrx_word' id='word_1_749' title='bbox 3380 2773 3493 2828; x_wconf 85' lang='lat' dir='ltr'><strong>sive</strong></span> <span class='ocrx_word' id='word_1_750' title='bbox 3516 2776 3570 2830; x_wconf 92' lang='lat' dir='ltr'><strong>in</strong></span> 
     </span>
    </p>
   </div>
   <div class='ocr_carea' id='block_1_90' title="bbox 1981 2847 3571 2935">
    <p class='ocr_par' dir='ltr' id='par_1_90' title="bbox 1981 2847 3571 2935">
     <span class='ocr_line' id='line_1_90' title="bbox 1981 2847 3571 2935; baseline 0.013 -35"><span class='ocrx_word' id='word_1_751' title='bbox 1981 2861 2163 2915; x_wconf 89' lang='lat' dir='ltr'><strong>curru,</strong></span> <span class='ocrx_word' id='word_1_752' title='bbox 2196 2847 2310 2904; x_wconf 87' lang='lat' dir='ltr'><strong>sive</strong></span> <span class='ocrx_word' id='word_1_753' title='bbox 2342 2851 2393 2904; x_wconf 93' lang='lat' dir='ltr'><strong>in</strong></span> <span class='ocrx_word' id='word_1_754' title='bbox 2426 2853 2618 2908; x_wconf 88' lang='lat' dir='ltr'><strong>castris</strong></span> <span class='ocrx_word' id='word_1_755' title='bbox 2648 2854 2892 2912; x_wconf 91' lang='lat' dir='ltr'><strong>ordinem</strong></span> <span class='ocrx_word' id='word_1_756' title='bbox 2920 2859 3238 2926; x_wconf 84' lang='lat' dir='ltr'><strong>confundas,</strong></span> <span class='ocrx_word' id='word_1_757' title='bbox 3270 2872 3324 2918; x_wconf 90' lang='lat' dir='ltr'><strong>et</strong></span> <span class='ocrx_word' id='word_1_758' title='bbox 3350 2864 3571 2935; x_wconf 83' lang='lat' dir='ltr'><strong>majori-</strong></span> 
     </span>
    </p>
   </div>
   <div class='ocr_carea' id='block_1_91' title="bbox 1982 2935 3567 3012">
    <p class='ocr_par' dir='ltr' id='par_1_91' title="bbox 1982 2935 3567 3012">
     <span class='ocr_line' id='line_1_91' title="bbox 1982 2935 3567 3012; baseline 0.013 -21"><span class='ocrx_word' id='word_1_759' title='bbox 1982 2935 2082 2992; x_wconf 90' lang='lat' dir='ltr'><strong>bus</strong></span> <span class='ocrx_word' id='word_1_760' title='bbox 2104 2953 2204 2993; x_wconf 87' lang='lat' dir='ltr'><strong>suo</strong></span> <span class='ocrx_word' id='word_1_761' title='bbox 2229 2939 2348 2996; x_wconf 92' lang='lat' dir='ltr'><strong>loco</strong></span> <span class='ocrx_word' id='word_1_762' title='bbox 2374 2941 2562 3012; x_wconf 87' lang='lat' dir='ltr'><strong>ejectis</strong></span> <span class='ocrx_word' id='word_1_763' title='bbox 2605 2944 2658 2999; x_wconf 91' lang='lat' dir='ltr'><strong>in</strong></span> <span class='ocrx_word' id='word_1_764' title='bbox 2689 2945 2903 3002; x_wconf 81' lang='lat' dir='ltr'><strong>illorum</strong></span> <span class='ocrx_word' id='word_1_765' title='bbox 2939 2949 3185 3007; x_wconf 90' lang='lat' dir='ltr'><strong>ordinem</strong></span> <span class='ocrx_word' id='word_1_766' title='bbox 3233 2954 3439 3009; x_wconf 89' lang='lat' dir='ltr'><strong>minora</strong></span> <span class='ocrx_word' id='word_1_767' title='bbox 3486 2958 3567 3012; x_wconf 81' lang='lat' dir='ltr'><strong>in-</strong></span> 
     </span>
    </p>
   </div>
   <div class='ocr_carea' id='block_1_92' title="bbox 1982 3027 3572 3119">
    <p class='ocr_par' dir='ltr' id='par_1_92' title="bbox 1982 3027 3572 3119">
     <span class='ocr_line' id='line_1_92' title="bbox 1982 3027 3572 3119; baseline 0.014 -37"><span class='ocrx_word' id='word_1_768' title='bbox 1982 3027 2223 3099; x_wconf 81' lang='lat' dir='ltr'><strong>duxeris,</strong></span> <span class='ocrx_word' id='word_1_769' title='bbox 2266 3035 2443 3088; x_wconf 90' lang='lat' dir='ltr'><strong>omnia</strong></span> <span class='ocrx_word' id='word_1_770' title='bbox 2473 3039 2776 3108; x_wconf 88' lang='lat' dir='ltr'><strong>corrumpis</strong></span> <span class='ocrx_word' id='word_1_771' title='bbox 2797 3079 2812 3103; x_wconf 91' lang='lat'><strong>,</strong></span> <span class='ocrx_word' id='word_1_772' title='bbox 2859 3049 2914 3095; x_wconf 89' lang='lat' dir='ltr'><strong>et</strong></span> <span class='ocrx_word' id='word_1_773' title='bbox 2948 3042 3026 3097; x_wconf 89' lang='lat' dir='ltr'><strong>sic</strong></span> <span class='ocrx_word' id='word_1_774' title='bbox 3054 3045 3234 3099; x_wconf 90' lang='lat' dir='ltr'><strong>omnia</strong></span> <span class='ocrx_word' id='word_1_775' title='bbox 3278 3061 3371 3102; x_wconf 89' lang='lat' dir='ltr'><strong>sus</strong></span> <span class='ocrx_word' id='word_1_776' title='bbox 3398 3047 3572 3119; x_wconf 88' lang='lat' dir='ltr'><strong>deque</strong></span> 
     </span>
    </p>
   </div>
   <div class='ocr_carea' id='block_1_93' title="bbox 1982 3123 3568 3210">
    <p class='ocr_par' dir='ltr' id='par_1_93' title="bbox 1982 3123 3568 3210">
     <span class='ocr_line' id='line_1_93' title="bbox 1982 3123 3568 3210; baseline 0.014 -36"><span class='ocrx_word' id='word_1_777' title='bbox 1982 3129 2281 3180; x_wconf 89' lang='lat' dir='ltr'><strong>vertuntur.</strong></span> <span class='ocrx_word' id='word_1_778' title='bbox 2329 3123 2512 3196; x_wconf 86' lang='lat' dir='ltr'><strong>Neque</strong></span> <span class='ocrx_word' id='word_1_779' title='bbox 2559 3143 2658 3183; x_wconf 90' lang='lat' dir='ltr'><strong>nos</strong></span> <span class='ocrx_word' id='word_1_780' title='bbox 2683 3145 2812 3199; x_wconf 80' lang='lat' dir='ltr'><strong>ergo</strong></span> <span class='ocrx_word' id='word_1_781' title='bbox 2839 3132 3082 3188; x_wconf 90' lang='lat' dir='ltr'><strong>ordinem</strong></span> <span class='ocrx_word' id='word_1_782' title='bbox 3130 3151 3568 3210; x_wconf 87' lang='lat' dir='ltr'><strong>corrumpamus,</strong></span> 
     </span>
    </p>
   </div>
   <div class='ocr_carea' id='block_1_94' title="bbox 1983 3217 3571 3302">
    <p class='ocr_par' dir='ltr' id='par_1_94' title="bbox 1983 3217 3571 3302">
     <span class='ocr_line' id='line_1_94' title="bbox 1983 3217 3571 3302; baseline 0.013 -35"><span class='ocrx_word' id='word_1_783' title='bbox 1983 3228 2156 3283; x_wconf 84' lang='lat' dir='ltr'><strong>neque</strong></span> <span class='ocrx_word' id='word_1_784' title='bbox 2185 3225 2346 3286; x_wconf 90' lang='lat' dir='ltr'><strong>caput</strong></span> <span class='ocrx_word' id='word_1_785' title='bbox 2381 3217 2516 3273; x_wconf 90' lang='lat' dir='ltr'><strong>infra</strong></span> <span class='ocrx_word' id='word_1_786' title='bbox 2565 3230 2902 3288; x_wconf 86' lang='lat' dir='ltr'><strong>statuamus,</strong></span> <span class='ocrx_word' id='word_1_787' title='bbox 2953 3240 3128 3294; x_wconf 90' lang='lat' dir='ltr'><strong>neque</strong></span> <span class='ocrx_word' id='word_1_788' title='bbox 3173 3228 3339 3296; x_wconf 85' lang='lat' dir='ltr'><strong>pedes</strong></span> <span class='ocrx_word' id='word_1_789' title='bbox 3388 3247 3571 3302; x_wconf 84' lang='lat' dir='ltr'><strong>supra.</strong></span> 
     </span>
    </p>
   </div>
   <div class='ocr_carea' id='block_1_95' title="bbox 1985 3304 3574 3385">
    <p class='ocr_par' dir='ltr' id='par_1_95' title="bbox 1985 3304 3574 3385">
     <span class='ocr_line' id='line_1_95' title="bbox 1985 3304 3574 3385; baseline 0.011 -26"><span class='ocrx_word' id='word_1_790' title='bbox 1985 3304 2096 3360; x_wconf 89' lang='lat' dir='ltr'><strong>Hoc</strong></span> <span class='ocrx_word' id='word_1_791' title='bbox 2125 3322 2288 3376; x_wconf 90' lang='lat' dir='ltr'><strong>porro</strong></span> <span class='ocrx_word' id='word_1_792' title='bbox 2321 3309 2411 3376; x_wconf 86' lang='lat' dir='ltr'><strong>lit,</strong></span> <span class='ocrx_word' id='word_1_793' title='bbox 2459 3311 2672 3380; x_wconf 92' lang='lat' dir='ltr'><strong>quando</strong></span> <span class='ocrx_word' id='word_1_794' title='bbox 2697 3321 2896 3368; x_wconf 87' lang='lat' dir='ltr'><strong>rectam</strong></span> <span class='ocrx_word' id='word_1_795' title='bbox 2940 3315 3156 3385; x_wconf 88' lang='lat' dir='ltr'><strong>quidem</strong></span> <span class='ocrx_word' id='word_1_796' title='bbox 3200 3321 3462 3376; x_wconf 85' lang='lat' dir='ltr'><strong>rationem</strong></span> <span class='ocrx_word' id='word_1_797' title='bbox 3495 3325 3574 3377; x_wconf 83' lang='lat' dir='ltr'><strong>in—</strong></span> 
     </span>
    </p>
   </div>
   <div class='ocr_carea' id='block_1_96' title="bbox 1986 3397 3566 3481">
    <p class='ocr_par' dir='ltr' id='par_1_96' title="bbox 1986 3397 3566 3481">
     <span class='ocr_line' id='line_1_96' title="bbox 1986 3397 3566 3481; baseline 0.01 -30"><span class='ocrx_word' id='word_1_798' title='bbox 1986 3397 2137 3453; x_wconf 83' lang='lat' dir='ltr'><strong>ferne</strong></span> <span class='ocrx_word' id='word_1_799' title='bbox 2191 3399 2586 3469; x_wconf 85' lang='lat' dir='ltr'><strong>dejecerimus,</strong></span> <span class='ocrx_word' id='word_1_800' title='bbox 2643 3405 3106 3474; x_wconf 87' lang='lat' dir='ltr'><strong>concupiscentias</strong></span> <span class='ocrx_word' id='word_1_801' title='bbox 3151 3419 3364 3478; x_wconf 87' lang='lat' dir='ltr'><strong>autem,</strong></span> <span class='ocrx_word' id='word_1_802' title='bbox 3415 3414 3566 3481; x_wconf 76' lang='lat' dir='ltr'><strong>iram,</strong></span> 
     </span>
    </p>
   </div>
   <div class='ocr_carea' id='block_1_97' title="bbox 1986 3490 3569 3568">
    <p class='ocr_par' dir='ltr' id='par_1_97' title="bbox 1986 3490 3569 3568">
     <span class='ocr_line' id='line_1_97' title="bbox 1986 3490 3569 3568; baseline 0.009 -25"><span class='ocrx_word' id='word_1_803' title='bbox 1986 3490 2489 3546; x_wconf 82' lang='lat' dir='ltr'><strong>excandescentiam</strong></span> <span class='ocrx_word' id='word_1_804' title='bbox 2540 3502 2595 3548; x_wconf 91' lang='lat' dir='ltr'><strong>et</strong></span> <span class='ocrx_word' id='word_1_805' title='bbox 2647 3495 2973 3563; x_wconf 86' lang='lat' dir='ltr'><strong>voluptatem</strong></span> <span class='ocrx_word' id='word_1_806' title='bbox 3027 3497 3218 3552; x_wconf 89' lang='lat' dir='ltr'><strong>rationi</strong></span> <span class='ocrx_word' id='word_1_807' title='bbox 3275 3503 3569 3568; x_wconf 50' lang='lat' dir='ltr'><strong>prarfect&#39;ri-</strong></span> 
     </span>
    </p>
   </div>
   <div class='ocr_carea' id='block_1_98' title="bbox 1986 3583 3570 3660">
    <p class='ocr_par' dir='ltr' id='par_1_98' title="bbox 1986 3583 3570 3660">
     <span class='ocr_line' id='line_1_98' title="bbox 1986 3583 3570 3660; baseline 0.01 -27"><span class='ocrx_word' id='word_1_808' title='bbox 1986 3596 2104 3635; x_wconf 91' lang='lat' dir='ltr'><strong>mus</strong></span> <span class='ocrx_word' id='word_1_809' title='bbox 2136 3599 2148 3635; x_wconf 95' lang='lat'><strong>:</strong></span> <span class='ocrx_word' id='word_1_810' title='bbox 2181 3583 2324 3636; x_wconf 85' lang='lat' dir='ltr'><strong>unde</strong></span> <span class='ocrx_word' id='word_1_811' title='bbox 2355 3598 2579 3652; x_wconf 89' lang='lat' dir='ltr'><strong>magnus</strong></span> <span class='ocrx_word' id='word_1_812' title='bbox 2607 3586 2819 3640; x_wconf 78' lang='lat' dir='ltr'><strong>exsistit</strong></span> <span class='ocrx_word' id='word_1_813' title='bbox 2840 3586 3052 3654; x_wconf 79' lang='lat' dir='ltr'><strong>fluctus,</strong></span> <span class='ocrx_word' id='word_1_814' title='bbox 3079 3591 3267 3658; x_wconf 85' lang='lat' dir='ltr'><strong>ingens</strong></span> <span class='ocrx_word' id='word_1_815' title='bbox 3292 3596 3570 3660; x_wconf 67' lang='lat' dir='ltr'><strong>perturba-</strong></span> 
     </span>
    </p>
   </div>
   <div class='ocr_carea' id='block_1_99' title="bbox 1986 3669 3572 3754">
    <p class='ocr_par' dir='ltr' id='par_1_99' title="bbox 1986 3669 3572 3754">
     <span class='ocr_line' id='line_1_99' title="bbox 1986 3669 3572 3754; baseline 0.011 -31"><span class='ocrx_word' id='word_1_816' title='bbox 1986 3669 2060 3724; x_wconf 91' lang='lat' dir='ltr'><strong>tio</strong></span> <span class='ocrx_word' id='word_1_817' title='bbox 2081 3710 2097 3737; x_wconf 92' lang='lat'><strong>,</strong></span> <span class='ocrx_word' id='word_1_818' title='bbox 2129 3679 2185 3726; x_wconf 91' lang='lat' dir='ltr'><strong>et</strong></span> <span class='ocrx_word' id='word_1_819' title='bbox 2213 3671 2544 3728; x_wconf 88' lang='lat' dir='ltr'><strong>intoleranda</strong></span> <span class='ocrx_word' id='word_1_820' title='bbox 2578 3684 2866 3744; x_wconf 89' lang='lat' dir='ltr'><strong>tempestas</strong></span> <span class='ocrx_word' id='word_1_821' title='bbox 2886 3718 2902 3743; x_wconf 93' lang='lat'><strong>,</strong></span> <span class='ocrx_word' id='word_1_822' title='bbox 2942 3692 3064 3732; x_wconf 91' lang='lat' dir='ltr'><strong>cum</strong></span> <span class='ocrx_word' id='word_1_823' title='bbox 3094 3681 3275 3736; x_wconf 90' lang='lat' dir='ltr'><strong>omnia</strong></span> <span class='ocrx_word' id='word_1_824' title='bbox 3305 3696 3572 3754; x_wconf 87' lang='lat' dir='ltr'><strong>occupent</strong></span> 
     </span>
    </p>
   </div>
   <div class='ocr_carea' id='block_1_100' title="bbox 1985 3761 3571 3843">
    <p class='ocr_par' dir='ltr' id='par_1_100' title="bbox 1985 3761 3571 3843">
     <span class='ocr_line' id='line_1_100' title="bbox 1985 3761 3571 3843; baseline 0.011 -29"><span class='ocrx_word' id='word_1_825' title='bbox 1985 3761 2238 3817; x_wconf 60' lang='lat' dir='ltr'><strong>tenebrat.</strong></span> <span class='ocrx_word' id='word_1_826' title='bbox 2271 3762 2341 3816; x_wconf 88' lang='lat' dir='ltr'><strong>Et</strong></span> <span class='ocrx_word' id='word_1_827' title='bbox 2369 3763 2411 3818; x_wconf 92' lang='lat' dir='ltr'><strong>si</strong></span> <span class='ocrx_word' id='word_1_828' title='bbox 2439 3763 2537 3829; x_wconf 88' lang='lat' dir='ltr'><strong>vis,</strong></span> <span class='ocrx_word' id='word_1_829' title='bbox 2562 3765 2790 3833; x_wconf 89' lang='lat' dir='ltr'><strong>primum</strong></span> <span class='ocrx_word' id='word_1_830' title='bbox 2810 3769 3146 3824; x_wconf 73' lang='lat' dir='ltr'><strong>excutiamus</strong></span> <span class='ocrx_word' id='word_1_831' title='bbox 3161 3786 3280 3826; x_wconf 91' lang='lat' dir='ltr'><strong>eam</strong></span> <span class='ocrx_word' id='word_1_832' title='bbox 3303 3789 3424 3843; x_wconf 73' lang='lat' dir='ltr'><strong>qua:</strong></span> <span class='ocrx_word' id='word_1_833' title='bbox 3447 3775 3571 3833; x_wconf 87' lang='lat' dir='ltr'><strong>hinc</strong></span> 
     </span>
    </p>
   </div>
   <div class='ocr_carea' id='block_1_101' title="bbox 1983 3852 3571 3928">
    <p class='ocr_par' dir='ltr' id='par_1_101' title="bbox 1983 3852 3571 3928">
     <span class='ocr_line' id='line_1_101' title="bbox 1983 3852 3571 3928; baseline 0.01 -21"><span class='ocrx_word' id='word_1_834' title='bbox 1983 3852 2164 3908; x_wconf 83' lang='lat' dir='ltr'><strong>evenit</strong></span> <span class='ocrx_word' id='word_1_835' title='bbox 2193 3853 2574 3924; x_wconf 88' lang='lat' dir='ltr'><strong>turpitudinem</strong></span> <span class='ocrx_word' id='word_1_836' title='bbox 2593 3896 2607 3922; x_wconf 92' lang='lat'><strong>,</strong></span> <span class='ocrx_word' id='word_1_837' title='bbox 2643 3865 2933 3928; x_wconf 89' lang='lat' dir='ltr'><strong>posteaque</strong></span> <span class='ocrx_word' id='word_1_838' title='bbox 2959 3858 3214 3916; x_wconf 91' lang='lat' dir='ltr'><strong>damnum</strong></span> <span class='ocrx_word' id='word_1_839' title='bbox 3243 3862 3370 3920; x_wconf 87' lang='lat' dir='ltr'><strong>hinc</strong></span> <span class='ocrx_word' id='word_1_840' title='bbox 3392 3881 3571 3922; x_wconf 69' lang='lat' dir='ltr'><strong>emero</strong></span> 
     </span>
    </p>
   </div>
   <div class='ocr_carea' id='block_1_102' title="bbox 1982 3945 3572 4018">
    <p class='ocr_par' dir='ltr' id='par_1_102' title="bbox 1982 3945 3572 4018">
     <span class='ocr_line' id='line_1_102' title="bbox 1982 3945 3572 4018; baseline 0.008 -18"><span class='ocrx_word' id='word_1_841' title='bbox 1982 3960 2136 4015; x_wconf 85' lang='lat' dir='ltr'><strong>gens.</strong></span> <span class='ocrx_word' id='word_1_842' title='bbox 2159 3945 2440 4012; x_wconf 84' lang='lat' dir='ltr'><strong>Quomodo</strong></span> <span class='ocrx_word' id='word_1_843' title='bbox 2469 3962 2598 4018; x_wconf 91' lang='lat' dir='ltr'><strong>ergo</strong></span> <span class='ocrx_word' id='word_1_844' title='bbox 2634 3946 2737 4003; x_wconf 89' lang='lat' dir='ltr'><strong>hoc</strong></span> <span class='ocrx_word' id='word_1_845' title='bbox 2771 3949 2927 4004; x_wconf 90' lang='lat' dir='ltr'><strong>nobis</strong></span> <span class='ocrx_word' id='word_1_846' title='bbox 2956 3960 3141 4006; x_wconf 92' lang='lat' dir='ltr'><strong>notum</strong></span> <span class='ocrx_word' id='word_1_847' title='bbox 3165 3954 3267 4008; x_wconf 91' lang='lat' dir='ltr'><strong>erit</strong></span> <span class='ocrx_word' id='word_1_848' title='bbox 3302 3963 3360 4011; x_wconf 90' lang='lat' dir='ltr'><strong>et</strong></span> <span class='ocrx_word' id='word_1_849' title='bbox 3397 3960 3572 4013; x_wconf 85' lang='lat' dir='ltr'><strong>mani-</strong></span> 
     </span>
    </p>
   </div>
   <div class='ocr_carea' id='block_1_103' title="bbox 1984 4037 3576 4104">
    <p class='ocr_par' dir='ltr' id='par_1_103' title="bbox 1984 4037 3576 4104">
     <span class='ocr_line' id='line_1_103' title="bbox 1984 4037 3576 4104; baseline 0.008 -14"><span class='ocrx_word' id='word_1_850' title='bbox 1984 4037 2220 4092; x_wconf 87' lang='lat' dir='ltr'><strong>festum?</strong></span> <span class='ocrx_word' id='word_1_851' title='bbox 2259 4038 2605 4095; x_wconf 87' lang='lat' dir='ltr'><strong>Adducamus</strong></span> <span class='ocrx_word' id='word_1_852' title='bbox 2651 4040 2705 4094; x_wconf 90' lang='lat' dir='ltr'><strong>in</strong></span> <span class='ocrx_word' id='word_1_853' title='bbox 2751 4040 2987 4096; x_wconf 91' lang='lat' dir='ltr'><strong>medium</strong></span> <span class='ocrx_word' id='word_1_854' title='bbox 3027 4041 3299 4098; x_wconf 88' lang='lat' dir='ltr'><strong>hominem</strong></span> <span class='ocrx_word' id='word_1_855' title='bbox 3328 4047 3405 4100; x_wconf 88' lang='lat' dir='ltr'><strong>sic</strong></span> <span class='ocrx_word' id='word_1_856' title='bbox 3444 4049 3576 4104; x_wconf 75' lang='lat' dir='ltr'><strong>alie-</strong></span> 
     </span>
    </p>
   </div>
   <div class='ocr_carea' id='block_1_104' title="bbox 1983 4133 3576 4204">
    <p class='ocr_par' dir='ltr' id='par_1_104' title="bbox 1983 4133 3576 4204">
     <span class='ocr_line' id='line_1_104' title="bbox 1983 4133 3576 4204; baseline 0.008 -22"><span class='ocrx_word' id='word_1_857' title='bbox 1983 4137 2148 4198; x_wconf 86' lang='lat' dir='ltr'><strong>ctum,</strong></span> <span class='ocrx_word' id='word_1_858' title='bbox 2177 4141 2392 4200; x_wconf 89' lang='lat' dir='ltr'><strong>captum</strong></span> <span class='ocrx_word' id='word_1_859' title='bbox 2419 4146 2603 4186; x_wconf 89' lang='lat' dir='ltr'><strong>amore</strong></span> <span class='ocrx_word' id='word_1_860' title='bbox 2625 4133 2941 4197; x_wconf 89' lang='lat' dir='ltr'><strong>meretricis,</strong></span> <span class='ocrx_word' id='word_1_861' title='bbox 2966 4141 3021 4186; x_wconf 89' lang='lat' dir='ltr'><strong>et</strong></span> <span class='ocrx_word' id='word_1_862' title='bbox 3037 4134 3124 4202; x_wconf 89' lang='lat' dir='ltr'><strong>qui</strong></span> <span class='ocrx_word' id='word_1_863' title='bbox 3148 4135 3263 4204; x_wconf 90' lang='lat' dir='ltr'><strong>ejus</strong></span> <span class='ocrx_word' id='word_1_864' title='bbox 3289 4136 3576 4196; x_wconf 90' lang='lat' dir='ltr'><strong>inhonesto</strong></span> 
     </span>
    </p>
   </div>
   <div class='ocr_carea' id='block_1_105' title="bbox 1984 4221 3575 4294">
    <p class='ocr_par' dir='ltr' id='par_1_105' title="bbox 1984 4221 3575 4294">
     <span class='ocr_line' id='line_1_105' title="bbox 1984 4221 3575 4294; baseline 0.008 -20"><span class='ocrx_word' id='word_1_865' title='bbox 1984 4227 2231 4275; x_wconf 88' lang='lat' dir='ltr'><strong>teneatur</strong></span> <span class='ocrx_word' id='word_1_866' title='bbox 2260 4221 2561 4288; x_wconf 89' lang='lat' dir='ltr'><strong>desiderio;</strong></span> <span class='ocrx_word' id='word_1_867' title='bbox 2610 4232 2663 4277; x_wconf 91' lang='lat' dir='ltr'><strong>et</strong></span> <span class='ocrx_word' id='word_1_868' title='bbox 2691 4232 2815 4278; x_wconf 90' lang='lat' dir='ltr'><strong>tunc</strong></span> <span class='ocrx_word' id='word_1_869' title='bbox 2845 4223 3146 4278; x_wconf 88' lang='lat' dir='ltr'><strong>videbimus</strong></span> <span class='ocrx_word' id='word_1_870' title='bbox 3175 4241 3334 4294; x_wconf 91' lang='lat' dir='ltr'><strong>quam</strong></span> <span class='ocrx_word' id='word_1_871' title='bbox 3377 4226 3477 4283; x_wconf 89' lang='lat' dir='ltr'><strong>hoc</strong></span> <span class='ocrx_word' id='word_1_872' title='bbox 3505 4233 3575 4286; x_wconf 88' lang='lat' dir='ltr'><strong>sit</strong></span> 
     </span>
    </p>
   </div>
   <div class='ocr_carea' id='block_1_106' title="bbox 1983 4311 3574 4387">
    <p class='ocr_par' dir='ltr' id='par_1_106' title="bbox 1983 4311 3574 4387">
     <span class='ocr_line' id='line_1_106' title="bbox 1983 4311 3574 4387; baseline 0.007 -23"><span class='ocrx_word' id='word_1_873' title='bbox 1983 4312 2286 4366; x_wconf 89' lang='lat' dir='ltr'><strong>ridiculum.</strong></span> <span class='ocrx_word' id='word_1_874' title='bbox 2311 4311 2447 4379; x_wconf 90' lang='lat' dir='ltr'><strong>Quid</strong></span> <span class='ocrx_word' id='word_1_875' title='bbox 2476 4313 2618 4367; x_wconf 90' lang='lat' dir='ltr'><strong>enim</strong></span> <span class='ocrx_word' id='word_1_876' title='bbox 2643 4314 2812 4382; x_wconf 89' lang='lat' dir='ltr'><strong>possit</strong></span> <span class='ocrx_word' id='word_1_877' title='bbox 2830 4328 2953 4368; x_wconf 91' lang='lat' dir='ltr'><strong>esse</strong></span> <span class='ocrx_word' id='word_1_878' title='bbox 2980 4313 3069 4367; x_wconf 91' lang='lat' dir='ltr'><strong>illo</strong></span> <span class='ocrx_word' id='word_1_879' title='bbox 3098 4318 3320 4384; x_wconf 85' lang='lat' dir='ltr'><strong>turpius,</strong></span> <span class='ocrx_word' id='word_1_880' title='bbox 3352 4319 3440 4387; x_wconf 88' lang='lat' dir='ltr'><strong>qui</strong></span> <span class='ocrx_word' id='word_1_881' title='bbox 3469 4330 3574 4375; x_wconf 90' lang='lat' dir='ltr'><strong>stat</strong></span> 
     </span>
    </p>
   </div>
   <div class='ocr_carea' id='block_1_107' title="bbox 1983 4401 3570 4475">
    <p class='ocr_par' dir='ltr' id='par_1_107' title="bbox 1983 4401 3570 4475">
     <span class='ocr_line' id='line_1_107' title="bbox 1983 4401 3570 4475; baseline 0.007 -20"><span class='ocrx_word' id='word_1_882' title='bbox 1983 4401 2052 4456; x_wconf 88' lang='lat' dir='ltr'><strong>ad</strong></span> <span class='ocrx_word' id='word_1_883' title='bbox 2081 4403 2223 4460; x_wconf 89' lang='lat' dir='ltr'><strong>fores</strong></span> <span class='ocrx_word' id='word_1_884' title='bbox 2252 4402 2445 4457; x_wconf 89' lang='lat' dir='ltr'><strong>domus</strong></span> <span class='ocrx_word' id='word_1_885' title='bbox 2483 4403 2821 4470; x_wconf 72' lang='lat' dir='ltr'><strong>meretricim,</strong></span> <span class='ocrx_word' id='word_1_886' title='bbox 2849 4413 2902 4459; x_wconf 92' lang='lat' dir='ltr'><strong>et</strong></span> <span class='ocrx_word' id='word_1_887' title='bbox 2944 4405 3186 4472; x_wconf 90' lang='lat' dir='ltr'><strong>pulsatur</strong></span> <span class='ocrx_word' id='word_1_888' title='bbox 3206 4421 3235 4459; x_wconf 89' lang='lat' dir='ltr'><strong>a</strong></span> <span class='ocrx_word' id='word_1_889' title='bbox 3264 4411 3570 4475; x_wconf 88' lang='lat' dir='ltr'><strong>meretrice,</strong></span> 
     </span>
    </p>
   </div>
   <div class='ocr_carea' id='block_1_108' title="bbox 1985 4492 3574 4566">
    <p class='ocr_par' dir='ltr' id='par_1_108' title="bbox 1985 4492 3574 4566">
     <span class='ocr_line' id='line_1_108' title="bbox 1985 4492 3574 4566; baseline 0.006 -19"><span class='ocrx_word' id='word_1_890' title='bbox 1985 4492 2182 4564; x_wconf 81' lang='lat' dir='ltr'><strong>ﬂetque</strong></span> <span class='ocrx_word' id='word_1_891' title='bbox 2208 4501 2264 4549; x_wconf 91' lang='lat' dir='ltr'><strong>et</strong></span> <span class='ocrx_word' id='word_1_892' title='bbox 2289 4493 2474 4564; x_wconf 87' lang='lat' dir='ltr'><strong>ejulat,</strong></span> <span class='ocrx_word' id='word_1_893' title='bbox 2518 4496 2821 4566; x_wconf 88' lang='lat' dir='ltr'><strong>probroque</strong></span> <span class='ocrx_word' id='word_1_894' title='bbox 2849 4495 3014 4551; x_wconf 87' lang='lat' dir='ltr'><strong>allicit</strong></span> <span class='ocrx_word' id='word_1_895' title='bbox 3042 4512 3193 4551; x_wconf 90' lang='lat' dir='ltr'><strong>suam</strong></span> <span class='ocrx_word' id='word_1_896' title='bbox 3221 4500 3574 4557; x_wconf 80' lang='lat' dir='ltr'><strong>existimatio-</strong></span> 
     </span>
    </p>
   </div>
   <div class='ocr_carea' id='block_1_109' title="bbox 1985 4585 3574 4658">
    <p class='ocr_par' dir='ltr' id='par_1_109' title="bbox 1985 4585 3574 4658">
     <span class='ocr_line' id='line_1_109' title="bbox 1985 4585 3574 4658; baseline 0.006 -18"><span class='ocrx_word' id='word_1_897' title='bbox 1985 4587 2154 4641; x_wconf 87' lang='lat' dir='ltr'><strong>nem?</strong></span> <span class='ocrx_word' id='word_1_898' title='bbox 2189 4585 2244 4644; x_wconf 89' lang='lat' dir='ltr'><strong>Si</strong></span> <span class='ocrx_word' id='word_1_899' title='bbox 2275 4587 2356 4642; x_wconf 89' lang='lat' dir='ltr'><strong>vis</strong></span> <span class='ocrx_word' id='word_1_900' title='bbox 2395 4595 2573 4643; x_wconf 88' lang='lat' dir='ltr'><strong>autem</strong></span> <span class='ocrx_word' id='word_1_901' title='bbox 2613 4589 2775 4643; x_wconf 91' lang='lat' dir='ltr'><strong>etiam</strong></span> <span class='ocrx_word' id='word_1_902' title='bbox 2806 4589 2987 4644; x_wconf 81' lang='lat' dir='ltr'><strong>videre</strong></span> <span class='ocrx_word' id='word_1_903' title='bbox 3023 4589 3308 4658; x_wconf 89' lang='lat' dir='ltr'><strong>damnum,</strong></span> <span class='ocrx_word' id='word_1_904' title='bbox 3353 4594 3574 4649; x_wconf 87' lang='lat' dir='ltr'><strong>veniant</strong></span> 
     </span>
    </p>
   </div>
   <div class='ocr_carea' id='block_1_110' title="bbox 1987 4677 3566 4754">
    <p class='ocr_par' dir='ltr' id='par_1_110' title="bbox 1987 4677 3566 4754">
     <span class='ocr_line' id='line_1_110' title="bbox 1987 4677 3566 4754; baseline 0.005 -22"><span class='ocrx_word' id='word_1_905' title='bbox 1987 4677 2078 4732; x_wconf 86' lang='lat' dir='ltr'><strong>tibi</strong></span> <span class='ocrx_word' id='word_1_906' title='bbox 2108 4678 2158 4732; x_wconf 92' lang='lat' dir='ltr'><strong>in</strong></span> <span class='ocrx_word' id='word_1_907' title='bbox 2187 4687 2422 4734; x_wconf 90' lang='lat' dir='ltr'><strong>mentem</strong></span> <span class='ocrx_word' id='word_1_908' title='bbox 2456 4689 2704 4750; x_wconf 87' lang='lat' dir='ltr'><strong>sumptus</strong></span> <span class='ocrx_word' id='word_1_909' title='bbox 2738 4681 3009 4749; x_wconf 82' lang='lat' dir='ltr'><strong>pecuniae,</strong></span> <span class='ocrx_word' id='word_1_910' title='bbox 3051 4681 3118 4736; x_wconf 89' lang='lat' dir='ltr'><strong>de</strong></span> <span class='ocrx_word' id='word_1_911' title='bbox 3146 4684 3404 4738; x_wconf 79' lang='lat' dir='ltr'><strong>extremis</strong></span> <span class='ocrx_word' id='word_1_912' title='bbox 3433 4687 3566 4754; x_wconf 82' lang='lat' dir='ltr'><strong>peri-</strong></span> 
     </span>
    </p>
   </div>
   <div class='ocr_carea' id='block_1_111' title="bbox 1983 4769 3569 4841">
    <p class='ocr_par' dir='ltr' id='par_1_111' title="bbox 1983 4769 3569 4841">
     <span class='ocr_line' id='line_1_111' title="bbox 1983 4769 3569 4841; baseline 0.005 -17"><span class='ocrx_word' id='word_1_913' title='bbox 1983 4769 2124 4837; x_wconf 88' lang='lat' dir='ltr'><strong>cnla,</strong></span> <span class='ocrx_word' id='word_1_914' title='bbox 2153 4769 2352 4825; x_wconf 91' lang='lat' dir='ltr'><strong>bellum</strong></span> <span class='ocrx_word' id='word_1_915' title='bbox 2384 4770 2524 4841; x_wconf 91' lang='lat' dir='ltr'><strong>quod</strong></span> <span class='ocrx_word' id='word_1_916' title='bbox 2565 4772 2767 4841; x_wconf 87' lang='lat' dir='ltr'><strong>geritur</strong></span> <span class='ocrx_word' id='word_1_917' title='bbox 2792 4771 3049 4827; x_wconf 88' lang='lat' dir='ltr'><strong>adversus</strong></span> <span class='ocrx_word' id='word_1_918' title='bbox 3070 4773 3266 4828; x_wconf 88' lang='lat' dir='ltr'><strong>rivales</strong></span> <span class='ocrx_word' id='word_1_919' title='bbox 3292 4783 3347 4828; x_wconf 91' lang='lat' dir='ltr'><strong>et</strong></span> <span class='ocrx_word' id='word_1_920' title='bbox 3374 4776 3569 4831; x_wconf 90' lang='lat' dir='ltr'><strong>adver-</strong></span> 
     </span>
    </p>
   </div>
   <div class='ocr_carea' id='block_1_112' title="bbox 1983 4863 3571 4935">
    <p class='ocr_par' dir='ltr' id='par_1_112' title="bbox 1983 4863 3571 4935">
     <span class='ocr_line' id='line_1_112' title="bbox 1983 4863 3571 4935; baseline 0.003 -17"><span class='ocrx_word' id='word_1_921' title='bbox 1983 4863 2154 4918; x_wconf 89' lang='lat' dir='ltr'><strong>sarios</strong></span> <span class='ocrx_word' id='word_1_922' title='bbox 2179 4872 2480 4928; x_wconf 89' lang='lat' dir='ltr'><strong>amatores,</strong></span> <span class='ocrx_word' id='word_1_923' title='bbox 2510 4863 2729 4917; x_wconf 88' lang='lat' dir='ltr'><strong>vulnera</strong></span> <span class='ocrx_word' id='word_1_924' title='bbox 2759 4873 2813 4918; x_wconf 89' lang='lat' dir='ltr'><strong>et</strong></span> <span class='ocrx_word' id='word_1_925' title='bbox 2839 4863 3006 4934; x_wconf 66' lang='lat' dir='ltr'><strong>plagae</strong></span> <span class='ocrx_word' id='word_1_926' title='bbox 3033 4879 3151 4934; x_wconf 64' lang='lat' dir='ltr'><strong>quae</strong></span> <span class='ocrx_word' id='word_1_927' title='bbox 3180 4865 3491 4935; x_wconf 83' lang='lat' dir='ltr'><strong>infliguntur</strong></span> <span class='ocrx_word' id='word_1_928' title='bbox 3520 4869 3571 4922; x_wconf 87' lang='lat' dir='ltr'><strong>itt</strong></span> 
     </span>
    </p>
   </div>
   <div class='ocr_carea' id='block_1_113' title="bbox 1984 4953 3569 5024">
    <p class='ocr_par' dir='ltr' id='par_1_113' title="bbox 1984 4953 3569 5024">
     <span class='ocr_line' id='line_1_113' title="bbox 1984 4953 3569 5024; baseline 0.006 -18"><span class='ocrx_word' id='word_1_929' title='bbox 1984 4953 2288 5024; x_wconf 87' lang='lat' dir='ltr'><strong>ltujusmodi</strong></span> <span class='ocrx_word' id='word_1_930' title='bbox 2312 4955 2447 5009; x_wconf 88' lang='lat' dir='ltr'><strong>acie.</strong></span> <span class='ocrx_word' id='word_1_931' title='bbox 2471 4953 2632 5009; x_wconf 84' lang='lat' dir='ltr'><strong>Tales</strong></span> <span class='ocrx_word' id='word_1_932' title='bbox 2656 4964 2780 5009; x_wconf 87' lang='lat' dir='ltr'><strong>sunt</strong></span> <span class='ocrx_word' id='word_1_933' title='bbox 2798 4964 2854 5010; x_wconf 91' lang='lat' dir='ltr'><strong>et</strong></span> <span class='ocrx_word' id='word_1_934' title='bbox 2893 4955 2963 5020; x_wconf 89' lang='lat' dir='ltr'><strong>ii,</strong></span> <span class='ocrx_word' id='word_1_935' title='bbox 2992 4969 3126 5024; x_wconf 90' lang='lat' dir='ltr'><strong>quos</strong></span> <span class='ocrx_word' id='word_1_936' title='bbox 3155 4959 3396 5024; x_wconf 75' lang='lat' dir='ltr'><strong>pecunia:</strong></span> <span class='ocrx_word' id='word_1_937' title='bbox 3429 4966 3569 5015; x_wconf 89' lang='lat' dir='ltr'><strong>tenet</strong></span> 
     </span>
    </p>
   </div>
   <div class='ocr_carea' id='block_1_114' title="bbox 1984 5046 3570 5122">
    <p class='ocr_par' dir='ltr' id='par_1_114' title="bbox 1984 5046 3570 5122">
     <span class='ocr_line' id='line_1_114' title="bbox 1984 5046 3570 5122; baseline 0.003 -20"><span class='ocrx_word' id='word_1_938' title='bbox 1984 5046 2286 5117; x_wconf 86' lang='lat' dir='ltr'><strong>cupiditas;</strong></span> <span class='ocrx_word' id='word_1_939' title='bbox 2315 5049 2422 5101; x_wconf 91' lang='lat' dir='ltr'><strong>imo</strong></span> <span class='ocrx_word' id='word_1_940' title='bbox 2448 5061 2578 5101; x_wconf 89' lang='lat' dir='ltr'><strong>vero</strong></span> <span class='ocrx_word' id='word_1_941' title='bbox 2607 5049 2813 5116; x_wconf 88' lang='lat' dir='ltr'><strong>turpius</strong></span> <span class='ocrx_word' id='word_1_942' title='bbox 2828 5056 2892 5102; x_wconf 89' lang='lat' dir='ltr'><strong>et</strong></span> <span class='ocrx_word' id='word_1_943' title='bbox 2919 5047 3088 5116; x_wconf 89' lang='lat' dir='ltr'><strong>magis</strong></span> <span class='ocrx_word' id='word_1_944' title='bbox 3121 5047 3372 5104; x_wconf 89' lang='lat' dir='ltr'><strong>indecore</strong></span> <span class='ocrx_word' id='word_1_945' title='bbox 3394 5063 3453 5106; x_wconf 90' lang='lat' dir='ltr'><strong>se</strong></span> <span class='ocrx_word' id='word_1_946' title='bbox 3479 5067 3570 5122; x_wconf 86' lang='lat' dir='ltr'><strong>ge-</strong></span> 
     </span>
    </p>
   </div>
   <div class='ocr_carea' id='block_1_115' title="bbox 1983 5136 3570 5214">
    <p class='ocr_par' dir='ltr' id='par_1_115' title="bbox 1983 5136 3570 5214">
     <span class='ocr_line' id='line_1_115' title="bbox 1983 5136 3570 5214; baseline 0.003 -20"><span class='ocrx_word' id='word_1_947' title='bbox 1983 5147 2128 5194; x_wconf 90' lang='lat' dir='ltr'><strong>runt.</strong></span> <span class='ocrx_word' id='word_1_948' title='bbox 2157 5137 2290 5192; x_wconf 88' lang='lat' dir='ltr'><strong>Nam</strong></span> <span class='ocrx_word' id='word_1_949' title='bbox 2321 5137 2398 5192; x_wconf 91' lang='lat' dir='ltr'><strong>illi</strong></span> <span class='ocrx_word' id='word_1_950' title='bbox 2437 5136 2651 5207; x_wconf 89' lang='lat' dir='ltr'><strong>quidem</strong></span> <span class='ocrx_word' id='word_1_951' title='bbox 2690 5138 2744 5190; x_wconf 89' lang='lat' dir='ltr'><strong>in</strong></span> <span class='ocrx_word' id='word_1_952' title='bbox 2774 5151 2882 5191; x_wconf 87' lang='lat' dir='ltr'><strong>uno</strong></span> <span class='ocrx_word' id='word_1_953' title='bbox 2909 5151 3136 5207; x_wconf 89' lang='lat' dir='ltr'><strong>corpore</strong></span> <span class='ocrx_word' id='word_1_954' title='bbox 3160 5147 3285 5194; x_wconf 91' lang='lat' dir='ltr'><strong>sunt</strong></span> <span class='ocrx_word' id='word_1_955' title='bbox 3326 5145 3570 5214; x_wconf 82' lang='lat' dir='ltr'><strong>occupati</strong></span> 
     </span>
    </p>
   </div>
   <div class='ocr_carea' id='block_1_116' title="bbox 1985 5227 3570 5299">
    <p class='ocr_par' dir='ltr' id='par_1_116' title="bbox 1985 5227 3570 5299">
     <span class='ocr_line' id='line_1_116' title="bbox 1985 5227 3570 5299; baseline 0.001 -13"><span class='ocrx_word' id='word_1_956' title='bbox 1985 5239 2039 5286; x_wconf 91' lang='lat' dir='ltr'><strong>et</strong></span> <span class='ocrx_word' id='word_1_957' title='bbox 2067 5231 2121 5285; x_wconf 91' lang='lat' dir='ltr'><strong>in</strong></span> <span class='ocrx_word' id='word_1_958' title='bbox 2141 5245 2208 5286; x_wconf 91' lang='lat' dir='ltr'><strong>eo</strong></span> <span class='ocrx_word' id='word_1_959' title='bbox 2229 5244 2384 5284; x_wconf 90' lang='lat' dir='ltr'><strong>suum</strong></span> <span class='ocrx_word' id='word_1_960' title='bbox 2411 5236 2615 5299; x_wconf 90' lang='lat' dir='ltr'><strong>ponunt</strong></span> <span class='ocrx_word' id='word_1_961' title='bbox 2640 5227 2874 5284; x_wconf 91' lang='lat' dir='ltr'><strong>studium</strong></span> <span class='ocrx_word' id='word_1_962' title='bbox 2900 5236 2955 5283; x_wconf 91' lang='lat' dir='ltr'><strong>et</strong></span> <span class='ocrx_word' id='word_1_963' title='bbox 2979 5243 3195 5298; x_wconf 90' lang='lat' dir='ltr'><strong>operam</strong></span> <span class='ocrx_word' id='word_1_964' title='bbox 3227 5248 3238 5282; x_wconf 93' lang='lat'><strong>:</strong></span> <span class='ocrx_word' id='word_1_965' title='bbox 3263 5233 3410 5287; x_wconf 88' lang='lat' dir='ltr'><strong>avari</strong></span> <span class='ocrx_word' id='word_1_966' title='bbox 3439 5249 3570 5290; x_wconf 88' lang='lat' dir='ltr'><strong>vero</strong></span> 
     </span>
    </p>
   </div>
   <div class='ocr_carea' id='block_1_117' title="bbox 1982 5320 3563 5379">
    <p class='ocr_par' dir='ltr' id='par_1_117' title="bbox 1982 5320 3563 5379">
     <span class='ocr_line' id='line_1_117' title="bbox 1982 5320 3563 5379; baseline 0 0"><span class='ocrx_word' id='word_1_967' title='bbox 1982 5324 2050 5379; x_wconf 92' lang='lat' dir='ltr'><strong>de</strong></span> <span class='ocrx_word' id='word_1_968' title='bbox 2080 5323 2318 5377; x_wconf 93' lang='lat' dir='ltr'><strong>omnium</strong></span> <span class='ocrx_word' id='word_1_969' title='bbox 2341 5320 2680 5376; x_wconf 85' lang='lat' dir='ltr'><strong>facultatibus</strong></span> <span class='ocrx_word' id='word_1_970' title='bbox 2714 5329 2840 5375; x_wconf 92' lang='lat' dir='ltr'><strong>sunt</strong></span> <span class='ocrx_word' id='word_1_971' title='bbox 2863 5320 3108 5376; x_wconf 90' lang='lat' dir='ltr'><strong>similiter</strong></span> <span class='ocrx_word' id='word_1_972' title='bbox 3136 5323 3352 5378; x_wconf 88' lang='lat' dir='ltr'><strong>solliciti</strong></span> <span class='ocrx_word' id='word_1_973' title='bbox 3382 5333 3438 5378; x_wconf 93' lang='lat' dir='ltr'><strong>et</strong></span> <span class='ocrx_word' id='word_1_974' title='bbox 3466 5341 3563 5379; x_wconf 82' lang='lat' dir='ltr'><strong>cu-</strong></span> 
     </span>
    </p>
   </div>
   <div class='ocr_carea' id='block_1_118' title="bbox 1985 5411 3563 5484">
    <p class='ocr_par' dir='ltr' id='par_1_118' title="bbox 1985 5411 3563 5484">
     <span class='ocr_line' id='line_1_118' title="bbox 1985 5411 3563 5484; baseline -0.001 -16"><span class='ocrx_word' id='word_1_975' title='bbox 1985 5415 2135 5480; x_wconf 90' lang='lat' dir='ltr'><strong>riosi,</strong></span> <span class='ocrx_word' id='word_1_976' title='bbox 2165 5423 2219 5469; x_wconf 91' lang='lat' dir='ltr'><strong>et</strong></span> <span class='ocrx_word' id='word_1_977' title='bbox 2247 5427 2542 5484; x_wconf 90' lang='lat' dir='ltr'><strong>pauperum</strong></span> <span class='ocrx_word' id='word_1_978' title='bbox 2562 5421 2618 5466; x_wconf 92' lang='lat' dir='ltr'><strong>et</strong></span> <span class='ocrx_word' id='word_1_979' title='bbox 2641 5411 2885 5477; x_wconf 88' lang='lat' dir='ltr'><strong>divitum,</strong></span> <span class='ocrx_word' id='word_1_980' title='bbox 2909 5422 2964 5467; x_wconf 89' lang='lat' dir='ltr'><strong>et</strong></span> <span class='ocrx_word' id='word_1_981' title='bbox 2987 5411 3075 5467; x_wconf 89' lang='lat' dir='ltr'><strong>illa</strong></span> <span class='ocrx_word' id='word_1_982' title='bbox 3100 5422 3282 5469; x_wconf 86' lang='lat' dir='ltr'><strong>amant</strong></span> <span class='ocrx_word' id='word_1_983' title='bbox 3310 5428 3430 5482; x_wconf 61' lang='lat' dir='ltr'><strong>qua:</strong></span> <span class='ocrx_word' id='word_1_984' title='bbox 3457 5428 3563 5468; x_wconf 88' lang='lat' dir='ltr'><strong>non</strong></span> 
     </span>
    </p>
   </div>
   <div class='ocr_carea' id='block_1_119' title="bbox 1984 5501 3563 5576">
    <p class='ocr_par' dir='ltr' id='par_1_119' title="bbox 1984 5501 3563 5576">
     <span class='ocr_line' id='line_1_119' title="bbox 1984 5501 3563 5576; baseline -0.004 -14"><span class='ocrx_word' id='word_1_985' title='bbox 1984 5519 2108 5562; x_wconf 89' lang='lat' dir='ltr'><strong>sunt</strong></span> <span class='ocrx_word' id='word_1_986' title='bbox 2141 5525 2154 5561; x_wconf 92' lang='lat'><strong>:</strong></span> <span class='ocrx_word' id='word_1_987' title='bbox 2179 5505 2320 5576; x_wconf 91' lang='lat' dir='ltr'><strong>quod</strong></span> <span class='ocrx_word' id='word_1_988' title='bbox 2351 5514 2434 5560; x_wconf 90' lang='lat' dir='ltr'><strong>est</strong></span> <span class='ocrx_word' id='word_1_989' title='bbox 2457 5504 2688 5560; x_wconf 82' lang='lat' dir='ltr'><strong>maxime</strong></span> <span class='ocrx_word' id='word_1_990' title='bbox 2709 5519 2918 5574; x_wconf 75' lang='lat' dir='ltr'><strong>srgnum</strong></span> <span class='ocrx_word' id='word_1_991' title='bbox 2952 5504 3212 5574; x_wconf 74' lang='lat' dir='ltr'><strong>improba:</strong></span> <span class='ocrx_word' id='word_1_992' title='bbox 3237 5501 3563 5571; x_wconf 87' lang='lat' dir='ltr'><strong>cupiditatis.</strong></span> 
     </span>
    </p>
   </div>
   <div class='ocr_carea' id='block_1_120' title="bbox 1982 5591 3564 5665">
    <p class='ocr_par' dir='ltr' id='par_1_120' title="bbox 1982 5591 3564 5665">
     <span class='ocr_line' id='line_1_120' title="bbox 1982 5591 3564 5665; baseline -0.008 -9"><span class='ocrx_word' id='word_1_993' title='bbox 1982 5601 2096 5656; x_wconf 87' lang='lat' dir='ltr'><strong>Non</strong></span> <span class='ocrx_word' id='word_1_994' title='bbox 2127 5600 2308 5654; x_wconf 90' lang='lat' dir='ltr'><strong>dicunt</strong></span> <span class='ocrx_word' id='word_1_995' title='bbox 2337 5599 2504 5665; x_wconf 90' lang='lat' dir='ltr'><strong>enim,</strong></span> <span class='ocrx_word' id='word_1_996' title='bbox 2533 5597 2732 5654; x_wconf 86' lang='lat' dir='ltr'><strong>Vellem</strong></span> <span class='ocrx_word' id='word_1_997' title='bbox 2771 5597 2969 5652; x_wconf 87' lang='lat' dir='ltr'><strong>habere</strong></span> <span class='ocrx_word' id='word_1_998' title='bbox 3006 5595 3166 5665; x_wconf 87' lang='lat' dir='ltr'><strong>hujus</strong></span> <span class='ocrx_word' id='word_1_999' title='bbox 3191 5603 3281 5647; x_wconf 91' lang='lat' dir='ltr'><strong>aut</strong></span> <span class='ocrx_word' id='word_1_1000' title='bbox 3311 5591 3450 5646; x_wconf 78' lang='lat' dir='ltr'><strong>illius</strong></span> <span class='ocrx_word' id='word_1_1001' title='bbox 3481 5592 3564 5645; x_wconf 82' lang='lat' dir='ltr'><strong>fa-</strong></span> 
     </span>
    </p>
   </div>
   <div class='ocr_carea' id='block_1_121' title="bbox 1988 5685 3563 5759">
    <p class='ocr_par' dir='ltr' id='par_1_121' title="bbox 1988 5685 3563 5759">
     <span class='ocr_line' id='line_1_121' title="bbox 1988 5685 3563 5759; baseline -0.007 -10"><span class='ocrx_word' id='word_1_1002' title='bbox 1988 5693 2230 5759; x_wconf 86' lang='lat' dir='ltr'><strong>cultates,</strong></span> <span class='ocrx_word' id='word_1_1003' title='bbox 2263 5699 2351 5747; x_wconf 85' lang='lat' dir='ltr'><strong>aut</strong></span> <span class='ocrx_word' id='word_1_1004' title='bbox 2375 5691 2471 5747; x_wconf 83' lang='lat' dir='ltr'><strong>has</strong></span> <span class='ocrx_word' id='word_1_1005' title='bbox 2498 5690 2580 5745; x_wconf 79' lang='lat' dir='ltr'><strong>vel</strong></span> <span class='ocrx_word' id='word_1_1006' title='bbox 2611 5689 2728 5746; x_wconf 88' lang='lat' dir='ltr'><strong>illas</strong></span> <span class='ocrx_word' id='word_1_1007' title='bbox 2758 5689 2932 5744; x_wconf 85' lang='lat' dir='ltr'><strong>solum</strong></span> <span class='ocrx_word' id='word_1_1008' title='bbox 2959 5705 2973 5752; x_wconf 87' lang='lat'><strong>;</strong></span> <span class='ocrx_word' id='word_1_1009' title='bbox 3017 5685 3110 5741; x_wconf 88' lang='lat' dir='ltr'><strong>sed</strong></span> <span class='ocrx_word' id='word_1_1010' title='bbox 3151 5692 3203 5737; x_wconf 89' lang='lat' dir='ltr'><strong>et</strong></span> <span class='ocrx_word' id='word_1_1011' title='bbox 3233 5689 3441 5736; x_wconf 91' lang='lat' dir='ltr'><strong>montes</strong></span> <span class='ocrx_word' id='word_1_1012' title='bbox 3469 5695 3563 5738; x_wconf 86' lang='lat' dir='ltr'><strong>vo-</strong></span> 
     </span>
    </p>
   </div>
  </div>
