4018 6156
434 345 540 402 519

437 461 555 514 lunt
578 472 700 515 esse
721 471 932 525 aurttm,
957 463 1013 511 et
1037 454 1223 509 domos
1251 460 1306 508 et
1343 463 1698 522 quwcumque
1743 448 2013 512 videntur,

437 560 491 604 et
516 548 582 604 ad
602 549 826 604 alterum
858 560 917 601 se
956 542 1286 600 transferunt
1329 540 1617 602 mundum;
1651 549 1704 594 et
1733 539 1848 594 haec
1891 554 2015 608 per-

440 654 596 712 petuo
625 641 916 710 patiuntur,
964 651 1136 707 neque
1175 650 1397 706 usquam
1444 634 1603 688 finem
1635 631 1836 687 faciunt
1877 630 2020 685 desi-

435 730 678 787 derandi.
697 730 828 796 Quis
859 728 1036 784 verbis
1062 729 1260 797 poterit
1284 725 1553 795 explicare
1580 724 1790 778 illarum
1823 720 2018 776 fluctus

433 821 837 894 cogitationum,
882 827 1282 890 tempestatem,
1331 814 1657 886 caliginem?
1705 813 1794 868 ubi
1839 820 2016 866 autem

434 923 558 970 sunt
588 924 665 968 tot
708 913 902 967 fluctus
942 921 997 966 et
1029 920 1174 965 tanta
1205 919 1526 980 tempestas,
1571 921 1816 978 quamam
1861 904 2019 960 fuerit

433 1005 724 1076 voluptas?
753 1003 928 1070 Nulla,
958 1003 1053 1057 sed
1087 1001 1347 1056 tumultus
1371 1010 1424 1054 et
1454 999 1608 1054 dolor
1632 1006 1687 1054 et
1715 997 2018 1066 caliginosa:

433 1099 650 1156 nebulae
675 1112 775 1169 pro
802 1098 955 1167 aquis
996 1095 1230 1150 ferentes
1260 1093 1483 1148 multam
1533 1091 1698 1147 animi
1745 1089 2018 1160 aegritudi-

431 1206 604 1248 nem:
653 1188 796 1259 quod
839 1189 1001 1243 etiam
1043 1186 1182 1241 solet
1228 1185 1474 1242 accidere
1527 1185 1591 1239 iis
1643 1185 1731 1252 qui
1785 1183 2016 1238 alienam

430 1291 616 1338 amnt
660 1278 1128 1350 pulchritudinem.
1175 1277 1465 1349 Propterea
1515 1278 1606 1347 qui
1665 1276 1808 1330 nullo
1858 1277 2018 1331 modo

435 1383 648 1440 amant,
698 1373 753 1428 in
799 1371 990 1440 majori
1029 1380 1152 1426 sunt
1197 1371 1473 1440 voluptate
1499 1383 1657 1439 quam
1709 1368 2016 1436 hujusmodi

436 1477 726 1522 amatores.
757 1463 864 1519 Sed
889 1461 955 1517 ad
987 1462 1089 1518 hoc
1130 1461 1344 1532 quidem
1395 1476 1553 1515 nemo
1588 1459 1968 1515 contradixerit
1997 1475 2015 1515 :

436 1572 537 1628 φο
563 1566 741 1611 autem
770 1569 893 1610 eum
923 1554 1084 1609 etiam
1107 1553 1196 1622 qui
1223 1563 1366 1606 amat
1391 1551 1626 1621 quidem,
1656 1549 1900 1619 reprimit
1925 1563 2018 1604 au-

435 1657 544 1704 tem
570 1647 868 1712 libidinem,
898 1647 1088 1716 majori
1115 1645 1340 1700 dixerim
1366 1642 1504 1698 afﬁci
1537 1644 1828 1712 voluptate,
1858 1657 2014 1711 quam

433 1754 556 1795 eum
577 1739 667 1808 qui
687 1737 901 1794 assidue
925 1736 1119 1792 fruitur
1149 1734 1456 1791 meretrice.
1488 1733 1621 1788 Nam
1653 1732 1874 1788 etiamsi
1899 1732 2016 1802 ejus

434 1833 824 1892 demonstratio
857 1833 928 1889 sit
955 1829 1251 1896 difficilior,
1299 1843 1522 1884 necesse
1570 1838 1745 1882 tamen
1788 1836 1866 1882 est
1916 1826 2017 1881 hoc

434 1923 691 1978 audacter
719 1920 1052 1992 probandum
1080 1919 1378 1987 suscipere.
1421 1918 1520 1973 Est
1545 1918 1687 1972 enim
1724 1916 2014 1984 difficilior,

435 2032 538 2070 non
563 2033 627 2070 ex
657 2015 731 2069 rei
755 2023 964 2081 natura,
988 2013 1084 2070 sed
1111 2028 1175 2068 ex
1197 2027 1285 2080 eo,
1311 2010 1454 2082 quod
1483 2009 1754 2065 auditores
1780 2007 1879 2064 hac
1901 2007 2018 2079 phi-

434 2108 676 2178 losophia
708 2121 810 2161 non
839 2105 947 2161 sint
971 2104 1140 2176 digni.

506 2201 560 2254 3.
587 2199 725 2268 Quid
746 2206 830 2253 est
857 2198 1022 2264 enim,
1049 2196 1135 2252 dic
1161 2211 1366 2267 qureso,
1397 2195 1594 2248 amanti
1617 2191 1928 2262 jucundius,
1949 2191 2018 2248 ab

355 2288 358 2290 ⁷
433 2291 604 2345 amica
622 2287 843 2358 despici,
870 2302 939 2341 an
964 2287 1214 2340 honorari
1237 2293 1291 2340 et
1320 2284 1464 2339 illam
1491 2281 1809 2353 despicere?
1836 2281 2017 2336 Palam

435 2392 520 2438 est
549 2383 650 2435 hoc
679 2394 800 2436 esse
845 2377 1155 2449 jucundius.
1185 2377 1356 2443 Quem
1399 2390 1526 2446 ergo
1551 2416 1567 2442 ,
1616 2388 1817 2444 quaeso,
1851 2373 2019 2448 magis

435 2471 716 2528 honorabit
744 2471 997 2524 meretrix
1021 2508 1036 2536 ,
1064 2482 1260 2524 eumne
1289 2465 1380 2538 qui
1411 2465 1510 2538 ipsi
1543 2464 1730 2530 servit,
1766 2473 1819 2518 et
1848 2462 2019 2518 factus

435 2575 520 2622 est
545 2565 662 2634 ejus
688 2557 1032 2632 mancipium,
1061 2573 1130 2614 an
1159 2573 1281 2615 eum
1310 2557 1397 2627 qui
1429 2556 1543 2626 ejus
1573 2554 1842 2625 superavit
1862 2555 2016 2622 retia,

435 2667 488 2712 et
513 2653 727 2711 structis
757 2653 825 2708 ab
848 2667 910 2707 ea
933 2650 1155 2706 calamis
1181 2649 1328 2705 volat
1349 2648 1511 2702 altius
1525 2646 1550 2700 Ῥ
1576 2645 1672 2702 Est
1697 2645 1865 2701 cuivis
1893 2660 2018 2716 per-

436 2749 674 2819 spicuum
702 2745 843 2817 quod
871 2745 1034 2800 hunc.
1059 2742 1117 2797 In
1147 2756 1437 2814 quemnam
1462 2749 1640 2795 autem
1675 2752 1831 2794 suum
1851 2737 2021 2809 magis

437 2838 676 2895 conferet
700 2835 957 2900 studium,
995 2834 1048 2888 in
1077 2847 1272 2888 eumne
1301 2832 1389 2901 qui
1420 2829 1652 2894 cecidit,
1684 2843 1753 2883 an
1799 2829 1850 2883 in
1896 2842 2019 2883 eum

438 2932 528 3003 qui
561 2929 842 2985 nondum?
886 2928 940 2982 1η
972 2942 1095 2982 eum
1141 2925 1299 2995 plane
1339 2921 1429 2992 qui
1461 2920 1717 2975 nondum.
1746 2920 1876 2987 Quis
1918 2920 2022 2975 erit

438 3030 616 3076 autem
644 3016 1076 3081 desiderabilior,
1123 3015 1240 3068 isne
1268 3010 1360 3082 qui
1407 3019 1490 3065 est
1514 3009 1824 3075 confectus,
1856 3025 1923 3063 an
1976 3009 2022 3065 is

439 3111 527 3180 qui
574 3107 809 3163 nondum
837 3117 921 3162 est
949 3112 1135 3173 captus
1155 3103 1178 3156 ?
1198 3100 1248 3156 Is
1274 3100 1363 3170 qui
1409 3099 1645 3153 nondum
1689 3108 1773 3153 est
1813 3109 2018 3168 captus.

439 3202 494 3258 Si
544 3211 723 3255 autem
777 3214 886 3253 non
944 3194 1203 3258 creditis,
1256 3206 1287 3245 a
1344 3191 1504 3245 rebus
1563 3189 1756 3244 vestris
1802 3188 2019 3245 afferam

439 3291 978 3349 demonstrationem.
1017 3284 1314 3350 Quamnam
1357 3279 1500 3334 enim
1547 3279 1824 3334 mulierem
1853 3281 2022 3350 magis

441 3387 634 3442 amarit
671 3381 936 3454 quispiam
961 3419 976 3443 ,
1025 3389 1216 3432 eamne
1257 3389 1376 3444 qua:
1421 3373 1581 3428 facile
1629 3373 1930 3428 succumbit
1969 3381 2024 3428 et

443 3482 544 3552 ipsi
589 3495 649 3535 se
674 3477 858 3542 dedit,
907 3488 974 3526 an
1017 3484 1136 3525 eam
1165 3484 1286 3538 qua:
1323 3474 1487 3537 negat
1535 3474 1590 3522 et
1627 3467 1895 3537 negotium
1942 3465 2022 3519 fa-

441 3571 642 3626 cessit?
683 3568 830 3622 ilauc
863 3560 1050 3633 procul
1091 3559 1254 3614 dubio
1287 3576 1301 3612 :
1347 3558 1472 3613 hinc
1509 3557 1660 3612 “enim
1707 3557 2019 3612 accenditur

446 3662 618 3732 majus
662 3655 1009 3714 desiderium.
1059 3651 1199 3720 Ergo
1241 3649 1382 3704 idem
1431 3662 1642 3718 quoque
1666 3650 1772 3702 erit
1797 3649 1850 3702 in
1902 3663 2022 3700 mu-

446 3753 612 3813 iiere;
655 3759 710 3804 et
749 3761 871 3802 eum
909 3740 1078 3810 magis
1118 3741 1208 3795 illa
1246 3739 1532 3794 honorabit
1572 3747 1628 3794 et
1677 3738 2026 3794 admirabitur

449 3841 541 3909 qui
589 3852 648 3891 se
683 3833 929 3903 despicit.
974 3830 1030 3886 Si
1085 3843 1174 3884 res
1213 3837 1393 3883 autem
1432 3827 1505 3882 ita
1538 3842 1599 3882 se
1637 3827 1860 3892 habeat,
1894 3827 2025 3882 illud

452 3942 666 3999 quoque
695 3925 867 3996 palam
890 3923 994 3977 erit
1035 3922 1086 3975 in
1118 3919 1305 3989 majori
1335 3933 1455 3974 esse
1483 3919 1756 3988 voluptate
1787 3933 1906 3973 eum
1938 3917 2025 3987 qui

449 4016 618 4085 magis
645 4015 941 4068 honoratur
967 4019 1021 4066 et
1049 4009 1302 4078 diligitur.
1348 4008 1479 4063 Nam
1523 4017 1577 4062 et
1603 4008 1710 4064 dux
1754 4009 2027 4062 exercitus

450 4107 636 4162 urbem
659 4103 873 4174 quidem
901 4101 1066 4156 semel
1092 4107 1298 4170 captam
1329 4097 1581 4162 dimittit;
1628 4098 1677 4152 ei
1703 4105 1878 4174 autem
1908 4112 2028 4167 qua:

449 4198 651 4253 resistit
679 4204 735 4251 et
762 4192 1042 4249 contendit
1067 4191 1213 4246 omni
1241 4190 1419 4246 studio
1444 4190 1645 4245 assidet
1676 4206 1690 4244 :
1729 4197 1784 4244 et
1805 4200 2030 4244 venator

446 4289 614 4345 feram
641 4286 884 4344 venando
921 4295 1130 4356 captam
1160 4283 1320 4338 habet
1349 4285 1401 4339 in
1451 4284 1683 4339 tenebris
1727 4283 1985 4338 inclusam
2011 4326 2025 4350 ,

446 4378 892 4452 quemadmodum
922 4375 1179 4431 meretrix
1198 4382 1526 4439 amatorem;
1556 4389 1673 4430 eam
1703 4383 1881 4431 autem
1911 4392 2030 4444 qua:

447 4473 596 4543 fugit,
626 4470 984 4540 persequitur.
1017 4468 1085 4523 At
1113 4468 1222 4535 ille,
1248 4469 1477 4538 inquies,
1507 4469 1698 4523 fruitur
1723 4468 2027 4537 desiderio;

452 4563 541 4618 hic
567 4571 745 4617 autem
773 4576 880 4615 non
923 4560 1136 4614 fruitur.
1169 4561 1250 4614 An
1283 4561 1478 4629 probro
1505 4575 1569 4614 ac
1611 4560 1876 4617 dedecore
1923 4569 2030 4616 n‘on

449 4652 614 4716 afﬁci,
648 4666 823 4720 neque
852 4649 973 4719 ejus
999 4651 1292 4720 tyrannicis
1320 4650 1525 4704 servire
1546 4650 1806 4720 imperiis,
1835 4666 1934 4706 nec
1961 4652 2031 4706 ab

451 4758 514 4798 ea
542 4741 664 4795 duci
711 4749 766 4794 et
798 4739 1089 4809 circumagi
1132 4750 1401 4809 tamquam
1444 4740 1768 4809 mancipium
1792 4781 1807 4808 ,
1840 4741 2032 4810 pugnis

455 4841 768 4894 contusum,
801 4837 1116 4898 consputum
1143 4869 1157 4891 ,
1192 4830 1246 4884 in
1275 4831 1447 4899 capite
1479 4830 1758 4899 pulsatum,
1789 4846 2027 4900 parvam,

393 4985 408 5008 ι
455 4923 542 4978 dic
562 4935 743 4992 quzeso
763 4961 778 4987 ,
811 4919 1086 4976 existimas
1119 4934 1239 4978 esse
1264 4922 1628 4990 voluptatem?
1655 4921 1711 4977 Si
1739 4923 1857 4992 quis
1886 4925 2030 4978 enim

459 5015 575 5070 haec
598 5023 845 5072 accurate
870 5013 1202 5078 excusserit,
1233 5021 1289 5067 et
1321 5013 1572 5084 colligere
1601 5015 1830 5084 potuerit
1854 5016 2032 5071 omnia

454 5120 639 5160 eorum
673 5105 886 5174 probra,
922 5102 1277 5159 contumelias
1301 5144 1315 5168 ,
1345 5104 1767 5172 criminationes,
1819 5106 2034 5178 irasque

461 5207 744 5272 perpetuas
773 5213 839 5252 ex
868 5199 1046 5252 animo
1068 5196 1148 5252 vel
1178 5211 1244 5250 ex
1271 5196 1478 5252 deliciis
1505 5209 1668 5264 ortas,
1703 5198 2028 5266 inimicitias,

460 5298 514 5343 et
542 5287 642 5342 alia
663 5289 838 5341 omnia
869 5289 998 5342 solis
1029 5287 1349 5357 patientibus
1370 5296 1513 5353 nota,
1548 5290 1783 5345 inveniet
1809 5291 2038 5361 quodvis

462 5378 659 5435 bellum
691 5377 868 5447 plures
892 5376 1091 5432 habere
1117 5377 1373 5445 inducias,
1396 5394 1552 5450 quam
1579 5379 1766 5434 horum
1788 5381 2035 5438 miseram

460 5473 645 5527 vitam.
703 5470 1003 5541 Quamnam
1043 5483 1170 5540 ergo
1207 5469 1378 5536 dicis,
1434 5485 1634 5540 qumso,
1669 5472 2038 5543 voluptatem?

461 5581 652 5623 eamne
675 5580 796 5636 qua:
823 5563 1031 5633 capitur
1065 5578 1131 5617 ex
1160 5563 1301 5617 coitu
1323 5603 1338 5629 ,
1367 5578 1485 5629 quas
1508 5574 1590 5618 est
1635 5563 1813 5620 brevis
1841 5575 1896 5621 et
1924 5582 2038 5620 mo-

464 5657 778 5714 tnentanea?
805 5655 911 5712 Sed
937 5669 1056 5711 eam
1084 5655 1262 5709 statim
1295 5653 1490 5709 bellum
1521 5655 1719 5725 excipit
1755 5665 1808 5711 et
1847 5658 2038 5713 fluctus

469 5757 522 5804 et
544 5749 719 5806 rabies
741 5757 796 5805 ct
823 5747 962 5804 idem
992 5761 1179 5804 rursus
1209 5743 1376 5800 furor.
1406 5745 1469 5801 Et
1506 5745 1620 5801 hate
1644 5746 1856 5814 quidem
1886 5764 1914 5802 a
1942 5755 2038 5803 no-

1128 341 1184 398 S.
1224 336 1499 394 JOANNIS
1536 335 2006 393 CHRYSOSTUMI
2046 334 2361 392 AliClllEP.
2394 337 2922 394 CONSTANTiNUP.

3603 340 3718 397 320

2123 448 2206 504 bis
2229 449 2368 504 dicta
2395 460 2548 516 sunt,
2584 453 2806 522 perinde
2845 461 3005 521 atque
3037 451 3080 506 si
3106 451 3226 523 quis
3265 465 3327 507 ea
3353 450 3547 506 dixerit
3575 455 3714 508 ade-

2131 538 2459 598 lescentibus
2480 542 2958 611 intemperantibus
2983 553 3036 598 et
3060 543 3358 615 impudicis,
3387 545 3476 616 qui
3499 561 3561 602 ca
3587 563 3716 616 qua.

2125 628 2376 686 dicuntur
2405 631 2471 688 de
2497 648 2664 703 regno
2709 645 2762 688 et
2799 634 3040 704 gehenna
3072 649 3178 688 non
3223 634 3450 690 libenter
3480 636 3653 691 ferant
3694 654 3716 692 :

2122 723 2336 793 quando
2368 733 2544 779 autem
2578 725 2692 780 haec
2725 726 2776 779 in
2809 726 3040 781 medium
3069 725 3473 795 adduxeritnus,
3511 745 3578 783 ne
3605 728 3718 785 dic!

2121 812 2336 883 quidem
2367 825 2541 884 potest
2570 827 2766 885 quanta
2797 817 2865 870 sit
2897 817 3291 872 moderatorum
3323 826 3379 872 et
3409 826 3718 889 temperan-

2125 907 2255 961 tium
2288 906 2534 978 voluptas
2559 924 2574 973 ;
2604 908 2817 978 quando
2843 909 2962 980 quis
2992 923 3173 964 secum
3202 919 3414 978 reputat
3440 925 3668 965 coronas
3693 953 3714 978 ,

2124 999 2339 1067 prtemia
2361 1040 2376 1064 ,
2433 1000 2874 1055 consuetudinem
2923 1017 3044 1056 cum
3100 1002 3303 1072 angelis
3327 1043 3341 1066 ,
3376 1002 3428 1055 in
3462 1004 3716 1062 universo

2123 1093 2256 1146 orbe
2285 1101 2443 1147 terrm
2472 1094 2916 1160 celebrationem,
2943 1094 3191 1150 fiduciam
3221 1103 3276 1150 et
3301 1095 3514 1150 dicendi
3544 1096 3715 1150 iiber-

2125 1191 2310 1250 tatem,
2339 1198 2463 1254 spes
2492 1185 2612 1240 illas
2643 1185 2808 1239 bonas
2831 1197 2884 1240 et
2915 1186 3268 1240 immortales.
3306 1189 3374 1239 At
3400 1189 3572 1241 coitus
3611 1186 3712 1241 ha-

2125 1275 2214 1330 bet
2250 1277 2610 1347 voluptatem;
2662 1277 2765 1333 hoc
2819 1278 2962 1337 enim
3009 1287 3266 1350 perpetuo
3314 1290 3568 1345 versant;
3614 1279 3712 1349 qui

2121 1384 2252 1423 vero
2281 1379 2587 1440 temperans
2617 1381 2719 1438 est,
2751 1386 2859 1424 non
2884 1379 3057 1440 potest
3084 1370 3298 1425 assidue
3326 1385 3561 1440 pugnare
3585 1386 3711 1427 cum

2123 1461 2404 1534 tyrannide
2453 1471 2679 1519 naturae.
2730 1465 2801 1518 At
2849 1465 3175 1519 contrarium
3222 1463 3491 1518 inveneris
3536 1481 3550 1517 :
3597 1463 3712 1532 ipsa

2121 1552 2264 1608 enim
2291 1554 2370 1608 vis
2391 1563 2444 1607 et
2480 1553 2812 1623 perturbatio
2832 1561 2914 1608 est
2944 1554 3112 1624 magis
3130 1553 3268 1622 apud
3297 1569 3418 1608 eum
3445 1553 3533 1625 qui
3557 1569 3711 1608 scor-

2123 1652 2282 1699 tatur.
2329 1644 2490 1699 Multa
2522 1645 2664 1700 enim
2693 1655 2776 1701 est
2805 1646 2856 1700 in
2888 1661 3113 1715 corpore
3140 1647 3394 1716 agitatio;
3424 1657 3480 1702 et
3520 1649 3715 1718 quovis

2124 1732 2402 1789 ﬂuctuanti
2434 1735 2564 1789 mari
2598 1735 2687 1789 hic
2710 1735 2928 1805 gravius
2955 1734 3210 1802 afficitur,
3236 1736 3388 1807 cujus
3419 1752 3712 1807 numquam

2122 1824 2332 1880 sistitur
2359 1826 2622 1896 cupiditas
2647 1869 2663 1895 ,
2704 1828 2797 1882 sed
2825 1827 2893 1882 ab
2938 1844 3000 1884 ea
3032 1843 3246 1899 semper
3275 1830 3562 1899 impetitur,
3602 1845 3713 1886 non

2119 1932 2276 1974 secus
2303 1931 2462 1989 atque
2509 1921 2600 1991 qui
2627 1922 2992 1990 corripiuntur
3020 1937 3050 1976 a
3082 1919 3358 1988 daemone,
3403 1930 3457 1975 et
3485 1922 3715 1976 assidue

2121 2007 2496 2078 discerpuntur
2539 2025 2570 2064 a
2615 2009 2767 2064 malis
2811 2010 3106 2080 Spiritibus.
3157 2011 3477 2080 Temperans
3521 2020 3710 2065 autem

2123 2111 2230 2151 non
2251 2112 2403 2154 secus
2439 2113 2503 2156 ac
2550 2098 2704 2154 fortis
2742 2100 2940 2157 athleta
2966 2143 2980 2167 ,
3037 2117 3154 2155 eam
3207 2101 3419 2155 assidue
3467 2101 3668 2155 feriens
3693 2143 3712 2170 ,

2121 2189 2378 2257 optimam
2405 2198 2460 2243 et
2488 2189 2784 2245 innumeris
2829 2190 3140 2260 hujusmodi
3170 2191 3377 2245 deliciis
3417 2191 3711 2260 jucundio-

2121 2293 2236 2334 rem
2265 2281 2494 2350 percipit
2526 2281 2856 2352 voluptatem
2882 2324 2897 2349 ,
2949 2282 3050 2336 hac
3078 2283 3297 2338 victoria
3323 2325 3338 2350 ,
3392 2283 3530 2337 bona
3574 2299 3710 2338 con-

2123 2369 2348 2425 scientia
2370 2411 2385 2437 ,
2413 2379 2468 2426 et
2514 2372 2788 2442 praeclaris
2816 2375 3034 2442 tropaeis
3083 2381 3342 2444 perpetuo
3367 2383 3606 2428 ornatus.
3653 2374 3712 2430 Si

2123 2471 2304 2516 autem
2338 2472 2461 2534 p03t
2495 2478 2843 2533 congressum
2890 2465 2982 2520 ille
3037 2480 3221 2535 parum
3282 2466 3551 2536 quiescit,
3604 2465 3707 2522 hoc

2124 2553 2255 2606 nihil
2283 2554 2442 2609 fuerit
2469 2572 2481 2607 :
2524 2570 2735 2610 rursum
2765 2555 2908 2610 enim
2939 2557 3142 2611 invadit
3171 2565 3464 2626 tempestas
3491 2567 3545 2611 et
3586 2572 3709 2612 rur-

2123 2657 2240 2697 sum
2266 2643 2479 2699 finctus.
2509 2645 2609 2712 Qui
2642 2654 2820 2702 autem
2848 2645 3277 2716 pltiloSOphatur,
3313 2662 3381 2701 ne
3413 2647 3566 2702 initio
3595 2649 3711 2717 qui—

2123 2734 2245 2791 dem
2274 2737 2534 2806 permittit
2563 2749 2620 2792 ut
2651 2738 2769 2795 haec
2797 2755 2855 2794 se
2883 2740 3095 2794 invadat
3125 2740 3452 2810 perturbatio
3477 2781 3492 2806 ,
3538 2756 3712 2810 neque

2123 2841 2182 2884 ut
2212 2846 2359 2887 mare
2385 2843 2648 2904 assurgat,
2675 2850 2774 2890 nec
2792 2844 2849 2891 ut
2872 2835 2984 2890 haec
3007 2835 3116 2890 fera
3140 2836 3488 2892 vociferetur.
3521 2836 3578 2892 Si
3607 2838 3709 2890 vim

2122 2929 2300 2976 autem
2345 2923 2577 2991 patiatur
2620 2924 2671 2978 iu
2720 2925 3003 2981 retinendo
3033 2926 3235 2997 impetu
3289 2935 3478 2994 tanto;
3521 2937 3578 2982 at
3623 2929 3714 2990 ille

2129 3010 2290 3066 etiam
2324 3011 2679 3082 libidinosus,
2725 3015 3030 3086 frequenter
3078 3018 3355 3090 pulsatus,
3408 3019 3708 3086 confossus,

2124 3111 2454 3173 (ostrumque
2479 3119 2584 3160 non
2614 3105 2792 3162 ferens
2815 3149 2830 3173 ,
2863 3107 3004 3162 haud
3032 3124 3207 3175 secus,
3236 3124 3396 3180 quam
3425 3110 3468 3166 si
3513 3126 3713 3179 equum

2125 3193 2439 3249 indomitum
2467 3194 2618 3251 freno
2647 3199 2928 3266 retineret,
2961 3211 3130 3255 artem
3159 3216 3376 3257 omnem
3403 3202 3660 3256 adhibens
3690 3220 3706 3256 :

2125 3287 2170 3340 si
2199 3295 2377 3343 autem
2404 3291 2650 3356 cesserit,
2677 3300 2732 3346 et
2757 3292 2994 3348 laborem
3024 3293 3236 3364 fugerit,
3266 3295 3447 3350 abillo
3473 3310 3716 3366 prmeeps

2125 3393 2464 3450 quocumque
2493 3380 2714 3436 feratur.
2747 3383 2872 3437 llzec
2901 3384 2946 3440 si
2972 3384 3112 3439 dicta
3140 3394 3265 3439 sunt
3290 3386 3528 3457 apertius
3555 3402 3714 3456 quam

2127 3482 2224 3539 par
2250 3469 2342 3536 sit,
2387 3485 2547 3526 nemo
2572 3487 2660 3527 me
2689 3473 3046 3542 reprehendat
3077 3493 3090 3528 :
3141 3474 3268 3528 nolo
3314 3476 3458 3530 enim
3502 3476 3710 3532 dicendi

2125 3562 2384 3629 gravitate
2404 3576 2599 3625 ornare
2628 3563 2925 3619 orationem
2950 3608 2969 3634 ,
3001 3565 3094 3620 sed
3126 3580 3316 3637 graves
3357 3575 3413 3622 et
3454 3565 3714 3624 honestos

2128 3652 2303 3709 facere
2328 3654 2619 3710 auditores.

2212 3748 2266 3802 4.
2306 3747 2596 3817 Propterea
2642 3748 2916 3818 prephette
2960 3764 3175 3821 quoque
3221 3750 3352 3805 nulli
3406 3749 3710 3820 hujusmodi

2129 3837 2294 3892 verbo
2323 3846 2564 3906 parcunt,
2594 3839 2834 3894 volentes
2856 3837 3165 3894 Judaeorum
3193 3839 3500 3895 exscindere
3525 3839 3707 3893 libidi-

2132 3941 2253 3982 nem
2282 3935 2338 3982 et
2363 3927 2858 3997 intemperantiam,
2883 3927 2976 3983 sed
2999 3943 3092 3984 eos
3125 3939 3342 4000 tangunt
3365 3929 3525 3984 etiam
3550 3944 3712 3998 aper-

2134 4020 2270 4084 tius,
2301 4032 2463 4086 quam
2493 4032 2591 4072 nos
2631 4033 2773 4073 nunc
2803 4018 2856 4072 in
2907 4019 2972 4074 iis
3019 4035 3139 4089 qute
3181 4021 3433 4077 diximus.
3473 4021 3715 4083 Medicus

2133 4107 2276 4162 enim
2302 4107 2489 4162 volens
2517 4108 2715 4176 ejicere
2757 4109 3128 4178 putredinem,
3173 4126 3280 4165 non
3309 4127 3376 4166 eo
3405 4121 3613 4181 Spectat
3659 4122 3717 4166 ut

2133 4198 2358 4254 mundas
2402 4209 2685 4256 conservet
2728 4217 2939 4269 manus,
2970 4202 3066 4258 sed
3107 4211 3166 4257 ut
3208 4220 3412 4274 aegrum
3453 4205 3642 4259 liberet
3682 4222 3713 4260 a

2134 4291 2445 4360 putredine;
2474 4301 2528 4347 et
2558 4293 2603 4346 is
2627 4292 2717 4363 qui
2746 4292 3000 4349 humilem
3028 4295 3137 4350 vult
3163 4297 3434 4352 excelsum
3464 4296 3711 4364 reddere,

2136 4383 2250 4454 ipse
2279 4383 2427 4454 prius
2459 4384 2516 4438 lit
2543 4383 2793 4451 humilis;
2825 4393 2878 4439 et
2905 4386 2994 4456 qui
3035 4385 3269 4442 studium
3309 4388 3460 4458 ponit
3489 4401 3548 4448 ut
3575 4390 3717 4446 occi-

2133 4473 2226 4529 dat
2252 4474 2636 4540 insidiatorem,
2661 4489 2720 4531 se
2741 4492 2953 4546 quoque
2977 4491 3098 4532 cum
3123 4477 3217 4532 illo
3242 4488 3507 4546 cruentat,
3537 4491 3592 4536 et
3619 4481 3718 4535 hoc

2138 4566 2309 4634 ipsum
2355 4565 2534 4620 reddit
2571 4566 2875 4621 clariorem.
2919 4567 3054 4623 Nam
3098 4569 3142 4625 si
3191 4585 3221 4623 a
3272 4570 3414 4626 bello
3440 4586 3718 4634 reversum

2137 4655 2360 4710 militem
2392 4654 2585 4710 viderit
2611 4656 2872 4726 quispiam
2903 4660 3075 4726 sanie,
3115 4662 3372 4730 sanguine
3399 4670 3456 4717 et
3495 4663 3718 4718 cerebro

2137 4759 2439 4816 respersum
2467 4755 2522 4801 et
2551 4747 2831 4818 pollutum,
2867 4765 2971 4804 non
3001 4751 3122 4807 ideo
3152 4752 3276 4807 odio
3298 4751 3513 4808 habebit
3545 4769 3718 4824 neque

2137 4838 2487 4904 aversabitur,
2521 4839 2613 4893 sed
2655 4842 2824 4911 magis
2867 4843 3027 4897 etiam
3076 4843 3444 4900 admirabitur.
3503 4845 3577 4900 ita
3624 4862 3720 4900 nos

2137 4942 2348 4997 quoque
2372 4927 2626 4984 faciamus
2642 4945 2762 4984 cum
2786 4929 3070 4994 viderimus
3091 4935 3416 5005 quempiam,
3438 4947 3718 5006 postquam

2140 5021 2384 5075 mactarit
2428 5021 2794 5092 cupiditatem,
2841 5033 3121 5080 cruentum
3167 5036 3562 5096 revertentem,
3594 5044 3716 5084 eum

2142 5112 2312 5183 magis
2350 5111 2695 5180 admiremur,
2740 5115 3005 5186 simulque
3047 5119 3176 5174 socii
3203 5134 3265 5174 ac
3296 5121 3576 5192 participes
3603 5121 3719 5190 ejus

2141 5215 2333 5273 pugna:
2357 5211 2412 5258 et
2440 5203 2694 5270 victoriae,
2723 5213 2778 5259 et
2804 5205 2870 5260 iis
2897 5207 2986 5275 qui
3009 5217 3190 5262 amant
3211 5208 3451 5266 dicamus
3479 5229 3492 5264 :
3523 5211 3719 5268 Osten-

2141 5293 2252 5349 dite
2278 5295 2431 5350 nobis
2457 5295 2783 5366 voluptatem
2815 5313 2972 5367 quam
3003 5300 3284 5370 accepistis
3307 5316 3375 5357 ex
3403 5302 3646 5358 libidine.

2224 5385 2587 5456 Temperantia:
2629 5390 2877 5459 voluptas.
2902 5420 2972 5429 —
2995 5389 3127 5444 Nam
3164 5393 3253 5462 qui
3294 5401 3379 5448 est
3419 5404 3720 5465 temperans

2144 5494 2206 5534 ac
2235 5479 2478 5550 pudicus,
2509 5481 2834 5551 voluptatem
2865 5481 3022 5539 habet
3041 5499 3105 5539 ex
3134 5484 3353 5540 victoria
3382 5503 3396 5550 ;
3443 5495 3498 5540 tu
3541 5496 3720 5542 autem

2146 5571 2341 5625 nullam
2366 5570 2531 5627 habes
2557 5575 2793 5630 omnino.
2819 5575 2910 5630 Sin
2939 5585 3113 5629 autem
3137 5592 3232 5631 vos
3251 5578 3441 5633 dicatis
3466 5593 3583 5634 eam
3604 5594 3719 5649 quae

2148 5671 2231 5716 est
2261 5678 2324 5716 ex
2357 5679 2685 5733 congressu;
2718 5665 2810 5720 scd
2844 5666 2931 5720 illa
2962 5673 3042 5720 cst
3071 5666 3402 5722 manifestior
3430 5678 3483 5724 et
3510 5669 3717 5723 diutur-

2151 5752 2284 5808 nior.
2321 5753 2450 5809 Nam
2495 5765 2547 5809 tu
2578 5771 2640 5810 ex
2673 5770 2736 5810 eo
2767 5772 2870 5826 quo
2900 5755 3088 5811 frueris
3121 5755 3284 5814 habes
3311 5757 3506 5829 aliquid
3536 5757 3720 5818 breve.
