4018 6156
336 271 444 331 519

337 389 422 444 δτι
452 384 567 453 Τὴν
591 382 688 439 τοῦ
732 383 903 448 δεῖνος
936 382 1234 454 ἐϐουλόμην
1260 385 1449 439 οὐσίαν
1478 385 1643 458 ἐχειν,
1671 387 1767 441 καὶ
1806 387 1908 458 τὴν

337 469 437 524 τοῦ
483 469 658 532 δεῖνος
712 467 895 538 μόνον,
941 466 1077 522 ἀλλά
1123 467 1220 522 καὶ
1260 468 1332 522 τὰ
1377 469 1482 540 ὅρη
1516 469 1742 541 χρυσίον
1770 466 1914 523 εἶναι

338 553 645 625 βούλονται,
692 550 787 607 καὶ
811 550 912 614 τὰς
937 552 1137 617 οἰκίας,
1182 554 1280 606 καὶ
1307 551 1381 607 τά
1419 552 1674 625 ὁρώμενα
1712 553 1912 615 πάντα,

342 636 439 696 καὶ
466 636 551 705 ἐφ’
582 635 766 707 ἓτερον
816 634 1174 706 προϐαίνουσι
1208 638 1415 709 κόσμον
1436 653 1452 669 ο
1496 637 1593 691 καὶ
1633 636 1795 691 τοῦτο
1825 638 1916 690 ἐπ’

342 717 566 789 ἄπειρον
596 717 881 787 πάσχουσι,
928 718 1026 774 καὶ
1058 719 1299 790 οὐδαμοῦ
1330 719 1433 789 τῆς
1487 719 1785 789 ἐπιθυμίας
1820 719 1918 791 λή-

342 817 520 867 γουσι.
558 801 651 863 Τίς
684 800 753 856 ἂν
805 804 1184 872 παραστήσιιε
1226 800 1386 870 λόγος
1413 801 1505 856 τὸν
1533 802 1780 873 χειμῶνα
1806 803 1918 857 τῶν

341 883 621 954 λογισμῶν
649 883 900 949 ἐκείνων,
927 883 998 943 τὰ
1027 884 1274 955 κύματα,
1307 884 1401 938 τὸν
1433 884 1636 954 ζόφον;
1683 886 1818 940 ὅπου
1856 884 1917 939 66

341 967 562 1037 κύματα
596 967 690 1021 καὶ
715 965 928 1038 χειμὼν
950 967 1217 1033 τοιοῦτος,
1239 966 1372 1021 ποία
1395 967 1593 1036 γίνοιτ’
1626 968 1694 1023 ἂν
1728 968 1916 1038 ἡδονῆς

341 1052 453 1105 Οὐκ
485 1050 632 1104 ἐστιν
671 1050 923 1120 οὐδεμία,
960 1049 1102 1104 ἀλλά
1130 1049 1363 1122 θόρυϐος
1390 1051 1485 1104 καί⁵
1509 1050 1671 1120 ὀδύνη
1701 1052 1798 1104 καὶ
1826 1067 1917 1104 vc—

340 1133 500 1202 φέλαι
550 1133 815 1203 ζοφώδεις
860 1133 985 1189 ἀντὶ
1020 1133 1230 1189 ὑδάτων
1279 1133 1481 1206 πολλὴν
1524 1134 1790 1206 φέρουσαι
1822 1135 1921 1204 τὴν

340 1217 609 1289 ἀθυμίαν
654 1217 685 1270 6
710 1217 777 1287 δὴ
814 1216 910 1271 καὶ
936 1219 1035 1272 ἐπὶ
1060 1217 1171 1272 τῶν
1194 1217 1447 1288 ἐρώντων
1478 1217 1764 1290 ἀλλοτρίου
1790 1219 1922 1272 κάλ·

338 1301 464 1364 λους
494 1299 819 1383 συμϐαίνειν
852 1299 1042 1383 εἴωθε.
1094 1301 1194 1356 Διά
1229 1317 1312 1354 τοι
1343 1300 1512 1383 τοῦτο
1531 1303 1583 1356 οί
1623 1302 1747 1374 μηδ’
1782 1301 1922 1365 ὅλως

340 1382 602 1456 ἐρῶντες,
634 1382 746 1439 τῶν
766 1381 1016 1455 ἐρώντων
1040 1386 1097 1439 ἐν
1125 1383 1330 1439 πλείονί
1360 1381 1502 1439 είσιν
1541 1385 1729 1457 ἡδονῇ.
1759 1385 1924 1439 Ἀλλά

342 1467 483 1538 πρὸς
530 1465 690 1519 τοῦτο
740 1467 836 1536 μὲν
878 1467 1053 1531 οὐδεὶς
1097 1468 1343 1522 ἀντείποι
1367 1482 1383 1497 °
1447 1467 1560 1537 ἐγὼ
1589 1469 1647 1523 66
1691 1470 1790 1523 καὶ
1828 1468 1923 1522 τὸν

343 1549 559 1620 ἐρῶντα
594 1549 715 1619 μὲν,
744 1551 1046 1621 κατέχοντα
1067 1550 1125 1603 δέ
1153 1552 1254 1626 τὴν
1283 1551 1607 1623 ἐπιθυμίαν,
1634 1551 1833 1624 μᾶλλον
1856 1552 1923 1605 ἂν

342 1633 513 1702 φαίην
550 1636 760 1706 τρυφᾷν
820 1635 916 1689 τοῦ
947 1636 1191 1706 συνεχῶς
1236 1636 1338 1707 τῆς
1377 1635 1585 1708 πόρνης
1614 1636 1923 1691 ἀπολαύον-

343 1735 456 1782 τος.
485 1716 555 1795 ΕἰΔ
582 1716 691 1790 γὰρ
716 1717 870 1791 [547]
899 1720 996 1775 καὶ
1017 1719 1397 1791 δυσκολωτέρα
1428 1722 1463 1792 ἡ
1488 1721 1781 1788 ἀπόδειξις,
1807 1721 1921 1776 ἀλλ’

345 1801 495 1869 ὅμως
521 1801 617 1853 καὶ
646 1799 819 1863 οὕτως
841 1802 1139 1871 ἀναγκαῖον
1171 1802 1583 1874 κατατολμῆσαι
1606 1804 1703 1858 τοῦ
1740 1803 1918 1874 λόγου.

347 1880 455 1935 Καὶ
480 1880 588 1952 γὰρ
629 1882 1010 1954 δυσκολωτέρα
1039 1884 1269 1953 γίνεται,
1325 1885 1386 1938 οὑ
1436 1885 1591 1958 παρᾲ
1617 1887 1716 1952 τὴν
1757 1888 1923 1956 φύσιν

341 1962 436 2018 τοῦ
466 1964 813 2035 πράγματος,
843 1965 982 2029 ἀλλά
1010 1966 1163 2037 παρὰ
1190 1967 1253 2022 τὸ
1287 1966 1363 2040 μὴ
1394 1961 1537 2022 εἶναι
1562 1969 1665 2041 τῆς
1699 1970 1921 2042 φιλοσοο

339 2046 470 2117 φίας
499 2045 705 2112 ταύτης
729 2048 1004 2119 ἀκροατάς
1031 2047 1240 2114 ἀξίους.

407 2206 479 2279 γ’.
499 2207 565 2262 Τί
586 2208 694 2280 γάρ
712 2209 1015 2279 ῆδιον,είπέ
1034 2221 1146 2280 μοι,
1159 2208 1236 2282 τῷ
1256 2208 1474 2282 ἐρῶντι,
1490 2210 1552 2266 16
1569 2212 1923 2284 καταφρονεῖς

337 2293 462 2353 σθαι
488 2291 594 2346 61:6
614 2290 715 2363 τῆς
734 2292 1041 2366 ἐρωμένης,
1063 2291 1098 2364 ἢ
1126 2293 1187 2347 16
1203 2295 1469 2365 τιμᾶσθαι
1493 2295 1590 2349 καὶ
1612 2297 1918 2369 ὑπερορᾷνς

337 2375 574 2448 Εὔδηλον
595 2378 677 2431 δτι
694 2377 871 2433 τοῦτο.
897 2375 1032 2433 Τίνα
1060 2371 1175 2444 οῦν,
1210 2377 1330 2432 είπέ
1367 2396 1480 2449 μοι,
1510 2381 1736 2452 τιμήσει
1760 2380 1922 2436 πλέον

336 2462 370 2531 ἡ
394 2460 596 2532 πόρνη,
630 2460 721 2514 τὸν
754 2458 1080 2515 δουλεύοντα
1109 2460 1250 2533 αὐτῇ
1295 2462 1391 2515 καὶ
1431 2462 1785 2534 αἰχμάλωτον
1826 2465 1922 2517 ὑπ’

336 2542 507 2613 αὑτῆς
551 2543 655 2615 ῆδη
696 2542 1015 2615 γενόμενον,
1047 2542 1083 2616 ἦ
1121 2543 1214 2598 τὸν
1248 2542 1520 2616 ἀνώτερον
1566 2546 1673 2600 τῶν
1705 2546 1922 2617 ἐκείνης

336 2627 590 2694 δικτύων,
617 2626 715 2682 καὶ
757 2625 1095 2699 ὑψηλότερον
1123 2628 1233 2682 τῶν
1268 2628 1532 2702 καλάμων
1561 2630 1733 2702 αὐτῆς
1761 2633 1921 2685 πετό-

340 2728 536 2782 μενον;
577 2710 750 2765 Παντί
780 2728 884 2766 που
927 2711 1106 2786 δῆλον,
1156 2713 1241 2766 ὅτι
1268 2713 1480 2768 τοῦτον.
1532 2715 1672 2787 Περὶ
1712 2715 1835 2769 τίνα
1862 2714 1921 2770 δέ

339 2795 633 2850 σπουδάσει
683 2794 866 2859 πλέον,
915 2796 1007 2850 16v
1040 2797 1393 2862 πεπτωκότα,
1439 2798 1473 2869 ἡ
1525 2798 1616 2853 τὸν
1666 2800 1917 2867 οὑδέπω;

336 2879 443 2932 Τὸν
474 2878 686 2933 οὐδέπω
734 2880 976 2939 πάντως.
1018 2880 1116 2946 Τίς
1166 2880 1223 2935 δὲ
1268 2880 1423 2936 ἔσται
1454 2882 1849 2955 ποθεινότερος,
1890 2885 1920 2938 6

337 2963 828 3035 κατειργασμένος,
892 2963 926 3035 ἦ
984 2966 1012 3017 ὁ
1066 2964 1293 3035 μηδέπω
1344 2964 1546 3033 ἀλούς;
1581 2967 1640 3020 '0
1694 2967 1920 3038 μηδέπω

335 3046 476 3111 τέως
500 3045 681 3112 ἀλούς.
712 3046 779 3102 El
804 3047 861 3100 66
888 3048 1194 3111 ἀπιστεῖτε,
1215 3047 1326 3103 ἀπὸ
1346 3048 1456 3102 τῶν
1479 3049 1760 3122 ὑμετέρων
1784 3068 1922 3124 παρ-

336 3126 447 3194 έξω
477 3128 575 3202 τὴν
602 3129 901 3195 ἀπόδειξιν.
925 3130 1082 3194 Τίνος
1105 3129 1215 3203 γάρ
1234 3131 1299 3185 ἀν
1328 3149 1412 3197 τις
1436 3132 1636 3203 μᾶλλον
1660 3132 1920 3205 ἐρασθείη

334 3212 619 3279 γυναικὸς,
646 3213 748 3284 τῆς
777 3212 1017 3277 εὐκόλως
1043 3213 1619 3287 ὑποκατακλινομένης
1648 3215 1798 3288 αὑτῷ
1825 3217 1921 3271 καὶ⁵

338 3295 711 3368 ἐκδιδομένης,
746 3296 784 3368 ἢ
815 3296 918 3368 τῆς
946 3297 1293 3368 ἀρνουμένης
1324 3299 1420 3352 καὶ
1441 3298 1748 3371 πράγματα
1771 3301 1921 3374 αὐτῷ

338 3378 722 3451 παρεχούσηςς
762 3377 1001 3451 Εῦδηλον
1027 3380 1110 3433 ὅτι
1136 3379 1341 3452 ταύτης
1359 3397 1374 3410 ο
1400 3382 1496 3435 καὶ
1522 3381 1631 3454 γὰρ
1657 3383 1921 3453 μειζόνως

338 3460 598 3515 ἐντεῦθεν
631 3464 660 3515 6
691 3461 850 3526 πόθος
898 3463 1224 3518 ἀνάπτεται.
1271 3464 1485 3517 Οὐκοῦν
1533 3467 1628 3518 καὶ
1682 3466 1775 3518 ἐπὶ
1822 3466 1922 3537 τῆς

336 3545 604 3615 γυναικὸς
629 3545 690 3599 16
722 3545 853 3601 αὐτὸ
878 3546 941 3621 δὴ
985 3545 1149 3602 τοῦτο
1192 3546 1366 3600 ἔσται·
1401 3546 1499 3600 καὶ
1528 3546 1717 3601 τοῦτον
1758 3550 1924 3620 τιμὴ-

339 3645 499 3682 σουσι
528 3629 623 3693 καὶ
646 3628 1011 3700 θαυμάζονται
1036 3629 1203 3685 πλέον
1231 3630 1323 3683 τὸν
1346 3629 1699 3703 ὑπερορῶντα
1719 3631 1921 3687 αὐτῶν.

336 3713 407 3775 Et
448 3712 505 3765 66
552 3712 715 3766 τοῦτο
741 3713 961 3785 ἀληθὲς,
1008 3715 1232 3769 κάκεῖνο
1262 3713 1485 3785 ὁμοίως,
1514 3713 1576 3767 τὸ
1623 3715 1682 3768 ἐν
1715 3713 1923 3785 μείζονι

336 3791 480 3854 εἶναι
503 3795 664 3868 ἡδονῇ
694 3796 785 3851 τὸν
816 3796 1020 3869 μᾶλλον
1046 3798 1364 3870 τιμώμενον
1395 3797 1492 3852 καὶ
1532 3798 1919 3869 ἀγαπώμενον.

352 3879 506 3933 Ἐπεὶ
530 3880 627 3933 καὶ
656 3881 963 3953 στρατηγὸς
983 3880 1140 3936 πόλιν
1164 3881 1264 3953 τὴν
1290 3885 1389 3953 μὲν
1407 3880 1663 3947 καθάπαξ
1686 3881 1923 3937 ἀλοῦσαν

338 3963 558 4035 ἀφίησι,
577 3966 646 4035 τῇ
674 3963 730 4018 66
754 3964 1019 4037 ἐστηκυίᾳ
1044 3964 1139 4018 καὶ
1164 3964 1543 4038 φιλονεικούσῃ
1567 3966 1923 4038 προσεδρεύει

340 4048 485 4112 μετά
507 4048 742 4119 σπουδῆς
762 4048 999 4120 ἀπάσης
1037 4048 1135 4103 καὶ
1156 4047 1427 4121 θηρευτὴς
1446 4050 1507 4101 τὸ
1533 4050 1631 4120 μὲν
1661 4048 1922 4121 θηρευθέν

337 4130 481 4197 ζῶον
513 4133 571 4186 ἐν
603 4132 783 4205 σκότῳ
815 4132 1178 4196 κατακλείσας
1209 4132 1344 4204 ἔχει,
1377 4132 1632 4204 καθάπερ
1677 4137 1711 4206 ἡ
1747 4136 1924 4209 πόρνη

334 4214 435 4279 τὸν
456 4214 717 4286 ἐραστὴν,
746 4215 806 4269 16
830 4215 885 4269 66
912 4216 1114 4287 φεῦγον
1136 4214 1344 4271 διώκει.
1379 4217 1521 4270 Ἀλλ’
1541 4218 1801 4273 ἀπολαύει
1822 4221 1923 4292 τῆς

334 4297 640 4370 ἐπιθυμίας
665 4300 892 4363 ἐκεῖνος,
921 4301 1109 4373 φησὶν,
1134 4295 1290 4363 0610;
1318 4300 1374 4354 66
1405 4301 1505 4356 οὐκ
1536 4302 1822 4359 ἀπολαύει.
1849 4305 1924 4358 T6

334 4383 400 4437 δὲ
437 4383 514 4456 μὴ
544 4384 1025 4456 καταισχύνεσθαι,
1052 4385 1187 4457 μηδὲ
1210 4384 1485 4439 δουλεύειν
1517 4388 1641 4452 ταῖς
1669 4405 1922 4458 τυραννι-

334 4470 469 4530 καῖς
502 4467 673 4541 αὐτῆς
697 4469 1010 4539 ἐπιταγαῖς,
1046 4469 1183 4540 μηδέ
1216 4469 1293 4532 ώς
1324 4468 1660 4541 ἀνδράποδον
1690 4472 1923 4542 ἄγεσθαι

335 4551 436 4606 ὑπ’
466 4550 639 4622 αὐτῆς
678 4551 773 4606 καὶ
797 4553 1158 4623 περιάγεσθαι
1186 4551 1573 4625 ῥαπιζόμενον,
1608 4556 1925 4627 ἐμπτυόμε-

335 4652 456 4699 νον,
486 4635 581 4688 ἐπὶ
631 4636 877 4708 κεφαλῆς
909 4636 1242 4709 ὠθούμενον,
1290 4640 1497 4710 μικρὰν
1534 4640 1728 4712 ἡδονὴν
1781 4636 1922 4697 εἶναι

335 4719 619 4789 νομίζειςς
641 4720 762 4774 εἰπέ
790 4737 901 4795 μοι,
928 4721 992 4774 Et
1021 4721 1131 4794 γάρ
1161 4739 1245 4786 τις
1271 4724 1443 4776 ταῦτα
1469 4723 1714 4796 ἀκριϐῶς
1744 4725 1925 4792 ἐξετά-

336 4820 481 4866 σειε,
508 4804 604 4858 καὶ
623 4803 877 4875 δυνηθείη
911 4803 1009 4870 τὰς
1033 4803 1221 4876 ῦϐρεις
1254 4804 1435 4859 αὑτῶν
1475 4810 1828 4876 συναγαγεῖν,
1854 4809 1924 4863 τά

333 4886 685 4956 ἐγκλήματα,
718 4887 818 4952 τὰς
852 4889 1096 4960 συνεχεῖς
1125 4887 1315 4960 ὁργάς,
1344 4889 1444 4952 τὰς
1459 4889 1569 4944 ἀπὸ
1598 4890 1799 4962 ψυχῆς,
1822 4892 1923 4957 τὰς

335 4968 451 5027 ἀπὸ
484 4968 579 5023 τοῦ
624 4968 961 5041 θρύπτεσθαι
1007 4970 1328 5043 γινομένας,
1371 4972 1475 5043 τὰς
1501 4972 1824 5043 ἀπεχθείας,
1855 4974 1925 5030 τὰ

333 5055 477 5122 ἄλλα
509 5054 711 5114 πάντα,
743 5053 889 5126 ἅπερ
915 5055 967 5108 οί
996 5041 1301 5125 πάσχοντες
1341 5041 1491 5109 ῖσασί
1520 5041 1710 5126 μόνον,
1743 5057 1922 5112 πάντα

337 5139 579 5210 πόλεμον
617 5140 843 5211 εὑρήσει
887 5138 1107 5205 πλείους
1134 5138 1328 5210 ἔχοντα
1360 5140 1459 5204 τάς
1490 5141 1783 5213 ἀνακωχὰς
1821 5143 1922 5214 τῆς

337 5222 532 5293 ἀθλίας
568 5221 779 5276 τούτων
808 5222 973 5293 ζωῆς.
1002 5222 1172 5277 Ποίαν
1206 5217 1300 5277 οὖν
1323 5222 1505 5292 λέγεις
1535 5225 1768 5297 ἡδονὴν;
1801 5226 1923 5279 εἰπέ

340 5323 466 5377 μοι’
500 5306 605 5378 τὴν
641 5304 750 5360 ἀπὸ
780 5305 880 5376 τῆς
911 5304 1136 5382 μίξεως,
1162 5306 1262 5378 τὴν
1292 5306 1631 5380 πρόσκαιρον
1658 5308 1754 5363 καὶ
1785 5309 1922 5382 βρα-

334 5391 525 5458 χεῖαν;
556 5387 701 5442 Ἀλλ’
735 5388 936 5453 εὐθέως
968 5378 1173 5460 ταύτῆν
1202 5389 1440 5461 πόλεμος
1468 5378 1923 5463 ἐπικαταλαμϐά-

335 5489 417 5525 νει
447 5473 545 5527 καὶ
583 5469 807 5542 κύματα
849 5472 944 5526 καὶ
970 5470 1138 5525 λύττα
1165 5472 1261 5526 καὶ
1298 5473 1466 5543 μανία
1510 5474 1672 5529 πάλιν
1699 5475 1732 5547 ἡ
1758 5476 1920 5547 αὐτή.

337 5557 446 5610 Καὶ
474 5556 655 5610 ταῦτα
684 5555 783 5627 μὲν
812 5558 945 5627 ἡμῖν
976 5555 1216 5627 εἴρηται,
1258 5556 1334 5621 ὡς
1361 5557 1426 5611 ἄν
1458 5574 1542 5620 τις
1574 5558 1713 5623 νέοις
1741 5558 1923 5612 διαλε-

334 5641 568 5710 γόμενος
615 5639 940 5704 ἀκολάστοις
988 5640 1153 5703 εἴποι,
1195 5638 1256 5692 οὐ
1313 5638 1522 5708 σφόδρα
1571 5640 1922 5709 ἀνεχομένοις

333 5723 439 5777 τῶν
489 5720 626 5794 περὶ
677 5721 955 5793 βασιλείας
1010 5723 1103 5777 καὶ
1141 5720 1366 5792 γεέννης
1417 5720 1647 5775 ἀκοῦσαι
1702 5721 1909 5791 λόγων*

1288 269 1358 327 ΙΝ
1397 269 1617 329 EPIST.
1661 271 1682 325 Ι
1718 273 1812 328 AD
1840 271 2001 329 COR.
2042 270 2278 332 HOMIL.
2321 270 2586 331 XXXVII.

3485 277 3593 333 3:20

2016 389 2147 443 ὅταν
2166 389 2223 443 66
2253 388 2350 443 καὶ
2385 386 2562 443 ταῦτα
2589 387 2671 452 είς
2698 386 2864 458 μέσον
2889 387 3212 458 ἀγάγωμεν.
3249 385 3371 442 0666
3388 387 3597 447 ἔνεστιν

2015 474 2191 527 εἰπεῖν
2245 458 2363 543 δση
2385 472 2497 525 τῶν
2541 471 2968 543 σωφρονούντων
3016 472 3051 542 ἡ
3080 471 3263 543 ἡδονὴ,
3298 472 3427 527 ὅταν
3462 473 3600 528 ἀνα·

2014 555 2226 628 πλάττῃ
2284 557 2417 628 παρ’
2453 553 2635 624 ἐαυτῷ
2679 556 2807 618 τοὺς
2855 554 3178 623 στεφάνους,
3220 552 3288 607 τὰ
3346 554 3596 625 βραδεῖα,

2013 638 2114 708 τὴν
2156 639 2295 710 μετὰ
2325 638 2435 693 τῶν
2467 638 2718 707 ἀγγέλων
2749 636 2988 707 ὁμιλίαν,
3014 636 3113 706 τὴν
3150 636 3245 689 ἐπὶ
3272 635 3375 708 τῆς
3413 640 3599 690 οίκουο

2020 722 2189 793 μένης
2238 721 2567 793 ἀνάρρησιν,
2600 720 2702 793 τὴν
2757 718 2910 792 [368]
2943 718 3278 791 παρρησίαν,
3320 718 3420 784 τὰς
3461 737 3600 790 χρη-

2020 803 2152 866 στὰς
2188 804 2283 857 καὶ
2313 803 2620 868 ἀθανάτους
2660 802 2883 867 ἐλπίδας
2920 802 3156 866 ἐκείνας.
3188 800 3327 854 Ἀλλ’
3369 804 3402 871 ἡ
3457 803 3602 872 μίξις

2020 886 2271 958 ῖχειτινά
2298 888 2519 959 ἡδονήνο
2546 888 2703 941 τοῦτο
2717 887 2830 957 γὰρ
2852 885 3093 957 συνεχῶς
3117 886 3598 958 περιστρέφουσινο

2018 972 2048 1023 6
2082 970 2141 1024 δέ
2181 970 2475 1043 σωφρονῶν
2518 970 2580 1024 οὑ
2623 970 2850 1024 δύναται
2897 969 3164 1039 διηνεκῶς
3200 970 3505 1041 μαχόμενος
3532 972 3599 1042 τῇ

2018 1056 2119 1128 τῆς
2147 1055 2364 1127 φύσεως
2392 1056 2688 1127 τυραννίδι.
2719 1054 3046 1108 Τοὺναντίον
3075 1054 3175 1123 μὲν
3203 1049 3297 1106 οὖν
3330 1052 3480 1125 εὖροι
3516 1070 3602 1118 τις

2020 1141 2106 1195 ἄν·
2138 1141 2172 1210 ἡ
2212 1140 2324 1211 γὰρ
2356 1139 2447 1210 βία
2476 1138 2616 1210 αὕτη
2643 1138 2740 1192 καὶ
2757 1138 2972 1209 ταραχὴ
3002 1139 3155 1209 παρά
3174 1137 3252 1207 τῷ
3284 1137 3602 1208 πορνεύοντι

2024 1225 2228 1298 μᾶλλόν
2258 1226 2398 1278 ἐστι.
2450 1224 2561 1277 Καὶ
2598 1222 2707 1294 γάρ
2746 1221 2937 1284 κλόνος
2960 1222 3021 1274 ἐν
3048 1219 3127 1292 τῷ
3158 1218 3373 1290 σώματι
3412 1220 3602 1285 πολὺς,

2021 1310 2118 1363 καὶ
2173 1308 2356 1377 πάσης
2412 1304 2686 1376 θαλάττης
2737 1304 3163 1375 κυματουμένης
3222 1301 3605 1375 χαλεπώτερον

2020 1386 2177 1456 0610;
2201 1392 2493 1454 διάκειται,
2534 1388 2789 1443 οὐδέποτε
2822 1388 2958 1461 πρὸς
2987 1389 3088 1459 τὴν
3114 1386 3413 1457 ἐπιθυμίαν
3453 1384 3604 1440 ίστά-

2025 1492 2205 1549 μενος,
2261 1473 2381 1530 ἀλλ’
2415 1474 2502 1528 ἀεὶ⁸
2549 1472 2878 1545 βαλλόμενος
2932 1472 3025 1526 ὑπ’
3076 1471 3271 1541 αὐτῆς,
3336 1470 3525 1543 ὥσπερ
3551 1471 3604 1525 οί

2021 1553 2404 1626 δαιμονῶντες,
2438 1552 2535 1607 καὶ
2565 1552 2807 1624 συνεχῶς
2837 1552 2943 1607 ὑπὸ
2977 1551 3087 1605 τῶν
3113 1550 3369 1621 πονηρῶν
3399 1554 3604 1625 καταρ-

2025 1640 2356 1713 ρηγνύμενοι
2385 1636 2737 1708 πνευμάτων.
2771 1634 2829 1688 Ὀ
2859 1635 2916 1689 δὲ
2950 1634 3181 1706 σώφρων
3205 1632 3459 1705 καθάπερ
3486 1635 3606 1706 ἀρι-

2022 1724 2184 1786 στεῦς
2210 1724 2454 1791 γενναῖος
2495 1717 2737 1789 συνεχῶς
2765 1716 2939 1787 αὐτὴν
2976 1717 3207 1788 βάλλων,
3236 1717 3334 1787 τὴν
3373 1718 3605 1787 ἀρίστην

2023 1806 2118 1862 καὶ
2167 1806 2377 1876 μυρίων
2415 1802 2673 1858 τοιούτων
2723 1799 2859 1872 ἡδίω
2916 1799 3228 1870 καρποῦται
3271 1799 3487 1873 ἡδονὴν,
3535 1803 3604 1873 τῇ

2023 1888 2150 1961 νίκῃ
2174 1887 2348 1959 ταύτῃ
2374 1888 2469 1941 καλ⁵
2495 1885 2575 1958 τῷ
2611 1883 2834 1955 χρηστῷ
2868 1883 3131 1936 συνειδότι
3163 1884 3258 1936 καὶ
3303 1885 3417 1947 τοῖς
3460 1882 3604 1953 λαμ-

2023 1975 2186 2045 προῖς
2232 1971 2515 2044 τροπαίοις
2559 1966 3039 2036 καλλωπιζόμενος
3096 1966 3379 2037 διηνεκῶς.
3424 1968 3489 2021 Εί
3547 1966 3606 2021 δέ

2025 2057 2167 2128 μετά
2198 2057 2298 2127 τὴν
2331 2054 2550 2127 ὁμιλίαν
2581 2050 2926 2107 ἀναπαύεται
2957 2051 3153 2122 μικρὸν
3191 2052 3418 2116 ἐκεῖνος,
3450 2051 3607 2105 οὐδὲν

2019 2140 2180 2195 τοῦτο
2212 2139 2278 2195 ἂν
2307 2141 2421 2211 εῖηο
2470 2138 2633 2192 πάλιν
2658 2136 2768 2208 γὰρ
2794 2137 2822 2189 ὁ
2849 2133 3058 2205 χειμὼν
3092 2135 3294 2200 ἔπεισι,
3322 2135 3417 2190 καί
3441 2134 3605 2191 πάλιν

2022 2224 2266 2296 κύματα.
2311 2223 2368 2277 '0
2399 2222 2456 2276 66
2489 2220 2794 2291 φιλοσοφῶν
2818 2219 2942 2273 οὐδὲ
2971 2219 3146 2290 ἀρχὴν
3172 2217 3365 2290 ἀφίησι
3402 2218 3606 2290 ταύτην

2020 2308 2204 2362 λαϐεῖν
2227 2307 2326 2378 τὴν
2355 2303 2623 2377 ταραχὴν,
2660 2302 2783 2357 0666
2831 2302 3185 2372 διαναστῆναι
3230 2303 3293 2357 16
3342 2303 3601 2372 πέλαγος,

2021 2390 2141 2444 0666
2176 2387 2369 2462 βοῆσαι
2420 2388 2482 2442 16
2532 2386 2746 2457 θηρίον.
2786 2385 2851 2439 Et
2889 2384 2948 2439 δέ
2993 2402 3116 2440 τινα
3170 2384 3292 2456 βίαν
3343 2386 3604 2458 ὑπομένοι

2022 2475 2266 2546 κατέχων
2295 2473 2394 2545 τὴν
2423 2470 2684 2542 τοιαύτην
2719 2469 2922 2542 ὁρμὴν,
2951 2469 3086 2523 ἀλλὰ
3112 2471 3208 2524 καὶ
3235 2471 3445 2535 ἐκεῖνος
3474 2487 3604 2526 συν-

2021 2558 2163 2631 εχῶς
2206 2556 2534 2628 βαλλόμενος
2583 2555 2679 2607 καὶ
2727 2552 3092 2625 κεντούμενος
3135 2554 3231 2607 καλ.
3264 2551 3356 2607 τδν
3388 2549 3604 2625 οἶστρον

2020 2643 2080 2696 06
2116 2640 2320 2713 φέρων·
2357 2638 2452 2692 καὶ
2502 2636 2806 2709 παρόμοιον
2851 2636 3087 2705 γίνεται,
3116 2634 3308 2708 ῶσπερ
3338 2636 3404 2690 ἂν
3438 2637 3604 2694 ἵππον

2021 2726 2215 2796 ἀγριον
2254 2723 2582 2795 μαινόμενον
2622 2719 2718 2773 καὶ
2765 2718 3137 2773 ἀντιτείνοντα
3171 2719 3354 2791 ἀνέχοι
3384 2718 3460 2792 τῷ
3506 2738 3604 2793 χα-

2020 2806 2175 2880 λινῷ,
2200 2806 2295 2863 καὶ
2324 2803 2550 2874 κατέχοι
2578 2800 2719 2875 μετ’θι
2753 2801 2948 2873 τέχνης
2977 2802 3218 2872 ἀπάσης*
3253 2804 3282 2856 6
3307 2802 3363 2856 66
3396 2803 3600 2869 ἐνδοὺς,

2021 2893 2163 2949 ὥστε
2192 2892 2284 2946 τὸν
2326 2891 2488 2945 πόνον
2512 2886 2706 2943 τοῦτον
2734 2888 2953 2956 φυγεῖν,
2979 2886 3278 2958 συρόμενος
3305 2887 3397 2940 ὑπ’
3436 2886 3603 2942 αὑτοῦ

2021 2974 2296 3047 πανταχοῦ
2341 2974 2580 3046 φέροιτο.
2635 2971 2822 3025 Ταῦτα
2875 2972 2924 3024 εί
2980 2971 3075 3025 καὶ
3128 2970 3469 3043 σαφέστερον
3507 2969 3602 3027 τοῦ

2019 3061 2230 3124 δέοντος
2272 3060 2507 3133 εῖρηται,
2568 3056 2758 3127 μηδεὶς
2795 3054 3103 3125 ἐγκαλείτω
3124 3069 3137 3082 ·
3192 3054 3255 3108 o6
3286 3054 3395 3126 γὰρ
3424 3054 3602 3123 λόγων

2022 3143 2314 3215 σεμνότητι
2359 3140 2798 3206 καλλωπίζεσθαι
2855 3139 3142 3212 βούλομαι,
3186 3137 3325 3194 ἀλλά
3376 3140 3601 3210 ποιῆσαι

2023 3228 2253 3299 σεμνοὺς
2281 3227 2407 3290 τοὺς
2438 3224 2752 3287 ἀκούοντας.

2090 3366 2155 3420 δ’.
2181 3363 2282 3418 Διά
2308 3362 2468 3416 τοῦτο
2489 3364 2585 3416 καὶ
2604 3362 2652 3416 οί
2677 3361 2953 3435 προφῆται
2982 3360 3197 3423 οὐδενὸς
3219 3360 3326 3413 τῶν
3342 3361 3603 3413 τοιούτων

2022 3448 2291 3520 φείδονται
2350 3447 2643 3516 ῥημάτων,
2697 3444 2798 3513 τὴν
2853 3443 3151 3498 ἀκολασίαν
3182 3442 3293 3495 τῶν
3338 3441 3606 3496 Ἰουδαίων

2021 3531 2255 3603 ἐκκόψαι
2313 3528 2649 3599 βουλόμενοι,
2701 3525 2839 3581 ἀλλά
2889 3528 2983 3580 καὶ
3033 3525 3373 3597 γυμνότερον
3424 3524 3606 3579 αὑτῶν

2022 3616 2434 3679 καθικνοῦνται,
2464 3614 2497 3686 ἢ
2534 3615 2697 3684 ἡμεῖς
2743 3611 2841 3667 νῦν
2891 3611 2976 3682 ἐφ’
3008 3608 3090 3675 οἷς
3134 3611 3460 3682 εἰρήκαμεν.
3496 3610 3606 3664 Καὶ

2020 3704 2130 3775 γὰρ
2147 3700 2344 3772 ,ἰατρὸς
2369 3698 2639 3769 σηπεδόνα
2662 3696 2915 3751 ἐκϐαλεῖν
2944 3695 3286 3767 βουλόμενος,
3326 3696 3386 3748 06
3416 3696 3611 3747 σκοπεῖ

2021 3787 2142 3851 πῶς
2195 3783 2444 3856 καθαρὰς
2489 3783 2838 3854 διατηρῆσειε
2888 3780 2988 3844 τὰς
3037 3783 3248 3852 χεῖρας,
3296 3777 3411 3833 ἀλλ’
3456 3778 3607 3841 ὅπως

2022 3873 2233 3926 ἐκεῖνον
2266 3865 2600 3932 ἀπαλλάξειε
2628 3866 2729 3935 τῆς
2763 3864 3083 3937 σηπεδόνοςσ
3112 3861 3209 3915 καὶ
3233 3864 3262 3916 6
3287 3861 3379 3915 16v
3409 3877 3606 3914 ταπει-

2021 3955 2111 4010 νὸν
2142 3952 2346 4024 ὑψηλὸν
2375 3953 2599 4023 ποιῆσαι
2630 3949 2822 4012 θέλων,
2868 3948 3034 4012 αὐτὸς
3086 3944 3441 4001 ταπεινοῦται
3468 3945 3604 4014 πρό-

2020 4054 2197 4110 τερος·
2233 4036 2329 4091 καὶ
2357 4039 2385 4091 6
2411 4035 2612 4106 σφάξαι
2647 4034 2739 4088 τὸν
2789 4031 3210 4086 ἐπιϐουλεύοντα
3266 4028 3603 4093 σπουδάζων,

2022 4124 2116 4176 καὶ
2146 4121 2337 4176 ἑαυτὸν
2362 4121 2623 4191 αἱμάσσει
2659 4119 2778 4188 μετ’
2810 4117 3042 4180 ἐκείνου,
3087 4114 3185 4168 καὶ
3234 4112 3395 4165 τοῦτο
3444 4111 3607 4165 αὐτόν

2024 4208 2169 4261 ποιεῖ
2195 4203 2599 4276 λαμπρότερον.
2645 4200 2799 4253 Ἐπεὶ
2842 4200 2945 4258 καὶ
2997 4195 3338 4267 στρατιώτην
3380 4193 3609 4247 ἐπανελ-

2025 4289 2189 4343 θόντα
2216 4287 2326 4342 ἀπὸ
2362 4285 2458 4339 τοῦ
2503 4283 2741 4352 πολέμου
2779 4283 2845 4335 ἂν
2871 4282 2954 4352 ἴδῃ
2986 4297 3071 4341 τις
3099 4277 3257 4349 ἰχῶρι
3287 4277 3382 4330 καὶ
3416 4278 3608 4349 αἵματι

2025 4374 2121 4428 καὶ
2141 4369 2430 4441 ἐγκεφάλῳ
2458 4365 2895 4440 μεμολυσμένον,
2940 4365 3002 4418 06
3054 4365 3298 4435 μισήσει,
3329 4363 3449 4415 οὐδέ
3476 4365 3610 4414 ἀπο-

2026 4456 2401 4528 στραφήσεται
2419 4452 2507 4507 διὰ
2530 4449 2709 4515 τοῦτο,
2736 4448 2874 4502 ἀλλά
2899 4448 2992 4501 καὶ
3015 4448 3359 4517 θαυμάσεται
3385 4443 3603 4516 μᾶλλον.

2024 4528 2181 4598 Οὕτω
2215 4539 2279 4612 δὴ
2314 4540 2409 4593 καὶ
2435 4539 2600 4610 ἡμεῖς
2623 4534 2895 4606 ποιῶμεν,
2930 4535 3057 4587 ὅταν
3088 4533 3289 4604 ἴδωμέν
3324 4549 3443 4584 τινα
3474 4532 3611 4600 μετά

2023 4626 2083 4680 16
2111 4621 2458 4695 κατασφάξαι
2491 4622 2592 4693 τὴν
2623 4619 2921 4690 ἐπιθυμίαν
2941 4615 3261 4688 ᾑμαγμένον
3290 4617 3606 4680 ἐπανιόντα,

2027 4708 2227 4779 μᾶλλον
2283 4706 2446 4760 αὑτὸν
2504 4702 2895 4774 θαυμάζωμεν,
2956 4701 3053 4754 καὶ
3109 4700 3458 4770 κοινωνῶμεν
3510 4699 3610 4768 τῆς

2027 4794 2208 4864 μάχης
2240 4792 2334 4845 καὶ
2373 4789 2471 4860 τῆς
2523 4788 2679 4857 νίκης
2716 4784 2886 4855 αὐτῷ,
2921 4785 3011 4838 καὶ
3044 4784 3179 4855 1:96;
3208 4785 3336 4847 τοὺς
3368 4781 3610 4854 ἐρῶντας

2024 4875 2272 4946 λέγωμεν
2304 4915 2320 4941 ,
2387 4872 2609 4937 Δείξατε
2646 4871 2781 4941 ἡμῖν
2845 4867 2945 4939 τὴν
3015 4868 3082 4921 ἐκ
3145 4868 3244 4937 τῆς
3314 4865 3608 4936 ἐπιθυμίας

2024 4961 2237 5032 ἡδονήν.

2102 5136 2163 5190 Ὀ
2237 5134 2337 5206 μὲν
2395 5133 2505 5207 γὰρ
2542 5130 2774 5205 σώφρων
2814 5133 2913 5206 τὴν
2964 5131 3073 5186 ἀπὸ
3121 5131 3219 5201 τῆς
3273 5128 3429 5201 νίκης
3473 5128 3608 5201 ἔχει,

2025 5219 2089 5274 σὺ
2122 5218 2179 5272 δὲ
2212 5217 2533 5288 οὐδαμόθεν.
2569 5218 2632 5271 Εἰ
2680 5216 2737 5270 δὲ
2791 5217 2950 5287 ὑμεῖς
2986 5214 3084 5285 τὴν
3131 5215 3195 5267 ἐκ
3239 5213 3338 5284 τῆς
3391 5212 3608 5284 ὁμιλίας

2023 5301 2255 5371 λέγοιτε,
2315 5300 2431 5354 ἀλλ’
2479 5299 2663 5371 ἐκείνη
2720 5297 3031 5369 σαφεστέρα
3081 5296 3175 5351 καὶ
3223 5297 3603 5369 διαρκεστέρα.

2024 5387 2096 5440 Σὺ
2125 5385 2236 5458 γὰρ
2272 5385 2417 5457 ἔχεις
2447 5384 2554 5438 ἀπὸ
2606 5385 2708 5455 τῆς
2756 5381 3110 5445 ἀπολαύσεως
3146 5380 3321 5452 βραχὺ
3348 5378 3439 5431 καὶ
3472 5375 3608 5446 μηδέ

2026 5470 2378 5541 φαινόμενον,
2407 5470 2616 5534 ἐκεῖνος
2650 5468 2706 5522 δὲ
2735 5465 2949 5521 ἀπὸτοῦ
2983 5465 3302 5529 συνειδότος,
3328 5458 3478 5541 [549]
3512 5459 3605 5541 καὶ

2026 5538 2248 5623 μείζονα
2265 5553 2359 5607 καὶ
2376 5553 2604 5625 διηνεκῆ
2618 5553 2712 5605 καῖ⁹
2724 5551 3064 5622 γλυκυτέραν
3083 5549 3197 5619 ἔχει
3218 5548 3316 5616 τὴν
3338 5538 3605 5625 66199006-

2024 5621 2142 5708 νην.
2172 5637 2307 5690 Οὐδὲ
2338 5621 2644 5708 γάρνοῦτως
2672 5637 2858 5708 ὁμιλία
2886 5621 3164 5704 γυναικὸς,
3196 5632 3271 5692 ὡς
3319 5621 3602 5716 φιλοσοφία

2027 5705 2298 5793 ἀτάραχον
2331 5705 2552 5779 δύναται
2584 5705 2818 5793 τηρῆσαι
2845 5717 3021 5788 ψυχὴν
3045 5716 3137 5770 καὶ
3174 5708 3470 5779 πτερῶσαι.
3501 5705 3602 5755 06-
