4018 6156
422 272 429 280 ’
480 313 576 369 εει

1235 307 1292 363 S.
1327 304 1609 364 JOANNIS
1641 302 2137 361 CHRYSOSTOMI
2174 303 2496 362 ARCHIEP.
2537 303 3081 364 CONSTANTINOP.

3641 305 3767 363 δῖ’

478 446 572 493 τος
604 427 706 500 μιν
745 421 859 489 οὖν,
903 423 1097 494 ῶσπερ
1148 422 1309 493 ἔφην,
1363 421 1552 490 σαφῶς
1598 418 1744 500 οὕτω
1791 417 2066 472 δείκνυσιν
2167 419 2350 491 ἡδονὴ,
2384 420 2502 475 ἀλλ’
2526 421 2779 477 ἀσθένεια
2807 424 3006 495 μᾶλλον
3037 424 3131 479 καὶ
3157 423 3408 489 ἔκλυσις·
3439 425 3574 479 πολύ
3600 425 3658 480 δέ
3686 426 3766 479 τὸ

477 499 615 583 ’θμῖῚί
632 510 733 580 τὴν
767 508 980 580 ἡδονήν
1015 506 1110 559 ἐπὶ
1140 505 1197 558 δὲ
1231 504 1326 558 σοῦ
1365 504 1466 574 τὴν
1503 503 1602 573 μὲν
1628 499 1740 556 ἀπδ
1763 502 1862 570 τῆς
1893 503 2065 572 ἥττης
2168 506 2335 576 μέσον
2359 507 2636 580 ἑκατέρων
2665 513 2871 565 τούτων
2924 511 3060 565 ἐστί.
3093 513 3254 573 Ποῖος
3296 507 3391 566 οὖν
3419 512 3519 584 τῆς
3549 513 3764 583 ηδονης

477 593 714 665 ἀθυμίαν
739 591 872 662 ὁρῶ,
922 587 1022 659 τὴν
1061 587 1120 640 66
1169 587 1364 659 ἡδονὴν
1400 586 1725 656 βουλόμενος
1773 584 1924 665 ἰδεῖν,
1962 585 2063 654 οὐχ

476 662 735 748 εὑρίσκω.
769 676 927 728 Ποῖον
955 671 1065 742 γὰρ
1099 669 1279 740 βούλει
1306 669 1502 741 καιρὸν
1533 667 1730 739 ἡδονῆς
1762 662 1902 720 εἶναι
1923 685 1934 695 ·
1969 665 2062 719 τὸν

475 759 582 832 πρὸ
605 759 704 828 τῆς
733 756 965 828 μίξεωςς
1013 754 1152 807 Ἀλλ’
1179 755 1280 807 οὐκ
1306 753 1443 806 ἐστι·
1476 751 1674 822 μανίας
1696 751 1803 821 γάρ
1826 753 1944 832 ἐστι
1966 749 2062 803 καὶ

474 831 802 911 παραφορᾶς
857 839 952 892 καὶ
1007 837 1340 899 ἐκστάσεως.
1397 836 1472 888 Τὸ
1521 835 1632 904 γὰρ
1653 834 1780 896 τοὺς
1835 831 2056 911 ὀδόντας

470 910 676 994 τρίζειν
707 910 800 976 καὶ
832 921 1173 986 ἐξίστασθαι,
1199 919 1298 989 οὐχ
1331 917 1546 989 ἡδονῆς·
1579 917 1628 969 εί
1649 915 1707 969 66
1739 915 1933 986 ἡδονῆς
1962 910 2054 986 ἦν,

467 1007 570 1060 οὐκ
597 1005 665 1059 ἀν
703 1004 876 1059 ταῦτά
907 1020 967 1058 σε
1001 1004 1316 1073 εἰργάσατο,
1363 1001 1400 1056 ἀ
1425 1003 1472 1054 οι
1525 999 1820 1068 ἀλγοῦντες
1850 999 2057 1068 ὐπομέ-

469 1105 642 1145 νουσι.
675 1088 787 1143 Καὶ
818 1087 928 1157 γὰρ
951 1088 999 1140 οἱ
1025 1084 1387 1146 πυκτεύοντες
1417 1085 1514 1137 καὶ
1542 1081 1906 1154 πληττόμενοι
1932 1081 2059 1144 τούς

469 1171 686 1240 ὀδόντας
716 1169 982 1241 τρίζουσι,
1007 1170 1102 1222 καὶ
1132 1169 1188 1222 αί
1223 1167 1511 1221 ὠδίνουσαι
1539 1165 1800 1234 γυναῖκες
1821 1161 2060 1216 διασπώ-

471 1270 632 1323 μεναι
662 1255 775 1316 τοῖς
806 1253 1010 1317 πόνοις,
1035 1250 1095 1304 τὸ
1121 1251 1256 1304 αὐτὸ
1278 1250 1442 1319 τοῦτο,
1475 1247 1743 1302 ποιοῦσιν.
1773 1247 1936 1299 Ὥστε
1963 1247 2060 1317 οὐχ

467 1334 631 1407 ἡδονὴ
660 1334 838 1398 τοῦτο,
876 1334 992 1388 ἀλλ’
1027 1334 1283 1397 ἔκστασις
1331 1333 1532 1404 μᾶλλον
1573 1333 1668 1386 καὶ
1699 1330 1926 1401 θόρυϐος
1965 1332 2059 1384 καὶ

465 1420 705 1489 ταραχή.
747 1418 887 1471 Ἀλλ’
913 1421 941 1472 6
973 1419 1114 1488 μετά
1159 1418 1335 1472 ταῦτα
1366 1417 1594 1489 καιρός;
1642 1415 1784 1469 Ἀλλ’
1815 1415 1938 1468 οὐδὲ
1967 1407 2055 1467 οὗ·

466 1515 578 1563 τος⁶
610 1501 731 1554 οὐδέ
762 1502 869 1572 γάρ
919 1501 1017 1572 τὴν
1066 1499 1332 1554 τεκοῦσαν
1390 1502 1449 1552 ἐν
1503 1500 1668 1572 ἡδονῇ
1704 1499 1955 1568 εἴποιμεν
1985 1496 2052 1550 ἂν

463 1579 626 1651 εῖναι,
656 1585 773 1639 ἀλλ’
805 1587 863 1638 ἐν
894 1583 1183 1656 ἀπαλλαγῇ
1230 1583 1429 1638 πόνων·
1479 1583 1540 1636 οὐ
1573 1581 1865 1645 πάντωςδέ
1889 1579 2054 1634 τοῦτο

2165 588 2358 660 καιρὸς
2381 632 2396 656 ,
2421 591 2541 644 εἰπέ
2593 609 2704 663 μοι.
2747 595 2864 648 Οὐκ
2891 594 3038 648 ἐστιν
3064 593 3260 658 οὐδείς’
3295 594 3424 648 είδέ
3456 595 3550 648 καὶ
3574 595 3762 658 ἐστιν,

2163 673 2307 727 οὕτω
2368 673 2575 746 βραχύς
2625 676 2794 741 ἐστιν,
2823 676 2901 740 ὡς
2935 677 3071 747 μηδέ
3099 677 3408 746 φαίνεσθαι.
3435 678 3626 748 Μυρία
3654 673 3763 732 οὖν

2164 756 2643 828 φιλονεικήσαντες
2672 759 2926 830 φωρᾶσαι
2970 759 3136 813 αὐτὸν
3159 760 3254 814 καὶ
3283 763 3600 830 κατασχεῖν,
3648 759 3764 813 οὐκ

2159 839 2400 912 ἠδυνήθη
2409 858 2530 911 μεν.
2567 841 2707 895 Ἀλλ’
2729 842 2826 913 οὐχ
2855 843 2884 896 6
2908 842 3002 896 τοῦ
3029 842 3306 915 σώφρονος
3323 843 3586 907 τοιοῦτος,
3611 843 3764 898 ἀλλὰ

2161 923 2392 988 πλατὺς,
2422 924 2519 978 καὶ
2552 925 2688 978 πᾶσι
2715 924 3038 996 κατάδηλος·
3072 925 3275 998 μᾶλλον
3313 926 3373 980 66
3401 926 3546 989 ἀπας
3575 929 3605 982 6
3633 925 3759 996 βίος

2161 1008 2220 1062 6v
2253 1008 2436 1080 ἡδονῇ,
2483 1006 2578 1063 τοῦ
2610 1008 2912 1072 συνειδότος
2944 1008 3096 1076 αὐτῷ
3140 1009 3602 1080 στεφανουμένου,
3637 1010 3760 1064 τῶν

2164 1091 2425 1162 κυμάτων
2452 1091 2890 1162 ἐστορεσμένων,
2940 1090 3157 1156 οὐδενὸς
3196 1091 3494 1163 οὐδαμόθεν
3533 1094 3760 1162 ἐγγινο-

2165 1174 2328 1244 μένου
2366 1173 2618 1245 θορύϐου.
2665 1175 2818 1228 Ἐπεὶ
2845 1170 2938 1229 οῦν
2960 1169 3115 1238 οὗτος
3151 1174 3355 1246 μᾶλλον
3399 1177 3458 1230 ἐν
3504 1177 3690 1248 ἡδονῇ,
3720 1179 3756 1231 6

2162 1257 2219 1310 δὲ
2245 1257 2524 1326 φιλήδονος
2545 1258 2603 1312 ἐν
2631 1257 2840 1329 ἀθυμίᾳ
2872 1258 2966 1311 καὶ
2987 1257 3258 1329 θορύϐοις.
3288 1258 3582 1329 φεύγωμεν
3609 1260 3748 1313 ἀκοο

2160 1340 2373 1405 λασίαν,
2398 1339 2751 1412 ἀντεχώμεθα
2786 1340 3164 1411 σωφροσύνης,
3223 1341 3310 1395 ἵνα
3335 1342 3430 1396 καὶ
3464 1341 3576 1395 τῶν
3609 1341 3747 1413 μελ-

2157 1423 2356 1477 λόντων
2378 1423 2726 1495 ἐπιτύχωμεν
2747 1423 2992 1493 ἀγαθῶν,
3013 1424 3196 1496 χάριτι
3221 1426 3316 1482 καὶ
3338 1425 3765 1497 φιλανθρωπίᾳν

2156 1506 2250 1560 καὶ
2275 1505 2346 1559 τά
2371 1505 2518 1576 ἑξῆς.

1868 2034 2112 2092 ΟΜΙΛῙΑ
2150 2034 2259 2088 AH'

459 2229 728 2302 Γνωρίζω
777 2226 846 2282 δὲ
900 2224 1063 2294 ὑμῖν,
1122 2220 1395 2291 ἀδελφοί,
1457 2219 1522 2272 τὸ
1563 2216 1954 2302 Εὑαγγέλιον,
2012 2211 2047 2302 6

529 2288 1011 2384 εὺῇπέγσλισάμῆν
1049 2288 1220 2376 Ϋύμῖν,
1256 2288 1288 2358 6
1327 2303 1428 2357 καὶ
1473 2299 1868 2384 παρελάϐετε,
1901 2297 1972 2384 ἐν
2000 2288 2050 2363 ᾧ

529 2381 978 2461 καίήέστήκατε.
1012 2389 1086 2443 δι’
1122 2384 1195 2445 οὗ
1245 2386 1345 2441 καὶ
1401 2384 1682 2448 σώζεσθε,
1733 2382 1851 2436 τίνι
1884 2381 2049 2451 ,λόγῳ

526 2475 1014 2548 εὐηγγελισάμην
1038 2471 1200 2543 ὑμῖν.

534 2569 606 2618 α’.
651 2547 988 2632 Ἇπαρτίσας
1013 2557 1107 2611 τὸν
1148 2554 1279 2627 περὶ
1307 2553 1414 2609 τῶν
1447 2549 1832 2624 πνευματικῶν
1863 2547 2045 2632 λόγον,

462 2646 555 2702 ἐπὶ
584 2645 646 2701 1:6
674 2631 892 2699 πάντων
925 2641 1355 2711 ἀναγκαιότατον
1390 2637 1734 2710 μεθίσταται,
1775 2634 1875 2706 τὴν
1917 2631 2048 2705 περὶ

463 2730 563 2801 τῆς
589 2727 936 2790 ἀναστάσεως
962 2724 1248 2779 ὑπόθεσιν
1286 2723 1379 2777 καὶ
1407 2721 1516 2794 γὰρ
1545 2722 1602 2774 ἐν
1631 2719 1804 2789 τούτῳ
1839 2716 2047 2788 σφόδρα

463 2814 705 2868 ἐνόσουν.
738 2812 848 2866 Καὶ
872 2808 1127 2880 καθάπερ
1151 2808 1245 2861 ἐπὶ
1269 2806 1376 2861 τῶν
1395 2804 1690 2876 σωμάτων,
1715 2804 1842 2856 ὅταν
1865 2801 2046 2856 αὐτῶν

463 2895 671 2967 ἅψηται
701 2895 811 2948 τῶν
859 2892 1097 2963 στερεῶν
1125 2893 1155 2945 6
1182 2889 1436 2961 πυρετὸς,
1489 2888 1632 2958 λέγω
1677 2886 1785 2941 τῶν
1835 2888 2046 2958 νεύρων

457 2983 550 3032 καὶ
579 2978 688 3032 τῶν
716 2975 926 3046 φλεϐῶν
958 2974 1054 3028 καὶ
1086 2974 1195 3028 τῶν
1229 2971 1462 3043 πρῶτων
1497 2969 1801 3040 στοιχείων.
1825 2970 2046 3022 ἀνίατον

455 3062 667 3131 γίνεται
691 3061 752 3113 τὸ
782 3059 974 3122 κακὸν,
1008 3057 1072 3111 ἂν
1105 3056 1180 3127 μὴ
1215 3054 1428 3123 πολλῆς
1461 3052 1746 3123 ἀπολαύσῃ
1790 3052 1890 3123 τῆς
1921 3055 2045 3105 ἐπι-

464 3145 705 3216 μελείαςο
730 3142 872 3196 οὐτω
895 3142 959 3211 δὴ
984 3141 1078 3194 καὶ
1097 3140 1221 3192 τότε
1245 3136 1500 3207 γενέσθαι
1528 3135 1888 3190 ἐκινδύνευεν.
1921 3136 2044 3188 Ἐπὶ

457 3227 568 3299 γὰρ
593 3226 731 3280 αὐτά
764 3229 860 3296 τῆς
894 3222 1172 3286 εὐσεϐείας
1203 3220 1274 3275 τά
1307 3223 1546 3290 στοιχεῖα
1589 3219 1651 3272 τδ
1698 3219 1868 3272 κακὸν
1917 3218 2045 3271 ἐϐά-

455 3310 590 3374 διζε.
644 3309 736 3362 Διὸ
787 3308 881 3362 καὶ
916 3306 1085 3377 πολλῇ
1133 3308 1200 3378 τῇ
1259 3304 1462 3374 σπουδῇ
1512 3303 1780 3373 κέχρηται
1825 3301 1974 3374 [550]
2015 3303 2043 3355 6

457 3394 687 3458 Παῦλος.
720 3393 853 3446 Οὐδέ
874 3394 984 3463 γάρ
1017 3391 1148 3461 περὶ
1181 3390 1300 3461 βίου
1333 3388 1521 3442 λοιπὸν
1547 3390 1576 3441 6
1597 3387 1752 3456 λόγος
1777 3381 1843 3457 ἦν
1869 3385 2039 3456 αὐτῷ,

454 3478 564 3532 οὐδ’
586 3478 668 3531 ὅτι
695 3479 724 3531 6
754 3477 854 3548 μὲν
883 3475 1200 3548 ἐπόρνευεν,
1225 3473 1254 3527 6
1285 3472 1344 3526 66
1387 3471 1757 3535 ἐπλεονέκτει,
1804 3471 1832 3523 ό
1869 3468 1926 3522 66
1958 3469 2041 3522 ὅτι

455 3559 884 3632 κεκαλυμμένην
930 3554 1044 3629 εἶχε
1097 3557 1198 3630 τὴν
1253 3554 1519 3627 κεφαλὴν,
1572 3553 1708 3607 ἀλλά
1750 3553 1880 3626 περὶ
1911 3551 2043 3604 αὐτὸ

454 3644 564 3698 τῶν
598 3642 821 3712 ἀγαθῶν
851 3642 912 3696 τὸ
935 3640 1256 3710 κεφάλαιονο
1291 3639 1420 3710 περὶ
1461 3636 1571 3708 γάρ
1599 3636 1698 3708 τὴν
1742 3637 2041 3690 ἀνάστασιν

455 3725 626 3797 αὐτὴν
652 3723 993 3788 ἐστασίαζον.
1037 3722 1260 3793 Ἐπειδὴ
1287 3721 1396 3792 γὰρ
1427 3723 1460 3790 ἡ
1498 3722 1649 3773 πᾶσα
1681 3719 1838 3789 ἡμῶν
1885 3718 2040 3781 ἐλπὶς

455 3806 781 3875 αὐτη,πρδς
811 3804 970 3858 τοῦτο
1003 3803 1248 3874 σφοδρῶς
1299 3805 1484 3856 ἴστατο
1532 3803 1562 3855 6
1619 3799 1886 3864 διάϐολος,
1945 3799 2040 3854 καὶ

457 3896 588 3948 ποτὲ
618 3888 715 3958 μὲν
742 3888 934 3958 ἀνῄρει
965 3886 1221 3951 καθάπαξ
1251 3884 1440 3956 αὐτὴν,
1477 3883 1604 3937 ποτέ
1634 3884 1691 3937 δέ
1719 3883 1905 3952 ἔλεγεν
1937 3881 2040 3954 ήδη

455 3971 760 4040 γεγονέναι⁹
799 3969 828 4022 δ
876 3968 971 4022 καὶ
999 3967 1251 4038 Τιμοθέῳ
1306 3968 1535 4039 γράφων
1585 3969 1615 4021 6
1664 3967 1875 4030 Παῦλος
1901 3966 2041 4034 γάγ-

456 4070 686 4125 γραιναν
732 4051 917 4107 ἐκάλει
946 4050 1006 4104 τὸ
1033 4049 1269 4122 πονηρὸν
1317 4048 1473 4102 τοῦτο
1518 4049 1715 4119 δόγμα,
1764 4049 1858 4102 καὶ
1911 4049 2039 4112 τούς

454 4136 774 4205 εἰσάγοντας
799 4135 932 4189 αὐτὸ
959 4132 1140 4198 ἔστιξε
1164 4134 1355 4202 λέγων·
1382 4129 1497 4188 Ὧν
1524 4133 1697 4187 ἐστιν
1728 4133 2039 4202 Ὑμέναιος

454 4221 555 4276 καί
586 4221 863 4289 Φιλητός,
895 4220 1114 4284 οἵτινες
1137 4218 1272 4286 περὶ
1308 4216 1423 4286 τὴν
1453 4217 1745 4283 ἀλήθειαν
1777 4217 2039 4288 ἠστόχη-

453 4321 593 4370 σαν,
628 4303 911 4375 λέγοντες
966 4302 1082 4371 τὴν
1136 4301 1480 4358 ἀνάστασιν
1533 4301 1652 4372 ἤδη
1706 4301 2036 4372 γεγονέναι,

453 4390 553 4445 καὶ
586 4388 993 4457 ἀνατρέπουσι
1029 4386 1137 4452 τήν
1169 4403 1348 4440 τινων
1378 4387 1610 4443 πίστιν.
1648 4386 1785 4440 Ποτέ
1820 4385 1919 4457 μέν
1945 4379 2038 4442 οὐν

452 4472 610 4526 τοῦτο
661 4470 866 4538 ἔλεγον,
921 4470 1051 4524 ποτὲ
1079 4469 1137 4522 66
1167 4470 1249 4523 ὅτι
1280 4469 1343 4522 τὸ
1374 4469 1533 4540 σῶμα
1578 4470 1678 4524 οὐκ
1727 4468 2034 4535 ἀνίσταται,

453 4555 593 4609 ἀλλά
641 4554 741 4623 τῆς
769 4553 946 4623 ψυχῆς
1003 4554 1031 4606 ό
1083 4551 1368 4622 καθαρμός
1423 4554 1573 4606 ἐστιν
1625 4555 1659 4624 ὴ
1712 4553 2032 4615 ἀνάστασις.

457 4635 641 4689 Ταῦτα
671 4635 728 4688 66
772 4634 958 4688 ἔπειθε
1013 4634 1190 4703 λέγειν
1219 4635 1248 4686 6
1300 4635 1537 4706 πονηρὸς
1569 4635 1776 4705 δαίμων
1805 4635 2034 4700 ἐκεῖνος,

455 4719 516 4774 οὐ
544 4717 647 4789 τὴν
678 4718 977 4772 ἀνάστασιν
1001 4717 1304 4789 ἀνατρέψαι
1331 4717 1650 4788 βουλόμενος
1677 4719 1860 4786 μόνον,
1899 4718 2037 4771 ἀλλά

455 4804 551 4856 καὶ
580 4801 653 4855 τά
681 4801 822 4872 ὐπέρ
854 4799 1010 4872 ἡμῶν
1061 4802 1330 4872 γενόμενα
1389 4801 1606 4854 ἅπαντα
1641 4800 1811 4866 δεῖξαι
1867 4801 2037 4872 μῦθον

455 4885 604 4940 ὄντα.
637 4885 700 4938 El
729 4883 838 4956 γάρ
870 4882 1201 4953 ἐπείσθησαν
1232 4884 1308 4954 μὴ
1339 4879 1478 4938 εἶναι
1506 4885 1774 4955 σωμάτων
1796 4885 2036 4941 ἀνάστα-

419 4965 421 4968 ⁴
458 4986 562 5030 σιν.
590 4968 729 5040 μετά
757 4967 951 5040 μικρὸν
986 4966 1185 5030 αὐτοὺς
1216 4967 1400 5021 ἔπειθε
1453 4969 1589 5040 μηδὲ
1637 4970 1874 5039 Χριστὸν
1905 4971 2037 5042 ἐγηο

455 5053 668 5126 γέρθαι·
691 5053 798 5106 ἀπὸ
827 5052 884 5107 δέ
912 5051 1104 5106 τούτου
1136 5053 1358 5105 κάκεῖνο
1387 5053 1607 5124 εἰσῆγεν
1634 5053 1738 5124 6δῷ
1775 5053 2032 5124 βαδίζων,

454 5135 516 5188 τὸ
537 5136 611 5206 μὴ
633 5135 1064 5205 παραγεγονέναι
1088 5134 1221 5206 μηδὲ
1245 5136 1601 5205 πεποιηκέναι
1625 5135 1769 5207 ἆπερ
1789 5137 2032 5208 ἐποίησε.

455 5217 500 5270 Τ
503 5217 692 5287 οιαύτη
717 5220 824 5290 γὰρ
847 5221 881 5289 η
911 5218 1006 5273 τοῦ
1034 5219 1281 5272 διαϐόλου
1305 5220 1630 5290 κακουργία.
1657 5220 1748 5274 Διὸ
1777 5222 1870 5274 καὶ⁵
1901 5221 2032 5292 μεθ-

454 5299 630 5354 οδείαν
661 5300 830 5371 αὐτὴν
859 5301 1014 5354 καλεῖ
1039 5304 1068 5355 6
1103 5303 1336 5364 Παῦλος,
1367 5304 1452 5356 ὅτι
1514 5304 1616 5356 οὐκ
1659 5301 1719 5368 ἐξ
1765 5303 1981 5368 εὐθείας
2006 5303 2036 5358 ὃ

457 5381 706 5453 βούλεται
740 5384 1144 5438 κατασκευάσαι
1171 5385 1464 5448 δείκνυσιν,
1492 5384 1634 5439 ὥστε
1672 5386 1748 5458 μὴ
1773 5387 2030 5456 γενέσθαι

453 5465 800 5538 κατάφωρος,
855 5465 970 5519 ἀλλ’
1023 5464 1210 5536 ἕτερον
1269 5467 1448 5538 ἐαυτῷ
1503 5469 1806 5539 περιτιθεὶς
1864 5486 2032 5542 προσ-

451 5551 671 5615 ωπεῖον,
724 5549 887 5622 ἐτερα
932 5550 1223 5616 τεκταίνει,
1251 5549 1346 5603 καὶ
1375 5550 1626 5622 καθάπερ
1655 5552 1905 5624 πολέμιος
1935 5553 2031 5608 καὶ

455 5631 761 5704 κακοῦργος
807 5632 960 5686 πόλει
989 5631 1312 5703 προσϐαλῶν
1365 5635 1462 5687 καὶ
1509 5634 1737 5705 τείχεσι,
1784 5635 2030 5689 κάτωθεν

459 5715 745 5786 υπορύττει
773 5716 1065 5785 λανθάνων,
1097 5715 1238 5771 ῶστε
1291 5715 1460 5789 ταύτῃ
1518 5716 1767 5784 γενέσθαι
1821 5718 2024 5786 δυσφύ-

2149 2211 2366 2280 λακτος,
2418 2217 2512 2267 καὶ
2563 2216 2910 2286 κατορθῶσαι
2960 2217 3105 2288 ἆπερ
3155 2217 3480 2273 ἐσπούδακε.
3535 2222 3740 2296 Διόπερ

2149 2295 2236 2348 ἀεὶ
2284 2295 2383 2360 τάς
2429 2297 2685 2362 τοιαύτας
2718 2298 2884 2353 αὐτοῦ
2934 2300 3118 2368 πάγας
3161 2299 3460 2372 εὑρίσκων,
3485 2295 3740 2370 καὶτοὺς

2149 2379 2423 2450 πονηροὺς
2465 2379 2693 2445 τούτους
2733 2379 2917 2452 θηρῶν
2941 2382 3133 2454 λόχους
3157 2385 3187 2436 6
3217 2382 3537 2454 θαυμαστὸς
3581 2379 3737 2454 οὗτος

2147 2461 2244 2516 καὶ
2277 2462 2451 2533 μέγας
2474 2463 2634 2536 ἀνὴρ,
2662 2464 2870 2534 έλεγενο
2901 2467 2984 2520 Οὐ
3007 2463 3118 2536 γὰρ
3139 2467 3325 2521 αὑτοῦ
3358 2467 3432 2522 τὰ
3462 2469 3740 2540 νοήματα

2145 2547 2501 2616 ἀγνοοῦμεν.
2528 2549 2640 2603 Kal
2657 2548 2767 2620 γὰρ
2796 2548 3030 2603 ἐνταῦθα
3053 2549 3244 2622 όλόκλη
3253 2567 3343 2621 ρον
3364 2552 3734 2610 ἀνακαλύπτει

2145 2629 2238 2683 τὸν
2266 2629 2417 2685 δόλον
2444 2629 2636 2698 αὐτοῦ,
2659 2633 2753 2686 καὶ
2777 2632 2957 2687 πάντα
2981 2632 3222 2687 δείκνυσι
3245 2633 3324 2688 τὰ.
3338 2638 3734 2708 μηχανήματα,

2146 2714 2240 2768 καὶ
2272 2713 2374 2768 ὅσα
2426 2713 2677 2784 βούλεται
2709 2715 3118 2770 κατασκευάσαι
3161 2717 3488 2789 προτίθησιν
3525 2723 3606 2785 είς
3633 2723 3735 2793 μέ-

2147 2815 2260 2863 σον,
2287 2797 2429 2868 μετά
2461 2797 2662 2870 πολλῆς
2686 2799 2972 2870 ἀκριϐείας
2999 2799 3204 2854 ἀπασιν
3245 2800 3438 2855 ἐπιών.
3484 2802 3586 2857 Διά
3632 2806 3736 2878 γάρ

2143 2879 2302 2934 τοῦτο
2349 2881 2444 2934 καὶ
2492 2880 2721 2951 ὕστερον
2749 2881 2962 2936 τέθεικε
3005 2882 3158 2936 τουτὶ
3203 2882 3266 2936 τὸ
3297 2885 3599 2952 κεφάλαιον
3627 2889 3740 2942 τῶν

2143 2964 2338 3031 ἄλλων,
2383 2963 2572 3035 ἐπειδὴ
2605 2965 2699 3018 καὶ
2727 2965 2936 3036 σφόδρα
2964 2965 3397 3034 ἀναγκαιότατον
3421 2963 3512 3038 ἦν,
3545 2970 3641 3026 καὶ
3668 2973 3738 3025 τά

2143 3049 2395 3121 ἡμέτερα
2439 3049 2661 3120 συνέχον
2694 3047 2930 3103 ἅπαντα.
2967 3049 3076 3104 Kal
3110 3050 3303 3105 σκόπει
3333 3050 3570 3107 σύνεσιν
3604 3054 3738 3124 πρό-

2142 3149 2300 3202 τερον
2341 3131 2453 3203 γὰρ
2477 3133 2602 3196 τοὺς
2631 3131 2866 3196 οἰκείους
2903 3132 3366 3205 ἀσφαλισάμενος,
3409 3135 3530 3190 τότε
3571 3135 3737 3204 ἐπεξ-

2143 3215 2361 3286 έρχεται
2394 3217 2489 3269 καὶ
2513 3217 2824 3286 περαιτέρω
2861 3216 2938 3287 τῷ
2971 3216 3134 3287 λόγῳ,
3163 3219 3406 3283 καὶτοὺς
3435 3219 3634 3286 ῐξωθεν
3661 3223 3734 3277 ἐκ

2142 3299 2459 3371 περιουσίας
2509 3299 2873 3369 ἐπιστομίζει.
2918 3301 3306 3370 Ἀσφαλίζεται
3354 3302 3410 3356 δὲ
3456 3305 3584 3369 τοὺς
3643 3307 3734 3359 οι-

2142 3382 2346 3449 κείους,
2373 3383 2474 3436 οὐκ
2512 3383 2620 3436 ἀπὸ
2654 3381 2954 3454 λογισμῶν,
2993 3383 3108 3438 ἀλλ’
3133 3385 3242 3438 ἀπὸ
3283 3386 3391 3439 τῶν
3434 3387 3538 3458 ήδη
3569 3404 3737 3457 γεγε-

2145 3467 2416 3538 νημένων,
2444 3467 2539 3520 καὶ
2569 3466 2712 3540 ἅπερ
2749 3467 2906 3521 αὐτοὶ
2934 3467 3288 3533 κατεδέξαντο
3335 3469 3430 3524 καὶ
3480 3472 3736 3528 ἐπίστευ-

2147 3567 2246 3603 σαν
2295 3549 2646 3621 γεγενῆσθαι·
2701 3549 2730 3603 δ
2789 3549 3027 3622 μάλιστα
3076 3546 3145 3622 ἦν
3201 3553 3586 3623 ἐντρεπτικδν,
3639 3558 3735 3614 καὶ

2145 3632 2328 3686 ίκανὺν
2360 3633 2559 3698 αὐτοὺς
2587 3635 2906 3704 κατασχεῖν.
2941 3631 3006 3687 Et
3040 3633 3148 3706 γάρ
3196 3634 3579 3707 ἠϐουλήθησαν
3609 3640 3736 3694 ἀπι-

2144 3716 2342 3787 στῆσαι
2373 3717 2514 3787 μετά
2541 3715 2737 3778 ταῦτα,
2771 3716 2953 3770 οὐκέτι
2979 3715 3167 3771 λοιπὸν
3212 3716 3291 3788 τῷ
3341 3719 3563 3792 Παύλῳ,
3617 3723 3733 3776 ἀλλ’

2141 3801 2357 3864 ἐαυτοϊς
2383 3799 2608 3870 ἔμελλον
2630 3802 2901 3856 ἀπιστεῖν·
2927 3801 3065 3872 ὅπερ
3089 3803 3396 3873 κατηγορία
3418 3799 3486 3874 ἦν
3506 3805 3733 3860 ἐκείνων

2139 3883 2249 3938 τῶν
2282 3883 2433 3948 ἅπαξ
2484 3884 2936 3956 καταδεξαμένων
2967 3885 3062 3939 καὶ
3095 3886 3501 3957 μεταθεμένων.
3538 3890 3639 3943 Διά
3665 3889 3730 3961 δὴ

2139 3966 2300 4020 τοῦτο
2342 3969 2439 4020 καὶ
2485 3966 2736 4021 ἐντεῦθεν
2770 3966 3021 4038 ἄρχεται,
3064 3967 3279 4032 δεικνὺς
3306 3969 3389 4023 ὅτι
3418 3971 3519 4024 οὐκ
3552 3971 3728 4026 ἄλλων

2138 4048 2311 4103 δεῖται
2338 4048 2637 4122 μαρτύρων
2667 4051 2748 4114 είς
2767 4051 2828 4105 1:6
2842 4050 3036 4116 δεῖξαι,
3063 4051 3143 4104 ὅτι
3171 4051 3375 4124 τάληθῆ
3401 4053 3578 4122 λέγει,
3607 4055 3726 4110 ἀλλ’

2139 4131 2322 4186 αὐτῶν
2355 4131 2581 4187 ἐκείνων
2609 4133 2719 4187 τῶν
2734 4133 3126 4204 ἠπατημένων.
3146 4132 3427 4207 [55l]'lva
3448 4137 3505 4190 66
3528 4138 3556 4191 6
3585 4138 3729 4207 λέγω

2141 4215 2478 4288 σαφέστερον
2511 4217 2759 4287 γένηται,
2801 4215 2980 4270 αὐτῶν
3006 4216 3193 4270 λοιπὸν
3225 4217 3522 4286 ἀναγκαῖον
3561 4221 3728 4276 ἀκοῦ-

2141 4316 2232 4355 σαι
2262 4299 2370 4354 τῶν
2406 4300 2688 4371 ῥημάτων.
2723 4301 2856 4356 Τίνα
2896 4299 2990 4354 οῦν
3041 4300 3217 4355 ταῦτά
3263 4303 3420 4369 ἐστι;
3453 4306 3729 4374 Γνωρίζω

2137 4383 2301 4453 ὑμῖν,
2336 4383 2610 4452 ἀδελφοὶ,
2649 4383 2804 4454 φησὶ,
2826 4382 2892 4437 τὸ
2930 4384 3322 4453 Εὑαγγέλιον,
3349 4386 3380 4442 ὅ
3413 4389 3729 4458 εὐηγγελι-

2138 4465 2345 4536 σάμην
2375 4467 2534 4536 ὑμῖν.
2572 4465 2725 4531 Εἶδες
2777 4467 2892 4538 μεθ’
2918 4468 3052 4537 ὅσης
3100 4468 3406 4533 ἐπιεικείας
3452 4471 3722 4542 ἄρχεται;

2137 4545 2277 4614 εἶδες
2307 4549 2425 4613 πῶς
2457 4549 2565 4602 ἀπὸ
2615 4549 2715 4619 τῆς
2747 4549 2924 4620 ἀρχῆς
2949 4549 3169 4616 ἔδειξεν,
3203 4551 3287 4606 δτι
3333 4552 3486 4612 οὐδὲν
3539 4543 3733 4614 καινὸν,

2137 4633 2379 4711 εἰσάγει,
2418 4631 2541 4684 οὐδέ
2591 4629 2772 4699 ξένον;
2819 4632 2878 4684 '0
2906 4632 3015 4702 γὰρ
3048 4633 3331 4704 γνωρίζων
3359 4634 3420 4688 τὸ
3450 4634 3550 4707 ἤδη
3584 4653 3728 4711 γνωο

2143 4717 2290 4782 σθέν,
2340 4709 2459 4769 εἶτα
2489 4717 2568 4780 είς
2598 4715 2770 4787 λήθην
2801 4715 3077 4787 ἐμπεσὼν,
3111 4716 3368 4789 γνωρίζει
3426 4709 3613 4778 πάλιν.
3646 4723 3728 4786 εἰς

2144 4801 2366 4872 μνήμην
2399 4798 2569 4868 άγων.
2600 4798 2853 4862 Καλέσας
2883 4798 2940 4852 δέ
2973 4796 3258 4869 ἀδελφοὺς,
3297 4800 3358 4853 οὐ
3389 4801 3596 4874 μικρὰν
3631 4805 3727 4858 καὶ

2139 4883 2392 4937 ἐντεῦθεν
2421 4883 2863 4954 προκατεϐάλετο
2890 4883 3000 4936 τῶν
3035 4882 3343 4954 λεγομένων
3368 4882 3468 4955 τὴν
3503 4886 3724 4945 ἀπόδει-

2142 4969 2243 5034 ξιν.
2287 4967 2530 5037 ’Δδελφοὶ
2559 4968 2668 5038 γὰρ
2700 4967 3000 5037 οὐδαμόθεν
3024 4966 3346 5038 ἐγενόμεθα,
3387 4967 3506 5022 ἀλλ’
3535 4970 3568 5042 ἢ
3616 4971 3725 5025 ἀπὸ

2137 5052 2238 5122 τῆς
2266 5051 2408 5106 κατὰ
2435 5053 2614 5124 σάρκα
2642 5050 2738 5105 τοῦ
2768 5051 3006 5123 Χριστοῦ
3035 5052 3372 5122 οἰκονομίας.
3403 5051 3494 5105 Διὸ
3521 5053 3586 5124 δὴ
3629 5055 3727 5107 καὶ

2141 5136 2316 5198 οὕτως
2341 5135 2537 5198 αὐτοὺς
2563 5133 2845 5199 ἐκάλεσεν,
2875 5134 3014 5204 ὁμοῦ
3052 5135 3151 5206 μὲν
3186 5137 3592 5207 καταπραῢνων
3627 5137 3726 5190 xal

2139 5217 2482 5290 θεραπεύων,
2509 5217 2643 5288 ὁμοῦ
2669 5217 2726 5270 δέ
2749 5217 2858 5270 τῶν
2888 5216 3101 5288 μυρίων
3143 5217 3369 5286 ἀγαθῶν
3407 5219 3726 5292 ἀναμιμνη.

2138 5319 2306 5356 σκων.
2339 5301 2450 5355 Kal
2467 5300 2530 5354 τὸ
2558 5301 2686 5372 ἐεῆς
2705 5299 2868 5355 πάλιν
2884 5299 2979 5354 τοῦ
3001 5301 3169 5355 αὐτοῦ
3192 5305 3721 5361 κατασκευαστικόν.

2137 5385 2297 5439 Ποῖον
2312 5383 2376 5456 δὴ
2405 5383 2592 5449 τοῦτο;
2623 5383 2695 5437 T6
2716 5383 3065 5454 Εὐαγγέλιον.
3094 5385 3216 5438 Τῶν
3238 5385 3348 5454 γὰρ
3369 5384 3728 5454 Εὐαγγελίων

2134 5472 2195 5524 τὸ
2221 5469 2514 5540 κεφάλαιον
2555 5467 2806 5523 ἐντεῦθεν
2836 5468 2949 5540 ἔχει
2991 5467 3091 5540 τὴν
3124 5469 3321 5540 ἀρχὴν,
3354 5469 3464 5523 ἀπὸ
3495 5469 3590 5523 τοῦ
3629 5469 3728 5526 τὸν

2137 5552 2270 5605 Θεὸν
2329 5550 2582 5619 γενέσθαι
2641 5551 2949 5621 ἄνθρωπον,
3007 5551 3102 5604 καὶ
3164 5550 3572 5622 σταυρωθῆναι,
3627 5554 3728 5608 καὶ

2137 5633 2456 5702 ἀναστῆναι.
2508 5633 2678 5688 Τοῦτο
2732 5634 2825 5688 καὶ
2874 5636 2903 5686 6
2953 5632 3193 5703 Γαϐριὴλ
3231 5624 3618 5704 εὐηγγελίζετο
3650 5639 3722 5706 τῇ

2139 5717 2419 5791 Παρθένῳ,
2475 5718 2631 5772 τοῦτο
2688 5720 2780 5772 καὶ
2835 5721 2883 5772 οἱ
2943 5717 3215 5789 προφῆται
3272 5721 3338 5790 τῇ
3396 5719 3735 5796 οἰκουμένῃ,-
