4018 6156
371 221 469 276 32!

371 349 428 396 et
468 338 615 410 quod
655 353 724 394 ne
769 338 904 394 ultra
953 347 1206 409 appareat
1248 336 1498 407 quidem;
1531 337 1621 392 ille
1661 346 1837 391 autem
1890 353 1957 393 ex

373 434 707 490 conscientia
760 433 1013 499 majorem
1063 430 1226 485 habet
1272 439 1329 485 et
1379 439 1690 501 perpetuam
1743 431 1956 486 suavio-

373 539 600 594 remque
633 522 887 578 laetitiam.
927 521 1110 591 Neque
1156 522 1299 576 enim
1341 520 1675 577 consuetudo
1716 521 1956 576 mulieris

373 624 555 687 potest
581 625 686 671 tam
712 614 1144 685 imperturbatam
1175 613 1403 669 reddere
1440 612 1676 667 animam
1697 653 1714 679 ,
1755 620 1810 667 et
1836 627 1955 667 eam

373 709 428 761 in
454 706 621 761 altum
647 705 896 769 evehere,
926 719 1083 774 quam
1113 702 1469 773 philosophia.
1498 702 1565 757 Et
1592 702 1814 772 pudicus
1841 704 1954 773 qui-

371 798 519 864 dem,
548 797 684 852 sicut
709 796 856 862 dixi,
889 803 1076 868 aperte
1119 794 1276 851 nobis
1312 796 1641 864 voluptatem
1671 795 1906 849 ostendit
1938 812 1953 849 :

369 890 424 944 in
459 898 509 943 te
549 896 725 943 autem
758 902 823 942 ex
870 902 937 942 eo
965 886 1217 957 quidem,
1261 885 1404 957 quod
1434 886 1510 941 sis
1550 886 1755 952 victus,
1802 885 1958 941 video

368 979 530 1033 animi
557 977 953 1049 aegritudinem,
976 977 1304 1047 voluptatem
1331 987 1509 1032 autem
1543 977 1727 1032 volens
1751 975 1952 1041 videre,

367 1085 477 1125 non
507 1070 744 1124 invenio.
767 1068 1049 1137 Quodnam
1077 1068 1220 1123 enim
1243 1068 1321 1122 vis
1344 1083 1463 1123 esse
1485 1077 1692 1137 tempus
1710 1067 1958 1136 volupta-

369 1165 484 1219 tis?
511 1162 637 1219 idne
674 1159 818 1231 quod
847 1170 930 1215 est
959 1169 1084 1215 ante
1113 1160 1352 1215 coitum?
1396 1158 1500 1215 Sed
1552 1174 1659 1213 non
1709 1166 1827 1220 est;
1876 1166 1962 1213 est

366 1254 515 1309 enim
556 1251 756 1307 furoris
798 1259 855 1307 et
883 1251 1105 1306 insaniae
1130 1259 1183 1305 et
1221 1250 1412 1305 mentis
1439 1259 1651 1305 emotae.
1700 1248 1959 1304 Dentibus

364 1346 514 1401 enim
545 1341 807 1408 stridere,
838 1351 893 1396 et
919 1356 949 1395 e
974 1351 1112 1396 statu
1142 1341 1337 1396 mentis
1373 1341 1675 1406 dimoveri,
1720 1355 1827 1395 non
1875 1346 1958 1394 est

365 1435 660 1506 voluptatis
691 1450 705 1489 :
738 1435 819 1489 sin
849 1445 993 1490 esset
1018 1443 1197 1489 autem
1237 1434 1523 1503 voluptatis
1543 1474 1559 1497 ,
1591 1447 1697 1488 non
1744 1447 1808 1487 ea
1859 1431 1956 1487 tibi

368 1527 675 1593 indixisset,
706 1540 825 1597 quae
847 1524 1114 1581 sustinent
1143 1525 1178 1579 ii
1200 1526 1290 1596 qui
1309 1523 1597 1579 admodum
1619 1523 1820 1579 dolent.
1850 1522 1958 1577 Pu-

368 1617 509 1685 giles
533 1618 701 1683 enim,
752 1624 859 1670 tam
887 1616 978 1687 qui
1008 1616 1311 1686 percutiunt
1339 1631 1498 1686 quam
1525 1616 1616 1687 qui
1646 1614 1955 1686 percutiun-

371 1720 481 1774 tur,
514 1707 739 1763 strident
764 1706 1014 1763 dentibus
1043 1726 1056 1761 :
1091 1716 1144 1763 et
1170 1708 1524 1778 parturientes
1547 1707 1817 1773 mulieres,
1838 1720 1957 1776 qua:

375 1801 748 1856 distrahuntur
765 1800 1063 1867 doloribus,
1097 1799 1327 1871 idipsum
1361 1800 1575 1855 faciunt.
1601 1798 1953 1867 Quamobrem

366 1906 475 1945 non
508 1900 591 1948 est
618 1891 674 1947 id
705 1890 984 1960 voluptas,
1017 1890 1112 1945 sed
1144 1892 1321 1960 potius
1351 1891 1546 1946 mentis
1576 1904 1829 1946 excessus
1866 1897 1954 1943 tu-

364 1981 677 2051 multusque
719 1989 776 2037 et
800 1981 1152 2051 perturbatio.
1184 1983 1268 2037 An
1303 1991 1513 2052 tempus
1541 1981 1680 2052 quod
1713 1989 1833 2050 post
1868 1993 1955 2035 se-

362 2114 543 2131 ῌ

1261 219 1326 275 IN
1364 219 1582 277 EPIST.
1623 220 1645 277 I
1707 220 1799 276 AD
1835 219 1991 278 COR.
2045 219 2275 278 HOMIL.
2321 223 2603 280 XXXVIII.

549 2115 3406 2141 ww

3546 237 3653 293 322

2063 339 2281 410 quitur?
2305 340 2408 396 Sed
2437 357 2607 412 neque
2637 342 2740 398 hoc
2759 343 2985 401 dixeris.
3014 346 3196 418 Neque
3225 350 3368 408 enim
3389 368 3507 408 eam
3529 371 3650 427 quae

2064 431 2269 501 peperit
2287 429 2580 488 dixerimus
2607 448 2729 489 esse
2754 436 2806 491 in
2832 436 3123 508 voluptate,
3146 441 3239 497 sed
3272 441 3323 499 in
3352 444 3596 503 libertate
3618 464 3650 504 a

2062 519 2337 577 doloribus
2366 541 2381 577 :
2414 538 2519 578 non
2559 532 2642 580 est
2680 536 2858 582 autem
2907 529 3064 598 plane
3092 532 3193 588 hoc
3221 534 3466 605 voluptas
3490 580 3504 603 ,
3554 540 3647 594 sed

2064 614 2240 681 potius
2276 614 2610 671 imbecillitas
2638 629 2690 673 et
2729 619 3047 688 dissolutio;
3089 627 3311 684 multum
3350 639 3528 686 autem
3568 633 3651 688 in—

2065 711 2229 758 terest
2272 703 2413 759 inter
2454 715 2755 778 utrumque.
2806 712 3083 778 Quodnam
3132 729 3215 773 est
3260 735 3388 791 ergo
3436 731 3644 794 tempus

2063 796 2369 864 voluptatis,
2397 797 2483 852 dic
2507 803 2728 869 quaeso?
2757 803 2970 860 Nullum
3002 818 3086 864 est
3112 829 3126 863 :
3155 812 3199 865 si
3226 822 3313 867 est
3339 822 3539 882 tamen,
3567 829 3652 875 est

2062 884 2195 940 adeo
2237 885 2427 953 breve,
2477 897 2534 943 ut
2577 906 2644 945 ne
2690 905 2948 963 appareat
2987 898 3225 966 quidem.
3281 902 3413 959 Cum
3458 910 3651 966 millies

2063 976 2495 1034 contenderimus
2526 990 2582 1034 ut
2614 981 2740 1037 illud
2786 983 3320 1053 deprehenderemus
3347 1006 3401 1051 et
3446 1002 3647 1055 retine-

2065 1081 2244 1121 remus
2263 1109 2278 1134 ,
2308 1083 2415 1123 non
2445 1072 2734 1139 potuimus.
2778 1074 2885 1130 Sed
2913 1083 3263 1149 temperantis
3290 1094 3344 1140 et
3384 1090 3649 1147 moderati

2068 1164 2275 1225 tempus
2302 1174 2405 1214 non
2431 1172 2513 1215 est
2543 1161 2826 1232 ejusmodi,
2859 1167 2952 1222 sed
2974 1170 3266 1239 spatiosum
3290 1185 3373 1231 est
3400 1190 3453 1233 et
3480 1183 3651 1237 omni-

2065 1244 2164 1301 bus
2183 1246 2438 1315 evidens;
2468 1251 2549 1305 vel
2572 1253 2749 1321 potius
2773 1263 2880 1310 tota
2907 1257 3026 1325 ejus
3050 1261 3150 1315 vita
3176 1273 3259 1317 est
3282 1266 3334 1318 in
3357 1268 3647 1339 voluptate,

2063 1352 2182 1392 cum
2234 1338 2351 1409 ejus
2400 1344 2726 1399 conscientia
2779 1358 3088 1417 coronetur,
3147 1368 3268 1407 cum
3328 1357 3495 1412 sedati
3544 1338 3652 1417 sint

2062 1428 2275 1498 ﬂuctus,
2305 1433 2450 1488 nullo
2477 1451 2541 1491 ex
2572 1438 2761 1507 quavis
2792 1450 2942 1509 parte
2985 1444 3193 1500 oriente
3240 1451 3485 1506 tumultu.
3518 1452 3649 1509 Cum

2062 1536 2190 1592 ergo
2218 1522 2303 1578 hic
2329 1525 2498 1595 magis
2520 1527 2589 1581 sit
2619 1529 2673 1584 in
2704 1531 3005 1601 voluptate,
3039 1535 3355 1595 libidinosus
3383 1550 3562 1599 autem
3594 1546 3647 1602 in

2060 1615 2223 1669 animi
2249 1618 2563 1686 aegritudine
2591 1628 2647 1675 et
2670 1623 3014 1691 tumultibus,
3065 1626 3327 1698 fugiamus
3373 1631 3649 1693 libidinem

2060 1714 2116 1760 et
2162 1706 2663 1777 intemperantiam,
2714 1713 3102 1783 amplectamur
3146 1724 3552 1791 temperantiam
3596 1738 3652 1783 et

2061 1797 2382 1863 castitatem,
2418 1807 2477 1853 ut
2502 1799 2638 1854 bona
2665 1802 2825 1858 etiam
2854 1804 3034 1861 futura
3062 1821 3480 1881 consequamur,
3517 1830 3646 1887 gra-

2060 1889 2132 1944 tia
2159 1900 2215 1945 et
2242 1889 2592 1961 benignitate,
2622 1900 2725 1949 etc.

3407 2128 3647 2145 ψ

1604 2190 1951 2254 HOMILIA
1992 2187 2358 2250 XXXVIII.

357 2340 490 2395 Car.
523 2340 606 2396 15.
652 2355 703 2393 v.
728 2341 778 2395 I.
809 2338 1003 2394 Notum
1030 2347 1201 2393 autem
1222 2337 1358 2392 vobis
1384 2337 1542 2406 facio,
1566 2340 1781 2407 fratres,
1810 2349 1953 2388 evan-

435 2435 620 2505 gelium
664 2434 803 2503 quod
844 2433 1116 2502 prwdicavi
1160 2431 1469 2502 cabinquod
1494 2440 1539 2483 et
1566 2429 1829 2499 accepistis
1856 2468 1871 2492 ,
1903 2428 1955 2482 in

430 2540 533 2593 quo
559 2534 605 2580 et
627 2526 775 2581 statis
799 2567 815 2591 ,
845 2525 901 2578 2.
934 2542 1022 2594 per
1051 2524 1187 2594 quod
1223 2533 1268 2579 et
1294 2523 1562 2579 salvamini
1578 2563 1593 2589 ,
1634 2538 1735 2592 qua
1762 2520 1956 2575 ratione

433 2620 815 2689 pradicaverim
838 2620 995 2673 vobis.

433 2712 484 2765 1.
528 2712 659 2766 Cum
698 2709 767 2765 de
817 2708 1183 2779 spiritualibus
1237 2707 1556 2763 absolvisset
1610 2706 1937 2770 orationem,

349 2802 552 2857 transit
574 2801 640 2856 ad
667 2800 718 2856 id
745 2800 890 2871 quod
914 2808 998 2856 est
1026 2801 1265 2855 omnium
1302 2800 1533 2854 maxime
1562 2798 1947 2862 necessarium,

354 2909 554 2963 nempe
579 2893 646 2948 ad
691 2901 1063 2963 argumentum
1105 2891 1514 2947 resurrectionis
1560 2909 1574 2947 :
1621 2890 1676 2945 in
1696 2905 1762 2944 eo
1805 2890 1951 2944 enim

356 2985 515 3040 valde
562 2984 913 3055 :egrotahaut.
943 2983 1010 3038 Et
1058 2983 1198 3038 sicut
1244 2983 1298 3037 in
1352 2982 1705 3051 corporibus,
1735 2980 1952 3052 quando

359 3075 563 3130 solidas
592 3089 779 3131 eorum
806 3083 988 3144 partes
1015 3072 1178 3129 lebris
1202 3073 1455 3142 attigerit,
1474 3088 1689 3139 nervos,
1709 3072 1945 3142 inquam,

360 3174 419 3220 et
442 3179 604 3221 venas
627 3174 682 3220 et
704 3163 874 3235 prima
903 3165 1189 3232 elementa,
1215 3164 1413 3218 malum
1439 3164 1507 3218 sit
1532 3161 1946 3230 immedicabile,

361 3260 466 3315 nisi
494 3261 608 3331 ejus
649 3275 840 3331 magna
880 3270 1097 3330 geratur
1138 3273 1265 3314 cura
1296 3276 1310 3312 :
1340 3258 1419 3314 sic
1463 3266 1587 3311 tunc
1624 3272 1838 3327 quoque
1882 3270 1949 3310 ue

363 3354 541 3420 ﬁeret,
564 3363 678 3409 erat
695 3353 1012 3425 periculum.
1037 3351 1118 3406 Ad
1144 3352 1256 3422 ipsa
1278 3351 1422 3407 enim
1445 3351 1658 3420 pietatis
1685 3350 1948 3404 elementa

363 3445 620 3501 tendebat
640 3445 853 3501 malum.
886 3445 1244 3514 Quamobrem
1276 3458 1469 3514 magno
1492 3442 1671 3498 studio
1697 3457 1826 3497 usus
1853 3450 1937 3496 est

358 3539 581 3595 I‘aulus.
626 3536 740 3592 Non
783 3538 922 3592 enim
956 3537 1185 3606 amplius
1214 3535 1280 3590 ab
1313 3549 1379 3590 eo
1423 3533 1680 3604 agebatur
1720 3531 1790 3587 de
1818 3530 1946 3597 vita,

358 3645 540 3700 neque
571 3628 711 3699 quod
757 3628 847 3684 ille
872 3627 1087 3697 quidem
1133 3633 1497 3691 scortaretur,
1532 3623 1619 3678 hic
1652 3638 1781 3679 vero
1807 3631 1950 3677 esset

355 3735 551 3776 avarus
577 3762 592 3787 ,
621 3720 757 3774 alius
790 3734 917 3773 vero
958 3727 1121 3788 caput
1163 3717 1388 3772 haberet
1433 3723 1723 3784 opertum;
1769 3712 1863 3767 sed
1894 3712 1948 3765 in

356 3814 476 3884 ipso
510 3814 774 3869 bonorum
802 3812 977 3881 capite
1013 3811 1326 3865 versabatur
1352 3807 1524 3864 oratio
1558 3824 1573 3861 :
1601 3821 1725 3860 nam
1755 3804 1822 3860 de
1853 3819 1943 3858 re-

356 3906 694 3961 surrectione
722 3904 838 3974 ipsa
880 3904 1021 3957 inter
1058 3916 1117 3957 se
1161 3900 1611 3971 digladiabautur.
1642 3898 1773 3967 Quia
1801 3896 1945 3950 enim

358 4000 474 4055 haec
492 4007 575 4054 est
615 4006 727 4053 tota
756 4010 880 4066 spes
910 4006 1092 4051 nostra
1115 4037 1128 4061 ,
1156 3996 1203 4049 ei
1235 3994 1391 4049 valde
1424 3993 1621 4048 restitit
1657 3991 1902 4047 diabolus
1927 4005 1943 4054 ;

358 4100 415 4146 et
441 4087 727 4160 aliquando
748 4087 962 4158 quidem
990 4101 1107 4141 eam
1143 4085 1362 4140 tollebat
1388 4083 1620 4153 penitus,
1651 4081 1944 4152 aliquando

359 4190 537 4236 autem
580 4180 793 4235 dicebat
837 4194 953 4233 eam
995 4178 1104 4248 jam
1152 4176 1332 4231 fuisse.
1370 4174 1518 4241 Quod
1551 4173 1711 4228 etiam
1751 4172 1945 4227 Paulus

357 4274 598 4329 scribens
627 4273 694 4329 ad
720 4270 1065 4328 Timotheum
1084 4312 1100 4337 ,
1128 4270 1234 4325 hoc
1280 4269 1477 4324 malum
1508 4267 1699 4336 dogma
1727 4266 1943 4320 vocavit

357 4382 734 4437 gangraenam,
762 4374 818 4420 et
846 4381 941 4422 eos
965 4365 1055 4435 qui
1104 4364 1279 4434 ipsum
1328 4360 1652 4415 inducebant
1701 4358 1940 4421 notavit,

356 4459 542 4512 dicens
567 4476 581 4512 :
611 4456 694 4511 Ea:
720 4457 897 4527 quibus
919 4467 992 4512 est
1022 4456 1331 4526 Hymenwus
1351 4462 1398 4507 et
1427 4451 1685 4517 Philetas,
1708 4452 1794 4522 qui
1809 4451 1946 4504 circa

356 4549 618 4602 veritatem
643 4548 962 4614 aberrarunt,
995 4547 1214 4600 dicentes
1228 4546 1344 4616 jam
1372 4547 1560 4615 factam
1589 4558 1700 4597 esse
1718 4558 1947 4596 resurre—

357 4638 575 4693 ctionem
596 4679 611 4704 ,
646 4649 692 4692 et
717 4646 942 4692 evertunt
979 4637 1267 4707 aliquorum
1306 4634 1457 4702 ﬁdem
1488 4632 1579 4703 (2.
1606 4630 1737 4686 Tim.
1763 4631 1817 4684 2.
1850 4632 1939 4685 17.

359 4729 474 4800 18).
499 4731 672 4797 Atque
689 4728 978 4799 aliquando
1000 4726 1215 4798 quidem
1244 4724 1342 4778 hoc
1366 4723 1635 4791 dicebant,
1657 4721 1944 4792 aliquando

357 4829 538 4874 autem
588 4819 732 4888 quod
776 4831 972 4888 corpus
1009 4831 1115 4871 non
1162 4823 1424 4883 resurgat,
1475 4813 1568 4867 sed
1615 4812 1946 4867 resurrectio

358 4912 427 4964 sit
455 4910 650 4964 animae
684 4910 945 4980 purgatio.
995 4907 1120 4963 Hinc
1148 4915 1326 4961 autem
1373 4904 1552 4959 dicere
1591 4902 1947 4973 persuadehat

357 5000 653 5055 sceleratus
700 4999 794 5055 ille
821 4999 1033 5054 diemon
1056 5039 1070 5060 ,
1104 5013 1209 5052 non
1256 4995 1428 5049 solum
1470 5003 1717 5050 evertere
1744 4994 1939 5050 volens

359 5096 834 5156 resurrectionem,
865 5092 961 5147 sed
1005 5092 1164 5146 etiam
1192 5105 1312 5160 qua:
1338 5102 1436 5157 pro
1468 5087 1619 5141 nobis
1650 5088 1786 5143 faeta
1815 5098 1938 5143 sunt

358 5187 560 5249 omnia,
606 5183 892 5239 ostendere
938 5197 1057 5238 esse
1099 5180 1351 5235 fabulam.
1397 5178 1530 5233 Nam
1562 5178 1605 5232 si
1648 5179 1726 5233 eis
1757 5179 1944 5236 fuisset

358 5290 675 5347 persuasum
704 5291 810 5330 non
841 5289 963 5330 esse
992 5287 1277 5344 corporum
1301 5270 1775 5336 resurrectionem,
1807 5286 1932 5339 pau-

360 5368 509 5420 latim
555 5367 633 5420 eis
682 5357 1148 5434 pcrsuasisset'ne
1193 5362 1464 5416 Christum
1506 5359 1723 5429 quidem
1754 5375 1939 5415 resur-

360 5459 601 5522 rexisse;
651 5459 718 5512 ab
749 5457 851 5511 hoc
882 5464 1060 5509 autem
1106 5453 1236 5507 illud
1289 5466 1499 5522 quoque
1529 5450 1716 5505 ordine
1747 5465 1941 5521 proce-

361 5549 496 5604 dens
522 5548 819 5604 induxisset
847 5562 970 5602 eum
995 5560 1102 5599 non
1128 5542 1431 5607 advenisse,
1464 5557 1635 5611 neque
1664 5558 1725 5598 ea
1752 5543 1945 5598 fecisse

363 5655 483 5711 qua:
510 5641 654 5697 fecit.
705 5638 848 5697 Talis
875 5647 959 5695 est
984 5638 1127 5694 enim
1166 5634 1367 5691 diaboli
1398 5632 1697 5703 malignitas
1742 5644 1796 5692 et
1825 5650 1943 5691 vcr-

2057 2329 2216 2383 sutia.
2248 2330 2609 2399 Quamobrem
2636 2334 2832 2390 Paulus
2851 2352 2968 2393 eam
2998 2342 3393 2400 vocatinsidias
3424 2344 3641 2417 (Ep/tes.

2059 2419 2113 2475 6.
2148 2422 2239 2491 11)
2263 2464 2277 2489 ,
2308 2424 2561 2493 quoniam
2585 2440 2691 2480 non
2714 2426 2918 2484 directe
2940 2433 3174 2488 ostendit
3204 2438 3347 2506 quod
3379 2439 3489 2493 vult
3519 2456 3646 2511 pro-

2057 2514 2206 2576 bare.
2239 2529 2305 2569 ne
2334 2515 2803 2585 deprehendatur;
2832 2521 2929 2576 sed
2959 2523 3063 2578 alia
3109 2526 3208 2582 sibi
3239 2528 3486 2600 imposita
3518 2548 3643 2603 per-

2056 2620 2208 2668 sona,
2254 2606 2356 2660 alia
2404 2607 2715 2677 fabricatur,
2764 2622 2816 2666 et
2868 2623 3139 2686 tamquam
3197 2620 3419 2679 infestus
3470 2624 3641 2680 hostis

2055 2707 2108 2750 et
2131 2698 2457 2766 versipellis,
2486 2714 2605 2754 cum
2630 2701 2685 2755 in
2710 2703 2893 2758 urbem
2924 2715 2980 2760 et
3006 2723 3187 2764 muros
3218 2711 3453 2781 irruerit,
3481 2717 3643 2771 etiam

2056 2789 2262 2846 inferne
2293 2793 2715 2863 agitcuniculos,
2738 2805 2794 2850 ut
2818 2812 2880 2852 ea
2912 2800 3119 2856 ratione
3142 2817 3247 2857 non
3280 2803 3437 2862 facile
3465 2811 3642 2878 possit

2055 2883 2253 2949 caveri,
2308 2893 2361 2939 et
2405 2894 2549 2941 recte
2592 2887 2641 2942 ei
2687 2889 2941 2944 succedat
2990 2891 3038 2945 id
3086 2894 3228 2962 quod
3270 2905 3355 2951 est
3398 2899 3636 2955 molitus.

2055 2972 2412 3041 Quamobrem
2455 2976 2589 3032 tales
2635 2978 2751 3050 ejus
2798 2980 3021 3051 laqueos
3064 2999 3281 3056 semper
3330 2988 3639 3059 inveniens,

2053 3075 2105 3119 et
2135 3067 2425 3123 sceleratas
2476 3066 2572 3124 llas
2603 3070 2826 3127 insidias
2858 3089 3061 3130 venans
3091 3075 3179 3132 hic
3205 3080 3286 3133 vir
3309 3081 3640 3140 admirabilis

2054 3164 2110 3211 et
2138 3172 2264 3214 vere
2293 3174 2535 3230 ntagnus,
2569 3161 2786 3218 dicebat
2819 3184 2832 3218 :
2870 3164 2991 3220 Non
3019 3170 3153 3222 enim
3176 3171 3469 3241 ignoramus
3494 3179 3635 3246 cogi-

2053 3250 2264 3304 tationes
2290 3253 2398 3321 ejus
2422 3251 2499 3322 (2.
2532 3251 2650 3307 Cor.
2680 3253 2734 3307 2.
2768 3256 2877 3325 11).
2910 3258 3120 3313 Etenim
3158 3261 3243 3316 hic
3267 3272 3434 3319 totum
3460 3268 3635 3336 aperit

2052 3339 2167 3409 ejus
2206 3340 2413 3409 dolum,
2460 3353 2516 3397 et
2554 3358 2747 3398 omnes
2791 3348 3024 3403 ostendit
3088 3353 3555 3427 machinationes,
3584 3370 3640 3414 et

2053 3448 2401 3505 qumcumque
2445 3436 2560 3490 vult
2586 3453 2846 3507 apparare
2878 3440 3122 3509 producit
3153 3444 3203 3498 in
3251 3447 3483 3504 medium
3503 3490 3519 3517 ,
3551 3467 3641 3507 ac-

2053 3526 2388 3581 curatissime
2418 3528 2596 3582 omnia
2626 3545 2979 3599 persequens.
3026 3533 3315 3606 Pr0pterea
3347 3540 3488 3595 enim
3534 3542 3637 3599 hoc

2052 3627 2214 3688 caput
2240 3620 2389 3689 ponit
2419 3630 2539 3690 post
2567 3621 2668 3675 alia
2700 3662 2713 3685 ,
2744 3625 2995 3692 quoniam
3029 3636 3145 3681 erat
3191 3631 3421 3686 maxime
3453 3648 3638 3690 neces-

2053 3711 2274 3776 sarium,
2307 3723 2361 3766 et
2389 3711 2530 3782 quod
2560 3713 2736 3767 omnia
2763 3726 2946 3769 nostra
2974 3717 3264 3774 contineat.
3298 3721 3431 3778 Vide
3457 3736 3636 3782 autem

2053 3801 2166 3870 ejus
2210 3803 2563 3871 prudentiam.
2598 3802 2728 3858 Nam
2760 3820 2879 3860 cum
2911 3822 3036 3861 suos
3078 3810 3225 3878 prius
3257 3815 3539 3871 muniisset
3584 3826 3640 3873 et

2052 3893 2105 3947 in
2135 3902 2248 3949 tuto
2286 3894 2604 3950 collocasset
2630 3939 2643 3962 ,
2682 3906 2806 3951 tunc
2837 3899 3063 3954 ulterius
3093 3904 3389 3971 procedens
3414 3949 3428 3970 ,
3462 3919 3640 3964 exter-

2052 4000 2150 4041 nos
2176 4003 2386 4058 quoque
2420 3989 2657 4055 invadit,
2694 4001 2746 4046 et
2776 3990 2906 4061 ipsis
2939 3993 3269 4052 validissime
3298 4013 3359 4053 os
3387 4000 3634 4057 obstruit.

2051 4078 2189 4134 Suos
2213 4089 2391 4135 autem
2425 4082 2597 4136 munit
2626 4091 2679 4136 et
2710 4084 2763 4136 in
2794 4093 2907 4138 tuto
2929 4086 3195 4152 collocat,
3226 4104 3331 4144 non
3363 4107 3425 4145 ex
3468 4095 3638 4147 ratio-

2050 4170 2224 4235 nibus,
2254 4172 2345 4227 sed
2378 4189 2440 4225 ex
2472 4173 2535 4227 iis
2560 4189 2678 4243 qua:
2701 4174 2812 4242 jam
2844 4174 2979 4230 facta
3010 4185 3166 4242 sunt,
3197 4188 3250 4233 et
3274 4195 3392 4249 quae
3421 4182 3516 4251 ipsi
3544 4185 3638 4239 ad-

2052 4261 2335 4326 miserunt,
2369 4270 2423 4314 et
2469 4262 2605 4315 facta
2646 4264 2991 4318 crediderunt
3024 4284 3037 4319 :
3067 4268 3210 4337 quod
3236 4270 3452 4339 quidem
3485 4274 3636 4330 valde

2050 4361 2167 4405 erat
2206 4364 2386 4422 aptum
2418 4352 2484 4406 ad
2516 4352 2776 4422 pudorem
2820 4354 3185 4411 incutiendum
3213 4401 3229 4425 ,
3257 4368 3312 4413 et
3338 4359 3640 4419 sufﬁciebat

2050 4442 2118 4496 ad
2143 4457 2236 4497 eos
2278 4443 2654 4501 continendos.
2700 4443 2831 4498 Nam
2871 4445 2916 4499 si
2968 4456 3150 4517 postea
3183 4448 3481 4506 noluissent
3515 4467 3636 4509 cre-

2053 4531 2203 4597 dere,
2238 4548 2342 4589 non
2372 4533 2554 4604 utique
2593 4535 2704 4606 jam
2729 4535 2897 4591 Paulo
2920 4578 2935 4603 ,
2970 4538 3064 4593 sed
3091 4539 3190 4595 sibi
3224 4542 3322 4612 ipsi
3351 4557 3457 4597 non
3481 4555 3638 4601 erant

2049 4624 2304 4680 credituri
2337 4628 2519 4697 :quod
2559 4627 2774 4698 quidem
2807 4629 3010 4684 crimen
3057 4632 3243 4688 fuisset
3290 4635 3503 4692 illorum
3540 4641 3635 4706 qui

2051 4720 2213 4773 semel
2230 4718 2580 4789 admiserant,
2604 4732 2657 4777 et
2672 4723 2781 4792 jam
2806 4727 3141 4781 transmutati
3163 4737 3365 4785 essent.
3388 4730 3637 4802 Propter-

2050 4827 2115 4866 ea
2152 4812 2278 4868 hinc
2307 4814 2491 4883 incipit
2518 4857 2533 4881 ,
2560 4817 2852 4872 ostendens
2875 4830 2937 4872 se
2962 4833 3067 4873 non
3095 4833 3232 4890 Opus
3280 4821 3481 4878 habere
3516 4825 3637 4879 aliis

2056 4903 2277 4957 testibus
2296 4945 2313 4969 ,
2349 4903 2414 4957 ad
2444 4904 2774 4973 probandum
2803 4922 2863 4962 se
2890 4923 3013 4963 vera
3045 4908 3227 4964 dicere
3252 4949 3268 4976 ,
3294 4912 3387 4965 sed
3418 4913 3482 4966 iis
3507 4914 3637 4983 ipsis

2054 4994 2145 5064 qui
2174 5005 2295 5049 sunt
2326 4994 2557 5065 decepti.
2591 4995 2662 5052 Ut
2686 5008 2866 5054 autem
2912 5001 3056 5070 quod
3086 5000 3209 5055 dico
3250 5002 3320 5055 sit
3366 5004 3634 5073 apertius.

2057 5086 2124 5140 de
2153 5096 2352 5141 cmtero
2395 5101 2616 5141 necesse
2647 5099 2729 5143 est
2774 5090 2888 5158 ipsa
2919 5090 3107 5145 audire
3155 5090 3337 5145 verba.
3381 5092 3635 5161 Quantam

2048 5192 2174 5247 ergo
2201 5192 2262 5232 ea
2294 5178 2457 5232 sunt?
2487 5176 2684 5232 Notum
2714 5180 2848 5233 vobis
2878 5180 3015 5249 facio
3034 5221 3049 5247 ,
3078 5185 3283 5251 fratres,
3315 5186 3630 5257 evangelium

2047 5269 2181 5338 quod
2213 5269 2485 5338 prwdicavi
2532 5270 2688 5324 vobis.
2722 5270 2971 5325 Vidistin’
3010 5287 3130 5328 cum
3178 5286 3375 5343 quanta
3418 5278 3635 5346 incipiat

2048 5358 2303 5414 lenitate?
2352 5360 2585 5414 vidistiu‘
2633 5361 2900 5430 quomodo
2946 5364 3193 5418 ostendat
3238 5366 3306 5419 ab
3356 5366 3525 5429 initio,
3576 5383 3635 5422 se

2058 5451 2189 5506 nihil
2222 5466 2416 5506 novum
2454 5467 2554 5507 nec
2595 5455 2936 5525 peregrinum
2969 5456 3348 5511 introducere?
3386 5456 3515 5509 Nam
3547 5460 3635 5525 qui

2048 5553 2232 5597 notum
2284 5541 2408 5597 facit
2454 5543 2507 5597 id
2556 5544 2698 5613 quod
2742 5545 2850 5614 jam
2882 5558 3067 5601 notum
3116 5546 3288 5599 fuerat
3331 5555 3383 5596 et
3413 5547 3550 5610 quod
3584 5550 3635 5601 in

2047 5634 2374 5692 oblivionem
2401 5644 2641 5706 venerat,
2673 5652 2861 5694 rursus
2889 5638 2942 5693 id
2974 5638 3028 5691 in
3053 5633 3369 5690 memoriam
3403 5632 3634 5691 reducit.
