4018 6156
443 251 545 311 3'23

438 370 572 426 Cum
600 379 778 427 autem
809 365 1018 422 vocavit
1043 363 1258 426 fratres,
1287 362 1411 416 hinc
1437 375 1650 430 quoque
1669 375 1773 414 non
1797 375 2018 430 parvam

439 461 700 532 prtemisit
727 454 1240 513 demonstrationem
1264 467 1450 507 eorum
1477 466 1595 521 qua:
1615 450 1885 505 dicuntur.
1909 450 2026 505 Non

438 553 654 609 aliunde
682 551 825 605 enim
857 546 983 602 facti
1014 559 1200 599 sumus
1246 545 1442 598 fratres
1462 581 1478 608 ,
1528 557 1690 614 quam
1719 556 1788 597 ex
1825 541 2024 597 Christi

437 643 731 700 secundum
762 655 979 696 carnem
1025 637 1449 708 dispensatione.
1502 634 1792 704 Propterea
1823 649 1917 689 eos
1947 634 2027 690 sic

436 740 646 793 vocavit
670 779 683 800 ,
711 735 874 789 simul
923 733 1138 803 quidem
1169 744 1264 785 eos
1301 729 1509 786 leniens
1536 743 1601 783 ac
1652 727 1900 798 mitigans
1921 769 1938 794 ,
1966 736 2025 783 et

437 831 574 885 bona
605 825 1017 882 innumerabilia
1065 823 1196 894 ipsis
1223 822 1276 876 in
1307 819 1622 876 memoriam
1651 833 1929 874 revocans.
1955 819 2025 873 Et

433 921 573 992 quod
597 921 853 988 deinceps
884 917 1150 986 sequitur,
1179 915 1282 970 hoc
1309 914 1484 984 ipsum
1525 912 1828 968 conﬁrmat.
1860 910 2024 979 Quid-

432 1030 555 1070 nam
595 1013 700 1067 hoc
736 1011 864 1067 est?
892 1009 1261 1079 Evangelium.
1312 1007 1587 1076 Evangelii
1616 1006 1762 1060 enim
1808 1020 2019 1060 summa

431 1105 561 1161 hinc
586 1105 784 1174 accipit
829 1104 1039 1157 initium
1065 1143 1079 1166 ,
1119 1100 1265 1171 quod
1294 1100 1436 1154 Deus
1465 1097 1636 1154 factus
1663 1099 1733 1153 sit
1759 1097 1939 1163 homo,
1967 1107 2021 1152 et

432 1199 580 1252 cruci
613 1196 806 1250 affixus
839 1193 1034 1257 fuerit,
1063 1201 1120 1248 et
1147 1191 1530 1247 resurrexcrit.
1567 1191 1680 1245 Hoc
1708 1198 1764 1244 et
1801 1189 2016 1245 Gabriel

431 1287 771 1344 annuntiavit
795 1287 1032 1357 Virgini;
1060 1287 1160 1339 hoc
1187 1291 1243 1339 ct
1269 1283 1547 1354 prophetae
1578 1283 1673 1337 toti
1697 1282 1814 1338 orbi
1850 1291 2022 1336 terra-

431 1399 551 1438 rum
578 1398 594 1449 ;
627 1381 729 1438 hoc
758 1381 919 1434 etiam
950 1392 1139 1434 omnes
1180 1376 1428 1446 apostoli.
1476 1375 1628 1442 Quod
1655 1384 1703 1429 et
1747 1373 2019 1441 prwdicavi

429 1476 587 1540 vobis,
618 1474 754 1543 quod
779 1483 825 1527 et
851 1472 1134 1542 accepistis,
1165 1472 1218 1523 in
1263 1485 1361 1538 quo
1389 1476 1438 1522 et
1466 1469 1640 1533 statis,
1669 1467 1724 1521 2.
1771 1481 1860 1538 per
1885 1465 2019 1537 quod
2042 1523 2049 1531 _

429 1579 476 1624 et
505 1567 794 1630 salvamini,
824 1583 924 1637 qua
949 1564 1150 1618 ratione
1179 1561 1565 1632 pradicaverim
1609 1560 1771 1626 vobis,
1799 1561 1844 1614 si
1882 1570 2018 1614 tene-

430 1661 514 1726 tis,
546 1661 644 1714 nisi
673 1660 866 1728 frustra
894 1656 1200 1711 credidistis.
1238 1653 1481 1708 Vidistin'
1511 1651 1782 1723 quomodo
1805 1665 1900 1706 eos
1923 1665 2020 1704 vo-

427 1763 514 1808 cat
556 1760 723 1808 testes
766 1765 952 1806 eorum
984 1765 1105 1820 qua:
1145 1747 1290 1802 dicta
1321 1745 1486 1801 sunt?
1529 1745 1646 1800 Non
1683 1745 1854 1800 dicit:
1887 1743 2016 1811 Qua:

427 1845 726 1911 audivistis,
773 1843 890 1907 sed,
924 1841 1054 1910 Qua:
1087 1839 1369 1913 accepistis,
1405 1839 1473 1894 ab
1500 1838 1581 1893 eis
1616 1838 1836 1907 exigens
1875 1845 2015 1890 tam-

427 1953 584 2010 quam
629 1936 846 2006 aliquod
875 1935 1178 2004 depositum
1205 1973 1220 1999 ,
1254 1941 1310 1986 et
1336 1929 1661 2001 .signilicans
1689 1971 1704 1994 ,
1734 1927 1874 1998 quod
1909 1942 2016 1981 non

426 2033 597 2088 solum
626 2044 898 2094 sermone,
928 2027 1020 2083 sed
1047 2039 1101 2082 et
1131 2025 1286 2081 factis
1315 2032 1370 2080 et
1399 2023 1565 2094 signis
1589 2029 1643 2076 et
1668 2020 1936 2075 miraculis
1963 2020 2014 2074 id

425 2125 750 2196 acceperint,
782 2131 837 2178 et
861 2132 920 2176 ut
947 2137 1010 2177 ea
1040 2129 1158 2176 tuto
1192 2124 1429 2174 teneant.

493 2219 548 2273 ἓ.
584 2216 786 2272 Deinde
814 2221 1095 2284 postquam
1123 2209 1258 2265 dixit
1304 2216 1487 2263 vetera
1516 2248 1530 2270 ,
1565 2215 1775 2275 tempus
1804 2218 2015 2274 quoque

427 2325 666 2383 praesens
692 2306 984 2365 declaravit
1009 2303 1196 2358 dicens
1226 2321 1240 2354 :
1268 2299 1337 2354 In
1352 2315 1452 2372 quo
1481 2307 1528 2351 et
1552 2297 1732 2361 statis;
1753 2311 1848 2350 eos
1875 2310 2010 2364 prte—

426 2417 721 2473 occupans,
757 2406 815 2454 ut
842 2413 909 2454 ne
938 2393 1149 2453 etiamsi
1178 2393 1409 2448 maxime
1433 2391 1652 2454 vellent,
1677 2389 1885 2460 possint
1913 2403 2012 2442 ne-

421 2510 569 2568 gare.
604 2493 670 2548 Et
720 2491 842 2547 ideo
885 2488 1147 2557 incipiens
1195 2501 1301 2539 non
1330 2481 1484 2544 dixit,
1532 2479 1634 2535 Vos
1661 2479 1864 2545 doceo,
1894 2477 2011 2544 sed,

423 2585 620 2642 Notum
646 2584 782 2638 vobis
811 2579 944 2655 facio
971 2621 985 2647 ,
1011 2578 1063 2633 id
1090 2574 1232 2648 quod
1256 2574 1367 2643 jam
1399 2572 1595 2627 factum
1632 2579 1736 2626 est.
1778 2570 1847 2624 Et
1876 2583 2011 2640 quo-

422 2679 584 2735 modo
613 2692 706 2732 eos
737 2675 826 2746 qui
853 2671 1181 2728 vacillabant
1209 2669 1340 2724 dicit
1369 2666 1554 2722 stare?
1586 2664 1798 2720 Utiliter
1818 2679 1929 2733 prae
1952 2679 2012 2718 se

422 2769 528 2828 fert
553 2767 944 2841 ignorationem
973 2782 988 2817 :
1023 2763 1163 2836 quod
1211 2760 1426 2832 quidem
1467 2757 1593 2813 facit
1619 2757 1782 2812 etiam
1810 2755 1877 2810 ad
1907 2754 2012 2811 Ga-

421 2863 577 2925 latas,
607 2859 702 2915 sed
723 2873 828 2913 non
851 2855 1118 2913 similiter.
1148 2853 1281 2908 Nam
1309 2851 1560 2922 quoniam
1590 2849 1700 2903 illic
1727 2865 1831 2903 non
1856 2857 2010 2918 pote-

423 2963 507 3009 rat
536 2949 886 3022 ignorantiam
904 2961 1011 3017 prae
1036 2960 1094 2999 se
1121 2945 1259 2998 ferre
1276 2985 1291 3009 ,
1321 2943 1422 2996 alia
1445 2940 1654 2994 ratione
1677 2949 1866 2993 tractat
1891 2955 2013 2992 ora-

423 3045 644 3107 lionem,
661 3041 847 3095 dicens
867 3055 882 3092 :
900 3036 1114 3106 Conﬁdo
1131 3045 1297 3088 autem
1318 3034 1371 3087 in
1391 3032 1528 3087 vobis
1547 3033 1601 3085 in
1620 3030 1860 3096 Domino,
1877 3030 2011 3098 quod

422 3133 552 3189 nihil
597 3132 740 3185 aliud
786 3128 1008 3184 sentietis
1040 3128 1060 3198 (
1089 3123 1205 3180 Gal.
1234 3125 1287 3180 5.
1332 3125 1399 3179 10
1419 3124 1438 3194 )
1458 3162 1471 3176 .
1503 3121 1619 3177 Non
1657 3121 1829 3177 dixit:
1856 3121 2008 3189 Quod

422 3226 553 3283 nihil
602 3224 744 3279 aliud
789 3220 1076 3286 sensistis;
1123 3218 1376 3290 quoniam
1426 3231 1614 3272 eorum
1654 3215 1909 3272 delictum
1955 3217 2008 3270 in

420 3318 668 3377 confesso
712 3325 828 3372 erat
872 3322 927 3370 et
967 3311 1210 3374 evidens.
1257 3310 1352 3366 sed
1396 3309 1625 3380 spondet
1667 3309 1734 3363 de
1780 3308 2004 3362 futuro:

419 3425 740 3484 quamquam
781 3408 886 3464 hoc
909 3419 1124 3477 quoque
1167 3411 1284 3460 erat
1326 3401 1632 3467 incertum;
1663 3400 1758 3456 sed
1809 3401 2010 3455 utilius

418 3507 588 3580 magis
632 3503 947 3560 attraherct.
980 3500 1077 3556 Hic
1120 3508 1298 3554 autem
1350 3497 1510 3553 etiam
1542 3510 1656 3566 prae
1701 3509 1760 3550 se
1806 3493 1907 3549 fert
1950 3508 2010 3549 se

421 3601 670 3670 ignorare
699 3597 884 3652 dicens
920 3613 934 3650 :
958 3593 1025 3647 In
1052 3608 1152 3663 quo
1181 3601 1225 3645 et
1255 3589 1420 3645 statis.
1455 3586 1661 3643 Deinde
1688 3587 1895 3641 lucrum
1923 3600 2008 3640 se-

418 3695 619 3766 quitur,
654 3689 756 3745 Per
785 3689 921 3759 quod
951 3695 996 3741 et
1016 3684 1285 3740 salvamini
1309 3701 1326 3737 :
1351 3699 1451 3754 qua
1470 3683 1667 3736 ratione
1693 3681 2007 3752 praedicaue-

418 3788 518 3840 rim
543 3783 700 3838 vobis.
749 3777 1110 3848 Quamobrem
1145 3775 1262 3830 haec
1289 3774 1532 3828 doctrina
1560 3773 1714 3827 vobis
1759 3786 1900 3825 nunc
1925 3779 2007 3824 est

418 3871 799 3932 declarationis
825 3879 879 3925 et
909 3866 1392 3937 interpretationis.
1423 3864 1538 3918 Non
1567 3864 1712 3919 enim
1740 3879 1896 3934 opus,
1927 3862 2008 3915 in-

418 3969 553 4039 quit,
584 3963 793 4019 habetis
823 3969 884 4016 ut
912 3959 1016 4013 hoc
1043 3958 1236 4027 dogma
1278 3955 1518 4018 discatis,
1546 3953 1640 4009 sed
1669 3964 1726 4008 ut
1752 3954 2007 4010 recorde-

420 4059 551 4115 tnini
601 4065 656 4111 et
693 4048 1058 4122 corrigamini.
1101 4046 1232 4102 Haec
1265 4055 1444 4101 autem
1479 4044 1630 4111 dicit,
1676 4060 1782 4098 non
1825 4045 2008 4099 sincns

419 4155 563 4224 ipsos
595 4163 716 4207 esse
747 4145 1104 4217 impudentes.
1127 4139 1262 4208 Quid
1289 4138 1391 4193 sibi
1413 4138 1526 4192 vult
1551 4148 1752 4201 autem,
1787 4137 1902 4204 Qua
1931 4154 2008 4190 ra-

416 4248 552 4301 tione
599 4237 982 4314 prazdicaverim
1038 4233 1214 4289 vobis?
1251 4231 1369 4298 Quo
1416 4229 1598 4293 modo,
1647 4229 1849 4299 inquit,
1898 4228 2007 4282 dixi

417 4338 534 4394 lieri
559 4330 1036 4393 resurrectionem.
1069 4323 1203 4380 Nam
1235 4320 1379 4394 quod
1408 4321 1478 4376 sit
1503 4320 1716 4392 quidem
1762 4335 2006 4376 resurre-

416 4434 545 4498 ctio,
571 4445 678 4484 non
709 4423 939 4482 dixerim
969 4435 1064 4475 vos
1090 4417 1337 4473 dubitare
1367 4433 1382 4470 :
1413 4415 1652 4486 quaeritis
1682 4423 1862 4468 autem
1893 4413 2006 4466 fore

418 4535 561 4580 tasse
585 4517 824 4590 apertius
851 4514 992 4569 scire
1017 4509 1162 4582 quod
1202 4507 1411 4563 dictum
1431 4515 1534 4561 est.
1579 4505 1693 4560 [loc
1731 4506 1892 4560 etiam
1927 4504 2004 4558 fa-

417 4617 556 4672 ciam
587 4627 603 4665 :
649 4615 834 4679 aperte
874 4604 1017 4659 enim
1063 4602 1175 4656 scio
1203 4615 1302 4656 vos
1330 4597 1523 4668 dogma
1563 4606 1767 4652 tenere.
1802 4596 2004 4652 Deinde

421 4701 673 4775 quoniam
722 4693 1007 4752 enuntians
1057 4691 1290 4755 dicebat,
1342 4687 1406 4742 In
1446 4703 1545 4758 quo
1601 4688 1780 4750 statis;
1825 4701 1892 4741 ne
1940 4702 2003 4742 ea

416 4794 623 4849 ratione
663 4802 759 4842 eos
803 4782 1050 4839 redderet
1089 4779 1427 4836 socordiores
1468 4786 1522 4832 et
1553 4778 1997 4848 negligentiores,

417 4887 540 4941 illos
569 4895 758 4937 rursus
782 4883 950 4931 terret
983 4873 1191 4938 dicens,
1223 4872 1284 4927 Si
1313 4871 1509 4935 tenetis,
1541 4870 1638 4925 nisi
1679 4873 1869 4941 frustra
1895 4887 2003 4923 cre-

420 4976 652 5042 didistis;
679 4969 972 5027 ostendens
996 4966 1137 5038 quod
1169 4966 1223 5019 in
1253 4967 1422 5034 capite
1449 4964 1567 5019 fidei
1598 4971 1814 5034 accepta
1844 4961 2004 5018 fuerit

423 5070 576 5140 plaga
603 5107 618 5131 ,
651 5077 824 5135 neque
855 5069 1042 5131 agatur
1083 5056 1150 5112 de
1183 5053 1507 5126 quibuslibet
1554 5053 1726 5108 obviis
1751 5095 1767 5122 ,
1814 5054 1908 5108 sed
1935 5053 2002 5108 dc

417 5168 526 5214 tota
567 5164 726 5224 atque
775 5156 976 5221 integra
1007 5148 1131 5203 fide.
1183 5146 1252 5200 Et
1296 5160 1435 5200 nunc
1475 5144 1691 5215 quidem
1735 5142 1839 5198 hoc
1874 5143 2004 5198 dicit

420 5251 692 5325 pressius;
745 5247 1040 5316 procedens
1081 5254 1262 5297 autem
1290 5250 1490 5297 etcum
1520 5239 1738 5294 incaluit
1767 5280 1782 5305 ,
1814 5250 2002 5309 aperto

419 5345 676 5412 deinceps
702 5337 876 5408 capite
903 5335 1226 5390 vociferatur
1251 5343 1306 5387 et
1333 5331 1461 5388 dicit
1495 5349 1507 5384 :
1544 5329 1606 5386 Si
1637 5329 1868 5385 Christus
1899 5347 2000 5383 non

418 5436 714 5497 resurrexit,
757 5431 924 5484 inanis
966 5439 1038 5482 est
1065 5429 1236 5496 utique
1275 5425 1570 5496 prwdicatio
1599 5434 1805 5493 nostra,
1834 5424 2001 5479 inanis

415 5543 489 5588 est
517 5531 666 5586 etiam
687 5525 814 5596 ﬁdes
843 5531 1010 5576 vestra
1032 5562 1048 5586 ,
1080 5517 1257 5574 adhuc
1278 5517 1408 5572 estis
1437 5518 1492 5571 in
1515 5517 1749 5587 peccatis
1781 5517 1996 5572 vestris.

417 5621 523 5679 Sed
551 5637 655 5677 non
686 5621 764 5674 sic
791 5617 845 5672 in
890 5612 1164 5687 prooemiis
1191 5627 1204 5664 :
1234 5609 1312 5666 sic
1340 5608 1844 5678 enim-expediebat
1869 5623 1995 5665 scn-

415 5715 517 5768 sim
555 5722 610 5768 et
651 5711 905 5782 paulatim
940 5703 1203 5778 progredi.
1252 5703 1304 5758 5.
1347 5698 1561 5756 Tradidi
1603 5702 1734 5754 enim
1779 5703 1912 5754 vobis
1943 5703 1993 5753 in

1143 246 1196 304 S.
1233 244 1512 303 JOANNIS
1547 242 2016 302 CHRYSOSTOSII
2055 247 2370 306 ARCHIEP.
2409 249 2941 315 CONSTANTINOP.
3617 267 3690 325 32

2135 363 2312 434 primis
2337 368 2472 436 quod
2515 379 2560 423 et
2589 375 2781 442 accepi.
2813 373 2923 430 Nec
2955 375 3040 429 hic
3061 375 3194 430 dixit
3225 393 3238 431 :
3265 376 3430 432 Vobis
3459 378 3592 445 dixi,
3621 397 3731 436 ne-

2130 473 2254 527 que,
2306 460 2409 516 Vos
2455 463 2632 529 docui,
2684 467 2779 520 sed
2827 468 3070 523 eamdem
3115 484 3306 525 rursus
3353 484 3482 526 usus
3520 482 3603 527 est
3630 474 3729 528 di-

2130 549 2309 605 ctione
2341 566 2356 606 :
2388 551 2603 608 Tradidi
2631 557 2768 611 vobis
2787 559 2923 628 quod
2953 567 3000 612 et
3027 561 3224 631 accepi.
3257 561 3442 632 Neque
3481 563 3570 618 hic
3589 564 3732 621 dicit

2130 654 2189 695 se
2214 642 2461 698 edoctum
2501 644 2666 702 fuisse
2689 687 2704 715 ,
2739 647 2830 702 sed
2858 687 2874 714 ,
2904 649 3090 718 Accepi
3108 664 3128 714 ;
3163 650 3281 706 haec
3303 652 3414 707 duo
3457 654 3722 723 probans,

2128 731 2271 801 quod
2316 743 2372 788 et
2417 735 2549 791 nihil
2595 753 2662 792 ex
2705 755 2766 793 se
2808 738 3001 794 aﬂerre
3035 751 3306 811 Oporteat,
3351 753 3405 798 et
3447 745 3594 814 quod
3623 763 3726 816 per

2127 838 2350 895 operum
2396 829 2910 886 demonstrationem
2951 831 3077 888 facti
3118 834 3227 888 sint
3261 835 3533 896 certiores
3555 878 3571 902 ,
3603 853 3719 893 non

2127 915 2287 972 nudis
2341 918 2521 974 verbis
2552 939 2565 974 :
2599 930 2654 976 et
2683 921 2937 992 paulatim
2969 924 3071 979 fide
3109 924 3326 995 dignam
3369 926 3570 982 faciens
3593 943 3715 986 ora-

2128 1006 2348 1070 tionem.
2369 1010 2680 1066 universum
2711 1013 2919 1068 reducit
2945 1015 3012 1070 ad
3039 1014 3312 1070 Christum
3340 1057 3357 1075 .
3386 1027 3442 1072 et
3469 1021 3715 1075 ostendit

2123 1113 2188 1153 ex
2222 1097 2307 1154 his
2334 1099 2668 1160 documentis
2710 1105 2912 1160 nullum
2937 1122 3059 1162 esse
3088 1109 3406 1163 humanum.
3461 1111 3598 1177 Quid
3627 1123 3720 1167 est

2123 1201 2323 1260 autem,
2353 1194 2568 1250 Tradidi
2593 1197 2728 1252 enim
2753 1200 2890 1254 vobis
2916 1200 2970 1253 in
3002 1201 3353 1270 primisH-loe
3382 1214 3484 1265 est,
3513 1205 3582 1259 ab
3613 1206 3718 1259 ini-

2126 1284 2220 1346 tio,
2263 1299 2372 1340 non
2405 1301 2567 1342 inme.
2615 1288 2742 1344 Haec
2786 1299 2964 1345 autent
2991 1291 3121 1347 dicit
3149 1335 3163 1359 ,
3199 1301 3412 1364 tempus
3439 1296 3718 1352 adducens

2123 1376 2176 1430 in
2205 1378 2574 1434 testimonium
2601 1423 2615 1448 ,
2645 1391 2701 1436 et
2721 1382 2863 1452 quod
2893 1385 3126 1438 maxime
3173 1396 3320 1440 esset
3364 1385 3711 1455 pudendum,

2123 1481 2246 1523 eum
2275 1477 2479 1524 tantum
2512 1481 2725 1543 tempus,
2768 1474 3160 1540 credidissent,
3193 1476 3316 1532 illos
3343 1488 3403 1530 tr.
3427 1481 3712 1535 nsmutsri.

2120 1561 2230 1618 Nec
2255 1562 2357 1618 hoc
2385 1565 2582 1630 solum,
2613 1566 2710 1621 sed
2740 1565 2903 1622 etiam
2929 1568 3121 1638 dogma
3151 1583 3270 1624 esse
3302 1574 3707 1638 necessario/in;

2119 1663 2175 1708 et
2221 1652 2342 1709 ideo
2379 1654 2434 1710 in
2477 1657 2664 1727 primis
2709 1658 2806 1713 fuit
2845 1659 3119 1724 traditum,
3173 1670 3228 1715 et
3256 1661 3439 1717 statim
3475 1679 3505 1717 a
3555 1666 3707 1733 priu-

2118 1743 2281 1813 cipio.-
2311 1745 2376 1800 Et
2417 1747 2544 1816 quid
2573 1791 2587 1810 ,
2614 1748 2706 1803 die
2731 1749 2956 1804 obsecro
2977 1794 2992 1813 ,
3024 1749 3286 1805 tradidisti
3310 1753 3333 1804 ?
3362 1756 3431 1806 At
3467 1768 3574 1806 non
3607 1756 3709 1810 hoc

2119 1837 2296 1890 statim
2323 1837 2472 1904 dicit,
2496 1839 2588 1894 sed
2615 1841 2868 1908 primum,
2892 1855 2952 1897 se
2978 1845 3271 1912 accepisse.
3299 1841 3366 1899 Et
3395 1845 3524 1915 quid
3551 1861 3709 1901 sece-

2119 1928 2280 1997 pisti?
2308 1929 2458 1995 Quod
2487 1931 2716 1987 Christus
2751 1943 2980 1988 mortuus
3008 1943 3080 1987 est
3105 1949 3197 2005 pro
3237 1937 3455 2006 peccatis
3497 1939 3701 1993 nostris.

2117 2017 2233 2073 Non
2261 2021 2441 2074 statim
2483 2022 2618 2078 dixit
2643 2064 2658 2088 ,
2692 2024 3034 2079 Resurrectio
3064 2035 3148 2080 est
3173 2039 3460 2096 corporum
3491 2043 3706 2085 nostro-

2118 2127 2260 2178 rum,
2289 2113 2382 2168 sed
2415 2115 2516 2169 hoc
2541 2116 2714 2186 ipsum
2765 2118 2980 2187 quidem
3013 2119 3222 2188 probat,
3253 2135 3436 2175 verum
3462 2137 3525 2176 re
3555 2123 3706 2192 longe

2121 2202 2306 2270 petita,
2340 2212 2395 2256 et
2419 2217 2518 2273 per
2542 2206 2668 2271 alia,
2706 2205 2913 2271 dicens,
2949 2208 3178 2264 Christus
3202 2221 3274 2264 est
3309 2222 3538 2266 mortuus
3559 2228 3578 2276 ;
3597 2229 3705 2267 tua-

2115 2310 2301 2364 gnum,
2331 2296 2541 2351 [irinum
2572 2313 2634 2352 ac
2664 2299 2855 2356 Stabile
2884 2300 3287 2358 fundamentum
3318 2306 3465 2375 prius
3501 2308 3704 2375 jaeiens

2115 2387 2233 2456 ejus
2275 2387 2416 2458 quod
2463 2397 2548 2444 est
2589 2389 2872 2446 dicendum
2919 2392 2987 2449 de
3033 2396 3448 2452 resurrectione.
3510 2396 3695 2468 Neque

2115 2481 2257 2535 enim
2286 2481 2624 2536 solummodo
2645 2482 2782 2538 dixit
2806 2502 2819 2538 :
2841 2483 3086 2539 Christus
3116 2495 3199 2540 est
3220 2496 3485 2551 mortuus,
3513 2490 3700 2544 etiam-

2115 2573 2159 2626 si
2189 2573 2292 2627 hoc
2319 2575 2447 2628 satis
2478 2585 2622 2630 esset
2647 2575 2713 2630 ad
2760 2577 3166 2648 signiﬁcandam
3210 2581 3699 2648 resurrectionem,

2115 2665 2209 2720 sed
2236 2681 2358 2720 cum
2387 2667 2690 2735 adjectione
2716 2710 2731 2735 ,
2761 2668 2993 2724 Christus
3009 2681 3082 2725 est
3109 2682 3336 2727 mortuus
3365 2689 3459 2744 pro
3481 2680 3701 2744 peccatis

2113 2757 2321 2810 nostris.

2187 2849 2377 2903 Contra
2409 2848 2742 2907 Manicha’os.
2770 2881 2840 2894 -—-
2869 2854 3110 2910 Primum
3148 2864 3327 2910 autem
3372 2871 3554 2927 opera:
3583 2874 3702 2928 pre-

2113 2942 2246 2997 tium
2275 2955 2358 2999 est
2409 2943 2596 3000 audire
2635 2945 2764 3015 quid
2792 2945 2878 3002 hic
2905 2946 3084 3002 dicant
3110 2949 3199 3018 qui
3232 2948 3481 3004 laborant
3511 2951 3701 3005 bu-resi

2111 3034 2525 3091 Manichzeorum
2550 3078 2566 3104 ,
2597 3044 2662 3092 et
2688 3037 2933 3092 veritatis
2955 3039 3157 3094 inimici
3183 3079 3199 3105 ,
3231 3048 3285 3094 et
3315 3041 3407 3109 qui
3447 3055 3570 3096 cum
3599 3058 3694 3095 sua

2113 3139 2350 3199 pugnant
2386 3129 2579 3186 salute.
2609 3130 2748 3198 Quid
2775 3145 2904 3201 ergo
2931 3132 3115 3188 dicunt
3147 3133 3278 3187 isti?
3306 3133 3528 3189 Mortem
3553 3175 3572 3200 ,
3602 3134 3688 3188 in-

2111 3221 2302 3292 quiunt
2324 3263 2340 3289 ,
2367 3221 2456 3277 hic
2480 3222 2613 3277 nihil
2643 3222 2790 3278 aliud
2827 3222 2956 3278 dicit
2981 3225 3175 3281 Paulus
3200 3267 3214 3291 ,
3245 3241 3404 3296 quam
3432 3226 3596 3282 fuisse
3641 3226 3696 3281 in

2114 3315 2369 3383 peccatis,
2400 3321 2455 3369 et
2481 3315 2932 3370 resurrectionem
2957 3331 3076 3372 esse
3105 3317 3481 3374 liberationem
3513 3335 3542 3372 a
3572 3333 3683 3390 pec-

2111 3404 2267 3458 catis.
2296 3403 2544 3459 Vidistin’
2569 3406 2840 3475 quomodo
2870 3422 3058 3462 errore
3096 3408 3229 3463 nihil
3255 3410 3325 3462 sit
3356 3409 3698 3476 imbecillius,

2111 3505 2166 3551 et
2198 3497 2470 3567 quomodo
2499 3499 2611 3553 suis
2641 3499 2882 3569 capiatur
2905 3501 3117 3569 pennis,
3147 3517 3324 3571 neque
3349 3513 3574 3557 externa
3608 3520 3705 3573 pu-

2109 3604 2212 3661 gna
2253 3606 2388 3662 opus
2434 3591 2524 3658 sit,
2578 3591 2670 3647 sed
2724 3608 2754 3646 a
2802 3596 2980 3664 seipso
3026 3594 3371 3665 conligatur?
3407 3597 3696 3650 Considera

2109 3697 2239 3752 ergo
2273 3683 2546 3753 quomodo
2589 3684 2691 3752 ipsi
2735 3686 2943 3754 seipsus
2982 3687 3320 3741 confixerunt
3363 3703 3465 3756 per
3491 3701 3552 3742 ea
3579 3704 3696 3756 qua:

2110 3773 2385 3829 dixerunt.
2409 3773 2466 3830 Si
2500 3775 2600 3829 hoc
2623 3775 2768 3831 enim
2796 3787 2877 3831 est
2900 3793 3066 3845 mors,
3091 3779 3336 3834 Christus
3361 3789 3535 3834 autem
3567 3793 3690 3832 cur-

2111 3880 2210 3934 pus
2235 3879 2342 3919 non
2367 3866 2593 3934 accepit,
2627 3875 2683 3920 ut
2721 3882 2818 3922 vos
2857 3869 3016 3922 vultis
3043 3910 3058 3935 ,
3088 3879 3332 3924 mortuus
3362 3880 3443 3924 est
3469 3877 3643 3924 autem
3673 3887 3688 3922 :

2112 3958 2164 4011 in
2202 3965 2421 4026 peccato
2467 3956 2610 4022 fuit,
2653 3959 2948 4014 secundum
2993 3975 3110 4015 vos.
3143 3960 3275 4015 Nam
3332 3976 3433 4032 ego
3481 3962 3694 4031 quidem

2111 4049 2231 4102 dico
2275 4045 2418 4116 quod
2465 4061 2662 4118 corpus
2701 4050 3009 4120 acceperit,
3042 4061 3098 4106 et
3138 4060 3367 4105 mortem
3413 4051 3536 4105 dico
3579 4065 3695 4105 esse

2110 4138 2288 4192 carnis
2319 4155 2334 4192 :
2361 4146 2414 4192 tu
2442 4149 2620 4193 autem
2651 4139 2754 4194 hoc
2784 4155 2984 4210 negans
3004 4181 3019 4207 ,
3047 4141 3180 4195 illud
3214 4142 3524 4195 necessario
3551 4141 3694 4194 dicas

2111 4237 2346 4298 oportet.
2376 4227 2434 4284 Si
2476 4240 2655 4286 autem
2697 4231 2793 4286 fuit
2841 4232 2894 4285 in
2938 4242 3157 4300 peccato
3182 4275 3197 4299 ,
3230 4233 3502 4302 quomodo
3530 4233 3686 4291 dicit.

2115 4320 2244 4386 Quis
2278 4337 2342 4375 ea:
2381 4321 2518 4378 vobis
2544 4332 2718 4394 arguet
2744 4340 2822 4376 me
2847 4324 2909 4376 de
2952 4335 3154 4394 peccato
3177 4323 3353 4395 (Joan.
3380 4326 3434 4379 8.
3467 4326 3690 4397 46'}?u-t,

2123 4415 2270 4470 Venit
2300 4417 2534 4487 princeps
2565 4417 2718 4487 hujus
2745 4416 2921 4470 mundi
2947 4457 2963 4483 ,
2994 4427 3039 4471 et
3064 4419 3116 4471 in
3145 4433 3221 4472 me
3245 4434 3344 4471 non
3376 4418 3525 4472 habet
3553 4419 3695 4486 quid-

2110 4525 2264 4579 quam
2315 4507 2443 4581 (Id.
2484 4508 2571 4562 “.
2622 4507 2768 4576 30);
2817 4518 2873 4563 et
2901 4524 3087 4563 rursus
3114 4552 3129 4576 ,
3172 4509 3266 4564 Sic
3295 4525 3388 4563 nos
3416 4510 3560 4563 decet
3603 4511 3695 4562 im.

2111 4599 2250 4670 plere
2277 4615 2478 4654 omnem
2495 4600 2750 4669 justitiam
2781 4599 3011 4671 (Matth.
3041 4603 3096 4656 ὃ.
3133 4602 3198 4656 15
3218 4601 3262 4671 ).
3291 4600 3576 4668 Quomodo
3603 4616 3693 4655 au-

2112 4701 2217 4746 tem
2245 4699 2330 4745 est
2359 4689 2578 4743 omnino
2627 4700 2870 4745 mortuus
2911 4705 3012 4761 pro
3052 4693 3466 4762 peccatoribus,
3511 4695 3555 4746 si
3583 4695 3692 4762 ipse

2109 4781 2207 4837 fuit
2231 4782 2284 4836 in
2311 4782 2539 4850 peccatis
2562 4782 2586 4835 ?
2609 4781 2740 4836 Nam
2771 4797 2915 4849 eum,
2943 4783 3034 4854 qui
3061 4784 3286 4838 moritur
3309 4798 3408 4853 pro
3437 4795 3686 4852 peccato-

2109 4871 2257 4927 ribus
2276 4912 2290 4936 ,
2318 4879 2530 4942 oportet
2556 4872 2685 4926 nulli
2719 4882 2938 4942 peccato
2963 4887 3085 4928 esse
3110 4874 3402 4929 obnoxium
3436 4895 3450 4932 :
3480 4877 3526 4930 si
3549 4875 3689 4930 enim

2110 4965 2224 5035 ipse
2249 4964 2408 5020 etiam
2434 4972 2638 5034 peccat,
2661 4965 2930 5035 quomodo
2955 4966 3216 5020 morietur
3245 4981 3342 5035 pro
3365 4968 3485 5022 aliis
3510 4982 3691 5038 prcca-

2112 5056 2355 5112 toribus?
2380 5056 2436 5111 Si
2467 5065 2646 5112 autem
2674 5065 2758 5111 est
2782 5066 3026 5111 mortuus
3053 5071 3151 5127 pro
3179 5061 3411 5127 peccatis
3442 5058 3690 5123 aliorum,

2108 5159 2352 5206 mortuus
2383 5159 2465 5206 est
2503 5165 2624 5206 cum
2670 5150 2799 5205 nulli
2843 5159 2987 5206 esset
3032 5160 3255 5220 peccato
3292 5150 3555 5205 obnoxius
3587 5167 3602 5204 :
3648 5150 3691 5204 si

2107 5253 2286 5296 autem
2314 5251 2393 5294 est
2426 5249 2669 5295 mortuus
2693 5255 2815 5296 cum
2856 5249 2999 5297 esset
3028 5240 3146 5295 sine
3183 5249 3405 5310 peccato
3427 5282 3443 5306 ,
3477 5256 3582 5294 non
3612 5249 3690 5294 est

2109 5340 2353 5387 mortuus
2401 5341 2571 5386 morte
2619 5331 2888 5402 peccati,(
2912 5331 3182 5402 quomodo
3221 5333 3364 5386 enim
3390 5373 3405 5396 ,
3439 5332 3491 5386 in
3533 5345 3687 5401 quem

2107 5425 2308 5479 nullum
2353 5423 2576 5479 cadebat
2607 5423 2942 5496 peccatum?)
2991 5423 3086 5480 sed
3126 5433 3297 5478 morte
3326 5424 3592 5493 corporis.
3625 5421 3690 5476 Et

2108 5519 2229 5573 ideo
2254 5516 2449 5570 Paulus
2479 5532 2586 5571 non
2607 5517 2741 5571 dixit
2766 5517 2938 5570 solum
2971 5534 2986 5574 :
3019 5515 3109 5570 Est
3136 5525 3383 5579 mortuus,
3416 5515 3512 5570 sed
3542 5515 3688 5569 addi-

2105 5607 2207 5674 dit,
2244 5605 2350 5660 Pro
2383 5609 2597 5677 peccatis
2622 5608 2843 5672 nostris;
2872 5617 3072 5663 etcum
3098 5606 3183 5660 vel
3211 5607 3406 5660 invitos
3426 5606 3684 5677 coegisset

2108 5700 2257 5756 l'atcri
2293 5710 2515 5756 mortem
2567 5701 2898 5772 corporalem
2927 5719 2939 5766 ;
2976 5712 3068 5769 per
3096 5696 3198 5752 hoc
3222 5697 3514 5754 ostendens
3541 5697 3684 5754 illum
