4018 6156
435 254 547 313 δῖδ

435 369 639 441 χεῖρας
680 368 782 424 καί
828 370 1039 436 πόδας,
1081 369 1215 440 φησί
1239 383 1254 397 ο
1306 367 1438 434 καὶ,
1478 367 1762 435 Ὄψονται
1815 365 1904 429 είς
1943 360 2016 416 δν

434 455 866 522 εξεκέντησαν.

508 553 578 615 7'.
609 545 719 599 Kal
753 543 926 597 πολλά
950 544 1008 597 δὲ
1035 543 1220 614 ἔτερα,
1255 543 1344 596 ἵνα
1381 541 1456 614 μὴ
1486 541 1663 596 πάντα
1692 541 1815 594 καθ’
1837 539 1895 593 ἓν
1925 536 2017 591 λέ-

435 649 646 702 γωμεν,
663 631 732 684 τά
756 631 855 701 μὲν
878 629 966 684 διά
996 631 1282 702 ῥημάτων,
1302 629 1372 682 τά
1395 629 1451 682 δὲ
1467 629 1557 682 διὰ
1577 626 1762 682 τύπων
1784 626 1929 679 ἐστιν
1957 625 2017 678 ἐν

434 721 626 781 αὑταῖς
659 718 889 787 κείμενα
931 717 1060 770 ίδεῖν
1089 715 1354 786 δηλοῦντα
1389 715 1492 785 τῆς
1526 713 1728 785 σαρκὸς
1759 713 1859 781 τὴν
1881 725 2018 778 σφα-

434 808 556 877 γήν·
585 807 678 859 καὶ
697 806 779 858 ὅτι
800 804 940 874 ὑπὲρ
963 804 1069 858 τῶν
1093 803 1378 874 ἁμαρτιῶν
1398 800 1555 874 ἡμῶν
1581 800 1819 871 ἐσφάγη.
1848 798 2018 865 ’Υπὲρ

433 895 542 966 γάρ
574 893 693 948 τῶν
716 892 1017 963 ἁμαρτιῶν
1038 892 1147 946 τοῦ
1179 891 1334 946 λαοῦ
1368 909 1512 960 μου,
1537 889 1723 960 φησὶν,
1755 887 1888 955 ἣκει
1931 887 2019 952 είς

434 982 723 1036 θάνατον·
786 981 901 1047 καὶ,
959 982 1176 1048 Κύριος
1233 979 1580 1047 παρέδωκεν
1637 975 1823 1030 αὑτὸν
1889 973 2020 1039 ταῖς

432 1071 746 1140 ἁμαρτίαις
795 1067 1001 1140 ἡμῶν·
1037 1068 1155 1132 καὶ,
1217 1066 1691 1136 Ἐτρα-υματίσθη
1760 1061 1857 1116 διὰ
1911 1061 2020 1126 τὰς

432 1158 724 1227 ἁμαρτίας
779 1155 968 1226 ἡμῶν.
1019 1156 1082 1210 El
1139 1155 1196 1208 δὲ
1243 1155 1345 1207 οὑκ
1392 1155 1561 1224 ἀνέχῃ
1614 1151 1714 1221 τῆς
1751 1148 2017 1212 Παλαιᾶς,

433 1247 664 1301 ἄκουσον
692 1245 941 1299 Ἰωάννου
982 1244 1237 1316 βοῶντος,
1265 1244 1358 1298 καὶ
1392 1244 1678 1313 ἀμφότερα
1711 1238 2017 1310 δηλοῦντος,

433 1336 528 1388 καὶ
566 1337 664 1404 τὴν
698 1334 795 1388 τοῦ
835 1334 1087 1404 σώματος
1134 1333 1350 1404 σφαγὴν
1392 1333 1487 1384 καὶ
1523 1329 1622 1400 τὴν
1668 1328 1868 1382 αἰτίαν·
1907 1324 2020 1380 Ἴδε

434 1423 565 1493 γάρ,
592 1423 778 1494 φησὶν,
811 1426 844 1477 ό
875 1423 1083 1492 Ἀμνὸς
1108 1419 1216 1475 τοῦ
1248 1420 1396 1475 Θεοῦ
1427 1422 1459 1473 ό
1487 1419 1673 1487 αἴρων
1693 1417 1807 1484 τὴν
1836 1415 2019 1486 ἀμαρ-

433 1512 570 1564 τιάν
611 1511 718 1564 τοῦ
751 1512 1005 1579 κόσμου’
1059 1510 1154 1562 καὶ
1198 1507 1413 1562 Παύλου
1447 1506 1719 1575 λέγοντος,
1768 1506 1879 1557 Τὸν
1909 1503 2019 1572 γὰρ

434 1598 516 1667 μὴ
586 1599 812 1668 γνόντα
872 1598 1205 1666 ἁμαρτίαν,
1271 1594 1426 1662 ὑπὲρ
1491 1592 1664 1662 ημῶν
1726 1591 2020 1659 ἁμαρτίαν

432 1685 746 1752 ἐποίησεν,
778 1684 880 1738 ἵνα
930 1683 1102 1753 ἡμεῖς
1142 1680 1446 1752 γενώμεθα
1476 1678 1624 1732 Θεοῦ
1660 1676 2017 1744 δικαιοσύνη

431 1772 503 1825 ἐν
528 1771 706 1836 αὐτῷ·
743 1771 839 1824 καὶ
867 1770 1050 1835 πάλιν,
1078 1769 1340 1837 Χριστὸς
1366 1765 1527 1836 ἡμᾶς
1547 1765 1923 1834 ἐξηγόρασεν
1949 1765 2019 1817 ἐκ

432 1860 545 1931 τῆς
577 1859 844 1928 κατάρας
891 1860 1000 1914 τοῦ
1044 1859 1258 1928 νόμου,
1300 1857 1624 1928 γενόμενος
1662 1854 1817 1923 ὑπὲρ
1849 1851 2020 1922 ἡμῶν

432 1951 680 2020 κατάρα·
721 1950 819 2004 καὶ
871 1949 1054 2018 πάλιν,
1099 1945 1626 2016 Ἀπεκδυσάμενος
1675 1943 1785 2010 τὰς
1826 1943 2021 2012 ἀρχὰς

433 2040 534 2093 καὶ
572 2039 678 2104 τὰς
702 2039 1014 2103 ἐξουσίας,
1046 2035 1427 2106 ἐδειγμάτισε
1461 2032 1886 2102 θριαμϐεύσας·
1923 2031 2019 2083 καὶ

436 2126 606 2198 μυρία
634 2127 798 2198 ἔτερα
832 2125 1053 2178 πλείονα
1088 2122 1352 2193 δηλοῦντα
1379 2120 1450 2174 τά
1481 2121 1623 2174 κατά
1660 2120 1759 2189 τὴν
1803 2119 2019 2188 σφαγὴν

432 2216 527 2270 τοῦ
560 2215 811 2288 σώματος
841 2215 1132 2285 γενόμενα,
1168 2213 1262 2266 καὶ
1293 2212 1385 2266 διά
1409 2212 1508 2274 τάς
1533 2212 1808 2281 ἁμαρτίας
1837 2209 2015 2282 ἡμῶν.

433 2306 545 2359 Kal
573 2306 682 2375 7&9
706 2303 869 2365 αύτός
889 2316 1074 2372 φησιν’
1105 2301 1277 2370 Ὑπὲρ
1303 2299 1476 2370 ὑμῶν
1501 2298 1713 2368 ἁγιάζω
1733 2299 2016 2368 ἐμαυτόν

435 2394 550 2456 καὶ,
588 2379 646 2444 ὐ
677 2391 879 2458 ἄρχων
923 2389 1030 2443 τοῦ
1061 2388 1296 2458 κόσμου
1344 2387 1564 2441 τούτου
1601 2385 2019 2454 κατακέκριται

433 2479 570 2544 νῦν,
596 2477 773 2549 δηλῶν
793 2479 877 2530 ὅτι
901 2477 1002 2530 οὐκ
1035 2474 1175 2546 ἔχων
1200 2474 1481 2546 ἁμαρτίαν
1506 2473 1744 2545 ἐσφάγη.
1779 2473 1891 2527 Kal
1930 2473 2022 2528 ὅτι

433 2567 643 2637 ἐτάφη.
668 2568 779 2622 Kal
802 2566 961 2623 τοῦτο
979 2567 1035 2620 δὲ
1055 2565 1164 2620 τῶν
1186 2567 1468 2638 προτέρων
1495 2566 2016 2622 κατασκευαστικὸν

433 2655 496 2710 τὸ
522 2656 630 2728 7&9
662 2655 1020 2727 θαπτόμενον,
1051 2655 1269 2719 πάντως
1299 2654 1460 2727 σῶμά
1481 2657 1617 2709 ἐστι.
1650 2655 1760 2708 Kal
1786 2654 2021 2709 ἐνταῦθα

433 2743 621 2797 οὐκέτι
678 2741 830 2814 1554]
886 2743 1238 2816 προστίθησι,
1267 2744 1430 2797 Κατὰ
1467 2744 1574 2810 τὰς
1606 2742 1872 2813 Γραφάς·
1903 2740 2017 2815 εἶχε

437 2831 538 2903 μὲν
565 2832 698 2903 7&9,
723 2831 863 2906 πλὴν
893 2833 954 2886 οὐ
983 2831 1329 2903 προστίθησι.
1368 2831 1526 2894 Τίνος
1549 2831 1765 2897 ἐνεκεν;
1795 2833 1865 2884 Ἢ
1891 2833 1974 2885 ὅτι
1993 2834 2022 2885 6

433 2920 606 2990 τάφος
632 2921 806 2974 ἀπασι
830 2920 988 2993 δῆλος
1016 2921 1110 2974 καὶ
1137 2920 1258 2973 τότε
1291 2920 1387 2974 καὶ
1421 2919 1536 2973 νῦν·
1567 2919 1600 2989 ἢ
1629 2921 1711 2972 ὅτι
1736 2920 1880 2974 κατὰ
1904 2937 2021 2973 κοι-

434 3009 528 3063 νοῦ
573 3011 751 3064 κεῖται
798 3008 881 3074 τὸ,
911 3010 1074 3062 Κατά
1103 3008 1213 3074 τὰς
1235 3006 1502 3077 Γραφάς.
1531 3007 1688 3072 Τίνος
1715 3005 1809 3061 οὖν
1835 3009 2021 3064 ἐνεκεν

436 3095 672 3150 ἐνταῦθα
699 3094 1025 3166 προστίθησι
1049 3094 1131 3159 τὸ,
1162 3095 1322 3150 Κατὰ
1346 3095 1457 3161 τὰς
1480 3095 1758 3165 Γραφάς;
1785 3097 1898 3150 Καὶ
1930 3096 2022 3150 ὅτι

433 3184 746 3256 ἐγήγερται
773 3183 848 3254 τῇ
877 3185 1044 3254 τρίτῃ
1073 3185 1265 3254 ημέρᾳ
1298 3186 1451 3238 κατά
1483 3185 1591 3251 τὰς
1625 3185 1890 3254 Γραφάς,
1927 3187 2021 3240 καὶ

435 3277 538 3329 οὐκ
560 3276 810 3347 ἀρκεῖται
840 3273 917 3345 τῷ
945 3274 1198 3346 προτέρῳ
1223 3275 1300 3342 τῷ
1327 3273 1470 3327 κατά
1498 3274 1680 3328 κοινοῦ
1707 3277 1981 3347 εἰρημένῳ
2003 3295 2017 3344 ;

439 3364 560 3416 Ὅτι
595 3363 689 3417 καὶ
717 3361 874 3416 τοῦτο
907 3364 1018 3425 τοῖς
1043 3361 1261 3425 πολλοῖς
1293 3362 1487 3433 ἀδηλον
1513 3358 1602 3433 ἦν*
1632 3364 1714 3417 διὸ
1743 3365 2020 3420 κάνταῦθα

433 3451 533 3515 τὰς
559 3449 783 3524 Γραφάς
809 3451 1052 3523 παράγει
1075 3450 1460 3521 ἐμπνευσθεὶς,
1490 3449 1650 3505 τοῦτο
1675 3452 1936 3524 ἐννοήσας
1959 3453 2021 3506 τὸ

436 3538 599 3609 σοφὸν
625 3540 718 3592 καὶ
747 3537 888 3593 θεῖον
915 3537 1112 3610 νόημα.
1140 3537 1265 3602 Πῶς
1296 3534 1390 3593 οὖν
1419 3541 1514 3594 καὶ
1541 3539 1635 3592 ἐπὶ
1661 3540 1757 3594 τοῦ
1786 3541 2018 3597 θανάτου

434 3630 495 3682 οὐ
528 3627 592 3681 τὸ
629 3625 762 3681 αὐτὸ
801 3629 976 3693 ποιεῖ;
1005 3625 1132 3681 Ὀτι
1181 3628 1340 3681 κάκεῖ
1379 3629 1408 3680 6
1444 3626 1545 3699 μὲν
1595 3629 1832 3701 σταυρὸς
1882 3633 2018 3684 πᾶσι

435 3715 736 3787 κατάδηλος
766 3709 835 3786 ἦν
869 3716 965 3768 καὶ
997 3714 1216 3768 πάντων
1250 3714 1501 3785 ὁρώντων
1542 3716 2014 3784 ἀνεσκολοπίζετο·

434 3809 470 3878 ἠ
500 3806 557 3859 δέ
589 3804 759 3870 αἰτία,
804 3803 989 3856 οὐκέτι
1031 3805 1256 3873 ὁμοίως.
1285 3805 1412 3858 Ὀτι
1461 3805 1562 3875 μὲν
1601 3808 1711 3878 7&9
1756 3810 2016 3877 ἀπέθανε,

435 3897 637 3958 πάντες
663 3893 883 3964 ᾔδεσαν·
913 3895 996 3946 ὅτι
1023 3893 1080 3947 δὲ
1110 3895 1250 3965 ὑπὲρ
1275 3894 1383 3947 τῶν
1411 3894 1694 3965 ἁμαρτιῶν
1723 3897 1823 3968 τῆς
1846 3901 2018 3952 οἰκου-

438 3983 608 4057 μένης
654 3981 815 4035 τοῦτο
865 3981 1090 4047 ἔπαθεν,
1139 3983 1324 4035 ούκέτι
1376 3983 1578 4054 ὁμοίως
1626 3985 1925 4054 ἠπίσταντο
1968 3991 2015 4042 οί

435 4071 642 4130 πολλοί.
677 4072 768 4126 Διὸ
815 4071 914 4144 τὴν
947 4071 1054 4126 ἀπὸ
1088 4070 1197 4126 τῶν
1225 4072 1460 4142 Γραφῶν
1514 4077 1821 4146 μαρτυρίαν
1871 4095 2016 4148 παρ-

435 4166 581 4236 άγει.
629 4163 791 4219 Ἀλλά
827 4161 988 4218 τοῦτο
1021 4162 1120 4234 μὲν
1154 4159 1352 4224 ίκανῶς
1381 4161 1758 4217 ἀποδέδεικται
1796 4165 1884 4220 διὰ
1909 4166 2016 4221 τῶν

435 4256 741 4328 εἰρημένων
786 4256 940 4326 ἡμῖν’
997 4251 1100 4306 ποῦ
1137 4250 1196 4306 δὲ
1245 4251 1329 4305 ὅτι
1379 4251 1582 4325 ἐτάφη,
1626 4255 1721 4309 καὶ
1759 4259 1824 4328 τῇ
1855 4259 2013 4331 τρίτῃ

434 4347 619 4418 ἡμέρᾳ
655 4345 1021 4416 ἀναστήσεται
1059 4341 1344 4414 εἰρήκασιν
1377 4343 1434 4396 αἱ
1485 4342 1738 4415 Γραφαί;
1782 4347 1881 4402 Διά
1919 4349 2012 4404 τοῦ

433 4434 579 4489 κατά
607 4435 700 4487 τὸν
731 4433 914 4486 Ἰωνᾶν
934 4429 1130 4496 τύπου,
1155 4430 1214 4484 ὃν
1245 4431 1340 4485 καὶ
1365 4431 1527 4496 αὐτὸς
1552 4433 1791 4507 παράγει
1819 4435 2012 4507 λέγων·

433 4523 665 4591 Ὠσπερ
685 4517 766 4590 ἦν
796 4517 1000 4596 Ἰωνᾶς
1027 4519 1097 4573 ἐν
1124 4517 1197 4587 τῇ
1226 4520 1429 4588 κοιλίᾳ
1467 4521 1576 4576 τοῦ
1606 4522 1831 4591 κήτους
1859 4526 2014 4594 τρεῖς

433 4611 659 4680 ἡμέρας
685 4609 784 4662 καί
807 4607 964 4676 τρεῖς
994 4608 1240 4673 νύκτας,
1266 4605 1455 4674 οὕτως
1483 4608 1655 4662 ἐσται
1680 4611 1778 4664 καὶ
1810 4615 1844 4666 ό
1882 4615 2015 4680 Υἱός

433 4697 541 4753 τοῦ
581 4695 901 4764 ἀνθρώπου
937 4695 1006 4749 ὲν
1033 4694 1110 4764 τῇ
1149 4694 1363 4763 καρδίᾳ
1398 4694 1510 4764 τῆς
1533 4697 1646 4767 γῆς
1681 4701 1839 4767 τρεῖς
1867 4702 2012 4771 ἡμέ-

427 4800 544 4855 ρας
579 4785 675 4838 καί
706 4781 864 4851 τρεῖς
897 4783 1141 4850 νύκτας
1167 4783 1261 4837 καὶ
1286 4782 1375 4836 διὰ
1409 4783 1504 4837 τοῦ
1534 4784 1697 4856 βάτου
1731 4788 1826 4841 τοῦ
1855 4791 1914 4843 ἐν
1944 4793 2011 4863 τῇ

435 4877 646 4948 ἐρήμῳ.
687 4874 900 4943 ’Ὠσπερ
942 4872 1053 4944 7&9
1104 4873 1312 4937 ἐκεῖνος
1368 4874 1604 4942 ἐκαίετο,
1633 4877 1726 4930 καὶ
1772 4880 1832 4932 ού
1877 4899 2010 4936 κατ-

434 4966 664 5028 εκαίετο,
698 4962 840 5019 οὕτω
879 4963 974 5018 καὶ
1017 4963 1079 5016 τὸ
1112 4963 1273 5034 σῶμα
1303 4966 1477 5019 ἐκεῖνο
1521 4965 1760 5021 ἀπέθανε
1797 4970 1917 5040 μὲν,
1950 4973 2008 5025 οὐ

433 5053 731 5126 κατεσχέθη
762 5051 820 5106 δὲ
851 5051 956 5106 ὑπὸ
986 5049 1081 5104 τοῦ
1115 5049 1348 5106 Θανάτου
1377 5053 1660 5124 διηνεκῶς.
1683 5056 1796 5111 Kal
1825 5060 1853 5112 6
1876 5058 2010 5131 δρά-

433 5161 542 5198 κων
576 5144 630 5196 δὲ
657 5145 686 5197 6
719 5143 811 5198 ἐπὶ
839 5141 934 5196 τοῦ
965 5140 1164 5214 Δανιὴλ
1195 5141 1354 5196 τοῦτο
1390 5143 1703 5200 αἰνίττεται.
1740 5147 2009 5219 Καθάπερ

431 5231 538 5301 γὰρ
568 5232 773 5294 ἐκεῖνος
800 5229 980 5284 λαϐὼν
1010 5229 1109 5302 τὴν
1146 5229 1370 5302 τροφὴν,
1398 5232 1464 5302 ἥν
1502 5233 1700 5286 ἔδωκεν
1733 5237 1761 5288 6
1799 5240 2009 5307 προφή-

430 5337 548 5390 της,
578 5319 739 5390 μέσος
761 5321 992 5392 ἐρράγη·
1025 5320 1167 5375 οὕτω
1206 5323 1299 5375 καὶ
1348 5324 1377 5374 6
1428 5322 1582 5395 ᾅδης,
1613 5325 1898 5379 καταπιὼν
1946 5328 2008 5381 τὸ

432 5409 591 5479 σῶμα
631 5410 826 5471 ἐκεῖνο,
865 5409 1164 5482 διεσχίσθη,
1203 5410 1297 5464 τοῦ
1331 5411 1580 5481 σώματος
1619 5414 1785 5468 αὑτοῦ
1827 5415 2005 5470 διατε-

432 5498 621 5567 μόντος
662 5497 810 5568 αὐτῷ
839 5498 936 5570 τὴν
966 5499 1150 5570 νηδὺν,
1178 5499 1273 5552 καὶ
1313 5499 1665 5566 ἀναστάντος.
1709 5503 1772 5556 Εἰ
1815 5503 1871 5557 δὲ
1911 5506 2008 5558 καὶ

427 5584 516 5638 διά
549 5589 809 5657 ῥημάτων
837 5585 1011 5652 θέλεις
1041 5586 1272 5640 ἀκοῦσαι
1295 5587 1486 5653 ταῦτα,
1518 5590 1552 5644 ἃ
1578 5591 1666 5645 διὰ
1691 5593 1798 5644 τῶν
1821 5592 2007 5647 τύπων

429 5669 587 5738 εἶδες,
609 5675 838 5730 ἄκουσον
859 5675 954 5729 τοῦ
980 5675 1202 5728 Ἡσαΐου
1228 5674 1496 5744 λέγοντος,
1527 5678 1607 5732 ὅτι
1625 5680 1856 5748 Αἵρεται
1882 5682 2003 5737 ἀπὸ

1096 249 1156 307 S.
1197 247 1488 307 JOANNIS
1525 243 2021 305 CHRYSOSTOMI
2052 242 2376 304 ARCHIEP.
2417 247 2975 306 CONSTANTINOP.

3590 247 3700 308 526

2119 361 2234 430 τῆς
2284 363 2396 434 γῆς
2450 366 2490 434 ἡ
2547 363 2658 434 ζωὴ
2702 365 2923 425 αὐτοῦ’
2983 364 3096 429 καὶ,
3148 364 3363 433 Κύριος
3406 364 3701 428 βούλεται

2119 451 2439 516 καθαρίσαι
2477 449 2667 503 αὑτὸν
2703 449 2822 504 ἀπὸ
2866 449 2977 519 τῆς
3005 448 3268 519 πληγῆς,
3307 447 3498 513 δεῖξαι
3537 448 3702 515 αὐτῷ

2117 531 2264 602 φῶς·
2290 535 2384 588 καὶ
2406 535 2501 589 τοῦ
2529 535 2690 589 Δαυῖδ
2715 535 2820 606 πρὸ
2841 536 3052 590 ἐκείνου
3086 537 3208 590 Οὐκ
3239 535 3703 606 ἐγκαταλείψεις

2116 621 2232 689 τὴν
2262 623 2472 692 ψυχήν
2504 640 2623 692 μου
2659 625 2747 689 είς
2771 623 2946 690 ᾅδην,
2981 622 3124 677 οῦδὲ
3142 623 3358 689 δώσεις
3385 624 3494 700 τὸν
3525 624 3703 678 ὅσιόν

2117 722 2234 764 σου
2270 710 2421 764 ίδεῖν
2453 711 2801 781 διαφθοράν.
2839 712 2936 766 Διά
2979 710 3135 765 τοῦτό
3181 728 3240 764 σε
3287 711 3383 764 καὶ
3420 713 3449 764 6
3487 712 3703 777 Παῦλος

2118 801 2482 871 παραπέμπει
2534 805 2617 865 είς
2659 802 2759 866 τὰς
2805 801 3048 873 Γραφάς,
3105 801 3192 854 ἴνα
3243 801 3421 872 μάθῃς
3468 803 3552 855 ὅτι
3601 803 3703 875 οὐχ

2119 887 2307 952 ἁπλῶς
2347 889 2469 942 οὐδὲ
2511 889 2637 959 είκῆ
2665 888 2836 942 ταῦτα
2860 888 3094 957 ἐγένετο.
3138 887 3263 950 Πῶς
3288 888 3398 958 7&9
3429 889 3703 944 τοσούτων

2121 977 2418 1046 προφητῶν
2440 976 2960 1048 προδιαγραφόντων
2993 975 3135 1028 αύτά
3163 977 3259 1028 καὶ
3293 977 3702 1047 ἀνακηρυττόν-

2119 1080 2248 1127 των,
2279 1064 2362 1116 δτι
2399 1063 2637 1133 οὐδαμοῦ
2666 1065 2700 1133 ἡ
2735 1063 2928 1134 Γραφὴ
2956 1063 3046 1116 τὸν
3077 1063 3175 1134 τῆς
3215 1063 3490 1133 ἁμαρτίας
3532 1064 3703 1118 θάνα-

2119 1169 2210 1205 τον
2243 1151 2413 1221 λέγει,
2445 1150 2540 1204 τοῦ
2568 1150 2903 1205 Δεσποτικοῦ
2931 1149 3255 1221 μεμνημένη
3285 1151 3540 1215 θανάτου,
3566 1152 3702 1206 ἀλλά

2120 1239 2211 1292 τὸν
2249 1239 2581 1309 σωματικὸν,
2618 1239 2713 1293 καὶ
2737 1238 2915 1309 ταφὴν
2949 1239 3042 1293 xal
3071 1240 3370 1293 ἀνάστασιν
3402 1241 3699 1310 τοιαύτην;

2120 1323 2231 1379 Καὶ
2264 1325 2355 1379 ὅτι
2381 1324 2546 1394 ὤφθη
2567 1321 2761 1394 Κηφᾷ.
2793 1324 3009 1386 Εὐθέως
3037 1323 3128 1378 τὸν
3153 1325 3373 1379 πάντων
3397 1323 3702 1389 ἀξιοπιστό-

2120 1424 2278 1478 τερον
2299 1407 2532 1479 τίθησιν.
2559 1409 2802 1462 Ἔπειτα
2822 1406 2946 1473 τοῖς
2967 1404 3196 1461 δώδεκα
3215 1420 3240 1448 α
3259 1424 3272 1436 °
3304 1407 3512 1461 ἔπειτα
3536 1406 3698 1476 ὤφθη

2120 1498 2320 1552 ἐπάνω
2351 1499 2774 1564 πεντακοσίοις
2799 1497 3088 1566 ἀδελφοῖς
3123 1498 3387 1568 ἐφάπαξ,
3419 1499 3489 1563 ἐξ
3529 1495 3617 1555 ὧν
3645 1502 3701 1554 οι

2122 1588 2373 1653 πλείους
2394 1585 2689 1657 μένουσιν
2710 1585 2822 1652 ἓως
2857 1585 3009 1654 ἄρτι,
3040 1585 3199 1653 τινὲς
3235 1586 3303 1639 δὲ
3332 1588 3434 1640 καὶ
3461 1587 3690 1656 ἐκοιμήο

2122 1677 2340 1742 θησαν·
2365 1677 2570 1730 ἔπειτα
2605 1674 2877 1740 Ἰακώϐῳ,
2906 1669 3034 1729 εἶτα
3056 1674 3180 1740 τοῖς
3204 1675 3574 1742 ἀποστόλοις
3594 1674 3701 1730 πᾶ-

2122 1778 2246 1817 σιν·
2278 1764 2542 1829 ἔσχατον
2574 1761 2643 1815 δὲ
2670 1763 2932 1828 πάντων,
2963 1762 3223 1830 ὡσπερεί
3251 1762 3328 1834 τῷ
3356 1763 3700 1833 ἐκτρώματι,

2122 1850 2288 1920 ὤφθη
2318 1851 2517 1919 κάμοί.
2554 1849 2773 1920 Ἐπειδὴ
2795 1849 2904 1921 7&9
2932 1850 3030 1919 τὴν
3058 1850 3166 1903 ἀπὸ
3188 1850 3295 1902 τῶν
3316 1849 3550 1920 Γραφῶν
3577 1851 3702 1904 ἀπό-

2120 1938 2286 2004 δειξιν
2319 1934 2462 2003 εἷπε,
2492 1936 2815 2010 προστίθησι
2845 1938 2940 1990 καὶ
2967 1937 3066 2007 τὴν
3090 1937 3180 1990 διά
3204 1937 3308 1990 τῶν
3331 1937 3698 2008 πραγμάτων,

2125 2027 2408 2098 μάρτυρας
2438 2026 2703 2098 παράγων
2733 2025 2834 2096 τῆς
2865 2023 3217 2089 ἀναστάσεως
3243 2023 3378 2095 μετά
3408 2026 3536 2088 τοὺς
3563 2042 3702 2110 προ-

2121 2115 2296 2186 φήτας
2326 2114 2452 2177 τοὺς
2483 2113 2815 2176 ἀποστόλους
2845 2113 2941 2166 καὶ
2968 2112 3187 2183 ἐτέρους
3224 2114 3443 2176 πιστοὺς
3483 2113 3702 2185 ἀνθρώ·

2123 2218 2279 2265 πους.
2309 2201 2462 2273 [355]
2503 2202 2564 2254 Εί
2601 2201 2657 2253 δὲ
2689 2200 2790 2270 τὴν
2825 2200 3122 2255 ἀνάστασιν
3160 2199 3379 2272 ἐκείνην
3412 2201 3569 2269 ἔλεγε
3602 2203 3701 2273 τὴν

2120 2293 2220 2362 τῆς
2238 2291 2512 2362 ἁμαρτίας
2537 2289 2877 2360 ἀπαλλαγὴν,
2901 2289 3173 2362 περιττῶς
3197 2289 3406 2360 ἔλεγεν,
3427 2289 3608 2360 Ὠφθη
3625 2289 3704 2361 τῷ

2121 2379 2254 2433 δεῖνι
2288 2381 2382 2434 καὶ
2419 2380 2493 2450 τῷ
2523 2377 2676 2432 δεῖνι.
2707 2377 2879 2432 Τοῦτο
2923 2379 3032 2450 γὰρ
3066 2380 3430 2450 πιστουμένου
3463 2380 3564 2452 τὴν
3607 2376 3702 2432 τοῦ

2124 2465 2375 2538 σώματος
2404 2467 2700 2522 ἀνάστασίν
2731 2468 2897 2532 ἐστιν,
2933 2469 3032 2538 οὐχ
3076 2467 3492 2539 ἁμαρτημάτων
3527 2469 3702 2522 ἀπαλ-

2121 2554 2296 2626 λαγὴν
2323 2557 2724 2627 αἰνιττομένου.

2197 2661 2262 2715 δ’.
2295 2661 2386 2714 Διὸ
2414 2662 2534 2715 ούδέ
2555 2661 2702 2728 ama
2730 2657 2849 2717 εἷπε
2883 2662 2963 2729 τὸ,
2995 2665 3207 2734 Ὠφθη,
3235 2663 3410 2719 καίτοι
3440 2682 3506 2735 γε
3543 2666 3704 2738 ἢρκει

2123 2750 2266 2804 κατά
2293 2750 2470 2803 κοινοῦ
2504 2749 2665 2804 θέντα
2693 2752 2792 2823 τὴν
2815 2752 2979 2818 λέξιν’
3017 2752 3114 2806 νῦν
3145 2753 3203 2806 δὲ
3233 2753 3328 2806 καὶ
3356 2753 3440 2818 δὶς
3465 2754 3560 2807 καὶ
3585 2755 3706 2825 τρὶς

2122 2840 2216 2892 καὶ
2238 2839 2322 2908 ἐφ’
2345 2838 2561 2909 ἑκάστῳ
2582 2837 2769 2910 σχεδὸν
2789 2838 2897 2895 τῶν
2917 2841 3245 2911 ἑωρακότων
3269 2841 3444 2913 αὐτὴν
3469 2841 3703 2914 τίθησιν.

2127 2928 2318 2996 Ὠερθη
2364 2926 2494 2998 7&9,
2533 2928 2686 2998 φησὶ,
2723 2927 2921 2998 Κηφᾷ,
2968 2929 3135 2998 ὤφθη
3176 2927 3377 2983 ἐπάνω
3417 2946 3706 2984 πεντακο-

2122 3016 2282 3080 σίοις
2305 3013 2612 3085 ἀδελφοῖς,
2649 3016 2814 3085 ὤφθη
2853 3017 3054 3087 κάμοί.
3087 3017 3200 3071 Kal
3229 3017 3336 3090 μὴν
3361 3016 3425 3071 τὸ
3456 3017 3706 3087 Εὐαγγέ-

2123 3101 2236 3157 λιον
2266 3103 2576 3158 τούναντίον
2612 3103 2782 3174 λέγει,
2819 3106 2901 3158 ὃτι
2960 3109 3024 3178 τῇ
3072 3107 3260 3178 Μαρίᾳ
3309 3106 3521 3179 πρώτῃ.
3565 3107 3706 3160 Ἀλλ’

2123 3191 2184 3245 ἐν
2237 3191 2463 3262 ἀνδράσι
2509 3191 2686 3263 τούτῳ
2750 3193 2972 3264 πρώτῳ,
3019 3192 3097 3265 τῷ
3130 3194 3368 3265 μάλιστα
3396 3196 3559 3250 αὐτὸν
3592 3212 3695 3249 πο-

2123 3277 2306 3333 θοῦντι
2345 3280 2493 3333 ίδεϊν.
2541 3280 2726 3342 Ποίοις
2757 3280 2816 3333 δὲ
2858 3279 3068 3334 δώδεκα
3106 3282 3533 3354 ἐνταῦθά-φησιν
3562 3284 3704 3337 ἀπο-

2125 3368 2334 3432 στόλοις
2352 3385 2366 3434 ;
2403 3369 2540 3438 μετὰ
2565 3366 2673 3439 γὰρ
2693 3368 2790 3438 τὴν
2807 3367 3072 3438 ἀνάληψιν
3087 3372 3115 3423 6
3143 3371 3390 3435 Ματθίας
3409 3372 3703 3444 κατελέγη,

2122 3457 2185 3509 ού
2233 3456 2372 3526 μετά
2425 3456 2523 3528 τὴν
2562 3456 2861 3510 ἀνάστασιν
2909 3456 3132 3520 εὐθέως.
3189 3458 3329 3511 Ἀλλ’
3363 3461 3516 3524 εἰκὸς
3542 3462 3705 3516 αὐτὸν

2122 3543 2218 3596 καὶ
2250 3543 2388 3613 μετά
2424 3545 2524 3614 τὴν
2569 3543 2836 3614 ἀνάληψιν
2868 3537 3068 3613 ὦφθαι.
3104 3545 3278 3609 Αὐτὸς
3327 3548 3463 3615 γοῦν
3492 3543 3650 3614 οὗτος
3676 3553 3704 3604 6

2122 3632 2418 3696 ἀπόστολος
2456 3633 2594 3702 μετά
2620 3635 2720 3704 τὴν
2748 3634 3014 3706 ἀνάληψιν
3051 3636 3147 3689 καὶ
3177 3636 3407 3709 ἐκλήθη,
3439 3641 3536 3693 καὶ
3565 3637 3704 3694 εἶδεν

2121 3721 2303 3776 αὐτόν.
2372 3720 2471 3775 Διά
2521 3720 2680 3774 τοῦτο
2731 3722 2853 3776 οὐδὲ
2913 3723 3007 3777 τὸν
3055 3725 3248 3796 καιρὸν
3303 3725 3539 3797 τίθησιν,
3585 3728 3704 3782 ἀλλ’

2122 3808 2310 3872 ἁπλῶς
2344 3810 2437 3861 καὶ
2471 3807 2788 3878 ἀδιορίστως
2819 3810 3109 3878 καταλέγει
3137 3813 3235 3875 τὰς
3256 3812 3422 3883 όψεις·
3459 3816 3554 3868 καὶ
3588 3814 3702 3886 7&9

2123 3898 2268 3960 εἰκὸς
2301 3895 2506 3957 πολλὰς
2543 3897 2902 3966 γεγενῆσθαι·
2943 3897 3026 3952 διὸ
3054 3899 3150 3952 καὶ
3177 3903 3206 3953 6
3235 3900 3482 3972 Ἰωάννης
3515 3902 3698 3972 ἔλεγε,

2121 3983 2317 4055 Τρίτον
2379 3981 2536 4035 τοῦτο
2595 3983 2909 4050 ἐνεφάνισεν
2957 3985 3172 4040 ἑαυτόν.
3236 3989 3474 4043 Ἔπειτα
3530 3989 3701 4060 ὤφθη

2120 4070 2322 4124 ἐπάνω
2349 4069 2774 4135 πεντακοσίοις
2805 4070 3112 4140 ἀδελφοῖς.
3140 4072 3298 4136 Τινὲς
3326 4073 3404 4139 τὸ,
3442 4075 3699 4142 Ἐπάνω,

2121 4156 2234 4210 ἀνω
2263 4157 2328 4209 ἐκ
2361 4155 2470 4209 τῶν
2499 4154 2745 4226 οὐρανῶν
2779 4151 2920 4210 εἶναί
2950 4175 3138 4226 φασιν.
3193 4161 3266 4212 Ού
3305 4161 3415 4228 γὰρ
3453 4164 3550 4216 ἐπὶ
3597 4164 3702 4232 γῆς

2123 4245 2378 4317 βαδίζων,
2411 4244 2526 4298 ἀλλ’
2556 4245 2689 4309 ἀνω,
2725 4245 2819 4298 καὶ
2842 4246 2982 4317 ὑπὲρ
3012 4248 3257 4317 κεφαλῆς
3291 4250 3477 4315 αὐτοῖς
3518 4252 3698 4324 ὤφθη.

2119 4334 2232 4388 Kal
2261 4333 2370 4406 7&9
2400 4333 2521 4404 ούχὶ
2561 4331 2659 4403 τὴν
2689 4333 2989 4388 ἀνάστασιν
3030 4336 3409 4391 πιστώσασθαι
3450 4339 3702 4394 ἐϐούλετο

2122 4425 2305 4496 μόνον,
2325 4421 2462 4479 ἀλλά
2488 4421 2583 4475 καὶ
2613 4421 2712 4492 τὴν
2755 4421 3044 4494 ἀνάληψιν.
3079 4425 3236 4489 Τινὲς
3258 4426 3316 4479 δὲ
3347 4426 3573 4496 λέγουσι
3616 4429 3699 4495 τὸ,

2134 4513 2365 4568 Ἐπάνω
2399 4514 2846 4576 πεντακοσίοις,
2896 4515 3008 4576 τοῖς
3056 4515 3300 4569 πλείοσιν
3350 4518 3384 4588 ἦ
3436 4535 3701 4573 πεντακο-

2120 4601 2277 4665 σίοις.
2311 4601 2414 4664 Ἐξ
2448 4593 2535 4653 ὧν
2581 4598 2637 4654 ol
2684 4600 2934 4666 πλείους
2969 4602 3270 4671 μένουσιν
3293 4604 3406 4670 ἕως
3446 4607 3598 4676 ἄρτι.
3637 4608 3700 4661 Εἰ

2116 4689 2228 4760 7&9
2260 4689 2354 4742 καλ⁵
2380 4687 2583 4741 παλαιά
2633 4687 2928 4758 διηγοῦμαι
2967 4689 3294 4761 πράγματα,
3350 4696 3540 4764 φησιν,
3585 4696 3697 4750 ἀλλ’

2117 4776 2226 4846 ἔχω
2266 4776 2552 4848 μάρτυρας
2585 4775 2665 4828 ἔτι
2694 4775 2924 4840 ζῶντας.
2957 4777 3121 4844 Τινὲς
3153 4778 3222 4832 δὲ
3252 4781 3350 4834 καί
3389 4783 3697 4854 ἐκοιμήθη-

2116 4884 2257 4923 σαν.
2301 4870 2415 4922 Οὐκ
2476 4864 2650 4932 εἶπεν,
2689 4868 3004 4935 Ἀπέθανον,
3057 4868 3195 4932 ἀλλ’,
3233 4871 3694 4942 Ἐκοιμήθησαν,

2117 4957 2211 5010 καὶ
2244 4957 2418 5031 ταύτῃ
2467 4961 2534 5030 τῇ
2587 4957 2730 5025 λέξει
2761 4958 2922 5012 πάλιν
2955 4959 3052 5030 τὴν
3093 4960 3389 5015 ἀνάστασιν
3437 4964 3692 5033 βεϐαιῶν.

2121 5046 2362 5099 Ἔπειτα
2389 5045 2554 5115 ὤφθη
2591 5045 2853 5112 Ἰακώϐῳ.
2893 5046 3049 5116 Ἐμοὶ
3075 5047 3241 5113 δοκεῖ,
3275 5049 3352 5120 τῷ
3379 5051 3594 5122 ἀδελφῷ
3615 5052 3692 5124 τῷ

2114 5131 2330 5185 ἐαυτοῦ·
2365 5131 2525 5195 αὐτὸς
2552 5130 2661 5202 γὰρ
2700 5125 2864 5186 αὐτὸν
2905 5132 3122 5202 λέγεται
3168 5140 3692 5206 κεχειροτονηκέναι,

2114 5222 2208 5273 καὶ
2241 5219 2537 5274 ἐπίσκοπον
2563 5221 2623 5274 ἐν
2649 5221 3044 5293 Ἱεροσολύμοις
3071 5225 3429 5286 πεποιηκέναι
3455 5229 3690 5298 πρῶτον,

2110 5304 2257 5363 Εῖτα
2285 5308 2410 5374 τοῖς
2436 5310 2807 5375 ἀποστόλοις
2841 5307 3049 5364 πᾶσιν.
3072 5306 3255 5365 Ἦσαν
3283 5314 3394 5382 γάρ
3419 5316 3514 5369 καὶ
3542 5315 3692 5370 ἄλλοι

2112 5397 2422 5458 ἀπόστολοι,
2463 5395 2538 5459 ὼς
2580 5398 2627 5449 οἱ
2677 5396 3070 5469 ἐϐδομήκοντα.
3096 5401 3403 5469 Ἕσχατον
3435 5403 3506 5456 δὲ
3537 5404 3690 5456 πάι·-

2173 5567 2286 5640 ‘_]n_
2312 5569 2911 5640 alquoQIexeleag-ibqs
2936 5569 3015 5640 βε.
3046 5572 3233 5640 Ιεεὶίυτ
3257 5574 3357 5640 τοῖς
3408 5576 3594 5640 ἕνδεκα,
3639 5583 3696 5626 ει

2110 5629 2596 5754 ῃίἒὶιιὲἕιιὲειειὶηε
2616 5629 2953 5694 ιιηᾰεοίηιρυί
2973 5629 3126 5683 ίυειὶῖ
3141 5633 3470 5687 duodecimus
3494 5629 3590 5688 ωε
3604 5649 3696 5687 ex-
