4018 6156
277 301 384 359 395

273 418 432 474 etiam
478 422 603 470 ante
646 423 869 473 mortem
912 411 1040 475 nulli
1070 418 1289 482 peccato
1328 407 1492 469 fuisse
1529 401 1841 460 obnoxium.

275 510 294 578 (
322 492 445 567 etim
463 508 630 575 enim,
657 508 745 578 qui
769 520 865 576 pro
895 507 1124 575 peccatis
1146 502 1369 558 moritur
1397 498 1589 555 alienis
1611 539 1626 561 ,
1653 510 1845 551 conse-

275 578 448 670 quens
494 607 575 652 est
621 580 751 653 esse
793 595 1053 666 ejusmodi
1102 603 1161 649 ut
1203 609 1307 648 non
1342 588 1598 662 peccet),
1642 603 1710 643 ne
1750 587 1847 639 Ito:-

276 692 493 759 quidem
545 698 866 755 contentus,
920 686 1214 756 subiunxit,
1263 682 1558 743 Secundum
1607 679 1818 749 St‘ripltt

279 796 408 846 rus;
455 780 574 837 hinc
615 795 798 834 rursus
857 778 961 834 ﬁde
1014 778 1230 847 dignam
1283 775 1485 830 iaciens
1529 773 1846 833 orationem,

274 882 331 927 et
375 873 673 943 signiﬁcans
714 886 1001 941 quamuam
1033 878 1256 927 mortem
1300 865 1522 923 diceret.
1561 863 1852 931 Scriptum

274 963 414 1016 enim
460 962 653 1031 ubique
694 961 990 1030 loquuntur
1027 959 1096 1014 de
1133 967 1306 1015 morte
1344 954 1588 1025 corporis
1632 972 1647 1011 :
1678 951 1850 1006 Fode-

274 1063 390 1107 runt
418 1055 560 1108 enim
582 1094 599 1120 ,
627 1053 797 1125 inquit
820 1095 837 1119 ,
870 1069 1052 1107 manus
1076 1067 1213 1107 meas
1240 1059 1288 1105 et
1320 1048 1472 1119 pedes
1512 1062 1649 1103 meos
1674 1044 1848 1116 (Psal.

273 1145 380 1208 9.1,
425 1142 526 1216 l7)
552 1185 568 1210 ,
601 1153 685 1208 et,
728 1142 979 1198 Videbunt
1005 1145 1058 1197 in
1084 1158 1230 1214 queat
1268 1139 1631 1209 transﬁxerunt
1670 1135 1849 1207 (Joan.

275 1234 520 1303 19.57).

344 1326 397 1381 5.
430 1323 594 1379 Multa
619 1323 721 1380 alia
747 1366 762 1390 ,
804 1340 874 1381 ne
909 1324 1084 1379 omnia
1114 1322 1354 1378 dicamus
1386 1320 1656 1392 sigillatim
1679 1361 1693 1384 ,
1724 1318 1856 1374 licet

274 1417 327 1470 in
358 1417 438 1471 eis
463 1415 646 1470 videre
670 1456 685 1482 ,
714 1415 815 1469 alia
856 1415 1071 1485 quidem
1097 1429 1195 1483 per
1220 1413 1380 1468 verba
1404 1453 1421 1479 ,
1462 1410 1565 1466 alia
1599 1426 1727 1469 vero
1757 1423 1856 1478 per

277 1508 476 1576 ﬁguras
501 1548 516 1570 ,
554 1522 671 1576 qua:
700 1505 996 1574 signiﬁcant
1031 1504 1211 1560 earnis
1239 1502 1443 1558 caedem
1468 1543 1484 1567 ,
1514 1510 1568 1555 et
1588 1499 1730 1570 quod
1757 1514 1856 1569 pro

278 1599 479 1653 nostris
507 1597 736 1668 peccatis
758 1598 826 1652 sit
847 1597 1075 1652 occisus.
1106 1594 1211 1649 Pro
1234 1592 1453 1666 peccatis
1475 1592 1638 1654 enim,
1663 1591 1854 1660 inquit,

280 1691 459 1762 populi
498 1691 595 1743 mei
634 1689 764 1745 venit
809 1694 1167 1761 admorunt;
1212 1696 1301 1753 et,
1347 1684 1597 1739 Dominus
1649 1682 1859 1737 tradidit

279 1783 448 1849 ipsum
476 1780 691 1849 peccatis
715 1779 936 1842 nostris;
963 1786 1047 1844 et,
1082 1775 1391 1831 Vulneratus
1420 1782 1491 1828 est
1512 1782 1717 1845 propter
1738 1786 1858 1840 pec-

283 1880 398 1924 cata
444 1868 631 1925 nostra
659 1869 809 1941 (lsai.
859 1870 946 1925 55.
994 1869 1047 1924 8.
1081 1866 1134 1924 6.
1182 1866 1261 1939 5).
1298 1866 1355 1922 Si
1394 1874 1573 1927 autem
1623 1869 1857 1918 veterem

282 1950 389 2016 non
430 1963 534 2016 fers
561 1960 887 2032 Seripturam
908 2001 923 2027 ,
954 1960 1076 2015 audi
1109 1958 1370 2016 Joannem
1416 1958 1733 2012 clamantem
1761 1994 1775 2017 ,
1803 1963 1861 2009 et

279 2061 501 2122 utraque
525 2051 897 2107 ostendentem
924 2092 939 2117 ,
970 2065 1162 2120 nempe
1199 2058 1253 2105 et
1295 2047 1494 2103 caedem
1519 2047 1762 2117 corporis
1803 2053 1861 2101 et

272 2157 513 2198 causam.
545 2142 678 2197 Ecce
703 2143 863 2209 enim,
901 2143 1087 2213 inquit,
1118 2143 1289 2214 Agnus
1315 2141 1433 2208 Dei,
1464 2141 1552 2214 qui
1579 2141 1712 2195 tollit
1742 2156 1860 2211 pec-

271 2246 445 2290 catum
489 2236 664 2290 mundi
705 2234 884 2306 (Joan.
928 2236 980 2290 1.
1022 2232 1152 2308 29);
1201 2247 1257 2290 ει
1301 2234 1525 2291 Paulum
1566 2234 1857 2299 dicentem,

272 2327 414 2379 Eunt
443 2367 457 2391 ,
492 2328 579 2397 qui
603 2344 704 2381 non
743 2336 949 2380 noverat
977 2339 1239 2398 peccatum
1263 2367 1278 2394 ,
1311 2343 1404 2397 pro
1431 2326 1575 2380 nobis
1601 2328 1717 2397 fecit
1747 2341 1861 2395 pec-

268 2424 443 2470 catum
461 2458 475 2481 ,
501 2424 559 2470 ut
586 2433 679 2472 nos
705 2417 939 2487 ﬁeremus
968 2416 1062 2471 Dei
1100 2418 1303 2491 justitia
1330 2418 1384 2471 in
1416 2419 1528 2487 ipso
1551 2416 1627 2485 (2.
1656 2415 1775 2471 Cor.
1804 2416 1859 2472 5.

266 2509 366 2581 21)
401 2528 414 2565 :
443 2519 494 2566 et
526 2526 734 2578 rursus,
767 2509 996 2564 Christus
1017 2526 1107 2563 nos
1131 2509 1340 2564 redemit
1367 2527 1399 2563 a
1422 2509 1690 2581 maledicto
1716 2508 1859 2579 legis,

270 2604 445 2665 factus
472 2617 565 2671 pro
592 2601 736 2655 nobis
759 2602 1084 2655 maledictum
1110 2598 1306 2670 (Galat.
1336 2601 1389 2656 ὅ.
1415 2600 1504 2669 15)
1527 2616 1542 2663 ;
1573 2609 1625 2655 et
1653 2613 1858 2665 rursus,

269 2689 590 2756 Exspolians
626 2692 945 2760 principatus
981 2700 1029 2743 et
1068 2699 1339 2760 potestates
1381 2689 1599 2744 traducit
1637 2686 1858 2760 (Coloss.

264 2782 322 2836 2.
354 2783 472 2851 15),
498 2789 619 2836 acto
660 2782 731 2837 de
771 2782 852 2837 eis
879 2781 1191 2850 triumpho;
1224 2789 1277 2836 et
1302 2780 1404 2835 alia
1430 2780 1859 2846 innumerabilia,

263 2891 397 2944 qua:
423 2874 726 2945 signiﬁcant
753 2891 817 2929 ea
846 2892 963 2944 qutc
991 2874 1124 2930 facta
1152 2882 1278 2930 sunt
1316 2875 1369 2928 in
1405 2873 1551 2929 caede
1592 2876 1857 2945 corporis,

264 2974 322 3020 et
346 2976 574 3036 propter
602 2975 782 3019 nostra
811 2974 1047 3036 peccata.
1085 2965 1201 3034 Ipse
1224 2966 1365 3019 enim
1397 2964 1524 3020 dicit
1545 3006 1560 3029 ,
1593 2962 1697 3019 Pro
1723 2963 1861 3019 vobis

264 3056 539 3122 sanctiﬁco
576 3055 822 3125 meipsum
850 3052 1028 3133 (Joan.
1058 3055 1147 3123 17.
1174 3054 1264 3124 19)
1286 3073 1299 3119 ;
1325 3066 1396 3119 et,
1436 3048 1681 3127 Princeps
1709 3054 1862 3125 hujus

263 3148 452 3201 mundi
474 3162 605 3200 nunc
647 3145 1010 3199 condemnatus
1046 3155 1116 3200 est
1157 3144 1264 3218 (Id.
1291 3145 1378 3201 16.
1405 3146 1517 3218 ll),
1554 3143 1860 3216 signiﬁcans

148 3240 169 3249 ‘
260 3254 326 3294 se
359 3238 532 3292 fuisse
558 3238 818 3304 occisum,
849 3253 970 3293 cum
997 3238 1199 3292 nullum
1230 3238 1449 3293 haberet
1475 3246 1771 3307 peccatum.
1801 3239 1856 3294 4.

266 3329 339 3383 Ει
382 3332 518 3400 quod
561 3332 785 3400 sepultus
824 3340 917 3385 est.
962 3330 1073 3386 lloc
1094 3346 1305 3401 quoque
1333 3330 1511 3401 priora
1537 3332 1857 3386 eonlirmat:

263 3437 405 3475 nam
435 3420 578 3491 quod
607 3423 893 3492 sepelitur,
922 3423 1141 3477 omnino
1180 3432 1263 3478 est
1301 3438 1514 3492 corpus.
1548 3423 1614 3477 Et
1639 3422 1726 3478 hic
1752 3439 1858 3479 non

263 3512 516 3581 amplius
543 3512 761 3578 addidit,
789 3513 1090 3570 Secundum
1123 3514 1425 3583 Scripturas
1457 3532 1471 3568 :
1500 3528 1622 3568 nam
1653 3525 1864 3584 poterat

262 3603 523 3671 quidem,
551 3602 642 3657 sed
671 3619 774 3657 non
793 3604 953 3659 addit.
982 3602 1381 3671 Quamobrem?
1415 3601 1506 3657 Vel
1534 3603 1655 3674 quia
1683 3604 1864 3672 sepul-

258 3710 422 3749 crum
458 3694 712 3748 omnibus
741 3694 1075 3751 titanil‘estum
1102 3704 1157 3749 et
1182 3704 1306 3748 tunc
1334 3694 1434 3748 fuit
1473 3703 1526 3748 et
1565 3709 1706 3749 nunc
1732 3704 1812 3750 est
1843 3713 1856 3749 :

258 3788 347 3841 vel
378 3784 511 3857 quia
552 3786 605 3838 in
651 3787 917 3840 communi
948 3787 1175 3856 positum
1218 3794 1301 3839 est
1347 3785 1473 3839 illud
1498 3827 1513 3850 ,
1567 3785 1861 3840 Secundum

262 3879 600 3946 Scripturas.
625 3876 731 3932 Cur
747 3892 874 3947 ergo
893 3877 1057 3938 addit,
1088 3876 1380 3931 Secundum
1407 3874 1723 3944 Scripturas,
1750 3875 1856 3942 hic,

261 3969 332 4023 Et
350 3969 498 4042 quod
518 3969 791 4023 resurrexit
821 3969 966 4022 tertia
990 3967 1071 4021 die
1105 3967 1381 4022 secundum
1423 3967 1719 4040 Scripturas
1741 4008 1758 4036 ,
1804 3978 1861 4024 et

256 4075 372 4115 non
426 4068 518 4114 est
562 4067 846 4114 contentus
892 4059 983 4113 illo
1028 4058 1232 4128 priori,
1271 4059 1412 4129 quod
1448 4059 1647 4115 dictum
1680 4069 1765 4117 est
1804 4061 1856 4116 in

256 4151 591 4206 communi?
617 4151 753 4217 Quia
800 4149 899 4203 Ιιειο
932 4165 1144 4219 quoque
1173 4150 1353 4204 multis
1378 4160 1495 4204 erat
1518 4152 1777 4205 incertum
1805 4162 1860 4207 et

256 4246 596 4308 obscurum;
617 4243 737 4298 ideo
764 4243 849 4297 hic
873 4258 1087 4313 quoque
1110 4242 1413 4311 Scripturas
1428 4242 1667 4314 adjnngit
1689 4245 1858 4313 inspi-

256 4350 440 4402 ratus,
473 4349 529 4391 ct
557 4337 655 4390 bac
692 4337 916 4404 sapienti
948 4347 1001 4391 et
1031 4335 1207 4390 divina
1238 4347 1482 4405 suscepta
1514 4336 1854 4407 cogitatione.

253 4429 558 4498 Quomodo
585 4444 714 4500 ergo
741 4446 845 4484 non
873 4430 1032 4485 etiam
1064 4430 1116 4483 in
1146 4436 1319 4483 morte
1343 4427 1482 4483 idem
1515 4426 1676 4482 facit?
1715 4428 1858 4494 Quo-

253 4524 410 4575 niam
444 4522 558 4576 illic
582 4536 794 4592 quoque
835 4538 967 4576 crux
1011 4519 1225 4589 quidem
1259 4517 1361 4574 fuit
1402 4520 1651 4575 omnibus
1690 4519 1859 4573 mani-

254 4613 425 4677 festa,
463 4623 524 4668 et
547 4612 794 4667 omnibus
821 4614 1124 4669 videntibus
1149 4611 1295 4667 cruci
1317 4611 1414 4666 fuit
1433 4611 1625 4667 afﬁxus
1651 4630 1665 4679 ;
1696 4626 1854 4666 causa

252 4713 448 4760 autem
480 4718 591 4759 non
631 4704 779 4757 item.
810 4702 941 4757 Nam
981 4702 1122 4773 quod
1165 4711 1401 4757 mortuus
1432 4702 1644 4773 quidem
1679 4703 1851 4767 luerit,

250 4795 554 4852 sciverunt
605 4808 826 4858 omnes;
878 4793 1018 4864 quod
1054 4804 1230 4847 autem
1281 4807 1378 4861 pro
1414 4794 1856 4871 peccatis-totius

250 4887 411 4941 orbis
464 4887 573 4938 hoc
622 4883 693 4936 sit
744 4898 952 4953 passus,
1008 4899 1112 4937 non
1156 4882 1342 4936 itidem
1394 4883 1635 4939 sciebant
1679 4885 1852 4939 multi.

249 4978 565 5050 Propterea
594 4973 813 5029 adducit
857 4972 1223 5030 testimonium
1278 4973 1341 5028 ex
1390 4973 1700 5043 Scriptnris.
1745 4976 1853 5032 Sed

248 5071 358 5126 hoc
387 5068 622 5133 quidem
685 5066 816 5119 satis
853 5074 936 5120 est
962 5064 1383 5119 demonstratum
1415 5079 1509 5133 per
1531 5080 1594 5120 ea
1623 5106 1636 5126 ,
1666 5081 1784 5135 qum
1825 5082 1855 5120 a

249 5162 417 5216 nobis
462 5158 617 5213 d'icta
661 5164 784 5212 sunt
825 5173 838 5210 :
893 5156 981 5211 ubi
1008 5165 1186 5211 autem
1230 5154 1369 5226 quod
1401 5156 1471 5209 sit
1513 5156 1756 5226 sepultus
1803 5167 1857 5213 et

246 5254 398 5322 quod
448 5250 621 5305 tertio
661 5248 750 5303 die
776 5256 920 5303 esset
965 5256 1363 5302 resurrecturus
1387 5287 1402 5311 ,
1429 5246 1679 5301 dixerunt
1713 5246 1857 5303 Seri-

249 5341 468 5411 pturae?
497 5340 605 5395 Per
631 5338 782 5394 Jonte
802 5338 1049 5408 ﬁguram,
1081 5354 1236 5408 quam
1264 5339 1377 5407 ipse
1402 5353 1616 5408 quoque
1640 5337 1856 5394 adducit

247 5435 442 5489 dicens
481 5452 497 5487 :
531 5432 682 5488 Sicut
727 5432 821 5501 fuit
842 5429 1007 5487 Jonas
1030 5432 1083 5486 in
1107 5443 1275 5485 centre
1307 5433 1402 5485 ceti
1432 5440 1530 5486 tres
1550 5431 1657 5485 dies
1684 5441 1733 5486 et
1754 5442 1853 5488 tres

250 5536 427 5582 noctes
456 5543 478 5582 :
509 5526 582 5579 ita
608 5525 703 5579 erit
724 5527 881 5582 etiam
900 5523 1062 5580 Filius
1086 5525 1300 5579 hominis
1328 5525 1379 5576 in
1406 5523 1557 5576 corde
1581 5532 1728 5577 terra
1752 5533 1852 5579 tres

252 5619 358 5670 dies
410 5627 463 5673 et
519 5626 622 5670 tres
662 5627 834 5671 noctes
883 5615 1091 5686 (Matth.
1123 5615 1208 5670 19..
1237 5612 1351 5684 40).
1382 5614 1484 5668 Per
1527 5614 1715 5669 rubum
1759 5617 1849 5686 qui

248 5720 369 5765 emt
409 5711 471 5765 in
498 5708 720 5765 deserto
748 5707 941 5783 (Epod.
968 5707 1039 5777 '5)
1069 5726 1080 5760 :
1112 5704 1558 5778 quemadmodum
1588 5706 1728 5761 enim
1761 5709 1850 5764 ille

630 5802 902 5862 PATROL.
945 5806 1060 5862 Gn.
1115 5809 1268 5866 L.\l.

1230 294 1302 357 1N
1340 290 1557 350 EPIST.
1601 289 1617 343 Ι
1678 285 1775 343 ,ΑΒ
1813 281 1971 341 C08.
2015 278 2248 357 liOMlL.
2293 276 2583 334 XXXVIII.

3432 283 3536 339 526

1955 396 2177 453 ardebat
2205 404 2258 450 et
2284 411 2390 450 non
2419 391 2860 461 comburehatur,
2893 393 2962 448 ita
2985 394 3143 449 etiam
3173 409 3369 468 corpus
3399 399 3543 475 illius

1954 496 2219 543 mortuum
2267 485 2480 556 quidem
2538 484 2654 549 fuit.
2707 498 2812 539 non
2844 484 3120 541 detentum
3164 497 3342 544 autem
3369 472 3483 547 fuit
3512 509 3538 545 Α

1952 587 2125 633 morte
2149 586 2427 647 perpetuo.
2466 577 2636 631 Draco
2664 576 2789 631 item
2817 578 2907 647 qui
2953 577 3049 633 l'nit
3076 587 3315 650 tempore
3344 580 3542 644 Danie-

1952 667 2015 721 lis
2045 667 2220 739 (Dan.
2245 668 2332 740 14)
2362 669 2463 723 hoc
2492 669 2651 724 tacite
2676 668 2962 740 signiﬁcat.
2996 670 3128 727 Nam
3156 674 3296 730 sicut
3324 676 3415 732 ille
3446 692 3540 731 ac~

1954 766 2110 829 cepto
2138 760 2469 814 nutrimento
2487 800 2503 825 ,
2530 759 2672 828 quod
2717 760 2862 816 dedit
2906 762 3167 833 propheta
3188 806 3203 831 ,
3249 779 3435 837 ruptus
3457 780 3545 824 est

1955 852 2203 906 medius:
2236 851 2306 905 ita
2332 851 2494 907 etiam
2546 851 2809 918 infernus,
2853 852 3112 909 devorato
3156 855 3249 911 illo
3291 873 3540 929 corpore,

1956 941 2057 997 fuit
2083 942 2363 1005 discissus.
2392 960 2512 998 cum
2547 942 2711 1015 ipsius
2736 960 2931 1015 corpus
2957 958 3197 1005 ventrem
3229 950 3348 1021 ejus
3375 954 3545 1009 disse-

1931 1034 2175 1109 .cuisset,
2203 1041 2258 1089 et
2286 1035 2630 1089 surrexisset.
2660 1036 2715 1089 Si
2738 1043 2915 1090 autem
2941 1036 3056 1091 luce
3079 1040 3237 1093 etiam
3261 1046 3341 1096 vis
3364 1045 3542 1098 verbis

1958 1124 2143 1179 audire
2170 1167 2185 1191 ,
2217 1140 2336 1193 quae
2364 1124 2540 1179 vidisﬁ
2569 1141 2666 1194 per
2696 1125 2892 1197 ﬁguras
2916 1169 2931 1193 ,
2979 1127 3101 1181 audi
3134 1127 3322 1184 Isaiam
3362 1133 3546 1189 dicen-

1959 1226 2066 1270 tem
2099 1234 2113 1270 :
2144 1213 2361 1269 Tollitur
2380 1225 2561 1269 eterra
2588 1216 2688 1268 vita
2711 1218 2821 1287 ejus
2846 1232 2864 1270 .'
2888 1225 2941 1271 et
2966 1258 2979 1284 ,
3022 1216 3273 1273 Dominus
3299 1222 3403 1275 vult
3430 1239 3542 1277 eum

1939 1304 2207 1383 ‘mundare
2244 1322 2276 1358 a
2313 1306 2465 1377 plaga
2486 1348 2501 1369 ,
2529 1318 2584 1360 ut
2612 1307 2843 1362 ostendat
2880 1307 2958 1362 illi
2988 1308 3157 1363 lumen
3187 1308 3336 1381 (lsai.
3363 1311 3453 1367 55.
3485 1315 3545 1370 8.

1960 1397 2089 1468 10);
2127 1410 2182 1453 et
2221 1398 2388 1452 David
2431 1409 2555 1455 ante
2606 1400 2752 1454 illum
2774 1442 2788 1466 ,
2821 1398 2941 1455 Non
2972 1401 3288 1474 derelinquas
3321 1405 3545 1459 animam

1961 1505 2121 1543 meam
2147 1490 2200 1543 in
2228 1488 2449 1559 inferno,
2479 1507 2635 1560 neque
2660 1492 2802 1548 dabis
2820 1505 3050 1548 sanctum
3070 1502 3212 1548 tuum
3241 1496 3410 1552 videre
3432 1515 3548 1553 cor-

1959 1580 2245 1650 ruptionem
2268 1578 2441 1654 (Psat.
2462 1581 2547 1636 15.
2573 1580 2688 1651 10).
2710 1583 3001 1654 Propterea
3032 1595 3084 1641 te
3111 1601 3324 1657 quoque
3350 1587 3548 1657 Paulus

1962 1670 2275 1724 transmittit
2318 1670 2385 1724 ad
2429 1669 2735 1742 Scripturas
2761 1714 2775 1736 ,
2820 1682 2875 1727 ut
2903 1674 3042 1730 scias
3071 1674 3186 1730 lucc
3228 1656 3334 1731 non
3384 1656 3548 1733 fuisse

1961 1759 2096 1816 facta
2123 1770 2326 1818 temere
2355 1771 2408 1817 et
2437 1763 2532 1818 abs
2564 1779 2641 1820 re.
2677 1765 2956 1832 Quomodo
2977 1769 3143 1836 enim,
3166 1784 3286 1824 cum
3317 1779 3393 1825 tot
3423 1752 3548 1841 pro-

1962 1855 2138 1923 pliette
2192 1867 2254 1907 ea
2314 1853 2460 1922 prius
2511 1854 2821 1910 describant
2872 1868 2928 1912 et
2978 1860 3340 1928 proclament,
3401 1865 3545 1934 quod

1960 1938 2231 2018 Scriptura
2256 1961 2512 2017 tmsquam
2540 1947 2681 2002 dicat
2712 1959 2935 2004 mortem
2962 1953 3183 2020 peccati,
3215 1944 3544 2010 mentionem

1964 2034 2165 2092 faciens
2191 2024 2379 2092 mortis
2408 2037 2639 2117 Domini,
2665 2039 2759 2094 sed
2782 2042 3117 2112 corporalem
3140 2053 3193 2099 et
3215 2046 3544 2117 sepulturam

1963 2136 2018 2183 et
2045 2129 2203 2183 talem
2235 2132 2680 2186 resurrectionem
2703 2131 2727 2184 ?
2843 2131 2903 2203 Et
2929 2135 3067 2205 quod
3091 2137 3227 2215 visus
3248 2149 3320 2192 est
3337 2137 3543 2211 Ceplttc.

1964 2218 2097 2275 Eum
2129 2221 2306 2276 statim
2328 2222 2499 2292 ponit,
2534 2224 2622 2294 qui
2663 2234 2745 2279 est
2776 2226 3011 2280 omnium
3045 2227 3148 2283 ﬁde
3178 2229 3545 2302 dignissimus.

1967 2310 2033 2365 Et
2061 2321 2172 2382 post
2199 2312 2292 2367 Itoc
2319 2315 2582 2370 duodecim
2621 2331 2640 2369 :
2678 2316 2732 2372 6.
2758 2318 2940 2374 deinde
2972 2319 3109 2375 visus
3138 2331 3211 2376 est
3243 2323 3361 2392 plus
3395 2341 3549 2393 quam

1964 2405 2247 2477 quingentis
2271 2406 2512 2477 fratribus
2535 2408 2707 2472 simul,
2728 2427 2791 2465 ex
2809 2413 2990 2481 quibus
3006 2415 3155 2468 multi
3170 2426 3371 2471 manent
3394 2435 3549 2490 usque

1965 2495 2132 2550 adhuc
2154 2539 2170 2565 ,
2197 2497 2405 2569 quidam
2430 2511 2600 2555 autem
2640 2500 2954 2557 dormierunt
2980 2521 3000 2559 :
3030 2505 3082 2559 7.
3108 2507 3289 2563 deinde
3321 2511 3452 2564 visus
3475 2522 3549 2566 est

1964 2586 2177 2656 Iacobo,
2207 2588 2389 2645 deinde
2411 2594 2657 2662 apostolis
2692 2595 2924 2651 omnibus
2950 2613 2969 2651 :
2994 2598 3048 2653 8.
3090 2601 3353 2656 novissime
3380 2613 3548 2658 autem

1964 2681 2189 2736 omnium
2215 2691 2470 2752 tamquam
2495 2683 2720 2739 abortivo
2746 2687 2882 2742 visus
2909 2698 2981 2741 est
3003 2701 3051 2742 et
3084 2690 3229 2747 nti/ti.
3259 2690 3546 2764 Postquam

1965 2771 2107 2827 enim
2131 2772 2276 2825 illam
2307 2789 2373 2829 ex
2411 2772 2702 2845 Seripturis
2741 2778 2980 2833 ostendit
3011 2779 3547 2851 demonstrationem,

1964 2878 2083 2919 eam
2114 2865 2278 2919 etiam
2307 2865 2455 2922 addit
2481 2882 2601 2939 quae
2633 2884 2729 2938 per
2754 2884 2842 2925 res
2869 2869 2946 2933 ﬁt,
2973 2880 3141 2928 testes
3161 2874 3437 2932 adducens
3462 2893 3550 2934 re—

1963 2955 2314 3010 surrectionis
2336 2967 2455 3026 post
2478 2958 2765 3031 prophetas
2785 2963 3061 3032 apostolos
3076 2973 3130 3020 et
3145 2966 3280 3022 alios
3303 2969 3547 3031 homines

1965 3044 2168 3102 ﬁdeles.
2194 3046 2250 3102 Si
2292 3059 2472 3105 autem
2509 3051 2652 3106 illam
2693 3056 3147 3113 resurrectionem
3184 3059 3405 3118 dixisset
3430 3078 3552 3121 esse

1964 3152 1993 3191 a
2015 3147 2235 3209 peccato
2252 3138 2644 3208 liberationem,
2665 3158 3117 3216 supervacaneum
3137 3148 3327 3208 fuisset
3345 3154 3547 3221 dicere,

1967 3228 2126 3286 Visus
2151 3240 2234 3285 est
2265 3231 2387 3287 huic
2427 3241 2479 3287 et
2519 3234 2617 3289 illi.
2651 3235 2764 3291 lloc
2789 3239 2934 3293 enim
2961 3248 3047 3294 est
3065 3241 3185 3312 ejus
3211 3245 3300 3314 qui
3332 3244 3455 3301 facit
3482 3248 3548 3302 ﬁ-

1966 3320 2088 3375 dem
2118 3325 2819 3397 resurreetionis'corporis,
2853 3345 2958 3385 non
2987 3332 3105 3402 ejus
3129 3334 3217 3404 qui
3247 3336 3552 3393 subindieat

1964 3412 2338 3468 liberationem
2366 3431 2395 3468 a
2428 3418 2679 3487 peccatis.

2035 3505 2089 3559 4.
2131 3504 2419 3574 Propterea
2471 3521 2645 3577 neque
2696 3511 2861 3565 semel
2903 3511 3039 3566 dixit
3072 3513 3223 3579 illud,
3271 3514 3412 3569 l'isus
3443 3528 3541 3583 est,

1965 3609 2288 3666 quamquam
2311 3597 2364 3653 id
2381 3597 2925 3655 suﬁ‘ecissetdietione
2957 3602 3008 3656 in
3038 3606 3306 3659 communi
3331 3607 3500 3675 posita
3536 3629 3548 3662 :

1966 3701 2107 3740 nunc
2132 3694 2310 3740 autem
2338 3697 2392 3743 et
2422 3688 2503 3742 his
2523 3697 2578 3744 et
2606 3699 2688 3745 ter
2712 3707 2831 3746 eam
2862 3693 3036 3765 ponit,
3069 3705 3123 3750 et
3147 3696 3197 3751 in
3231 3713 3552 3771 unoquoque

1964 3774 2076 3831 fere
2100 3791 2287 3832 eorum
2325 3780 2414 3850 qui
2443 3780 2708 3836 viderunt.
2749 3781 2898 3840 Visus
2938 3796 3009 3840 est
3037 3788 3200 3847 enim.
3232 3791 3420 3859 inquit,
3453 3794 3551 3848 (Je-

1965 3866 2115 3935 pltaz;
2138 3868 2273 3923 visus
2294 3880 2365 3923 est
2392 3871 2660 3943 plusquam
2685 3875 2971 3947 quingentis
2992 3880 3271 3950 fratribus;
3317 3885 3451 3939 visus
3480 3897 3554 3941 est

1964 3967 2012 4012 et
2036 3958 2180 4014 mihi.
2237 3962 2397 4032 Atqui
2451 3963 2797 4037 Evangelium
2843 3966 2971 4024 dicit
3009 3976 3356 4042 contrarium,
3408 3982 3548 4050 quod

1963 4053 2110 4107 visus
2138 4053 2205 4108 sit
2227 4054 2455 4124 primum
2485 4056 2683 4113 Marize.
2710 4058 2818 4116 Sed
2849 4061 2988 4117 inter
3005 4064 3147 4121 viros
3174 4066 3297 4122 huic
3319 4071 3548 4139 primunt

1962 4155 2044 4201 est
2070 4147 2213 4200 visus
2234 4148 2321 4216 qui
2351 4148 2580 4202 maxime
2606 4163 2729 4204 eum
2757 4152 3009 4221 cupiebat
3037 4155 3239 4211 videre.
3278 4159 3547 4223 Quosuam

1962 4246 2138 4290 autem
2163 4237 2249 4291 hic
2267 4236 2394 4290 dicit
2415 4237 2695 4293 duodecim
2717 4241 3030 4309 apostolos?
3057 4259 3180 4298 nam
3204 4257 3324 4315 post
3343 4264 3549 4304 assmu-

1965 4329 2200 4398 ptionem
2226 4329 2275 4382 in
2299 4344 2483 4382 eorum
2511 4345 2791 4386 numerum
2812 4334 3010 4389 relatus
3030 4334 3128 4389 fuit
3154 4333 3420 4407 Mattltias,
3443 4359 3546 4398 non

1964 4420 2144 4474 statim
2176 4408 2314 4489 post
2344 4422 2817 4479 resurrectionem.
2851 4424 2958 4481 Sed
2988 4435 3070 4482 est
3098 4430 3387 4487 verisimile
3425 4451 3546 4490 eum

1968 4509 2130 4566 fuisse
2157 4512 2328 4565 visum
2350 4513 2510 4566 etiam
2545 4524 2665 4583 post
2689 4522 3130 4587 assumptionem.
3167 4519 3264 4576 Hie
3289 4523 3405 4593 ipse
3432 4529 3549 4597 qui-

1965 4604 2085 4660 dem
2113 4615 2259 4660 certe
2287 4605 2562 4675 apostolus
2601 4615 2721 4677 post
2758 4610 3178 4679 assumptionem
3225 4623 3280 4669 et
3327 4628 3545 4675 vocatus

1965 4695 2084 4763 fuit,
2118 4706 2172 4752 et
2216 4698 2385 4767 ipsum
2416 4697 2567 4753 vidit.
2612 4698 2897 4769 Propterea
2930 4716 3103 4773 neque
3129 4706 3276 4775 ponit
3305 4714 3543 4779 tempus,

1964 4788 2059 4844 sed
2087 4789 2333 4846 absolute
2355 4799 2407 4845 et
2433 4789 2708 4846 indeﬁnite
2739 4801 2981 4847 retenset
3002 4793 3231 4851 visiones
3264 4815 3277 4851 :
3311 4815 3431 4853 nam
3456 4817 3541 4857 re-

1965 4882 2187 4938 risimile
2218 4892 2297 4937 cst
2325 4883 2517 4938 multas
2543 4880 2728 4939 fuisse.
2758 4874 2883 4939 ideo
2911 4884 3144 4953 Joannes
3161 4904 3372 4960 quoque
3391 4893 3542 4958 dixit,

1965 4976 2147 5030 Tertio
2170 4976 2280 5046 jam
2307 4975 2664 5030 manilestavit
2691 4976 2946 5046 seipsum.
2974 4977 3172 5033 Deinde
3203 4981 3332 5036 visus
3361 4994 3434 5036 est
3455 5001 3546 5039 su-

1965 5083 2058 5141 pra
2078 5067 2361 5138 quingentis
2387 5066 2629 5137 fratribus
2657 5065 2846 5139 (Joan.
2878 5068 2971 5122 2t.
3031 5072 3051 5124 l
3080 5070 3121 5142 ).
3176 5071 3350 5140 Aliqui
3383 5074 3510 5132 illud
3532 5118 3547 5141 ,

1966 5158 2352 5231 Supra,dicunt
2372 5173 2491 5212 esse
2512 5172 2669 5226 supta
2691 5174 2722 5212 ε
2750 5158 2915 5214 cadis.
2943 5157 3057 5213 Non
3080 5160 3222 5217 enim
3244 5146 3418 5232 supra.
3432 5177 3514 5229 ter
3529 5200 3545 5206 -

1964 5269 2081 5307 ram
2115 5252 2382 5320 gradiens,
2411 5249 2503 5305 sed
2536 5265 2768 5318 superne
2790 5260 2843 5303 et
2885 5265 3043 5323 supra
3073 5264 3231 5323 caput
3281 5257 3358 5312 eis
3399 5258 3544 5314 visus

1963 5352 2063 5398 est.
2102 5341 2214 5396 Non
2257 5341 2428 5417 solum
2468 5342 2609 5415 enim
2642 5339 2854 5395 volebat
2897 5340 3073 5398 facere
3104 5344 3259 5400 ﬁdem
3299 5363 3543 5403 resurre-

1963 5435 2145 5500 ctioni,
2171 5433 2265 5490 sed
2293 5434 2451 5489 etiam
2484 5435 2856 5505 assumptioni.
2900 5433 3122 5505 Quidam
3150 5450 3330 5493 autem
3378 5438 3537 5502 illud,

1962 5528 2136 5601 Supra
2160 5526 2460 5599 quingentis,
2489 5524 2670 5580 dicunt
2691 5526 2967 5598 plusquam
2988 5529 3312 5599 quingentis.
3334 5518 3416 5582 Ea:
3439 5529 3542 5595 qui-

1962 5602 2052 5676 bus
2074 5618 2219 5691 multi
2245 5628 2443 5691 manent
2470 5635 2623 5689 usque
2647 5614 2834 5675 adhuc.
2859 5619 2988 5691 Nam
3009 5612 3131 5685 etsi,
3156 5619 3345 5688 inquit,
3378 5629 3542 5668 narro

1963 5729 2050 5768 res
2105 5688 2369 5782 antiquas,
2411 5709 2583 5766 habeo
2637 5721 2811 5766 tamen
2860 5719 3023 5765 testes
3052 5704 3534 5776 adlmevivcntcs.

3152 5805 3223 5864 21
