4018 6156
486 335 608 391 ’527

493 455 712 522 Quidam
741 461 903 507 autent
935 449 1266 504 dormierunt.
1309 446 1426 501 Non
1471 445 1625 507 dixit,
1676 443 1866 496 Mortui
1909 450 2068 504 sunt;

491 557 607 610 sed,
629 548 974 606 Dormierttnt,
1021 541 1120 594 hac
1155 553 1368 608 quoque
1393 537 1626 591 dictione
1659 548 1844 588 rursus
1871 533 2070 587 Confir-

492 653 643 690 ntans
673 634 1146 690 resurrectionem.
1193 630 1385 683 Deinde
1425 631 1558 682 visus
1585 640 1657 680 est
1686 624 1900 679 Iacobo.
1949 624 2071 678 Mihi

493 733 702 788 videtur
730 731 927 795 dicere,
960 728 1104 782 fratri
1136 743 1265 782 suo:
1287 727 1398 795 ipse
1419 726 1560 778 enim
1579 722 1772 776 dicitur
1787 723 1833 775 ei
1859 733 2072 773 maumu

489 823 808 893 imposuisse
834 836 897 876 ac
917 821 1087 888 ipsum
1114 818 1410 880 Ordiuasse,
1433 825 1488 870 et
1514 815 1739 884 primum
1765 812 2072 881 episc0pum

487 916 681 971 fecisse
706 915 1077 986 lerosolymis.
1110 910 1310 966 Deinde
1346 909 1588 981 apostolis
1632 908 1880 961 omnibus.
1910 905 2077 961 Erant

475 1010 631 1063 enim
663 1009 822 1063 etiam
872 1007 962 1061 alii
992 1005 1242 1074 apostoli,
1291 1015 1349 1057 ut
1401 1001 1758 1070 septuaginta.
1793 995 2077 1052 Novissime

489 1113 656 1155 autem
675 1102 898 1155 omnium
921 1110 1175 1168 tamquam
1193 1097 1348 1151 alicui
1367 1097 1590 1149 abortivo
1612 1094 1746 1147 visus
1767 1102 1838 1146 est
1858 1101 1905 1144 et
1931 1091 2073 1144 mihi.

489 1193 603 1247 Hoc
634 1191 852 1247 verbum
887 1189 1201 1244 modestiam
1234 1187 1389 1241 valde
1418 1185 1574 1253 sapit.
1611 1183 1725 1237 Non
1776 1183 1916 1236 enim
1945 1195 2076 1250 quo-

487 1287 634 1338 niam
665 1292 782 1339 erat
812 1282 1081 1344 minimus,
1117 1288 1397 1349 propterea
1429 1285 1548 1346 post
1568 1275 1700 1328 alios
1727 1274 1775 1328 ei
1801 1274 1944 1326 visus
1973 1283 2075 1326 est.

489 1375 622 1430 Nam
654 1374 862 1430 etiamsi
908 1388 969 1428 se
996 1372 1204 1427 vocavit
1244 1369 1511 1434 ultimum,
1539 1367 1698 1436 longe
1730 1365 1794 1417 iis
1837 1364 1925 1433 qui
1954 1373 2077 1416 ante

491 1465 665 1537 ipsum
694 1468 924 1528 fuerunt,
950 1463 1033 1518 vel
1056 1462 1229 1532 potius
1253 1460 1500 1515 omnibus
1520 1458 1662 1510 visus
1679 1466 1758 1510 est
1783 1454 2036 1510 illustrior
2059 1470 2073 1507 :

491 1574 591 1613 nec
619 1557 892 1628 quingenti
924 1555 1117 1609 fratres
1144 1551 1346 1608 Jacobo
1382 1551 1597 1604 fuerunt
1639 1547 1908 1610 meliores,
1939 1558 2076 1614 quo-

489 1651 632 1704 niam
664 1656 790 1702 ante
819 1646 965 1700 illum
994 1645 1073 1699 eis
1101 1644 1248 1699 visus
1267 1651 1367 1696 est.
1412 1641 1474 1694 Et
1494 1654 1590 1693 cur
1616 1652 1720 1691 non
1745 1635 1903 1690 simul
1931 1635 2078 1688 visus

487 1753 574 1797 est
599 1737 851 1795 omnibus
866 1737 980 1795 ‘t‘Ut
1009 1737 1131 1792 ﬁdei
1158 1735 1363 1791 semina
1391 1733 1537 1802 prius
1572 1731 1794 1800 jaceret.
1827 1726 1959 1781 Nam
1987 1727 2076 1794 qui

476 1834 636 1906 -,prior
665 1832 902 1897 vi'dit,et
926 1838 1114 1884 exacte
1142 1825 1316 1882 factus
1338 1835 1422 1880 est
1462 1823 1679 1885 certior,
1726 1819 1846 1874 aliis
1871 1833 2079 1872 annun-

487 1925 691 1981 tiabat:
719 1920 913 1978 deinde
954 1935 1134 1976 sermo
1180 1915 1517 1987 priet-enicas
1545 1909 1907 1968 constituebat
1954 1923 2076 1963 eum

487 2017 575 2084 qui
607 2013 958 2080 audiebat,'in
985 2025 1179 2080 magna
1208 2008 1367 2077 lnthis
1391 2003 1636 2061 miraculi
1655 2001 2075 2072 exspectatione,

487 2117 540 2162 et
567 2109 705 2161 viam
730 2104 1014 2160 muniebat
1042 2103 1109 2157 ad
1135 2101 1294 2156 ﬁdem
1323 2109 1450 2154 ante
1479 2097 1759 2152 visionem.
1789 2093 2078 2165 Propterea

489 2212 663 2267 neque
688 2194 844 2251 simul
861 2195 1008 2249 visus
1027 2203 1111 2248 est
1135 2190 1406 2254 omnibus,
1431 2203 1602 2257 neque
1625 2187 1676 2240 in
1698 2185 1849 2240 initio
1874 2183 2076 2248 multis,

489 2291 584 2344 sed
617 2290 704 2344 oui
729 2290 827 2342 soli
853 2289 1100 2357 primum,
1119 2286 1276 2355 eique
1296 2283 1532 2338 omnium
1549 2278 1834 2351 coryphmo
1863 2286 1918 2332 et
1945 2275 2078 2332 ﬁde-

490 2382 721 2435 lissimo.
754 2377 1088 2434 Fidelissima
1121 2375 1266 2431 enim
1307 2374 1548 2428 maxime
1575 2373 1750 2426 anima
1778 2382 1913 2440 opus
1942 2376 2078 2432 erat,

489 2487 609 2542 qua:
637 2471 802 2541 prima
835 2471 971 2524 hanc
993 2470 1256 2538 acciperet
1276 2466 1564 2520 visionem.
1593 2462 1724 2517 Nam
1747 2461 1834 2532 qui
1858 2460 2078 2528 aSpicie-

489 2567 618 2620 bant
650 2577 927 2636 postquam
956 2564 1043 2619 alii
1073 2562 1335 2617 vidissent
1381 2570 1431 2614 et
1478 2559 1546 2613 ab
1586 2558 1714 2627 ipsis
1743 2555 2076 2616 audiisseut,

492 2655 760 2712 habebant
787 2657 997 2710 illorum
1033 2653 1413 2715 testimonium,
1439 2666 1545 2704 non
1581 2663 1766 2718 parum
1797 2644 2080 2702 conferens

491 2748 558 2802 ad
588 2747 743 2802 ﬁdem
775 2747 1092 2811 faciendam,
1119 2755 1172 2802 et
1220 2757 1529 2815 praeparans
1555 2756 1740 2796 eormn
1794 2747 2027 2794 mentem
2063 2755 2075 2786 :

493 2841 580 2909 qui
606 2848 782 2895 autem
807 2841 1009 2910 primus
1035 2836 1226 2908 dignus
1249 2845 1331 2891 est
1359 2834 1573 2889 habitus
1598 2834 1686 2903 qui
1709 2848 1829 2887 eum
1853 2830 2076 2896 videret,

493 2947 705 3001 magna,
741 2931 879 2985 sicut
908 2940 1064 2984 antea
1109 2929 1239 2995 dixi,
1289 2927 1391 2980 ﬁde
1421 2940 1556 2994 opus
1585 2922 1852 2987 habebat,
1887 2937 1953 2976 ne
1982 2921 2077 2974 ad-

493 3025 747 3092 mirabili,
777 3036 829 3078 et
859 3023 998 3093 quod
1030 3037 1244 3076 onmem
1268 3031 1485 3089 superat
1506 3021 1832 3089 Opinionem,
1860 3027 2077 3071 contur-

497 3121 714 3172 tzaretur
741 3113 1066 3185 spectaculo.
1095 3113 1382 3183 Propterea
1416 3111 1644 3181 primum
1662 3118 1877 3180 apparet
1897 3107 2076 3162 Petro.

487 3207 625 3262 Nam
657 3208 745 3276 qui
778 3206 982 3277 primus
1009 3203 1282 3259 Christum
1329 3209 1410 3256 est
1454 3199 1751 3265 confessus,
1775 3199 1895 3269 jure
1920 3199 2077 3253 etiam

495 3299 686 3368 dignus
711 3308 790 3352 est
810 3296 1020 3351 habitus
1049 3295 1136 3366 qui
1164 3295 1364 3364 primus
1387 3291 1590 3347 videret
1615 3291 2077 3346 resurrectionem.

495 3391 609 3444 Non
643 3397 859 3460 propter
894 3388 994 3441 hoc
1019 3398 1196 3440 autem
1227 3391 1448 3454 apparet
1481 3382 1580 3438 soli
1602 3381 1761 3437 Petro
1784 3421 1800 3446 ,
1831 3380 1925 3435 sed
1946 3393 2080 3449 quo-

497 3481 637 3534 niam
665 3492 714 3536 et
747 3482 916 3551 ipsmn
949 3486 1255 3548 negaverat,
1286 3492 1348 3530 ex
1377 3473 1700 3529 abundantia
1731 3487 1854 3527 eum
1883 3486 2077 3525 conso-

497 3579 610 3629 laus
635 3582 690 3629 et
715 3573 1002 3629 ostendens
1025 3587 1127 3626 non
1161 3585 1279 3625 esse
1306 3569 1576 3638 repulsum
1596 3609 1612 3634 ,
1640 3573 1763 3621 ante
1787 3565 1925 3620 alios
1955 3579 2077 3618 eum

497 3668 597 3721 lzac
619 3668 866 3735 dignatus
890 3675 971 3719 est
997 3665 1223 3726 visione,
1257 3672 1306 3715 et
1338 3661 1509 3730 primo
1529 3674 1659 3714 oves
1690 3657 1925 3712 tradidit.
1956 3655 2084 3710 Pro-

500 3771 677 3827 pterea
705 3760 864 3812 etiam
917 3757 1102 3827 primis
1131 3755 1278 3809 visus
1307 3765 1388 3808 est
1433 3752 1766 3808 mulieribus.
1820 3751 2080 3818 Quoniam

501 3850 722 3902 minoris
752 3847 1072 3902 conditionis
1103 3855 1216 3900 erat
1247 3846 1332 3900 hic
1357 3858 1535 3908 sexus,
1571 3856 1852 3915 propterea
1892 3841 2084 3898 mulier

498 3948 551 3992 et
577 3941 627 3992 in
649 3939 764 4006 ejus
795 3945 913 3990 ortu
945 3945 996 3990 et
1027 3941 1078 3990 in
1125 3937 1518 3989 resurrectioae
1556 3934 1724 4002 prima
1754 3937 1914 3987 sentit
1964 3948 2086 4003 gra-

495 4033 649 4083 tiam.
683 4029 806 4083 Post
837 4029 1052 4082 Petrum
1081 4035 1256 4080 autem
1288 4035 1338 4080 et
1363 4026 1590 4094 sparsim
1619 4025 1903 4094 unicuique
1923 4039 2084 4093 appa-

493 4130 620 4187 ret;
677 4132 728 4174 et
772 4117 1058 4189 aliquando
1108 4114 1320 4186 quidem
1364 4115 1749 4185 paucioribus,
1798 4115 2084 4184 aliquando

499 4223 678 4268 autent
707 4211 966 4281 pluribus,
1014 4206 1162 4278 ipsos
1202 4205 1341 4260 inter
1369 4219 1428 4259 sc
1475 4213 1638 4259 testes
1678 4215 1731 4259 et
1757 4204 2003 4260 doctores
2029 4203 2082 4261 in

501 4305 601 4358 hoc
629 4302 847 4367 faciens,
903 4308 957 4356 et
1005 4295 1278 4370 apostolos
1305 4297 1537 4352 reddens
1583 4295 1686 4352 ﬁde
1712 4297 1901 4367 dignos
1932 4297 1982 4351 in
2021 4298 2086 4352 iis

498 4411 617 4465 quae
643 4395 908 4449 dicebant.
936 4389 1221 4446 Novissime
1248 4397 1415 4442 autem
1447 4389 1670 4443 onmium
1698 4398 1951 4460 tamquam
1979 4391 2085 4444 cui-

501 4488 616 4542 dam
639 4488 861 4542 abortivo
883 4486 1016 4538 visus
1041 4493 1114 4537 est
1155 4481 1298 4536 mihi.
1320 4481 1456 4550 Quid
1483 4482 1582 4537 sibi
1613 4482 1798 4538 volunt
1840 4482 1925 4536 hic
1971 4482 2085 4536 hrec

502 4579 664 4633 verba
690 4575 1024 4641 humilitatis,
1048 4582 1138 4627 aut
1166 4587 1451 4644 quamnam
1481 4570 1679 4628 habent
1708 4573 2084 4628 occasionem?

503 4669 632 4722 Nam
659 4669 702 4722 si
734 4667 844 4720 vult
870 4681 928 4719 se
951 4679 1072 4720 esse
1092 4664 1193 4719 ﬁde
1218 4663 1434 4734 dignum
1457 4672 1511 4718 et
1540 4663 1774 4734 seipsum
1801 4663 2001 4719 referre
2031 4665 2084 4718 in

506 4775 782 4816 nutrierum
805 4759 1014 4813 testium
1032 4755 1459 4824 resurrectionis,
1482 4757 1806 4812 contrarium
1829 4757 2084 4827 facitejus

505 4850 644 4920 quod
660 4850 871 4906 volebat
891 4867 906 4903 :
922 4859 1195 4919 oporteret
1207 4846 1349 4904 enim
1363 4861 1422 4902 se
1439 4845 1716 4914 extollere,
1730 4855 1786 4904 et
1801 4848 2087 4905 ostendere

505 4959 625 4999 esse
654 4957 923 5012 magnum,
953 4939 1094 5010 quod
1121 4954 1264 5008 saepe
1294 4937 1419 4994 facit
1439 4953 1559 4994 cum
1593 4948 1802 5009 tempus
1831 4939 2080 5007 postulat.

501 5036 792 5108 Propterea
823 5034 965 5089 enim
1026 5029 1112 5086 hic
1147 5044 1356 5100 quoque
1393 5029 1632 5086 modeste
1671 5031 1920 5098 loquitur,
1952 5047 2082 5103 quo-

504 5131 644 5182 niam
661 5126 764 5181 hoc
784 5123 1183 5190 eratfacturus;
1208 5123 1300 5177 sed
1323 5137 1426 5177 non
1446 5121 1648 5190 statim,
1672 5138 1854 5178 verum
1878 5139 1998 5178 cum
2020 5139 2082 5179 ea

506 5232 604 5285 qua
630 5231 727 5287 par
748 5227 827 5272 est
857 5216 1158 5288 prudentia.
1185 5215 1320 5273 Nam
1345 5231 1466 5270 cum
1491 5216 1646 5286 prius
1674 5215 1914 5271 modeste
1941 5227 2086 5272 esset

504 5311 776 5378 loquutus,
803 5317 857 5362 et
874 5309 931 5362 in
962 5322 1022 5364 se
1052 5309 1248 5363 multas
1277 5307 1635 5378 congessisset
1660 5309 2081 5373 criminationes.

502 5413 629 5455 time
657 5413 743 5453 res
768 5411 892 5453 suas
928 5400 1230 5468 ampliﬁcat.
1273 5399 1488 5468 Quare?
1531 5399 1600 5456 Ut
1653 5413 1774 5455 cum
1832 5417 2080 5472 magnum

503 5491 775 5563 quidpiam
799 5500 860 5544 et
887 5490 1116 5545 sublime
1144 5489 1211 5544 de
1241 5503 1298 5544 se
1327 5491 1574 5559 loquutus
1616 5489 1794 5552 fuerit.
1829 5502 1889 5547 ut
1929 5494 2078 5559 illud,

503 5588 627 5641 Plus
657 5601 806 5655 quam
827 5598 1002 5638 omnes
1021 5581 1262 5648 laboravi,
1293 5597 1355 5637 ea
1383 5585 1589 5638 ratione
1609 5594 1756 5654 grata
1780 5597 1831 5641 et
1863 5596 2078 5658 accepta

501 5681 565 5736 sit
592 5677 786 5740 oratio,
817 5675 958 5745 quod
987 5691 1054 5733 ex
1080 5673 1311 5745 quadam
1339 5674 1537 5728 dictum
1566 5677 1636 5730 sit
1674 5677 2076 5746 consequentia,

499 5790 604 5826 non
635 5785 699 5826 ex
738 5767 1071 5838 precedentc
1119 5765 1383 5823 instituto.
1419 5765 1710 5834 Propterea
1760 5771 1916 5828 etiam
1948 5775 2080 5828 seri.

1225 335 1282 391 S.
1323 329 1599 388 J‘OANNIS
1635 326 2107 386 CIIBYSOSTOMI
2149 329 2462 386 ARCHIEP.
2505 323 3037 384 CONSTANTINOP.

3654 335 3761 392 3'28

2179 441 2310 495 bens
2352 442 2417 494 ad
2453 441 2811 509 Timotheum,
2858 461 2977 499 cum
3027 451 3170 500 esset
3196 457 3382 514 magna
3412 445 3480 502 de
3508 461 3568 502 se
3587 447 3764 502 dictu.

2174 546 2286 595 rus,
2340 533 2484 600 prius
2517 534 2662 602 ponit
2704 550 2828 588 suas
2867 535 3268 590 criminationes
3298 538 3388 606 (1.
3417 535 3556 591 Tim.
3586 538 3638 593 I.
3670 541 3760 593 ιςι.

2173 639 2307 692 seqq.
2325 623 2370 694 ).
2403 623 2536 707 Nam
2563 626 2650 693 qui
2679 626 2744 679 de
2772 626 2890 679 aliis
2919 626 3132 695 quidem
3177 641 3425 697 magnum
3456 629 3582 698 quid
3607 630 3762 695 dicit,

2177 713 2438 782 intrepide
2465 715 2700 784 loquitur
2723 727 2778 770 et
2801 731 2987 770 secure
3012 735 3025 770 :
3045 718 3132 788 qui
3155 727 3330 771 autem
3355 734 3578 774 necesse
3600 721 3767 776 habet

2175 805 2408 874 seipsum
2434 806 2671 873 laudare,
2706 808 2936 864 maxime
2961 822 3088 864 vero
3119 825 3239 864 cum
3268 811 3506 880 seipsum
3553 812 3765 882 profert

2175 905 2388 963 testem,
2423 898 2624 967 pudore
2643 900 2872 954 afficitur
2901 909 2955 955 et
2982 901 3270 956 erubescit.
3292 899 3416 956 Ideo
3441 901 3529 958 hic
3551 919 3768 974 quoque

2177 987 2364 1044 beatus
2413 991 2646 1060 seipsmn
2709 993 2853 1062 prius
2901 995 3151 1048 miserum
3182 995 3508 1064 pronuntiat,
3539 1007 3595 1050 et
3641 1008 3770 1054 tunc

2178 1078 2305 1133 illud
2337 1096 2583 1151 magnum
2624 1084 2874 1155 loquitur.
2903 1085 3014 1140 lloc
3061 1093 3240 1140 autem
3273 1085 3418 1154 facit,
3451 1095 3505 1143 et
3533 1089 3768 1159 prepria:

2178 1169 2348 1224 laudis
2368 1175 2662 1228 molestiam
2681 1190 2952 1242 resecans,
2973 1184 3154 1247 etquae
3181 1185 3363 1246 postea
3385 1186 3510 1233 sunt
3538 1180 3768 1236 dicenda

2179 1263 2304 1317 hinc
2327 1264 2431 1318 ﬁde
2455 1265 2609 1336 digna
2631 1266 2891 1322 efﬁciens.
2935 1267 3067 1322 Nam
3113 1269 3203 1338 qui
3252 1284 3371 1339 quae
3415 1279 3541 1324 sunt
3572 1274 3772 1340 probro

2178 1353 2348 1408 danda
2380 1372 2500 1410 cum
2528 1359 2752 1414 veritate
2781 1360 2983 1427 retulit,
3017 1371 3071 1414 et
3100 1360 3232 1415 nihil
3260 1375 3450 1418 eorum
3468 1364 3680 1429 celavit,
3711 1375 3772 1420 ttt

2177 1447 2322 1516 quod
2354 1447 2642 1502 Ecclesiatn
2673 1451 2742 1503 sit
2787 1461 3158 1522 persequutus,
3205 1452 3347 1523 quod
3377 1455 3535 1510 ﬁdem
3564 1455 3771 1512 labefa-

2177 1549 2326 1596 ctare
2351 1552 2596 1608 conatus,
2626 1543 2750 1598 hinc
2777 1545 2937 1600 etiam
2965 1544 3133 1601 efﬁcit
3163 1555 3221 1600 ut
3245 1561 3366 1618 qua:
3391 1559 3516 1603 sunt
3537 1549 3769 1606 honesta

2177 1633 2285 1688 sint
2313 1633 2533 1690 minime
2554 1647 2823 1706 suspecta.

2250 1729 2303 1783 5.
2327 1725 2616 1785 Considera
2647 1739 2824 1786 autem
2852 1746 3008 1802 quam
3054 1731 3274 1803 insignis
3319 1734 3389 1788 sit
3416 1733 3532 1806 ejus
3557 1735 3778 1791 ltuntili-

2179 1817 2322 1873 litas.
2349 1817 2483 1874 Nam
2513 1835 2638 1875 cum
2690 1821 2932 1890 dixisset,
2983 1823 3276 1879 Novissime
3325 1835 3497 1880 auten:
3542 1833 3778 1882 omnium

2179 1911 2314 1965 visus
2339 1921 2412 1966 est
2452 1922 2498 1966 et
2529 1913 2673 1980 mihi,
2707 1930 2774 1968 eo
2820 1931 2928 1969 non
2961 1913 3058 1971 fuit
3085 1925 3412 1972 contentus:
3441 1915 3599 1972 Iulii
3623 1921 3778 1976 enim

2179 2002 2456 2069 nouissimi,
2490 2003 2680 2074 inquit,
2703 2006 2876 2075 primi,
2919 2015 2973 2060 et
3023 2009 3176 2078 primi
3222 2009 3478 2064 nouissimi
3530 2010 3776 2079 (Matth.

2181 2093 2270 2153 l9.
2315 2093 2438 2167 '50).
2479 2095 2766 2168 Propterea
2825 2097 3063 2166 addidit,
3103 2099 3381 2171 Tamquam
3423 2103 3628 2156 cuidam
3674 2106 3781 2158 ab-

2180 2188 2358 2242 ortiuo.
2407 2188 2589 2259 Neque
2642 2189 2730 2244 hic
2785 2191 2954 2258 stetit,
2996 2191 3091 2247 sed
3147 2207 3304 2248 suum
3359 2194 3522 2250 etiam
3564 2194 3781 2251 addidit

2178 2279 2436 2349 judicium
2495 2299 2507 2333 :
2567 2278 2620 2334 9.
2681 2279 2792 2351 Ego
2844 2281 2976 2335 enim
3027 2298 3138 2337 sum
3205 2285 3443 2338 minimus
3507 2286 3778 2356 apostola-

2183 2388 2337 2425 rum:
2364 2375 2448 2441 qui
2487 2389 2587 2426 non
2627 2389 2737 2426 sum
2776 2375 2960 2443 dignus
3003 2375 3173 2428 vocari
3217 2375 3501 2445 apostolus,
3533 2379 3778 2446 quoniam

2182 2466 2508 2536 persequutus
2548 2482 2658 2519 sum
2701 2463 2986 2521 Ecclesiam
3030 2467 3147 2523 Dei.
3187 2468 3306 2541 ‘Nou
3349 2468 3515 2535 dixit,
3555 2470 3775 2524 Duode—

2180 2557 2286 2612 cim
2339 2558 2532 2622 solum,
2589 2558 2683 2614 sed
2709 2560 2869 2614 etiam
2908 2561 3133 2615 aliorum
3179 2560 3444 2614 omnium.
3502 2560 3627 2614 liaze
3671 2578 3774 2616 au-

2184 2660 2290 2704 tem
2331 2652 2510 2705 omnia
2550 2652 2791 2720 dicebat,
2820 2651 2980 2707 simul
3018 2663 3073 2708 et
3115 2662 3270 2708 utens
3301 2653 3585 2720 modestia,
3615 2665 3670 2708 et
3693 2655 3778 2709 sic

2181 2754 2240 2798 ut
2269 2744 2376 2798 dixi
2401 2744 2644 2810 aﬂ'ectus,
2676 2755 2730 2799 et
2757 2746 2899 2815 quod
2923 2745 3208 2800 dicendum
3248 2753 3364 2800 erat
3404 2747 3555 2816 prius
3583 2745 3777 2814 dispo-

2183 2851 2338 2904 nens,
2377 2847 2430 2893 et
2482 2847 2540 2891 ut
2583 2837 2853 2891 lubentius
2883 2840 3220 2907 exciperetur
3258 2837 3517 2892 efficiens.
3565 2837 3696 2892 Nam
3727 2840 3776 2892 si

2184 2939 2597 2998 prmtergressus
2625 2929 2870 2995 dixisset,
2906 2930 3121 2985 Debetis
3153 2931 3280 2984 mibi
3331 2930 3575 2995 credere,
3628 2931 3776 2998 quod

2184 3021 2429 3076 Christus
2483 3022 2868 3086 resurrexerit;
2931 3021 3035 3075 vidi
3096 3021 3238 3077 enim
3299 3022 3495 3091 ipsum,
3546 3031 3600 3075 et
3651 3036 3777 3074 sum

2183 3113 2424 3167 omnium
2455 3112 2556 3165 ﬁde
2581 3111 2946 3181 dignissimus,
2979 3122 3032 3166 ut
3059 3112 3146 3182 qui
3187 3113 3310 3182 plus
3334 3111 3686 3166 laboraverim
3720 3112 3778 3166 id

2184 3202 2325 3273 quod
2356 3203 2632 3258 dicebatur
2659 3204 2820 3257 etiam
2860 3202 3171 3258 offendisset
3199 3218 3294 3257 eos
3324 3203 3410 3271 qui
3438 3201 3728 3256 audiebant
3762 3221 3778 3256 :

2187 3309 2329 3350 nunc
2359 3302 2537 3347 autem
2569 3294 2620 3348 in
2652 3294 2812 3348 rebus
2859 3293 3148 3348 humilibus
3188 3304 3242 3348 et
3293 3294 3510 3364 abjectis
3538 3293 3778 3362 primqu

2183 3395 2446 3450 versatus,
2474 3394 2526 3440 et
2555 3385 2607 3439 in
2626 3385 2689 3438 iis
2709 3401 2824 3454 qua:
2846 3385 3215 3440 criminatione
3236 3383 3393 3454 digna
3417 3395 3570 3439 erant
3589 3400 3603 3449 ;
3628 3384 3782 3453 ejus-

2187 3477 2329 3533 modi
2388 3477 2711 3532 narrationis
2760 3478 3053 3547 amputavit
3101 3478 3474 3547 asperitatem.
3537 3487 3588 3530 et
3634 3477 3777 3530 viam

2184 3572 2375 3627 muniit
2425 3570 2491 3625 ad
2546 3570 2838 3625 faciendam
2889 3570 3194 3624 testimonio
3241 3569 3421 3623 ﬁdem.
3473 3568 3771 3638 Propterea

2186 3679 2360 3734 neque
2385 3663 2578 3726 solum,
2610 3671 2666 3718 ut
2693 3663 2802 3718 dixi
2826 3705 2841 3725 ,
2861 3677 2918 3717 se
2937 3662 3248 3733 pronuntiat
3267 3677 3387 3716 esse
3416 3661 3682 3727 ultimum,
3716 3671 3778 3714 ct

2187 3753 2460 3824 indignum
2491 3753 2580 3822 qui
2606 3752 2903 3822 appelletur
2921 3752 3214 3821 apostolus,
3239 3751 3335 3806 sed
3354 3749 3506 3805 affert
3527 3764 3776 3814 causam,

2185 3847 2404 3910 dicens,
2457 3845 2706 3914 Quoniam
2747 3855 3072 3915 persequutus
3114 3861 3224 3898 sum
3269 3842 3563 3896 Ecclesium.
3605 3843 3779 3911 Atqui

2187 3938 2364 3992 omnia
2391 3936 2478 3990 illa
2513 3934 2723 3990 fuerant
2753 3938 2994 4000 remissa,
3018 3935 3110 3989 sed
3138 3944 3312 3989 tamen
3341 3934 3448 4004 ipse
3475 3948 3778 4002 numquam

2187 4035 2271 4083 est
2297 4043 2482 4082 eorum
2514 4027 2732 4092 oblitus,
2766 4027 2952 4083 volens
2980 4027 3262 4081 ostendere
3290 4027 3474 4096 gratia:
3500 4026 3779 4094 magnitu-

2187 4120 2386 4174 dinem.
2421 4118 2482 4174 Et
2515 4118 2629 4173 ideo
2665 4118 2956 4188 subjungit,
2979 4118 3164 4173 dicens
3194 4137 3206 4172 :
3243 4118 3330 4173 lO.
3376 4117 3555 4173 Gratia
3603 4127 3779 4172 autem

2187 4209 2284 4264 Dei
2308 4227 2416 4265 sum
2454 4209 2586 4278 quod
2623 4225 2754 4263 sum.
2791 4209 3034 4263 Vidistin’
3086 4224 3297 4264 rursum
3325 4209 3481 4263 aliam
3507 4224 3774 4262 summam

2189 4300 2573 4355 humilitatem?
2604 4299 2732 4352 Nam
2765 4299 2960 4353 delicta
3009 4299 3223 4368 quidem
3269 4299 3368 4352 sibi
3399 4300 3672 4364 attribuit,
3701 4314 3776 4354 ex

2187 4404 2332 4449 recte
2352 4405 2528 4447 autem
2558 4392 2709 4447 factis
2737 4393 2835 4445 sibi
2860 4391 3012 4455 nihil,
3046 4393 3140 4448 sed
3165 4402 3327 4446 totum
3361 4395 3471 4447 Deo
3491 4393 3772 4448 adscribit.

2191 4486 2390 4540 Deinde
2414 4501 2478 4539 ne
2510 4484 2595 4538 hic
2623 4485 2917 4539 auditorem
2947 4485 3134 4540 reddat
3180 4486 3448 4555 supinum,
3498 4486 3646 4550 dicit,
3702 4485 3775 4540 Et

2186 4575 2352 4646 gratia
2367 4576 2475 4645 ejus
2501 4577 2551 4628 in
2575 4592 2653 4628 me
2673 4591 2828 4628 vacua
2843 4593 2943 4630 non
2962 4576 3076 4646 fuit.
3105 4576 3171 4631 Et
3189 4577 3290 4630 hoc
3311 4592 3498 4631 rursus
3516 4576 3773 4632 demisse.

2185 4665 2303 4722 Non
2335 4665 2465 4720 dixit
2496 4667 2638 4720 enim
2659 4707 2674 4730 ,
2722 4666 2942 4721 Ostendi
2972 4667 3204 4723 studium
3235 4684 3298 4723 ac
3328 4667 3656 4738 diligentiam
3684 4669 3776 4721 di-

2187 4772 2344 4828 gnam
2370 4758 2559 4827 gratia,
2591 4757 2684 4814 sed
2717 4759 2804 4812 illa
2840 4757 3012 4813 Vacua
3029 4775 3127 4813 non
3149 4762 3266 4831 fuit.
3300 4760 3405 4815 Sed
3431 4759 3779 4813 abundantius

2189 4851 2290 4906 illis
2321 4850 2549 4906 omnibus
2599 4850 2842 4906 laboravi.

2260 4943 2418 4999 Pauli
2446 4943 2722 4998 humilitas.
2746 4943 2943 5000 —Non
2971 4943 3123 5012 dixit,
3148 4943 3276 4999 Sum
3309 4943 3617 5007 honoratus,
3651 4942 3775 5006 sed,

2188 5037 2438 5093 Laboravi
2466 5053 2486 5091 :
2511 5047 2564 5093 et
2588 5052 2706 5092 cum
2736 5047 2914 5107 posset
2934 5038 3112 5092 dicere
3137 5046 3189 5092 et
3220 5035 3452 5106 pericula
3475 5044 3529 5090 et
3548 5044 3778 5099 mortes,

2189 5130 2405 5185 nomine
2455 5129 2650 5184 laboris
2700 5143 2884 5183 rursus
2930 5137 3185 5184 extenuat
3234 5127 3373 5198 quod
3413 5127 3611 5182 dictum
3665 5135 3779 5184 est.

2192 5221 2391 5276 Deinde
2421 5236 2606 5276 rursus
2650 5221 2805 5276 solita
2837 5229 2992 5274 utens
3023 5221 3347 5285 humilitate,
3405 5219 3507 5274 hoc
3555 5233 3780 5288 quoque

2186 5313 2294 5366 cito
2341 5311 2720 5381 prmtercnrrit,
2779 5321 2833 5364 et
2883 5320 3053 5365 totum
3099 5311 3207 5366 Deo
3232 5309 3505 5370 adscribit.
3540 5307 3728 5362 dicens
3756 5323 3778 5361 :

2193 5401 2314 5458 Non
2331 5421 2421 5476 ego
2447 5417 2635 5468 autem,
2665 5406 2754 5457 ,ςιιιι
2774 5405 2938 5475 gratia
2959 5402 3055 5457 Dei
3077 5419 3289 5456 mecum.
3314 5400 3452 5470 Quid
3473 5399 3573 5454 hac
3592 5399 3778 5453 anima

2189 5497 2348 5552 fuerit
2373 5495 2780 5550 admirabilius?
2831 5495 2958 5549 Nam
2987 5509 3108 5548 cum
3133 5510 3228 5563 per
3252 5502 3357 5547 tam
3386 5493 3553 5548 multa
3583 5506 3643 5546 se
3669 5488 3780 5545 dc-

2192 5589 2493 5660 pressisset,
2523 5598 2578 5644 et
2623 5605 2782 5643 unum
2817 5585 3068 5657 quiddam
3117 5586 3280 5640 altum
3309 5585 3482 5639 solum
3514 5593 3662 5638 esset
3687 5581 3780 5638 lo-

2189 5693 2404 5753 quutus,
2436 5699 2502 5736 ne
2533 5681 2633 5738 hoc
2657 5681 2875 5752 quidem
2902 5692 3054 5733 suum
3079 5692 3199 5732 esse
3223 5677 3374 5740 dicit.
3393 5685 3448 5732 et
3470 5691 3541 5732 ex
3566 5677 3634 5730 iis
3654 5691 3785 5746 qua:

2188 5782 2571 5846 pra-cesserunt
2616 5781 2663 5817 et
2695 5785 2812 5841 qua-
2847 5771 3028 5837 postea
3050 5770 3178 5817 sunt
3196 5769 3444 5833 sequuta,
3471 5768 3644 5822 altum
3673 5766 3787 5822 hoc
