4018 6156
335 260 441 323 827

335 414 479 462 των,
509 394 769 464 ὡσπερεί
798 393 877 460 τῷ
910 396 1231 468 ἐκτρώματι
1276 400 1441 469 ὤφθη
1482 401 1680 471 κάμοί.
1732 400 1904 453 Τοῦτο

342 477 808 550 μετριοφροσύνης
860 479 1059 550 μᾶλλόν
1115 480 1231 535 ἐστι
1278 483 1342 535 τὸ
1382 483 1556 553 ῥῆμα.
1610 483 1745 551 Οὑδὲ
1797 483 1904 553 γὰρ

338 563 527 633 ἐπειδὴ
574 561 850 632 ἐλάχιστος
894 556 983 631 ἦν,
1023 561 1113 616 διά
1162 563 1323 617 τοῦτο
1374 566 1517 635 μετά
1547 567 1676 630 τοὺς
1713 566 1905 629 ἄλλους

337 643 489 715 αὐτῷ
521 643 694 715 ὤφθη
723 644 844 697 ἐπεὶ
877 643 980 698 κᾶν
1009 645 1237 716 ἔσχατον
1269 647 1521 713 ἐκάλεσε,
1560 647 1772 702 πολλῶν
1797 648 1904 701 τῶν

338 727 447 798 πρὸ
473 727 655 791 αὑτοῦ,
704 726 902 797 μᾶλλον
935 727 992 781 δὲ
1039 729 1261 783 πάντων
1294 730 1677 803 λαμπρότερος
1710 730 1864 801 ὤφθη
1887 750 1900 763 -

335 812 433 862 καὶ
481 810 529 862 οί
579 809 920 863 πεντακόσιοι
957 810 1014 863 δὲ
1060 811 1283 881 ἀδελφοὶ
1327 815 1390 866 0:3
1426 814 1603 885 δήπου
1640 813 1901 870 Ἰακώϐου

338 892 577 962 βελτίους
603 887 765 963 ἦσαν,
795 892 984 964 ἐπειδὴ
1012 893 1117 964 πρὸ
1156 896 1365 949 ἐκείνου
1391 897 1573 962 αὑτοῖς
1595 898 1772 969 ὤφθη.
1793 899 1902 950 Καὶ

332 976 423 1030 διὰ
454 976 505 1030 τί
554 975 652 1045 οὐχ
699 975 834 1046 ὁμοῦ
884 979 1050 1031 πᾶσιν
1093 979 1335 1048 έωρᾶτο;
1366 981 1484 1035 Ἵνα
1514 981 1903 1053 προκαταϐάλῃ

332 1060 432 1131 τῆς
463 1058 699 1121 πίστεως
730 1058 799 1112 τὰ
831 1060 1143 1130 σπέρματα.
1176 1063 1234 1114 Ὀ
1266 1063 1375 1133 γὰρ
1404 1064 1618 1134 πρῶτος
1657 1065 1781 1119 ἰδὼν
1808 1066 1903 1118 καὶ

332 1140 578 1213 ἀκριϐῶς
622 1142 1083 1213 πληροφορηθεὶς,
1138 1148 1250 1207 τοῖς
1290 1146 1470 1210 ἄλλοις
1520 1148 1898 1219 ἀπήγγελλεν·

334 1220 455 1278 εἶτα
515 1225 545 1276 ό
602 1222 761 1291 λόγος
812 1225 1160 1295 προφθάνων,
1215 1230 1273 1283 ὲν
1311 1230 1610 1300 προσδοκία⁸
1648 1231 1901 1302 καθίστη

334 1308 430 1362 τοῦ
491 1307 727 1378 μεγάλου
770 1307 959 1361 τούτου
998 1309 1271 1381 θαύματος
1325 1312 1415 1366 τὸν
1465 1314 1756 1377 ἀκούοντα,
1807 1318 1904 1368 καὶ

332 1388 696 1462 προωδοποίει
729 1391 795 1460 τῇ
837 1390 938 1461 τῆς
983 1391 1156 1462 ὅψεως
1201 1394 1405 1449 πίστει.
1451 1396 1553 1450 Διά
1591 1396 1748 1450 τοῦτο
1779 1396 1903 1451 οὗτε

330 1473 474 1544 ὁμοῦ
511 1475 677 1528 πᾶσιν
723 1471 901 1546 ὤφθη,
931 1474 1056 1530 οὔτε
1085 1480 1143 1530 έν
1185 1478 1328 1549 ἀρχῇ
1372 1479 1637 1547 πλείοσιν,
1668 1480 1784 1535 ἀλλ’
1822 1482 1904 1535 ένὶ

334 1555 488 1628 [556]
519 1558 663 1627 μόνῳ
682 1557 915 1629 πρῶτον,
949 1560 1043 1613 καὶ
1071 1559 1247 1631 τούτῳ
1266 1561 1346 1633 τῷ
1373 1562 1659 1635 κορυφαίῳ
1688 1564 1904 1619 πάντων

333 1640 431 1693 καὶ
481 1641 810 1711 πιστοτάτῳ.
860 1641 972 1696 Καὶ
1018 1641 1128 1715 γάρ
1184 1645 1516 1718 πιστοτάτης
1552 1646 1756 1717 σφόδρα
1799 1647 1905 1702 ἔδει

331 1722 516 1793 ψυχῆς
543 1722 645 1793 τῆς
690 1722 911 1794 πρώτης
949 1724 1246 1799 δεχομένης
1274 1727 1480 1798 ταύτην
1512 1730 1612 1802 τήν
1644 1730 1786 1798 ὄψιν.
1838 1734 1901 1785 Ol

340 1806 442 1877 μὲν
491 1805 597 1875 γάρ
633 1806 771 1876 μετά
826 1806 889 1859 τὸ
914 1807 1161 1887 -.ἐτέρους
1212 1811 1340 1864 ἰδεῖν
1372 1813 1465 1866 καὶ
1491 1813 1744 1881 ἀκοῦσαι,
1772 1820 1900 1887 παρ’

336 1886 515 1941 αὐτῶν
549 1886 855 1957 βλέποντες,
885 1884 1032 1960 εἶχον
1067 1891 1128 1944 0:3
1158 1893 1408 1964 μικράνι
1436 1896 1794 1951 συντελοῦσαν
1823 1884 1902 1964 είς

331 1971 431 2042 τήν
457 1969 639 2024 πίστιν
668 1970 851 2035 αὐτοῖς
875 1971 977 2044 τήν
1023 1975 1250 2029 ἐκείνων
1281 1980 1610 2049 μαρτυρίαν,
1648 1982 1742 2035 καὶ⁸
1767 2000 1902 2054 προ-

330 2054 861 2130 παρασκευάζουσαν
908 2057 1088 2111 αὐτῶν
1114 2059 1214 2129 τὴν
1251 2060 1512 2115 διάνοιαν’
1539 2059 1568 2117 ὁ
1596 2064 1655 2118 δὲ
1684 2065 1901 2136 πρῶτος

327 2139 690 2205 καταξιωθεὶς
714 2138 901 2194 τοῦτον
930 2140 1079 2205 ἰδεῖν,
1101 2142 1320 2215 πολλῆς,
1342 2144 1478 2217 ὅπερ
1511 2146 1685 2218 ἔφθην
1709 2149 1899 2213 εἰπὼν,

326 2222 501 2278 ἐδεῖτο
531 2222 630 2292 τῆς
655 2221 908 2287 πίστεως,
939 2221 1080 2276 ὥστε
1113 2226 1186 2296 μὴ
1212 2224 1580 2299 θορυϐηθῆναι
1611 2231 1689 2302 τῷ
1722 2246 1901 2302 παρα-

325 2304 467 2375 δόξῳ
489 2307 589 2376 τῆς
625 2305 773 2368 θέας.
810 2305 910 2358 Διά
951 2304 1112 2359 τοῦτο
1153 2308 1349 2381 Πέτρῳ
1376 2311 1630 2379 φαίνεται
1664 2315 1897 2383 πρῶτον.

337 2388 400 2440 '0
426 2387 535 2456 γάρ
578 2386 795 2458 πρῶτος
822 2386 986 2440 αὑτὸν
1013 2388 1358 2462 ὁμολογήσας
1386 2394 1646 2463 Χριστὸν,
1675 2398 1899 2459 εἰκότως

327 2472 425 2524 καὶ
450 2469 558 2541 τὴν
603 2470 901 2525 ἀνάστασιν
948 2468 1156 2543 ἠξιώθη
1216 2476 1433 2545 πρῶτος
1490 2478 1639 2531 ίδεῖν.
1693 2478 1769 2532 Οὑ
1815 2480 1902 2534 διὰ

324 2553 487 2607 τοῦτο
517 2554 575 2607 δὲ
608 2553 859 2633 φαίνεται
908 2553 1110 2624 πρώτῳ
1157 2556 1324 2627 μόνῳ,
1376 2559 1513 2622 ἀλλ’,
1566 2562 1752 2633 ἐπειδὴ
1808 2565 1901 2616 καὶ

325 2636 702 2706 ἀρνησάμενος
746 2632 836 2707 ἦν,
892 2638 956 2689 ὲκ
1004 2639 1322 2707 περιουσίας
1353 2641 1516 2695 αὑτὸν
1563 2632 1899 2714 παρακαλῶν

325 2720 423 2771 καὶ
460 2718 671 2781 δεικνὺς
719 2719 801 2772 ὅτι
856 2718 956 2771 οὑκ
1003 2720 1372 2788 ἀπέγνωσται,
1424 2724 1530 2793 πρὸ
1577 2727 1686 2780 τῶν
1724 2727 1899 2783 ἄλλων

323 2801 424 2852 καὶ
449 2800 751 2873 τῆςσὸψεως
777 2799 939 2860 αὑτὸν
966 2801 1173 2867 ταύτης
1201 2803 1528 2874 κατηξίωσε,
1565 2810 1658 2861 καὶ
1695 2810 1901 2883 πρώτῳ

321 2883 393 2934 τὰ
425 2882 665 2965 πρόϐατα
687 2883 1004 2954 ἐνεχείρισε.
1042 2884 1141 2938 Διά
1162 2884 1318 2939 τοῦτο
1340 2891 1433 2941 καὶ
1459 2892 1704 2958 γυναιξὶν
1725 2882 1897 2965 ἐφάνη

323 2964 590 3037 πρώταις.
641 2965 863 3034 Ἐπειδὴ
916 2968 979 3019 τὸ
1023 2967 1178 3034 γένος
1227 2968 1532 3038 ἠλάττωται
1587 2974 1771 3039 τοῦτο,
1812 2964 1899 3029 διά

323 3048 482 3101 τοῦτο
508 3048 601 3102 καὶ
625 3048 682 3101 ὲν
705 3051 771 3119 τῇ
800 3050 1050 3120 γεννήσει
1081 3051 1174 3103 καὶ
1198 3052 1254 3104 ἐν
1286 3055 1351 3122 τῇ
1382 3053 1678 3109 ἀναστάσει
1709 3058 1897 3129 πρώτη

323 3131 466 3202 αὑτὴ
495 3131 811 3186 αἰσθάνεται
842 3133 942 3203 τῆς
989 3133 1230 3204 χάριτος.
1267 3136 1423 3189 Μετὰ
1464 3137 1520 3190 δὲ
1568 3141 1775 3210 Πέτρον
1804 3144 1900 3196 καὶ

320 3216 733 3286 διεσπαρμένως
773 3216 987 3286 ἑκάστῳ
1015 3218 1284 3285 φαίνεται,
1314 3222 1408 3276 καὶ
1453 3224 1585 3277 ποτε
1612 3224 1712 3295 μὲν
1743 3226 1899 3280 ἐλάτ-

323 3314 464 3360 τοσι,
494 3301 621 3352 ποτὲ
653 3300 709 3353 δὲ
748 3300 1008 3365 πλείοσιν,
1057 3301 1301 3373 ἀλλήλων
1361 3307 1559 3371 αὑτοὺς
1612 3309 1897 3380 μάρτυρας

326 3383 428 3434 καὶ.
456 3381 798 3447 διδασκάλους
824 3386 881 3437 ὲν
908 3384 1083 3456 τούτῳ
1133 3386 1325 3450 ποιῶν,
1376 3390 1470 3442 καὶ
1502 3390 1629 3453 τοὺς
1662 3393 1896 3445 ἀποστό-

329 3463 460 3526 λους
525 3463 860 3530 ἀξιοπίστους
929 3468 1351 3531 κατασκευάζων
1417 3472 1475 3522 ὲν
1534 3467 1614 3535 οἷς
1680 3473 1893 3542 ἔλεγον·

332 3548 640 3615 Ἐσχατον
691 3547 758 3600 δὲ
816 3548 1074 3614 πάντων,
1131 3551 1389 3619 ὡσπερεί
1437 3568 1517 3616 τῳ
1550 3554 1894 3623 ἐκτρώματι,

325 3629 493 3699 ὤφθη
513 3631 710 3700 κάμοί.
740 3630 804 3683 Τί
827 3631 1071 3701 βούλεται
1093 3631 1242 3703 αὐτῷ
1271 3634 1506 3687 ἐνταῦθα
1528 3637 1625 3706 τῆς
1650 3654 1897 3691 ταπεινο-

325 3712 601 3783 φροσύνης
633 3713 699 3766 τά
732 3716 972 3783 ῥήματα,
1004 3716 1037 3786 ἢ
1085 3719 1233 3769 ποῖον
1267 3715 1381 3786 ἔχει
1413 3719 1642 3788 καιρόν;
1692 3721 1756 3774 Εἰ
1785 3721 1895 3793 γὰρ

323 3796 637 3862 ἀξιόπιστον
664 3798 851 3850 ἑαυτὸν
885 3798 1161 3867 ἀποφῆναι
1194 3797 1441 3867 βούλεται
1473 3801 1566 3854 καὶ
1600 3803 1898 3869 ἐγκαταλέ-

328 3878 413 3942 ξαι
444 3882 556 3943 τοῖς
589 3880 822 3951 μάρτυσι
851 3882 949 3950 τῆς
975 3881 1344 3944 ἀναστάσεως,
1374 3883 1682 3938 τούναντίον
1713 3887 1744 3957 ἢ
1772 3887 1896 3957 βού-

324 3961 471 4016 λεται
500 3965 679 4015 ποιεῖ·
720 3964 921 4035 ἐπᾶραι
942 3963 1051 4034 γὰρ
1094 3965 1283 4017 ἑαυτὸν
1323 3964 1429 4018 ἔδει
1468 3967 1562 4020 καὶ
1594 3968 1764 4033 δεῖξαι
1797 3971 1893 4040 μέ-

325 4057 427 4112 γαν
455 4045 603 4110 ὄντα,
631 4044 660 4098 ὃ
701 4046 968 4117 πολλαχοῦ
1010 4049 1157 4102 ποιεῖ
1192 4048 1383 4116 καιροῦ
1420 4050 1711 4115 καλοῦντος
1742 4054 1891 4108 αὑτό.

325 4127 427 4179 Διά
456 4126 615 4180 τοῦτο
639 4129 749 4199 γὰρ
780 4131 872 4182 καὶ
899 4129 1132 4183 ἐνταῦθα
1164 4132 1470 4202 μετριάζει,
1515 4135 1701 4205 ἐπειδὴ
1740 4136 1896 4189 τοῦτο

330 4210 515 4279 μέλλει
542 4216 744 4265 ποιεῖν’
767 4212 882 4266 ἀλλ’
909 4214 1009 4267 οὐκ
1047 4214 1271 4277 εὐθέως,
1294 4214 1429 4267 άλλά
1455 4217 1590 4283 μετά
1615 4217 1714 4286 τῆς
1748 4220 1896 4290 αὑτῷ

328 4292 643 4364 πρεπούσης
667 4296 953 4359 συνέσεως.
991 4296 1267 4367 Πρότερον
1309 4297 1416 4367 γὰρ
1454 4299 1756 4369 μετριάσας
1804 4304 1897 4355 καὶ

326 4377 660 4446 κατηγορίας
719 4379 910 4432 ἑαυτοῦ
967 4381 1325 4449 συμφορήσας
1378 4380 1598 4447 πολὶάς,
1646 4383 1766 4436 τότε
1830 4386 1897 4437 τά

323 4460 449 4513 καθ’
483 4459 672 4513 ἑαυτὸν
695 4461 964 4531 σεμνύνει.
991 4463 1055 4515 Τί
1092 4462 1318 4534 δήποτε;
1363 4464 1475 4528 Ἵν’,
1503 4466 1631 4519 ὅταν
1656 4468 1717 4520 τὸ
1754 4468 1895 4537 μέγα

323 4541 422 4594 καὶ
467 4538 670 4613 ὑψηλὸν
707 4544 882 4596 ἐκεῖνο
928 4545 1054 4615 περὶ
1080 4546 1277 4600 ἑαυτοῦ
1311 4545 1630 4619 φθέγξηται,
1668 4550 1748 4615 τὸ,
1787 4554 1894 4604 Πε-

316 4624 684 4692 ρισσότερον
715 4625 954 4679 πάντων
978 4627 1296 4691 ἐκοπίασα,
1333 4629 1738 4700 εὑπαράδεκτος
1764 4635 1792 4687 ὁ
1817 4634 1896 4687 λό-

321 4724 419 4774 γος
443 4705 666 4777 γένηται
696 4707 888 4779 ταύτῃ,
918 4711 1011 4763 καὶ
1039 4709 1116 4781 τῷ
1153 4711 1228 4774 ὠς
1267 4712 1327 4777 ἐξ
1369 4714 1686 4780 ἀκολουθίας
1726 4718 1891 4781 τινὸς,

320 4788 461 4843 ἁλλά
487 4789 563 4859 μὴ
595 4791 1018 4861 προηγουμένως
1064 4794 1334 4865 είρῆσθαι.
1366 4799 1464 4851 Διά
1490 4798 1644 4852 τοῦτο
1678 4802 1773 4853 καὶ
1802 4799 1892 4852 Τι⁴

324 4872 506 4942 μοθέῳ
534 4871 780 4940 γράφων,
808 4875 902 4926 καὶ
930 4874 1137 4944 μέλλων
1160 4876 1339 4944 λέγειν
1366 4882 1577 4948 μεγάλα
1609 4883 1736 4954 περὶ
1770 4884 1895 4935 ἐαυ-

319 4955 437 5020 τοῦ,
483 4954 747 5025 πρότερον
777 4956 850 5009 τά
881 4960 1312 5030 κατηγορήματα
1342 4962 1507 5014 αὑτοῦ
1538 4965 1740 5034 τίθησι.
1785 4966 1895 5017 Καὶ

318 5039 430 5110 γὰρ
455 5041 484 5091 ὁ
514 5039 614 5108 μὲν
637 5039 768 5108 περὶ
798 5039 971 5093 ἄλλων
993 5058 1046 5093 τι
1071 5041 1213 5111 μέγα
1237 5041 1430 5110 λέγων,
1464 5045 1633 5109 ἀδεῶς
1659 5046 1894 5115 φθέγγε-

318 5136 409 5172 ται
443 5118 538 5173 καὶ
572 5121 709 5192 μετά
733 5123 1043 5193 παρρησίας
1066 5139 1077 5150 ·
1107 5124 1136 5176 ό
1158 5124 1213 5176 δὲ
1242 5125 1432 5177 ἑαυτὸν
1458 5127 1896 5197 ἀναγκαζόμενος

318 5204 583 5270 ὶπαινείν,
611 5205 706 5257 καὶ
727 5205 959 5274 μάλιστα
984 5207 1111 5260 ὅταν
1133 5209 1224 5262 καὶ
1251 5211 1501 5280 μάρτυρα
1524 5211 1715 5265 ἑαυτὸν
1732 5212 1893 5282 καλῇ,

319 5288 634 5359 αίσχύνεται
658 5288 753 5341 καὶ
778 5288 1004 5360 ἐρυθριᾷ
1026 5305 1040 5318 ’
1080 5290 1166 5344 διὰ
1194 5290 1255 5362 δὴ
1283 5291 1440 5346 τοῦτο
1461 5295 1553 5347 καὶ
1578 5297 1605 5348 ό
1630 5296 1896 5366 μακάριος

318 5368 473 5437 οὗτος
500 5373 770 5445 πρότερον
796 5374 986 5425 ἑαυτὸν
1029 5374 1325 5440 ταλανίζει,
1369 5380 1463 5429 καὶ
1494 5376 1615 5431 τότε
1651 5379 1712 5432 τὸ
1752 5380 1895 5451 μέγα

319 5455 493 5511 έκεῖνο
523 5458 843 5528 φθέγγεται.
877 5460 1026 5512 Ποιεῖ
1052 5459 1108 5512 δὲ
1147 5460 1325 5527 τοῦτο,
1350 5461 1412 5513 τό
1438 5478 1493 5514 τε
1526 5462 1762 5533 ἐπαχθὲς
1796 5464 1892 5536 τῆς

380 5683 406 5713 ⁸
428 5681 650 5732 Samius
672 5680 938 5742 legendum
960 5686 1097 5743 puta:
1121 5680 1305 5743 μικρὸν.

1276 263 1342 324 IN
1390 267 1611 326 EPIST.
1638 258 1675 325 Ἱ
1736 270 1827 325 AD
1884 265 2047 325 COB.
2083 268 2316 328 IIOMIL.
2359 266 2628 327 XXXVIII

3475 273 3579 330 528

2008 391 2455 459 περιαυτολογίας
2481 392 2508 431 ι’
2540 391 2994 463 ὑποτεμνόμενος,
3027 392 3119 446 καὶ
3147 391 3214 446 τά
3245 391 3382 461 μετά
3406 393 3578 447 ταῦτα

2005 473 2356 543 ῥηθησόμενα
2388 476 2676 539 ἀξιόπιστα
2704 474 2950 529 ἐντεῦθεν
2980 475 3167 530 ποιῶν.
3213 475 3271 527 '0
3299 476 3409 547 γὰρ
3442 477 3581 546 μετὰ

2003 554 2260 626 ἀληθείας
2284 557 2352 609 τά
2375 559 2710 611 ἐπονείδιστα
2741 557 2874 622 Θεὶς,
2912 558 3009 612 καὶ
3037 558 3203 629 μηδὲν
3236 558 3419 612 αὑτῶν
3447 561 3584 613 ἀπο-

2005 636 2373 708 κρυψάμενος,
2433 634 2543 693 οἷον
2583 636 2665 693 ὅτι
2697 639 2794 711 τὴν
2837 640 3164 712 Ἐκκλησίαν
3210 641 3449 709 ἐδίωξεν,
3500 643 3584 696 ὅτι

2004 720 2102 790 τὴν
2131 721 2316 775 πίστιν
2345 723 2638 794 ἐπόρθησε,
2666 724 2761 777 καὶ
2804 724 2871 777 τά
2905 726 3078 799 σεμνά
3107 723 3364 778 ἐντεῦθεν
3411 724 3584 779 ἀνύπ-

2003 818 2142 856 οπτα
2176 808 2340 860 ποιεῖ.

2073 892 2134 939 ε’.
2174 890 2286 942 Καὶ
2315 890 2508 943 σκόπει
2531 892 3035 962 ταπεινοφροσύνης
3068 894 3395 966 ὑπερϐολήν.
3428 893 3577 966 [55η

2006 969 2191 1024 Εἰπὼν
2224 972 2355 1044 γάρ,
2390 974 2694 1042 Ἕσχατον
2731 974 2798 1026 δὲ
2832 974 3074 1028 πάντων
3097 976 3225 1043 ἐμοὶ
3254 976 3441 1045 ὤφθη,
3480 979 3581 1032 οὑκ

2004 1053 2246 1123 ἠρκέσθη
2274 1056 2447 1125 τούτῳ
2467 1074 2480 1087 ⁸
2504 1056 2728 1110 Πολλοὶ
2756 1056 2865 1126 γὰρ
2886 1056 3131 1124 ἔσχατοι
3160 1058 3398 1125 πρῶτοι,
3424 1061 3576 1129 φησι,

2004 1134 2104 1189 καί
2139 1137 2359 1206 πρῶτοι
2388 1139 2658 1207 ἔσχατοι.
2694 1140 2792 1193 Διά
2824 1138 2984 1192 τοῦτο
3020 1139 3377 1209 προσέθηκεν.
3441 1143 3579 1196 '00-

2005 1220 2172 1288 :zspsl
2206 1220 2287 1286 τῷ
2318 1221 2660 1291 ἐκτρώματι.
2694 1225 2803 1277 Καὶ
2842 1224 2963 1277 οὐδὲ
2996 1223 3232 1278 ἐνταῦθα
3259 1224 3410 1293 ἔστη,
3445 1226 3580 1279 ἀλλά

2006 1303 2100 1356 καὶ
2135 1304 2233 1372 τὴν
2270 1304 2477 1358 οἰκείαν
2515 1306 2695 1376 κρίσιν
2729 1306 3051 1377 προστίθησι
3088 1308 3176 1359 καὶ
3223 1302 3360 1376 μετά
3402 1304 3582 1371 αἰτίας

2006 1384 2178 1453 λέγων
2205 1401 2217 1412 ·
2260 1387 2400 1457 Ἐγὼ
2441 1386 2552 1457 τὰρ
2588 1392 2704 1459 εἰμι
2747 1392 2781 1444 ὀ
2828 1387 3151 1459 ἐλάχιστος
3180 1389 3296 1443 τῶν
3323 1390 3583 1446 ἀποστό-

2004 1464 2150 1535 λων,
2197 1468 2264 1537 ὃς
2300 1473 2412 1525 οὐκ
2450 1472 2562 1542 εἰμί
2602 1469 2807 1539 ἱκανὸς
2847 1473 3160 1528 καλεῖσθαι
3209 1472 3577 1542 ἀπόστολος,

2006 1551 2095 1604 ὅτι
2133 1551 2349 1617 ἐδίωξα
2383 1553 2498 1621 τὴν
2553 1554 2927 1624 Ἐκκλησίαν
2967 1555 3074 1609 τοῦ
3126 1555 3297 1610 Θεοῦ.
3344 1557 3452 1611 Καὶ
3479 1558 3580 1610 οὐκ

2004 1628 2146 1699 εἷπε,
2181 1635 2301 1689 Τῶν
2326 1636 2530 1690 δώδεκα
2553 1637 2749 1707 μόνων,
2782 1637 2918 1691 ἀλλά
2944 1639 3037 1692 καὶ
3068 1637 3181 1691 τῶν
3205 1638 3380 1692 ἄλλων
3404 1639 3579 1693 ἁπάν-

2002 1733 2131 1770 των.
2174 1717 2357 1771 Ταῦτα
2389 1718 2447 1772 δὲ
2496 1720 2676 1774 πάντα
2712 1720 2846 1791 ὁμοῦ
2882 1722 2980 1791 μὲν
3020 1722 3328 1794 μετριάζων
3370 1722 3576 1791 ἔλεγεν.

2003 1799 2140 1871 ὁμοῦ
2190 1802 2247 1855 δὲ
2297 1804 2393 1856 καὶ
2433 1801 2577 1857 οὓτω
2610 1803 2970 1875 διακείμενος,
3010 1806 3149 1877 ὅπερ
3189 1805 3348 1878 ἔφην,
3390 1808 3485 1862 καὶ
3517 1807 3580 1860 τὸ

2007 1883 2197 1953 μέλλον
2230 1885 2564 1957 ῥηθήσεσθαι
2614 1886 3088 1958 προδιοικούμενος
3142 1889 3237 1943 καὶ
3283 1889 3579 1959 εὑπαράδε·

2004 1982 2131 2021 κτον
2171 1968 2371 2036 μᾶλλον
2419 1969 2605 2025 ποιῶν.
2654 1970 2719 2023 Εἰ
2771 1971 2871 2041 μὲν
2923 1974 3034 2043 γὰρ
3064 1969 3352 2043 παρελθὼν
3401 1967 3576 2033 εἶπεν,

2015 2049 2289 2119 Ὀφείλετέ
2315 2069 2404 2120 μοι
2433 2052 2741 2119 πιστεῦσαι,
2770 2055 2851 2107 ὅτι
2891 2055 3090 2125 ἀνέστη
3120 2056 3149 2108 ὁ
3178 2054 3411 2124 Χριστός
3436 2073 3451 2087 -
3500 2051 3579 2108 εἷο

2001 2128 2089 2185 δον
2117 2133 2224 2204 γὰρ
2249 2132 2427 2203 αὑτὸν,
2464 2136 2557 2189 καὶ
2588 2136 2806 2191 πάντων
2836 2132 3275 2209 ἀξιοπιστότερός
3310 2131 3447 2208 είμι,
3480 2132 3576 2193 am

2003 2216 2163 2269 πλέον
2197 2216 2409 2289 καμὼν,
2442 2219 2544 2279 κᾶν
2579 2221 2852 2291 προσέστη
2892 2224 3004 2285 τοῖς
3033 2220 3290 2274 ἀκούουσι
3325 2220 3383 2274 τὸ
3423 2222 3577 2291 λεγό-

2006 2315 2163 2367 μενον
2195 2315 2210 2330 ’
2242 2302 2360 2354 νυνὶ
2408 2300 2466 2355 δὲ
2510 2305 2620 2367 τοῖς
2655 2305 2933 2365 ταπεινοῖς
2974 2303 3322 2374 ἐνδιατρίψας
3360 2304 3577 2375 πρῶτον

2002 2383 2097 2436 καὶ
2128 2386 2241 2448 τοῖς
2270 2387 2605 2458 κατηγορίαν
2642 2386 2822 2459 ἔχουσι
2844 2429 2858 2453 ,
2893 2388 2955 2441 τό
2981 2399 3041 2441 τε
3072 2389 3245 2459 τραχὺ
3274 2390 3373 2459 τῆς
3401 2390 3576 2443 τοιαύ-

2000 2482 2097 2535 της
2117 2467 2419 2539 διηγήσεως
2445 2471 2797 2540 ὑπετέμνετο,
2824 2473 2920 2524 καὶ
2945 2474 3012 2543 τῇ
3042 2472 3222 2524 πίστει
3248 2473 3346 2542 τῆς
3375 2490 3574 2545 μαρτυ-

2007 2551 2126 2620 ρίας
2165 2552 2592 2623 προωδοποίησε.
2636 2552 2734 2606 Διὰ
2771 2553 2835 2625 δὴ
2868 2553 3026 2608 τοῦτο
3054 2555 3173 2608 οὑδὲ
3204 2555 3413 2619 ἁπλῶς,
3438 2558 3575 2628 ὅπερ

2001 2634 2169 2706 ἔφην,
2217 2636 2575 2703 ἀποφαίνεται
2617 2636 2842 2705 ἔσχατον
2888 2636 3078 2689 ἑαυτὸν
3122 2634 3283 2703 εἶναι,
3333 2640 3429 2692 καὶ
3473 2641 3575 2709 τῆς

2002 2719 2371 2789 προσηγορίας
2412 2720 2520 2772 τῶν
2564 2719 2873 2772 ἀποστόλων
2903 2719 3139 2785 ἀνάξιον,
3181 2721 3318 2777 ἀλλά
3348 2725 3440 2776 καὶ
3475 2724 3575 2794 τὴν

2000 2801 2179 2854 αἰτίαν
2199 2800 2378 2871 τίθησι
2409 2801 2600 2869 λέγων·
2632 2801 2758 2855 ’Ότι
2784 2801 2999 2864 ἐδίωξα
3032 2802 3147 2871 τὴν
3189 2805 3572 2872 Ἐκκλησίαν.

2001 2884 2111 2935 Καὶ
2141 2882 2249 2954 μὴν
2290 2883 2490 2954 ἀφείθη
2529 2883 2707 2937 πάντα
2740 2885 2938 2949 ἐκεῖνα,
2968 2884 3082 2938 ἀλλ’
3112 2887 3259 2954 ὅμως
3290 2883 3451 2951 αὐτὸς
3480 2892 3574 2943 οὑ·-

1999 2966 2187 3019 δέποτε
2217 2967 2394 3021 αὑτῶν
2423 2968 2769 3038 ἐπιλέλησται
2795 3009 2809 3034 ,
2859 2969 2921 3021 τὸ
2953 2969 3183 3039 μέγεθος
3213 2970 3312 3039 τῆς
3354 2972 3574 3041 χάριτος

1999 3049 2167 3115 δεῖξαι
2198 3050 2517 3119 βουλόμενος
2536 3067 2547 3081 ·
2580 3052 2661 3105 διὸ
2691 3053 2784 3105 καὶ
2823 3051 3017 3121 ἐπάγει
3048 3052 3240 3121 λέγων
3277 3055 3478 3123 Χάριτι
3506 3054 3575 3107 δὲ

2002 3134 2147 3188 Θεοῦ
2178 3137 2292 3200 εἰμι
2332 3135 2364 3187 ὅ
2400 3137 2535 3203 ειμι.
2572 3131 2726 3198 Εἶδες
2765 3135 2925 3190 πάλιν
2974 3136 3164 3209 ἐτέρας
3212 3156 3573 3210 ταπεινοφρο-

2002 3217 2166 3288 σύνης
2200 3218 2545 3288 ὑπερϐολήν;
2593 3217 2671 3270 Τὰ
2717 3218 2815 3287 μὲν
2842 3219 2950 3289 γὰρ
2989 3219 3346 3289 ἐλαττώματα
3396 3222 3574 3291 ἑαυτῷ

1998 3299 2275 3367 λογίζεται
2296 3318 2308 3330 ’
2341 3299 2449 3352 τῶν
2469 3300 2525 3352 δὲ
2560 3300 2996 3370 κατορθωμάτων
3029 3303 3201 3367 οὐδὲν,
3233 3303 3365 3356 ἀλλὰ
3396 3305 3574 3357 πάντα

1999 3383 2285 3454 ἀνατίθησι
2318 3383 2395 3454 τῷ
2421 3383 2558 3452 Θεῷ.
2610 3379 2760 3446 Εἶτα,
2795 3385 2880 3436 ἵνα
2927 3384 3001 3454 μὴ
3045 3386 3133 3437 τὸν
3177 3386 3447 3456 ἀκροατὴν
3490 3390 3575 3439 ὲν-

1999 3465 2186 3518 τεῦθεν
2219 3464 2408 3519 ῦπτιον
2449 3462 2668 3536 ποιήσῃ,
2704 3467 2856 3534 φησί·
2885 3468 2994 3518 Καὶ
3041 3469 3077 3534 ἡ
3112 3470 3284 3535 χάρις
3316 3468 3500 3523 αὑτοῦ
3534 3472 3571 3536 ὴ

1998 3550 2085 3612 εἰς
2109 3547 2214 3616 ἐμὲ
2242 3551 2312 3601 οὐ
2347 3548 2491 3614 κενὴ
2517 3547 2741 3616 γέγονε.
2783 3550 2890 3600 Καὶ
2921 3548 3077 3601 τοῦτο
3108 3549 3269 3602 πάλιν
3302 3547 3571 3605 ὑπεσταλ-

2002 3631 2196 3699 μένως.
2233 3628 2306 3682 0:3
2335 3630 2445 3701 γάρ
2477 3626 2647 3692 εἶπεν,
2685 3630 2864 3695 Ἀξίαν
2904 3632 3006 3700 τῆς
3043 3631 3263 3701 χάριτος
3292 3633 3569 3700 ἐπεδειξά-

2000 3730 2108 3780 μην
2144 3712 2399 3783 σπουδὴν,
2452 3714 2565 3766 ἀλλ’
2612 3715 2693 3768 ὅτι
2735 3717 2818 3768 Οὐ
2866 3715 3011 3781 κενὴ
3052 3717 3319 3785 γέγονεν.
3383 3719 3568 3773 Ἀλλὰ

1997 3797 2429 3864 περισσότερον
2469 3798 2666 3851 αὐτῶν
2703 3798 2941 3852 πάντων
2965 3800 3282 3854 ἐκοπίασα.

2068 3879 2180 3931 Οὑκ
2204 3875 2378 3941 εἶπεν,
2416 3881 2732 3952 Ἐτιμήθην,
2772 3881 2908 3945 ἀλλ’,
2956 3884 3299 3950 Ὲκοπίασα,
3331 3886 3424 3938 καὶ
3462 3903 3566 3939 κιν-

1995 3961 2183 4025 δύνοσς
2220 3964 2311 4016 καὶ
2356 3964 2617 4028 θανάτοπ
2671 3964 2808 4034 ἔχων
2850 3967 3044 4030 εἰπεῖν,
3086 3967 3164 4037 τῷ
3209 3966 3430 4037 ὀνόματι
3472 3969 3567 4024 τοῦ

1996 4047 2166 4101 κόπου
2202 4047 2362 4100 πάλιν
2395 4049 2756 4118 ὑποτέμνεται
2802 4050 2863 4102 τὸ
2899 4050 3203 4121 εἰρημένον.
3244 4048 3378 4105 Εἶτα
3405 4053 3567 4108 πάλιν

1996 4132 2059 4201 τῇ
2099 4131 2319 4200 συνήθει
2361 4133 2697 4202 κεχρημένος
2731 4132 3197 4202 ταπεινοφροσύνῃ
3222 4174 3236 4197 ,
3272 4135 3365 4185 καὶ
3410 4134 3568 4187 τοῦτο

1995 4213 2203 4281 ταχέως
2230 4213 2571 4284 παρέδραμε,
2596 4215 2692 4267 καὶ
2719 4216 2778 4267 τὸ
2808 4217 2916 4267 πᾶν
2947 4214 3179 4284 ἀνέθηκε
3217 4214 3294 4283 τῷ
3319 4216 3437 4285 θεῷ
3479 4216 3565 4270 λέ-

1997 4311 2140 4362 γων·
2182 4298 2302 4348 Οὺκ
2328 4296 2441 4363 ἐγὼ
2471 4296 2558 4357 δὲ,
2583 4297 2719 4349 ἀλλ’
2758 4298 2796 4363 ἡ
2830 4296 3002 4364 χάρις
3039 4296 3145 4350 τοῦ
3180 4298 3326 4350 Θεοῦ
3365 4299 3403 4363 ἡ
3447 4299 3566 4352 σὺν

1995 4376 2145 4446 ἐμοί.
2173 4372 2237 4429 Τί
2270 4377 2472 4447 ταύτης
2516 4377 2956 4448 θαυμαστότερον
3004 4379 3199 4445 γένοιτ’
3231 4381 3296 4433 ἂν
3336 4382 3432 4450 τῆς
3466 4384 3567 4450 ψυ-

1996 4460 2134 4530 χῆς;
2166 4461 2263 4513 Διά
2308 4461 2418 4530 γάρ
2459 4457 2726 4514 τοσούτων
2765 4461 2955 4513 ἑαυτὸν
2990 4461 3253 4524 καθελὼν,
3294 4466 3387 4516 καὶ
3430 4464 3486 4518 ἓν
3512 4483 3565 4519 τι

2000 4543 2158 4613 μόνον
2191 4543 2392 4614 ὑψηλὸν
2427 4542 2818 4613 φθεγξάμενος,
2859 4543 2978 4595 οὑδὲ
3014 4544 3173 4597 τοῦτο
3202 4546 3367 4599 αὑτοῦ
3402 4565 3566 4620 φησιν

1997 4624 2156 4692 εἶναι,
2196 4627 2531 4698 πανταχόθεν
2575 4626 2959 4697 περιστέλλων,
2993 4628 3102 4682 ἀπό
3134 4645 3194 4682 τε
3227 4630 3336 4682 τῶν
3363 4631 3567 4704 ἔμπρο-

1998 4710 2145 4774 σθεν,
2181 4711 2286 4764 ἀπό
2317 4728 2374 4764 τε
2401 4711 2509 4763 τῶν
2538 4712 2672 4780 μετά
2700 4710 2872 4763 ταῦτα
2897 4711 2959 4764 τὸ
2987 4711 3187 4781 ὑψηλὸν
3208 4713 3364 4767 τοῦτο
3390 4716 3562 4785 ῥῆμα,

1996 4795 2088 4847 καὶ
2117 4794 2286 4847 ταῦτα
2313 4795 2374 4859 ἐξ
2396 4797 2640 4865 ἀνάγκης
2667 4792 2836 4848 ἐλθὼν
2859 4796 2944 4847 ἐπ’
2969 4796 3117 4849 αὑτό.
3144 4798 3341 4850 Σκόπει
3365 4799 3421 4852 δὲ
3447 4801 3564 4858 πῶς

1994 4877 2431 4947 ἐπιδαψιλεύεται
2488 4880 2598 4939 τοῖς
2640 4878 2740 4944 τῆς
2789 4879 3283 4949 ταπεινοφροσύνης
3335 4882 3558 4950 ῥήμασι.

1995 4960 2103 5012 Καὶ
2150 4962 2277 5030 γὰρ,
2319 4959 2590 5027 Ἐσχὰτῳ
2635 4976 2736 5027 μοι
2778 4960 2944 5029 ὤφθη
2985 4960 3249 5025 πάντων,
3284 4963 3456 5032 φησί’
3485 4963 3564 5016 διὸ

1993 5042 2112 5094 οὑδὲ
2146 5043 2262 5112 μεθ’
2289 5042 2482 5095 ἑαυτοῦ
2513 5059 2633 5094 τινα
2669 5042 2825 5095 ἄλλον
2855 5043 3036 5112 τίθησι
3075 5061 3089 5075 ·
3122 5046 3236 5107 καὶ,
3295 5045 3566 5114 Ὡσπερεί

1993 5119 2070 5183 τῷ
2098 5124 2442 5194 ἐκτρώματι,
2468 5127 2560 5178 καὶ
2583 5126 2861 5195 ἐλάχιστον
2893 5127 3082 5179 ἑαυτὸν
3115 5126 3222 5179 τῶν
3250 5128 3561 5183 ἀποστόλων

1994 5202 2133 5260 εἷναί
2165 5225 2315 5277 φησι,
2346 5210 2440 5260 καὶ
2473 5208 2593 5260 οὐδὲ
2629 5210 2724 5277 τῆς
2757 5209 3131 5280 προσηγορίας
3157 5210 3359 5281 ταύτης
3390 5210 3557 5275 ἀξιον.

1994 5290 2104 5343 Καὶ
2134 5291 2251 5344 οὐδὲ
2276 5291 2482 5355 τούτοις
2515 5291 2779 5362 ἠρκέσθη,
2824 5292 2939 5346 ἀλλ’
2971 5295 3057 5348 ἵνα
3097 5294 3171 5365 μὴ
3200 5293 3325 5367 δόξῃ
3354 5297 3563 5365 ῥήμασι

1994 5381 2454 5447 ταπεινοφρονεῖν,
2477 5375 2623 5452 [558]
2640 5377 2732 5431 καὶ
2746 5377 2925 5441 αἰτίας
2939 5378 3118 5449 τίθησι
3135 5382 3226 5432 καὶ
3239 5379 3558 5443 ἀποδείξεις,

1995 5461 2086 5513 τοῦ
2130 5462 2226 5531 μὲν
2271 5461 2530 5533 ἕκτρωμα
2571 5460 2795 5518 εἶναιτὸ
2826 5463 3050 5534 ὕστερον
3099 5464 3260 5516 αὑτὸν
3296 5463 3421 5514 ἰδεῖν
3471 5458 3560 5510 τὸν

2056 5678 2083 5722 b
2110 5681 2271 5746 Alius,
2285 5684 2605 5747 ταυτολογίας.
