4018 6156
500 321 610 378 3‘29

511 436 737 506 Ἰησοῦν,
777 437 869 490 τοῦ
902 439 960 491 δὲ
1004 437 1102 490 zeal
1142 435 1242 504 τῆς
1274 436 1641 507 προσηγορίας
1684 436 1899 502 ἀνάξιον
1931 432 2070 490 εἶναι

498 526 602 579 τῶν
653 525 964 580 ἀποστόλων
1008 524 1067 578 τὸ
1103 524 1293 590 διῶξαι
1336 526 1435 595 τὴν
1484 525 1828 595 Ἐκκλησίαν.
1872 526 1931 578 Ὁ
1980 525 2079 595 μὲν

498 618 604 689 γὰρ
636 617 822 680 ἁπλῶς
850 613 1314 688 ταπεινοφρονῶν,
1350 616 1507 671 τοῦτο
1534 617 1594 670 0-3
1631 620 1807 669 ποιεῖ·
1840 618 1868 668 δ
1898 616 1954 669 δὲ
1986 614 2080 670 zeal

494 714 594 777 τὰς
652 713 831 776 αἰτίας
886 712 1077 776 τιθεὶς,
1136 711 1245 766 ἀπὸ
1302 715 1766 783 συντετριμμένης
1841 714 2081 776 διανοίας

496 811 713 866 ἅπαντα
738 813 1052 881 φθέγγεται.
1086 812 1176 866 Διὸ
1206 813 1301 866 zeal
1344 812 1579 882 ἀλλαχοῦ
1611 813 1721 865 τῶν
1749 812 1929 866 αὐτῶν
1957 810 2079 866 τού-

494 919 601 956 των
625 903 921 975 μέμνηται,
945 903 1148 974 λέγων·
1180 904 1363 973 Χάριν
1388 905 1458 957 δὲ
1482 904 1600 974 ἔχω
1630 905 1710 971 τῷ
1735 904 2079 972 ἐνδυναμώ-

493 997 675 1052 σαντί
693 1014 770 1067 με
794 996 1048 1065 Χριστῷ,
1082 996 1172 1052 ὅτι
1201 999 1421 1052 πιστόν
1434 1014 1513 1067 με
1534 997 1806 1068 ἡγήσατο
1834 997 2080 1066 θέμενος

494 1089 581 1153 ε’ίς
630 1088 964 1153 διακονίαν,
1013 1090 1123 1144 τόν
1166 1092 1459 1159 πρότερον
1508 1091 1652 1144 ὄντα
1704 1089 2081 1160 ,βλάσφημον

492 1180 594 1236 καί
637 1180 899 1251 διώκτην
947 1183 1043 1237 καί
1096 1184 1408 1252 ὑϐριστήν.
1449 1183 1609 1247 Τίνος
1648 1183 1706 1236 δὲ
1757 1184 1944 1237 ἕνεκεν
1985 1184 2080 1236 zeal

495 1272 632 1327 αὐτὸ
654 1274 714 1327 τὸ
745 1274 950 1345 ὑψηλὸν
998 1275 1157 1329 τοῦτο
1183 1275 1500 1347 ἐφθέγξατο,
1531 1276 1611 1343 τὸ,
1644 1278 2081 1344 Περισσότερον

494 1364 695 1419 αὐτῶν
714 1366 1007 1421 ἐκοπίασα
1025 1384 1043 1430 ;
1064 1368 1168 1422 Τὸν
1192 1369 1381 1440 καιρὸν
1404 1367 1550 1439 ἐώρα
1573 1368 2075 1438 καταναγκάζοντα.

497 1455 564 1509 El
600 1457 674 1528 μὴ
700 1458 809 1528 γὰρ
848 1459 1008 1512 τοῦτο
1044 1453 1218 1523 εἶπεν,
1254 1460 1392 1514 ἀλλά
1423 1460 1582 1526 μόνον
1613 1461 1808 1515 ἑαυτὸν
1854 1460 2079 1531 ἐξηυτέ-

465 1536 639 1619 ςλισε,
681 1550 800 1613 πῶς
840 1549 1072 1619 ἠδύνατο
1118 1551 1256 1621 μετά
1299 1550 1612 1623 παρρησίας
1655 1554 1737 1615 είς
1773 1553 2079 1624 μαρτυρίαν

495 1639 688 1694 ἑαυτὸν
717 1640 928 1706 καλεῖν,
961 1643 1057 1695 zeal
1093 1642 1232 1711 μετά
1261 1641 1370 1696 τῶν
1398 1642 1572 1696 ἄλλων
1595 1642 1853 1713 ἀριθμεῖν
1879 1643 1973 1696 καὶ
1997 1643 2083 1696 λέ-

495 1749 638 1801 γειν,
664 1733 802 1787 Εῖτε
827 1729 944 1789 οὖν
973 1734 1110 1806 ἐγὼ,
1146 1735 1269 1789 εἴτε
1306 1734 1545 1800 ἐκεῖνοι,
1587 1734 1741 1790 οὕτω
1772 1736 2080 1803 κηρύσσε-

491 1844 643 1897 μεν;
675 1826 778 1879 Τὸν
817 1827 926 1899 γάρ
966 1827 1222 1899 μάρτυρα
1245 1826 1557 1892 ἀξιόπιστον
1586 1825 1723 1881 εἶναι
1758 1826 1841 1881 δεῖ
1864 1828 1956 1880 zeal
1982 1828 2081 1897 μέ·-

496 1940 619 1987 γαν.
672 1921 797 1986 Πῶς
836 1921 894 1975 δὲ
940 1925 1036 1975 καὶ
1084 1922 1475 1993 περισσότερον
1522 1920 1706 1975 αὐτῶν
1765 1921 2080 1982 ἐκοπίασεν,

496 2014 696 2080 εδειξεν
723 2014 1003 2085 ἀνωτέρω,
1056 2011 1234 2082 λέγων
1256 2030 1269 2044 ·
1307 2015 1378 2068 Ἦ
1404 2015 1516 2066 οὐκ
1549 2013 1770 2082 ἔχομεν
1792 2013 2085 2078 ἐξουσίαν

496 2112 605 2171 τοῦ
634 2111 850 2182 φαγεῖν
873 2112 971 2165 καὶ
999 2108 1281 2178 πιεῖν,’ὠς
1314 2111 1480 2165 καίοι
1501 2114 1701 2165 λοιποί
1727 2112 2082 2173 ἀπόστολος

499 2204 593 2260 zeal
634 2202 820 2267 πάλιν,
871 2202 1193 2272 Ἑγενόμην
1250 2201 1377 2269 τοῖς
1431 2203 1679 2273 ἀνόμοις
1720 2194 2080 2271 ώςάνομος.

499 2296 609 2349 Kal
638 2294 748 2365 γὰρ
784 2296 918 2349 ὅπου
964 2294 1248 2361 ἀκρίϐειαν
1296 2293 1671 2359 ἐπιδείξασθαι
1715 2292 1845 2357 ἔδει,
1878 2294 2083 2357 πάντας

499 2383 893 2458 ύπὲρηκόντισε
924 2400 945 2415 ο
983 2387 1077 2440 καὶ
1124 2387 1259 2439 ὅπου
1312 2385 1726 2457 συγκαταϐῆναι
1766 2384 1957 2457 ἐχρῆν,
1983 2384 2082 2455 τὴν

499 2478 669 2549 αὐτὴν
699 2478 861 2533 πάλιν
893 2478 1198 2549 ὑπερϐολὴν
1227 2477 1562 2544 ὲπεδείξατο.
1596 2474 1755 2542 Τινὲς
1782 2478 1839 2530 δέ
1868 2494 1999 2546 φασι
2023 2477 2082 2531 τὸ

501 2574 581 2636 είς
618 2570 746 2638 ἔθνη
802 2570 1138 2625 ἀπεστάλθαι
1181 2571 1276 2624 zeal
1319 2571 1380 2623 τὸ
1413 2570 1596 2623 πλεῖον
1628 2570 1730 2640 τῆς
1756 2570 2081 2641 οἰκουμένης

506 2664 673 2736 μέρος
698 2663 1041 2735 ἐπιδραμεῖν.
1074 2662 1238 2716 Ὅθεν
1265 2663 1422 2733 δῆλον
1453 2664 1535 2716 ὄτι
1560 2663 1656 2716 καὶ
1694 2661 1939 2727 πλείονος
1979 2662 2083 2717 ἀπ-

502 2756 693 2810 έλαυσε
733 2756 974 2827 χάριτος.
1009 2754 1067 2807 El
1097 2755 1206 2825 γὰρ
1240 2754 1425 2808 πλεῖον
1463 2754 1744 2814 ἐκοπίασε,
1781 2754 1981 2808 πλείων
2012 2749 2082 2826 ἦν

502 2851 649 2923 καὶὴ
681 2851 846 2921 χάρις
907 2849 1154 2913 πλείονος
1190 2850 1247 2902 δὲ
1289 2849 1564 2902 ἀπέλαυσε
1612 2849 1852 2920 χάριτος,
1897 2849 2083 2920 ἐπειδὴ

503 2944 598 2997 zeal
643 2942 862 2995 πλείονα
914 2941 1229 3005 ἐπεδείξατο
1276 2941 1534 3011 σπουδὴν.
1592 2938 1745 3006 Εἶδες
1794 2942 1930 3007 πῶς,
1991 2944 2087 2996 καὶ

502 3034 570 3088 δι’
590 3027 664 3089 ὧν
689 3034 983 3104 φιλονεικεῖ
998 3036 1089 3087 zeal
1118 3033 1363 3104 βιάζεται
1392 3037 1704 3099 συσκιάζειν
1728 3036 1793 3088 τά
1814 3035 1939 3089 καθ’
1957 3037 2087 3089 ἑαυ-

505 3130 617 3191 τὸν,
654 3129 874 3180 πάντων
894 3127 1170 3180 δείκνυται
1206 3127 1421 3197 πρῶτος
1456 3126 1569 3192 ῶν;

580 3259 652 3316 ς’.
677 3249 863 3305 Ταῦτα
881 3251 976 3304 καὶ
1004 3252 1161 3322 ἡμεῖς
1189 3251 1495 3315 ἀκούοντες,
1514 3254 1580 3306 τὰ
1608 3253 1706 3322 μὲν
1728 3252 2088 3323 ἐλαττώματα

506 3343 665 3414 ημῶν
700 3340 1165 3413 ἐκπομπεύωμεν,
1196 3342 1264 3396 τὰ
1294 3341 1350 3395 δὲ
1385 3342 1789 3414 κατορθώματα
1819 3344 2082 3416 σιγῶμεν·

508 3436 612 3488 κᾶν
634 3433 826 3505 καιρὸς
845 3433 1262 3504 καταναγκάζῃ,
1285 3433 1729 3503 συνεσταλμένως
1752 3434 1893 3489 αύτά
1919 3435 2089 3501 λέγω-

510 3544 630 3600 μεν,
660 3526 752 3581 καὶ
773 3525 835 3579 τὸ
868 3528 979 3579 πᾶν
1005 3527 1071 3597 τῇ
1103 3526 1287 3597 χάριτι
1315 3508 1677 3596 λογιζώμεθα·
1708 3527 1736 3579 ὃ
1766 3527 1829 3598 δὴ
1861 3529 1954 3581 καὶ
1986 3526 2087 3582 αύ-

506 3618 597 3681 τὸς
618 3620 782 3678 ποιεῖ.
803 3616 917 3672 ἀνω
940 3618 1034 3673 zeal
1058 3619 1207 3672 κάτω
1226 3618 1316 3670 τὴν
1336 3619 1433 3687 μὲν
1458 3616 1674 3687 πρῶτον
1699 3616 1865 3671 αὑτοῦ
1891 3618 2089 3684 στίζων

512 3710 647 3779 βίον,
681 3708 751 3762 τὰ
793 3707 851 3761 δὲ
887 3708 1024 3778 μετά
1060 3709 1228 3761 ταῦτα
1266 3712 1332 3779 τῇ
1367 3711 1549 3781 χάριτι
1587 3707 1956 3780 λογιζόμενος,
2002 3711 2090 3765 ῖνα

507 3796 607 3850 τοῦ
630 3796 763 3850 Θεοῦ
791 3797 941 3869 δείξῃ
968 3799 1069 3867 τὴν
1105 3797 1513 3868 φιλανθρωπίαν
1545 3798 1829 3863 πάντοθεν,
1863 3800 1945 3854 ὅτι
1980 3818 2091 3855 τοι·

510 3885 666 3943 οῦτον
693 3888 826 3943 ὂντα
856 3887 1054 3952 ἔσωσε,
1102 3889 1195 3940 zeal
1232 3888 1474 3941 σωθέντα
1506 3889 1668 3942 πάλιν
1707 3889 1946 3945 τοιοῦτον
1975 3894 2091 3963 είρ-

513 3979 743 4047 γάσατο.
777 3979 982 4050 Μηδεὶς
1017 3977 1322 4030 τοίνυν-τῶν
1348 3978 1407 4029 ὲν
1434 3978 1603 4048 κακία
1628 3978 1798 4033 ὅντων
1819 3980 2090 4049 ἀπογινω-

512 4072 709 4135 σκέτω,
737 4071 925 4142 μηδεὶς
951 4069 1061 4125 τῶν
1083 4072 1140 4123 ὲν
1165 4072 1333 4141 ἀρετῇ
1357 4068 1651 4140 θαρρείτω,
1677 4070 1813 4125 ἀλλά
1840 4073 2089 4140 κάκεῖνος

513 4163 652 4217 ἔστω
686 4162 963 4236 περιδεὴς,
990 4162 1088 4216 καὶ
1116 4156 1274 4224 οὗτος
1300 4160 1600 4232 πρόθυμος.
1620 4160 1756 4215 Οῦτε
1777 4162 1886 4233 γὰρ
1918 4164 2088 4235 ρᾳθυ-

514 4256 631 4328 μῶν
664 4273 746 4319 τις
784 4255 970 4319 ίκανδς
1003 4253 1156 4307 ἔσται
1192 4255 1369 4325 μεῖναι
1402 4254 1459 4307 ὲν
1482 4253 1673 4327 ἀρετῇ,
1701 4253 1825 4308 οὔτε
1849 4257 2087 4310 σπουδά-

511 4351 639 4411 ζων,
674 4345 906 4418 ἀσθενὴς
939 4346 1076 4417 πρὸς
1103 4347 1164 4399 τὸ
1194 4345 1477 4416 διαφυγεῖν
1495 4344 1716 4401 κακίαν.
1742 4348 1854 4402 Kal
1883 4348 2089 4404 τούτων

510 4438 835 4510 ἀμφοτέρων
887 4438 1188 4508 ὑπόδειγμα
1219 4439 1248 4491 ὁ
1278 4439 1548 4510 μακάριος
1579 4438 1763 4506 Δαυῖδ,
1798 4441 1962 4514 ἡνίκα
1996 4460 2087 4514 μι-

512 4530 643 4598 κρὸν
659 4529 749 4583 ὶνύ
760 4529 936 4595 σταξε,
957 4527 1285 4586 καταπεσὼν
1304 4530 1463 4600 μέγα·
1481 4530 1575 4585 zeal
1599 4531 1765 4602 ἡνίκα
1782 4533 2079 4606 κατενύγη,

476 4606 479 4611 ’
512 4622 672 4677 πάλιν
702 4623 837 4692 πρὸς
869 4621 931 4675 τὸ
958 4622 1225 4694 πρότερον
1260 4622 1394 4692 ’ύψος
1439 4621 1786 4694 ἀναδραμὼν.
1832 4626 1942 4679 Καὶ
1975 4625 2085 4698 γάρ

511 4714 794 4784 ἀμφότερα
825 4713 885 4778 ἐξ
919 4714 1041 4784 ίσης
1071 4714 1238 4779 κακά,
1266 4713 1362 4767 zeal
1383 4712 1446 4765 τὸ
1468 4712 1868 4781 ἀπογινώσκειν
1898 4717 1993 4769 καὶ
2025 4716 2085 4769 τὸ

513 4802 664 4877 [359]
688 4804 969 4875 ῥᾳθυμεῖν·
1003 4804 1064 4857 τὸ
1098 4806 1194 4875 μὲν
1218 4805 1326 4875 γὰρ
1356 4803 1610 4875 καθαιρεῖ
1632 4805 1845 4874 ταχέως
1866 4807 1961 4859 ἀπ’
1984 4807 2085 4860 αὺ-

509 4896 608 4965 τῆς
638 4894 748 4948 τῶν
781 4892 1028 4966 οὐρανῶν
1061 4894 1163 4964 τῆς
1194 4896 1402 4964 ἀψῖδος,
1439 4895 1499 4949 τὸ
1541 4894 1619 4961 δὲ,
1663 4894 1961 4965 ἀναστῆναι
1993 4896 2087 4950 τὸν

509 4988 761 5058 κείμενον
785 4987 883 5041 οὑκ
928 4985 1140 5057 ἀφίησι.
1173 4987 1266 5039 Διὸ
1295 4988 1430 5059 πρὸς
1459 4988 1667 5041 ἐκεῖνον
1709 4988 1807 5059 μὲν
1844 4986 2030 5056 ἔλεγεν
2056 4990 2085 5041 ό

510 5078 739 5141 Παῦλος·
786 5080 848 5133 '0
895 5077 1090 5134 δοκῶν
1125 5077 1398 5144 ἑστάναι,
1448 5080 1726 5145 βλεπέτω
1753 5081 1840 5150 μὴ
1883 5080 2043 5151 πέσῃ
2067 5098 2080 5111 ·

512 5173 647 5241 πρὸς
680 5171 735 5224 δὲ
763 5174 984 5238 τοῦτον,
1030 5172 1301 5244 Σήμερον
1340 5172 1451 5227 ἐὰν
1489 5170 1598 5240 τῆς
1648 5171 1858 5242 φωνῆς
1894 5173 2083 5227 αὐτοῦ

509 5262 829 5326 ἀκούσητε.
876 5262 963 5329 μὴ
1007 5266 1391 5331 σκληρύνητε
1437 5262 1546 5327 τὰς
1592 5263 1842 5333 καρδίας
1882 5263 2081 5332 ὑμῶν’

511 5355 605 5408 καὶ
638 5352 819 5417 πάλιν,
857 5354 966 5419 Telc
994 5354 1352 5424 παρειμένας
1391 5354 1615 5423 χεῖρας,
1656 5353 1753 5408 καί
1785 5351 1858 5407 τὰ
1891 5367 2080 5422 παρα-

478 5434 810 5512 uacum-ce
836 5446 1056 5515 γόνατα
1086 5444 1481 5514 ἀνορθώσατε.
1519 5447 1626 5500 Καὶ
1656 5445 1747 5500 τὸν
1781 5462 2082 5516 πεπορνευ-

509 5535 641 5589 κότα
666 5535 722 5589 δὲ
773 5536 1201 5606 μετανοήσαντα,
1224 5535 1312 5587 διὰ
1334 5535 1492 5588 τοῦτο
1515 5536 1814 5590 ἀνακτᾶται
1842 5526 2077 5606 ταχέως,

510 5627 599 5679 ῖνα
630 5626 703 5699 μὴ
735 5629 800 5697 τῇ
835 5626 1192 5699 περισσοτέρᾳ
1223 5623 1369 5695 λύπῃ
1414 5626 1696 5697 καταποθῇ
1743 5628 1772 5680 ὁ
1819 5625 2076 5693 τοιοῦτος.

509 5716 575 5773 Τί
605 5716 779 5772 τοίνυν
821 5719 913 5773 ἐπὶ
953 5719 1065 5782 τοῖς
1108 5706 1287 5780 ἀλλοις
1327 5714 1574 5787 ἀθυμεῖς,
1610 5710 1655 5770 ῶ
1694 5706 1978 5788 ἀνθρωπεξ
2013 5720 2074 5773 Et

1196 320 1254 373 S.
1294 315 1578 376 JOANNIS
1616 313 2100 372 CHRYSOS'I'OMI
2138 276 2457 377 Αιιοηιεῖῑ
2498 317 3040 376 CONSTANTINOP.

3655 324 3762 379 530

2194 452 2300 525 γὰρ
2331 455 2424 508 ἐπὶ
2453 455 2860 527 ἁμαρτήμασιν,
2892 455 3021 508 ἔνθα
3047 444 3312 526 χρήσιμον
3338 457 3369 525 ἡ
3396 455 3541 527 λύπη
3575 457 3764 527 μόνον,

2187 547 2220 616 ἡ
2249 546 2486 617 ἀμετρία
2516 548 2715 619 πολλὴν
2747 548 3040 618 ἐργάζεται
3083 546 3307 618 βλάϐην,
3348 547 3527 620 πολλῷ
3560 550 3766 618 μᾶλλον

2182 638 2274 691 ἐπὶ
2305 641 2414 701 τοῖς
2443 640 2640 704 ἀλλοις.
2684 641 2840 704 Τίνος
2877 642 2985 711 γὰρ
3028 640 3215 695 ἕνεκεν
3259 639 3476 709 ἀλγεῖςῧ
3506 641 3591 696 δτι
3627 645 3768 714 χρή-

2185 747 2329 801 ματα
2383 732 2703 799 ἀπώλεσας;
2747 733 2886 786 Ἀλλ’
2934 733 3188 803 ἐννόησον
3235 734 3362 796 τοὺς
3410 733 3531 787 οὐδὲ
3592 734 3764 808 ἄρτου

2182 827 2632 896 κορεννυμένους,
2668 828 2762 881 zeal
2791 827 3055 897 ταχίστην
3074 828 3216 899 λήψῃ
3245 827 3625 899 παραμυθίαν.
3651 830 3770 883 Kal

2180 915 2265 983 ἐφ’
2293 917 2506 989 ἑκάστῳ
2541 917 2599 970 δὲ
2626 917 2733 969 τῶν
2762 917 2953 971 δεινῶν
2993 917 3066 989 μὴ
3098 919 3168 972 τὰ
3210 918 3495 988 συμϐάντα
3526 919 3719 991 θρήνει
3747 959 3765 983 .

2181 1007 2300 1061 ἀλλ’
2326 1009 2467 1080 ὑπὲρ
2497 1008 2606 1062 τῶν
2651 1008 2725 1079 μὴ
2758 1008 3081 1080 συμϐάντων
3129 1009 3382 1080 χαλεπῶν
3430 1011 3765 1081 εὐχαρίστει.

2184 1102 2383 1173 Ἔσχες
2414 1103 2697 1174 χρήματα,
2724 1104 2819 1157 καὶ
2847 1102 3155 1168 ἀπέϐαλες;
3198 1104 3292 1176 Μὴ
3321 1103 3600 1179 δακρύσῃς
3622 1106 3770 1175 ὑπὲρ

2179 1194 2280 1264 τῆς
2311 1193 2534 1267 ζημίας,
2566 1195 2681 1249 ἀλλ’
2713 1196 3110 1268 εὐχαρίστησον
3150 1197 3291 1267 ὑπὲρ
3330 1197 3425 1251 τοῦ
3458 1200 3675 1271 χρόνου,
3702 1195 3771 1256 οὗ

2181 1290 2351 1343 ταῦτα
2397 1290 2723 1361 ὲκαρπὼσω·
2767 1291 2888 1345 εἰπὲ
2931 1292 3072 1345 κατὰ
3121 1291 3214 1344 τὸν
3253 1290 3397 1357 Ἰὼϐ,
3434 1286 3607 1347 Είτά
3648 1296 3772 1363 μὲν

2180 1384 2372 1454 ἀγαθὰ
2402 1380 2729 1455 ἐδεξάμεθα
2758 1387 2917 1454 παρὰ
2948 1386 3171 1454 Κυρίου
3194 1427 3209 1446 ,
3244 1386 3318 1440 τὰ
3347 1385 3418 1439 δὲ
3449 1390 3605 1442 κακὰ
3650 1393 3768 1458 οὐχ

2182 1478 2551 1547 ὑποίσομεν;
2580 1478 2733 1532 Μετά
2764 1478 2820 1531 δὲ
2860 1477 3051 1530 τούτου
3081 1478 3304 1531 κάκεῖνο
3338 1476 3578 1546 λογίζου,
3610 1479 3691 1532 ὅτι
3715 1481 3770 1532 εί

2185 1571 2280 1624 zeal
2308 1571 2564 1642 χρήματα
2590 1568 2881 1632 ἀπέϐαλες,
2907 1568 3044 1622 ἀλλά
3063 1568 3125 1621 τὺ
3144 1568 3304 1639 σῶμά
3332 1586 3428 1624 σου
3457 1570 3595 1635 τέως
3616 1572 3771 1639 ὑγιὲς

2184 1660 2351 1734 ιχεις,
2382 1662 2478 1717 zeal
2510 1665 2571 1718 οὐ
2600 1662 2817 1734 θρηνεῖς
2854 1663 2991 1734 μετά
3022 1667 3124 1735 τῆς
3157 1665 3350 1728 πενίας
3380 1667 3476 1719 καὶ
3504 1666 3606 1737 τὴν
3641 1667 3773 1721 τού-

2183 1771 2280 1809 του
2308 1757 2581 1826 πήρωσιν.
2629 1754 2791 1809 Ἀλλὰ
2824 1756 2920 1808 zeal
2964 1755 3027 1809 τὸ
3076 1754 3238 1827 σῶμά
3289 1773 3385 1811 σου
3426 1757 3610 1829 λώϐην
3645 1758 3774 1812 τινὰ

2186 1849 2509 1919 ὑπέμεινενς
2549 1849 2690 1902 Ἀλλ’
2721 1849 2819 1919 οὐχ
2851 1843 3007 1912 οὗτος
3042 1849 3153 1903 τῶν
3193 1850 3548 1921 ἀνθρωπίνων
3582 1852 3777 1905 κακῶν

2183 1945 2211 1995 ό
2240 1940 2483 2013 πυθμὴν,
2522 1940 2637 1993 ἀλλ’
2674 1943 2730 1993 ὲν
2776 1939 2853 2010 τῷ
2902 1941 3055 2012 μέσῳ
3094 1942 3192 1995 τοῦ
3235 1942 3567 2017 πίθου·φέρῃ
3601 1945 3776 2008 τέως.

2186 2034 2377 2086 Πολλοὶ
2403 2034 2512 2104 γάρ
2547 2032 2685 2104 μετὰ
2716 2032 2907 2096 πενίας
2944 2035 3034 2085 καὶ
3067 2032 3248 2104 λώϐης
3289 2037 3381 2088 καὶ
3416 2034 3631 2105 δαίμονι
3664 2055 3782 2091 πει-

2182 2125 2396 2180 λαίουσι
2427 2126 2521 2178 zeal
2555 2126 2612 2178 ἐν
2646 2126 2874 2196 ὲρὴμοις
2904 2118 3234 2178 πλάνῶνται³
3269 2125 3417 2181 ἄλλοι
3451 2126 3613 2181 πάλιν
3652 2128 3782 2182 τού-

2181 2236 2293 2274 των
2319 2220 2482 2289 ἕτερα
2516 2217 2872 2289 χαλεπώτερα
2917 2218 3268 2288 ὑπομένουσι.
3297 2219 3390 2292 Μὴ
3425 2219 3534 2291 γὰρ
3570 2219 3639 2291 δὴ
3679 2222 3781 2290 γέ-

2186 2328 2327 2366 νοιτο
2350 2312 2496 2381 ἡμᾶς
2522 2310 2702 2364 πάντα
2720 2310 2932 2374 παθεῖν,
2958 2311 3057 2363 ὅσα
3078 2310 3300 2365 δυνατὸν
3317 2312 3581 2380 ἐνεγκεῖν.
3605 2311 3781 2366 Ταῦτ’

2179 2400 2277 2458 οῦν
2303 2404 2390 2457 ἀεὶ
2418 2399 2790 2471 λογιζόμενος,
2822 2403 2949 2464 τοὺς
2975 2403 3040 2455 τὰ
3069 2401 3430 2475 χαλεπώτερα
3459 2404 3780 2475 πάσχοντας

2187 2496 2374 2560 ἐννόει,
2411 2495 2508 2548 zeal
2539 2494 2727 2565 μηδενὶ
2745 2492 2951 2547 τούτων
2983 2493 3160 2563 ἀλγει·
3187 2494 3302 2547 ἀλλ’
3338 2495 3467 2549 ὅταν
3495 2496 3777 2568 ἁμάρτῃς,

2186 2589 2306 2642 τότε
2334 2588 2492 2659 μόνον
2517 2585 2791 2651 στέναξον,
2823 2585 2946 2638 τότε
2974 2586 3267 2656 δάκρυσον·
3291 2588 3351 2641 ού
3382 2588 3609 2653 κωλύω,
3633 2588 3781 2642 ἀλλά

2186 2685 2283 2737 καὶ
2316 2681 2612 2755 προτρέπω
2640 2680 2862 2751 μᾶλλον·
2894 2680 2988 2732 καὶ
3014 2680 3134 2733 τότε
3155 2681 3210 2734 δὲ
3241 2680 3380 2751 μετά
3406 2697 3510 2752 συμ
3522 2681 3776 2754 μετρίας,

2191 2776 2390 2831 ἐννοῶν
2444 2775 2526 2827 ὅτι
2570 2772 2719 2826 ἔστιν
2769 2771 3049 2836 ἐπάνοδος,
3092 2772 3204 2826 ἔστι
3237 2773 3575 2845 καταλλαγὴ.
3634 2776 3779 2830 Ἀλλ’

2188 2872 2320 2941 ὁρᾷς
2352 2868 2569 2939 ἐτέρους
2614 2866 2957 2938 τρυφῶντας,
3008 2864 3205 2918 σαυτὸν
3247 2864 3305 2918 δὲ
3348 2865 3406 2917 ἐν
3464 2866 3642 2935 πενίᾳ,
3677 2870 3782 2921 zeal

2187 2963 2373 3030 ἕτερον
2415 2960 2472 3012 ἐν
2492 2956 2768 3030 λαμπροῖς
2826 2955 3083 3028 ίματίοις,
3141 2956 3235 3010 καὶ
3289 2958 3347 3010 ὲν
3402 2959 3779 3030 περιφανείας

2202 3054 2363 3108 Ἀλλά
2390 3054 2464 3124 μὴ
2498 3049 2673 3106 ταῦτα
2698 3049 2858 3119 μόνον
2895 3038 3124 3112 σκόπει,
3160 3046 3296 3101 ἀλλά
3323 3047 3419 3102 zeal
3456 3048 3522 3101 τὰ
3550 3049 3614 3101 ὲκ
3652 3051 3783 3103 τούο

2187 3165 2296 3201 των
2324 3146 2562 3216 λυπηρά.
2593 3144 2703 3196 Kal
2734 3141 2826 3195 ἐπὶ
2852 3141 2949 3211 τῆς
2972 3139 3162 3202 πενίας
3185 3140 3242 3192 δὲ
3271 3140 3349 3211 μὴ
3370 3140 3466 3211 τὴν
3495 3141 3784 3211 πτωχείαν

2193 3242 2383 3312 μόνον,
2455 3237 2591 3290 ἀλλὰ
2670 3234 2766 3287 zeal
2840 3234 2939 3304 τὴν
3004 3231 3256 3288 ἐντεῦθεν
3326 3231 3513 3304 ἡδονὴν
3567 3233 3786 3289 ἀναλο-

2190 3331 2366 3399 γὲζου.

2272 3505 2330 3555 '0
2372 3502 2471 3573 μὲν
2508 3501 2615 3571 γάρ
2645 3497 2869 3563 πλοῦτος
2898 3498 2958 3551 τὸ
2994 3497 3093 3568 μὲν
3121 3499 3466 3568 προσωπεῖον
3507 3496 3617 3569 εχει
3653 3514 3784 3567 φαι-

2189 3597 2335 3669 δρὸν,
2367 3595 2435 3648 τὰ
2459 3595 2515 3648 δὲ
2547 3594 2694 3647 ἐνδον
2729 3591 2895 3662 ζόφου
2944 3591 3203 3662 γέμοντα·
3249 3592 3282 3661 ἡ
3327 3589 3385 3644 δὲ
3425 3593 3586 3647 πενία
3620 3592 3782 3647 τούν.

2190 3690 2392 3743 αντίον·
2429 3687 2532 3740 κᾶν
2576 3686 2638 3739 τὸ
2682 3686 2912 3739 ἑκάστου
2952 3683 3192 3747 συνειδὸς
3218 3683 3550 3757 ἀναπτύξῃς,
3578 3687 3640 3739 ἐν
3671 3686 3783 3756 μιν

2190 3784 2255 3852 τῇ
2280 3779 2372 3833 τοῦ
2399 3779 2629 3845 πένητος
2659 3776 2804 3847 ψυχῇ
2839 3775 3039 3846 πολλὴν
3068 3778 3168 3846 τὴν
3192 3774 3374 3829 ἄδειαν
3394 3773 3511 3844 ϐψει
3537 3776 3637 3829 καὶ
3667 3776 3780 3847 τὴν

2191 3871 2522 3943 ἐλευθερίαν·
2558 3871 2614 3921 ὲν
2640 3869 2697 3923 δὲ
2727 3871 2795 3940 τῇ
2832 3868 2925 3921 τοῦ
2966 3867 3320 3930 πλουτοῦντος
3351 3864 3633 3936 θορύϐους,
3675 3886 3781 3924 τα.

2192 3962 2388 4034 ραχάς,
2416 3959 2658 4026 κύματα.
2683 3961 2745 4012 El
2768 3960 2825 4013 δὲ
2847 3958 3032 4028 ἀλγεῖς
3058 3958 3202 4030 ὁρῶν
3220 3958 3382 4013 αὑτὸν
3410 3957 3777 4025 πλουτοῦντα,

2192 4055 2441 4116 κάκεῖνος
2473 4049 2654 4122 πολλῷ
2680 4049 2773 4103 σοῦ
2809 4050 2973 4103 πλέον
3007 4050 3163 4119 ἀλγεῖ
3187 4050 3277 4104 τὸν
3304 4049 3472 4104 αὑτοῦ
3502 4049 3781 4104 πλουσιώ-

2188 4162 2348 4216 τερον
2390 4143 2693 4214 θεώμενος·
2731 4143 2825 4195 καὶ
2866 4142 3117 4214 καθάπερ
3160 4142 3223 4195 σὺ
3264 4140 3455 4195 τοῦτον
3483 4141 3729 4205 δέδοικας
3754 4183 3773 4205 ,

2189 4238 2333 4294 οὕτω
2361 4239 2613 4299 κάκεῖνος
2645 4235 2824 4299 ἀλλον,
2850 4235 2944 4288 καὶ
2974 4235 3126 4289 οὐδέν
3162 4252 3254 4288 σου
3290 4234 3605 4289 πλεονεκτεῖ
3628 4239 3777 4291 κατὰ

2189 4332 2366 4387 τοῦτο.
2408 4329 2550 4383 Ἀλλ’
2585 4328 2821 4400 ἄρχοντα
2863 4326 3004 4397 ὁρῶν
3039 4326 3223 4395 ἀλγεῖς
3245 4365 3260 4390 ,
3301 4326 3383 4381 ὄτι
3423 4325 3640 4397 ίδιώτης
3676 4330 3770 4391 σὺ,

2190 4425 2284 4479 zeal
2320 4424 2429 4477 τῶν
2458 4419 2796 4493 ἀρχομένων.
2852 4418 2989 4472 Ἀλλ’
3034 4419 3204 4471 ἐννόει
3245 4419 3340 4472 zeal
3377 4418 3480 4489 τῆς
3519 4418 3773 4490 διαδοχῆς

2188 4514 2285 4586 τὴν
2310 4513 2543 4586 ἡμέραν,
2591 4512 2685 4564 καὶ
2724 4508 2833 4581 πρὸ
2865 4512 2962 4580 τῆς
3006 4508 3221 4580 ἡμέρας
3266 4508 3321 4561 δὲ
3373 4509 3589 4581 ἐκείνης
3639 4512 3771 4574 τοὺς

2189 4606 2473 4680 θορύϐους,
2493 4604 2620 4667 τοὺς
2635 4600 2933 4666 κινδύνους,
2952 4602 3079 4663 τοὺς
3102 4602 3314 4661 πόνους,
3330 4602 3430 4663 τὰς
3453 4600 3767 4665 κολακείας,

2190 4695 2341 4772 [560]
2365 4695 2464 4760 τὰς
2503 4694 2840 4767 ἀγρυπνίας,
2873 4691 2973 4756 τάς
3011 4692 3386 4757 ταλαιπωρίας
3417 4692 3619 4751 πάσας.
3654 4694 3769 4745 Καὶ

2186 4788 2355 4845 ταῦτα
2388 4787 2522 4860 πρὸς
2556 4786 2682 4849 τοὺς
2714 4784 2813 4838 οὐκ
2842 4782 3126 4847 ἐθέλοντας
3156 4783 3464 4852 φιλοσοφεῖν
3509 4781 3765 4853 λέγομεν·

2186 4884 2263 4947 ὡς
2278 4881 2371 4935 ὲάν
2395 4880 2552 4933 τοῦτο
2580 4878 2747 4949 εἰδῇς,
2768 4875 2861 4946 ἀφ’
2884 4876 3087 4947 ἑτέρων
3116 4892 3172 4928 σε
3199 4872 3465 4944 μειζόνων
3487 4875 3771 4945 δυνάμεθα

2187 4973 2599 5048 παρακαλέσαι·
2655 4969 2789 5033 τέως
2810 4967 2867 5022 δὲ
2912 4966 3022 5022 ἀπὸ
3057 4967 3166 5020 τῶν
3195 4965 3516 5037 παχυτέρων
3546 4967 3765 5038 ἀνάγκη

2185 5073 2323 5145 πρὸς
2357 5072 2417 5126 σὲ
2452 5064 2816 5137 διαλέγεσθαι,
2847 5066 3017 5119 ὀταν
3049 5063 3226 5117 τοίνυν
3256 5063 3374 5136 ἴδῃς
3402 5062 3765 5125 πλουτοῦντα,

2183 5167 2276 5219 τὸν
2312 5163 2519 5217 ἐκείνου
2552 5156 2947 5228 πλουσιώτερον
2979 5155 3171 5217 ἐννόει,
3224 5154 3319 5207 zeal
3348 5152 3467 5222 δψει
3488 5152 3677 5205 τοῦτον
3705 5157 3771 5205 ἰν

2183 5255 2266 5324 οἷς
2296 5258 2389 5313 καὶ
2423 5253 2508 5307 σύ.
2536 5251 2690 5306 Μετά
2716 5250 2772 5305 δὲ
2807 5248 2996 5304 τοῦτον
3029 5249 3123 5300 zeal
3155 5247 3247 5301 τὸν
3276 5243 3475 5297 σαυτοῦ
3507 5244 3771 5297 πενέστε-

2187 5368 2279 5424 ρον
2315 5349 2525 5411 σκόπει,
2573 5347 2666 5402 zeal
2710 5345 2864 5398 πόσοι
2902 5340 3189 5401 πεινῶντες
3221 5336 3616 5408 ἐκοιμήθησαν,
3666 5338 3771 5392 καὶ

2182 5443 2366 5504 οὐσίας
2388 5439 2644 5511 πατρῴας
2671 5437 2961 5495 ἀπέϐαλον,
2993 5433 3085 5487 zeal
3117 5432 3492 5502 δεσμωτήριον
3524 5428 3767 5494 οίκοῦσι,

2183 5532 2276 5587 καὶ
2304 5514 2532 5586 θάνατον
2561 5529 2681 5583 καθ’
2706 5529 2942 5597 ἑκάστην
2966 5524 3211 5596 εὔχονται
3237 5523 3335 5594 τὴν
3365 5521 3601 5594 ἡμέραν.
3621 5520 3770 5577 Οὔτε

2181 5626 2289 5697 γὰρ
2320 5624 2559 5695 ἀθυμίαν
2578 5624 2757 5686 πενία,
2781 5619 2903 5673 οῦτε
2925 5616 3121 5687 ἡδονὴν
3142 5614 3315 5668 τίκτει
3349 5613 3603 5678 πλοῦτος,
3624 5615 3775 5672 ἀλλά

2180 5718 2274 5771 zeal
2325 5716 2482 5769 τοῦτο
2530 5716 2751 5769 κάκεῖνο
2783 5708 3041 5781 λογισμὸς
3094 5708 3222 5778 ὑμῖν
3274 5708 3528 5778 ἐμποιεῖν
3576 5706 3770 5763 εἴωθε.
