4018 6156
331 289 438 344 5ἓ9

328 396 548 454 verbum
576 395 904 466 deprimens,
930 393 1084 465 idque
1114 407 1235 448 eum
1261 407 1326 445 ex
1369 387 1691 444 necessitate
1737 384 1802 438 ad
1852 382 1904 437 id

329 486 580 544 venisset.
618 487 748 543 Vide
791 496 964 542 autem
1005 500 1163 556 quam
1195 483 1263 538 sit
1308 484 1566 552 largusqet
1585 479 1835 548 copiosus
1857 477 1908 529 in

330 577 509 631 verbis
541 576 872 635 humilitatis.
904 578 1107 632 Etenim
1136 573 1424 629 Novissima
1445 566 1690 636 omnium,
1718 568 1907 640 inquit,

329 668 456 721 mihi
477 667 609 721 visas
634 678 739 732 est;
763 678 1037 739 propterea
1060 685 1232 738 neque
1253 683 1431 722 secum
1462 664 1609 734 ponit
1634 664 1795 718 alium
1818 679 1832 726 ;
1858 670 1912 716 et

333 757 617 827 Tamquam
641 761 842 813 cuidam
868 762 1114 824 abortivo,
1148 760 1532 826 minimumque
1558 771 1617 811 se
1643 771 1763 810 esse
1789 754 1911 807 dicit

327 850 566 903 vinnium
593 851 974 920 apostolorum,
1005 861 1182 906 etnec
1205 865 1324 904 esse
1347 849 1564 918 dignum
1596 847 1686 917 qui
1719 847 1791 898 sic
1825 863 1914 912 ιψ-

327 941 573 1010 pclletur.
603 941 786 1012 Neque
818 943 902 996 his
937 942 1035 996 fuit
1079 949 1383 1004 contentus,
1428 938 1522 994 sed
1579 952 1647 992 ne
1675 935 1915 990 videatur

327 1031 500 1085 verbis
526 1045 646 1086 esse
670 1030 913 1097 humilis,
945 1029 1101 1086 affert
1117 1031 1278 1086 etiam
1299 1043 1488 1084 causas
1505 1037 1559 1082 et
1574 1026 1914 1080 demonstra-

327 1123 518 1188 tiones,
549 1121 692 1192 quod
724 1123 794 1178 sit
839 1123 1056 1194 quidem
1086 1121 1380 1185 abortivus,
1404 1117 1652 1190 quOuiam
1680 1117 1793 1185 ipse
1819 1113 1911 1170 Je-

325 1229 442 1267 sum
473 1213 605 1267 vidit
636 1212 938 1282 posterior;
986 1212 1128 1282 quod
1180 1220 1355 1266 autem
1409 1211 1479 1264 sit
1523 1207 1771 1278 indignus
1820 1204 1914 1274 qui

325 1302 623 1374 appelletur
641 1303 934 1371 apostolus,
961 1303 1210 1372 quoniam
1234 1310 1584 1372 persequutus
1607 1308 1690 1354 est
1721 1298 1911 1352 Eccle-

325 1395 484 1448 siam.
514 1393 647 1448 Nam
680 1395 766 1463 qui
817 1403 1018 1450 temere
1044 1405 1096 1449 et
1125 1394 1519 1449 inconsiderate
1545 1401 1629 1448 est
1674 1390 1911 1456 humilis,

328 1484 433 1540 hoc
459 1501 564 1540 non
598 1484 756 1540 facit:
781 1486 866 1555 qui
889 1495 1063 1541 autem
1092 1487 1250 1553 etiam
1283 1485 1433 1540 affert
1449 1499 1661 1549 causas,
1688 1483 1914 1538 contrita

330 1585 512 1632 mente
532 1578 707 1632 omnia
732 1578 979 1646 loquitur.
1007 1579 1368 1646 Quamobrem
1389 1578 1549 1632 etiam
1576 1577 1701 1631 alibi
1729 1591 1912 1632 eorum

333 1669 596 1732 meminit,
623 1669 805 1722 dicens
833 1687 846 1722 :
876 1667 1107 1723 Gratiam
1137 1680 1302 1723 autem
1333 1669 1489 1722 habeo
1525 1669 1570 1722 ei
1592 1669 1678 1738 qui
1699 1684 1777 1733 me
1804 1683 1914 1719 cor-

333 1759 584 1811 roboravit
609 1756 830 1822 Christo,
860 1760 998 1826 quod
1033 1776 1109 1812 me
1135 1760 1335 1828 ﬁdelem
1378 1774 1486 1812 esse
1527 1758 1912 1822 existimaverit,

333 1850 473 1919 quod
492 1865 568 1902 me
596 1849 665 1901 ad
689 1839 1024 1904 ministerium
1054 1853 1297 1919 posuerit,
1325 1853 1411 1922 qui
1437 1853 1580 1922 prius
1617 1869 1754 1905 eram
1782 1853 1914 1906 blas-

335 1938 547 2007 phemus
569 1948 615 1990 et
635 1949 962 2008 persequutor
984 1951 1028 1992 et
1045 1940 1433 1995 contumeliosus
1460 1941 1543 2012 (1.
1567 1941 1696 1996 Tim.
1715 1944 1767 1996 1.
1800 1941 1912 2012 12).

330 2028 507 2093 Quare
529 2037 707 2082 autem
737 2030 839 2084 hoe
865 2047 1077 2100 quoque
1106 2032 1275 2085 altum
1313 2033 1532 2087 verbum
1577 2044 1656 2088 est
1688 2034 1913 2104 eloquu-

331 2128 439 2182 tus,
466 2118 821 2174 Abundantius
870 2121 995 2192 ipsis
1023 2122 1286 2176 laboravi?
1338 2122 1563 2178 Videbat
1600 2133 1806 2192 tempus
1831 2123 1913 2178 af-

330 2211 469 2264 ferre
521 2211 911 2266 necessitatem.
969 2211 1097 2288 Nam
1149 2214 1193 2267 si
1251 2214 1350 2268 hoc
1397 2229 1502 2269 non
1544 2215 1790 2280 dixisset,
1820 2215 1918 2270 sed

330 2300 562 2369 scipsum
578 2301 749 2355 solum
776 2287 1156 2371 vilipcudisSct,
1177 2305 1446 2376 quomodo
1468 2305 1728 2376 potuisset
1749 2305 1916 2362 libere

329 2397 387 2444 et
405 2390 736 2446 conﬁdenter
763 2393 839 2447 sei
849 2409 1001 2462 psum
1030 2394 1198 2449 citare
1221 2395 1285 2449 ad
1313 2397 1694 2461 testimonium,
1718 2407 1916 2452 etcum

332 2482 448 2536 aliis
475 2496 799 2538 enumerare
824 2492 879 2539 et
907 2484 1104 2551 dicere,
1140 2486 1263 2541 Sive
1291 2489 1424 2540 enim
1448 2504 1561 2558 ego,
1599 2489 1702 2542 sive
1725 2490 1824 2554 illi,
1844 2491 1924 2546 sic

335 2571 707 2638 pradicantus.’
747 2573 962 2629 Testem
991 2578 1134 2632 enim
1177 2588 1389 2648 oportet
1423 2592 1539 2632 esse
1571 2579 1673 2634 lide
1700 2579 1922 2649 dignum.

333 2676 387 2719 et
413 2679 680 2736 magnum.
705 2667 985 2736 Quomodo
1009 2681 1192 2726 autem
1229 2673 1350 2726 aliis
1379 2674 1736 2738 abundant-ius
1761 2675 1913 2730 labo-

333 2758 546 2824 raverit,
569 2761 802 2816 ostendit
837 2763 1106 2832 superius,
1155 2765 1339 2819 dicens
1368 2784 1380 2818 :
1415 2767 1496 2819 An
1538 2783 1638 2820 non
1678 2768 1918 2822 habemus

335 2857 626 2916 potestatem
659 2852 952 2906 comedendi
1001 2865 1046 2906 et
1073 2854 1272 2908 bibendi
1297 2858 1427 2909 sicut
1455 2865 1500 2910 et
1530 2858 1620 2910 alii
1662 2857 1920 2932 apostoli?

336 2945 390 2992 et
413 2953 616 3005 rursus,
646 2939 836 2996 Factus
857 2959 967 2996 sum
983 2945 1066 3008 iis,
1098 2946 1185 3012 qui
1205 2954 1347 2998 erant
1371 2947 1484 3000 sine
1509 2947 1634 3018 lege,
1665 2959 1919 3020 tamquam

336 3047 490 3085 essem
513 3034 623 3086 sine
651 3035 758 3105 lege
786 3037 878 3105 (1.
911 3035 1029 3090 Cor.
1062 3037 1114 3092 9.
1148 3039 1200 3091 4.
1243 3037 1368 3108 21).
1409 3038 1507 3093 Ubi
1537 3041 1677 3094 enim
1703 3052 1916 3117 oporte-

338 3121 427 3178 bat
465 3125 752 3183 ostendere
777 3137 1024 3183 exactam
1065 3129 1390 3200 diligentiam
1432 3141 1486 3186 et
1516 3133 1916 3202 perfectionem,

337 3229 528 3271 omnes
569 3219 842 3287 superavit
866 3236 878 3270 :
912 3227 967 3272 et
996 3219 1082 3273 ubi
1104 3221 1453 3276 conveniebat
1481 3237 1538 3277 se
1562 3222 1842 3280 demittere
1868 3234 1921 3280 et

337 3304 458 3359 aliis
486 3309 904 3377 accommodare,
924 3309 975 3366 id
996 3326 1206 3384 quoque
1238 3313 1560 3368 excellenter
1590 3305 1730 3370 feeit.
1775 3315 1921 3370 Νοιι-

341 3396 476 3450 nulli
506 3406 682 3454 autem
735 3401 937 3467 dicunt,
991 3401 1133 3471 quod
1165 3404 1360 3458 missus
1400 3406 1471 3457 sit
1523 3405 1587 3458 ad
1621 3416 1840 3475 gentes,
1867 3419 1921 3462 et

346 3486 635 3540 maximam
663 3488 805 3543 orbis
832 3501 1032 3559 partem
1079 3494 1395 3560 pervaserit.
1425 3493 1580 3549 Unde
1604 3505 1683 3549 est
1711 3497 1920 3566 perspi-

340 3593 504 3634 cuum
531 3579 673 3649 quod
701 3581 948 3650 majorem
977 3585 1202 3654 gratiam
1231 3585 1297 3639 sit
1325 3597 1659 3657 assequutus.
1689 3587 1745 3643 Si
1777 3589 1920 3642 enim

347 3673 471 3744 plus
501 3673 778 3739 laboravit,
805 3677 1026 3746 amplior
1050 3680 1210 3732 etiam
1234 3688 1348 3733 erat
1371 3681 1538 3751 gratia
1566 3698 1577 3733 :
1609 3681 1920 3750 ampliorem

338 3772 517 3819 autem
534 3765 758 3834 gratiam
781 3777 862 3821 est
879 3779 1256 3838 consequutus,
1279 3770 1528 3839 quoniam
1552 3771 1722 3841 majus
1746 3780 1923 3826 osten-

337 3854 416 3909 dit
435 3855 671 3910 stadium
704 3865 759 3911 et
785 3858 1134 3928 diligentiam.
1160 3858 1349 3913 Vidisti
1373 3861 1659 3930 quomodo,
1684 3877 1780 3931 per
1803 3877 1923 3932 qua:

337 3946 463 4001 dum
503 3948 777 4003 contendit
803 3958 858 4004 et
888 3951 1076 4005 nititur
1119 3966 1212 4006 sua
1243 3952 1561 4009 adumbrare
1601 3965 1655 4010 et
1708 3964 1920 4026 tegere,

339 4035 641 4092 ostenditur
663 4039 864 4108 primus
903 4040 1180 4094 omnium?

411 4127 464 4182 6.
507 4126 632 4183 llaec
679 4145 776 4184 nos
828 4145 1036 4199 quoque
1088 4132 1402 4198 audientes,
1445 4132 1636 4189 delicta
1702 4136 1920 4206 quidem

341 4231 527 4276 nostra
557 4221 897 4278 traducamus
928 4232 983 4278 et
1004 4225 1054 4278 in
1083 4224 1350 4295 publicum
1391 4225 1744 4294 proferamus,
1777 4239 1923 4285 recte

341 4323 520 4370 autem
553 4315 688 4371 faeta
719 4317 1006 4382 sileamus;
1039 4327 1094 4372 et
1123 4317 1169 4372 si
1200 4326 1408 4387 tempus
1432 4320 1807 4374 necessitatem
1839 4321 1922 4375 af-

345 4404 517 4472 ferat,
545 4421 607 4460 ea
637 4407 878 4462 modeste
906 4407 1176 4473 dicamus,
1210 4417 1263 4462 et
1291 4417 1457 4463 totum
1487 4411 1670 4479 gratiae
1701 4410 1928 4480 impute-

345 4513 484 4551 mus.
517 4497 668 4564 Quod
699 4503 812 4568 ipse
837 4514 1051 4570 quoque
1081 4498 1240 4567 facit,
1275 4516 1472 4572 susque
1497 4501 1669 4572 deque
1701 4504 1924 4572 primam

343 4585 560 4654 quidem
593 4600 742 4640 suam
770 4596 959 4642 notans
996 4589 1194 4655 vitam,
1225 4607 1346 4660 quae
1376 4599 1552 4646 autem
1583 4603 1763 4661 postea
1804 4603 1928 4648 sunt

343 4685 673 4746 consequuta
697 4719 711 4739 ,
737 4679 922 4748 gratia:
953 4678 1218 4748 imputans
1238 4721 1253 4745 ,
1284 4690 1340 4735 ut
1369 4682 1511 4736 omni
1548 4698 1612 4737 ex
1649 4693 1798 4751 parte
1824 4699 1930 4739 οδ·-

347 4768 531 4822 tendat
575 4767 671 4824 Dei
711 4769 1086 4841 benignitatem
1128 4781 1182 4825 et
1219 4772 1592 4840 clementiam,
1635 4774 1775 4844 quod
1806 4790 1925 4829 cum

346 4857 471 4913 talis
490 4866 656 4924 esset,
683 4873 805 4914 eum
834 4863 1148 4928 servaverit,
1179 4871 1234 4916 et
1257 4877 1444 4916 rursus
1470 4873 1736 4919 servatum
1769 4867 1924 4920 talem

345 4948 556 5003 fecerit.
578 4947 747 5004 Nemo
768 4965 898 5020 ergo
917 4966 980 5003 ex
1004 4952 1087 5012 iis,
1111 4951 1200 5019 qui
1231 4961 1351 5005 sunt
1377 4952 1426 5004 in
1452 4953 1583 5006 vitio
1603 4995 1615 5014 ,
1642 4953 1887 5023 chperet
1911 4973 1924 5021 ;

346 5055 508 5094 neruo
532 5055 600 5095 ex
627 5041 711 5106 iis,
740 5042 830 5110 qui
860 5051 984 5096 sunt
1013 5042 1064 5094 in
1095 5043 1286 5096 virtute
1307 5083 1321 5108 ,
1355 5043 1585 5097 confidat
1609 5062 1622 5109 ;
1649 5046 1741 5099 sed
1770 5057 1824 5101 et
1844 5047 1929 5102 hic

345 5129 417 5184 sit
444 5129 662 5184 timidus
683 5171 697 5194 ,
727 5140 780 5186 et
810 5131 900 5186 ille
928 5141 1204 5201 promptus
1231 5142 1283 5186 et
1323 5132 1538 5186 alacris.
1577 5133 1757 5204 Neque
1785 5138 1925 5192 enim

346 5223 436 5290 qui
470 5231 557 5278 est
589 5224 738 5293 piger
775 5233 830 5278 et
871 5240 1055 5278 socors
1084 5266 1098 5291 ,
1132 5225 1362 5278 sulliciet
1403 5225 1468 5278 ad
1514 5227 1832 5282 manendum
1877 5231 1927 5283 in

347 5311 584 5375 virtute;
619 5328 793 5382 neque
820 5315 910 5384 qui
954 5313 1188 5368 studium
1230 5315 1446 5370 adhibet
1475 5325 1530 5370 et
1563 5315 1926 5386 diligentiam,

347 5402 450 5455 erit
476 5401 780 5457 imbecillus
819 5404 886 5457 ad
924 5402 1233 5476 fugiendum
1263 5405 1466 5460 vitium.
1514 5405 1714 5461 Horum
1753 5419 1929 5464 autem

348 5495 630 5548 amborum
662 5497 963 5566 exemplum
995 5507 1078 5552 est
1103 5498 1292 5553 beatus
1321 5497 1503 5564 David,
1538 5510 1592 5552 ut
1625 5501 1735 5569 qui,
1766 5517 1930 5570 quan-

350 5583 419 5640 do
447 5601 637 5665 parum
661 5587 1004 5656 dormitavit,
1037 5589 1189 5643 valde
1217 5588 1488 5650 ceciderit,
1520 5599 1573 5643 et
1597 5592 1808 5658 quando
1837 5591 1932 5646 fuit

349 5689 746 5748 compunctus,
789 5680 854 5736 ad
898 5681 1130 5750 priorem
1186 5695 1427 5734 reversus
1469 5681 1537 5732 sit
1573 5682 1924 5738 altitudinem.

1275 273 1339 330 IN
1380 270 1590 328 EPIST.
1634 269 1654 323 l
1691 268 1807 324 ,ΑΒ
1846 267 2001 324 COR.
2043 263 2274 320 HOMIL.
2317 259 2602 317 XXXVIII.

3490 268 3593 326 3'50

2017 382 2154 437 Sunt
2183 380 2325 438 enim
2373 390 2594 452 utraque
2621 396 2686 437 ex
2728 398 2880 454 :rquo
2910 385 3079 451 mala,
3124 393 3178 438 ct
3218 383 3505 454 desperare
3542 397 3597 441 et

2018 475 2223 553 pigrum
2251 490 2372 530 esse
2414 489 2476 528 ac
2504 474 2856 545 negligentem
2887 492 2902 528 :
2935 492 3060 531 nam
3091 477 3219 531 illud
3247 479 3460 549 quidem
3491 480 3597 533 cito

2018 567 2196 637 dejicit
2233 567 2300 620 ab
2326 567 2440 635 ipso
2469 568 2581 620 cmli
2615 568 2852 631 fornice;
2883 568 2982 624 hoc
3009 581 3185 624 autem
3217 586 3318 625 non
3344 573 3599 641 permittit

2019 658 2190 728 utqui
2226 658 2364 728 jacet
2405 668 2665 728 resurgat.
2713 661 2996 730 l’rOptvrca
3030 665 3102 717 illi
3133 653 3348 735 quidem
3388 667 3599 722 dicebat

2018 751 2231 814 Paulus,
2261 750 2362 816 Qui
2390 751 2585 804 videtur
2611 763 2765 817 stare,
2800 755 2963 809 videat
2990 773 3051 810 ne
3076 759 3226 811 cadat
3253 760 3329 830 (2.
3362 761 3478 816 Cor.
3506 761 3592 818 10.

2019 839 2107 908 19.)
2134 855 2147 896 :
2181 839 2302 893 huic
2331 851 2506 916 autem
2532 882 2548 906 ,
2602 839 2768 896 Hodie
2796 845 2840 898 si
2870 861 3037 900 vocem
3068 851 3176 917 ejus
3202 850 3466 907 audieritis
3488 893 3504 916 ,
3537 871 3600 907 ne

2018 928 2271 983 obduretis
2299 931 2456 984 corda
2500 941 2662 985 vestra
2704 931 2876 1006 (Psal.
2909 937 2998 991 94.
3033 939 3086 1010 8)
3114 957 3126 1002 ;
3159 951 3212 993 et
3243 958 3458 1011 rursus,
3492 942 3598 998 Re-

2020 1021 2199 1078 missas
2219 1038 2401 1076 manus
2425 1032 2473 1076 et
2496 1023 2742 1078 dissoluta
2765 1043 2927 1095 genua
2954 1031 3127 1100 erigite
3147 1031 3330 1103 (llebr.
3367 1035 3454 1089 12.
3480 1037 3596 1110 12).

2020 1111 2151 1184 Eum
2181 1126 2392 1182 quoque
2421 1115 2508 1184 qui
2542 1115 2829 1172 fornicatus
2864 1117 3056 1186 fuerat,
3085 1136 3205 1176 cum
3235 1125 3426 1181 ductus
3453 1139 3599 1185 esset

2021 1205 2351 1274 paenitentia,
2376 1195 2655 1276 propterea
2684 1222 2914 1278 recreat,
2941 1230 3006 1268 ne
3033 1216 3192 1269 nimia
3220 1219 3598 1280 absorberetur

2023 1293 2254 1348 tristitia.
2283 1295 2419 1361 Quid
2449 1299 2658 1378 ergovin
2696 1300 2817 1356 aliis
2846 1305 3024 1360 animo
3050 1310 3264 1378 attgeris
3283 1352 3298 1378 ,
3330 1328 3364 1366 ο
3398 1313 3557 1370 homo
3584 1320 3597 1370 l

2019 1379 2150 1436 Nam
2181 1385 2225 1438 si
2256 1386 2306 1438 iu
2340 1376 2596 1454 peccatis,
2623 1392 2709 1444 ubi
2740 1403 2823 1447 est
2853 1396 2994 1450 utilis
3016 1399 3189 1454 solum
3220 1401 3431 1459 tristitia
3453 1447 3468 1470 ,
3499 1409 3599 1461 im-

2021 1475 2314 1532 moderatio
2339 1469 2589 1550 maguum
2633 1473 2786 1540 all‘ert
2813 1487 3066 1546 damnum
3091 1535 3104 1556 ,
3133 1496 3300 1549 multo
3331 1501 3499 1568 magis
3544 1503 3596 1556 in

2019 1567 2155 1620 aliis.
2173 1567 2281 1624 Cur
2301 1572 2442 1624 enim
2469 1572 2620 1628 doles
2642 1577 2664 1626 ?
2685 1593 2750 1630 au
2775 1580 2915 1648 quod
2948 1584 3226 1650 pecuniam
3257 1567 3555 1654 perdideris
3575 1591 3600 1642 τ

2019 1656 2121 1712 Sed
2151 1661 2320 1730 cogita
2351 1677 2445 1717 eos
2474 1665 2562 1733 qui
2603 1683 2669 1720 ne
2699 1684 2836 1738 pane
2865 1672 3077 1740 quidem
3109 1677 3403 1746 satiantur,
3441 1692 3494 1736 et
3524 1684 3602 1736 ci-

2021 1747 2276 1804 tissimam
2317 1753 2548 1821 accipies
2594 1759 3037 1817 consolationem.
3081 1766 3146 1820 Et
3195 1769 3248 1821 in
3279 1786 3599 1844 unoquoque

2019 1854 2227 1909 eorum,
2259 1860 2377 1913 qua:
2402 1858 2526 1900 sunt
2551 1851 2734 1919 gravia
2762 1862 2816 1906 et
2844 1869 3052 1924 aspera,
3078 1875 3147 1913 ne
3172 1861 3371 1917 defleas
3393 1880 3454 1919 ea
3480 1883 3600 1937 qua:

2020 1934 2366 2002 acciderunt;
2398 1940 2491 1994 sed
2522 1957 2616 2010 pro
2647 1945 2710 1998 iis
2729 1985 2742 2006 ,
2767 1962 2884 2016 quae
2914 1964 3019 2004 non
3048 1953 3356 2010 acciderunt
3385 1934 3597 2028 aspera,

2019 2040 2118 2094 age
2137 2031 2352 2095 gratias.
2387 2030 2622 2088 Habuisti
2666 2039 2917 2104 pecunias
2946 2051 3000 2096 ct
3026 2045 3249 2101 amisisti
3273 2049 3295 2102 ?
3324 2047 3402 2105 Ne
3431 2051 3602 2125 lacry-

2020 2119 2183 2172 meris
2209 2135 2303 2188 pro
2326 2121 2522 2177 damno
2549 2167 2563 2189 ,
2601 2128 2696 2182 sed
2730 2145 2830 2198 age
2867 2129 3062 2204 gratias
3102 2153 3200 2207 pro
3229 2121 3472 2213 tempore
3493 2119 3600 2216 quo

2022 2207 2084 2306 iis
2116 2212 2312 2278 potitus
2341 2228 2400 2268 es
2429 2233 2444 2269 :
2472 2217 2556 2271 die
2596 2234 2716 2275 cum
2758 2222 2894 2279 Jobo
2919 2268 2932 2289 ,
2984 2227 3046 2282 Si
3087 2229 3218 2286 bona
3249 2207 3534 2306 accepimus
3568 2259 3598 2294 a

2021 2297 2259 2368 Domino,
2286 2320 2376 2356 cur
2400 2307 2534 2361 mula
2563 2327 2662 2364 non
2686 2315 3040 2374 sustinebimus
3077 2320 3196 2394 (Job
3226 2323 3278 2378 2.
3309 2297 3392 2396 16')
3418 2329 3440 2380 ?
3465 2329 3597 2385 Cum

2022 2394 2124 2452 hoc
2150 2407 2324 2455 autem
2367 2402 2495 2458 illud
2542 2406 2706 2463 etiam
2732 2412 3010 2468 considera
3044 2433 3057 2470 ;
3092 2419 3135 2471 si
3169 2394 3394 2477 amisisti
3436 2439 3595 2492 pecu-

2023 2486 2171 2555 nias,
2207 2499 2262 2544 at
2286 2506 2481 2562 corpus
2521 2495 2733 2552 interim
2777 2500 2943 2558 habes
2980 2521 3210 2576 sanum,
3252 2520 3305 2565 et
3348 2528 3452 2567 nou
3477 2530 3597 2570 cum

2023 2590 2330 2649 paupertate
2355 2583 2422 2639 de
2454 2586 2571 2653 ejus
2600 2604 2810 2660 quoque
2837 2593 3146 2653 lamentaris
3175 2600 3502 2662 infirmitate.
3536 2609 3602 2662 At

2023 2679 2168 2726 tuum
2199 2675 2358 2728 etiam
2392 2692 2587 2746 corpus
2615 2680 2847 2751 aliquam
2875 2701 3090 2754 passum
3122 2703 3199 2744 est
3229 2709 3421 2749 noxam
3445 2699 3468 2748 ’ἐ
3495 2697 3598 2754 Sed

2023 2778 2126 2817 non
2159 2773 2240 2818 est
2277 2766 2363 2820 hic
2393 2768 2584 2824 fundus
2609 2774 2869 2828 malormn
2901 2777 3254 2834 humanorum
3274 2825 3286 2846 ,
3321 2787 3414 2840 sed
3448 2786 3602 2842 ferris

2023 2853 2234 2909 interim
2275 2857 2327 2910 iu
2370 2859 2547 2916 medio
2572 2861 2736 2917 dolio.
2777 2863 2926 2920 Multi
2958 2869 3099 2922 enim
3137 2886 3256 2926 cum
3291 2887 3602 2946 paupertate

2022 2958 2086 2998 ac
2109 2945 2442 3004 mutilatione
2487 2949 2754 3008 luctantur
2783 2963 2836 3008 et
2874 2971 2994 3011 cum
3031 2958 3306 3031 dat-moue,
3339 2945 3603 3024 etet-rant

2025 3033 2076 3087 iu
2106 3035 2332 3092 desertis
2363 3057 2376 3091 :
2419 3041 2505 3094 alii
2537 3058 2721 3098 rursus
2757 3045 2861 3100 alia
2900 3050 3172 3119 patiuntur
3210 3051 3294 3111 his
3331 3038 3598 3128 graviora.

2024 3124 2177 3180 Absit
2200 3129 2340 3182 enim
2380 3141 2436 3185 ut
2466 3134 2728 3201 patiamur
2756 3154 3106 3211 qumcumque
3152 3147 3260 3216 pati
3293 3124 3598 3218 possumus.

2025 3216 2148 3272 llzec
2174 3234 2305 3289 ergo
2331 3235 2544 3292 semper
2582 3225 2868 3296 reputans,
2903 3248 2996 3286 cos
3021 3237 3189 3306 ecrgita
3219 3216 3305 3308 qui
3336 3243 3607 3310 patiuntur

2022 3310 2288 3376 graviora,
2317 3312 2461 3368 etde
2483 3315 2632 3371 nullo
2661 3331 2845 3373 eorum
2878 3323 3094 3389 doleas;
3119 3328 3213 3382 sed
3243 3333 3457 3399 quando
3479 3351 3605 3405 pec-

2024 3401 2162 3451 caris
2189 3440 2202 3462 ,
2239 3409 2363 3455 tunc
2401 3403 2572 3457 solum
2602 3407 2889 3476 ingemisce
2915 3453 2929 3479 ,
2961 3423 3085 3468 tunc
3125 3415 3422 3489 lacrymarc
3454 3401 3605 3481 :vnon

2025 3491 2316 3561 prohibeo,
2346 3495 2440 3550 sed
2485 3498 2666 3566 potius
2708 3503 2932 3569 hortor;
2971 3516 3025 3560 et
3071 3517 3196 3564 tunc
3239 3529 3455 3581 quoque
3485 3532 3604 3571 cum

2025 3581 2416 3651 moderatione,
2447 3590 2687 3658 cogitans
2711 3593 2853 3662 quod
2882 3596 2951 3648 sit
2979 3601 3238 3668 reversio,
3269 3604 3339 3657 sit
3369 3611 3610 3664 reconci-

2026 3673 2193 3727 liatio.
2228 3678 2297 3728 At
2339 3676 2491 3733 vides
2518 3681 2654 3736 alios
2682 3698 2802 3739 esse
2847 3685 2898 3739 in
2939 3687 3183 3755 deliciis,
3236 3704 3286 3748 te
3333 3707 3510 3753 autem
3556 3703 3608 3755 in

2028 3776 2342 3834 paupertate
2364 3811 2381 3838 ,
2411 3771 2681 3843 aliumque
2705 3777 2999 3845 Splendidis
3025 3782 3268 3841 indutum
3295 3791 3530 3847 vestibus
3556 3806 3610 3850 et

2027 3857 2369 3926 conspicuum
2401 3863 2566 3918 esse?
2596 3864 2793 3922 Verum
2827 3885 2895 3924 ne
2922 3870 3039 3928 haec
3072 3876 3245 3931 solum
3275 3883 3607 3950 consideres,

2027 3947 2122 4001 sed
2151 3948 2311 4004 etiam
2341 3965 2433 4006 eas
2458 3969 2578 4024 qua:
2608 3967 2730 4012 sunt
2759 3974 2820 4013 cx
2854 3961 2936 4017 his
2967 3966 3258 4023 molestias.
3292 3973 3346 4025 In
3379 3947 3608 4046 pauper;

2027 4048 2136 4095 tate
2166 4051 2344 4097 autem
2389 4061 2456 4099 ne
2485 4050 2794 4107 consideres
2839 4057 3008 4113 solum
3044 4063 3437 4123 mendicitatem
3465 4113 3479 4136 ,
3512 4073 3606 4126 sed

2028 4131 2186 4186 etiam
2216 4146 2333 4188 eam
2361 4150 2480 4206 qua:
2509 4139 2632 4196 inde
2661 4145 2869 4212 capitur
2895 4150 3244 4220 voluptatem.

2101 4221 2428 4295 Paupertatis
2457 4230 2693 4299 felicitas.
2711 4265 2781 4274 -—
2801 4235 2930 4292 Nam
2957 4241 3159 4297 divitia:
3187 4248 3400 4315 quidem
3433 4252 3614 4308 laetam

2029 4315 2226 4371 habent
2262 4320 2496 4386 larvam,
2528 4324 2736 4379 interna
2775 4339 2953 4384 autem
2990 4335 3148 4403 plena
3179 4348 3302 4393 sunt
3342 4343 3606 4413 caligine;

2031 4417 2315 4476 paupertas
2355 4421 2530 4466 autem
2562 4425 2745 4470 contra
2777 4437 2792 4471 :
2827 4430 2882 4474 et
2909 4421 2953 4476 si
2985 4426 3404 4502 uniuscujusque
3435 4437 3611 4505 expli-

2032 4499 2171 4552 caris
2194 4501 2575 4557 conscientiam
2596 4546 2611 4572 ,
2654 4505 2706 4561 in
2739 4510 2915 4566 anima
2945 4515 3158 4583 quidem
3200 4499 3444 4592 pauperis
3468 4499 3606 4582 mul-

2035 4597 2139 4642 tam
2196 4588 2398 4646 videbis
2441 4597 2782 4654 securitatem
2831 4611 2886 4656 et
2933 4603 3274 4673 libertatem;
3302 4588 3382 4668 iiu
3427 4618 3602 4673 anima

2033 4690 2208 4736 autem
2239 4681 2418 4739 divitis
2450 4689 2739 4758 tumultus,
2773 4695 3198 4761 perturbationes
3227 4714 3279 4757 et
3308 4707 3518 4763 fluctus.
3550 4711 3610 4766 Si

2033 4781 2208 4828 autem
2236 4773 2388 4831 doles
2418 4778 2607 4834 videns
2637 4781 2808 4850 ipsum
2840 4784 3098 4855 divitem,
3133 4792 3220 4848 ille
3248 4811 3460 4868 quoque
3491 4804 3610 4870 plus

2033 4879 2190 4933 quam
2225 4875 2277 4920 tu
2307 4867 2487 4933 dolet,
2515 4871 2782 4940 aspiciens
2807 4891 2928 4932 eum
2961 4881 3047 4950 qui
3082 4893 3166 4938 est
3195 4886 3310 4954 ipso
3333 4867 3527 4947 ditior:
3558 4907 3612 4949 et

2034 4956 2171 5010 sicut
2201 4967 2253 5011 tu
2284 4959 2431 5013 illum
2462 4960 2638 5028 times,
2674 4966 2742 5018 ita
2773 4970 2887 5036 ipse
2916 4987 3128 5043 quoque
3157 4976 3339 5044 alium,
3373 4990 3429 5035 et
3464 4984 3516 5040 in
3545 5001 3612 5040 eo

2036 5054 2087 5101 te
2113 5048 2242 5102 nihil
2273 5053 2548 5118 praecellit.
2582 5056 2650 5109 At
2673 5058 2824 5115 doles
2847 5063 3032 5119 videns
3062 5069 3450 5140 magistratum,
3481 5092 3610 5146 quu-

2036 5141 2177 5194 niam
2203 5151 2337 5196 lues
2365 5145 2618 5212 privatus,
2649 5159 2702 5202 et
2729 5165 2791 5204 ex
2823 5153 2886 5207 iis
2911 5159 2999 5224 qui
3021 5171 3209 5226 parent
3235 5161 3477 5233 imperio.
3496 5141 3610 5224 Sed

2037 5231 2131 5284 tibi
2161 5233 2338 5287 veniat
2369 5233 2421 5288 in
2469 5249 2698 5293 mentem
2736 5252 2790 5296 et
2817 5244 2934 5298 dies
2983 5231 3376 5321 successionis;
3421 5261 3516 5315 sed
3563 5276 3618 5317 et

2037 5330 2161 5376 ante
2192 5322 2339 5377 illum
2371 5325 2512 5382 diem
2538 5331 2793 5386 tumultus
2815 5374 2830 5400 ,
2860 5338 3090 5404 pericula
3115 5381 3131 5406 ,
3161 5343 3391 5414 labores,
3421 5351 3614 5406 adula-

2040 5413 2229 5477 tiones,
2263 5415 2453 5485 vigiliae
2479 5459 2494 5484 ,
2520 5433 2706 5476 onmes
2740 5424 3090 5485 calamitates.
3139 5432 3208 5489 Et
3247 5435 3361 5493 haec
3387 5439 3614 5495 dicimus

2038 5507 2176 5576 apud
2199 5520 2312 5571 cos,
2343 5508 2432 5576 qui
2461 5510 2645 5565 nolunt
2670 5514 3052 5589 philosophari.
3085 5523 3216 5578 Nam
3241 5529 3283 5580 si
3315 5529 3415 5582 hoc
3439 5532 3579 5583 scias
3598 5571 3617 5597 ,

2042 5612 2104 5649 ex
2141 5598 2260 5652 aliis
2297 5600 2584 5669 majoribus
2628 5621 2908 5675 possumus
2951 5626 3002 5668 te
3045 5618 3357 5672 consolari:
3401 5620 3610 5672 interim

2043 5704 2263 5745 necesse
2286 5703 2364 5747 est
2390 5711 2452 5750 ex
2478 5697 2828 5758 crassioribus
2849 5716 3023 5762 tecum
3049 5707 3364 5776 disceptare.
3395 5706 3615 5772 Quaado
