4018 6156
441 287 552 350 351

458 421 590 476 ergo
616 404 816 462 videris
843 403 1085 471 divitem,
1116 405 1289 474 cogita
1318 404 1412 458 illo
1437 403 1684 460 ditiorem
1707 446 1721 470 ,
1753 415 1806 458 et
1835 403 2043 459 videbis

451 514 580 553 eum
611 498 788 552 itidem
816 506 874 553 ut
896 505 950 551 tu
967 511 1026 553 cs
1047 510 1167 551 esse
1186 495 1456 551 affectum.
1483 496 1607 549 Post
1634 498 1807 566 ipsum
1839 505 2040 563 autem,

458 592 630 660 cogita
653 591 813 644 etiam
840 603 961 646 eum
991 589 1078 658 qui
1103 596 1187 644 cst
1217 599 1266 642 te
1289 587 1573 658 pauperior
1591 631 1604 654 ,
1634 599 1688 642 et
1709 603 1866 656 quam
1893 588 2041 642 multi

453 684 790 740 dormierunt
813 682 1112 736 esurientes
1142 725 1154 745 ,
1186 690 1241 736 et
1272 692 1521 751 paternas
1549 681 1843 734 amiserunt
1871 679 2038 734 facul-

459 785 590 831 tates
615 815 631 840 ,
661 784 716 830 et
761 775 1000 829 habitant
1047 776 1099 829 in
1141 789 1360 829 carcere
1385 815 1400 839 ,
1452 788 1514 827 ac
1543 772 1780 843 quotidie
1811 781 2036 826 mortem

453 875 660 934 optant.
692 864 875 936 Neque
910 867 1053 922 enim
1097 867 1260 920 animi
1302 865 1669 935 :rgritudinem
1712 873 1998 934 paupertas
2022 905 2037 928 ,

443 971 627 1031 'neque
657 957 987 1027 voluptatem
1017 958 1231 1026 pariunt
1254 956 1474 1018 divitiae,
1501 955 1592 1010 sed
1626 965 1680 1010 et
1709 956 1809 1008 hoc
1833 965 1885 1010 et
1914 955 2040 1008 illud

453 1049 608 1104 nobis
638 1049 776 1103 solet
819 1048 1004 1104 indere
1029 1049 1301 1118 cogitatio.
1330 1047 1621 1104 Causidera
1659 1056 1836 1102 autem
1863 1047 1930 1102 ab
1962 1046 2041 1100 in-

456 1142 595 1197 limis
626 1142 923 1211 incipiens,
955 1142 1046 1210 qui
1089 1141 1223 1196 emit
1261 1151 1499 1195 stercora
1526 1181 1541 1204 ,
1578 1140 1722 1195 dolet
1747 1149 1801 1194 et
1827 1140 2040 1195 tristitia

455 1231 710 1299 afficitur,
739 1231 882 1301 quod
914 1246 1019 1285 non
1048 1231 1117 1284 sit
1145 1233 1282 1287 liber
1304 1232 1373 1287 ab
1413 1230 1516 1286 hoc
1551 1231 1784 1297 misero,
1818 1239 1872 1285 et
1899 1231 2038 1300 quod

455 1325 773 1392 probrosum
803 1339 924 1379 esse
953 1323 1197 1392 videtur,
1219 1323 1397 1379 studio
1422 1340 1436 1388 ;
1461 1323 1554 1378 sed
1600 1324 1644 1376 si
1682 1323 1852 1392 ipsum
1882 1337 1946 1376 eo
1975 1323 2034 1374 li—

457 1417 729 1472 beraveris
758 1426 811 1472 et
835 1416 1076 1472 effeceris
1104 1426 1163 1470 ut
1187 1431 1376 1472 secure
1398 1416 1634 1470 abundet
1659 1416 1818 1470 rebus
1851 1431 2039 1469 neces-

453 1511 626 1575 sariis,
659 1526 842 1564 rursus
868 1509 1069 1565 do!ebit
1099 1507 1240 1578 quod
1267 1523 1371 1562 non
1399 1509 1551 1577 plura
1585 1507 1854 1578 possideat
1878 1521 2039 1575 quam

454 1616 592 1671 opus
627 1602 732 1666 sit;
769 1612 822 1655 et
857 1602 900 1656 si
932 1602 1083 1670 plura
1113 1600 1327 1655 dederis
1351 1640 1366 1665 ,
1411 1599 1557 1653 volet
1605 1614 1666 1652 ea
1710 1613 1830 1653 esse
1877 1597 2040 1668 duplo

453 1693 692 1763 majora;
725 1709 788 1748 ac
832 1703 1112 1765 propterea
1161 1707 1264 1746 non
1325 1690 1515 1744 minori
1563 1688 1829 1744 afﬁcietur
1854 1689 2040 1743 dolore

449 1801 609 1863 quam
640 1785 789 1856 prius
823 1803 836 1839 :
868 1785 991 1839 etsi
1021 1783 1184 1852 duplo
1215 1792 1269 1836 et
1319 1783 1477 1851 triplo
1509 1781 1658 1850 plura
1695 1782 1742 1833 ci
1789 1779 2035 1844 dederis,

449 1895 636 1934 rursus
655 1879 834 1934 animo
859 1888 1104 1948 augetur,
1129 1876 1268 1946 quod
1301 1891 1411 1930 non
1430 1885 1580 1944 gerat
1610 1874 1994 1944 rempublicam
2022 1892 2034 1927 :

449 1981 504 2026 et
533 1972 577 2025 si
610 1971 714 2025 hoc
737 1971 788 2026 ei
815 1969 1054 2038 przcbeas
1075 2009 1092 2034 ,
1131 1968 1370 2036 seipsum
1395 1965 1556 2021 ducet
1583 1980 1702 2021 esse
1742 1966 1992 2020 miserum
2021 2005 2034 2027 ,

449 2064 591 2134 quod
617 2079 724 2118 non
772 2063 972 2133 primas
1008 2071 1186 2130 partes
1233 2066 1411 2114 teneat
1456 2057 1511 2113 in
1555 2057 1864 2126 republica:
1895 2057 2039 2111 hunc

449 2166 628 2211 autem
679 2155 940 2209 honorem
987 2161 1306 2220 assequutus
1339 2192 1356 2217 ,
1401 2150 1543 2220 quod
1591 2165 1698 2203 non
1755 2149 2036 2218 imperium

451 2243 708 2302 obtineat.
740 2244 966 2312 Quando
993 2253 1168 2298 autem
1213 2241 1494 2311 imperium
1535 2239 1863 2305 obtinuerit,
1897 2240 2037 2309 quod

452 2353 556 2391 non
586 2338 748 2391 totius
773 2335 948 2404 gentis
973 2353 987 2389 :
1011 2333 1224 2405 quando
1247 2341 1424 2386 autem
1450 2331 1611 2385 etiam
1640 2332 1804 2384 totius
1827 2331 2000 2400 gentis
2020 2371 2036 2394 ,

450 2428 592 2496 quod
621 2443 725 2481 non
758 2426 1044 2480 multarunt
1073 2425 1310 2495 gentium
1343 2436 1356 2470 :
1387 2423 1600 2492 quando
1628 2433 1805 2476 autem
1842 2422 2032 2476 multa-

451 2535 569 2574 rum
597 2519 856 2589 gentium,
888 2517 1027 2588 quod
1061 2532 1165 2572 non
1195 2516 1455 2570 omnium.
1479 2513 1703 2583 Quando
1735 2513 1903 2568 factus
1927 2514 2038 2569 fue-

453 2611 524 2665 rit
553 2610 760 2680 legatus
790 2619 881 2662 ant
927 2607 1209 2677 pnefectns
1232 2649 1247 2674 ,
1291 2623 1476 2662 rursus
1514 2605 1702 2661 dolore
1729 2605 1991 2660 afﬁcietur
2019 2650 2034 2672 ,

453 2703 730 2775 quodnon
769 2702 836 2756 sit
873 2717 966 2754 rex
995 2717 1009 2766 ;
1041 2709 1096 2755 et
1130 2699 1176 2755 si
1216 2701 1278 2754 sit
1313 2716 1428 2767 rex,
1459 2699 1600 2771 quod
1629 2715 1734 2754 non
1769 2701 1956 2766 solus;
1985 2710 2040 2755 et

450 2795 494 2849 si
525 2795 706 2859 solus,
736 2792 878 2864 quod
913 2808 1018 2845 non
1055 2791 1406 2846 barbarorum
1446 2807 1658 2862 quoque
1681 2834 1694 2856 ,
1741 2791 1882 2861 quod
1932 2807 2036 2847 non

453 2886 613 2940 etiam
647 2883 812 2939 totius
856 2881 1003 2936 orbis
1045 2891 1241 2938 terrze:
1273 2897 1392 2935 cum
1437 2890 1616 2936 autem
1651 2882 1812 2936 totius
1853 2883 2032 2949 orbis,

449 2991 548 3030 cur
576 2991 680 3028 non
710 2974 871 3028 etiam
919 2972 1142 3026 alterius
1173 2971 1358 3026 mundi
1384 2973 1408 3024 ’ἐ
1440 2973 1507 3026 Et
1551 2974 1629 3026 sic
1673 2974 1724 3026 in
1773 2973 2035 3028 inﬁnitum

451 3069 748 3137 procedens
777 3065 1029 3135 cogitatio
1060 3105 1075 3129 ,
1123 3079 1226 3118 non
1254 3065 1383 3118 sinit
1414 3079 1533 3118 eum
1563 3079 1813 3133 umquam
1842 3065 2033 3121 ltetari.

524 3161 576 3212 7.
623 3157 864 3212 Vidistin’
893 3156 1164 3228 quomodo
1188 3195 1206 3222 ,
1237 3157 1446 3212 etiamsi
1475 3172 1540 3211 ex
1591 3157 1680 3210 vili
1727 3167 1780 3212 et
1828 3158 2038 3227 abjeclo

450 3268 630 3324 regem
663 3251 872 3316 feceris,
921 3264 1029 3304 non
1070 3249 1213 3304 toilis
1257 3249 1421 3302 animi
1467 3249 1835 3319 aegritudinem
1867 3291 1882 3316 ,
1933 3251 2035 3307 nisi

447 3346 754 3401 correxeris
779 3343 1180 3414 cogitationem,
1209 3358 1329 3419 quae
1360 3343 1568 3398 laborat
1594 3345 1816 3399 avaritia
1844 3353 1898 3400 ct
1921 3345 2037 3414 plu-

449 3455 504 3497 ra
557 3436 788 3493 habendi
829 3436 1162 3507 cupiditate?
1207 3437 1320 3507 Age
1353 3478 1368 3502 ,
1414 3436 1508 3495 tibi
1551 3437 1712 3492 etiam
1754 3439 2033 3496 ostendant

446 3527 775 3585 contrarium
803 3570 818 3593 ,
851 3525 997 3600 quod
1023 3528 1234 3588 etiamsi
1277 3543 1306 3581 a
1339 3529 1606 3598 supremis
1631 3527 1699 3585 ad
1729 3530 1908 3584 inﬁma
1937 3532 2035 3588 de-

445 3620 662 3680 duxeris
686 3635 810 3676 eum
836 3619 924 3688 qui
956 3627 1040 3672 est
1067 3617 1348 3690 prudentia
1378 3618 1656 3693 praeditus,
1689 3635 1798 3676 non
1829 3622 2037 3692 injicies

446 3715 499 3772 in
531 3712 695 3766 animi
731 3709 1106 3780 aegritudinem
1147 3720 1203 3765 et
1229 3711 1518 3766 tristitiam.
1551 3710 1618 3770 Et
1644 3712 1687 3766 si
1714 3714 1794 3767 vis
1815 3713 2032 3770 easdem

444 3803 838 3863 descendamus
860 3802 1032 3856 scalas
1053 3841 1070 3869 ,
1095 3810 1151 3858 et
1179 3803 1484 3872 prmfectum
1513 3819 1546 3859 e
1586 3804 1716 3860 sede
1762 3807 1910 3861 urbis
1933 3808 2032 3864 de-

444 3899 643 3966 iectum
679 3893 826 3963 priva
858 3892 947 3946 illa
973 3891 1249 3961 dignitate.
1287 3893 1406 3962 Ipse
1431 3893 1576 3948 enim
1601 3894 1715 3950 haec
1743 3912 1863 3966 quae
1891 3898 2032 3952 dixi-

446 4003 564 4047 mus
590 3986 828 4057 cogitare
859 3985 904 4038 si
931 3984 1082 4050 velut,
1118 3985 1248 4038 nihil
1281 3983 1403 4041 inde
1427 3985 1647 4043 dolebit.
1677 3987 1862 4058 Neque
1887 3991 2031 4044 enim

446 4076 713 4147 reputahit
741 4089 803 4130 ea
844 4088 962 4142 quae
997 4083 1123 4129 sunt
1151 4075 1199 4128 ei
1229 4074 1406 4129 ablata
1432 4116 1448 4142 ,
1497 4076 1592 4131 sed
1636 4093 1696 4131 ea
1744 4095 1862 4148 qua:
1908 4089 2032 4136 tunc

446 4170 623 4229 habet,
654 4181 846 4236 nempe
868 4166 1091 4238 gloriam
1117 4180 1274 4236 quam
1302 4165 1461 4221 habet
1490 4182 1558 4222 ex
1587 4183 1652 4221 c0
1672 4184 1830 4240 quem
1856 4174 2030 4242 gessit

444 4263 777 4333 magistratu.
809 4261 862 4316 Si
891 4271 1070 4314 autem
1110 4274 1230 4321 eam
1261 4274 1474 4330 quoque
1503 4262 1814 4331 abstuleris,
1847 4266 2030 4321 animo

443 4355 710 4428 reputabit
741 4357 1000 4424 privatos,
1033 4362 1086 4408 el
1115 4353 1202 4426 qui
1229 4352 1294 4407 ad
1324 4368 1446 4408 eum
1476 4356 1846 4426 magistratum
1873 4373 2030 4414 num-

440 4467 599 4522 quam
629 4448 1020 4511 ascenderunt,
1052 4455 1105 4500 et
1133 4445 1199 4498 ad
1225 4445 1647 4502 consolationem
1682 4449 1730 4502 ei
1759 4449 2028 4505 sufficient

439 4545 639 4598 divitia:
669 4559 682 4594 :
715 4543 796 4594 sin
827 4551 1004 4596 autem
1037 4538 1104 4594 ab
1140 4538 1204 4592 iis
1232 4553 1446 4608 quoque
1477 4554 1660 4593 rursus
1690 4555 1811 4594 eum
1853 4558 2023 4612 expu-

441 4635 589 4696 leris,
619 4631 981 4687 considerabit
1022 4644 1116 4684 eos
1155 4628 1244 4697 qui
1289 4627 1580 4683 mediocria
1627 4631 1946 4697 possident:
1979 4635 2023 4689 si

440 4737 620 4779 autem
640 4724 800 4777 etiam
831 4721 1116 4776 abstuleris
1144 4720 1454 4782 mediocria,
1482 4728 1537 4776 et
1561 4721 1609 4776 ei
1638 4723 1810 4777 solum
1840 4740 2024 4781 neces~

440 4818 639 4871 sarium
673 4814 994 4886 impertieris
1009 4815 1339 4878 alimentum,
1367 4815 1562 4884 poterit
1587 4817 1766 4872 animo
1789 4819 2024 4888 cogitare

441 4921 534 4963 cos
554 4947 568 4963 .
599 4906 688 4977 qui
716 4921 781 4961 ne
809 4904 861 4960 id
888 4904 1102 4974 quidem
1129 4906 1402 4975 possident
1427 4947 1442 4970 ,
1475 4907 1570 4961 sed
1595 4924 1715 4963 cum
1741 4908 1854 4979 jugi
1883 4909 2022 4965 fame

439 4999 846 5063 cmtﬂiclallllll‘,
886 5007 938 5053 et
969 4997 1020 5052 in
1055 5009 1273 5054 carcere
1313 4996 1570 5053 habitant.
1599 4999 1748 5066 Quod
1785 5001 1829 5054 si
1858 5000 2018 5059 etiam

1221 288 1277 346 5.
1322 288 1600 346 JOANNIS
1635 287 2104 347 CHRYSOSTOMI
2145 289 2462 346 ARCIIIEP.
2503 291 3033 353 CONSTANTINOP.

3629 296 3738 353 539.

2151 405 2323 474 ipsum
2365 408 2415 459 in
2447 407 2665 463 domum
2711 409 2854 466 illam
2895 409 3110 466 duxeris
3133 450 3150 478 ,
3182 408 3361 466 animo
3389 423 3612 465 versans
3638 425 3736 466 eos

2150 497 2238 566 qui
2273 497 2472 552 morbis
2497 497 2740 554 laborant
2765 499 3171 569 incurabilibtts,
3200 500 3734 570 intolerabilibusque

2151 589 2423 644 doloribus
2449 632 2462 654 ,
2496 591 2695 646 videbit
2721 593 2888 647 multo
2916 607 2976 648 se
3006 592 3205 647 habere
3236 593 3449 648 melius.
3484 593 3550 647 Et
3598 593 3736 646 sicut

2153 689 2364 749 emptor
2409 681 2500 737 ille
2539 685 2791 738 stercoris
2813 700 2880 739 ne
2919 701 3011 737 rex
3043 685 3256 754 quidem
3305 685 3475 740 factus
3530 685 3737 740 fruetur

2145 772 2309 826 animi
2341 774 2725 844 tranquillitate
2753 797 2766 831 :
2798 777 2866 830 ita
2895 777 2981 830 hic
3007 792 3238 846 quoque,
3273 792 3339 832 ne
3363 778 3406 831 si
3433 777 3591 831 fuerit
3619 780 3734 848 qui-

2145 861 2266 917 dem
2300 865 2352 916 in
2380 865 2636 929 vinculis,
2667 881 2916 936 umquam
2943 867 3161 920 dolebit.
3195 867 3376 937 Neque
3405 868 3564 937 igitur
3597 869 3732 922 divi-

2149 955 2234 1009 tia:
2262 955 2569 1025 voluptatis,
2601 974 2772 1029 neque
2793 968 3074 1029 paupertas
3095 968 3178 1012 est
3203 975 3359 1013 causa
3383 961 3546 1015 animi
3570 962 3733 1030 {egri-

2148 1046 2368 1112 tudinis,
2401 1049 2493 1102 sed
2529 1065 2680 1104 mens
2708 1059 2889 1106 nostra
2911 1092 2926 1115 ,
2958 1061 3011 1105 ct
3037 1051 3176 1120 quod
3203 1052 3363 1105 animi
3390 1053 3558 1106 nostri
3593 1053 3731 1107 oculi

2146 1137 2364 1192 minime
2390 1140 2495 1193 sint
2518 1141 2657 1209 puri,
2683 1157 2855 1211 neque
2882 1157 3100 1212 usquam
3131 1143 3265 1196 ﬁrmi
3294 1143 3400 1196 sint
3423 1153 3476 1197 et
3492 1141 3730 1200 stabiles.

2145 1227 2238 1282 sed
2283 1229 2463 1282 volent
2504 1231 2570 1284 ad
2621 1231 2910 1288 inﬁnitum.
2963 1234 3028 1286 Et
3073 1233 3209 1286 sicut
3252 1233 3480 1287 salubria
3515 1234 3728 1302 quidem

2144 1333 2391 1386 corpora,
2417 1321 2624 1376 etiamsi
2651 1323 2768 1379 solo
2793 1338 2931 1394 pane
2960 1325 3171 1377 alantur
3191 1365 3204 1387 ,
3233 1325 3368 1378 bene
3390 1324 3579 1378 affecta
3611 1337 3731 1379 sunt

2144 1419 2194 1465 et
2228 1412 2538 1478 luxuriant;
2579 1414 2818 1471 morbida
2849 1425 3023 1468 autem
3047 1456 3060 1478 ,
3095 1418 3302 1470 etiamsi
3335 1418 3476 1470 lauta
3509 1427 3560 1472 cl
3590 1420 3727 1471 varia

2144 1501 2387 1556 fruantur
2411 1519 2615 1568 mensa,
2641 1520 2709 1562 eo
2737 1515 2860 1560 sunt
2890 1506 3239 1560 imbecilliora
3269 1524 3281 1559 :
3315 1508 3384 1561 ita
3412 1509 3574 1561 etiam
3597 1509 3733 1562 solet

2143 1595 2358 1647 evenire
2399 1594 2451 1647 in
2482 1596 2681 1652 anima.
2711 1595 2810 1664 Qui
2843 1597 3021 1666 pusilli
3057 1597 3271 1666 quidem
3299 1607 3355 1652 et
3382 1597 3578 1668 abjecti
3610 1609 3732 1654 sunt

2145 1685 2330 1750 animi,
2363 1700 2429 1739 ne
2452 1685 2502 1738 in
2534 1685 2837 1741 diademate
2858 1688 3073 1757 quidem
3098 1697 3152 1742 et
3184 1687 3476 1742 honoribus
3497 1692 3585 1759 qui
3614 1706 3731 1743 vcr-

2144 1777 2226 1829 bis
2253 1792 2356 1830 non
2393 1787 2614 1846 possunt
2637 1779 2912 1850 explicari,
2940 1791 3165 1849 possunt
3191 1796 3310 1836 esse
3341 1782 3482 1836 bono
3506 1793 3560 1837 et
3583 1792 3731 1836 tran-

2141 1869 2309 1938 quillo
2334 1871 2514 1925 animo
2543 1889 2555 1923 :
2590 1869 2891 1941 phil050phi
2923 1883 3100 1928 autem
3129 1882 3183 1927 et
3220 1874 3271 1928 in
3319 1874 3545 1928 vinculis
3576 1884 3630 1930 et
3680 1876 3730 1928 in

2142 1968 2325 2014 catena
2354 1971 2405 2014 et
2431 1962 2480 2014 in
2514 1972 2828 2032 paupertate
2850 1979 2980 2032 pura
3008 1963 3257 2018 fruuntur
3282 1965 3567 2035 voluptate.
3603 1965 3733 2018 ll:ec

2143 2066 2270 2120 ergo
2291 2053 2587 2122 cogitantes
2616 2094 2632 2121 ,
2678 2055 2998 2123 aspiciamus
3041 2069 3257 2125 semper
3297 2055 3363 2109 ad
3409 2056 3729 2111 deteriores.

2143 2143 2272 2196 Nam
2301 2155 2384 2198 est
2413 2146 2629 2214 quidem
2653 2147 2814 2202 etiam
2846 2148 2950 2203 alia
2977 2148 3278 2204 consolatio
3302 2191 3316 2212 ,
3359 2149 3452 2204 sed
3485 2149 3731 2217 philoso-

2143 2234 2300 2303 phica
2325 2275 2338 2297 ,
2371 2248 2423 2290 et
2450 2251 2568 2306 qua“:
2599 2238 2891 2294 multorum
2911 2239 3138 2294 aliorum
3170 2250 3384 2309 superat
3413 2240 3732 2294 crassitudi-

2144 2340 2285 2378 nem.
2313 2326 2566 2393 Quzenam
2597 2342 2660 2381 ea
2687 2327 2809 2383 est?
2836 2329 2987 2398 Quod
3017 2329 3146 2384 nihil
3177 2340 3300 2385 sunt
3327 2331 3527 2385 divitire
3554 2374 3568 2396 ,
3598 2332 3731 2384 nihil

2144 2426 2452 2485 paupertas,
2485 2417 2615 2473 nihil
2636 2419 2948 2490 ignominia,
2981 2421 3114 2474 nihil
3143 2422 3348 2492 honor;
3375 2423 3467 2475 sed
3501 2423 3554 2476 in
3585 2422 3732 2477 brevi

2145 2521 2405 2582 tempore,
2439 2522 2493 2569 ct
2533 2514 2587 2569 in
2613 2516 2792 2572 verbis
2821 2517 2995 2570 solum
3048 2517 3188 2571 inter
3234 2533 3292 2571 se
3341 2517 3568 2571 distant.
3603 2518 3731 2572 Cum

2145 2602 2243 2658 hac
2273 2613 2452 2659 autem
2482 2606 2583 2659 alia
2613 2621 2828 2676 quoque
2856 2618 2934 2663 est
2967 2607 3066 2661 hac
3096 2608 3268 2677 major
3287 2651 3300 2672 ,
3336 2623 3530 2677 nempe
3560 2606 3730 2662 futura

2142 2703 2197 2748 et
2221 2694 2358 2749 bona
2386 2706 2440 2750 et
2477 2697 2618 2752 mala
2644 2699 2882 2768 cogitare
2909 2740 2922 2763 ,
2952 2713 3014 2753 ea
3045 2715 3162 2770 quae
3188 2715 3312 2754 vcre
3358 2710 3482 2752 sunt
3515 2701 3654 2754 mala
3683 2711 3734 2754 et

2141 2801 2262 2854 qua:
2292 2802 2418 2842 vere
2458 2788 2596 2843 bona
2621 2829 2638 2855 ,
2678 2799 2734 2845 et
2774 2791 2842 2846 ab
2882 2790 2986 2845 illis
3011 2791 3254 2862 accipere
3278 2792 3731 2845 consolationem.

2143 2878 2249 2934 Sed
2277 2881 2527 2950 quoniam
2553 2923 2566 2947 ,
2607 2882 2746 2936 sicut
2771 2883 2919 2951 prius
2945 2883 3076 2948 dixi,
3107 2884 3254 2937 multi
3299 2894 3423 2938 sunt
3454 2883 3614 2955 longe
3646 2901 3732 2940 re-

2143 2975 2271 3028 moti
2305 2974 2372 3028 ab
2409 2974 2715 3043 hujusmodi
2753 2975 3018 3040 doctrina,
3053 2985 3334 3045 propterea
3382 2991 3608 3031 necesse
3639 2975 3734 3031 ha-

2143 3065 2352 3120 buimus
2377 3067 2429 3122 in
2452 3067 2752 3136 hujusmodi
2776 3067 3050 3122 immorari
3075 3067 3436 3134 sermonibus,
3463 3078 3521 3122 ut
3545 3069 3734 3124 ordine

2141 3159 2207 3212 ad
2250 3159 2349 3214 hos
2387 3175 2599 3231 quoque
2625 3161 2952 3216 deducamus
2976 3175 3070 3216 eos
3099 3163 3189 3232 qni
3224 3163 3309 3214 illa
3351 3174 3730 3232 susceperunt.

2141 3249 2268 3305 [hec
2296 3266 2426 3322 ergo
2454 3253 2632 3308 omnia
2662 3263 2994 3322 reputantes,
3023 3255 3167 3307 omni
3195 3268 3263 3308 ex
3286 3264 3433 3324 parte
3461 3269 3558 3308 nos
3582 3254 3730 3324 ipsos

2142 3358 2529 3413 componamus
2553 3385 2569 3410 ,
2603 3353 2658 3399 et
2703 3360 2992 3415 numquam
3035 3343 3337 3400 delebimus
3367 3346 3438 3401 ob
3471 3346 3588 3402 hate
3614 3349 3732 3403 ino-

2145 3435 2343 3504 pinata.
2390 3435 2573 3505 Neque
2603 3437 2745 3491 enim
2776 3437 2820 3490 si
2857 3436 2908 3490 in
2942 3437 3169 3508 imagine
3193 3437 3487 3494 viderimus
3513 3441 3728 3508 divites,

2139 3539 2236 3579 eos
2261 3539 2383 3581 esse
2407 3526 2702 3582 dixerimus
2732 3526 2970 3582 beandos
2993 3537 3048 3582 et
3075 3527 3404 3584 aemulandos
3428 3546 3444 3596 ;
3471 3539 3530 3584 ut
3559 3547 3731 3605 neque

2139 3617 2416 3673 mendicos
2449 3619 2557 3674 illic
2585 3619 2861 3690 depictos,
2894 3618 3134 3675 infelices
3157 3633 3211 3676 et
3240 3621 3599 3678 miserabiles.
3630 3626 3730 3680 At-

2138 3709 2226 3779 qui
2257 3709 2328 3763 illi
2358 3719 2483 3764 sunt
2508 3709 2776 3766 ﬁrmiores
2798 3719 2854 3765 et
2880 3709 3182 3766 Stabiliores
3213 3711 3279 3768 iis
3310 3713 3400 3782 qui
3431 3723 3557 3768 sunt
3585 3715 3728 3784 apud

2140 3814 2240 3854 nos
2265 3800 2503 3856 divites:
2548 3801 2716 3871 magis
2754 3802 2900 3857 enim
2949 3802 3000 3854 in
3045 3802 3250 3872 pictura
3300 3812 3479 3858 manet
3523 3803 3678 3860 dives
3705 3846 3724 3870 .

2137 3908 2295 3962 quam
2323 3894 2376 3948 in
2400 3895 2511 3963 ipsa
2553 3908 2735 3948 rerum
2775 3902 2985 3949 natura.
3032 3893 3166 3948 Nam
3213 3894 3302 3950 ille
3329 3894 3540 3965 quidem
3575 3912 3727 3968 szepc

2137 3987 2299 4040 etiam
2329 3986 2394 4040 ad
2424 3995 2638 4041 centum
2668 3999 2842 4040 annos
2882 3987 2962 4041 sic
2989 4001 3253 4056 apparens
3289 3987 3557 4044 duraverit
3591 4006 3605 4044 :
3638 3991 3727 4047 hic

2136 4085 2312 4130 autem
2344 4090 2467 4129 cum
2495 4091 2562 4131 ne
2589 4090 2790 4131 annum
2817 4076 3031 4147 quidem
3075 4093 3235 4132 unum
3271 4079 3322 4132 in
3350 4080 3462 4134 suis
3491 4079 3724 4138 faculta-

2138 4167 2278 4220 tibus
2305 4182 2364 4222 se
2387 4165 2592 4221 deliciis
2621 4167 2950 4236 expleverit,
2983 4181 3204 4238 repente
3233 4170 3480 4240 privatus
3503 4182 3589 4228 est
3609 4188 3723 4228 om-

2135 4260 2310 4314 nibus.
2356 4259 2480 4314 lltec
2507 4275 2634 4330 ergo
2661 4261 2840 4315 omnia
2885 4272 3194 4331 reputantes
3218 4303 3232 4330 ,
3266 4263 3413 4316 omni
3462 4281 3530 4319 cx
3572 4276 3720 4336 parte

2133 4353 2437 4406 muniamus
2465 4351 2628 4406 animi
2653 4353 2886 4422 quietem
2914 4362 2968 4408 et
2996 4354 3432 4424 tranquillitatem
3458 4357 3719 4413 adversus

2134 4442 2584 4497 inconsideratam
2633 4443 2902 4498 tristitiam
2929 4483 2945 4508 ,
2987 4452 3047 4497 ut
3088 4452 3144 4499 et
3183 4445 3343 4498 vitam
3389 4459 3714 4514 prteseutem

2135 4535 2488 4602 transigamus
2508 4547 2628 4587 cum
2655 4535 2946 4603 voluptate,
2974 4543 3026 4588 et
3049 4535 3184 4588 bona
3216 4536 3390 4590 futura
3419 4552 3720 4609 coitsequa-

2131 4641 2267 4690 mur,
2291 4624 2461 4694 gratia
2484 4634 2537 4678 et
2558 4625 2887 4695 benignitate
2910 4626 3117 4680 Domini
3147 4629 3313 4682 nostri
3343 4630 3470 4684 Jesu
3493 4629 3712 4698 Christi,

2129 4731 2249 4772 cum
2276 4730 2383 4786 quo
2410 4715 2578 4784 Patri,
2612 4717 2877 4788 simulque
2903 4729 3091 4772 sancto
3119 4719 3339 4787 Spiritui
3367 4722 3539 4789 gloria
3564 4764 3578 4787 ,
3613 4725 3708 4776 iut-

2130 4808 2357 4878 perium,
2389 4807 2587 4875 honor,
2624 4825 2766 4868 nunc
2788 4820 2843 4866 et
2866 4826 3080 4880 semper
3103 4853 3118 4876 ,
3146 4823 3200 4867 et
3229 4814 3280 4866 in
3313 4817 3509 4871 saecula
3538 4832 3710 4875 διεω-

2129 4900 2319 4954 lorum.
2357 4901 2548 4956 Amen.

459 5097 3686 5131 ..Μ

1670 5181 2013 5246 HOMILIA
2057 5185 2365 5252 XXXIX.

430 5324 566 5379 Car.
615 5322 698 5377 15.
737 5339 790 5376 v.
836 5324 921 5376 ll.
963 5323 1084 5378 Sive
1111 5325 1243 5377 enim
1264 5338 1358 5392 ego
1382 5364 1398 5388 ,
1431 5323 1531 5376 sive
1557 5323 1638 5376 illi
1662 5367 1676 5385 ,
1712 5325 1784 5378 sic
1816 5327 2008 5394 prtuli-

508 5429 683 5466 camus
711 5453 726 5476 ,
754 5421 802 5467 et
830 5415 901 5467 sic
929 5413 1234 5467 credidistis.

511 5506 564 5559 1.
607 5504 892 5576 Postquam
942 5503 1216 5573 apostolos
1260 5502 1462 5558 extulit
1487 5512 1543 5558 et
1570 5520 1629 5559 sc
1668 5505 1864 5574 dejecit
1890 5549 1906 5572 ,
1961 5519 2017 5564 et

435 5595 628 5653 deinde
647 5613 834 5653 rursus
855 5612 1012 5667 supra
1039 5596 1156 5651 illos
1171 5610 1231 5652 se
1249 5593 1457 5658 extulit,
1485 5602 1547 5648 ut
1567 5595 1807 5654 efﬁceret
1830 5616 2013 5671 :equa.

433 5690 632 5748 litatem
656 5691 675 5759 (
700 5691 1056 5760 :cqualitatcm
1085 5689 1225 5745 cnim
1247 5685 1442 5750 effecit,
1475 5700 1534 5741 se
1562 5697 1616 5743 et
1638 5692 1872 5748 melioris
1896 5710 2015 5750 esse

2125 5332 2448 5388 conditionis
2477 5332 2767 5391 ostendens
2806 5346 2861 5391 et
2903 5337 3262 5408 deterioris),
3296 5350 3351 5396 et
3391 5357 3454 5396 ea
3502 5348 3709 5400 ratione

2126 5436 2185 5476 se
2215 5423 2443 5479 reddens
2475 5423 2578 5480 ﬁde
2607 5425 2864 5496 dignum;
2896 5443 2964 5484 ne
2990 5430 3070 5484 sic
3097 5429 3312 5500 quidem
3339 5447 3435 5488 eos
3463 5434 3705 5504 dimittit,

2129 5512 2223 5566 sed
2255 5529 2439 5569 rursus
2464 5529 2524 5570 se
2543 5531 2664 5571 cum
2693 5516 2800 5573 illis
2825 5519 3116 5591 coniungit,
3146 5521 3392 5578 indicans
3419 5539 3564 5591 eam,
3590 5542 3707 5597 qua

2129 5612 2211 5657 est
2231 5604 2521 5660 secundum
2549 5605 2839 5676 Christum,
2867 5611 3226 5666 concordiam.
3252 5613 3370 5669 Non
3397 5625 3577 5672 tamen
3606 5617 3710 5673 hoc

2129 5696 2204 5750 sic
2238 5696 2361 5754 facit
2393 5708 2447 5752 ut
2479 5698 2722 5754 videatur
2765 5701 2844 5756 eis
2874 5717 2991 5755 esse
3021 5701 3265 5771 abiectus
3288 5744 3305 5771 ,
3357 5706 3450 5762 sed
3497 5716 3556 5764 ut
3598 5708 3710 5782 ipse
