4018 6156
329 282 427 340 53!

325 399 523 485 Σκόπει
551 400 609 454 δέ
639 401 934 475 ἀρχόμενος
964 406 1224 462 κάτωθεν·
1254 411 1284 463 ὀ
1310 412 1602 485 κοπρὼνης
1629 415 1784 482 ἀλγεῖ
1802 417 1896 469 καὶ

321 482 594 548 ὀδυνᾶται,
631 486 712 537 ὅτι
746 487 827 567 μὴ
873 487 1213 558 ἀπήλλακται
1263 493 1358 546 τοῦ
1409 482 1757 567 ταλαιπώρου
1800 501 1895 553 καὶ

321 567 686 623 ἐπονειδίστου
720 564 854 623 εἶναι
893 570 1179 637 δοκοῦντος
1221 577 1651 649 ἐπιτηδεύματος
1682 582 1891 635 τούτο-ν

318 651 438 703 ἀλλ’
486 650 551 706 ἂν
575 652 882 735 ἀπαλλάξῃς
914 656 1076 707 αὑτὸν
1104 657 1315 723 τούτου,
1352 665 1447 716 καὶ
1491 665 1723 735 ποιήσῃς
1757 665 1893 735 μετά

226 731 241 746 ⁸
317 732 504 796 ἀδείας
530 734 639 787 τῶν
681 735 993 804 ἀναγκαίων
1031 739 1305 812 εὐπορεῖν,
1354 745 1582 817 ἀλγήσει
1606 731 1784 801 πάλιν
1812 751 1895 803 ὅτι

318 814 398 902 μὴ
431 815 599 868 πλείω
628 817 943 902 τῆςχρείας
971 820 1255 890 κέκτηται·
1289 825 1392 879 κᾶν
1419 814 1591 881 πλείω
1628 832 1890 902 παρέχῃς,

315 894 638 968 βουλήσεται
687 901 829 954 αὐτὰ
881 901 1200 959 διπλασίονα
1248 903 1386 961 εῖναι
1433 910 1616 973 πάλιν,
1664 894 1893 969 milia}.

307 979 471 1032 τοῦτο
489 976 884 1054 ’ὀδυνηθήσεται
916 985 1014 1055 οὐχ
1042 982 1227 1058 ἦττον,
1261 990 1294 1060 ἢ
1331 990 1619 1064 πρότερον·
1651 995 1758 1049 κᾶν
1813 995 1892 1048 δι-

310 1065 605 1151 πλασίονα,
630 1069 736 1123 κᾶν
785 1071 1149 1141 τριπλασίονα
1184 1074 1292 1146 δῷς
1315 1118 1329 1142 ,
1368 1077 1646 1151 ἀθυμήσει
1693 1080 1888 1144 πάλιν,

309 1149 395 1203 ὃτι
425 1150 502 1221 μὴ
526 1150 890 1206 πολιτεύεται’
922 1154 1025 1208 κᾶν
1050 1156 1208 1209 τοῦτο
1234 1159 1479 1232 παρέχῃς
1499 1149 1668 1234 αύτῷ,
1702 1164 1888 1220 ἄθλιον

310 1240 503 1296 ἑαυτὸν
542 1244 833 1313 ἡγήσεται,
874 1245 954 1299 ὅτι
992 1245 1066 1317 μὴ
1092 1245 1200 1301 τῶν
1227 1249 1293 1303 τά
1319 1250 1509 1321 πρῶτα
1538 1253 1889 1326 πολιτευομέ-

300 1348 416 1385 νων
474 1333 590 1386 ἐστί
614 1350 629 1364 ·
665 1335 759 1388 καὶ
795 1336 1000 1408 ταύτης
1046 1340 1104 1393 δὲ
1135 1343 1531 1414 ἐπιλαϐόμενος
1558 1344 1659 1416 τῆς
1692 1347 1883 1418 τιμῆς,

302 1423 596 1496 Θρηνήσει,
619 1427 699 1480 ὃτι
722 1427 795 1497 μὴ
827 1429 1001 1500 ἄρχει·
1032 1433 1160 1486 ὅταν
1188 1434 1245 1488 δὲ
1277 1435 1447 1508 ἄρξῃ,
1479 1438 1561 1490 ὅτι
1590 1439 1665 1511 μὴ
1696 1438 1884 1504 ἔθνους

298 1514 624 1586 ὁλοκλήρου·
662 1515 788 1571 ὅταν
825 1519 883 1572 δὲ
915 1522 1012 1574 καὶ¹
1066 1523 1253 1589 ἔθνους
1301 1527 1623 1600 ὁλοκλήρου,
1668 1530 1750 1584 ὅτι
1805 1532 1882 1603 μὴ

300 1603 479 1659 ἐθνῶν
514 1607 739 1662 πολλῶν·
785 1611 912 1665 ὅταν
943 1612 1001 1665 δὲ
1038 1613 1209 1668 ἐθνῶν
1251 1617 1484 1682 πολλῶν,
1523 1620 1605 1674 ὃτι
1640 1620 1716 1692 μὴ
1748 1623 1882 1677 πάν-

299 1715 436 1752 των.
483 1700 648 1753 Ὅταν
694 1700 936 1773 ῦπαρχος
981 1704 1228 1775 γένηται,
1267 1707 1638 1782 λυπηθήσεται
1688 1713 1878 1779 πάλιν,

298 1789 390 1842 ὃτι
425 1790 500 1862 μὴ
531 1792 624 1845 καὶ
654 1793 923 1862 βασιλεύς⁸
972 1796 1076 1850 κᾶν
1130 1798 1418 1866 βασιλεὺς,
1454 1801 1535 1856 ὅτι
1576 1805 1651 1875 μὴ
1698 1805 1877 1875 μόνος

301 1882 413 1936 κᾶν
448 1885 641 1954 μόνος,
671 1887 754 1940 ὅτι
793 1888 867 1957 μὴ
922 1890 1016 1941 καὶ
1047 1889 1374 1962 βαρϐάρων,
1433 1895 1513 1948 ὅτι
1552 1897 1626 1967 μὴ
1660 1899 1754 1952 καὶ
1781 1899 1918 1977 τῆς.

295 1974 628 2045 οἰκουμένης
648 1977 885 2048 ἀπάσης-ο
908 1979 1037 2032 ὅταν
1059 1982 1151 2034 καὶ
1173 1983 1270 2053 τῆς
1285 1985 1609 2058 οἰκουμένης
1634 1988 1875 2060 ἀπάσης,

285 2063 386 2116 διὰ
415 2064 467 2116 τί
495 2065 570 2136 μὴ
596 2066 689 2119 καὶ
710 2068 898 2138 ἐτέρου
928 2070 1166 2141 κόσμου;
1200 2076 1311 2128 Καὶ
1331 2075 1504 2143 οὕτως
1535 2079 1621 2132 ἐπ’
1645 2081 1875 2154 ἄπειρον

154 2175 165 2183 -
281 2154 317 2205 ὁ
379 2153 641 2227 λογισμὸς
697 2158 943 2229 προῖὼν,
987 2163 1088 2216 οὐκ
1141 2164 1368 2236 ἀφίησιν
1419 2167 1582 2222 αὑτὸν
1638 2171 1877 2242 ἡσθῆναί

282 2264 446 2300 ποτε.

354 2417 420 2482 ζ’.
445 2414 599 2482 Εἶδες
634 2421 753 2484 πῶς
775 2422 874 2475 κᾶν
896 2422 955 2489 ἐξ
992 2424 1244 2487 εὐτελοῦς
1267 2430 1361 2482 καὶ
1394 2431 1612 2501 πτωχοῦ
1647 2433 1870 2503 βασιλέα

278 2509 542 2580 ποιήσῃς,
579 2509 680 2563 οὐκ
725 2511 971 2581 ἀναιρεῖς
1020 2513 1120 2586 τὴν
1174 2516 1439 2587 ἀθυμίαν,
1470 2519 1730 2592 λογισμὸν
1778 2524 1869 2577 τὸν

274 2597 600 2662 πλεονεξίας
622 2597 835 2670 ἐρῶντα
860 2602 935 2672 μὴ
962 2602 1395 2676 διορθωσάμενος
1421 2608 1682 2683 πρότερον
1699 2631 1712 2677 ;
1731 2614 1866 2685 Φέρε

276 2704 364 2741 σοι
398 2689 497 2742 καὶ
515 2689 826 2743 τούναντίον
843 2690 1023 2756 δείξω,
1057 2693 1138 2746 ὅτι
1171 2694 1275 2748 κᾶν
1308 2697 1517 2751 ἀνωθεν
1551 2700 1701 2755 κάτω
1733 2709 1864 2756 κατ-ὲ

272 2778 499 2849 ἀγάγῃς
544 2778 638 2831 τὸν
671 2778 888 2832 σύνεσιν
948 2780 1162 2851 ἔχοντα,
1195 2784 1295 2836 οὐκ
1324 2785 1584 2854 ἐμϐαλεῖς
1618 2792 1700 2854 είς
1731 2792 1862 2846 ἀθυ-

275 2870 412 2939 μίαν
445 2869 542 2923 καὶ
585 2869 783 2942 λύπην.
816 2870 946 2931 Καὶ,
981 2875 1029 2926 εί
1063 2872 1264 2942 βούλει,
1292 2876 1390 2948 τὴν
1416 2879 1586 2950 αὐτὴν
1615 2882 1861 2954 κλίμακα

273 2961 724 3031 καταϐαίνωμεν,
758 2963 849 3015 καὶ
885 2963 977 3016 τὸν
1003 2963 1247 3036 ὕπαρχον
1279 2969 1388 3021 ἀπὸ
1412 2969 1506 3024 τοῦ
1541 2972 1731 3044 θρόνου
1762 2993 1862 3028 κα-

270 3052 581 3116 ταϐιϐάσας
622 3052 701 3123 τῷ
747 3053 893 3125 λόγῳ
940 3056 1229 3128 ἀποστέρει
1277 3059 1376 3130 τῆς
1425 3061 1583 3128 ἀξίας
1620 3065 1856 3135 ἐκείνης.

271 3144 443 3198 οὐδὲν
482 3144 595 3215 γάρ
623 3139 779 3209 οὗτος
827 3146 1095 3212 ἐντεῦθεν,
1129 3148 1194 3201 ἀν
1226 3149 1384 3223 ἐθέλῃ
1428 3153 1600 3207 ταῦτα
1634 3157 1857 3225 ἐννοεῖν,

270 3234 419 3308 ἅπερ
450 3232 625 3302 εἷπον,
666 3236 915 3307 ἀλγήσει.
949 3238 1085 3292 Οὐδὲ
1131 3239 1241 3312 γὰρ
1272 3240 1417 3314 ἅπερ
1443 3244 1742 3318 ἀφῄρηται,
1774 3249 1859 3302 λο-

273 3331 501 3396 γιεῖται,
527 3326 642 3382 ἀλλ’
672 3328 817 3400 άπερ
847 3327 959 3401 ἔχει
988 3320 1146 3398 τέως,
1173 3331 1275 3403 τὴν
1305 3333 1464 3400 δόξαν
1498 3337 1595 3408 τὴν
1623 3339 1731 3392 ἀπὸ
1759 3342 1857 3411 τῆς

276 3420 482 3491 ἀρχῆς.
513 3420 614 3473 Ἂν
658 3419 714 3474 δὲ
769 3420 863 3475 καὶ
907 3423 1110 3493 ταύτην
1157 3424 1381 3497 ἀφέλῃς,
1434 3426 1696 3497 λογιεῖται
1729 3433 1857 3497 τοὺς

280 3511 524 3578 ἰδιώτας,
566 3512 659 3566 καὶ
707 3514 957 3569 οὐδέποτε
1006 3514 1266 3587 τοιαύτης
1315 3518 1613 3584 ἐπιϐάντας
1656 3521 1853 3595 ἀρχῆς,

273 3603 372 3657 καὶ
406 3602 635 3674 ἀρκέσει
668 3605 745 3669 είς
778 3605 1132 3679 παραμυθίαν
1162 3607 1191 3659 ὁ
1225 3606 1453 3672 πλοῦτος
1493 3613 1660 3683 αὐτῷ’
1702 3614 1770 3668 ἂν
1795 3614 1857 3671 δὲ

271 3694 369 3749 καὶ
398 3694 591 3749 τούτου
624 3695 783 3750 πάλιν
812 3698 1080 3770 ἐκϐάλῃς,
1131 3699 1398 3770 σκοπήσει
1439 3701 1566 3764 τοὺς
1597 3706 1666 3756 τά
1713 3706 1848 3777 σύμ-

273 3802 454 3858 μετρα
480 3785 721 3857 ἔχοντας’
752 3787 819 3843 ἂν
860 3789 919 3843 δέ
948 3791 1042 3845 καὶ
1084 3790 1153 3844 τά
1189 3791 1480 3864 σύμμετρα
1510 3796 1720 3872 ἀφέλῃς
1757 3801 1854 3854 καὶ

270 3872 370 3943 τῆς
396 3874 708 3942 ἀναγκαίας
762 3876 931 3948 μόνης
985 3879 1226 3951 μεταδῷς
1275 3884 1512 3955 τροφῆς,
1564 3885 1848 3958 δυνήσεται

272 3964 474 4018 ἐννοεῖν
485 3967 613 4029 τοὺς
636 3966 758 4020 οὐδὲ
783 3967 988 4039 ταύτης
1009 3968 1160 4043 [361]
1182 3972 1530 4044 μετέχοντας,
1546 3976 1683 4031 ἀλλά
1702 3976 1848 4051 λιμῷ

275 4055 600 4120 παλαίοντας
629 4056 883 4128 διηνεκεί,
923 4062 1017 4114 καὶ
1040 4063 1412 4136 δεσμωτήριον
1435 4066 1740 4135 οἰκοῦντας.
1780 4071 1845 4125 Et

269 4144 325 4199 δὲ
348 4146 440 4201 καὶ
468 4147 552 4210 είς
572 4146 633 4201 τὸ
652 4148 775 4220 οίκη
784 4166 857 4219 μα
878 4150 1194 4220 είσαγάγοις
1216 4153 1412 4215 ἐκεῖνο,
1433 4156 1558 4219 τοὺς
1583 4158 1641 4211 ἐν
1666 4158 1843 4223 νόσοις

273 4235 508 4301 ἀνιάτοις
553 4237 745 4304 ὄντας,
793 4240 920 4305 τοὺς
963 4242 1020 4294 ἐν
1078 4240 1292 4306 ὀδύναις
1341 4244 1662 4315 ἀνηκέστοις
1697 4249 1824 4302 ἐνθυ

276 4327 562 4400 μούμενος,
604 4329 792 4399 ὄψεται
835 4333 1029 4388 ἐαυτὸν
1072 4335 1131 4387 ἐν
1161 4335 1343 4407 πολλῷ
1391 4335 1657 4407 βελτίοσιν
1691 4341 1841 4399 ὅντα.

275 4418 378 4473 Καὶ
408 4421 603 4495 ὥσπερ
648 4425 679 4476 ό
710 4424 997 4498 κοπρώνης
1023 4427 1229 4492 ἐκεῖνος
1253 4427 1374 4483 οὐδὲ
1419 4429 1673 4500 βασιλεὺς
1700 4435 1846 4503 γενό-

1327 298 1392 352 ΙΝ
1432 298 1651 357 Εριετ.
1694 302 1714 356 Ι
1766 302 1858 357 ΔΙ)
1887 303 2046 359 COB.
2091 303 2327 365 "OMIL.
2366 308 2610 365 XXXIX.

3469 316 3574 372 532

2001 434 2159 486 μενος
2184 421 2445 491 εὐθυμίαν
2469 424 2840 495 καρπώσεται,
2858 426 3032 492 οὕτως
3058 417 3212 492 οὗτος
3230 428 3350 482 οὐδὲ
3372 428 3576 498 δεσμώ-

1995 523 2094 577 της
2129 512 2404 574 καταστάς
2437 512 2666 584 ἀλγήσει
2697 516 2850 573 ποτέ.
2885 518 3000 571 Οὐκ
3037 517 3145 589 ἀρα
3185 518 3415 584 πλοῦτος
3449 521 3574 591 ἡδο-

1995 598 2113 669 νῆς,
2144 600 2267 655 οὔτε
2306 604 2465 657 πενία
2507 606 2746 678 ἀθυμίας
2788 609 3065 675 ὑπόθεσις,
3103 610 3218 664 ἀλλ’
3250 612 3283 681 ή
3330 610 3574 683 ἡμετέρα

1992 687 2220 763 γνώμη,
2263 694 2450 747 καὶτὸ
2503 698 2569 750 τὰ
2616 696 2839 770 ὄμματα
2877 701 2978 769 τῆς
3024 702 3263 767 διανοίας
3294 702 3451 773 ἡμῶν
3497 702 3573 774 μὴ

1992 774 2130 832 εἶναι
2186 782 2424 855 καθαρὰ,
2478 789 2614 856 μηδὲ
2659 790 2879 844 ἑστάναι
2928 809 3029 845 που
3064 794 3158 846 καὶ
3198 793 3403 864 μένειν,
3455 792 3570 846 ἀλλ’

1992 868 2274 939 ἀπέραντα
2319 873 2606 933 πέτασθαι.
2651 879 2760 933 Καὶ
2800 880 3050 955 καθάπερ
3094 882 3162 935 τά
3211 882 3312 952 μὲν
3355 880 3571 950 ὑγιεινά

1989 958 2098 1011 τῶν
2147 963 2435 1030 σωμάτων,
2468 967 2571 1020 κάν
2615 969 2766 1041 ἄρτῳ
2814 970 3084 1042 τρέφηται
3122 972 3289 1044 μόνῳ,
3342 972 3571 1027 εύπαθεί

1990 1050 2082 1103 καὶ
2106 1055 2333 1125 σφριγᾷο
2350 1056 2419 1109 τά
2445 1056 2501 1110 δὲ
2525 1059 2772 1125 ἐπίνοσα,
2798 1060 2901 1115 κᾶν
2931 1061 3186 1137 δαψιλοῦς
3203 1064 3297 1118 καὶ
3318 1063 3569 1136 ποικίλης

1987 1142 2237 1215 ἀπολαύῃ
2281 1147 2597 1221 τραπέζης,
2647 1155 2890 1226 τοσούτῳ
2943 1154 3144 1225 μᾶλλον
3197 1155 3566 1229 ἀσθενέστερα

1987 1235 2216 1303 γίνεται·
2248 1238 2394 1293 οῦτω
2418 1243 2512 1295 καὶ
2543 1243 2637 1295 ἐπὶ
2665 1245 2765 1315 τῆς
2794 1245 2975 1318 ψυχῆς
3004 1247 3326 1318 συμϐαίνειν
3349 1249 3562 1303 είωθεν⁶

1984 1328 2033 1377 οἱ
2084 1328 2180 1396 μὲν
2233 1331 2558 1404 μικρόψυχοι
2608 1335 2729 1389 οὐδὲ
2793 1338 2851 1391 ἐν
2899 1338 3187 1412 διαδήματι
3236 1341 3333 1395 καὶ
3382 1344 3567 1412 τιμαῖς

1983 1418 2455 1485 ἀφάτοιςδύναιντ’
2487 1426 2554 1481 ἂν
2582 1427 2861 1500 εύθυμεῖν’
2895 1432 2943 1486 οί
2970 1431 3028 1486 δὲ
3075 1432 3355 1503 φιλόσοφοι
3385 1434 3478 1489 καὶ
3506 1436 3564 1488 ἐν

1981 1510 2200 1581 δεσμοῖς
2242 1517 2333 1569 καὶ
2379 1519 2438 1573 ἐν
2480 1520 2667 1576 ἁλύσει
2709 1524 2803 1577 καὶ
2844 1527 2901 1578 ἐν
2943 1526 3104 1598 πενία
3148 1526 3395 1597 καθαρᾶς
3427 1528 3565 1584 ἀποι-

1981 1599 2235 1658 λαύουσιν
2281 1607 2493 1680 ἡδονῆς.
2550 1612 2715 1667 Ταῦτ’
2757 1613 2849 1670 οὖν
2886 1616 3216 1683 ἐννοοῦντες,
3266 1619 3404 1689 πρὸς
3434 1621 3561 1682 τοὺς

1984 1696 2442 1771 καταδεεστέρους
2485 1704 2574 1757 ἀεὶ
2624 1706 2938 1778 βλέπωμεν.
2979 1710 3136 1766 Ἔστι
3180 1712 3279 1781 μὲν
3322 1711 3431 1782 γὰρ
3465 1714 3562 1767 καὶ

1980 1785 2142 1857 ἑτέρα
2183 1792 2527 1861 παραμυθία,
2569 1795 2707 1851 ἀλλά
2748 1799 3043 1869 φιλόσοφος
3071 1803 3169 1855 καὶ
3194 1801 3304 1855 τῶν
3348 1802 3560 1858 πολλῶν

1978 1875 2380 1947 ὑπερϐαίνουσα
2408 1884 2507 1955 τὴν
2535 1885 2842 1958 παχύτητα.
2878 1889 3013 1944 Ποία
3042 1891 3220 1961 αὖτης
3252 1893 3371 1945 Ὅτι
3406 1892 3568 1947 οὐδὲν.

1977 1968 2228 2037 πλοῦτος,
2254 1975 2407 2029 οὐδὲν
2435 1978 2612 2043 πενία,
2644 1981 2797 2034 οὐδὲν
2828 1983 3044 2055 ἀτιμία,
3075 1986 3227 2041 οὐδὲν
3262 1987 3419 2057 τιμὴ,
3440 1986 3556 2040 ἀλλ’

1974 2062 2034 2113 ἐν
2070 2065 2247 2134 χρόνῳ
2272 2065 2466 2138 βραχεῖ
2490 2071 2582 2124 καὶ
2611 2071 2820 2143 ῥήμασι
2850 2074 3166 2146 διεστήκασι
3197 2078 3360 2147 μόνον
3386 2080 3568 2155 ἀλλήτι

1973 2153 2100 2207 λων.
2123 2157 2276 2210 Μετά
2303 2158 2361 2211 δὲ
2390 2160 2594 2233 ταύτης
2617 2165 2711 2217 καὶ
2731 2167 2894 2238 ἑτέρα
2921 2169 3126 2242 ταύτης
3159 2171 3381 2241 μείζων,
3403 2174 3464 2226 τὸ
3484 2153 3561 2229 τά,

1976 2244 2236 2314 μέλλοντα
2266 2252 2468 2305 ἐννοεῖν
2492 2255 2582 2307 καὶ
2605 2257 2750 2310 κακά
2769 2261 2864 2312 καὶ
2890 2258 3094 2328 ἀγαθά,
3125 2262 3193 2314 τά
3217 2262 3385 2328 ὄντως
3407 2266 3554 2323 κακά

1972 2337 2067 2390 καὶ
2105 2338 2273 2404 ὅντως
2306 2342 2519 2413 ἀγαθά,
2555 2346 2652 2399 καὶ¹
2690 2350 2786 2401 ἀπ’
2815 2350 3042 2405 ἐκείνων
3090 2356 3548 2425 παρακαλεῖσθαι.

1984 2428 2122 2482 Ἀλλ’
2155 2431 2344 2504 ἐπειδὴ
2379 2435 2563 2489 πολλοὶ
2600 2438 2824 2507 τούτων,
2856 2443 2994 2514 ὅπερ
3036 2444 3191 2514 ἔφην,
3225 2447 3415 2518 πόρρω
3439 2450 3547 2501 τῶν

1967 2520 2141 2591 λόγων
2195 2525 2484 2597 ἑστήκασι,
2531 2529 2620 2585 διὰ
2647 2531 2803 2586 τοῦτο
2843 2534 3089 2602 ἐκείνοις,
3120 2538 3549 2609 ἠναγκάσθημεν

1965 2614 2236 2687 διατρῖψαι
2269 2622 2382 2684 τοῖς
2419 2621 2618 2691 λόγοις,
2651 2625 2741 2680 ἵνα
2772 2627 2875 2698 ὁδῷ
2909 2630 3013 2685 καὶ.
3032 2631 3126 2684 ἐπὶ
3156 2632 3380 2697 τούτους
3407 2634 3555 2703 ἀγάλ

1963 2721 2148 2777 γωμεν
2174 2712 2302 2773 τοὺς
2320 2713 2790 2785 καταδεξαμένους
2811 2720 3015 2774 ἐκεῖνα.
3031 2719 3195 2776 Ταῦτ’
3215 2720 3308 2779 οὖν
3328 2725 3557 2782 ἅπαντα

1961 2796 2329 2870 λογισάμενοι,
2353 2802 2616 2858 πάντοθεν
2634 2807 2867 2870 ἑαυτοὺς
2884 2810 3262 2884 ρυθμίσωμεν,
3283 2817 3375 2870 καὶ
3394 2818 3544 2872 οὐδέ-

1964 2906 2093 2944 ποτε
2121 2892 2214 2946 ἐπὶ
2236 2882 2345 2948 τῶν
2371 2896 2650 2969 ἀδοκήτων
2671 2899 2879 2954 τούτων
2900 2882 3231 2975 ἀλγήσομεν.
3255 2908 3388 2962 Οὐδὲ
3408 2909 3550 2979 γὰρ,

1961 2983 2010 3034 εί
2049 2984 2107 3037 ἐν
2139 2985 2309 3041 είκόνι
2343 2987 2631 3053 πλουσίους
2661 2990 2889 3062 ίδοιμεν,
2917 2992 3193 3066 ζηλωτοὺς
3211 2993 3351 3053 εἶναι
3377 3000 3540 3070 φαίη-

1963 3089 2062 3141 μεν
2083 3073 2169 3136 ἂν,
2187 3074 2375 3146 ὥσπερ
2392 3079 2515 3133 οὐδὲ
2533 3081 2661 3143 τοὺς
2685 3086 2937 3155 πτωχοὺς
2957 3087 3077 3140 ἐκεῖ
3095 3091 3550 3160 γεγραμμένους..

1956 3163 2177 3230 ἀθλίους
2211 3166 2305 3220 καὶ
2355 3167 2642 3234 ἐλεεινούς’
2679 3174 2855 3229 καίτοι
2886 3192 2950 3243 γε
3001 3176 3216 3235 ἐκεῖνοι.
3249 3178 3359 3234 τῶν
3403 3182 3536 3252 παρ’

1955 3255 2091 3325 ἡμῖν
2133 3256 2507 3314 πλουτούντων
2557 3265 2942 3336 μονιμώτεροι·
2980 3267 3182 3337 μᾶλλον
3227 3271 3345 3342 γάρΔ
3377 3274 3438 3326 ἐν
3466 3277 3533 3345 τῇ

1956 3349 2141 3417 γραφῇ
2178 3347 2327 3417 μένει
2348 3349 2635 3415 πλούσιος,
2659 3352 2692 3423 ἢ
2722 3357 2780 3408 ἐν
2803 3356 2943 3426 αὐτῇ
2963 3357 3073 3413 τῶν
3098 3362 3440 3431 πραγμάτων
3463 3368 3533 3436 τῇ

1956 3439 2136 3506 φύσει,
2154 3439 2212 3491 Ὀ
2245 3440 2347 3510 μὲν
2383 3442 2492 3513 γάρ
2517 3444 2614 3497 καὶ
2631 3445 2710 3508 είς
2738 3445 2835 3516 ἐτη
2857 3448 3119 3515 πολλάκις
3141 3452 3334 3506 ἑκατὸν
3364 3457 3532 3526 ἦρκε-

1956 3546 2049 3583 σεν
2075 3531 2219 3584 οὕτω
2253 3533 2604 3603 φαινόμενος,
2649 3531 2804 3602 οὗτος
2841 3540 2900 3593 δὲ
2947 3541 3096 3596 ἐστιν
3141 3544 3231 3598 ὅτε
3280 3547 3405 3600 οὐδὲ
3451 3550 3533 3614 είς

1953 3621 2200 3677 ἐνιαυτὸν
2267 3625 2609 3698 ἐντρυφήσας
2683 3631 2798 3694 τοῖς
2846 3627 2963 3686 οὖσι
2986 3672 3002 3697 ,
3067 3636 3283 3690 πάντων
3332 3639 3530 3711 ἀθρόον

1952 3712 2267 3786 ἐγυμνώθη.
2302 3715 2468 3770 Ταῦτ’
2494 3714 2589 3772 οῦν
2617 3718 2834 3775 ἅπαντα
2863 3722 3223 3796 λογιζόμενοι,
3254 3735 3527 3805 πανταχό-

1953 3804 2045 3859 θεν
2077 3806 2500 3879 ἐπιτειχίσωμεν
2525 3810 2790 3882 εὐθυμίαν
2819 3816 2960 3870 κατά
2985 3821 3087 3887 τῆς
3113 3819 3399 3889 ἀλογίστου
3426 3804 3526 3881 λύ-
3567 3876 3579 3889 ,

1949 3911 2082 3966 πης,
2099 3894 2187 3950 ίνα
2207 3895 2301 3950 καὶ
2324 3896 2415 3951 τὸν
2445 3899 2689 3971 παρόντα
2719 3902 2835 3972 βίον
2866 3905 2985 3973 μεθ’
3004 3908 3201 3979 ήδονῆς
3224 3910 3520 3985 διάξωμεν,

1948 3986 2179 4040 καὶτῶν
2210 3987 2512 4057 μελλόντων
2538 3991 2887 4064 ἐπιτύχωμεν
2922 3998 3167 4065 ἀγαθῶν,
3202 4001 3386 4073 χάριτι
3426 4008 3521 4063 καὶ

1947 4074 2324 4165 φιλανθρωπίᾳ
2347 4077 2442 4133 τοῦ
2472 4082 2678 4152 Κυρίου
2705 4084 2862 4155 ήμῶν
2901 4088 3076 4158 Ἰησοῦ
3108 4091 3367 4163 Χριστοῦ,
3396 4098 3518 4165 μεθ’

1945 4158 2006 4218 οὗ
2034 4164 2114 4235 τῷ
2144 4167 2320 4239 Πατρὶ
2349 4170 2466 4239 ἀμα
2511 4171 2590 4241 τῷ
2618 4173 2760 4245 ἁγίῳ
2797 4176 3073 4248 Πνεύματι
3100 4158 3246 4248 δόξα,
3288 4158 3512 4254 κράτος.

1943 4254 2097 4328 τιμὴ,
2131 4255 2229 4310 νῦν
2263 4259 2355 4312 καὶ
2383 4260 2492 4316 ἀεὶ.
2524 4262 2619 4316 καὶ
2642 4265 2723 4327 είς
2751 4266 2878 4329 τοὺς
2901 4267 3105 4332 αἰῶνας
3132 4268 3243 4325 τῶν
3276 4272 3507 4336 αἰώνων.

1957 4345 2151 4418 Ἀμήν.

883 4685 3487 4729 ._..__.___,____________________________________

1556 5035 1559 5041 ,
1605 4971 1759 5047 [διε]
1782 4977 2024 5032 omum
2063 4979 2185 5036 AG'.

275 5135 400 5195 Βῖτε
434 5135 553 5195 οὖν
599 5140 899 5220 ἐγὼηεῑςε
933 5142 1167 5220 ἐκεῖνοι,
1214 5144 1370 5220 οὕτω
1423 5149 1829 5220 κηρύσσομεν,

671 5211 769 5264 καὶ
795 5212 984 5278 οὕτως
1003 5214 1425 5268 ἐπιστεύσατε.

339 5327 402 5372 α’.
434 5321 679 5392 Ἐπάρας
707 5325 834 5387 τοὺς
860 5324 1186 5389 ἀποστόλους
1211 5327 1304 5381 καὶ
1330 5329 1576 5384 καθελὼν
1613 5332 1828 5397 ἐαυτὸν,

277 5400 383 5462 εἶτα
417 5412 578 5468 πάλιν
605 5412 744 5486 ὑπὲρ
772 5414 1015 5477 ἐκείνους
1044 5417 1275 5488 ἐπάρας,
1301 5419 1389 5473 ῐνα
1420 5422 1646 5492 ίσότητα
1666 5424 1829 5494 ἐργά-

279 5510 423 5565 σηται
452 5504 571 5574 (καὶ
605 5503 715 5575 γὰρ
758 5505 979 5576 ἰσότητα
1018 5506 1264 5577 ἐποίησε,
1299 5510 1477 5578 δείξας
1514 5512 1706 5566 ἐαυτὸν
1734 5514 1828 5568 καὶ

283 5586 688 5649 πλεονεκτοῦντα
715 5596 807 5649 καὶ
834 5597 1368 5669 πλεονεκτούμενον),
1386 5601 1666 5674 καὶταύτῃ
1691 5601 1828 5668 ἀξιό-

283 5689 452 5757 πιστον
503 5686 696 5742 ἑαυτὸν
751 5688 1188 5754 κατασκευάσας,
1242 5688 1360 5741 οὐδὲ
1404 5690 1576 5757 οὕτως
1628 5695 1828 5758 αὐτοὺς

1939 5153 2183 5223 ἀφίησιν,
2233 5154 2367 5209 ἀλλά
2394 5156 2554 5209 πάλιν
2579 5159 2772 5214 ἑαυτὸν
2799 5161 3030 5226 ἐκείνοις
3067 5162 3367 5231 συντάττει,
3407 5169 3506 5239 τὴν

1940 5244 2076 5297 κατά
2104 5245 2336 5315 Χριστὸν
2368 5247 2772 5318 ἐνδεικνύμενος
2794 5252 3066 5320 ὁμόνοιαν.
3103 5254 3178 5308 Ού
3204 5254 3310 5326 μὴν
3332 5257 3500 5321 οὕτως

1936 5334 2068 5387 αὐτὸ
2097 5337 2260 5398 ποιεῖ,
2291 5336 2367 5400 ὡς
2397 5337 2545 5402 δόξαι
2592 5341 2988 5411 προσερῤῖφθαι
3029 5344 3230 5411 αὐτοῖς,
3265 5345 3381 5401 ἀλλ’
3425 5348 3500 5410 ὡς

1936 5425 2028 5478 καὶ
2055 5424 2215 5480 αὐτὸν
2246 5428 2304 5480 ἐν
2332 5430 2398 5499 τῇ
2425 5430 2563 5501 αὐτῇ
2593 5431 2875 5499 φαίνεσθαι
2908 5432 3078 5499 τάξειο
3118 5435 3262 5489 οὕτω
3293 5436 3401 5506 γὰρ
3421 5436 3500 5504 τῷ

1935 5515 2250 5587 κηρύγματι
2285 5520 2563 5591 συμφέρον
2594 5518 2682 5593 ἦν.
2718 5524 2810 5577 Διὸ
2846 5527 2940 5579 κα)⁸
2972 5526 3256 5596 ἀμφότερα
3296 5525 3495 5595 ὁμοίιος

1935 5606 2258 5672 ἐσπούδακε,
2287 5610 2380 5662 καὶ
2402 5611 2464 5663 τὸ
2497 5612 2573 5683 μή
2600 5612 2775 5667 δοκεῖν
2793 5614 2971 5669 αὐτῶν
2991 5615 3286 5685 ύπερορᾷν,
3317 5611 3410 5664 καὶ
3433 5611 3496 5662 τὸ

1939 5695 2012 5766 μὴ
2048 5694 2132 5751 διὰ
2170 5697 2264 5769 τὴν
2296 5701 2372 5764 είς
2401 5701 2641 5767 ἐκείνους
2683 5705 2849 5776 τιμὴν
2875 5701 3299 5771 ἐξευτελίζεσθαι
3342 5697 3495 5767 παρά
