4018 6156
386 254 405 261 ιλ
436 224 543 281 353

431 339 541 394 τῶν
566 335 901 409 ἀρχομένων.
942 331 1041 386 Διά
1084 330 1242 385 τοῦτο
1274 334 1366 385 καὶ
1415 333 1511 385 νῦν
1561 331 1800 398 ἐξισάζει
1843 332 2003 386 πάλιν

432 430 628 499 λέγων’
658 426 793 481 Εἴτε
815 425 927 477 οὖν
950 420 1083 491 ἐγὼ.
1108 423 1229 475 εἴτε
1257 423 1497 491 ἐκεῖνοι,
1525 424 1677 478 οὕτω
1699 426 2004 491 κηρύσσο·

316 519 319 523 ⁴
428 492 562 590 μετ’.
597 520 730 587 Παρ’
763 509 845 581 οῦ,
884 514 1039 584 φησὶ,
1073 514 1326 583 βούλεσθε
1357 515 1570 585 μαθεῖν,
1606 514 1827 586 μάθετε·
1851 492 2038 569 οὐδὲνί

431 606 757 681 διαφέρομεν
791 619 837 660 ι.
870 606 983 659 Καὶ
1013 607 1117 659 οὑκ
1147 600 1325 673 εἶπεν,
1360 607 1441 660 δτι
1465 608 1528 661 Εἰ
1556 607 1632 680 μὴ
1666 608 1848 661 Θέλετε
1881 607 2004 678 ἐμοὶ

432 699 738 770 πεισθῆναι,
770 697 1001 760 ἐκείνοις
1034 695 1317 766 πείσθητε,
1352 696 1493 751 ἀλλά
1520 697 1616 751 καὶ
1646 697 1835 751 ἐαυτὸν
1867 695 2005 761 ἀξιό-

432 806 618 843 πιστον
670 782 831 852 ποιεῖ,
885 787 981 840 καὶ
1034 784 1159 840 καθ’
1210 786 1400 838 ἑαυτὸν
1449 787 1639 856 ἀρκεῖν
1688 804 1859 858 φησι,
1909 785 2003 840 καὶ

429 877 669 943 ἐκείνους
701 878 824 931 καθ’
854 877 1099 940 ἑαυτούς.
1137 876 1303 930 Οὑδέν
1330 877 1440 949 γάρ
1478 879 1511 948 ή
1555 876 1664 930 τῶν
1695 876 2002 948 προσώπων

430 972 603 1026 ἐποίει
636 969 890 1041 διαφορά,
931 968 1038 1022 τῶν
1063 967 1388 1038 ἀξιωμάτων
1420 969 1551 1023 ἴσων
1583 967 1770 1022 ὄντων.
1805 967 1916 1021 Καὶ
1944 969 2001 1021 ἐν

426 1067 494 1136 τῇ
523 1063 656 1135 πρὸς
685 1062 929 1124 Γαλάτας
956 1060 1013 1114 δέ
1049 1058 1207 1113 τοῦτο
1238 1062 1401 1125 ποιεῖ,
1444 1059 1879 1131 προσλαμϐάνων
1907 1059 2001 1111 αύ-

427 1159 575 1220 τοὺς,
618 1155 717 1226 οὐχ
753 1152 827 1218 ὡς
861 1152 1130 1221 δεόμενος,
1180 1151 1293 1204 ἀλλ’
1326 1152 1517 1220 ἀρκεῖν
1562 1151 1660 1221 μὲν
1702 1149 1874 1217 λέγων
1908 1150 2002 1202 καὶ

429 1244 658 1300 ἑαυτόν·
701 1243 863 1313 Ἐμοὶ
916 1244 1062 1313 γὰρ,
1097 1245 1285 1311 φησὶν,
1338 1244 1390 1294 cl
1441 1241 1765 1304 δοκοῦντες
1821 1239 2002 1292 οὐδὲν

428 1334 890 1408 προσανέθεντο·
931 1335 1072 1404 πλὴν
1111 1333 1244 1387 άλλά
1288 1334 1382 1385 καὶ
1420 1331 1562 1386 οὓτω
1606 1331 1786 1385 διώκω
1819 1328 1999 1384 αὑτῶν

427 1430 525 1503 τὴν
558 1427 831 1499 ὁμόνοιαν·
869 1427 1076 1490 Δεξιὰς
1122 1425 1230 1496 γάρ
1286 1423 1518 1478 ἔδωκάν
1559 1443 1680 1493 μοι,
1717 1424 1900 1495 φησίν.
1937 1423 1999 1475 Εἰ

428 1521 537 1592 γάρ
569 1518 792 1589 ἔμελλεν
843 1517 928 1570 ἀεὶ
979 1516 1038 1569 τὸ
1069 1516 1379 1581 ἀξιόπιστον
1431 1514 1644 1567 Παύλου
1692 1516 1749 1566 ἐν
1793 1513 2001 1584 ἑτέροις

427 1608 565 1666 εἶναι
617 1610 709 1664 καὶ
759 1610 824 1679 τῇ
879 1609 1006 1678 παρ’
1035 1608 1236 1677 ἐτέρων
1290 1606 1562 1677 μαρτυρίᾳ
1614 1606 1996 1675 βεϐαιοῦσθαι,

430 1701 597 1773 μυρία
634 1699 699 1752 ἂν
729 1697 1036 1768 ἐϐλάϐησαν
1068 1694 1317 1749 ἐντεῦθεν
1343 1697 1392 1749 οἱ
1426 1695 1685 1766 μαθηταί.
1718 1695 1791 1748 Ού
1822 1697 1998 1750 τοίνυν

427 1790 616 1843 ἑαυτὸν
647 1788 888 1858 ἐπαίρων
920 1785 1076 1838 τοῦτο
1108 1788 1283 1850 ποιεῖ,
1311 1784 1424 1837 ἀλλ’
1454 1784 1596 1855 ὑπὲρ
1624 1784 1720 1839 τοῦ
1750 1785 1998 1853 Εὑαγγε-

425 1882 540 1936 λίου
562 1877 837 1940 δεδοικώς.
864 1877 956 1930 Διὸ
984 1876 1079 1929 καὶ
1108 1874 1343 1929 ἐνταῦθά
1372 1892 1554 1946 φησιν,
1585 1875 1848 1940 ἐξισάζων
1874 1879 1999 1930 ἐαυ-

423 1972 536 2027 τόνο
568 1970 706 2027 Εἴτε
757 1964 871 2024 οὖν
917 1966 1052 2037 ἐγὼ,
1086 1967 1207 2021 εἴτε
1236 1965 1475 2031 ἐκεῖνοι,
1518 1967 1673 2020 οὕτω
1702 1968 2001 2035 κηρύσσο-

420 2078 555 2132 μεν.
587 2060 785 2123 Καλῶς
822 2055 976 2121 εἷπε,
1022 2059 1442 2126 Κηρύσσομεν,
1487 2057 1586 2128 τὴν
1621 2056 1821 2129 πολλὴν
1856 2059 1999 2130 παῤ-

429 2146 623 2226 ρησίαν
657 2148 1084 2218 ἐνδεικνύμενος.
1121 2148 1195 2199 Οὑ
1226 2148 1336 2218 γὰρ
1364 2146 1539 2219 λάθρα
1572 2148 1694 2201 οὐδὲ
1729 2150 1789 2201 ἐν
1824 2163 2002 2218 παρα-

425 2241 627 2311 ϐύστῳ,
657 2238 793 2294 ἀλλά
814 2237 1111 2305 σάλπιγγος
1131 2237 1519 2307 λαμπροτέραν
1539 2237 1772 2309 ἀφίεμεν
1795 2240 1996 2308 φωνήν.

425 2333 537 2387 Καὶ
563 2332 664 2385 οὑκ
703 2326 877 2390 εἶπεν,
919 2326 1318 2398 Ἐκηρύξαμεν,
1373 2326 1509 2381 ἀλλά
1557 2329 1652 2380 καὶ
1697 2328 1791 2381 νῦν
1840 2328 2002 2381 Οὕτω

427 2423 813 2492 κηρύττομεν.
865 2418 976 2474 Καὶ
1033 2418 1223 2482 οὕτως
1267 2418 1682 2473 ἐπιστεύσατε.
1742 2419 2003 2473 Ἐνταῦθα

427 2513 529 2566 οὑκ
564 2507 706 2575 εἷπε,
738 2507 1052 2572 Πιστεύετε,
1086 2506 1223 2573 ἀλλ’,
1273 2507 1730 2562 Ἔπιστεύσατε.
1779 2507 2002 2579 Ἐπειδὴ

428 2599 763 2665 ἰσαλεύοντο,
792 2596 880 2650 διά
908 2594 1069 2648 τοῦτο
1095 2595 1188 2648 ἐπὶ
1218 2594 1345 2657 τοὺς
1373 2596 1487 2650 ἄνω
1521 2597 1750 2668 χρόνους
1775 2598 2003 2669 ἀνέδρα-

432 2704 522 2763 με,
544 2690 638 2743 καὶ
670 2690 771 2758 τὴν
812 2688 942 2758 παρ’
985 2685 1165 2741 αὐτῶν
1193 2686 1416 2739 ἐκείνων
1459 2686 1650 2740 λοιπὸν
1699 2689 2003 2761 μαρτυρίαν

430 2780 806 2853 προστίθησιν.
854 2780 922 2831 El
963 2776 1032 2830 δὲ
1065 2775 1316 2845 Χριστὸς
1362 2778 1763 2844 κηρύσσεται,
1811 2779 1901 2833 ὅτι
1934 2780 2003 2833 ἐκ

426 2870 657 2941 νεκρῶν
685 2870 1014 2940 ἐγήγερται,
1043 2867 1170 2932 πῶς
1203 2870 1496 2937 λέγουσιν
1539 2870 1610 2922 ἐν
1648 2870 1794 2939 ὑμῖν
1821 2888 2004 2937 τινες,

428 2958 519 3012 ὅτι
537 2956 873 3021 ἀνάστασις
891 2953 1119 3022 νεκρῶν
1138 2956 1249 3008 οὐκ
1270 2954 1474 3020 ἐστιν;
1499 2956 1662 3028 Ὁρᾷς
1677 2958 1795 3022 πῶς
1810 2960 2007 3030 ἄριστα

431 3046 826 3116 συλλογίζεται,
859 3045 956 3098 καὶ
988 3043 1337 3097 ἀποδείκνυσι
1367 3044 1468 3115 τὴν
1497 3046 1795 3101 ἀνάστασιν
1824 3050 1889 3101 ἐκ
1909 3047 2005 3102 τοῦ

430 3139 522 3194 τὸν
548 3138 784 3211 Χριστὸν
813 3133 1138 3207 ἐγηγέρθαι,
1164 3134 1431 3206 πρότερον
1460 3138 1638 3191 ἐκεῖνο
1668 3138 2000 3210 πολλαχόθεν

432 3228 887 3293 κατασκευάσας;
932 3226 1042 3281 Καὶ
1074 3226 1184 3297 7&9
1211 3230 1261 3281 οἱ
1303 3227 1579 3298 προφῆται
1620 3224 1775 3282 εἷπον
1824 3229 2004 3296 τοῦτο,

434 3321 590 3392 φησι,
620 3318 713 3374 καὶ
740 3317 903 3383 αὑτὸς
931 3315 1099 3382 ἔδειξε
1128 3319 1216 3371 διὰ
1252 3320 1351 3389 τῆς
1379 3316 1574 3389 ὅψεως,
1605 3321 1700 3373 καὶ
1727 3322 1891 3391 ἡμεῖς
1917 3341 2010 3394 κη-

436 3410 725 3484 ρύσσομεν,
776 3409 870 3464 καὶ⁵
910 3409 1069 3480 ὑμεῖς
1109 3410 1467 3464 ἐπιστεύσατε
1493 3452 1508 3475 ,
1568 3413 1881 3484 τετραπλῆν
1908 3415 2009 3484 τὴν

437 3500 909 3576 μαρτυρίαν
938 3501 1174 3562 πλέκων,
1201 3501 1299 3573 τὴν
1328 3502 1418 3555 διὰ
1437 3503 1546 3555 τῶν
1574 3504 1888 3573 προφητῶν,
1910 3504 2010 3576 τὴν

433 3594 522 3649 διά
550 3594 652 3665 τῆς
672 3593 781 3647 τῶν
807 3593 1149 3663 πραγμάτων
1172 3593 1471 3657 ἐκϐάσεως,
1499 3594 1599 3665 τὴν
1619 3594 1707 3649 διά
1734 3594 1843 3650 τῶν
1868 3598 2007 3650 ἀπο-

437 3683 662 3750 στόλων,
695 3683 794 3752 τὴν
817 3681 908 3734 διά
935 3681 1046 3734 τῶν
1073 3682 1350 3753 μαθητῶν⁵
1390 3683 1588 3753 μᾶλλον
1608 3685 1666 3738 δὲ
1692 3686 1787 3739 καὶ
1815 3702 2012 3740 πενταε-

438 3774 598 3844 πλῆν.
629 3773 740 3826 Καὶ
762 3772 871 3842 γὰρ
894 3773 987 3824 καὶ
1012 3772 1152 3840 αὕτη
1166 3774 1201 3841 ἡ
1225 3773 1373 3825 αἰτία
1394 3772 1632 3827 δείκνυσι
1652 3775 1752 3845 τὴν
1772 3777 2009 3830 ἀνάστα-

440 3879 549 3929 σιν,
601 3862 663 3915 τδ
710 3862 852 3932 ὑπὲρ
899 3861 1194 3932 ἀλλοτρίων
1248 3864 1532 3934 ἁμαρτιῶν
1581 3867 1890 3923 ἀποθανεῖν.
1947 3870 2010 3922 Et

439 3954 619 4008 τοίνυν
644 3952 805 4006 τοῦτο
833 3952 1234 4017 ἀποδέδεικται,
1256 3952 1479 4024 εὔδηλον
1510 3956 1592 4009 ὅτι
1621 3956 1717 4009 καὶ
1742 3958 1805 4011 τὺ
1823 3959 2011 4030 ἕτερον

439 4044 653 4110 ἕπεται,
679 4043 742 4096 τὺ
765 4044 861 4096 καὶ
897 4045 1023 4107 τοὺς
1056 4044 1278 4107 λοιποὺς
1315 4043 1625 4116 ἐγείρεσθαι
1651 4048 1898 4119 νεκρούς.
1921 4051 2012 4103 Διὸ

440 4136 536 4190 καὶ
581 4135 657 4199 ὡς
707 4131 800 4188 ἐπὶ
844 4134 1277 4206 ὁμολογουμένου
1309 4136 1528 4204 ἐγκαλεῖ
1569 4140 1663 4191 καὶ
1708 4142 2008 4212 ἐπαπορεῖ,

437 4224 630 4296 λέγων·
676 4228 720 4279 Ε
727 4228 746 4279 ι
788 4225 857 4279 δὲ
900 4226 1154 4294 Χριστὸς
1193 4224 1525 4297 ἐγήγερται,
1577 4229 1701 4297 πῶς
1759 4231 2012 4301 λέγουσι

437 4335 599 4385 τινες
629 4318 700 4372 ἐν
724 4317 890 4387 ὑμῖν,
920 4316 1008 4371 ὅτι
1051 4315 1391 4384 ἀνάστασις
1429 4320 1659 4388 νεκρῶν
1699 4324 1811 4376 οὐκ
1837 4322 2012 4386 ἐστι;

441 4409 732 4483 καὶταύτῃ
770 4409 931 4465 πάλιν
964 4411 1400 4481 ὑποτεμνόμενος
1428 4412 1527 4483 τὴν
1561 4412 1875 4485 θρασύτητα
1905 4417 2013 4469 τῶν

442 4500 849 4569 ἀντιλεγόντων.
883 4500 956 4552 Οὑ
983 4500 1092 4571 γάρ
1124 4494 1269 4564 εἷπε,
1300 4501 1424 4565 Πῶς
1448 4502 1633 4571 λέγετε
1656 4506 1833 4574 ὑμεῖς,
1854 4507 2011 4573 ἀλλά,

443 4588 578 4656 Πῶς
591 4588 841 4657 λέγουσι
860 4605 1018 4655 τινες
1046 4589 1118 4644 ἐν
1135 4592 1295 4660 ὑμῖν·
1326 4591 1420 4644 καὶ
1443 4591 1567 4645 οὔτε
1594 4595 1812 4647 πάντων
1844 4599 2015 4649 ποιεῖ-

443 4698 535 4735 ται
562 4680 661 4751 τὴν
682 4681 1034 4750 κατηγορίαν,
1070 4681 1195 4736 οὔτε
1223 4683 1421 4747 αὑτοὺς
1450 4683 1689 4749 τούτους,
1717 4685 1811 4749 οὓς
1841 4689 2014 4741 αἰτιᾶ-

438 4789 558 4836 ται,
591 4770 784 4841 δήλους
810 4764 1150 4842 καθίστησιν,
1181 4774 1320 4828 ὥστε
1352 4775 1427 4846 μὴ
1473 4776 1692 4846 ποιῆσαι
1723 4777 2016 4848 ἀναισχυν-

446 4861 721 4934 τοτέρους,
747 4860 856 4913 οὐδ’
878 4855 946 4914 αὖ
974 4860 1135 4915 πάλιν
1157 4861 1570 4933 ἀποκρύπτεται
1601 4862 1852 4926 καθόλου,
1874 4862 2016 4918 ὥστε

449 4952 646 5015 αὐτοὺς
672 4951 982 5022 διορθῶσαι.
1006 4951 1106 5005 Διά
1126 4951 1191 5023 δὴ
1209 4951 1366 5005 τοῦτο
1394 4954 1488 5006 καὶ
1506 4954 1804 5024 ἀποσχίσας
1821 4955 2018 5019 αὑτοὺς

450 5040 544 5093 τοῦ
589 5040 859 5110 πλήθους,
918 5041 1053 5113 πρὸς
1109 5041 1306 5105 αὐτοὺς
1359 5042 1672 5106 ἀποδύεται,
1728 5043 1899 5116 ταύτῃ
1957 5061 2017 5098 τε

450 5126 870 5199 ἀσθενεστέρους
902 5129 1071 5183 ποιῶν
1115 5130 1210 5183 καὶ
1261 5129 1688 5201 καταπλήττων,
1741 5133 1836 5186 καὶ
1887 5132 2017 5194 τοὺς

450 5216 644 5280 ἀλλους
668 5217 726 5271 ἐν
761 5222 873 5282 τοῖς
916 5220 1051 5291 πρὸς
1097 5220 1318 5284 τούτους
1353 5221 1528 5290 ἀγῶσι
1559 5222 1804 5293 κατέχων
1832 5224 2015 5293 ἀσφα-

449 5308 701 5380 λέστερον
741 5308 835 5361 ἐπὶ
875 5306 974 5373 τῆς
1017 5309 1295 5380 ἀληθείας,
1330 5312 1425 5364 καὶ
1450 5313 1549 5365 οὑκ
1575 5313 1736 5380 ἀφεὶς
1787 5313 2019 5377 αὐτομοι

510 5484 539 5514 ⁸
560 5480 711 5553 κει-ε.
735 5480 908 5553 δεινᾶς..
923 5482 1393 5553 διαφέρομαιειφθω
1413 5482 1678 5553 lgcgionem
1705 5485 1890 5537 mavult
1915 5485 2020 5535 Διι-

450 5544 597 5655 tia:
620 5541 900 5597 Diniausin
923 5541 1373 5594 Nolis’Savilia'nis.
1420 5544 1548 5595 Puto
1595 5554 1852 5609 utramque
1894 5560 2019 5609 qua-

1106 216 1164 272 s.
1205 213 1493 272 JOANNIS
1533 207 2025 270 cunvsosmm
2066 210 2389 271 ARCHIEP‘.
2432 200 2977 273 CONSTANTINOP.

3572 216 3679 271 534

2113 330 2269 402 λῆσαι
2310 332 2444 402 πρὸς
2490 335 2614 399 τοὺς
2651 334 2980 406 διαφθείρειν
3021 335 3217 398 αὐτοὺς
3251 331 3672 396 ἐσπουδακότας.

2112 421 2220 475 Καὶ
2247 422 2352 494 7&9
2389 425 2770 496 καταφορικῶς
2796 426 3238 498 παρεσκεύασται
3270 425 3579 497 χρήσασθαι
3607 425 3678 495 τῷ

2111 514 2274 585 λόγῳ.
2311 510 2443 570 Εἶτα
2476 517 2561 570 ἵνα
2594 517 2671 587 μὴ
2696 518 2948 586 λέγωσιν,
2973 521 3054 572 δτι
3079 516 3237 570 τοῦτο
3268 517 3367 588 μὲν
3398 516 3567 584 σαφὲς
3589 516 3680 569 καὶ

2109 604 2267 674 δῆλον
2299 605 2489 672 ἅπασι,
2536 606 2597 659 τὸ
2636 607 2726 660 τὸν
2756 608 2990 677 Χριστὸν
3018 608 3339 679 ἐγηγέρθαι,
3380 607 3478 660 καὶ
3509 606 3680 668 οὐδεὶς

2111 696 2460 766 ἀμφιϐάλλει·
2492 697 2552 752 οὐ
2591 698 2699 768 μὴν
2729 698 2885 751 τοῦτο
2918 699 3011 752 καὶ
3039 697 3099 751 τὸ
3127 698 3313 769 ἕτερον
3347 694 3679 763 συναναγκά-

2110 786 2214 850 ζει,
2246 785 2343 856 τὴν
2374 786 2481 839 τῶν
2512 787 2819 857 ἀνθρώπων
2864 788 3180 841 ἀνάστασιν·
3220 786 3282 840 τδ
3318 788 3418 856 μὲν
3451 787 3561 857 γάρ
3587 784 3680 839 καὶ

2111 878 2537 949 προανεφωνήθη
2575 878 2669 932 καὶ
2713 878 2874 948 ἐξέϐη
2926 880 3019 932 καὶ
3056 877 3409 949 ἐμαρτυρήθη
3459 875 3548 929 διά
3583 876 3683 945 τῆς

2108 966 2302 1035 ὂψεως,
2337 967 2400 1021 τὸ
2445 969 2544 1038 τῆς
2576 968 2670 1021 τοῦ
2722 969 2958 1040 Χριστοῦ
2991 970 3340 1032 ἀναστάσεως
3365 983 3378 996 ⁸
3419 968 3481 1020 τὸ
3510 967 3569 1021 δέ
3602 968 3681 1021 ετι

2109 1061 2167 1112 ἐν
2195 1058 2407 1112 ἐλπίσιν
2429 1061 2566 1127 ἐστὶ,
2591 1059 2956 1131 τὸήμέτερονο
2987 1061 3087 1130 δρα
3108 1060 3160 1112 τί
3181 1059 3343 1114 ποιεῖ·
3367 1061 3432 1112 ἐκ
3451 1059 3679 1129 θατέρου

2112 1146 2314 1217 μέρους
2341 1148 2502 1203 πάλιν
2525 1148 2655 1201 αὐτὸ
2678 1150 3102 1214 κατασκευάζει,
3133 1150 3271 1221 ὅπερ
3296 1148 3499 1220 πολλῆς
3525 1148 3678 1203 δυνά-

2110 1250 2258 1307 μεως
2287 1234 2377 1309 ἦν.
2406 1239 2470 1291 Τί
2495 1239 2606 1309 γὰρ
2643 1239 2883 1308 λέγουσι,
2931 1241 3082 1310 φησὶ,
3102 1241 3282 1307 τινὲς,
3315 1241 3399 1295 δτι
3429 1240 3531 1293 οὑκ
3562 1239 3677 1292 ἐστι

2107 1329 2319 1400 νεκρῶν
2354 1332 2649 1397 ἀνάστασις
2674 1349 2688 1399 ;
2718 1332 2914 1387 οὐκοῦν
2946 1332 3040 1385 καὶ
3071 1334 3247 1385 ἐκεῖνο
3277 1332 3438 1385 πάλιν
3467 1332 3533 1385 ἐκ
3559 1330 3676 1383 τού-

2107 1439 2199 1477 του
2227 1424 2518 1496 ἀνῄρηται,
2568 1426 2628 1480 τδ
2661 1426 2751 1479 τὸν
2803 1426 3037 1497 Χριστὸν
3083 1423 3405 1495 ἐγηγέρθαι.
3457 1423 3550 1476 Διὸ
3586 1423 3677 1476 καὶ

2108 1514 2304 1584 ἐπάγει
2335 1517 2528 1584 λέγων·
2552 1518 2619 1571 El
2640 1517 2707 1572 δὲ
2737 1519 3072 1582 ἀνάστασις
3102 1514 3333 1584 νεκρῶν
3354 1517 3469 1569 οὐκ
3489 1516 3678 1576 ἐστιν,

2107 1607 2252 1661 οὐδὲ
2278 1609 2533 1677 Χριστὸς
2560 1606 2886 1678 ἐγήγερται.
2936 1606 3090 1671 Εἶδες
3131 1608 3229 1677 τὴν
3265 1607 3406 1676 βίαν,
3454 1609 3552 1661 καὶ
3584 1610 3679 1680 τὴν

2109 1696 2443 1764 φιλονεικίαν
2493 1698 2704 1750 Παύλου
2756 1697 2854 1767 τὴν
2886 1698 3118 1767 ἄμαχον,
3175 1696 3291 1757 πῶς
3332 1697 3435 1751 οὑκ
3475 1698 3540 1750 ἐκ
3587 1698 3679 1752 τοῦ

2085 1787 2268 1857 ,δήλου
2304 1787 2464 1858 μόνου
2503 1788 2565 1840 τὸ
2605 1787 3096 1859 ἀμφιϐαλλόμενον,
3152 1786 3289 1840 ἀλλά
3342 1788 3436 1840 καὶ
3484 1791 3550 1841 ἐκ
3587 1788 3680 1842 τοῦ

2108 1880 2589 1950 ἀμφιϐαλλομένου
2617 1883 2730 1944 τοῖς
2762 1880 3105 1947 ἀντιλέγουσι
3132 1879 3273 1942 τέως
3299 1879 3473 1932 ἐκεῖνο
3497 1878 3561 1931 τὸ
3588 1880 3680 1949 δῆ-

2107 1972 2197 2025 λον
2226 1974 2484 2042 πειρᾶται
2523 1972 2936 2035 ἀποδεικνύναι;
2973 1971 3073 2023 οὑκ
3120 1969 3307 2039 ἐπειδὴ
3355 1970 3523 2022 ἐδεῖτο
3551 1971 3682 2023 ἀπο-

2107 2063 2324 2127 δείξεως
2376 2065 2437 2116 τὸ
2485 2063 2585 2134 ήδη
2625 2062 3021 2134 γεγενημένον,
3060 2061 3176 2114 ἀλλ’
3212 2061 3299 2115 ἵνα
3342 2059 3492 2131 δείξῃ
3523 2058 3683 2113 τοῦτο

2108 2150 2309 2221 ὁμοίως
2341 2151 2535 2221 ἐκείνῳ
2565 2150 2758 2204 πιστὸν
2789 2150 2868 2203 δν.

2183 2289 2246 2359 β’.
2268 2288 2378 2343 Καὶ
2400 2289 2528 2343 ποία
2555 2288 2694 2359 αὕτη
2723 2290 3031 2353 ἀκολουθία,
3055 2289 3188 2359 φησί
3208 2305 3221 2355 ;
3242 2287 3316 2342 Τὸ
3341 2287 3438 2358 μὲν
3463 2286 3568 2357 γὰρ
3593 2285 3683 2339 τοῦ

2109 2370 2346 2442 Χριστοῦ
2399 2370 2474 2443 μὴ
2530 2371 2870 2442 ἐγερθέντος,
2923 2372 3060 2441 μηδέ
3106 2371 3299 2434 ἄλλους
3349 2366 3684 2439 ἐγείρεσθαι,

2109 2455 2417 2509 ἀκόλουθον’
2453 2454 2515 2508 τὸ
2549 2455 2607 2507 δὲ
2638 2457 2686 2508 εί
2710 2455 2856 2510 ἄλλοι
2897 2457 2972 2526 μὴ
3006 2455 3301 2525 ἐγερθεῖεν,
3335 2453 3474 2523 μηδὲ
3499 2452 3685 2505 τοῦτον

2111 2537 2427 2608 ἐγηγέρθαι,
2461 2537 2578 2600 πῶς
2602 2536 2668 2590 ἂν
2697 2537 2809 2607 ἔχοι
2834 2536 2991 2605 λόγον
3022 2538 3179 2603 τινάς
3222 2535 3378 2589 Ἐπεὶ
3409 2531 3505 2588 οὖν
3529 2534 3687 2587 τοῦτο

2111 2623 2169 2674 οὑ
2208 2621 2412 2692 σφόδρα
2462 2620 2637 2674 ἐδόκει
2666 2620 2824 2689 λόγον
2875 2619 3039 2693 ἔχειν,
3091 2621 3194 2691 δρα
3243 2618 3359 2682 πῶς
3394 2617 3685 2689 ἐργάζεται

2112 2703 2242 2756 αὐτὸ
2266 2703 2533 2772 σφοδρῶς,
2552 2703 2759 2758 ἀνωθεν
2785 2702 2854 2755 τά
2875 2704 3170 2775 σπέρματα
3196 2702 3683 2773 προκαταϐἀλλων,

2112 2783 2263 2856 1564]
2293 2786 2388 2838 ἀπ’
2430 2785 2603 2854 αὐτῆς
2652 2784 2745 2838 τοῦ
2797 2784 3155 2855 κηρύγματος
3201 2784 3301 2854 τῆς
3351 2784 3685 2846 ὑποθέσεως.

2110 2864 2222 2920 οἷον
2252 2868 2334 2920 ὅτι
2365 2867 2506 2938 ὑπὲρ
2537 2867 2645 2920 τῶν
2687 2866 2974 2937 ἁμαρτιῶν
3016 2866 3174 2937 ήμῶν
3225 2865 3536 2919 ἀποθανὼν·
3562 2866 3690 2933 ἐγή-

2113 2966 2327 3019 γερται,
2362 2951 2456 3004 καὶ
2496 2949 2579 3002 δτι
2613 2950 2838 3021 ἀπαρχὴ
2887 2949 2997 3003 τῶν
3048 2949 3471 3020 κεκοιμημένων
3520 2947 3686 3002 ἐστίν.

2126 3032 2192 3085 Ἦ
2214 3024 2323 3105 γὰρ
2348 3031 2572 3102 ἀπαρχὴ
2623 3030 2770 3095 τίνος
2814 3032 2880 3084 ἂν
2914 3031 2997 3102 εῖη
3053 3032 3298 3101 ἀπαρχὴ,
3356 3032 3408 3083 εί
3461 3031 3536 3102 μὴ
3582 3030 3689 3086 τῶν

2116 3114 2513 3185 ἐγειρομένων;
2550 3113 2669 3176 πῶς
2704 3112 2750 3166 δ’
2782 3112 2850 3165 ἀν
2880 3114 2965 3183 εἴη
2992 3113 3234 3184 ἀπαρχὴ.
3263 3113 3363 3166 οὑκ
3404 3111 3690 3182 ἐγειρομέ-

2115 3215 2221 3252 νων
2253 3197 2480 3251 ἐκείνων
2507 3190 2582 3252 ὧν
2626 3199 2774 3250 ἐστιν
2813 3198 3072 3270 ἀπαρχή;
3109 3198 3227 3260 πῶς
3267 3194 3363 3250 οὖν
3396 3199 3497 3261 οὑκ
3542 3195 3691 3267 ἐγεί-

2118 3295 2338 3351 ρονται;
2369 3281 2419 3332 εί
2447 3279 2502 3333 δὲ
2548 3279 2648 3331 οὑκ
2693 3280 3018 3350 ἐγείρονται,
3049 3279 3139 3333 διὰ
3166 3279 3218 3333 τί
3257 3279 3470 3348 ἠγέρθη
3507 3280 3536 3332 δ
3563 3280 3692 3349 Χρι-

2118 3360 2274 3429 στός;
2303 3361 2391 3415 διά
2432 3361 2485 3414 τί
2525 3356 2692 3432 ἦλθες
2723 3362 2810 3416 διά
2856 3362 2910 3415 τί
2964 3362 3143 3433 σάρκα
3197 3361 3482 3422 ἀνέλαϐεν,
3517 3362 3567 3414 εί
3621 3361 3693 3431 μὴ

2116 3445 2340 3515 ἔμελλεν
2363 3445 2689 3514 ἀναστήσειν
2717 3443 2926 3514 σάρκας
2949 3445 3008 3495 οὑ
3034 3444 3142 3513 γάρ
3164 3444 3333 3496 ἐδεῖτο
3352 3443 3538 3509 αὐτὸς,
3562 3443 3694 3496 ἀλλά

2116 3529 2183 3582 δι’
2212 3528 2381 3600 ἡμᾶς.
2423 3526 2584 3580 Ἀλλά
2613 3525 2785 3580 ταῦτα
2818 3527 2916 3595 μὲν
2956 3525 3181 3597 ὕστερον
3226 3525 3410 3597 τίθησι
3462 3525 3690 3596 προῖὼν,

2117 3612 2253 3675 τέως
2303 3609 2362 3663 δέ
2408 3626 2593 3681 φησιν’
2618 3612 2690 3663 El
2741 3609 2942 3676 νεκροὶ
2997 3611 3109 3662 οὐκ
3159 3609 3507 3679 ἐγείρονται,
3549 3606 3695 3661 οὐδὲ

2116 3692 2371 3762 Χριστὸς
2401 3692 2730 3762 ἐγήγερταν
2761 3693 2835 3754 ὡς
2868 3690 3075 3745 ἐκείνου
3104 3690 3280 3762 τούτῳ
3321 3690 3689 3759 συνημμένου·

2118 3779 2167 3830 εί
2201 3777 2308 3847 7&9
2344 3776 2420 3846 μὴ
2450 3776 2674 3845 ἔμελλεν
2701 3774 3041 3839 ἀνίστασθαι,
3065 3775 3176 3828 οὐδ’
3205 3777 3272 3829 ἀν
3297 3777 3470 3829 ἐκεῖνο
3496 3774 3692 3845 ἐποίη-

2120 3877 2232 3913 σεν.
2259 3856 2412 3921 Εἶδες
2436 3858 2580 3913 κατὰ
2616 3858 2809 3929 μικρὸν
2830 3858 2957 3927 δλην
2988 3858 3087 3930 τὴν
3125 3858 3434 3930 οίκονομίαν
3460 3857 3693 3928 ἀνατρεο

2120 3941 2362 4012 πομένην
2389 3943 2454 3995 ἐκ
2481 3942 2590 3995 τῶν
2622 3941 2846 3994 ἐκείνων
2880 3941 3140 4012 ῥημάτων
3171 3941 3265 3995 καὶ
3308 3942 3407 4011 τῆς
3437 3941 3569 4010 περὶ
3591 3940 3692 4010 τὴν

2119 4026 2415 4080 ἀνάστασιν
2468 4024 2761 4089 ἀπιστίας;
2810 4025 2971 4079 Ἀλλά
3020 4025 3159 4087 τέως
3205 4024 3363 4078 οὐδὲν
3410 4026 3539 4094 περὶ
3591 4028 3693 4095 τῆς

2123 4105 2450 4177 σαρκῶσεως
2496 4108 2667 4175 λέγει,
2713 4106 2848 4161 άλλά
2882 4107 3027 4177 περὶ
3075 4108 3175 4176 τῆς
3208 4106 3582 4170 ἀναστάσεως.
3615 4108 3692 4161 Οὐ

2119 4191 2230 4261 γὰρ
2248 4190 2309 4244 τὸ
2342 4189 2710 4262 σαρκωθῆναι,
2749 4187 2887 4241 ἀλλά
2917 4188 2977 4242 τὸ
3004 4189 3297 4242 ἀποθανεῖν
3332 4188 3425 4241 τὸν
3462 4187 3693 4242 θάνατον

2121 4273 2331 4326 ἔλυσενθ
2365 4275 2487 4326 ἐπεὶ
2531 4273 2708 4342 σάρκα
2753 4270 2986 4342 ἔχοντος,
3019 4271 3102 4325 ἐτι
3132 4271 3353 4341 ἐκράτει
3377 4273 3410 4340 ή
3439 4271 3693 4342 τυραννὶς

2121 4355 2153 4425 ἡ
2194 4354 2423 4409 ἐκείνου.
2459 4355 2529 4407 El
2574 4352 2643 4406 δὲ
2688 4353 2942 4421 Χριστὸς
2984 4355 3097 4407 οὐκ
3138 4353 3471 4423 ἐγήγερται,
3513 4352 3695 4406 κενὸν

2120 4437 2235 4506 ἄρα
2290 4436 2358 4491 τὸ
2416 4437 2692 4506 κήρυγμα
2724 4434 2910 4505 ἡμῶν.
2970 4436 3161 4489 Καίτοι
3198 4453 3261 4505 γε
3295 4434 3587 4488 ἀκόλουθον
3625 4430 3693 4504 ἦν

2122 4522 2313 4574 εἰπεῖν’
2351 4520 2415 4572 Et
2445 4518 2503 4571 δέ
2527 4519 2761 4590 Χριστὸς
2802 4518 2902 4572 οὐκ
2943 4518 3258 4589 ἐγήγερται,
3293 4518 3409 4581 τοῖς
3438 4520 3695 4587 φανεροξ

2126 4601 2363 4672 μάχεσθε
2397 4604 2494 4654 καὶ
2538 4603 2843 4672 προφήταις
2896 4601 3168 4664 τοσούτοις
3213 4602 3307 4654 καὶ
3353 4601 3695 4671 πραγμάτων

2123 4684 2369 4756 ἀληθεία·
2404 4684 2540 4738 ἀλλά
2568 4684 2629 4738 τὸ
2656 4683 2838 4754 πολλῷ
2870 4684 3244 4755 φοϐερώτερον
3276 4684 3458 4746 αὐτοῖς
3487 4683 3690 4752 τίθησι·

2127 4766 2317 4820 Κενὸν
2358 4764 2473 4834 ἄρα
2507 4764 2576 4820 τὸ
2611 4767 2883 4836 κήρυγμα
2938 4765 3127 4834 ἡμῶν,
3189 4764 3337 4832 κενὴ
3385 4761 3455 4817 δὲ
3501 4765 3599 4818 καὶ
3654 4767 3692 4831 ἠ

2124 4849 2331 4914 πίστις
2359 4846 2548 4917 ὑμῶν.
2588 4850 2925 4902 Κατασείσαι
2955 4850 3065 4920 γάρ
3110 4848 3289 4902 αὐτῶν
3325 4848 3422 4918 τὴν
3454 4846 3693 4901 διάνοιαν

2128 4931 2396 5000 βούλεται.
2421 4932 2495 4984 Τὸ
2517 4931 2627 4985 πᾶν
2658 4931 3046 5000 ἀπωλέσαμεν,
3079 4933 3263 5000 φησὶν,
3302 4930 3519 4984 ἅπαντα
3550 4929 3688 4999 οῖχε-

2125 5032 2236 5082 ται,
2266 5015 2317 5068 εί
2362 5013 2436 5084 μὴ
2487 5013 2715 5084 ἠγέρθη.
2750 5008 2902 5076 Εἶδες
2953 5014 3074 5067 ὅσον
3123 5013 3225 5083 τῆς
3274 5014 3583 5083 οἰκονομίας
3634 5011 3694 5064 τὸ

2129 5103 2457 5174 μυστήριον;
2490 5103 2552 5155 Εἰ
2574 5101 2682 5173 γάρ
2701 5101 2986 5156 ἀποθανὼν
3008 5105 3106 5156 οὐκ
3133 5106 3352 5173 ἴσχυσεν
3374 5101 3689 5171 ἀναστῆναι,

2126 5185 2250 5238 οὔτε
2286 5187 2319 5256 ή
2349 5186 2591 5255 ἁμαρτία
2623 5186 2860 5252 λέλυται,
2892 5185 3015 5239 οὔτε
3045 5190 3073 5241 ό
3101 5188 3331 5250 θάνατος
3362 5186 3689 5258 καθῄρηται,

2126 5269 2248 5322 οὔτε
2304 5270 2337 5339 ἡ
2391 5270 2606 5339 κατάρα
2658 5268 2948 5341 ἀνῄρηται,
2984 5270 3078 5324 καὶ
3118 5270 3217 5341 οὐχ
3244 5271 3408 5341 ἡμεῖς
3438 5268 3496 5321 δὲ
3538 5267 3689 5339 μόνον

2127 5351 2262 5406 κενά
2294 5350 2662 5423 ἐκηρύξαμεν,
2693 5352 2828 5405 άλλά
2858 5354 2952 5406 καὶ
2982 5353 3138 5423 ὑμεῖς
3159 5352 3295 5406 κενά
3313 5350 3690 5406 ἐπιστεύσατε.

2131 5433 2239 5487 Καὶ
2265 5433 2326 5486 οὑ
2348 5433 2522 5505 ταύτῃ
2549 5434 2707 5504 μόνον
2726 5434 2965 5489 δείκνυσι
2985 5435 3082 5504 τὴν
3104 5434 3338 5489 ἀτοπίαν
3358 5433 3567 5489 τούτων
3586 5432 3693 5486 τῶν

2128 5514 2379 5584 πονηρῶν
2402 5516 2709 5587 δογμάτων,
2756 5515 2895 5571 ἀλλά
2926 5520 3017 5571 καὶ
3053 5517 3453 5584 ἐπαγωνίζεται
3499 5516 3693 5584 λέγων’

2129 5603 2541 5670 Εὐρισκόμεθιι
2586 5602 2652 5655 δὲ
2706 5604 2803 5658 καὶ
2852 5601 3337 5680 ψευδομάρτυρες
3379 5602 3494 5659 τοῦ
3521 5599 3691 5684 θεοᾷ,
