4018 6156
367 373 481 429 333

371 501 587 561 quoque
617 486 669 538 in
696 484 883 539 eodem
907 488 1153 537 cernatur
1182 477 1369 534 ordine
1403 496 1417 532 :
1449 478 1528 531 sic
1552 472 1696 531 enim
1742 474 1948 528 condu-

374 581 533 635 cibile
561 586 676 649 erat
707 573 1087 646 praedicationi.
1126 570 1485 641 Quamobrem
1518 568 1679 621 ambo
1706 566 1956 621 similiter

377 671 426 725 ei
471 668 646 724 studio
673 666 921 730 luerunt,
965 674 1021 718 ut
1050 678 1150 719 nec
1179 663 1293 732 ipse
1335 659 1611 715 videretur
1651 672 1745 712 eos
1771 656 1952 726 deSpi-

377 776 504 816 cere
525 801 539 823 ,
573 768 625 814 et
654 774 719 813 ne
743 765 960 827 propter
986 754 1246 809 honorem
1278 752 1407 822 ipsis
1437 751 1693 805 collatum
1725 749 1952 818 vilipen-

376 853 591 907 deretur
610 848 780 913 abiis,
813 848 901 918 qui
924 856 1079 904 erant
1103 845 1203 916 ipsi
1224 844 1472 913 subjecti.
1497 842 1788 912 Propterea
1815 854 1953 894 nunc

375 959 585 1014 quoque
614 957 673 997 se
701 949 984 1012 exmquat,
1032 955 1220 995 rursus
1262 938 1452 993 dicens
1483 953 1496 989 :
1531 936 1649 990 Sive
1674 952 1765 1007 ego
1789 976 1805 1001 ,
1855 934 1955 987 sive

375 1038 452 1091 illi
475 1077 491 1099 .
522 1037 594 1090 sic
621 1035 977 1106 prtcdicamus.
1019 1033 1065 1087 A
1097 1046 1205 1102 quo
1230 1073 1244 1096 ,
1279 1030 1448 1101 inquit
1473 1070 1488 1094 ,
1520 1027 1681 1081 vultis
1707 1025 1913 1080 discere
1934 1065 1950 1091 ,

373 1128 602 1194 discite;
632 1125 764 1181 nihil
790 1124 1110 1180 diﬁerimus.
1144 1122 1212 1177 Et
1238 1139 1342 1177 non
1369 1121 1542 1186 dixit,
1573 1119 1627 1175 Si
1660 1135 1765 1173 non
1792 1118 1952 1172 vultis

375 1219 502 1275 mihi
529 1218 751 1274 credere
771 1259 787 1284 ,
818 1218 923 1272 illis
950 1216 1189 1282 credite;
1220 1215 1314 1270 sed
1340 1224 1393 1270 et
1421 1213 1654 1282 seipsum
1687 1211 1817 1267 facit
1848 1210 1953 1266 ﬁde

371 1315 620 1381 dignum,
648 1318 704 1365 et
731 1324 825 1379 per
849 1324 909 1364 se
933 1308 1061 1364 dicit
1088 1308 1356 1371 sufﬁcere,
1386 1315 1440 1362 et
1460 1307 1580 1361 illos
1606 1321 1701 1375 per
1728 1319 1788 1360 se
1816 1306 1950 1359 satis

370 1418 517 1460 esse.
566 1401 710 1457 Nihil
753 1403 893 1455 enim
938 1400 1162 1455 faciebat
1207 1414 1554 1469 personarum
1604 1396 1903 1452 differentia
1932 1436 1948 1460 ,

369 1508 494 1549 cum
523 1508 619 1562 par
645 1500 787 1547 esset
816 1492 1123 1546 auctoritas.
1167 1490 1334 1545 Porro
1366 1491 1466 1567 hoc
1495 1504 1708 1560 quoque
1740 1488 1863 1542 facit
1897 1488 1949 1541 in

372 1583 615 1654 Epistola
656 1583 725 1637 ad
751 1581 960 1639 Galatas
985 1623 1000 1648 ,
1031 1598 1128 1637 ens
1175 1598 1455 1637 assumens
1482 1624 1497 1648 ,
1540 1598 1645 1636 non
1679 1592 1946 1651 tamquam

369 1676 450 1730 cis
480 1674 723 1743 indigens
747 1715 761 1737 ,
814 1675 908 1727 sed
948 1689 1006 1728 se
1035 1689 1246 1743 quoque
1274 1673 1457 1727 dicens
1488 1672 1735 1727 sufﬁcere
1765 1691 1778 1727 :
1815 1670 1948 1725 Mihi

368 1767 503 1820 enim
529 1768 616 1836 qui
638 1763 952 1832 videbuntur,
981 1766 1150 1835 inquit
1174 1806 1189 1830 ,
1223 1781 1326 1818 esse
1353 1764 1568 1835 aliquid,
1608 1764 1738 1818 nihil
1766 1772 1946 1818 contu-

369 1859 535 1912 lerunt
561 1858 577 1924 (
607 1853 723 1909 Gal.
752 1856 805 1910 2.
837 1855 933 1928 6).
976 1856 1355 1910 Verumtamen
1400 1856 1479 1911 sic
1520 1871 1731 1926 quoque
1759 1869 1944 1910 eorum

369 1962 564 2017 sequor
587 1945 925 2000 concordiam
951 1955 1005 2001 et
1031 1946 1437 2001 consensionem
1468 1963 1482 2000 :
1513 1945 1755 2001 Dexteras
1776 1945 1942 2012 enim,

361 2040 569 2108 inquit,
601 2040 724 2092 mihi
760 2040 1004 2092 dederunt
1038 2038 1057 2108 (
1079 2037 1217 2092 Ibid.
1246 2053 1293 2091 v.
1323 2038 1392 2093 29
1493 2038 1624 2093 Nam
1648 2039 1693 2094 si
1723 2053 1946 2094 necesse

357 2141 546 2196 esset,
577 2140 633 2184 ut
666 2131 813 2185 Pauli
858 2129 993 2186 ﬁdes
1038 2141 1093 2186 et
1137 2131 1426 2186 auctoritas
1474 2132 1528 2185 in
1572 2132 1690 2186 aliis
1718 2140 1863 2187 esset
1890 2141 1946 2187 et

353 2223 573 2276 illorum
619 2221 931 2299 testimonio,
965 2223 1258 2285 niteretur,
1310 2221 1501 2276 damna
1534 2222 1943 2278 innumerabilia

348 2313 483 2368 hinc
500 2315 830 2382 accepissent
852 2313 1115 2383 discipuli.
1146 2313 1259 2368 Non
1284 2314 1385 2368 hoc
1411 2330 1539 2385 ergo
1562 2313 1685 2370 facit
1704 2316 1941 2384 scipsum

345 2404 620 2459 extollens
642 2445 659 2471 ,
693 2404 787 2459 sed
821 2405 1015 2459 timens
1042 2406 1340 2476 evangelio.
1383 2407 1671 2476 Propterea
1702 2407 1788 2460 hic
1813 2422 1944 2476 quo-

342 2512 459 2566 que
485 2497 651 2563 dicit,
679 2496 913 2566 seipsum
941 2513 1230 2567 exequalis
1261 2515 1273 2550 :
1307 2498 1429 2552 Sive
1454 2515 1564 2569 ego,
1598 2499 1702 2551 sive
1725 2498 1804 2551 illi
1830 2540 1845 2563 ,
1869 2501 1943 2553 sic

341 2587 711 2659 praedicamus.
754 2585 985 2643 Pulchre
1037 2589 1210 2649 dixit,
1260 2587 1643 2653 Prwdicanms,
1694 2604 1940 2658 magnam

339 2677 646 2734 ostendens
668 2677 916 2733 ﬁduciam
944 2692 1007 2733 ac
1036 2677 1285 2750 loquendi
1310 2679 1634 2734 libertatem.
1660 2678 1774 2734 Non
1799 2681 1939 2734 enim

338 2775 490 2828 clam
520 2787 693 2841 neque
722 2772 775 2825 in
804 2773 1053 2836 occulto,
1102 2771 1194 2825 sed
1251 2771 1373 2825 tuba
1418 2771 1700 2826 clariorem
1754 2787 1939 2826 vocem

343 2863 668 2920 emittimus.
704 2863 887 2932 Neque
934 2862 1105 2929 dixit,
1154 2863 1608 2927 Prmdicavimus,
1664 2863 1757 2919 sed
1802 2879 1945 2917 nunc

343 2973 567 3028 quoque
597 2958 687 3012 Sic
728 2959 1090 3026 prwdicamus.
1129 2955 1195 3010 Et
1228 2959 1300 3011 sic
1345 2958 1647 3011 credidistis.
1693 2957 1790 3011 llic
1834 2973 1941 3010 non

343 3050 521 3115 dixit,
551 3048 782 3104 Creditis
801 3090 818 3116 ,
851 3047 977 3112 sed,
1005 3049 1329 3103 Cretlidistis.
1369 3050 1631 3115 Quoniam
1666 3048 1936 3115 lababant,

344 3140 474 3194 ideo
500 3138 565 3193 ad
593 3139 870 3206 superiora
902 3139 1129 3192 recurrit
1163 3149 1403 3207 tempora
1430 3179 1445 3203 ,
1475 3150 1527 3194 et
1554 3138 1621 3193 de
1649 3149 1846 3193 caetero
1872 3138 1940 3192 ab

346 3231 412 3284 iis
463 3230 594 3298 ipsis
639 3228 786 3282 addit
834 3229 1214 3284 testimonium.
1260 3228 1350 3284 12.
1393 3230 1454 3285 Si
1503 3239 1669 3282 autent
1710 3230 1941 3284 Christus

348 3322 662 3391 pradicatur
684 3321 820 3391 quod
845 3322 1119 3376 resurrexit
1139 3339 1171 3375 a
1193 3324 1426 3385 mortuis.
1454 3321 1704 3391 quomodo
1730 3324 1939 3391 quidam

350 3418 531 3469 dicunt
554 3417 607 3468 in
630 3415 765 3469 vobis
803 3414 937 3486 quod
976 3416 1282 3470 resurrectio
1330 3426 1643 3470 mortuorum
1678 3432 1779 3469 non
1822 3417 1939 3470 est?

354 3511 549 3571 Viden‘
578 3511 842 3581 quomodo
886 3511 1088 3582 Optime
1134 3512 1484 3566 ratiocinatur
1522 3519 1577 3566 et
1604 3510 1940 3565 demonstrat

348 3603 805 3661 resurrectionem
830 3619 891 3659 ex
922 3620 987 3661 eo
1018 3603 1163 3674 quod
1219 3603 1466 3658 Christus
1515 3603 1585 3658 sit
1632 3603 1892 3657 excitatus
1919 3643 1935 3669 ,

345 3711 474 3751 cum
506 3709 571 3750 es
600 3693 782 3749 multis
804 3693 928 3750 illud
959 3696 1105 3765 prius
1134 3692 1550 3749 conﬁrmasset?
1575 3693 1706 3749 Nam
1733 3700 1787 3748 et
1814 3708 1939 3763 pro-

346 3787 556 3857 phetaz,
598 3786 801 3856 inquit,
851 3786 954 3842 hoc
980 3785 1250 3851 dixerunt,
1306 3795 1361 3840 et
1404 3785 1518 3856 ipse
1566 3785 1803 3841 ostendit
1846 3800 1938 3855 per

345 3879 612 3935 visionem
632 3918 651 3943 ,
704 3885 762 3932 et
803 3891 902 3933 nos
933 3877 1286 3947 prmdicamus
1312 3917 1330 3943 ,
1378 3887 1432 3932 et
1468 3892 1565 3931 vos
1593 3875 1896 3931 credidistis
1919 3916 1935 3941 ,

342 3970 682 4040 quadruplex
700 3977 1025 4024 connectens
1048 3969 1409 4023 testimonium
1452 3985 1464 4020 :
1496 3968 1637 4039 quod
1667 3967 1938 4023 ferebatur

346 4078 442 4132 per
469 4060 765 4132 prophetas
784 4101 800 4127 ,
827 4060 968 4131 quod
1001 4076 1094 4130 per
1124 4076 1301 4115 rerum
1331 4071 1579 4115 eventum
1601 4101 1616 4124 ,
1666 4060 1806 4130 quod
1842 4075 1937 4129 per

344 4155 649 4224 apostolos,
677 4153 816 4224 quod
839 4168 932 4224 per
947 4152 1233 4222 discipulos
1258 4153 1373 4215 ςγδι
1399 4153 1573 4222 potius
1600 4150 1931 4222 quintuplex.

345 4246 482 4309 Nam
534 4245 649 4315 ipsa
703 4260 917 4316 quoque
962 4259 1121 4299 causa
1167 4244 1402 4299 ostendit
1448 4246 1933 4310 resurrectionem,

345 4355 544 4408 nempe
568 4337 711 4408 quod
732 4340 802 4394 sit
827 4347 1068 4393 mortuus
1089 4352 1185 4408 pro
1204 4338 1431 4391 aliorum
1456 4339 1705 4403 peccatis.
1728 4336 1783 4393 Si
1809 4353 1937 4408 ergo

348 4430 451 4486 hoc
501 4431 930 4486 demonstratum
979 4431 1115 4496 fuit,
1180 4430 1355 4500 palam
1398 4440 1482 4486 est
1524 4430 1664 4502 quod
1709 4430 1936 4485 alterum

347 4537 565 4594 quoque
613 4531 899 4592 sequatur;
957 4532 1184 4578 ctcteros
1235 4523 1400 4578 etiam
1429 4534 1665 4578 mortuos
1691 4524 1934 4579 excitari.

349 4612 476 4666 ldeo
498 4623 769 4682 tamquam
789 4612 855 4667 de
876 4627 943 4667 eo
964 4612 1105 4682 quod
1134 4612 1185 4665 in
1208 4611 1456 4668 confesso
1467 4622 1550 4668 est
1571 4613 1935 4683 reprehendit,

345 4716 399 4759 et
426 4702 652 4757 dubium
682 4713 896 4770 movet,
946 4704 1132 4758 dicens
1160 4721 1174 4756 :
1210 4703 1270 4759 Si
1301 4714 1465 4758 autent
1494 4704 1725 4760 Christus
1762 4722 1936 4760 resur-

349 4796 504 4859 rexit,
534 4796 789 4866 quomodo
813 4796 1021 4862 quidam
1045 4796 1221 4850 dicunt
1248 4798 1302 4850 in
1327 4798 1464 4851 vobis
1490 4799 1625 4869 quod
1646 4799 1938 4853 resurrectio

351 4900 672 4942 mortuorum
715 4906 816 4943 non
865 4889 978 4944 est?
1015 4890 1117 4944 hac
1155 4903 1367 4959 quoque
1408 4891 1614 4946 ratione
1658 4900 1941 4961 amputans

352 4980 699 5051 asperitatem
725 4995 911 5034 eorum
938 4981 1028 5050 qui
1050 4980 1442 5035 contradicunt.
1472 4981 1584 5035 Non
1614 4981 1756 5035 enim
1784 4982 1936 5047 dixit,

351 5072 638 5141 Quomodo
661 5073 836 5128 dicitis
859 5088 954 5128 vos
979 5091 993 5137 ;
1020 5073 1134 5140 sed,
1163 5073 1425 5140 Quomodo
1446 5074 1616 5128 dicunt
1637 5076 1837 5145 quidam
1862 5075 1914 5128 in

353 5163 494 5218 vobis
512 5180 535 5218 ε
561 5171 618 5218 et
642 5178 814 5232 neque
838 5178 1025 5217 omnes
1051 5172 1266 5218 accusat
1283 5205 1296 5225 ,
1328 5179 1500 5233 neque
1523 5180 1614 5219 eos
1642 5165 1785 5233 ipsos
1807 5180 1941 5234 quos

356 5261 577 5309 accusat
598 5293 614 5318 ,
649 5253 825 5308 reddit
843 5255 1183 5318 manifestos,
1215 5269 1282 5308 ne
1312 5270 1406 5309 eos
1434 5253 1629 5309 efﬁciat
1660 5254 1934 5325 impuden-

359 5345 528 5399 tiores
551 5360 567 5409 ;
598 5358 773 5414 neque
798 5359 989 5399 rursus
1013 5345 1152 5399 celat
1179 5346 1407 5416 penitus,
1440 5357 1497 5401 ut
1520 5347 1664 5416 ipsos
1688 5347 1942 5416 corrigat.

360 5436 653 5506 Propterea
697 5451 818 5490 cum
850 5445 904 5491 et
939 5451 1035 5491 eos
1061 5447 1359 5506 separasset
1383 5453 1413 5491 a
1451 5439 1792 5493 multitudine
1815 5480 1830 5504 ,
1876 5439 1942 5493 ad

362 5525 770 5595 disceptandum
802 5542 921 5581 cum
950 5528 1028 5582 eis
1053 5528 1371 5597 accingitur,
1405 5529 1503 5583 hac
1529 5530 1738 5584 ratione
1767 5540 1821 5585 et
1848 5545 1942 5585 eos

366 5618 597 5673 reddens
627 5618 1001 5696 imbecilliores
1027 5627 1081 5674 et
1105 5619 1530 5689 obstupefaciens
1556 5663 1572 5688 ,
1618 5631 1673 5678 et
1713 5624 1847 5677 alios
1892 5623 1943 5676 in

367 5708 724 5776 suscipiendis
769 5709 1027 5766 adversus
1071 5724 1166 5765 eos
1215 5712 1594 5767 certaminibus
1636 5713 1841 5768 ﬁrmius
1881 5730 1943 5769 ac

367 5797 613 5853 stabilius
647 5800 928 5856 continens
970 5800 1023 5855 in
1075 5800 1296 5857 veritate
1321 5842 1335 5869 ,
1378 5817 1475 5857 nec
1515 5804 1693 5859 siueus
1738 5814 1795 5859 ut
1836 5805 1934 5874 ipsi

1356 361 1421 417 IN
1461 356 1674 417 EPIST.
1717 357 1737 412 1
1800 355 2083 413 AD'COR.
2126 356 2356 414 HOMIL.
2398 361 2642 419 XXXlX.

3539 368 3642 425 53‘

2064 474 2413 545 transfugiant
2454 477 2522 533 ad
2550 494 2645 534 eos
2669 481 2757 549 qui
2787 480 3021 536 studium
3065 490 3359 550 posuerunt
3405 491 3461 534 ut
3493 482 3641 550 ipsos

2060 578 2482 638 corrumperent.
2516 571 2740 627 Paratus
2765 573 2907 627 enim
2929 583 3032 639 est,
3061 583 3119 628 ut
3142 573 3195 628 in
3213 588 3309 628 eos
3334 573 3638 628 vehementi

2061 659 2261 730 impetu
2289 664 2548 716 orationis
2576 662 2797 720 feratur.
2828 666 3045 721 Deinde
3072 682 3140 721 ne
3169 666 3350 721 dicant
3381 666 3485 720 huc
3511 666 3637 731 qni-

2060 750 2179 805 dem
2231 767 2352 808 esse
2397 755 2617 811 evidens
2663 765 2717 810 ct
2763 758 3012 813 omuilms
3066 759 3440 821 manifestum,
3497 758 3637 827 quod

2059 845 2300 901 Christus
2315 851 2686 913 resurrexerit,
2705 860 2755 904 et
2775 851 3039 905 nemiuem
3053 851 3317 916 dubitare,
3338 867 3443 904 non
3461 860 3637 905 tamen

2059 934 2163 990 hoc
2193 938 2498 992 necessario
2526 955 2736 1010 quoque
2767 942 2993 996 alterum
3027 941 3241 997 elticere
3266 985 3281 1006 ,
3318 959 3509 1008 nempe
3536 943 3630 994 ho-

2060 1028 2264 1083 minuut
2310 1032 2940 1086 resurrectionemznam
2990 1033 3129 1104 quod
3160 1034 3225 1086 ad
3277 1034 3472 1088 Curiin
3513 1035 3634 1102 qui-

2058 1117 2179 1173 dem
2232 1120 2456 1176 attineat
2511 1123 2992 1189 resurrectionem,
3052 1139 3115 1177 ea
3173 1134 3228 1179 et
3286 1125 3382 1179 fuit
3440 1127 3636 1195 praedi.

2058 1221 2139 1266 cta
2167 1254 2181 1274 ,
2228 1221 2282 1266 et
2334 1214 2530 1277 evenit,
2564 1225 2618 1269 et
2650 1229 2743 1284 per
2771 1217 3134 1271 testimonium
3164 1218 3383 1274 visionis
3413 1228 3497 1273 est
3524 1236 3637 1288 pro-

2057 1304 2173 1359 bata
2208 1321 2224 1371 ;
2272 1313 2451 1358 nostra
2479 1317 2656 1360 autem
2690 1308 3016 1364 resurrectio
3060 1308 3233 1361 adhuc
3278 1309 3328 1361 itt
3378 1324 3473 1377 spe
3520 1322 3632 1375 est;

2055 1399 2175 1455 vide
2216 1401 2341 1472 quid
2391 1401 2515 1456 facit
2546 1420 2559 1455 :
2589 1418 2652 1457 ex
2683 1403 2847 1458 altera
2881 1415 3031 1473 parte
3077 1418 3264 1459 rursus
3303 1404 3354 1457 id
3400 1404 3590 1473 prohat
3616 1447 3632 1468 ,

2054 1492 2195 1562 quod
2242 1509 2460 1562 magnas
2506 1493 2736 1549 habebat
2789 1496 2950 1550 vires.
2992 1495 3127 1560 Quid
3183 1497 3324 1549 enim
3352 1537 3366 1556 ,
3425 1496 3635 1564 inquit,

2054 1583 2233 1637 dicunt
2262 1585 2500 1653 quidam.
2527 1584 2668 1655 tpmd
2689 1601 2792 1639 non
2815 1596 2896 1641 est
2928 1596 3256 1640 mortuorum
3289 1587 3637 1641 resurrectio?

2051 1692 2179 1748 ergo
2201 1679 2327 1731 illtnl
2349 1695 2558 1748 quoque
2585 1696 2653 1735 ex
2674 1679 2774 1734 hoc
2796 1689 2879 1734 est
2904 1680 3193 1741 sublatum,
3222 1681 3361 1749 quod
3389 1679 3634 1734 Christus

2053 1771 2425 1823 resnrrexerit.
2481 1771 2545 1823 Et
2595 1770 2717 1824 ideo
2760 1770 3070 1841 subjungit,
3123 1771 3308 1824 dicens
3357 1788 3371 1823 :
3422 1771 3509 1826 l5.
3570 1770 3634 1825 Si

2050 1868 2219 1911 autem
2248 1862 2546 1913 resurrectio
2587 1873 2897 1914 mortuorum
2936 1878 3037 1914 non
3062 1871 3136 1915 est
3159 1902 3174 1927 ,
3205 1877 3362 1931 neque
3401 1860 3631 1915 Christus

2048 1953 2345 2006 resurrexit.
2374 1952 2617 2007 Vidistin’
2640 1954 2788 2008 Pauli
2821 1953 3130 2009 violentiam
3155 1962 3211 2008 et
3230 1951 3630 2008 contentionem

2051 2047 2539 2117 inexpugnabilem,
2570 2047 2838 2118 quomodo
2860 2062 2965 2102 non
2993 2063 3060 2102 ex
3088 2061 3154 2101 co
3183 2046 3358 2101 solum
3381 2044 3523 2116 quod
3550 2056 3632 2099 est

2049 2139 2411 2205 manifestum,
2444 2140 2493 2194 id
2520 2141 2586 2195 de
2613 2156 2721 2210 quo
2745 2140 3038 2205 dubitatur,
3071 2139 3164 2194 sed
3193 2140 3351 2195 etiam
3378 2155 3443 2195 ex
3474 2153 3540 2193 eo
3562 2137 3630 2191 dc

2047 2246 2153 2301 quo
2192 2230 2463 2285 dubitatur
2491 2247 2519 2285 a
2550 2231 3060 2298 contradicentibus,
3107 2232 3216 2300 jam
3261 2240 3487 2286 conetur
3528 2229 3627 2283 de-

2046 2329 2345 2376 monstrare
2376 2321 2504 2377 illud
2532 2322 2674 2391 quod
2701 2332 2783 2378 est
2815 2321 3154 2377 manifestum
3178 2321 3205 2375 ἲ
3245 2336 3350 2376 non
3395 2321 3518 2390 quia
3570 2320 3622 2373 id

2046 2411 2189 2481 quod
2213 2412 2323 2481 jam
2356 2412 2552 2467 factum
2580 2423 2697 2468 erat
2724 2428 2862 2483 opus
2891 2413 3111 2467 haberet
3138 2411 3618 2472 demonstratione.

2046 2500 2141 2556 sed
2169 2510 2225 2557 ut
2259 2486 2569 2559 ostenderet
2592 2503 2695 2559 hoc
2711 2519 2829 2560 esse
2846 2520 2997 2574 a'que
3018 2514 3175 2574 atque
3197 2502 3323 2557 illud
3347 2502 3624 2557 credibile.

2114 2593 2170 2648 2.
2211 2594 2278 2649 Ει
2315 2610 2557 2665 quaenam
2604 2606 2724 2662 est,
2758 2597 3001 2663 inquies,
3046 2597 3160 2649 hate
3201 2594 3630 2665 consequentia?

2046 2702 2167 2742 nam
2192 2687 2333 2757 quod
2360 2688 2405 2741 si
2430 2686 2677 2743 Christus
2703 2689 2917 2758 quidem
2959 2702 3066 2742 non
3104 2686 3503 2752 resurrexerit,
3554 2700 3623 2739 ne

2044 2779 2132 2832 alii
2163 2778 2379 2848 quidem
2407 2787 2691 2849 resurgant
2715 2820 2731 2846 ,
2760 2788 2841 2831 est
2862 2792 3196 2847 consequens
3220 2794 3235 2841 ;
3270 2777 3413 2846 quod
3441 2787 3621 2830 autem

2044 2870 2088 2924 si
2115 2870 2202 2922 alii
2227 2884 2330 2924 non
2349 2870 2760 2933 resurrexcrint,
2786 2884 2851 2923 ne
2869 2869 2980 2937 ipse
3008 2867 3221 2937 quidem
3247 2868 3624 2931 resurrexerit,

2043 2963 2311 3030 quomodo
2341 2962 2443 3018 hoc
2467 2963 2624 3017 ullam
2650 2962 2840 3018 habeat
2867 2961 3174 3016 rationem?
3202 2960 3467 3028 Quoniam
3497 2975 3627 3029 ergo

2047 3053 2148 3108 hoc
2193 3054 2473 3109 videbatur
2508 3071 2612 3108 non
2662 3068 2783 3109 esse
2826 3053 3115 3107 admodum
3161 3053 3353 3107 ratioai
3393 3066 3622 3106 consen-

2047 3154 2296 3211 taneum,
2350 3146 2469 3200 vide
2515 3145 2783 3215 quomodo
2834 3154 3255 3200 consentaneum
3311 3143 3413 3198 hoc
3466 3142 3623 3197 valde

2043 3235 2200 3294 iaciat
2222 3280 2236 3299 .
2269 3239 2336 3293 ab
2364 3239 2473 3293 alto
2498 3239 2646 3308 prius
2668 3237 2876 3306 iaciens
2903 3238 3108 3295 semina
3131 3278 3147 3302 ,
3190 3252 3258 3292 ex
3284 3237 3396 3306 ipsa
3428 3234 3626 3305 praedi-

2042 3332 2267 3386 cationis
2309 3346 2467 3386 causa
2518 3347 2533 3385 :
2584 3345 2781 3400 nempe
2818 3330 2961 3399 quod
3005 3344 3104 3398 pro
3145 3330 3377 3400 peccatis
3426 3329 3626 3382 nostris

2043 3430 2286 3476 mortuus
2333 3420 2726 3481 resurrexerit,
2759 3429 2813 3473 et
2859 3418 3001 3489 quod
3041 3418 3117 3474 sit
3161 3417 3410 3488 primitiae
3439 3432 3625 3473 eorum

2041 3515 2131 3584 qui
2156 3514 2508 3569 dormierunt.
2539 3513 2793 3567 Primitias
2818 3512 2963 3566 enim
2982 3511 3259 3580 cuiusnam
3286 3509 3485 3564 fuerint
3514 3510 3625 3577 pri-

2043 3605 2205 3659 milia:
2226 3645 2239 3669 ,
2282 3604 2382 3657 nisi
2428 3618 2614 3658 eorum
2644 3603 2734 3673 qui
2766 3611 3047 3672 resurgunt
3073 3602 3095 3655 l
3122 3602 3390 3670 quomodo
3433 3611 3610 3656 autem

2042 3696 2240 3751 fuerint
2285 3696 2569 3766 primitim,
2616 3696 2719 3750 nisi
2760 3705 3044 3765 resurgant
3094 3696 3171 3749 illi
3218 3711 3445 3762 quorum
3497 3705 3623 3749 sunt

2043 3789 2290 3860 primitia:
2315 3788 2338 3841 ?
2364 3788 2634 3858 quomodo
2673 3803 2801 3857 ergo
2844 3803 2954 3841 non
3001 3788 3324 3855 resurgunt?
3362 3788 3405 3839 si
3444 3796 3622 3841 autem

2042 3897 2147 3935 non
2178 3889 2461 3950 resurgunt
2485 3920 2497 3942 ,
2529 3895 2627 3933 cur
2669 3877 2964 3935 resurrexit
2993 3877 3237 3933 Christus
3261 3878 3285 3931 ?
3312 3893 3408 3931 rur
3436 3878 3625 3933 venit?

2040 3988 2137 4028 cur
2165 3988 2381 4028 carnem
2422 3972 2696 4042 suscepit,
2742 3972 2787 4026 si
2818 3986 3035 4027 carnem
3088 3988 3191 4025 non
3239 3982 3355 4025 erat
3397 3974 3624 4026 suscita-

2043 4063 2216 4119 turus?
2240 4079 2344 4117 non
2370 4062 2512 4118 enim
2542 4062 2656 4132 ipse
2682 4075 2818 4131 opus
2844 4061 3077 4115 habebat
3110 4072 3167 4115 ut
3197 4073 3503 4132 resurgeret
3519 4062 3620 4117 nisi

2042 4165 2258 4226 propter
2302 4169 2419 4208 nos.
2463 4153 2570 4209 Sed
2616 4155 2731 4208 hate
2759 4153 2971 4223 quidem
3004 4154 3151 4221 ponii
3184 4163 3369 4221 postea
3401 4168 3621 4223 progre-

2041 4244 2213 4307 diens,
2242 4243 2453 4298 interim
2481 4250 2659 4297 autem
2687 4243 2816 4297 dicit
2843 4259 2856 4296 :
2885 4242 2941 4297 Si
2965 4244 3159 4295 mortui
3185 4259 3289 4294 non
3318 4252 3619 4312 resurgunt,

2043 4351 2215 4404 neque
2243 4333 2487 4388 Christus
2515 4333 2810 4387 resurrexit
2829 4373 2844 4398 ,
2875 4339 3063 4401 utpote
3092 4348 3214 4384 cum
3255 4331 3357 4385 hoc
3396 4333 3463 4385 sit
3493 4347 3624 4386 eon-

2042 4442 2236 4481 nexum
2269 4442 2283 4479 :
2318 4440 2437 4478 nam
2465 4425 2509 4478 si
2538 4439 2641 4478 non
2684 4422 2871 4476 luisset
2918 4431 3349 4486 resurrecturus,
3398 4437 3465 4476 ne
3492 4423 3621 4478 illud

2042 4517 2254 4589 quidem
2282 4516 2516 4571 iecisset.
2558 4514 2801 4570 Vidistin‘
2826 4514 3078 4584 paulatim
3111 4524 3271 4567 totam
3299 4515 3465 4569 everti
3506 4532 3623 4569 sus--

2043 4618 2212 4678 ccptte
2240 4609 2419 4664 carnis
2448 4607 2908 4676 diSpensationem
2941 4649 2955 4668 ,
2997 4623 3060 4660 ex
3096 4606 3201 4661 illis
3232 4607 3437 4669 verbis,
3473 4616 3527 4660 et
3555 4623 3619 4662 ex

2043 4717 2109 4757 eo
2135 4700 2276 4772 quod
2306 4716 2409 4755 non
2445 4699 2696 4755 credatur
2722 4698 3121 4753 resurrrectio?
3167 4698 3271 4753 Sed
3304 4714 3442 4752 nunc
3489 4700 3622 4752 nihil

2042 4796 2170 4851 dicit
2193 4795 2260 4850 de
2274 4795 2452 4849 carnis
2473 4794 2834 4861 susceptione,
2863 4790 2955 4845 sed
2978 4791 3043 4845 de
3064 4790 3475 4845 resurrectione.
3507 4789 3622 4844 Non

2043 4891 2185 4946 enim
2211 4904 2426 4945 carnem
2457 4887 2761 4955 suscepisse
2790 4927 2805 4951 ,
2847 4885 2942 4941 sed
2982 4893 3252 4938 mortuum
3280 4898 3401 4938 esse
3440 4882 3623 4937 abolet

2046 4991 2272 5037 mortem
2303 4999 2317 5034 :
2352 4996 2472 5034 nam
2498 4994 2564 5034 eo
2589 4993 2802 5033 carnem
2831 4977 3059 5033 habente
3084 4975 3260 5030 adhuc
3291 4975 3619 5027 dominatum

2046 5074 2321 5129 obtinebat
2358 5072 2501 5126 illius
2544 5071 2804 5140 tyrannis.
2849 5070 2935 5123 M.
2979 5068 3038 5123 Si
3069 5079 3237 5121 autem
3268 5066 3499 5120 Christus
3520 5081 3622 5121 non

2046 5167 2355 5230 resurrexit,
2384 5164 2550 5217 inanis
2574 5171 2645 5216 est
2674 5162 2968 5231 prwdicatio
2999 5171 3190 5214 nostra.
3235 5159 3392 5229 Atqui
3426 5158 3625 5214 Conse-

2047 5272 2216 5328 quens
2243 5265 2358 5311 erat
2383 5255 2596 5309 dicere:
2620 5253 2672 5308 Si
2699 5261 2875 5306 autem
2906 5251 3147 5305 Christus
3174 5266 3277 5304 non
3311 5252 3622 5314 resurrexit,

2052 5351 2293 5419 pugnatis
2337 5362 2458 5401 cmn
2491 5347 2556 5400 iis
2598 5360 2718 5416 quze
2762 5351 2887 5398 sunt
2927 5342 3216 5410 evidentia,
3270 5354 3320 5399 et
3351 5358 3472 5399 cum
3517 5352 3624 5396 tam

2051 5440 2232 5495 multis
2249 5437 2542 5508 prophetis,
2571 5445 2624 5491 et
2643 5451 2762 5490 cum
2780 5450 2958 5489 rerum
2980 5435 3223 5490 veritate.
3251 5435 3356 5490 Sed
3381 5434 3428 5486 id
3459 5431 3624 5500 ponit,

2050 5532 2188 5602 quod
2215 5539 2297 5586 est
2324 5531 2402 5584 eis
2429 5529 2598 5582 multo
2626 5528 2912 5583 terribilius
2942 5547 2955 5583 :
2985 5525 3165 5580 Inanis
3193 5537 3264 5579 est
3293 5540 3408 5592 ergo
3436 5519 3618 5586 prwdi-

2051 5624 2182 5676 catio
2207 5633 2398 5683 nostra,
2437 5623 2601 5674 inanis
2623 5631 2694 5674 est
2722 5620 2847 5687 fides
2874 5630 3060 5674 vestra.
3091 5618 3370 5686 Exagitarc
3399 5622 3626 5673 namque

2051 5713 2160 5767 vult
2189 5712 2398 5766 illorum
2431 5721 2683 5765 mentem.
2731 5711 3046 5765 Universum
3072 5749 3086 5769 ,
3133 5705 3304 5774 inquit
3332 5741 3345 5762 ι
3382 5695 3620 5763 μοι’άίάί·

2051 5818 2185 5871 mus,
2211 5813 2434 5875 pereunt
2463 5803 2659 5864 omnia,
2690 5801 2732 5856 si
2765 5816 2866 5853 non
2902 5798 3210 5853 resurrexit.
3244 5787 3426 5844 Vidisti
3462 5797 3627 5850 ’μων
