4018 6156
440 246 543 302 335

441 371 552 412 tum
583 357 653 411 sit
680 355 989 426 mysterium
1029 361 1292 420 susceptae
1334 351 1514 406 carnis
1555 347 2014 420 dispensationis?

442 450 572 504 Nam
618 450 661 503 si
695 458 933 501 mortuus
975 461 1080 500 non
1125 445 1296 514 potuit
1330 460 1642 512 resurgere,
1686 458 1857 513 neque
1883 442 2015 497 abo-

441 543 589 594 litum
617 548 696 593 est
726 548 1022 608 peccatum,
1066 550 1237 605 neque
1266 552 1412 591 mors
1457 544 1540 588 est
1570 543 1839 604 perempta
1860 573 1875 598 ,
1915 547 2014 587 nec

440 632 674 685 ablatum
705 640 787 683 est
832 628 1208 694 maledictum,
1263 638 1314 683 et
1347 642 1448 680 non
1488 625 1661 679 solum
1700 641 1797 680 nos
1837 624 2013 678 inania

435 721 839 790 prmdicavimus
860 762 874 783 ,
905 720 999 774 sed
1031 735 1122 773 vos
1153 733 1364 789 quoque
1390 718 1690 773 credidistis
1717 717 1914 770 inania.
1949 716 2014 770 Et

437 830 540 866 non
569 812 740 867 solum
774 811 896 866 hinc
925 813 1161 866 ostendit
1208 813 1588 867 absurditatem
1629 811 1816 866 borum
1845 811 2011 864 malo-

435 921 552 959 rum
580 904 887 975 dogmatum
914 945 927 969 ,
958 904 1053 958 sed
1083 903 1244 958 etiam
1275 904 1470 957 acriter
1495 903 1770 966 decertat,
1799 900 2006 955 dicens:

438 996 524 1050 15.
568 994 864 1050 Inveniatur
891 1005 1057 1048 autem
1086 1003 1133 1048 et
1159 994 1280 1064 falsi
1305 1004 1450 1047 testes
1476 991 1601 1058 Dei,
1649 992 1887 1061 quoniam
1914 1001 2010 1046 tes-

431 1089 694 1142 timonium
737 1090 958 1142 diximus
1011 1088 1249 1141 adversus
1299 1086 1463 1139 Deum
1515 1086 1652 1155 quod
1695 1085 2008 1139 suscitaverit

429 1176 685 1233 Christum
713 1195 903 1245 :quem
933 1194 1032 1231 non
1076 1178 1332 1232 suscitavit
1357 1218 1374 1243 ,
1413 1177 1456 1229 si
1497 1175 1681 1230 mortui
1706 1192 1805 1229 non
1843 1191 2009 1229 resur-

431 1279 574 1339 gunt.
616 1270 669 1322 Si
697 1279 874 1323 autem
907 1269 1006 1323 hoc
1032 1277 1116 1323 est
1139 1268 1428 1322 absurdum
1459 1270 1475 1336 (
1503 1277 1585 1322 est
1613 1268 1754 1322 enim
1798 1268 1889 1322 Dei
1918 1282 2008 1322 ac-

430 1361 634 1415 cusatio
660 1371 712 1414 et
738 1362 996 1415 calumnia
1023 1363 1040 1430 )
1064 1401 1080 1427 ,
1111 1371 1164 1416 et
1188 1377 1290 1414 non
1319 1361 1565 1414 excitavit
1595 1371 1650 1413 ut
1676 1360 1870 1425 dicitis,
1899 1375 2003 1415 non

431 1455 531 1509 hoc
557 1455 728 1510 solum
750 1497 764 1517 ,
792 1455 886 1511 sed
915 1457 1082 1509 multa
1111 1457 1268 1509 etiam
1299 1455 1404 1508 alia
1434 1463 1724 1523 sequentur
1752 1453 2005 1508 absurda.

432 1546 496 1600 Et
517 1549 627 1616 ipsa
654 1562 838 1601 rursus
861 1547 1160 1611 conﬁrmat,
1185 1556 1237 1600 et
1260 1545 1484 1599 assumit
1504 1546 1689 1599 dicens
1715 1563 1728 1598 :
1754 1546 1838 1599 16.
1867 1544 2006 1598 Nam

428 1638 472 1688 si
514 1639 697 1690 mortui
740 1655 840 1691 non
872 1647 1176 1709 resurgunt,
1230 1653 1390 1707 neque
1439 1636 1668 1690 Christus
1710 1629 2002 1692 resurrexit.

425 1727 554 1781 Nam
580 1729 624 1782 si
659 1729 758 1783 hoc
785 1744 889 1782 non
913 1739 1023 1783 erat
1054 1726 1285 1783 facturus
1304 1769 1318 1791 ,
1350 1743 1416 1782 ne
1436 1728 1740 1783 advenisset
1766 1728 2001 1798 quidem.

425 1819 536 1873 lloc
562 1830 736 1873 autem
768 1835 869 1874 non
901 1821 1066 1886 dicit,
1101 1819 1194 1874 sed
1225 1819 1414 1884 tinem,
1450 1834 1640 1888 nempe
1664 1820 1780 1887 ejus
1817 1835 1997 1874 resur-

424 1913 712 1964 rectionem
741 1953 756 1978 ,
805 1927 896 1980 per
927 1912 1094 1979 ipsam
1138 1926 1326 1966 omnes
1359 1911 1593 1965 trahens.
1641 1912 1726 1964 17.
1771 1912 1918 1978 Quod
1958 1916 2002 1967 si

423 2002 652 2056 Christus
679 2019 778 2056 non
804 2003 1094 2066 resurrexit,
1129 2018 1256 2055 vana
1278 2011 1350 2055 est
1370 2003 1496 2069 ﬁdes
1517 2014 1695 2056 vestra.
1727 2003 1787 2056 Ei
1813 2043 1829 2069 ,
1857 2005 1998 2073 quod

422 2103 504 2146 est
534 2093 871 2148 manifestum
904 2103 956 2148 ct
987 2094 1051 2147 de
1081 2109 1185 2162 quo
1214 2103 1422 2147 constat
1448 2133 1461 2156 ,
1493 2094 1830 2150 continenter
1852 2095 1998 2149 addit

419 2186 617 2240 Christi
649 2187 1131 2249 resurrectionem,
1181 2201 1246 2239 ex
1276 2201 1340 2239 eo
1367 2186 1505 2252 quod
1546 2196 1628 2240 est
1671 2186 1897 2251 fortius,
1946 2190 1997 2244 id

421 2278 617 2343 etiam,
670 2278 810 2347 quod
859 2278 1068 2332 videtur
1113 2292 1233 2333 esse
1283 2278 1607 2333 imbecillum
1643 2289 1696 2334 et
1735 2280 1993 2348 dubium,

418 2369 647 2423 reddens
679 2368 906 2423 validum
938 2379 990 2424 et
1021 2369 1376 2422 manifestum.
1438 2369 1617 2422 Adhuc
1647 2372 1766 2425 estis
1791 2371 1842 2424 in
1874 2389 1994 2442 pec-

416 2461 541 2514 catis
568 2462 760 2515 vestris.
802 2461 933 2516 Nam
963 2461 1007 2515 si
1040 2476 1145 2514 non
1177 2462 1466 2516 resurrexit
1493 2503 1507 2527 ,
1539 2477 1638 2518 nec
1664 2474 1747 2517 est
1777 2465 1991 2532 quidem

415 2563 656 2605 mortuus
689 2569 702 2605 :
734 2552 982 2606 siautem
1029 2567 1133 2606 non
1172 2559 1256 2606 est
1297 2563 1540 2606 mortuus
1562 2594 1576 2617 ,
1632 2569 1730 2608 nec
1759 2556 1995 2610 abolevit

413 2641 628 2709 quidem
658 2652 930 2710 peccatum
957 2658 970 2705 ;
1003 2641 1119 2712 ejus
1153 2643 1294 2697 enim
1324 2658 1467 2696 mors
1502 2653 1585 2698 est
1614 2644 1832 2700 abolitio
1862 2661 1990 2716 pec-

409 2734 510 2787 cati
546 2753 558 2785 :
590 2733 720 2787 Ecce
746 2734 887 2789 enim
917 2776 931 2800 ,
963 2734 1172 2806 inquit,
1219 2734 1394 2805 Agnus
1441 2734 1534 2790 Dei
1571 2739 1658 2807 qui
1688 2737 1821 2791 tollit
1865 2755 1985 2808 pec-

410 2836 574 2880 catum
601 2827 777 2880 ntundi
807 2826 984 2900 (Joan.
1020 2829 1070 2882 1.
1105 2828 1221 2897 29).
1249 2827 1529 2896 Quomodo
1557 2837 1734 2902 autern
1768 2832 1991 2886 tollens?

411 2917 600 2972 Morte.
629 2918 697 2972 Et
725 2919 844 2974 ideo
870 2919 1030 2974 etiam
1060 2919 1270 2974 vocavit
1296 2921 1502 2988 Agnutn
1528 2963 1543 2989 ,
1575 2932 1634 2976 ut
1661 2924 1748 2992 qui
1777 2925 1990 2980 occide-

409 3017 576 3062 retur.
619 3007 675 3064 Si
705 3017 882 3063 autem
922 3024 1025 3063 non
1058 3012 1383 3074 resurrexit,
1417 3027 1588 3080 neque
1619 3012 1716 3068 fuit
1744 3015 1984 3080 occisus;

407 3102 451 3154 si
485 3117 588 3155 non
639 3102 740 3156 fuit
768 3102 976 3157 occisus
996 3141 1010 3163 ,
1065 3116 1240 3173 neque
1269 3110 1544 3172 peccatum
1576 3112 1659 3158 est
1687 3105 1983 3170 abolitum;

407 3197 452 3250 si
483 3211 588 3251 non
615 3195 713 3250 fuit
742 3195 1022 3262 abolitum,
1050 3195 1102 3249 in
1124 3212 1191 3251 eo
1217 3194 1381 3262 estis;
1403 3197 1448 3250 si
1469 3206 1646 3251 autem
1673 3197 1725 3252 in
1748 3213 1812 3252 eo
1832 3200 1984 3266 estis,

410 3289 603 3344 frustra
632 3286 1143 3358 przedicavimus;si
1189 3287 1384 3343 frustra
1427 3287 1851 3359 prtedicavimus,
1877 3288 1988 3343 fru-

408 3391 519 3437 stra
547 3381 869 3439 credidistis.
897 3381 1146 3452 Alioquin
1172 3389 1350 3436 autem
1380 3396 1525 3435 mors
1551 3395 1765 3452 quoque
1804 3390 1988 3437 manet

405 3473 755 3539 immortalis,
800 3473 845 3529 si
873 3489 978 3528 non
1019 3473 1333 3529 resurrexit.
1370 3472 1425 3529 Si
1456 3471 1600 3528 enim
1628 3473 1742 3544 ipse
1771 3487 1986 3545 quoque

403 3565 653 3621 detentus
681 3566 777 3620 mu
803 3580 833 3618 a
862 3574 1035 3621 morte
1057 3607 1074 3631 ,
1107 3573 1163 3622 et
1200 3564 1440 3620 dolorem
1468 3564 1588 3634 ejus
1629 3581 1734 3620 non
1780 3565 1938 3620 solvit
1965 3581 1980 3633 ;

403 3658 672 3727 quomodo
716 3657 850 3713 alios
877 3672 1067 3713 omnes
1097 3657 1381 3723 liberavit,
1412 3658 1502 3727 qui
1536 3658 1649 3727 ipse
1678 3657 1856 3714 adhuc
1879 3658 1983 3714 de-

405 3749 713 3803 tinebantur?
758 3748 826 3802 Et
854 3747 975 3802 ideo
1014 3746 1291 3818 subjungit
1317 3766 1330 3802 :
1368 3749 1454 3804 18.
1499 3747 1635 3817 Ergo
1674 3758 1722 3802 et
1747 3750 1834 3820 qui
1859 3749 1983 3804 dor-

406 3841 622 3894 mierunt
665 3840 719 3893 in
756 3838 979 3903 Christo,
1013 3840 1284 3908 perierunt.
1328 3838 1396 3892 Et
1422 3837 1550 3909 quid
1580 3839 1699 3893 dico
1721 3881 1736 3904 ,
1771 3841 1978 3910 inquit,

404 3932 471 3986 de
501 3930 653 3985 vobis
675 3973 689 3996 ,
720 3945 841 3986 cum
869 3929 1029 3985 etiam
1060 3928 1133 3983 illi
1161 3944 1350 3985 omnes
1378 3929 1664 4000 perierint,
1694 3932 1784 4001 qui
1814 3940 1982 3986 totum

404 4025 770 4086 confecerunt,
802 4031 858 4078 et
886 4023 1063 4077 futuro
1086 4062 1102 4086 ,
1133 4020 1274 4090 quod
1301 4029 1382 4076 est
1410 4020 1695 4086 incertum,
1727 4037 1831 4076 non
1860 4030 1984 4076 sunt

405 4115 633 4184 amplius
659 4113 880 4184 subjecti
908 4115 932 4165 ἲ
973 4111 1106 4168 Illud
1137 4120 1346 4177 autem,
1380 4109 1447 4165 In
1467 4109 1668 4166 Christo
1693 4154 1706 4178 ,
1737 4121 1830 4166 aut
1854 4113 1984 4167 dicit

410 4208 461 4263 in
499 4208 642 4274 fide,
697 4215 789 4262 aut
830 4206 921 4276 qui
970 4212 1188 4274 prepter
1215 4203 1384 4273 ipsum
1412 4211 1537 4258 sunt
1610 4205 1843 4269 mortui,
1891 4205 1980 4275 qni

409 4301 574 4354 multa
620 4299 991 4353 sustinuerunt
1031 4295 1265 4363 pericula
1290 4337 1303 4359 ,
1336 4295 1425 4365 qui
1452 4294 1645 4349 multas
1674 4295 1814 4364 passi
1859 4305 1983 4349 sum

401 4391 760 4455 afﬂictioues,
804 4391 893 4459 qui
937 4389 1159 4458 ingressi
1202 4396 1327 4442 sunt
1369 4401 1464 4456 per
1507 4387 1645 4439 viam
1675 4395 1976 4455 angustam.

400 4481 502 4536 Ubi
537 4495 675 4533 llllllc
694 4490 814 4533 sunt
845 4479 1068 4533 scelesta
1091 4493 1180 4532 ora
1211 4476 1648 4535 ll-laniclueorum,
1680 4477 1768 4546 qui
1798 4476 1984 4530 dicunt

403 4585 528 4624 eum
559 4569 739 4623 dicere
765 4583 880 4623 eam
909 4583 1027 4636 qua:
1059 4567 1144 4621 hic
1169 4578 1252 4621 est
1277 4565 1758 4632 resurrectionem,
1789 4581 1985 4635 nempe

403 4661 771 4716 liberationem
803 4675 830 4712 a
864 4658 1322 4726 peecatotDensi
1355 4657 1496 4711 enim
1525 4656 1610 4712 isti
1653 4666 1707 4712 et
1744 4659 1979 4712 continui

406 4771 469 4808 ac
496 4751 757 4821 reciproci
801 4751 1098 4821 syllogismi
1144 4750 1273 4804 nihil
1327 4749 1562 4804 indicant
1613 4765 1803 4804 eorum
1864 4766 1983 4820 quze

403 4844 476 4899 illi
505 4843 718 4907 dicunt,
769 4842 862 4896 sed
895 4841 944 4894 id
994 4841 1132 4910 quod
1176 4856 1272 4894 nos
1304 4841 1549 4896 dicimus.
1600 4841 1802 4896 Dicitur
1839 4843 1980 4896 enim

403 4934 723 4990 resurrectio
753 4934 868 5001 ejus
895 4931 1036 5002 quod
1067 4931 1260 4985 cecidit
1288 4932 1574 4988 restitutio.
1624 4933 1690 4987 Et
1718 4933 1840 4989 ideo
1869 4932 1981 4990 fre-

401 5035 627 5096 quenter
671 5025 926 5088 resumit,
977 5040 1082 5077 non
1135 5025 1304 5078 solmn
1351 5024 1534 5079 dicens
1581 5026 1978 5093 resurrexisse,

403 5118 499 5172 sed
539 5120 698 5170 etiam
752 5118 992 5180 addens.
1045 5115 1130 5172 Ea:
1177 5118 1405 5172 mortuis.
1449 5119 1514 5172 Et
1538 5118 1802 5173 Corinthii
1852 5135 1981 5174 sane

407 5227 512 5266 non
539 5210 854 5265 dubitabant
899 5214 965 5266 de
1007 5212 1325 5267 remissione
1355 5223 1728 5281 peccatorum,
1772 5214 1865 5270 sed
1913 5213 1982 5268 de

405 5302 797 5357 resurrectione
808 5316 1113 5371 corporum.
1128 5301 1380 5368 Quianam
1399 5314 1575 5358 autem
1593 5305 1812 5359 omnino
1831 5311 1984 5374 urget

408 5395 738 5458 necessitas,
773 5399 829 5444 ut
875 5392 918 5446 si
952 5391 1196 5446 homines
1226 5409 1331 5448 non
1362 5394 1469 5448 sint
1495 5395 1754 5464 ejusmodi
1788 5404 1845 5448 nt
1871 5412 1978 5451 non

408 5493 664 5553 peccent,
697 5498 766 5537 ne
792 5483 1035 5538 Christus
1060 5483 1272 5552 quidem
1301 5486 1371 5538 sit
1396 5484 1700 5554 hujusmodi
1726 5486 1748 5539 ’ἶ
1771 5486 1904 5543 Nam
1936 5488 1980 5542 si

411 5592 514 5628 non
560 5589 702 5631 esset
750 5576 1134 5642 suscitaturus,
1185 5590 1520 5647 consequens
1567 5590 1710 5634 esset
1759 5581 1975 5646 dicere,

406 5666 510 5719 Cur
532 5666 693 5733 venit,
727 5676 776 5722 et
802 5682 1017 5724 carnem
1042 5669 1267 5739 accepit,
1301 5679 1350 5723 et
1377 5672 1668 5724 resurrexit
1691 5673 1712 5724 ?
1735 5671 1800 5727 de
1826 5673 1978 5728 nobis

1119 237 1178 294 S.
1215 234 1492 293 JOANNIS
1527 231 1990 290 CHBYSOSTOMI
2032 232 2346 286 ARCIIIEP.
2389 233 2921 294 CONSTANTINOP.

3601 245 3703 302 536

2128 357 2304 404 autem
2330 349 2568 406 minime.
2598 351 2728 406 Nam
2754 361 2807 407 et
2834 353 3172 423 peccantibus
3200 353 3500 412 hominibus
3520 369 3573 414 et
3597 377 3700 416 non

2126 442 2470 508 peccantibus
2494 482 2510 508 ,
2538 458 2658 498 cum
2698 445 2807 498 Deo
2838 461 3051 514 semper
3080 455 3161 499 est
3185 447 3327 516 quod
3358 446 3409 502 in
3437 466 3560 506 eum
3592 469 3697 508 non

2120 534 2275 587 cadat
2306 544 2577 604 peccatum
2600 577 2615 598 ,
2646 549 2700 592 et
2737 554 2833 591 nos
2863 539 3008 592 illum
3038 554 3147 593 non
3174 543 3448 611 sequimur
3470 586 3487 610 ,
3526 561 3699 616 neque

2121 619 2222 677 hoc
2272 624 2337 678 ad
2387 625 2515 680 illud
2579 629 2971 696 reciprocatur,
3026 630 3162 683 sicut
3207 631 3258 685 in
3307 635 3698 694 resurrectione

2120 727 2424 782 corporum.
2466 717 2556 771 19.
2602 717 2662 772 Si
2705 719 2756 771 in
2790 719 2882 771 hac
2908 721 3008 772 vita
3032 729 3224 773 tantum
3253 723 3304 775 in
3346 721 3548 778 Christo
3585 743 3698 796 spe-

2117 815 2286 858 rantes
2311 824 2502 865 sumus.
2535 810 2918 865 miserabiliores
2940 829 3111 866 sumus
3136 815 3364 868 omnibus
3388 816 3692 873 hominibus.

2187 895 2238 948 5.
2274 896 2410 962 Quid
2439 898 2573 953 dicis
2593 941 2606 959 .
2635 915 2666 954 ο
2697 900 2903 956 Paule?
2932 904 3198 972 quomodo
3227 903 3277 957 in
3311 904 3409 960 hac
3438 908 3542 960 vita
3570 924 3692 978 spe-

2117 994 2296 1040 rantes
2321 1002 2524 1056 sumus,
2551 991 2594 1043 si
2623 1005 2846 1060 corpora
2872 1007 2978 1047 non
3007 1004 3305 1064 resurgunt,
3334 1011 3454 1050 cmn
3482 1012 3694 1054 maneat

2114 1078 2290 1132 anima
2320 1088 2372 1134 et
2411 1080 2479 1134 sit
2507 1082 2861 1138 immortalis?
2889 1086 3148 1153 Quoniam
3179 1087 3223 1140 si
3255 1099 3466 1145 maneat
3493 1094 3690 1157 anima,

2115 1177 2169 1222 et
2212 1171 2403 1225 millies
2446 1173 2513 1227 sit
2555 1175 2868 1230 immortalis
2895 1178 3080 1241 ,sicut
3113 1189 3195 1233 cst
3237 1197 3461 1247 revera,
3494 1185 3692 1254 absque

2113 1273 2273 1314 carne
2305 1276 2407 1315 non
2457 1263 2682 1332 accipiet
2709 1263 2846 1320 bona
2879 1267 2963 1320 illa
2995 1267 3280 1324 ineffabilia
3305 1311 3320 1335 ,
3354 1272 3488 1327 sicut
3521 1291 3689 1346 neque

2113 1353 2374 1418 punietur.
2424 1352 2608 1408 Omnia
2651 1357 2780 1409 enim
2827 1358 3276 1428 manifestabuntur
3318 1373 3434 1415 ante
3472 1365 3694 1421 tribunal

2111 1440 2328 1506 Christi,
2359 1454 2412 1498 ut
2435 1446 2648 1515 accipiat
2671 1449 3007 1520 unusquisque
3029 1467 3141 1521 quae
3165 1469 3254 1522 per
3290 1471 3474 1525 corpus
3501 1462 3685 1528 gessit,

2109 1531 2209 1585 sive
2235 1535 2362 1585 bona
2381 1577 2395 1600 ,
2427 1536 2529 1589 sive
2556 1537 2690 1590 mala
2725 1537 2797 1606 (2.
2829 1539 2948 1594 Cor.
2981 1540 3034 1595 5.
3069 1541 3179 1610 10).
3209 1543 3497 1613 Propterea
3527 1549 3684 1617 dicit,

2112 1622 2172 1678 Si
2201 1626 2253 1679 in
2280 1626 2374 1679 hac
2399 1629 2496 1680 rita
2527 1637 2720 1683 tantum
2747 1632 2799 1684 in
2829 1631 3026 1687 Christo
3061 1645 3318 1704 sperantes
3355 1655 3529 1693 sumus
3549 1682 3564 1708 ,
3589 1645 3654 1694 mi
3665 1676 3687 1687 .-

2109 1716 2424 1770 serabiliores
2461 1736 2633 1773 sumus
2674 1721 2904 1775 omnibus
2946 1723 3251 1778 hominibus.
3293 1726 3349 1782 Si
3393 1731 3536 1784 enim
3580 1747 3686 1788 non

2109 1808 2336 1876 resurgit
2363 1824 2555 1878 corpus
2574 1851 2590 1877 ,
2623 1812 2926 1867 incoronata
2956 1823 3136 1870 manet
3162 1818 3335 1871 anima
3364 1830 3510 1874 extra
3543 1824 3686 1878 illam

2108 1898 2490 1956 beatitudinem
2522 1919 2640 1971 quae
2679 1915 2761 1959 est
2805 1905 2855 1958 in
2897 1907 3041 1961 caelis
3072 1925 3084 1959 :
3118 1909 3162 1961 si
3190 1920 3366 1965 autem
3397 1912 3493 1966 hoc
3524 1915 3592 1968 ita
3623 1931 3685 1971 se

2109 1992 2288 2057 habet,
2323 2003 2447 2047 tunc
2474 1994 2602 2048 nihil
2633 1997 2853 2050 omnino
2875 2012 3300 2068 consequemur:
3328 2002 3370 2055 si
3404 2013 3524 2058 tunc
3548 2006 3681 2062 nihil

2105 2100 2518 2155 consequemur,
2545 2087 2597 2141 in
2625 2091 2870 2158 prtesenti
2899 2100 3022 2146 sunt
3046 2095 3516 2151 remunerationes.
3546 2097 3682 2164 Quid

2104 2191 2252 2245 ergo,
2282 2178 2472 2247 inquit.
2507 2178 2604 2234 hac
2632 2181 2837 2235 ratione
2865 2181 3024 2236 fuerit
3053 2183 3205 2238 nobis
3232 2185 3537 2242 infelicius?
3559 2189 3685 2244 Haec

2102 2279 2278 2326 autem
2311 2272 2521 2327 dicebat
2545 2314 2560 2339 ,
2586 2273 2741 2327 simul
2774 2285 2826 2328 et
2854 2290 2948 2329 eos
2973 2276 3296 2332 confirmans
3321 2293 3383 2333 ac
3408 2281 3683 2338 stabiliens

2101 2365 2154 2419 in
2187 2381 2253 2421 eo
2281 2367 2423 2436 quod
2455 2368 2648 2423 dicitur
2674 2369 2740 2424 de
2779 2373 3170 2428 resurrectione
3196 2389 3502 2446 corporum,
3536 2388 3589 2434 et
3615 2379 3681 2436 de

2101 2456 2387 2512 immortali
2414 2459 2499 2512 illa
2523 2460 2626 2514 vita
2655 2461 3000 2530 persuadens,
3026 2479 3092 2519 ne
3115 2465 3482 2523 existimarent
3502 2479 3677 2526 nostra

2099 2549 2276 2604 omnia
2305 2550 2522 2605 dissolvi
2550 2560 2603 2607 et
2629 2551 2875 2608 desinere
2905 2555 2956 2608 in
2987 2555 3254 2624 prtesenti.
3279 2557 3410 2613 Nam
3437 2575 3558 2615 cum
3587 2578 3682 2631 per

2053 2654 2055 2656 ‘
2099 2641 2452 2709 praecedentia
2482 2643 2613 2697 satis
2641 2643 3012 2700 confirmasset
3035 2647 3175 2716 quod
3201 2649 3411 2704 volebat
3436 2660 3492 2706 et
3520 2652 3681 2708 dixis-

2096 2739 2198 2797 set,
2224 2729 2285 2784 Si
2311 2732 2496 2784 mortui
2520 2748 2621 2786 non
2642 2744 2927 2805 resurgunt,
2951 2751 3108 2806 neque
3125 2735 3353 2792 Christus
3376 2745 3678 2806 resurrexit,-

2094 2821 2138 2875 si
2163 2831 2329 2875 autem
2361 2821 2590 2877 Christus
2631 2841 2731 2878 non
2765 2828 3070 2893 resurrexit,
3106 2829 3358 2897 periimus
3380 2872 3394 2895 ,
3423 2842 3479 2886 et
3506 2834 3679 2889 adhuc

2095 2927 2281 2967 sumus
2327 2914 2378 2967 in
2430 2916 2661 2981 peccatis
2690 2933 2704 2969 :
2735 2931 2920 2971 rursus
2963 2916 3064 2973 hoc
3110 2933 3322 2988 quoque
3367 2921 3674 2995 subjungit,

2095 3007 2373 3074 exagitans
2402 3007 2612 3060 illorum
2645 3009 3021 3078 arrogantiam.
3053 3009 3274 3075 Quando
3303 3013 3444 3067 enim
3477 3025 3558 3069 est
3584 3031 3678 3071 ne-

2092 3095 2383 3150 cessarium
2425 3097 2638 3166 aliquod
2679 3097 2868 3168 dogma
2915 3098 3313 3156 introducturus
3338 3143 3351 3167 ,
3384 3113 3526 3160 metu
3559 3107 3670 3175 pri-

2091 3203 2237 3242 mum
2265 3189 2500 3258 percellit
2523 3190 2700 3245 cordis
2729 3207 2912 3246 eorum
2943 3192 3191 3249 duritiem
3223 3214 3236 3250 :
3263 3197 3405 3266 quod
3432 3198 3516 3253 hic
3539 3215 3671 3269 quo-

2091 3295 2194 3350 que
2221 3280 2368 3346 fecit,
2401 3292 2458 3334 ut
2485 3283 2572 3352 qui
2601 3291 2657 3338 et
2686 3284 2931 3354 superius
2959 3300 3020 3340 ea
3050 3285 3383 3356 disperserit,
3415 3299 3468 3345 et
3494 3292 3673 3346 animo

2091 3375 2279 3429 anxios
2308 3373 2619 3440 reddiderit,
2655 3385 2711 3430 ut
2738 3377 2826 3446 qui
2857 3377 2925 3432 ab
2953 3379 3202 3435 omnibus
3230 3383 3590 3449 excidissent;
3620 3395 3675 3442 et

2092 3480 2235 3520 nunc
2261 3481 2448 3521 rursus
2474 3467 2661 3528 aliter.
2691 3477 2745 3523 et
2774 3481 2830 3523 ut
2870 3470 3101 3527 maxime
3136 3471 3350 3529 doleant
3369 3514 3386 3536 .
3420 3475 3562 3532 idem
3592 3477 3673 3532 fa-

2090 3557 2238 3613 ciens
2263 3572 2326 3613 ac
2353 3557 2540 3615 dicens
2569 3577 2580 3612 :
2616 3559 3005 3617 Miserabiliores
3033 3579 3209 3620 sumus
3238 3567 3470 3622 omnibus
3510 3569 3675 3624 homi-

2091 3647 2271 3715 nibus,
2303 3650 2346 3703 si
2377 3658 2497 3719 post
2527 3659 2605 3704 tot
2632 3649 2766 3706 bella
2792 3660 2847 3706 et
2883 3662 3083 3709 mortes
3108 3665 3162 3710 et
3189 3656 3326 3710 mala
3358 3657 3670 3716 innumera-

2090 3739 2216 3794 bilia
2237 3780 2252 3806 ,
2285 3741 2448 3794 tantis
2484 3740 2638 3795 bonis
2677 3743 2842 3797 simus
2871 3743 3148 3813 privandi,
3183 3755 3239 3802 et
3266 3747 3399 3802 intra
3431 3763 3670 3816 praesens

2091 3839 2298 3900 tempus
2327 3840 2507 3886 nostra
2537 3833 2829 3888 consistant
2857 3851 2870 3886 :
2895 3837 3072 3890 omnia
3101 3837 3241 3892 enim
3270 3838 3495 3909 pendent
3522 3854 3552 3893 a
3577 3856 3667 3896 rc-

2089 3923 2436 3977 surrectione.
2462 3922 2814 3991 Quamobrem
2838 3925 2961 3982 hinc
2979 3942 3189 3998 quoque
3204 3938 3287 3984 est
3305 3932 3664 4001 perspicuum,

2089 4012 2231 4082 quod
2259 4029 2364 4067 non
2387 4015 2692 4082 loqueretur
2712 4016 2780 4070 de
2805 4019 3054 4086 peccatis,
3077 4018 3174 4074 sed
3192 4018 3260 4074 de
3278 4023 3672 4080 resurrectiOne

2089 4120 2372 4176 corporum
2397 4147 2411 4174 ,
2447 4118 2502 4163 et
2534 4108 2600 4162 de
2631 4109 2734 4163 vita
2778 4109 3029 4180 praesenti
3068 4119 3122 4167 et
3164 4109 3358 4166 futura.
3390 4113 3482 4170 20.
3516 4114 3673 4170 Nunc

2088 4207 2257 4252 autem
2283 4197 2514 4254 Christus
2541 4201 2813 4255 resurrexit
2841 4217 2874 4254 a
2903 4205 3132 4266 mortuis,
3157 4204 3395 4271 primitiae
3417 4207 3672 4262 dormien-

2089 4292 2233 4345 tium.
2277 4291 2562 4362 Postquam
2601 4294 2836 4348 ostendit
2871 4305 3001 4364 quot
3039 4297 3177 4351 mala
3205 4297 3450 4354 oriantur
3474 4315 3540 4355 ex
3571 4317 3668 4368 eo,

2088 4384 2228 4454 quod
2261 4399 2364 4438 non
2395 4385 2644 4439 credatur
2681 4387 3004 4441 resurrectio
3027 4429 3042 4451 ,
3079 4403 3264 4443 rursus
3304 4392 3500 4459 repetit
3529 4393 3668 4463 quod

2088 4475 2289 4530 dictum
2316 4485 2416 4540 est,
2444 4486 2497 4530 et
2522 4475 2649 4530 dicit
2677 4495 2691 4530 :
2723 4475 2876 4531 Nunc
2902 4489 3069 4532 autem
3094 4479 3320 4534 Christus
3343 4487 3622 4540 resurrexit
3641 4503 3671 4537 ιι

2089 4569 2340 4632 mortuis;
2371 4569 2624 4622 continuo
2654 4568 2874 4634 addens,
2907 4571 2949 4621 Α
2981 4571 3208 4634 mortuis,
3238 4580 3296 4626 ut
3332 4573 3550 4630 obturet
3578 4592 3670 4632 ora

2089 4657 2484 4714 haereticorum.
2531 4658 2780 4713 Primitiae
2817 4677 2987 4714 eorum
3025 4662 3112 4730 qui
3140 4663 3473 4719 dormierunt.
3505 4664 3560 4722 Si
3591 4676 3672 4721 est

2087 4761 2263 4806 autem
2313 4753 2590 4822 primitias,
2629 4767 2722 4806 eos
2765 4767 2978 4822 quoque
3019 4761 3232 4822 oportet
3272 4770 3575 4825 resurgere.
3616 4756 3670 4812 Si

2089 4852 2266 4898 autem
2287 4843 2729 4897 resurrectionem
2752 4845 2954 4898 diceret
2973 4843 3341 4900 liberationem
3362 4861 3391 4899 a
3416 4847 3665 4915 peccatis,

2089 4949 2249 4988 nemo
2276 4942 2451 4988 autem
2481 4943 2562 4987 est
2590 4933 2789 5002 absque
2831 4943 3048 5003 peccato
3077 4933 3236 5002 (nam
3274 4933 3470 4990 Paulus
3500 4936 3628 4992 dicit
3652 4977 3670 5001 ,

2089 5026 2242 5080 Nihil
2263 5026 2386 5079 mihi
2406 5026 2632 5078 conscius
2655 5041 2784 5089 sum,
2809 5025 2899 5080 sed-
2920 5042 3018 5079 non
3040 5027 3092 5080 in
3113 5025 3208 5079 hoc
3230 5027 3537 5095 iustificata
3561 5045 3671 5082 sum

2085 5115 2165 5187 [1.
2197 5119 2315 5175 Cor.
2350 5120 2399 5174 1.
2434 5118 2522 5190 ιη)
2549 5135 2562 5184 ;
2591 5117 2858 5187 quomodo
2893 5126 3050 5172 erunt
3081 5117 3242 5188 aliqui
3269 5119 3360 5189 qui
3389 5130 3672 5190 resurgant

2089 5211 2381 5268 secundum
2411 5221 2642 5264 vestram
2684 5209 3004 5263 sententiam
3023 5208 3050 5262 ?
3078 5207 3265 5263 Viden‘
3291 5224 3413 5262 eum
3444 5224 3568 5265 esse
3593 5211 3674 5264 lo-

2088 5313 2310 5376 quutum
2337 5303 2402 5358 de
2422 5301 2776 5372 corporibus?
2801 5299 2868 5354 Et
2888 5309 2943 5355 ut
2965 5299 3065 5354 hoc
3087 5300 3190 5354 ﬂde
3211 5300 3428 5370 dignum
3451 5300 3670 5366 faceret,

2089 5399 2344 5454 continuo
2371 5396 2646 5451 Christum
2674 5394 2888 5450 adducit
2917 5394 2968 5448 in
3009 5391 3239 5448 medium
3260 5437 3275 5458 ,
3305 5393 3395 5462 qui
3428 5394 3483 5448 in
3512 5410 3674 5450 carne

2089 5488 2382 5545 resurrexit
2411 5504 2424 5540 :
2451 5485 2645 5541 deinde
2669 5486 2828 5540 etiam
2853 5483 3007 5539 aﬂ'ert
3030 5497 3266 5539 causam.
3295 5483 3428 5538 Nam
3457 5495 3515 5540 ut
3539 5485 3670 5550 disi,

2089 5581 2302 5653 quando
2331 5580 2574 5636 enuntiat
2599 5578 2848 5652 quidem,
2877 5591 3090 5633 causam
3131 5587 3310 5630 autem
3355 5595 3463 5633 non
3505 5580 3661 5641 dicit,

2095 5690 2200 5730 non
2229 5683 2333 5730 tam
2363 5673 2515 5730 facile
2545 5689 2574 5728 a
2603 5671 2784 5728 multis
2808 5669 3100 5729 admittitur
3116 5675 3169 5724 et
3194 5669 3453 5738 probatur
3477 5669 3667 5725 oratio.
