4018 6156
273 332 385 388 335

275 447 367 500 ὅτι
405 446 900 517 ἐμαρτυρήσαμεν
934 450 1061 503 κατ’
1085 449 1294 516 αὐτοῦ,
1348 450 1439 504 ὅτι
1491 448 1689 518 ἤγειρε
1742 444 1854 500 τὸν

276 529 558 597 Χριστὸν,
609 529 683 584 ὃν
703 531 814 585 οὐκ
844 529 1102 600 ἤγειρεν,
1130 532 1299 601 εἴπερ
1332 531 1445 602 ἄρα
1489 530 1687 599 νεκροί
1740 530 1853 583 οὐκ

275 613 627 681 ἐγείρονται.
685 614 746 666 Εἰ
808 614 866 666 δὲ
922 615 1122 669 ἄτοπον
1154 616 1316 669 τοῦτο
1377 613 1718 684 (κατηγορία
1744 611 1856 681 γὰρ

276 694 416 748 Θεοῦ
442 697 537 748 καὶ
570 696 956 766 συκοφαντία),
993 698 1088 750 καὶ
1110 698 1211 751 οὐκ
1263 697 1509 768 ἤγειρεν,
1562 695 1639 758 ὣς
1694 710 1853 763 φατε,

275 778 339 831 οὑ
370 779 527 832 τοῦτο
575 781 753 849 μόνον,
804 780 941 834 ἀλλά
971 782 1066 834 καὶ
1094 781 1259 852 ἕτερα
1295 781 1485 851 ἐψεται
1517 780 1712 834 ἄτοπα.
1747 776 1857 832 Καὶ

278 860 442 914 πάλιν
484 862 622 915 αύτά
667 863 1097 927 κατασκευάζει,
1130 864 1227 916 καὶ
1254 863 1628 932 ἀναλαμϐάνει
1659 861 1852 928 λέγων·

280 946 349 998 El
403 945 513 1014 γὰρ
564 945 764 1015 νεκροί
823 949 935 1001 οὐκ
992 948 1342 1018 ἐγείρονται,
1403 945 1545 1001 οὐδὲ
1605 944 1857 1014 Χριστὸς

277 1025 602 1096 ἐγήγερται.
634 1029 697 1081 EE
727 1029 838 1100 γὰρ
868 1030 942 1100 μὴ
975 1030 1169 1101 ἔμελλε
1213 1031 1371 1084 τοῦτο
1420 1032 1616 1091 ποιεῖν,
1649 1027 1759 1081 οὐδ’
1790 1026 1857 1079 ἂν

279 1108 635 1180 παρεγένετο.
681 1111 822 1164 Ἀλλ’
858 1114 920 1165 οὐ
944 1114 1092 1181 λέγει
1120 1113 1297 1177 τοῦτο,
1328 1113 1456 1166 ἀλλά
1482 1113 1538 1164 τὸ
1558 1111 1731 1172 τέλος,
1756 1110 1857 1177 τὴν

279 1193 577 1246 ἀνάστασιν
626 1193 816 1257 αὐτοῦ,
866 1195 932 1248 δι’
963 1197 1133 1267 αὐτῆς
1184 1197 1391 1260 πάντας
1424 1197 1617 1248 ἕλκων.
1669 1195 1740 1247 Εί
1788 1192 1858 1246 δὲ

278 1274 535 1341 Χριστὸς
562 1277 673 1329 οὐκ
708 1276 1033 1346 ἐγήγερται,
1065 1281 1285 1348 ματαία
1324 1279 1361 1346 ή
1414 1279 1618 1343 πίστις
1668 1276 1857 1345 ὑμῶν.

281 1356 371 1426 Τῷ
432 1360 593 1424 σαφεῖ
645 1360 739 1411 καὶ
794 1360 1203 1433 ὡμολογημένῳ
1259 1363 1358 1430 τὴν
1413 1360 1710 1414 ἀνάστασιν
1760 1358 1855 1412 τοῦ

280 1440 523 1512 Χριστοῦ
552 1443 789 1511 συνεχῶς
821 1443 1181 1515 περιτίθησιν,
1214 1445 1322 1499 ἀπὸ
1362 1444 1456 1497 τοῦ
1505 1441 1856 1513 ἰσχυροτέρου

283 1525 379 1577 καὶ
408 1523 471 1576 τὸ
511 1523 734 1587 ἀσθενὲς
762 1520 896 1577 εἶναι
926 1526 1119 1581 δοκοῦν
1167 1528 1260 1579 καὶ
1306 1525 1607 1598 ἀμφίϐολον
1640 1525 1858 1596 ἰσχυρὸν

284 1606 456 1659 ποιῶν
506 1608 599 1659 καὶ
652 1609 839 1676 σαφές.
895 1611 1017 1662 Ἔτι
1044 1610 1187 1664 ἐστὲ
1233 1610 1303 1663 ἐν
1356 1609 1486 1675 ταῖς
1545 1608 1860 1678 ᾀμαρτίαις

285 1688 472 1758 ὑμῶν.
510 1691 572 1742 Εἰ
596 1690 704 1761 γὰρ
730 1691 829 1744 οὐκ
856 1691 1092 1763 ἠγέρθη,
1122 1692 1243 1745 ούδέ
1273 1688 1573 1763 ἀπέθανενὶ
1600 1695 1649 1745 εί
1674 1691 1732 1744 δὲ
1760 1691 1860 1744 οὐκ

286 1773 579 1835 ἀπέθανεν,
604 1774 724 1826 οὺδέ
751 1774 847 1844 τὴν
879 1776 1152 1845 ἁμαρτίαν
1184 1775 1392 1828 ἔλυσεν·
1425 1778 1453 1826 ὁ
1485 1773 1605 1845 γάὴ
1629 1775 1858 1838 θάνατος

289 1856 475 1916 αὐτοῦ.
509 1857 609 1928 τῆς
635 1859 906 1929 ἁμαρτίας
938 1856 1086 1930 [565]
1118 1859 1289 1922 λύσις·
1321 1859 1441 1913 Ἴδε
1464 1856 1802 1930 γάμξησὶν,
1825 1860 1858 1910 ό

304 1939 513 2006 Ἀμνὸς
546 1940 650 1992 τοῦ
708 1940 857 1993 Θεοῦ
909 1944 942 1993 ὁ
995 1942 1177 2007 αἴρων
1235 1942 1349 2007 τὴν
1397 1939 1689 2011 ἁμαρτίαῇ
1749 1940 1857 1994 τοῦ

284 2023 538 2089 κόσμου.
582 2023 705 2086 Πῶς
732 2023 787 2076 δὲ
813 2024 1014 2094 αίρων;
1057 2024 1147 2094 Τῷ
1175 2025 1408 2096 θανάτῳ.
1437 2025 1528 2077 Διὸ
1561 2022 1683 2078 ην
1685 2022 1858 2090 ἀμνὸν

280 2101 562 2167 ἐκάλεσεν,
592 2107 668 2167 ὡς
698 2107 1089 2175 σφαττόμενον.
1127 2108 1187 2161 Et
1234 2108 1290 2160 δὲ
1338 2109 1438 2161 οὐκ
1468 2107 1690 2178 ἀνέστη,
1735 2106 1859 2159 οὐδὲ

279 2187 520 2257 ἐσφάγη·
555 2189 603 2240 εί
654 2189 712 2242 δὲ
761 2190 861 2242 οὐκ
896 2191 1134 2262 ἐσφάγη,
1178 2192 1301 2244 ούδέ
1326 2193 1359 2261 ἡ
1387 2192 1632 2263 ἁμαρτία
1669 2190 1857 2260 ἐλύθη·

278 2271 327 2321 εί
347 2270 403 2323 δὲ
418 2271 519 2324 οὐκ
544 2271 725 2343 ἐλύθη,
748 2273 806 2326 ἐν
834 2274 970 2345 αὐτῇ
1000 2275 1145 2326 ἐστε·
1173 2276 1220 2328 εί
1240 2276 1297 2328 δὲ
1324 2277 1381 2328 ἐν
1403 2277 1541 2346 αὐτῇ
1563 2274 1858 2345 ἐστε.“είκῆ

278 2351 645 2421 ἐκηρύξαμεν·
665 2356 790 2408 εἰδὲ
811 2357 932 2424 είκῆ
954 2358 1322 2429 ἐκηρύξαμεν,
1339 2359 1459 2429 είκῆ
1478 2357 1855 2411 ἐπιστεύσατε.

281 2435 496 2499 Ἄλλως
516 2436 572 2490 δὲ
593 2438 686 2490 καὶ
701 2441 728 2490 ὁ
744 2438 973 2504 θάνατος
990 2441 1261 2503 ἀθάνατος
1288 2442 1458 2511 μένει,
1471 2445 1519 2495 εί
1541 2443 1615 2511 μὴ
1634 2442 1857 2511 ἀνέστη.

280 2517 340 2569 Εί
371 2518 484 2589 γάρ
515 2521 609 2572 καὶ
642 2520 803 2584 αὐτὸς
831 2525 1138 2593 κατεσχέθη
1188 2525 1292 2577 ὑπὸ
1334 2524 1429 2577 τοῦ
1478 2524 1731 2589 θανάτου,
1767 2526 1860 2579 καὶ

275 2600 378 2653 οὐκ
432 2600 619 2655 ἐλυσεν
649 2604 816 2656 αὐτοῦ
875 2605 974 2667 τὰς
1019 2607 1236 2670 ὠδῖνας,
1290 2608 1408 2671 πῶς
1467 2608 1677 2670 πάντας
1737 2610 1861 2671 τοὺς

277 2680 478 2746 ἄλλους
523 2685 833 2755 ἀπήλλαξεν
882 2687 962 2740 ἐτι
1004 2690 1164 2752 αὐτὸς
1212 2689 1609 2761 κατεχόμενος;
1646 2691 1736 2744 Διὸ
1769 2693 1861 2744 καὶ

279 2768 520 2834 ἐπάγει·
575 2770 714 2836 Ἀρα
778 2770 876 2824 καὶ
944 2775 998 2825 οἱ
1061 2772 1446 2842 κοιμηθέντες
1503 2774 1573 2827 ἐν
1627 2774 1862 2842 Χριστῷ

277 2849 619 2903 ἀπώλοντο.
659 2853 768 2905 Καὶ
790 2854 844 2905 τί
878 2854 1023 2921 λέγω
1050 2858 1177 2926 περὶ
1208 2855 1384 2926 ὑμῶν,
1415 2858 1599 2928 φησὶν,
1634 2857 1767 2910 ὅπου
1796 2874 1860 2923 γε

279 2934 371 2985 καὶ
408 2932 610 2985 ἐκεῖνοι
648 2935 848 2997 πάντες
881 2937 1249 2997 ἀπολώλασιν,
1308 2939 1358 2991 οἱ
1409 2940 1468 2992 τὸ
1519 2941 1628 2993 πᾶν
1676 2940 1862 2993 διανύ-

282 3032 499 3080 σαντες,
552 3016 646 3069 καὶ
674 3017 772 3088 οὐχ
806 3019 1154 3089 ὑποκείμενοι
1189 3021 1374 3075 λοιπὸν
1417 3025 1482 3093 τῇ
1531 3023 1724 3095 ἀδηλία
1765 3023 1860 3076 τοῦ

283 3100 611 3169 μέλλοντος;
647 3100 720 3153 Τὸ
744 3101 821 3164 δὲ,
870 3103 973 3156 Ἔν
1004 3103 1254 3171 Χριστῷ,
1284 3104 1315 3175 ἢ
1347 3105 1408 3158 τὸ
1456 3108 1514 3159 ἐν
1565 3110 1631 3177 τῇ
1680 3108 1862 3161 πίστει

282 3184 474 3252 φησὶν,
505 3183 610 3252 ῆοί
639 3184 706 3237 δι’
734 3184 898 3239 αὑτὸν
932 3186 1317 3252 ἀποθανόντες,
1359 3189 1409 3241 οἱ
1456 3188 1685 3252 πολλοὺς
1726 3191 1858 3244 ὐπο-

285 3267 576 3335 μείναντες
626 3268 944 3334 κινδύνους,
1010 3270 1063 3323 οί
1116 3270 1318 3336 πολλὰς
1368 3272 1765 3344 ταλαιπωρίας,
1812 3276 1861 3327 οί

283 3347 373 3401 διὰ
399 3349 505 3418 τῆς
539 3354 728 3423 στενῆς
762 3353 883 3407 ὁδοῦ
938 3353 1275 3424 βαδίσαντες.
1331 3356 1442 3409 Ποῦ
1497 3356 1593 3411 νῦν
1641 3359 1749 3411 εἰσι
1792 3358 1864 3411 τά

290 3430 511 3502 πονηρά
536 3433 644 3487 τῶν
669 3436 985 3507 Μανιχαίων
1009 3438 1275 3509 στόματα,
1306 3439 1416 3493 τῶν
1444 3439 1710 3510 λεγόντων
1734 3441 1865 3496 ἀνά-

293 3527 489 3566 στασιν
556 3516 717 3570 αὐτὸν
766 3518 1001 3573 ἐνταῦθα
1054 3519 1236 3588 λέγειν
1282 3523 1382 3592 τῆς
1433 3522 1711 3594 ἁμαρτίας
1764 3523 1864 3595 τὴν

289 3595 648 3668 ἀπαλλαγήν;
706 3601 768 3653 Οί
829 3601 939 3673 γάρ
996 3602 1194 3656 πυκνοὶ
1252 3597 1399 3657 οὗτοι
1462 3605 1559 3659 καὶ
1619 3609 1865 3677 συνεχεῖς

288 3679 648 3752 συλλογισμοὶ
726 3685 817 3739 καὶ
896 3685 1354 3758 ἀντιστρέφοντες
1429 3689 1583 3742 οὐδὲν
1657 3690 1867 3746 τούτων

287 3762 656 3832 ἐμφαίνουσιν
698 3758 780 3839 ὧν
826 3769 1024 3821 ἐκεῖνοι
1077 3767 1351 3836 λέγουσιν,
1396 3770 1514 3824 ἀλλ’
1533 3773 1672 3840 ὅπερ
1707 3775 1867 3844 ἡμεῖς

287 3860 491 3916 φαμεν.
528 3848 640 3903 Καὶ
659 3848 767 3920 γάρ
793 3851 1086 3915 ἀνάστασις
1114 3851 1209 3905 τοῦ
1249 3855 1597 3918 πεπτωκότος
1623 3854 1862 3923 λέγεται.

286 3927 385 3982 Διά
429 3927 594 3983 τοῦτο
620 3933 714 3985 καὶ
755 3932 992 4002 συνεχῶς
1049 3934 1290 4002 ἐπιλέγει
1342 3936 1404 3988 οὐ
1453 3935 1515 3989 τὸ
1562 3937 1864 4008 ἐγηγέρθαι

291 4011 473 4079 μόνον,
522 4013 657 4067 ἀλλά
705 4017 800 4068 καὶ
848 4015 929 4079 τὸ,
975 4017 1069 4071 Ἐκ
1105 4017 1355 4085 νεκρῶν,
1392 4021 1720 4091 προστιθείς.
1754 4022 1865 4083 Καὶ

287 4095 571 4167 Κορίνθιοι
597 4097 654 4150 δέ
673 4099 734 4151 οὐ
772 4100 902 4169 περ).
958 4100 1204 4168 ἀφέσεως
1259 4102 1675 4174 ἁμαρτημάτων
1715 4107 1865 4176 ἀμφ-

289 4176 540 4247 έϐαλλον,
570 4179 706 4234 ἀλλά
736 4182 865 4253 περὶ
894 4182 1162 4252 σωμάτων
1204 4186 1567 4251 ἀναστάσεως.
1622 4189 1757 4242 Ποία
1807 4190 1865 4243 δὲ

287 4258 425 4323 ὅλως
446 4262 689 4333 ἀνάγκη.
721 4265 769 4317 εί
803 4265 877 4334 μὴ
907 4265 1285 4335 ἀναμάρτητοι
1320 4268 1429 4320 εἷεν
1474 4269 1524 4320 οί
1566 4268 1862 4339 ἄνθρωποι,

294 4341 430 4410 μηδὲ
455 4343 550 4396 τὸν
579 4345 815 4415 Χριστὸν
863 4345 1021 4399 τοῦτο
1065 4343 1235 4413 sive“;
1271 4349 1332 4401 Εί
1374 4350 1483 4420 γὰρ
1529 4350 1602 4421 μὴ
1646 4350 1866 4421 ἔμελλεν

290 4424 553 4495 ἐγείρειν,
582 4428 874 4482 ἀκόλουθον
900 4430 961 4482 τὸ
991 4429 1192 4499 λέγειν,
1218 4431 1361 4495 τίνος
1383 4433 1567 4486 ἕνεκεν
1593 4431 1747 4505 ἦλθε,
1774 4436 1868 4489 καὶ¹

294 4508 473 4578 σάρκα
524 4510 706 4573 ἔλαϐε,
758 4514 851 4565 καὶ
904 4514 1138 4583 ἀνέστη;
1171 4514 1231 4566 τὸ
1257 4515 1314 4567 δέ
1345 4517 1613 4588 ἡμέτερον
1657 4520 1863 4575 οὐκέτι.

294 4591 401 4676 καὶ
429 4592 992 4676 γάράμαρτανόντων
1034 4597 1336 4668 ἀνθρώπων
1386 4601 1479 4653 καὶ
1510 4602 1585 4670 μὴ
1613 4603 1866 4676 ἁμαρτα-

292 4671 515 4741 νόντων,
543 4675 631 4728 ἀεὶ
663 4677 877 4730 σύνεστι
919 4677 996 4748 τῷ
1025 4678 1143 4749 Θεῷ
1199 4680 1257 4732 τὸ
1310 4671 1716 4754 ἀναμάρτητον,
1735 4671 1746 4676 ⁷
1772 4688 1867 4741 καὶ

291 4756 390 4840 οὐχ
421 4757 617 4812 ἐπεται
658 4761 719 4812 τὸ
772 4761 1036 4831 ἡμέτερον
1083 4764 1299 4834 ἐκείνῳ,
1356 4766 1476 4818 οὐδὲ
1520 4768 1867 4840 ἀντιστρέφει

292 4838 452 4893 τοῦτο
494 4842 634 4911 πρὸς
681 4844 874 4905 ἐκεῖνο,
928 4844 1114 4915 ὥσπερ
1146 4847 1240 4899 ἐπὶ
1291 4848 1390 4917 τῆς
1436 4848 1545 4902 τῶν
1599 4838 1867 4922 σωμάτων

294 4922 667 4988 ἀναστάσεως.
699 4928 766 4979 El
795 4927 864 4979 ἐν
887 4926 961 4995 τῇ
992 4927 1103 4997 ζωῇ
1129 4931 1311 4997 ταύτῃ
1336 4933 1652 4998 ἠλπικότες
1678 4936 1869 5003 ἐσμὲν

293 5005 361 5057 ἐν
383 5008 621 5075 Χριστῷ
636 5011 849 5080 μόνον,
874 5013 1256 5079 ἐλεεινότεροι
1282 5015 1522 5069 πάντων
1545 5018 1867 5086 ἀνθρώπων

293 5088 502 5159 ἐσμέν.

349 5214 436 5287 “γ’.
460 5220 529 5273 Τί
555 5220 757 5289 λέγεις,
774 5225 821 5279 ᾧ
845 5222 1052 5287 Παῦλε;
1076 5223 1191 5287 πῶς
1208 5225 1266 5276 ἐν
1288 5226 1352 5295 τῇ
1379 5226 1489 5295 ζωῇ
1512 5226 1681 5298 ταύτῃ
1709 5230 1866 5299 μόνον

297 5301 595 5369 ἠλπικότες
622 5304 812 5376 ἐσμὲν,
844 5309 893 5360 εἰ
922 5305 1150 5377 σώματα
1183 5307 1283 5360 οὐκ
1311 5308 1606 5379 ἐγείρεται,
1640 5311 1740 5381 τῆς
1768 5312 1869 5381 ψυ-

298 5388 398 5456 χῆς
428 5386 705 5458 μενούσης
735 5391 829 5444 καὶ
876 5389 1143 5447 ἀθανάτου
1188 5390 1384 5463 οὔσηςς
1423 5393 1544 5448 ’Ὁτι
1574 5394 1679 5448 κᾶν
1729 5396 1865 5468 μένῃ

297 5470 330 5535 ή
355 5469 529 5540 ψυχὴ,
578 5471 683 5525 κάν
736 5474 993 5544 μυριάκις
1024 5474 1292 5538 ἀθάνατος
1339 5471 1397 5547 ᾖ,
1430 5475 1618 5547 ὥσπερ
1645 5472 1738 5531 οὖν
1772 5480 1868 5532 καὶ

300 5548 435 5618 εστι,
465 5552 573 5622 τῆς
596 5555 796 5624 σαρκὸς
817 5556 987 5626 χωρὶς
1011 5556 1110 5608 οὐκ
1134 5555 1470 5625 ἀπολήψεται
1490 5558 1561 5610 τὰ
1580 5560 1868 5632 ἀπόρρητα

302 5632 484 5699 ἀγαθά
510 5637 719 5703 ἐκεῖνα,
750 5637 936 5708 ὥσπερ
960 5634 1053 5692 οῦν
1077 5638 1195 5691 οὐδὲ
1227 5639 1635 5709 κολασθήσεται·
1666 5643 1866 5698 Πάντα

304 5713 408 5789 γὰρ
438 5720 925 5789 φανερωθιξσεται
955 5721 1288 5790 ἔμπροσθεν
1328 5721 1431 5776 τοῦ
1460 5723 1731 5792 ,ϐήματος
1761 5726 1864 5778 τοῦ

1234 316 1305 393 IN’
1345 328 1565 392 EPIST.
1602 333 1620 387 ι
1688 332 1778 387 AD
1810 328 1970 385 con.
2017 331 2256 390 HOMIL.
2297 336 2540 392 χχχιχ.

3425 337 3530 394 536

1958 446 2217 513 Χριστοῦ
2242 492 2255 515 ,
2315 451 2415 504 ἵνα
2465 450 2722 516 ἕκαστος
2775 451 3093 521 κομίσηται
3152 451 3224 504 τὰ
3277 449 3377 504 διὰ
3424 450 3533 504 τοῦ

1955 529 2248 597 σώματος,
2282 533 2430 602 πρὸς
2457 535 2493 587 ιῖ
2522 534 2803 600 ἔπραξεν,
2833 534 2954 587 εἴτε
2982 533 3172 602 ἀγαθὰ
3204 532 3324 586 εἶτε
3355 532 3530 586 κακά.

1956 612 2056 665 Διά
2092 613 2249 666 τοῦτό
2292 632 2476 685 φησιν·
2511 616 2575 670 El
2608 616 2677 669 ἐν
2722 615 2797 685 τῇ
2844 615 2959 685 ζωῇ
2994 617 3180 683 ταύτῃ
3210 616 3534 683 ἠλπικότες

1955 695 2145 763 ἐσμὲν
2195 698 2265 750 ἐν
2319 698 2551 765 Χριστῷ
2600 700 2807 767 μόνον,
2859 699 3247 766 ἐλεεινότεροι
3293 697 3537 751 πάντων

1956 778 2284 846 ἀνθρώπων
2315 782 2524 851 ἐσμέν.
2558 784 2622 836 Et
2654 783 2764 853 γάρ
2792 783 2891 835 οὐκ
2919 782 3203 837 ἀνίσταται
3242 782 3305 835 τὸ
3354 782 3532 852 σῶμα,

1957 862 2338 930 ἀστεφάνωτος
2367 867 2400 935 ἡ
2429 865 2579 935 ψυχὴ
2612 863 2763 937 [566]
2802 865 2954 934 μένει
2984 865 3089 931 ἔξω
3120 866 3218 934 τῆς
3265 864 3533 935 μακαριό-

1956 962 2117 1014 τητος
2146 946 2363 1015 ἐκείνης
2391 948 2492 1017 τῆς
2534 951 2592 1001 ἐν
2620 949 2889 1019 οὐρανοῖς·
2915 951 2963 1001 εί
3005 950 3061 1002 δὲ
3111 948 3290 1013 τοῦτο,
3324 947 3535 1010 οὐδενὸς

1958 1026 2386 1098 ἀπολαυσόμεθα
2415 1031 2538 1083 τότε
2572 1031 2820 1083 καθόλου·
2858 1033 2906 1083 εί
2939 1031 2996 1084 δὲ
3037 1031 3157 1084 τότε
3202 1031 3435 1093 οὐδενὸς,
3476 1032 3535 1082 ἐν

1957 1109 2035 1178 τῷ
2065 1111 2293 1180 παρόντι
2344 1114 2412 1165 τά
2467 1112 2574 1165 τῶν
2615 1113 2879 1184 ἀμοιϐῶν.
2918 1114 2983 1165 Τί
3037 1110 3130 1167 οὖν
3183 1111 3341 1183 ἡμῶν
3395 1111 3536 1166 κατὰ

1958 1191 2115 1244 τοῦτο
2142 1192 2469 1265 ἀθλιώτερον
2497 1195 2694 1263 γένοιτ’
2731 1195 2818 1255 ἂν,
2860 1196 3028 1267 φησί;
3060 1196 3244 1249 Ταῦτα
3266 1194 3322 1247 δέ
3350 1194 3536 1262 ἔλεγεν

1958 1274 2095 1344 ὁμοῦ
2132 1275 2232 1344 μὲν
2259 1278 2340 1340 εἰς
2387 1277 2478 1330 τὸν
2517 1280 2645 1348 περὶ
2699 1280 3050 1342 ἀναστάσεως
3104 1275 3375 1348 στηρίζων
3426 1277 3536 1329 τῶν

1962 1358 2229 1427 σωμάτων
2259 1359 2467 1423 αὐτοὺς,
2493 1360 2672 1428 λόγον,
2700 1360 2833 1430 ὁμοῦ
2868 1361 2925 1414 δέ
2955 1362 3052 1414 καί⁸
3096 1362 3226 1432 περὶ
3259 1359 3356 1427 τῆς
3399 1359 3536 1411 ἀθα-

1961 1441 2122 1495 νάτου
2147 1442 2294 1512 ζωῆς
2324 1443 2540 1512 ἐκείνης
2574 1446 2794 1508 πείθων,
2852 1446 2939 1498 ἵνα
2995 1445 3070 1515 μὴ
3123 1445 3203 1506 είς
3251 1442 3314 1495 τδ
3363 1441 3536 1512 παρὸν

1959 1524 2222 1594 νομίζωσι
2253 1526 2321 1579 τά
2344 1528 2601 1597 ἡμέτερα
2625 1528 2919 1581 καταλύειν
2949 1527 3146 1579 πάντα.
3182 1523 3538 1603 Κατασκευά-

1962 1625 2060 1671 σας
2089 1608 2432 1680 γάρίκανῶς
2458 1612 2546 1665 διὰ
2568 1613 2677 1666 τῶν
2704 1612 3038 1683 ἔμπροσθεν,
3082 1613 3221 1682 ὅπερ
3265 1609 3536 1673 ἐϐούλετο,

1959 1690 2056 1744 καὶ
2099 1692 2291 1756 εἰπὼν,
2341 1697 2410 1747 Εἰ
2442 1696 2645 1764 νεκροί
2696 1699 2808 1750 οὐκ
2847 1697 3192 1765 ἐγείρονται,
3229 1691 3372 1747 οὐδὲ
3402 1694 3538 1759 Χρι-

1960 1789 2038 1826 στ
2040 1772 2107 1839 ὸς
2133 1774 2445 1845 ἐγήγερται
2467 1793 2482 1807 ·
2510 1780 2565 1831 εί
2620 1777 2689 1833 δὲ
2722 1778 2972 1845 Χριστὸς
3004 1779 3114 1831 οὐκ
3144 1773 3386 1845 ἠγέρθη,
3432 1774 3538 1827 ἀπ·

1959 1857 2232 1927 ωλόμεθα,
2261 1861 2357 1913 καὶ
2388 1861 2469 1915 ἐτι
2504 1863 2668 1931 ἐσμὲν
2702 1864 2758 1914 ἐν
2779 1863 2899 1924 ταῖς
2919 1861 3234 1932 ἁμαρτίαις·
3255 1856 3416 1911 πάλιν
3446 1856 3540 1910 καὶ

1959 1940 2117 1992 τοῦτο
2162 1943 2379 2011 ἐπάγει,
2438 1943 2741 1998 κατασείων
2780 1943 2960 1998 αὐτῶν
2994 1945 3091 2014 τὴν
3118 1943 3397 1996 ἀπόνοιαν.
3427 1940 3541 1993 Καὶ

1961 2022 2067 2094 γὰρ
2091 2024 2218 2079 ὅταν
2244 2025 2413 2098 μέλλῃ
2435 2044 2487 2079 τι
2508 2028 2615 2079 τῶν
2637 2028 2948 2095 ἀναγκαίων
2973 2027 3213 2093 εἰσάγειν
3230 2024 3536 2094 δογμάτων,

1959 2105 2038 2175 τῷ
2076 2106 2227 2176 φόϐῳ
2261 2108 2360 2179 τὴν
2392 2108 2652 2181 πώρωσιν
2678 2109 2857 2163 αὐτῶν
2884 2108 3189 2162 διασαλεύει
3226 2107 3442 2178 πρῶτον
3467 2122 3482 2137 '
3510 2106 3540 2158 ὃ

1957 2188 2021 2259 δὴ
2057 2191 2151 2242 καὶ
2182 2191 2411 2244 ἐνταῦθα
2442 2192 2720 2262 ἐποίησεν,
2748 2193 3007 2262 ἀνωτέρω
3032 2208 3092 2244 τε
3126 2189 3264 2244 αύτά
3290 2187 3539 2241 διασπεί-

1965 2288 2083 2342 ρας,
2122 2274 2216 2325 καὶ
2266 2275 2594 2343 ἐναγωνίους
2652 2276 3003 2345 καταστήσας
3057 2273 3275 2335 αὐτοὺς,
3328 2271 3405 2333 ὡς
3443 2268 3539 2324 τοῦ

1961 2356 2163 2418 παντὸς
2198 2357 2532 2422 ἐκπεσόντας
2554 2376 2567 2390 ·
2596 2361 2690 2412 καὶ
2724 2358 2819 2411 νῦν
2855 2358 3015 2410 πάλιν
3044 2354 3267 2427 ἐτέρως,
3320 2354 3415 2407 καὶ
3465 2352 3542 2415 ὡς

1962 2437 2027 2492 ἂν
2061 2439 2297 2509 μάλιστα
2326 2441 2591 2512 ἤλγησαν,
2627 2442 2688 2494 τὸ
2735 2440 2866 2493 αὐτὸ
2910 2438 3069 2491 τοῦτο
3100 2439 3289 2499 ποιῶν,
3334 2436 3427 2489 καὶ
3455 2434 3540 2487 λέ-

1960 2538 2091 2590 γων·
2130 2523 2549 2592 Ἔλεεινότεροι
2583 2523 2827 2577 πάντων
2856 2521 3181 2589 ἀνθρώπων
3213 2519 3430 2589 ἐσμὲν,
3466 2519 3538 2581 εί,

1964 2606 2103 2676 μετά
2135 2607 2425 2671 τοσούτους
2454 2608 2724 2677 πολέμους
2750 2608 2843 2659 καὶ
2867 2607 3133 2668 θανάτους
3156 2606 3248 2658 καὶ
3270 2604 3337 2658 τά
3370 2602 3541 2674 μυρία

1959 2688 2128 2753 δεινά,
2164 2689 2433 2742 τοσούτων
2470 2691 2759 2760 μέλλοιμεν
2807 2691 3095 2741 ἐκπίπτειν
3150 2687 3392 2756 ἀγαθῶν,
3447 2683 3541 2738 καὶ

1965 2772 2127 2842 μέχρι
2160 2772 2252 2825 τοῦ
2289 2773 2558 2843 παρόντος
2608 2774 2676 2826 τά
2733 2773 2979 2843 ἡμέτερα
3028 2771 3247 2840 ἔστηκε·
3279 2771 3376 2822 καὶ
3430 2766 3540 2836 γάρ

1963 2857 2141 2909 πάντα
2173 2859 2271 2925 τῆς
2296 2858 2649 2919 ἀναστάσεως
2682 2857 2942 2927 ἤρτηται.
2974 2854 3137 2907 ’Ὥστε
3164 2855 3258 2906 καὶ
3292 2850 3541 2905 ἐντεῦθεν

1961 2938 2141 3008 δῆλον,
2175 2941 2255 2992 ὅτι
2288 2940 2348 2992 ού
2398 2942 2525 3012 περὶ
2560 2939 2978 3011 ἁμαρτημάτων
3023 2940 3051 2990 ό
3080 2936 3236 3004 λόγος
3270 2934 3418 3004 αὐτῷ
3447 2930 3538 3003 ἦν.

1962 3022 2099 3075 ἁλλὰ
2124 3023 2251 3092 περὶ
2278 3022 2549 3092 σωμάτων
2579 3022 2950 3088 ἀναστάσεως,
2978 3021 3072 3073 καὶ
3095 3019 3241 3089 ζωῆς
3275 3020 3373 3089 τῆς
3401 3033 3544 3088 παρ-
3658 3080 3668 3092 ,

1962 3104 2128 3176 ούσης
2166 3107 2260 3158 καὶ
2292 3106 2390 3175 τῆς
2434 3105 2752 3177 μελλούσης.
2823 3104 2975 3159 Νυνὶ
3007 3103 3076 3156 δὲ
3107 3101 3361 3170 Χριστὸς
3402 3100 3541 3170 ἐτή-

1961 3203 2161 3254 γερται
2211 3188 2279 3241 ὲκ
2311 3187 2560 3256 νεκρῶν,
2612 3187 2853 3256 ἀπαρχὴ
2907 3184 3027 3241 τῶν
3075 3184 3539 3255 κεκοιμημένων.

1962 3270 2150 3336 Δείξας
2179 3271 2280 3324 ὅσα
2320 3273 2384 3323 ἐκ
2413 3272 2505 3325 τοῦ
2559 3271 2634 3343 μὴ
2683 3271 3034 3325 πιστεύεσθαι
3093 3270 3189 3339 τὴν
3244 3269 3542 3323 ἀνάστασιν

1962 3354 2206 3407 τίκτεται
2231 3355 2299 3407 τά
2327 3354 2492 3418 κακά,
2520 3354 2893 3425 ἀναλαμϐάνει
2920 3355 3014 3407 τὸν
3038 3353 3194 3420 λόγον
3233 3352 3415 3412 πάλιν,
3447 3350 3542 3403 καί

1964 3453 2117 3506 φησι·
2147 3437 2299 3492 Νυνὶ
2333 3437 2402 3489 δὲ
2429 3436 2684 3504 Χριστὸς
2708 3436 3016 3506 ἐγήγερται
3047 3436 3113 3488 ἐκ
3137 3433 3387 3502 νεκρῶν·
3420 3449 3544 3485 συν-

1963 3518 2101 3587 εχῶς
2124 3519 2187 3571 τὸ
2232 3519 2334 3573 Ἐκ
2383 3518 2617 3586 νεκρῶν
2665 3518 3003 3589 προστιθεὶς,
3048 3516 3190 3570 ὥστε
3222 3514 3542 3585 ἀπορράψαι

1963 3600 2072 3654 τῶν
2101 3599 2392 3673 αἱρετικῶν
2422 3600 2491 3654 τά
2522 3600 2785 3671 στόματα.
2826 3599 3093 3668 ’Δπαρχὴ
3128 3595 3246 3651 τῶν
3269 3613 3544 3666 κεκοιμη-

1958 3684 2178 3754 μένων.
2213 3686 2278 3739 Εί
2309 3684 2366 3739 δὲ
2408 3685 2653 3755 ἀπαρχὴ,
2683 3685 2779 3739 καὶ
2825 3683 3047 3747 τούτους
3095 3683 3395 3752 ἀναστῆναι
3438 3680 3539 3736 δεῖ.

1964 3768 2029 3822 Εί
2059 3767 2117 3820 δὲ
2141 3768 2436 3823 ἀνάστασιν
2462 3767 2562 3838 τὴν
2579 3768 2688 3822 τῶν
2710 3769 2993 3838 ἁμαρτιῶν
3022 3765 3344 3836 ἀπαλλαγὴν
3370 3765 3398 3803 ι’
3426 3763 3542 3819 ελε-

1964 3868 2084 3920 γεν,
2115 3851 2292 3915 οὐδεὶς
2326 3851 2383 3905 δὲ
2422 3851 2698 3922 ἁμαρτίας
2728 3850 2887 3913 ἐκτὸς
2919 3852 3054 3917 (καὶ
3083 3849 3190 3921 γάρ
3218 3847 3429 3910 Παῦλος
3454 3846 3541 3900 λί-

1963 3953 2071 4006 γει,
2109 3935 2302 3992 Οὐόὲν
2331 3935 2566 4006 ἐμαυτῷ
2595 3935 2873 4001 σύνοιδα,
2909 3935 3046 3989 ἀλλ’
3083 3936 3195 3988 οὐκ
3243 3933 3313 3986 ἐν
3354 3932 3543 3998 τούτῳ

1963 4018 2410 4087 δεδικαίωμαι),
2463 4018 2580 4082 πῶς
2631 4018 2845 4072 ἔσονταί
2892 4034 3037 4080 τινες
3086 4018 3136 4069 οί
3192 4013 3540 4084 ἀνιστάμενοι

1965 4101 2086 4156 καθ’
2119 4103 2293 4173 ὑμᾶς;
2344 4102 2509 4173 Ὁρᾷς
2542 4103 2624 4156 ὅτι
2676 4102 2805 4173 περὶ
2850 4100 3120 4170 σωμάτων
3148 4101 3176 4152 ὁ
3206 4097 3359 4165 λόγος
3389 4097 3540 4166 αύτῴ

1962 4181 2065 4256 ἦνς
2104 4185 2214 4239 Καὶ
2247 4186 2331 4238 ἵνα
2374 4185 2686 4249 ἀξιόπιστον
2733 4184 2866 4238 αὐτὸ
2905 4184 3129 4254 ποιήσῃ,
3180 4180 3418 4250 συνεχῶς
3448 4179 3540 4231 τὸν

1965 4269 2198 4336 Χριστὸν
2228 4269 2309 4330 εἰς
2362 4268 2422 4319 τὸ
2452 4267 2616 4337 μέσον
2644 4267 2934 4337 προφέρει,
2987 4265 3075 4317 τὸν
3125 4263 3433 4317 ἀναστάντα
3481 4264 3539 4315 ἐν

1968 4349 2149 4418 σαρκί·
2185 4345 2305 4402 εἶτα
2340 4349 2432 4402 καὶ
2473 4348 2781 4416 αἰτιολογεῖ.
2818 4349 2994 4416 Ὅπερ
3047 4346 3155 4415 γὰρ
3207 4345 3364 4414 ἔφην,
3410 4345 3540 4397 ὅταν

1966 4432 2336 4501 ἀποφαίνηται
2363 4433 2482 4502 μὲν,
2514 4431 2613 4502 τὴν
2638 4431 2692 4484 δὲ
2727 4429 2909 4484 αἰτίαν
2944 4428 3019 4500 μὴ
3047 4429 3202 4498 λέγῃ,
3231 4429 3328 4497 οὐχ
3365 4427 3535 4492 οὕτως

1966 4515 2374 4587 εὐπαράδεκτος
2406 4515 2435 4566 ὁ
2456 4514 2614 4583 λόγος
2640 4514 2848 4583 γίνεται
2882 4516 2993 4576 τοῖς
3017 4511 3253 4575 πολλοῖς.
3302 4511 3399 4572 Τίς
3444 4507 3538 4565 οὖν

1965 4601 1997 4667 ἡ
2028 4599 2207 4662 ali-cia;
2278 4597 2519 4666 Ἐπειδὴ
2557 4598 2670 4666 γὰρ
2710 4597 2782 4650 δι’
2810 4594 3125 4663 ἀνθρώπου
3173 4597 3206 4647 ό
3258 4592 3535 4659 θάνατος,

1966 4681 2062 4735 καί
2094 4681 2170 4734 δι’
2197 4680 2511 4748 ἀνθρώπου
2532 4682 2570 4748 ἡ
2595 4679 2934 4745 ἀνάστασις
2959 4676 3078 4730 τῶν
3107 4676 3354 4744 νεκρῶν.
3385 4678 3447 4730 Εί
3482 4676 3539 4728 δὲ

1965 4763 2031 4816 δι’
2056 4764 2367 4834 ἀνθρώπου,
2397 4765 2560 4833 σῶμα
2594 4764 2812 4824 πάντως
2840 4761 3073 4830 ἔχοντος.
3105 4760 3214 4813 Καὶ
3243 4760 3344 4827 ὅρα
3375 4758 3536 4811 αὐτοῦ

1965 4847 2065 4917 τὴν
2109 4846 2341 4909 σύνεσιν,
2373 4845 2488 4908 πῶς
2519 4844 2613 4899 καὶ
2654 4845 2856 4915 ἑτέρως
2904 4845 3202 4910 ἀναγκαῖον
3254 4844 3398 4894 ποιεῖ
3445 4841 3538 4894 τὸν

1966 4927 2143 4995 λόγον.
2171 4929 2276 4983 Τὸν
2303 4928 2411 4999 γάρ
2437 4927 2762 4997 ἡττηθέντα,
2799 4927 2986 4998 φησὶν,
3011 4923 3170 4978 αὐτὸν
3196 4925 3289 4977 καί¹
3322 4925 3537 4991 ἀναμα-

1968 5011 2229 5080 χέσασθαι
2285 5013 2364 5063 δεῖ
2419 5010 2517 5081 τὴν
2571 5010 3002 5080 καταϐληθεῖσαν
3035 5007 3218 5076 φύσιν,
3253 5006 3415 5058 αὐτὸν
3443 5006 3538 5058 καὶ

1969 5093 2206 5163 νικῆσαι·
2259 5092 2401 5145 οὕτω
2452 5092 2558 5164 γὰρ
2606 5092 2665 5144 τὸ
2692 5091 2890 5153 ὄνειδος
2924 5090 3266 5161 ἀπετρίϐετο.
3310 5088 3537 5157 Ἵδωμεν

1968 5176 2025 5228 δὲ
2053 5176 2206 5227 ποῖόν
2247 5192 2380 5243 φησι
2410 5174 2658 5227 θάνατον.
2688 5174 2918 5239 ’Ὠσπερ
2964 5173 3074 5242 γὰρ
3123 5172 3193 5224 ὲν
3242 5170 3321 5236 τῷ
3365 5171 3539 5240 Ἀδὰμ

1969 5256 2193 5323 πάντες
2234 5256 2752 5321 ἀποθνήσκουσιν,
2797 5256 2949 5309 οὕτω
2980 5254 3073 5307 καί
3104 5254 3174 5307 ἐν
3205 5252 3284 5319 τῷ
3305 5252 3537 5322 Χριστῷ

1969 5339 2190 5404 πάντες
2249 5338 2805 5407 ζωοποιηθήσονται.
2844 5339 2909 5391 Τί
2960 5334 3085 5403 οῦν;
3141 5338 3362 5399 πάντες,
3413 5334 3535 5387 εἰπέ

1972 5440 2084 5492 μοι,
2114 5422 2382 5476 ἀπέθανον
2410 5424 2467 5473 ἐν
2492 5422 2570 5491 τῷ
2603 5422 2775 5491 Ἀδὰμ
2807 5423 2897 5475 τὸν
2932 5422 3030 5491 τῆς
3056 5420 3327 5490 ἁμαρτίας
3368 5416 3534 5470 θάνα-

1968 5521 2090 5571 τον;
2114 5504 2233 5568 πῶς
2258 5499 2351 5557 οὖν
2375 5504 2498 5557 Νῶε
2529 5504 2734 5569 δίκαιος
2753 5506 2815 5560 ἐν
2834 5507 2898 5575 τῇ
2927 5505 3089 5575 γενεᾷ
3117 5499 3315 5560 αὑτοῦ;
3346 5496 3460 5555 πῶς
3476 5494 3535 5545 δι

2029 5718 2056 5757 ³⁵
2083 5720 2252 5770 Deerat
2277 5720 2566 5782 ἀπαλλαγήν.
