4018 6156
459 282 564 340 557

469 394 1095 470 ’Δϐραὰμ;[56ηπῶςδὲ
1121 402 1240 455 Ἰὼϐ
1257 420 1272 468 ;
1292 404 1410 467 πῶς
1435 404 1491 458 δὲ
1513 407 1561 458 οί
1588 404 1736 460 ἄλλοι
1761 404 2024 468 άπαντες;

455 480 522 533 Τί
546 480 625 546 δὲ,
652 482 770 534 είπέ
805 501 917 550 μοι,
953 483 1153 548 πάντες
1178 485 1681 558 ζωοποιηθήσονται
1708 491 1768 542 ὲν
1794 487 1872 559 τῷ
1897 488 2031 557 Χρι-

458 570 596 641 mp;
627 572 737 624 Καὶ
788 573 891 625 ποῦ
929 576 976 626 οί
1007 577 1088 638 εἰς
1116 576 1341 643 γέενναν
1384 578 1752 650 άπαγόμενοι;
1785 579 1883 631 Ἂν
1931 577 2029 648 μὲν

454 662 562 732 γὰρ
594 664 721 733 περὶ
749 662 999 734 σώματος
1026 668 1314 739 εἰρημένον
1401 670 1579 737 τοῦτο,
1612 672 1844 741 ἕστηκεν
1881 673 1910 724 6
1941 670 2029 723 λό-

455 769 568 819 γοςο
593 753 659 808 ἂν
682 755 740 808 δὲ
770 758 900 825 περὶ
947 758 1297 832 δικαιοσύνης
1347 763 1442 816 καὶ
1492 763 1787 835 ἁμαρτίας,
1819 761 2024 816 οὐκέτι.

451 840 605 906 Εἶτα.
660 847 745 900 ἵνα
803 849 878 921 μὴ
929 849 1028 921 τὴν
1072 851 1399 923 ζωοποίησιν
1430 855 1614 926 κοινὴν
1640 853 1899 917 ἀκούσας,
1933 855 2027 906 καὶ

450 935 577 997 τοὺς
641 937 1000 1008 ἁμαρτωλοὺς
1063 942 1292 1014 νομίσῃς
1351 944 1619 1010 σώζεσθαι
1652 986 1666 1008 ,
1720 946 2023 1014 ἐπήγαγενο

451 1025 748 1096 Ἕκαστος
775 1030 844 1083 δὲ
875 1032 944 1085 ἐν
973 1032 1053 1099 τῷ
1090 1034 1217 1102 ίὸίῳ
1251 1038 1516 1106 τάγματι.
1546 1038 1637 1106 Μὴ
1673 1036 1801 1108 γὰρ,
1838 1035 2025 1108 ἐπειδὴ

450 1120 743 1175 ἀνάστασιν
774 1124 1033 1194 ἤκουσας,
1075 1130 1260 1198 νόμιζε
1308 1130 1519 1192 πάντας
1544 1131 1652 1183 τῶν
1680 1129 1859 1184 αὐτῶν
1889 1133 2025 1185 ἀπο-

449 1210 656 1268 λαύειν.
686 1214 749 1268 Εί
782 1216 888 1287 γὰρ
922 1218 1012 1271 ἐπὶ
1037 1221 1137 1291 τῆς
1165 1221 1438 1295 τιμωρίας
1465 1224 1526 1276 οὑ
1556 1224 1756 1288 πάντες
1783 1222 1852 1277 τὰ
1885 1224 2025 1278 αὐτά

451 1306 755 1371 πείσονται,
817 1311 951 1364 άλλὰ
1008 1312 1174 1384 πολλή
1210 1314 1243 1384 ἡ
1273 1314 1526 1386 διαφορὰ,
1582 1315 1762 1387 πολλῷ
1801 1315 2022 1386 μᾶλλον,

450 1396 581 1452 ἔνθα
633 1400 944 1472 ἁμαρτωλοὶ
997 1406 1089 1457 καὶ
1137 1406 1355 1471 δίκαιοι,
1411 1406 1609 1461 πλείων
1658 1411 1691 1479 ἡ
1743 1408 2025 1472 διάστασις

451 1487 626 1544 ἔσται.
677 1492 942 1562 Ἀπαρχὴ
976 1496 1253 1563 Χριστὸς,
1282 1497 1487 1552 ἔπειτα
1522 1502 1576 1553 οἱ
1604 1498 1712 1553 τοῦ
1741 1498 2022 1567 Χριστοῦ’

450 1582 745 1649 τουτέστιν,
769 1587 819 1636 οί
852 1589 1036 1641 πιστοὶ
1081 1591 1175 1643 καὶ
1212 1592 1261 1642 οί
1310 1591 1749 1662 εὐδοκιμηκότες.
1779 1588 1924 1646 Εἶτα
1956 1592 2023 1644 τὸ

449 1673 643 1739 τέλος.
682 1675 853 1729 Ὅταν
882 1677 991 1749 γὰρ
1019 1679 1323 1734 ἀναστῶσιν
1354 1684 1572 1747 ἐκεῖνοι,
1609 1683 1681 1736 τὰ
1720 1683 2023 1753 πράγματα

448 1764 664 1819 ἃπαντα
692 1766 925 1838 λήψεται
951 1771 1123 1835 τέλος,
1154 1773 1217 1825 οὑ
1263 1773 1518 1845 καθάπερ
1551 1774 1646 1827 νῦν
1686 1774 2022 1840 ἀναστάντος

448 1857 539 1911 τοῦ
594 1860 832 1932 Χριστοῦ
888 1863 956 1918 τὰ
1006 1866 1307 1936 πράγματα
1365 1869 1599 1940 ἔστηκεν
1628 1869 1710 1923 ἔτι
1743 1870 2017 1941 μετέωρα.

450 1950 540 2003 Διὸ
570 1952 929 2022 προσέθηκεν,
976 1957 1078 2012 Ἕν
1115 1957 1189 2027 τῇ
1221 1962 1524 2030 παρουσίᾳ
1549 1962 1758 2027 αὑτοῦ,
1791 1964 1878 2018 ῖνα
1912 1963 2019 2034 μά-

447 2041 548 2113 θῃς
574 2042 657 2095 ὅτι
701 2045 833 2116 περὶ
864 2046 1078 2103 ἐκείνου
1103 2050 1194 2103 τοῦ
1230 2053 1423 2124 καιροῦ
1465 2055 1797 2123 διαλέγεται.
1834 2056 2022 2110 Ὅταν

447 2132 690 2202 παραδῷ
715 2136 830 2204 τὴν
855 2138 1182 2202 ,βασιλείαν
1210 2142 1289 2208 τῷ
1336 2143 1456 2209 Θεῷ
1501 2145 1601 2199 καὶ
1644 2147 1847 2214 Πατρί·
1874 2145 2022 2199 ὅταν

446 2226 795 2296 καταργήσῃ
856 2226 1066 2283 πᾶσαν
1129 2233 1330 2302 ἀρχὴν
1391 2235 1490 2289 καί
1551 2236 1846 2301 ἐξουσίαν
1920 2238 2018 2291 καί

445 2317 721 2389 δύναμιν.

513 2458 576 2513 δ’.
624 2459 890 2516 Ἐνταῦθά
920 2480 1014 2534 μοι
1048 2465 1341 2536 προσέχετε
1386 2468 1522 2537 μετὰ
1564 2468 1883 2541 ἀκριϐείας,
1923 2474 2018 2525 καὶ

443 2552 606 2621 ὁρᾶτε
636 2553 710 2622 μή
742 2570 796 2606 τι
819 2554 1058 2628 διαφύγῃ
1089 2557 1200 2612 τῶν
1229 2559 1536 2629 λεγομένων
1573 2563 1735 2631 ὑμᾶς.
1771 2564 1879 2616 Καὶ
1910 2563 2018 2636 γὰρ
2087 2581 2092 2601 ι

444 2643 582 2714 πρὸς
603 2645 832 2717 ἐχθροὺς
861 2649 1058 2720 ήμῖνή
1102 2651 1249 2722 μάχη
1279 2669 1293 2682 ο
1338 2652 1422 2705 διὸ
1473 2653 1737 2725 πρότερον
1789 2655 1889 2726 τὴν
1938 2658 2018 2720 είς

442 2737 641 2791 ἄτοπον
662 2738 964 2810 ἀπαγωγὴν
984 2741 1067 2795 δεῖ
1092 2743 1413 2812 γυμνάζειν,
1443 2744 1472 2798 δ
1520 2746 1613 2799 καὶ
1639 2746 1850 2811 Παῦλος
1885 2749 2019 2802 πολ-

442 2825 598 2892 λάκις
631 2833 794 2883 ποιεῖ’
816 2831 957 2884 οὕτω
982 2833 1092 2904 γὰρ
1119 2833 1350 2904 μάλιστα
1376 2835 1412 2890 ά
1441 2835 1708 2905 λέγουσιν,
1726 2839 2018 2909 εὑφώρατα

441 2922 576 2990 ἡμῖν
607 2926 876 2991 φανεῖται.
920 2926 1208 2997 Ἐρώμεθα
1256 2926 1350 2983 οὖν
1408 2930 1607 2993 αὐτοὺς
1666 2931 1904 3003 πρῶτον,
1966 2937 2020 2987 τί

443 3011 559 3063 ἔστι
587 3013 648 3064 τὸ
700 3015 1011 3083 εἰρημένον,
1046 3018 1223 3071 Ὅταν
1269 3019 1514 3086 παραδῷ
1542 3023 1661 3089 τὴν
1685 3022 2018 3086 ,βασιλείαι-

442 3100 523 3167 τῷ
576 3103 698 3168 Θεῷ
752 3106 848 3158 καὶ
893 3110 1111 3176 Πατρ[;
1149 3111 1210 3163 Εἰ
1276 3111 1387 3184 γὰρ
1445 3113 1633 3179 ἁπλῶς
1690 3116 2015 3188 ὲκλάϐοιμεν

441 3190 620 3258 τοῦτο,
653 3194 748 3248 καὶ
801 3196 876 3269 μὴ
905 3197 1247 3270 θεοπρεπῶς,
1294 3205 1394 3257 οὐκ
1447 3205 1599 3260 ἔσται
1655 3208 1793 3279 μετὰ
1842 3209 2016 3263 ταῦτα

442 3286 580 3355 ἔχων
604 3288 794 3360 αὑτήνο
823 3292 851 3344 6
886 3293 992 3363 γὰρ
1015 3296 1285 3364 παραδοὺς
1313 3297 1507 3369 ἑτέρῳ,
1555 3300 1788 3355 παύεται
1827 3300 2014 3356 λοιπὸν

440 3378 534 3435 τοῦ
565 3380 814 3451 κατέχειν
842 3382 1025 3447 αὑτός.
1081 3387 1193 3440 Καὶ
1240 3387 1301 3441 οὐ
1350 3389 1509 3444 τοῦτο
1557 3391 1717 3462 μόνον
1771 3394 1924 3449 ἔσται
1952 3395 2014 3449 τὸ

440 3462 662 3530 ἄτοπον,
698 3463 813 3518 ἀλλ’
842 3467 926 3520 ὅτι
973 3468 1096 3522 οὑδὲ
1140 3472 1350 3534 ἐκεῖνος
1403 3475 1432 3526 6
1481 3475 1817 3545 παραλαϐὼν
1852 3478 2012 3549 εὑρε-

441 3554 666 3625 θήσεται
695 3557 827 3628 πρὶν
855 3557 887 3628 ἢ
923 3560 1260 3631 παραλαϐεῖν
1290 3562 1450 3635 ἔχων.
1487 3565 1695 3622 Οὐκοῦν
1722 3568 1842 3625 κατ’
1866 3569 2011 3623 ὲκεί-

440 3662 561 3709 νους
608 3646 733 3701 οὔτε
786 3651 816 3703 6
864 3651 1054 3723 Πατὴρ
1113 3653 1366 3723 βασιλεὺς
1411 3653 1480 3728 ἦν
1531 3659 1866 3730 ἔμπροσθεν,
1918 3664 2013 3717 καὶ

438 3736 624 3789 διώκει
647 3738 717 3789 τὰ
736 3739 998 3809 ἡμέτερα,
1027 3741 1151 3796 οὔτε
1174 3747 1202 3797 6
1236 3746 1363 3809 Υἱὸς
1388 3749 1527 3817 μετὰ
1556 3751 1729 3806 ταῦτα
1759 3755 2011 3822 φανεῖται

444 3827 695 3894 βασιλεὺς
726 3827 821 3882 ὢν.
855 3830 980 3893 Πῶς
1022 3828 1115 3885 οῦν
1143 3836 1274 3903 περὶ
1305 3838 1405 3905 μὲν
1450 3840 1547 3893 τοῦ
1599 3844 1813 3913 Πατρός
1844 3862 2011 3916 φησιν

441 3919 622 3983 αὐτὸς,
653 3919 735 3971 ὄτι
767 3920 828 3971 '0
855 3924 1054 3989 Πατήρ
1077 3943 1196 3992 μου
1223 3927 1333 3993 ἕως
1353 3930 1482 3997 άρτι
1508 3934 1826 4003 ἐργάζεται,
1850 3940 2011 4008 κάγὼ

439 4008 779 4081 ἑργάζομαις
828 4014 954 4084 περὶ
1002 4015 1060 4068 δὲ
1112 4018 1277 4072 αὐτοῦ
1333 4023 1362 4073 ὁ
1397 4024 1618 4095 Δανιὴλ,
1649 4026 1734 4079 ὅτι
1791 4029 1861 4083 Ἡ
1896 4030 2010 4093 βα-

438 4105 639 4157 σιλειά
667 4105 852 4158 αὐτοῦ
867 4105 1157 4170 ,Βασιλεία
1186 4111 1439 4178 αἰώνιος,
1467 4113 1599 4182 ἥτις
1621 4120 1692 4172 οὐ
1714 4123 2008 4188 παρελεύ-

437 4209 637 4260 σεται;
666 4191 818 4261 Εἶδες
850 4194 990 4252 πόσα
1030 4198 1208 4275 ἄτοπα
1256 4201 1520 4269 τίκτεται,
1581 4208 1677 4260 καὶ
1724 4209 2009 4281 μαχόμενα

435 4289 554 4349 ταῖς
593 4288 857 4357 Γραφαῖς,
890 4290 1019 4343 ὅταν
1073 4290 1430 4363 ἀνθρωπίνως
1481 4297 1798 4373 ἐκλαμϐάνη
1826 4319 1909 4366 τις
1937 4302 2008 4355 τὰ

435 4379 732 4450 λεγόμενα;
763 4382 930 4435 Ποίαν
986 4383 1044 4436 δὲ
1097 4386 1192 4439 καὶ
1240 4386 1417 4459 ἀρχὴν
1461 4390 1570 4459 ἄρα
1602 4393 1837 4448 ἐνταῦθά
1871 4414 2005 4467 φησι

435 4476 762 4542 καταργεως
814 4476 914 4546 τὴν
954 4476 1063 4530 τῶν
1105 4478 1387 4547 ἀγγέλων;
1432 4482 1668 4552 Ἄπαγε.
1712 4487 1872 4542 Ἀλλά
1905 4490 2004 4561 τὴν

434 4560 543 4613 τῶν
594 4563 831 4629 πιστῶν;
867 4567 1002 4619 Οὐδὲ
1049 4567 1226 4622 τοῦτο.
1290 4570 1452 4624 Ἀλλὰ
1505 4575 1697 4641 ποίαν;
1732 4578 1843 4647 Τὴν
1895 4581 2006 4633 τῶν

435 4655 721 4724 δαιμόνων,
754 4661 882 4728 περὶ
909 4656 977 4732 ἦς
1020 4681 1204 4733 φησιν,
1235 4668 1357 4721 Οὑκ
1395 4667 1566 4721 ἐστιν
1595 4670 1740 4739 ἡμῖν
1765 4674 1804 4740 ἠ
1837 4673 2003 4742 πάλη

436 4750 586 4816 πρὸς
616 4744 758 4819 αἷμα
794 4752 891 4805 καί
942 4754 1159 4823 σάρκα,
1218 4760 1377 4814 ἀλλὰ
1431 4760 1581 4829 πρὸς
1634 4764 1742 4828 τὰς
1793 4764 2001 4832 ἀρχὰς,

436 4839 585 4908 πρὸς
643 4842 744 4907 τὰς
800 4842 1106 4912 ἐξουσίας,
1139 4849 1286 4917 πρὸς
1321 4850 1463 4918 τοὺς
1515 4855 2003 4924 κοσμοκράτορας

434 4932 540 4988 τοῦ
570 4934 830 5000 σκότους
866 4934 972 4989 τοῦ
1026 4937 1239 5005 αἰῶνος
1270 4943 1505 4998 τούτου.
1562 4944 1678 4999 Νῦν
1741 4946 1841 5016 μὲν
1890 4949 2002 5017 γὰρ

432 5025 642 5080 οὐδέπω
668 5030 1043 5098 κατήργηνται
1073 5030 1276 5087 τέλεον·
1318 5035 1600 5106 ἐνεργοῦσι
1643 5039 1753 5110 γάρ
1802 5040 2001 5094 πολλα-

432 5115 548 5187 χοῦ·
573 5117 691 5170 τότε
720 5119 775 5171 δὲ
812 5119 1129 5175 παύσονται.
1154 5122 1255 5177 Δεῖ
1279 5125 1391 5194 γὰρ
1412 5129 1598 5183 αὐτὸν
1617 5131 1996 5195 βασιλεύειν,

430 5205 600 5277 ἄχρις
628 5204 700 5263 οὗ
727 5208 803 5263 ἂν
830 5210 905 5281 θῇ
932 5213 1161 5282 πάντας
1185 5216 1326 5283 τοὺς
1378 5220 1630 5288 ἐχθροὺς
1682 5224 1802 5277 ὑπὸ
1860 5224 1999 5291 τοὺς

429 5297 621 5365 πόδας
651 5301 855 5357 αὑτοῦ.
882 5304 1047 5358 Πάλιν
1073 5308 1364 5363 κάντεῦθεν
1397 5311 1545 5383 [568]
1580 5314 1766 5384 ἕτερον
1796 5316 1998 5371 ἄτοπον

427 5391 693 5455 τίκτεται,
747 5391 814 5446 ἂν
864 5396 938 5465 μὴ
976 5399 1070 5450 καὶ
1118 5401 1274 5455 τοῦτο
1304 5401 1625 5473 θεοπρεπῶς
1650 5407 1993 5478 ὲκλάϐωμεν.

427 5483 500 5535 Τὸ
524 5484 655 5554 γὰρ,
691 5485 906 5554 ’Λχρις,
950 5488 1135 5552 τέλους
1179 5492 1294 5543 ἐστὶ
1328 5493 1420 5545 καὶ
1465 5495 1769 5568 διορισμοῦ·
1795 5500 1887 5552 ἐπὶ
1938 5501 1996 5554 δὲ

435 5576 520 5629 τοῦ
560 5577 696 5631 Θεοῦ
754 5578 912 5632 τοῦτο
953 5580 1051 5633 οὐκ
1102 5580 1577 5653 ἕστιν.“Εσχιιτος
1608 5590 1820 5658 ἐχθρὸς
1855 5610 1990 5645 κατ-

428 5674 687 5742 αργεῖται
719 5678 751 5730 ό
782 5676 1052 5744 θάνατος.
1100 5678 1222 5742 Πῶς
1270 5682 1527 5749 ἒσχατοςς
1564 5686 1718 5739 Μετὰ
1756 5688 1984 5753 πάντας,

1131 288 1192 343 S.
1228 287 1527 345 JOANNIS
1559 286 2058 344 CHRYSUSTOHI
2098 287 2419 351 ARCHIEP.
2458 295 2989 362 GONSTANTINOP.

3602 305 3709 363 338

2142 407 2282 474 μετὰ
2312 411 2402 465 τὸν
2433 413 2697 484 διάϐολον,
2748 418 2886 488 μετὰ
2910 418 2981 472 τὰ
3010 419 3143 474 ἄλλα
3180 418 3415 475 ἅπαντα.
3447 421 3559 475 Καὶ
3596 422 3714 494 γάρ

2148 498 2241 552 καὶ
2271 501 2330 555 ἐν
2359 503 2499 577 ἀρχῇ
2555 507 2776 579 ἔσχατος
2800 510 3035 583 εἰσῆλθε·
3070 510 3335 582 πρότερον
3362 513 3470 584 γὰρ
3498 514 3532 583 ἦ
3568 530 3710 585 WE“

2139 588 2305 662 ϐουλὴ
2330 594 2422 647 τοῦ
2453 596 2725 664 διαϐόλου,
2787 604 2882 657 καὶ
2933 606 2967 675 ἡ
3025 603 3300 675 παρακοὴ,
3361 605 3458 658 καλ⁵
3504 605 3626 661 τότε
3676 606 3708 660 6

2147 681 2398 749 θάνατος.
2433 688 2513 761 Τῇ
2567 691 2676 762 μὲν
2704 691 2798 748 οὗν
2829 694 3058 767 δυνάμει
3089 696 3185 751 καὶ
3215 696 3306 751 νῦν
3338 697 3708 768 κατήργηται,

2136 777 2286 848 τῇδὲ
2330 781 2582 856 ἐνεργείᾳ
2624 787 2764 842 τότε.
2815 789 3016 844 Πάντα
3069 791 3177 860 γὰρ
3227 790 3530 856 ὑπέταξεν
3586 791 3710 847 ὑπὸ

2138 868 2280 935 τοὺς
2313 873 2504 940 πόδας
2550 878 2757 933 αὑτοῦ.
2793 879 2977 934 Ὅταν
3007 880 3074 934 δὲ
3117 882 3279 949 εἴπῃ,
3314 881 3519 937 Πάντα
3558 886 3709 938 ὑπο-

2143 962 2435 1030 τέτακται,
2458 965 2653 1035 δῆλον
2672 968 2763 1023 ὅτι
2791 970 2956 1037 ἐκτὸς
2988 972 3093 1026 τοῦ
3111 972 3524 1040 ὑποτάξαντος
3547 973 3708 1038 αὐτῷ

2132 1049 2205 1104 τὰ
2228 1051 2444 1110 πάντα.
2479 1057 2665 1113 Ὅταν
2716 1060 2785 1114 δὲ
2833 1061 3106 1133 ὑποταγῇ
3153 1064 3314 1129 αὑτῷ
3361 1063 3435 1118 τὰ
3486 1062 3706 1130 πάντα,

2134 1146 2269 1199 τότε
2311 1148 2412 1201 καὶ
2445 1151 2626 1217 αὑτὸς
2655 1156 2688 1207 ό
2722 1155 2856 1220 Υἱὸς
2885 1154 3329 1224 ὑποταγήσεται
3374 1155 3455 1221 τῷ
3485 1155 3708 1209 ὑποτά-

2136 1233 2305 1297 ξαντι
2332 1239 2492 1306 αὑτῷ
2519 1244 2592 1296 τὰ
2620 1243 2836 1299 πάντα.
2871 1246 2982 1300 Καὶ
3014 1245 3122 1316 μὴν
3152 1245 3463 1318 ἔμπροσθεν
3507 1247 3570 1299 οὑ
3614 1244 3704 1298 τὸν

2132 1328 2352 1401 Πατέρα
2403 1332 2589 1404 ἔλεγεν
2643 1335 2782 1391 εἷναι
2826 1341 2916 1393 τὸν
2967 1339 3332 1406 ὑποτάξαντα,
3385 1339 3501 1393 ἀλλ’
3542 1340 3706 1397 αὑτὺν

2134 1423 2532 1492 καταργοῠνττο
2571 1429 2751 1482 Ὅταν
2772 1431 2878 1502 γὰρ
2905 1433 3276 1502 καταργήσῃ,
3304 1432 3460 1502 φησι,
3497 1431 3705 1487 πᾶσαν

2130 1512 2329 1582 ἀρχὴν
2382 1518 2481 1571 καὶ
2527 1520 2838 1585 ἐξουσίαν·
2887 1525 2983 1578 καὶ
3029 1525 3212 1588 πάλιν,
3249 1524 3349 1579 Δεῖ
3381 1524 3493 1594 γὰρ
3521 1524 3705 1578 αὑτὸν

2124 1602 2488 1664 βασιλεύειν
2518 1609 2692 1680 ἄχρις
2725 1610 2798 1670 οὗ
2832 1614 2909 1668 ἂν
2939 1614 3015 1683 θῇ
3038 1615 3270 1681 πάντας
3288 1613 3434 1680 τοὺς
3451 1612 3702 1683 ἐχθροὺς

2130 1698 2248 1751 ὑπὸ
2284 1701 2426 1768 τοὺς
2459 1704 2650 1772 πόδας
2675 1709 2880 1764 αὑτοῦ.
2913 1710 3036 1774 Πῶς
3068 1706 3162 1763 οὖν
3198 1709 3432 1764 ἐνταῦθα
3472 1709 3566 1762 τὸν
3595 1707 3705 1761 Πα-

2131 1789 2266 1861 τέρα
2321 1794 2487 1864 φησί;
2540 1799 2651 1853 Καὶ
2698 1802 2759 1854 οὐ
2817 1802 2974 1855 τοῦτο
3021 1802 3183 1872 μόνον
3233 1803 3348 1855 ἐστὶ
3399 1801 3463 1854 τὸ
3514 1799 3705 1853 δοκοῦν

2130 1880 2335 1956 ἄπορον
2366 1883 2525 1956 εἶναι,
2559 1889 2676 1944 ἀλλ’
2699 1892 2781 1946 ὃτι
2807 1896 2899 1946 καὶ
2926 1892 3131 1947 δέδοικε
3177 1894 3297 1957 δέος
3341 1892 3549 1962 σφόδρα
3580 1892 3707 1945 άτοο

2131 1990 2250 2039 πον,
2282 1976 2376 2031 καὶ
2403 1979 2666 2052 κέχρηται
2714 1984 3090 2057 ὲπιδιορθώσει
3122 1985 3313 2054 λέγων’
3363 1984 3560 2049 Ἐκτὸς
3592 1981 3707 2036 τοῦ

2128 2067 2542 2139 ὑποτάξαντος
2571 2074 2730 2141 αὑτῷ
2762 2076 2835 2130 τὰ
2855 2076 3069 2139 πάντα,
3090 2074 3164 2142 ῶς
3189 2093 3351 2130 τινων
3374 2074 3704 2129 ὑποπτευόν-

2128 2171 2256 2220 των,
2321 2161 2533 2231 μήποτε
2573 2165 2666 2217 καὶ
2703 2166 2732 2218 6
2762 2167 2949 2240 Πατὴρ
3002 2169 3252 2240 ὑποταγῇ
3286 2168 3364 2238 τῷ
3393 2167 3528 2235 mg.-
3561 2161 3623 2220 οὗ
3648 2165 3704 2219 τί

2130 2248 2329 2316 γένοιτ’
2353 2251 2420 2306 ἂν
2461 2255 2830 2331 ἁλογώτερονς
2877 2260 3014 2313 Ἀλλ’
3042 2261 3192 2330 ὅμως
3219 2260 3352 2315 αὐτὸ
3372 2260 3607 2313 δέδοικε.
3636 2258 3709 2313 Τί

2127 2334 2219 2393 οὖν
2244 2341 2362 2397 ἐστι
2383 2360 2398 2410 ;
2437 2348 2532 2400 καὶ
2557 2349 2665 2421 γάρ
2691 2350 2861 2404 πολλὰ
2877 2352 2946 2405 τὰ
2970 2353 3261 2423 ζητήματα
3278 2352 3480 2422 ἐφεξῆς
3505 2354 3699 2405 κείων

2127 2434 2262 2488 ἀλλὰ
2285 2440 2594 2495 συντείνατέ
2620 2460 2710 2513 μοι
2732 2444 2830 2515 τὴν
2853 2444 3112 2499 διάνοιαν.
3142 2444 3253 2498 Καὶ
3276 2445 3385 2514 γὰρ
3407 2446 3707 2512 ἀναγκαῖον

2128 2531 2259 2600 ἡμῖν
2291 2533 2506 2603 πρῶτον
2534 2536 2627 2589 καὶ
2654 2537 2855 2590 σκοπὸν
2882 2540 3055 2591 εἰπεῖν
3081 2537 3294 2591 Παύλου
3319 2537 3415 2591 καὶ
3439 2541 3540 2608 τὴν
3563 2536 3701 2606 γνῶο

2129 2641 2255 2694 μην,
2291 2627 2357 2696 ἢν
2407 2628 2680 2699 πανταχοῦ
2724 2629 2870 2702 εὖροι
2901 2648 2982 2695 τις
3032 2630 3098 2685 ἂν
3128 2631 3562 2700 διαλάμπουσαν,
3609 2631 3705 2683 καὶ

2125 2722 2244 2775 τότε
2273 2722 2372 2794 τὴν
2403 2724 2557 2778 λύσιν
2600 2728 2922 2797 ἐπαγαγεῖν·
2959 2730 3052 2782 καὶ
3084 2730 3195 2801 γὰρ
3246 2730 3339 2782 καὶ
3370 2728 3535 2782 τοῦτο
3566 2730 3701 2800 πρὸς

2124 2820 2223 2889 τὴν
2256 2818 2408 2873 λύσιν
2435 2823 2567 2891 ἡμῖν
2598 2824 2860 2878 συντελεῖ.
2891 2825 2986 2888 Τίς
3025 2821 3119 2879 οὖν
3154 2827 3188 2896 ἡ
3231 2825 3448 2879 Παύλου
3477 2825 3705 2896 γνώμη,

2124 2900 2230 2965 καῖ’
2252 2912 2305 2965 τί
2332 2914 2393 2967 τὸ
2422 2913 2571 2980 ἔθος;
2608 2916 2835 2984 Ἀλλως,
2868 2919 2996 2973 ὅταν
3023 2917 3153 2985 περὶ
3182 2917 3279 2989 τῆς
3309 2917 3564 2989 θεότητος
3607 2918 3701 2988 μό-

2122 3025 2221 3077 νης
2276 3011 2613 3083 διαλέγηται,
2671 3013 2988 3084 φθέγγεται,
3028 3016 3122 3069 καὶ
3158 3016 3379 3085 ἑτέρως,
3435 3016 3565 3070 ὅταν
3616 3017 3699 3078 εἰς

2122 3099 2212 3151 τὸν
2252 3101 2350 3172 τῆς
2380 3102 2692 3172 οἰκονομίας
2734 3106 2950 3178 ἐμπέσῃ
2983 3105 3159 3174 λόγον.
3199 3107 3368 3159 Ὅταν
3422 3105 3533 3175 γάρ
3579 3107 3699 3158 ἑπι-

2123 3190 2354 3263 λάϐηται
2394 3195 2492 3264 τῆς
2527 3196 2749 3267 σαρκὸς,
2778 3197 2949 3262 ἀδεῶς
2978 3198 3194 3252 ἅπαντα
3224 3199 3414 3252 λοιπὸν
3448 3199 3594 3268 λέγει
3624 3200 3695 3252 τά

2121 3288 2372 3350 ταπεινὰ,
2435 3288 2651 3362 θαρῥῶν
2703 3292 2779 3354 ὡς
2843 3290 3009 3363 οὔσης
3065 3294 3251 3365 ἱκανῆς
3310 3293 3569 3359 δέξασθαι
3624 3292 3694 3346 τὰ

2122 3384 2407 3455 λεγόμενα.
2448 3385 2675 3456 Ἵδωμεν
2706 3386 2884 3440 τοίνυν
2910 3390 3004 3441 καὶ
3040 3388 3271 3441 ἐνταῦθα
3308 3389 3541 3461 πότερον
3568 3389 3697 3459 περὶ

2123 3475 2333 3546 γυμνῆς
2386 3475 2484 3547 τῆς
2542 3475 2794 3548 θεότητος
2842 3480 2870 3530 6
2916 3477 3069 3547 λόγος
3113 3478 3281 3548 αὐτῷ,
3335 3479 3370 3550 ἢ
3423 3479 3566 3550 μετὰ
3596 3479 3697 3548 τῆς

2119 3575 2431 3645 οἰκονομίας
2483 3574 2840 3644 ἀποφαίνεται
2889 3576 3018 3645 περὶ
3070 3576 3234 3631 αὐτοῦ
3288 3576 3500 3639 ταῦτα,
3551 3576 3697 3648 άπερ

2121 3667 2270 3737 φησί·
2339 3666 2538 3737 μᾶλλον
2598 3666 2657 3719 δὲ
2719 3668 2985 3739 πρότερον
3050 3668 3333 3739 δείξωμεν,
3391 3669 3497 3723 ποῦ
3532 3670 3696 3724 τοῦτο

2120 3763 2377 3833 ἐποίησεν
2432 3763 2568 3829 ὅπερ
2622 3756 2796 3815 εἶπον.
2850 3761 2960 3816 Ποῦ
2995 3762 3175 3817 τοίνυν
3218 3762 3377 3816 τοῦτο
3418 3763 3688 3830 ὲποίησες

2117 3852 2497 3921 Φιλιππησίοις
2553 3852 2778 3923 γράφων
2826 3855 3010 3925 φησίνο
3050 3857 3156 3920 Ὃς
3183 3855 3255 3908 ἐν
3300 3852 3502 3923 μορφῇ
3533 3853 3691 3909 Θεοῦ

2118 3942 2421 4012 ὑπάρχων,
2480 3946 2592 4013 οὑχ
2643 3946 2955 4016 ἁρπαγμὸν
2987 3946 3259 4016 ἡγήσατο
3293 3947 3358 4001 τὸ
3392 3943 3546 4002 εἶναι
3581 3948 3692 4004 ἴσα

2120 4033 2260 4100 Θεῷ,
2287 4036 2422 4090 ἀλλ’
2446 4036 2662 4092 ἑαυτὸν
2678 4037 2941 4093 ἐκένωσεν
2952 4041 3197 4110 μορφὴν
3216 4039 3443 4105 δούλου
3461 4043 3687 4109 λαϐὼν,

2114 4127 2184 4179 ἐν
2217 4125 2532 4196 ὁμοιάψατι
2564 4129 2886 4198 ἀνθρώπων
2919 4132 3259 4201 γενόμενος,
3286 4133 3383 4187 καί
3420 4134 3689 4203 σχήματι

2113 4218 2375 4286 εὑρεθεὶς
2433 4218 2514 4286 ὡς
2571 4219 2881 4288 ἄνθρωπος
2906 4238 2920 4251 ο
2977 4223 3381 4279 ἐταπείνωσεν
3443 4227 3682 4290 ἑαυτὸν.

2113 4310 2381 4377 ὑπήκοος
2414 4312 2728 4381 γενόμενος
2760 4312 2934 4383 μέχρι
2988 4315 3267 4379 θανάτου,
3322 4319 3587 4376 θανάτου
3617 4320 3685 4374 δὲ

2113 4404 2398 4473 σταυροῦ.
2465 4405 2563 4457 Διὸ
2622 4404 2722 4458 καὶ
2759 4406 2791 4458 ὁ
2844 4406 2988 4472 Θεὸς
3017 4405 3204 4463 αὑτὸν
3256 4411 3673 4481 ὑπερύψωσεν.

2114 4493 2263 4560 Εἶδες
2322 4498 2459 4560 πῶς,
2520 4499 2609 4551 ὅτε
2670 4497 2768 4566 μὲν
2821 4500 2948 4568 περὶ
2994 4503 3093 4571 τῆς
3127 4501 3379 4572 θεότητος
3412 4504 3684 4573 διελέγετο

2114 4588 2301 4662 μόνης,
2336 4590 2403 4641 τὰ
2432 4588 2641 4659 μεγάλα
2667 4590 2851 4674 ἐκεῖνα
2885 4589 3096 4662 εἴρηκε,
3133 4592 3194 4645 τὸ
3232 4595 3290 4645 ὲν
3326 4598 3510 4666 μορφῇ
3546 4594 3682 4649 Θεοῦ

2112 4680 2397 4749 ὑπάρχειν.
2435 4681 2526 4733 καὶ
2557 4680 2619 4731 τὸ
2654 4676 2792 4734 εἶναι
2825 4682 2914 4735 ῖσα
2943 4682 3021 4752 τῷ
3047 4686 3419 4755 γεγεννηκότι,
3458 4688 3556 4741 καὶ
3588 4689 3682 4740 αὑ-

2110 4768 2188 4838 τῷ
2218 4769 2281 4822 τὸ
2313 4770 2422 4822 πᾶν
2452 4769 2789 4839 ἀνατίθησιν·
2834 4773 3022 4842 ἐπειδὴ
3056 4773 3113 4827 δὲ
3156 4773 3356 4838 ἔδειξεν
3401 4777 3566 4830 αὐτόν
3598 4793 3680 4829 σοι

2112 4860 2489 4930 σαρκωθέντα,
2529 4861 2858 4915 κατεϐίϐασε
2909 4863 3069 4917 πάλιν
3114 4866 3206 4918 τὸν
3247 4865 3438 4934 λόγον;
3471 4869 3533 4920 EE
3574 4869 3680 4938 γάρ

2110 4952 2186 5021 μὴ
2220 4952 2390 5005 ταῦτα
2422 4952 2636 5016 διέλοις,
2675 4952 2841 5025 πολλὴ
2888 4955 2921 5025 ἡ
2981 4956 3128 5026 μάχη
3182 4955 3293 5010 τῶν
3348 4960 3675 5031 εἰρημένων.

2108 5043 2217 5096 Καὶ
2251 5041 2357 5114 γὰρ
2392 5044 2440 5095 εί
2473 5043 2561 5095 ἴσα
2596 5043 2713 5114 Θεῷ
2744 5040 2834 5114 ἦν,
2863 5044 2978 5108 πῶς
3011 5046 3102 5099 τὸν
3137 5048 3251 5101 [σον
3296 5050 3478 5121 ἑαυτῷ
3514 5052 3679 5123 ὑπερ-

2109 5134 2355 5203 ύψωσεν;
2395 5133 2542 5206 [569ἶ
2577 5135 2624 5188 εί
2654 5137 2712 5188 ὲν
2750 5141 2931 5209 μορφῇ
2957 5137 3094 5192 Θεοῦ
3124 5135 3214 5210 ἦν,
3249 5142 3366 5206 πῶς
3386 5143 3678 5215 ἐχαρίσατο

2106 5232 2253 5303 αὑτῷ
2283 5232 2486 5302 δνομα;
2519 5232 2547 5283 6
2584 5233 2695 5302 γάρ
2730 5233 3109 5305 χαριζόμενος,
3156 5237 3235 5306 τῷ
3262 5238 3336 5309 μὴ
3372 5239 3552 5309 ἔχοντι
3580 5258 3679 5310 χα-

2107 5326 2338 5395 ρίζεται,
2375 5326 2467 5378 καὶ
2500 5327 2529 5377 6
2563 5326 2731 5395 ὑψῶν,
2763 5327 2854 5379 τὸν
2892 5328 3201 5398 ἔμπροσθεν
3246 5333 3503 5386 ταπεινὸν
3546 5333 3675 5386 ὄντα

2104 5418 2246 5487 ὑψοῖ.
2280 5418 2645 5490 Εὑρεθήσεται
2677 5419 2783 5490 ἄρα
2808 5420 3004 5488 ἀτελὴς
3037 5420 3132 5486 ὣν,
3181 5425 3275 5476 καὶ
3307 5423 3503 5488 ἐνδεῶς
3537 5425 3667 5495 ἔχων

2105 5512 2234 5581 πρὶν
2259 5509 2291 5579 ἢ
2317 5510 2499 5563 λαϐεῖν
2520 5510 2581 5564 τὸ
2612 5510 2742 5580 ὕψος
2775 5513 2869 5566 καὶ
2895 5514 2956 5566 τὸ
2977 5513 3163 5584 ὄνομα,
3190 5517 3284 5568 καὶ
3316 5518 3488 5586 μυρία
3510 5518 3672 5585 ἕτερα

2102 5600 2365 5670 λήμματα
2388 5599 2633 5655 ἐντεῦθεν
2656 5600 2843 5670 ἕψεται
2872 5602 3068 5657 άτοπα.
3117 5604 3258 5657 Ἀλλ’
3284 5606 3382 5659 ἐὰν
3407 5608 3506 5676 τὴν
3526 5607 3671 5660 olm—

2102 5692 2292 5763 νομίαν
2328 5691 2589 5763 προσθῇς,
2625 5694 2720 5763 οὐχ
2756 5694 3046 5766 ἁμαρτήσῃ
3070 5695 3241 5751 ταῦτα
3265 5697 3460 5769 λέγων.
3485 5700 3530 5753 Τ
3530 5699 3669 5755 αῦτα
