4018 6156
417 318 518 371 537

417 432 673 498 Qurenam
698 438 777 483 cst
798 445 921 497 ergo
950 432 1144 484 causa?
1170 431 1257 484 2|.
1289 433 1540 497 Quoniam
1561 432 1762 502 quidem
1793 449 1881 502 per
1905 435 1993 486 ho.

421 535 604 572 minem
629 537 781 586 mors,
805 532 850 574 et
872 538 960 589 per
983 522 1232 575 hominem
1255 525 1549 576 resurrectio
1577 535 1906 577 mortuarum.
1939 524 1994 578 Si

419 625 598 669 autem
622 630 716 682 per
738 615 1024 680 hominem,
1049 631 1145 686 per
1167 633 1288 671 eum
1313 619 1470 687 plane
1489 619 1578 688 qui
1602 618 1760 672 habet
1779 632 1992 684 corpus.

423 704 556 759 Vide
580 721 739 776 porro
763 707 878 776 ejus
904 708 1197 773 solertiam,
1223 709 1312 778 qui
1335 711 1494 763 etiam
1519 711 1680 764 aliter
1701 711 1994 764 orationem

417 794 582 848 el‘llcit
626 796 998 850 necessariam.
1044 797 1173 851 Nam
1219 814 1339 851 eum
1363 840 1378 862 ,
1412 799 1503 868 qui
1544 799 1640 852 fuit
1679 807 1993 868 superatus,

418 896 626 953 oportet
655 897 708 940 ct
739 897 1058 956 prostratam
1104 889 1404 945 instaurare
1443 905 1505 944 ac
1547 903 1798 959 reparare
1843 897 1997 942 natu-

415 995 526 1033 ram
553 1022 566 1042 ,
598 989 648 1034 et
680 981 850 1048 ipsum
879 983 1092 1037 vincere
1125 1000 1138 1036 :
1169 983 1247 1037 sic
1277 985 1418 1038 enim
1462 983 1711 1052 probrum
1744 995 1993 1036 excusse-

413 1074 502 1127 rit.
551 1073 839 1127 Videamus
884 1081 1061 1128 autem
1108 1091 1392 1144 quamnam
1440 1075 1567 1129 dicit
1611 1084 1854 1128 mortem.
1902 1071 1992 1125 22.

417 1165 563 1219 Sicut
592 1167 736 1220 enim
765 1167 819 1220 iu
845 1167 1009 1220 Adam
1036 1184 1208 1222 omnes
1234 1170 1534 1234 moriuntur,
1562 1171 1634 1221 ita
1653 1177 1698 1220 et
1723 1168 1774 1219 in
1797 1165 1997 1220 Christo

417 1273 590 1310 omnes
635 1257 1040 1326 viviﬁcabuntur.
1097 1259 1272 1326 Quid?
1311 1275 1600 1323 omnesne,
1641 1259 1728 1313 dic
1771 1271 1992 1326 qumso,

419 1348 614 1400 mortui
645 1356 768 1401 sunt
798 1348 846 1400 in
888 1348 1054 1402 Adam
1096 1359 1265 1404 morte
1305 1349 1546 1418 peccati?
1571 1347 1839 1418 quomodo
1868 1361 1997 1416 ergo

421 1435 532 1490 Noe
555 1437 730 1506 justus
769 1439 818 1490 in
858 1441 1196 1507 generatione
1225 1441 1360 1495 sua?
1389 1441 1655 1511 quomodo
1681 1437 1997 1494 Abraham?

421 1528 689 1597 quomodo
716 1529 856 1584 Job?
885 1533 1148 1600 quomodo
1178 1535 1262 1586 alii
1294 1533 1525 1587 omnes?
1554 1533 1691 1597 Quid
1724 1548 1850 1585 vero
1870 1573 1883 1593 ,
1911 1531 2015 1594 dic,

423 1636 572 1690 rogo,
597 1637 850 1677 omnesne
880 1625 1284 1679 viviﬁcabuntur
1306 1627 1357 1678 in
1380 1626 1630 1679 Christo?
1675 1625 1735 1679 Et
1761 1625 1846 1678 ubi
1871 1633 1996 1676 sunt

422 1714 509 1779 qui
553 1713 885 1768 abducuntur
931 1717 983 1770 in
1030 1718 1368 1786 gehennam?
1399 1717 1529 1772 Nam
1566 1719 1610 1773 si
1653 1717 1753 1770 hoc
1781 1717 1993 1786 quidem

424 1805 620 1857 dictum
650 1817 728 1859 est
759 1805 822 1860 de
853 1821 1094 1876 corpore,
1128 1820 1229 1864 stat
1271 1810 1412 1879 quod
1441 1810 1636 1864 dicitur
1665 1827 1677 1861 :
1707 1809 1786 1862 sin
1817 1816 1993 1861 autem

424 1897 487 1949 de
526 1897 724 1964 justitia
771 1907 822 1952 et
868 1910 1126 1970 peccato,
1167 1917 1517 1972 nequaquam.
1555 1902 1752 1956 Deinde
1779 1917 1844 1955 nc
1872 1916 1992 1955 cum

417 1989 647 2042 audieris
673 2005 1005 2046 communem
1042 1993 1467 2059 vivilicationcm,
1499 1995 1656 2049 etiam
1687 2003 1994 2063 peccatores

414 2080 745 2136 existimares
772 2098 890 2137 esse
918 2085 1126 2151 salvos,
1167 2086 1438 2154 subjuuxit
1471 2105 1484 2140 :
1516 2086 1604 2140 25.
1639 2085 1995 2154 Unusqu‘sqtte

410 2181 580 2224 autem
613 2174 665 2226 in
693 2190 788 2228 suo
815 2175 1006 2229 ordine.
1037 2177 1166 2230 Nam
1194 2180 1444 2246 quoniam
1475 2178 1722 2232 audivisti
1753 2193 1994 2232 resurre-

409 2265 663 2327 ctionem,
688 2280 755 2319 ne
781 2267 1050 2321 existimes
1072 2283 1257 2322 omnes
1279 2270 1464 2323 cadent
1488 2269 1698 2338 assequi
1725 2277 1778 2322 ct
1803 2267 1990 2322 iisdem

407 2356 528 2408 lrui.
564 2355 692 2410 Nam
721 2359 763 2410 si
791 2359 840 2412 in
869 2360 1127 2428 supplicio
1153 2376 1256 2414 non
1284 2376 1471 2414 omnes
1496 2360 1678 2415 eadem
1703 2350 1988 2430 patientur,

403 2449 500 2501 sed
532 2465 716 2518 magna
750 2461 829 2505 est
857 2450 1176 2516 dilTerentia,
1209 2454 1376 2506 inulto
1404 2454 1570 2522 magis
1601 2453 1687 2505 ubi
1719 2461 1842 2506 sunt
1871 2467 1992 2520 pec-

401 2550 615 2594 catores
641 2551 692 2595 et
717 2542 885 2610 justi,
923 2543 1093 2612 major
1123 2545 1225 2597 erit
1265 2544 1535 2598 distantia.
1574 2543 1823 2597 Primitiie
1845 2543 1991 2597 Chri-

398 2643 511 2687 stus
535 2649 552 2685 :
574 2633 756 2686 deinde
778 2635 814 2686 ii
838 2635 921 2704 qui
949 2645 1064 2688 sunt
1091 2635 1314 2699 Christi;
1346 2636 1445 2689 hoe
1472 2644 1572 2696 est,
1606 2634 1786 2690 ﬁdeles
1817 2644 1870 2689 et
1900 2634 1988 2704 qui

397 2735 525 2779 Sunt
555 2725 760 2795 probati
783 2735 835 2778 et
868 2725 1019 2778 bona:
1046 2726 1474 2780 existimationis.
1508 2726 1593 2780 2i.
1630 2725 1822 2779 Deinde
1849 2727 1984 2792 ﬁnis.

395 2819 532 2872 Nam
566 2818 774 2886 quando
810 2819 880 2872 illi
916 2821 1305 2874 resurroxerint
1332 2861 1346 2884 ,
1379 2837 1462 2873 res
1491 2836 1677 2872 omnes
1710 2821 1864 2872 linem
1893 2835 1984 2872 ac-

392 2912 599 2979 cipient
633 2928 644 2964 :
676 2927 779 2962 non
808 2911 944 2964 sicut
972 2927 1110 2964 nunc
1153 2921 1428 2979 postquam
1459 2911 1810 2964 resm-rescrit
1833 2909 1986 2962 Chri-

391 3015 534 3066 stus,
566 3005 742 3056 omnia
769 3003 944 3057 adlmc
970 3013 1092 3057 sunt
1123 3004 1174 3056 in
1205 3019 1484 3072 suspenso.
1519 3003 1582 3056 Et
1611 3003 1729 3055 ideo
1759 2999 1979 3065 addidit,

393 3096 458 3148 In
497 3097 604 3166 ejus
627 3096 874 3161 adventu,
904 3107 958 3148 ut
987 3095 1162 3150 discas
1190 3097 1358 3162 ipsum
1395 3095 1534 3165 loqui
1561 3095 1627 3147 de
1655 3094 1746 3147 illo
1775 3104 1980 3162 tempo-

390 3204 471 3242 re.
506 3186 631 3243 Cum
667 3187 930 3240 tradiderit
959 3204 1166 3256 regnum
1199 3185 1302 3240 Deo
1331 3197 1377 3240 et
1409 3185 1552 3239 Patri
1577 3204 1592 3249 ;
1625 3203 1734 3239 cum
1765 3201 1979 3238 evacua.

390 3282 517 3330 ι-ιννῑι
549 3295 742 3331 omnem
773 3279 1133 3348 principatum,
1166 3289 1481 3346 potestatem,
1510 3288 1558 3330 et
1585 3277 1834 3330 uirtutem.

466 3371 520 3420 .l.
553 3369 650 3422 llic
677 3378 878 3424 attente
905 3370 1139 3422 animum
1169 3370 1416 3424 adhibete
1440 3412 1453 3427 .
1481 3380 1533 3422 et
1561 3369 1734 3422 videte
1759 3383 1827 3420 ne
1853 3366 1977 3435 quid

395 3474 492 3508 ωδ
518 3459 725 3528 ell'ugiat
753 3477 936 3515 eorum
967 3477 1083 3529 qum
1115 3461 1378 3514 dicuntur.
1415 3461 1505 3514 Est
1535 3461 1674 3514 enim
1703 3459 1852 3513 nobis
1884 3474 1976 3527 pn-

394 3569 498 3619 gna
531 3567 650 3604 cum
680 3553 904 3607 inimicis
933 3572 945 3606 :
977 3554 1096 3606 ideo
1125 3554 1270 3622 prius
1297 3564 1378 3606 est
1408 3552 1702 3606 exercenda
1731 3552 1978 3605 deductio

390 3644 458 3697 ad
505 3643 841 3698 absurdum:
875 3646 1011 3714 quod
1061 3661 1204 3714 sarpe
1248 3646 1406 3698 etiam
1458 3645 1577 3698 iacit
1627 3644 1865 3697 Paulus:
1899 3644 1976 3696 sic

388 3739 534 3793 enim
579 3739 808 3794 maxime
842 3755 959 3809 qua:
990 3739 1172 3793 dicunt
1194 3781 1208 3805 ,
1240 3739 1568 3807 apparebunt
1601 3738 1752 3790 nobis
1781 3737 1974 3805 depre-

389 3834 563 3885 hensu
612 3829 807 3886 facilia.
855 3831 962 3885 Eos
1007 3847 1135 3901 ergo
1181 3832 1410 3902 primum
1461 3845 1706 3900 rogemus
1743 3830 1866 3900 quid
1907 3832 1976 3885 sit

384 3921 528 3988 quod
561 3921 761 3976 dictum
789 3934 890 3988 est,
917 3923 1040 3977 Cum
1065 3923 1328 3976 tradiderit
1354 3939 1559 3993 regnum
1589 3922 1695 3976 Deo
1717 3933 1761 3976 el
1787 3922 1958 3976 Patri.

383 4014 517 4069 Nam
556 4015 600 4068 si
636 4014 687 4068 id
715 4015 1106 4070 incoasiderate
1133 4016 1494 4084 acceperimus
1515 4057 1528 4078 ,
1560 4025 1611 4069 et
1641 4030 1744 4069 non
1778 4023 1833 4068 ut
1865 4016 1971 4069 Deo

385 4110 659 4172 convenit,
687 4123 791 4162 non
821 4108 946 4162 illud
978 4117 1156 4177 postea
1193 4109 1403 4163 habebit
1431 4126 1444 4161 :
1473 4125 1594 4163 nam
1627 4110 1713 4178 qui
1746 4109 1831 4162 alii
1867 4119 1972 4164 tra-

384 4201 540 4265 didit,
568 4201 766 4256 desiuit
787 4201 854 4256 de
873 4211 1068 4255 caetero
1096 4201 1207 4270 ipse
1238 4202 1288 4256 id
1319 4210 1519 4256 tenere.
1548 4202 1655 4257 Nec
1676 4203 1776 4257 erit
1799 4205 1968 4257 solum

387 4291 486 4346 hoc
512 4290 826 4356 absurdum,
855 4293 947 4347 sed
971 4292 1130 4347 etiam
1160 4292 1297 4362 quod
1326 4308 1392 4346 ne
1424 4294 1512 4346 ille
1533 4293 1744 4363 quidem
1771 4295 1859 4363 qui
1884 4310 1969 4347 ae-

384 4387 563 4453 cepit,
603 4385 907 4439 invenietur
947 4385 1143 4440 habere
1185 4386 1486 4455 priusquam
1518 4389 1802 4454 ari-operit.
1835 4387 1970 4455 Ergo

385 4477 684 4532 secundum
715 4479 834 4533 illos
861 4494 1033 4548 neque
1059 4479 1216 4534 Pater
1235 4490 1350 4534 erat
1379 4480 1484 4532 Rex
1508 4490 1680 4543 antea,
1711 4491 1764 4534 et
1791 4491 1969 4535 nostra

385 4570 763 4639 persequitur;
799 4586 970 4640 neque
996 4571 1159 4626 Filius
1181 4583 1360 4640 postea
1395 4572 1501 4626 Rex
1531 4588 1648 4627 eSsc
1675 4573 1968 4641 apparebit.

384 4662 670 4728 Quomodo
691 4678 818 4731 ergo
844 4664 956 4732 ipse
979 4664 1190 4734 quidem
1214 4665 1338 4719 dicit
1361 4665 1426 4718 de
1456 4667 1630 4731 Patre,
1659 4665 1814 4720 Pater
1835 4685 1972 4721 meus

385 4773 544 4822 usque
560 4771 692 4809 nunc
715 4765 973 4824 operatur,
989 4766 1034 4810 et
1053 4773 1143 4827 ego
1164 4775 1344 4827 aperor
1363 4757 1535 4827 (Joan.
1558 4761 1610 4814 5.
1638 4760 1832 4829 l7)?de
1856 4761 1971 4829 ipso

385 4855 566 4902 autem
593 4846 724 4901 dicit
753 4847 970 4912 Daniel,
1002 4847 1232 4919 Regnum
1269 4851 1378 4917 ejus
1398 4890 1412 4914 ,
1444 4867 1651 4920 regnum
1691 4864 1966 4918 (etei-num,

382 4941 521 5008 quod
551 4957 650 4994 non
677 4942 949 5009 prateribit
974 4941 1132 5011 (Dan.
1163 4941 1218 4994 2.
1249 4941 1380 5011 41s)?
1410 4942 1590 4996 Videu’
1615 4959 1777 5012 quam
1807 4946 1967 4998 multa

383 5032 630 5086 oriantur
656 5032 909 5099 absurda,
937 5041 990 5087 ct
1012 5048 1168 5103 quam
1193 5048 1313 5086 cum
1342 5032 1630 5101 Scripturis
1660 5036 1965 5103 pugnantia,

384 5139 505 5177 cum
532 5125 794 5193 quispiam
812 5140 930 5195 qua:
950 5125 1197 5179 dicuntur
1218 5125 1444 5178 humane
1467 5125 1761 5194 acet-perit?
1781 5125 1970 5192 Quem-

387 5232 508 5268 nam
544 5225 723 5270 autem
751 5216 837 5270 hic
861 5215 989 5270 dicit
1014 5217 1256 5270 cvacuari
1279 5223 1332 5270 et
1352 5215 1553 5270 aboleri
1579 5217 1970 5284 principatum?

386 5307 810 5373 angelorunme?
850 5306 1023 5360 Absit.
1069 5307 1137 5360 At
1172 5305 1445 5362 ﬁdelium?
1479 5306 1554 5361 Ne
1595 5307 1696 5361 hoc
1733 5306 1966 5375 quidem.

385 5399 492 5449 Sed
539 5397 866 5466 queumam?
910 5397 1219 5452 Daemouum
1246 5440 1258 5461 ,
1288 5397 1356 5451 de
1394 5413 1501 5468 quo
1538 5397 1660 5452 dicit
1694 5414 1707 5453 :
1742 5397 1861 5452 Non
1900 5407 1970 5451 est

387 5491 530 5541 nobis
559 5489 849 5542 colluctatio
876 5489 1113 5543 adversus
1139 5505 1340 5542 carnem
1359 5501 1404 5543 et
1423 5493 1740 5562 sanguinem,
1763 5493 1852 5544 sed
1877 5491 1971 5543 ad-

387 5597 560 5633 t'crsus
593 5580 924 5650 principatus,
953 5580 1194 5633 adversus
1219 5589 1502 5648 potestates,
1530 5583 1769 5638 adversus
1792 5583 1970 5636 mundi

391 5681 607 5723 rectores
637 5669 953 5723 tenebrarum
984 5669 1136 5738 hujus
1163 5670 1334 5723 swculi
1367 5669 1576 5740 (Ephes.
1606 5674 1661 5727 6.
1695 5673 1803 5742 l2).
1837 5673 1968 5727 Nam

394 5775 538 5814 nunc
567 5761 779 5830 quidem
820 5775 924 5814 non
965 5768 1084 5814 sunt
1116 5760 1268 5830 plene
1303 5759 1502 5814 abolita
1528 5777 1622 5816 nec
1652 5762 1821 5819 adhuc
1852 5780 1966 5817 ecs-

1404 320 1469 374 lN
1511 319 1728 375 EI’IST.
1773 321 1789 373 1
1858 321 1948 375 AD
1984 319 2138 378 (ΞΟΠ.
2189 322 2416 381 ιιοΜιιλ.
2461 326 2702 383 XXXIX.

2111 448 2229 492 sant
2253 456 2266 503 ;
2297 439 2350 493 in
2372 440 2552 496 amitis
2572 447 2712 499 enim
2736 446 2864 500 locis
2885 459 3206 516 operantur;
3231 459 3354 506 tunc
3377 463 3551 509 autem
3574 472 3691 509 ecs-

2107 529 2318 582 sabunt.
2347 531 2439 585 25.
2474 531 2682 602 Oportet
2719 537 2850 590 enim
2893 539 3037 592 illum
3081 558 3323 611 regnare,
3353 545 3510 598 donec
3537 558 3688 614 ponat

2106 634 2276 673 omnes
2304 620 2534 677 inimicos
2569 626 2659 678 sub
2701 627 2906 694 pedibus
2940 631 3052 698 ejus
3095 631 3297 686 Rursus
3328 634 3450 688 hinc
3478 651 3688 706 quoque

2105 708 2246 761 aliud
2279 712 2446 764 oritur
2476 713 2763 769 absurdttttt
2787 761 2798 781 ,
2833 720 2931 772 nisi
2964 721 3017 774 id
3050 740 3260 793 quoque
3289 729 3682 796 acceperimus,

2107 812 2162 853 tu
2193 803 2299 856 Deo
2325 807 2594 860 com-coit.
2627 809 2756 862 Nam
2800 813 2924 865 illud
2948 855 2963 879 ,
2999 813 3206 876 Donec,
3238 828 3322 870 est
3361 819 3479 872 linis
3508 829 3562 873 et
3588 819 3683 874 de-

2107 895 2535 965 terminatiouis;
2583 901 2632 952 in
2683 903 2789 954 Deo
2829 914 3006 959 autem
3049 907 3148 961 hoc
3178 927 3282 962 non
3313 922 3418 966 est.
3443 913 3532 964 26.
3569 912 3684 965 No-

2104 985 2307 1038 vissima
2335 990 2539 1042 inimica
2570 993 2850 1047 destruetur
2876 1014 3028 1052 mors.
3056 999 3334 1065 QUomodo
3362 1003 3686 1056 novissima?

2107 1075 2232 1129 Post
2261 1091 2468 1138 omnes.
2501 1091 2618 1150 post
2643 1084 2929 1144 diabolum.
2969 1101 3082 1154 post
3118 1091 3217 1143 alia
3244 1092 3441 1145 omnia.
3476 1094 3682 1148 Etenim

2105 1167 2263 1219 etiam
2297 1168 2346 1220 in
2377 1170 2524 1224 initio
2551 1173 2761 1227 intravit
2796 1178 3079 1231 novissima
3109 1199 3120 1231 :
3150 1181 3293 1248 prius
3321 1184 3462 1236 enim
3489 1184 3683 1238 diaboli

2105 1259 2384 1312 consilium
2431 1270 2485 1315 et
2533 1263 2886 1318 inobedientia
2915 1310 2927 1326 .
2956 1278 3010 1320 et
3051 1281 3175 1323 tunc
3209 1286 3373 1324 mors.
3420 1274 3684 1328 Potestate

2105 1366 2232 1419 ergo
2273 1367 2411 1406 mmc
2453 1370 2662 1424 quoque
2708 1368 2791 1410 est
2831 1359 3060 1422 abolita,
3092 1378 3151 1416 re
3189 1376 3364 1417 autem
3401 1366 3508 1432 ipsa
3537 1378 3681 1422 tunc.

2108 1443 2292 1498 Omnia
2311 1447 2442 1499 enim
2464 1448 2670 1517 subjecit
2692 1451 2781 1503 sub
2809 1452 3014 1520 pedibus
3041 1455 3164 1523 ejus.
3192 1455 3504 1510 Carnuntem
3527 1461 3683 1522 dicat,

2102 1535 2192 1589 27.
2223 1535 2408 1590 Omnia
2437 1541 2656 1608 subjecta
2685 1552 2799 1593 sunt
2827 1543 2892 1604 ei,
2923 1544 3032 1596 sine
3059 1545 3210 1598 dubio
3237 1558 3417 1613 printer
3441 1563 3573 1609 cum,
3601 1551 3684 1617 qui

2102 1627 2310 1698 subjecit
2341 1631 2383 1682 ei
2413 1634 2602 1686 onmia.
2631 1631 2718 1685 28.
2753 1631 2876 1687 Cum
2919 1644 3086 1687 autem
3124 1637 3346 1705 subjecta
3385 1639 3571 1705 fuerint
3607 1639 3686 1691 illi

2102 1718 2293 1783 omnia,
2326 1728 2444 1772 tunc
2473 1731 2517 1774 et
2545 1723 2652 1790 ipse
2682 1722 2845 1775 Filius
2875 1725 3128 1794 subjectus
3156 1729 3250 1779 erit
3277 1728 3374 1790 illi,
3403 1729 3489 1797 qui
3517 1729 3684 1799 subje-

2102 1809 2169 1860 cit
2208 1809 2302 1862 sibi
2351 1813 2541 1866 omnia.
2576 1815 2732 1882 Atqui
2761 1824 2916 1869 antea
2949 1832 3052 1869 non
3094 1817 3304 1872 Patrem
3329 1819 3538 1874 dicebat
3563 1836 3683 1876 esse

2101 1901 2189 1969 qui
2232 1902 2488 1971 subjecit,
2512 1904 2622 1958 sed
2656 1906 2826 1974 ipsum
2859 1921 3118 1962 evacuare
3147 1919 3199 1962 et
3227 1911 3445 1965 abolere
3479 1931 3490 1964 :
3522 1911 3678 1977 Cum,

2101 1993 2307 2062 inquit,
2337 1998 2650 2049 evacuaverit
2677 2014 2871 2050 omnem
2904 2000 3244 2070 principatum
3277 2012 3324 2054 et
3351 2011 3682 2071 potestatem;

2099 2091 2154 2137 et
2182 2099 2366 2138 rursus
2388 2127 2401 2148 ,
2435 2084 2643 2154 Oportet
2686 2089 2826 2140 enim
2863 2091 3030 2158 ipsum
3067 2107 3310 2161 regnare,
3342 2093 3500 2146 donec
3530 2103 3683 2162 ponat

2099 2189 2271 2227 omnes
2310 2175 2538 2229 inimicos
2577 2179 2670 2230 sub
2715 2179 2922 2246 pedibus
2956 2181 3084 2250 ejus.
3124 2182 3403 2249 Quomodo
3432 2199 3560 2253 ergo
3596 2184 3682 2239 hic

2098 2264 2228 2319 dicit
2267 2265 2516 2321 Patrem?
2540 2268 2649 2322 Nec
2687 2269 2786 2322 hoc
2813 2280 2894 2324 est
2936 2273 3104 2326 solum
3141 2273 3282 2343 quod
3326 2276 3532 2329 videtur
3561 2291 3682 2331 esse

2098 2353 2341 2420 dubium,
2372 2358 2466 2412 sed
2493 2360 2651 2413 ctiam
2685 2361 2824 2430 quod
2872 2373 3013 2418 metu
3045 2365 3199 2420 valde
3223 2366 3455 2420 absurdo
3484 2377 3564 2422 est
3596 2367 3680 2422 al-

2098 2447 2288 2513 lectus,
2313 2459 2364 2504 et
2391 2467 2518 2505 usus
2544 2462 2624 2506 est
2650 2457 2983 2510 correctione
3010 2457 3215 2523 dicens,
3252 2458 3444 2512 Praeter
3463 2477 3573 2513 eum
3594 2462 3682 2530 qui

2096 2541 2143 2595 ei
2171 2544 2382 2610 subjecit
2411 2547 2581 2597 omnia
2600 2587 2615 2611 ,
2648 2556 2915 2618 tamquam
2945 2551 3207 2620 aliquibus
3249 2545 3643 2621 suspicantibus
3662 2595 3678 2620 ,

2097 2649 2223 2688 num
2255 2635 2410 2690 Pater
2434 2652 2646 2707 quoque
2672 2639 2959 2708 aliquando
2987 2642 3340 2709 subjiceretur
3365 2644 3500 2699 Filio
3529 2663 3540 2697 :
3573 2661 3680 2715 quo

2095 2725 2219 2794 quid
2251 2724 2407 2780 luerit
2447 2729 2614 2796 magis
2641 2728 2874 2784 alienum
2904 2745 2930 2782 a
2963 2733 3208 2786 ratione?
3231 2734 3334 2788 Sed
3369 2743 3546 2791 tamen
3579 2737 3677 2789 hoc

2096 2816 2288 2870 timuit.
2316 2817 2450 2884 Quid
2477 2833 2606 2888 ergo
2631 2823 2755 2873 cst?
2780 2823 2980 2875 etenim
3010 2824 3190 2876 multa:
3215 2823 3468 2894 deinceps
3491 2841 3680 2880 occur-

2093 2919 2216 2961 runt
2242 2911 2568 2978 qua-stiones
2594 2927 2608 2962 :
2631 2913 2724 2966 sed
2751 2914 2984 2967 animum
3013 2915 3140 2968 mihi
3167 2916 3433 2970 adhibete.
3468 2919 3674 2973 Etenim

2093 3001 2221 3055 mihi
2255 3017 2474 3059 necesse
2505 3014 2588 3059 est
2620 3007 2847 3075 primmu
2879 3008 3058 3062 dicere
3088 3009 3235 3064 Pauli
3266 3025 3484 3079 smpum
3515 3021 3569 3066 et
3599 3013 3678 3066 in-

2089 3096 2333 3150 Stitutum
2365 3107 2418 3151 et
2449 3099 2728 3153 consilium
2751 3141 2763 3162 ,
2800 3101 2942 3170 quod
2984 3101 3181 3172 ubique
3207 3103 3406 3156 videris
3431 3105 3674 3171 resplen-

2088 3186 2237 3253 dere,
2266 3197 2320 3242 et
2348 3197 2470 3242 tune
2495 3190 2685 3244 allerre
2709 3193 3028 3247 solutionem
3059 3210 3071 3249 :
3100 3209 3222 3248 nam
3249 3194 3352 3249 hoc
3373 3210 3584 3265 quoque
3608 3197 3673 3249 ad

2087 3279 2411 3334 solutionem
2464 3283 2615 3335 nobis
2661 3284 2885 3339 confert.
2931 3285 3060 3351 Qua:
3108 3295 3190 3339 est
3234 3302 3363 3356 ergo
3407 3289 3672 3342 sententia

2087 3370 2232 3425 Pauli
2259 3413 2270 3433 ,
2300 3384 2348 3425 et
2383 3375 2500 3442 quis
2526 3384 2607 3428 cst
2638 3389 2752 3426 mos
2779 3375 2936 3444 ejus?
2964 3377 3134 3432 Aliter
3169 3378 3430 3447 loquitur,
3459 3379 3673 3448 quando

2085 3464 2318 3532 loquitur
2347 3467 2414 3519 de
2444 3466 2552 3519 sola
2585 3467 2880 3531 divinitate,
2911 3475 2964 3522 et
3000 3469 3160 3522 aliter
3181 3469 3394 3537 quando
3419 3470 3672 3524 acciderit

2085 3565 2142 3609 ut
2184 3557 2431 3626 loquatur
2471 3557 2538 3611 dc
2577 3568 2841 3627 susceptae
2866 3560 3043 3613 carnis
3083 3559 3504 3628 dispensatione.
3536 3560 3666 3614 Nam

2083 3649 2295 3718 quando
2348 3663 2561 3702 carnem
2612 3649 3066 3719 apprehenderit,
3118 3649 3186 3704 de
3235 3657 3430 3704 ca'tcro
3479 3666 3669 3706 secure

2082 3740 2256 3792 omnia
2300 3739 2534 3809 loquitur
2559 3740 2774 3793 humilia
2805 3749 2859 3795 ct
2889 3740 3118 3808 altjecta,
3149 3742 3424 3796 conlidens
3454 3757 3666 3810 nempe,

2080 3831 2221 3900 quod
2253 3847 2312 3885 ea
2345 3825 2413 3885 Sit
2443 3841 2561 3898 apta
2595 3841 2648 3886 et
2689 3831 2878 3885 idonea
2921 3832 2987 3884 ad
3029 3833 3424 3901 suscipiendum
3455 3848 3516 3888 ea
3545 3848 3666 3903 qua:

2080 3920 2344 3975 dieuntur.
2377 3923 2662 3976 Videamus
2689 3939 2817 3992 ergo
2851 3923 2934 3978 hic
2961 3938 3174 3993 quoque
3214 3938 3280 3977 an
3324 3924 3568 3994 loquatur
3595 3924 3664 3978 de

2079 4017 2188 4071 sola
2219 4015 2512 4078 divinitate,
2538 4032 2602 4069 an
2626 4031 2746 4069 cum
2777 4017 2952 4069 carnis
2982 4025 3242 4085 suscepta:
3263 4016 3662 4086 dispensatione

2077 4109 2145 4162 de
2174 4107 2290 4176 ipso
2320 4106 2434 4160 iure
2460 4107 2699 4161 emmtiet
2741 4123 2860 4177 qute
2899 4108 3026 4161 dicit
3057 4125 3069 4159 :
3103 4110 3208 4162 imo
3237 4123 3364 4162 vero
3393 4108 3544 4177 prius
3571 4123 3663 4161 os-

2080 4200 2357 4255 tendamus
2386 4200 2598 4253 ubinam
2632 4200 2752 4262 boc,
2785 4201 2923 4267 quod
2952 4201 3079 4260 dixi,
3116 4200 3431 4255 fecerit.eAd
3459 4200 3661 4270 Philip-

2079 4308 2268 4361 penses
2295 4291 2535 4346 scribens
2557 4293 2683 4344 dicit
2709 4309 2721 4344 :
2751 4292 2851 4357 Qui
2871 4309 2980 4342 eum
3008 4293 3060 4344 iu
3085 4294 3246 4358 [arma
3279 4290 3371 4343 Dei
3393 4301 3533 4349 esset,
3561 4308 3660 4344 non

2076 4386 2309 4455 rapinam
2352 4383 2621 4436 arbitratus
2658 4393 2728 4436 est
2771 4399 2878 4436 esse
2918 4401 2970 4436 se
3012 4383 3120 4436 Deo
3155 4385 3394 4452 a‘qttulem
3416 4425 3429 4446 ,
3461 4383 3551 4436 sed
3577 4399 3658 4436 se-

2077 4475 2242 4543 ipsum
2271 4475 2541 4526 exinanirit
2568 4475 2696 4526 servi
2720 4478 2933 4544 formam
2962 4475 3231 4544 accipiens,
3256 4475 3306 4527 in
3332 4475 3662 4528 similitudine

2077 4567 2336 4619 hominum
2363 4567 2546 4634 factus,
2573 4575 2616 4619 et
2638 4567 2802 4635 ﬁgura
2831 4567 3057 4620 inventus
3085 4578 3139 4620 ut
3171 4568 3317 4621 homo
3339 4583 3357 4630 ,°
3378 4567 3659 4620 humiliurit

2077 4659 2316 4728 seipsum,
2341 4658 2570 4712 obediens
2600 4660 2762 4727 [actus
2791 4675 2948 4730 usque
2976 4661 3043 4712 ad
3073 4671 3300 4724 mortem,
3331 4671 3537 4715 mortem
3564 4679 3657 4714 au-

2079 4759 2174 4802 tcm
2213 4752 2390 4803 crucis.
2427 4750 2750 4821 Quapropter
2779 4749 2914 4803 Deus
2944 4753 3179 4804 exultavit
3210 4753 3352 4806 illum
3386 4751 3654 4823 (Philipp.

2075 4843 2129 4898 2.
2161 4843 2258 4898 6-9
2290 4843 2329 4912 ).
2365 4843 2606 4898 Vidistiu'
2632 4844 2900 4912 quomodo
2921 4886 2934 4907 ,
2967 4845 3178 4914 quando
3206 4845 3271 4899 de
3300 4846 3410 4899 sola
3440 4847 3653 4914 quidem

2077 4935 2392 5005 loquebatur
2418 4934 2716 4999 divinitate,
2748 4935 2830 4988 illa
2861 4951 3045 5003 magna
3077 4936 3228 5002 dixit,
3258 4953 3378 4990 eum
3407 4937 3456 4989 in
3489 4939 3653 4990 forma

2079 5025 2170 5080 Dei
2199 5039 2338 5089 esse,
2369 5034 2422 5078 et
2450 5024 2725 5092 arqualiter
2751 5025 3011 5086 Genitori,
3041 5035 3094 5078 et
3119 5026 3219 5093 ipsi
3249 5035 3414 5079 totmn
3455 5026 3660 5079 adscri-

2078 5119 2154 5172 bit
2179 5135 2192 5170 :
2216 5117 2428 5187 quando
2457 5125 2634 5169 autem
2675 5118 2907 5170 ostendit
2949 5117 3039 5171 tibi
3067 5131 3188 5170 cum
3218 5133 3434 5171 carnem
3469 5132 3654 5173 susce-

2076 5211 2220 5278 pisse
2245 5253 2258 5274 ,
2302 5225 2482 5263 rursus
2519 5209 2782 5277 depressit
2825 5212 3120 5263 orationem
3143 5210 3168 5262 ?
3202 5211 3310 5264 Nisi
3351 5213 3492 5265 enim
3540 5212 3654 5266 ha-e

2077 5301 2323 5356 diviseris
2347 5342 2360 5363 ,
2407 5315 2595 5367 magna
2641 5308 2722 5353 cst
2765 5302 3110 5368 repugnantia
3150 5318 3332 5356 eorum
3367 5319 3486 5373 qua:
3515 5304 3653 5355 dicta

2077 5402 2221 5447 sunt.
2255 5391 2387 5446 Nam
2415 5391 2458 5444 si
2494 5391 2603 5444 Deo
2643 5399 2758 5444 erat
2800 5393 3020 5462 a‘qualis
3043 5434 3056 5458 ,
3099 5395 3366 5463 quomodo
3405 5394 3658 5447 exultavit

2079 5502 2220 5551 eum,
2253 5485 2341 5556 qui
2369 5494 2453 5539 est
2479 5483 2577 5539 sibi
2605 5485 2863 5554 aequalis?
2887 5486 2929 5537 si
2959 5497 3070 5540 erat
3102 5488 3151 5539 in
3184 5488 3349 5539 forma
3383 5486 3494 5548 Dei,
3520 5499 3654 5551 quo-

2078 5579 2236 5634 modo
2263 5579 2360 5648 ipsi
2389 5579 2601 5632 donavit
2633 5579 2866 5633 nomen?
2895 5595 3012 5632 nam
3045 5580 3132 5648 qui
3159 5579 3340 5636 donat,
3365 5579 3413 5625 ei
3437 5575 3523 5641 qui
3550 5589 3654 5625 non

2082 5673 2241 5726 habet
2269 5673 2432 5725 dotiat
2458 5686 2471 5724 :
2499 5680 2550 5723 et
2573 5670 2658 5739 qui
2690 5670 2884 5723 exultat
2908 5712 2922 5734 ,
2953 5686 3072 5723 cum
3110 5669 3197 5736 qui
3242 5667 3385 5734 prius
3413 5669 3528 5713 erat
3558 5662 3651 5712 huc

2083 5766 2222 5819 milis
2251 5764 2468 5818 exaltat.
2507 5763 2807 5816 Invenietur
2834 5776 2960 5830 ergo
2991 5775 3107 5813 esse
3136 5753 3476 5825 itnperlcctus
3504 5762 3551 5804 et
3584 5753 3655 5803 in-
