4018 6156
411 239 520 294 339

411 357 604 427 digens
628 397 640 420 ,
673 353 978 424 priusquam
1014 347 1349 404 altitudinem
1379 346 1649 416 acceperit
1676 354 1728 398 et
1759 356 1953 397 nomen
1985 357 2000 394 :

415 459 469 504 et
498 448 598 502 alia
631 442 1037 500 innumerabilia
1067 440 1188 494 hinc
1219 447 1506 508 sequentur
1529 437 1754 491 absurda
1777 435 2004 491 corolla-

414 540 513 593 ria.
542 537 648 593 Sed
677 538 720 590 si
748 535 926 589 carnis
947 541 1209 600 susceptm
1234 531 1504 586 addideris
1525 529 1998 600 dispensationem,

416 648 520 686 non
568 630 814 701 peccabis
861 628 974 682 haec
1023 626 1226 680 dicens.
1273 625 1395 682 Haec
1440 634 1618 679 autem
1667 623 1752 676 hic
1792 637 2002 692 quoque

413 722 584 793 cogita
610 765 624 788 ,
655 731 856 776 etcum
883 719 985 773 hoc
1010 718 1236 771 consilio
1263 717 1445 785 accipe
1475 733 1592 786 qua:
1618 715 1758 770 dicta
1785 723 1928 768 sunt.

486 815 540 867 5.
573 812 704 866 Cum
744 810 828 864 bis
869 819 1046 863 autem
1093 809 1224 863 alias
1254 823 1466 877 quoque
1507 807 1748 861 dicemus
1787 819 1998 859 causas.

416 907 632 962 Interim
675 913 851 959 autem
897 903 1026 958 illud
1069 918 1291 957 necesse
1337 910 1420 955 est
1470 900 1685 966 dicere,
1718 898 1858 968 quod
1888 908 1943 952 et
1970 912 2001 950 a

417 999 584 1055 Paulo
610 998 772 1052 verba
801 996 1002 1052 ﬁebant
1027 994 1092 1048 de
1129 993 1542 1056 resurrectione,
1575 1008 1695 1061 qua:
1726 989 2004 1044 videbatur

416 1093 532 1147 fieri
564 1107 672 1146 non
709 1103 886 1158 posse,
915 1096 970 1142 et
997 1101 1117 1156 qua:
1158 1087 1377 1138 minime
1403 1082 1723 1138 credebatur
1751 1098 1765 1134 :
1789 1091 1838 1134 et
1867 1079 2005 1133 scri-

419 1187 581 1242 bebat
605 1183 672 1237 ad
701 1179 1030 1244 Corinthios,
1056 1177 1142 1232 ubi
1178 1176 1354 1245 plures
1375 1183 1530 1229 erant
1561 1171 1888 1242 philosophi,
1912 1170 2000 1240 qui

415 1291 633 1345 semper
648 1271 938 1330 irridebant
955 1286 1016 1324 ea
1037 1286 1150 1338 quze
1173 1278 1294 1324 sunt
1318 1265 1641 1336 hujusmodi.
1659 1263 1864 1318 Etenim
1881 1276 2000 1317 cum

419 1375 474 1428 in
499 1371 620 1426 aliis
665 1369 805 1422 inter
830 1381 889 1421 se
913 1363 1298 1420 colliderentur
1320 1403 1336 1428 ,
1367 1361 1420 1415 in
1465 1361 1565 1415 hoc
1589 1359 1840 1430 dogmate
1868 1369 2004 1413 tam-

417 1478 576 1534 quam
609 1476 718 1517 uno
745 1474 840 1514 ore
875 1471 1066 1512 omnes
1104 1455 1484 1525 conspirabant
1506 1496 1522 1520 ,
1552 1461 1854 1508 statuentes
1893 1467 2000 1505 non

417 1569 541 1611 esse
569 1551 1042 1608 resurrectionem.
1089 1547 1168 1601 De
1213 1545 1514 1616 huiusmodi
1559 1559 1690 1613 ergo
1717 1558 1878 1597 causa
1907 1542 2003 1596 de-

416 1654 663 1710 certans,
694 1643 780 1698 cui
818 1640 956 1696 adeo
987 1654 1096 1695 non
1122 1636 1360 1694 creditur
1383 1645 1438 1692 et
1465 1651 1584 1706 qua:
1613 1635 1866 1690 irridetur
1894 1641 2001 1688 tam

421 1747 640 1810 propter
668 1732 1070 1806 prtejudicatam
1097 1729 1404 1801 Opinionem
1422 1769 1436 1793 ,
1471 1743 1631 1798 quam
1679 1736 1902 1797 propter
1926 1726 2002 1780 rei

418 1826 824 1889 difﬁcultatem;
857 1832 912 1877 et
954 1823 1144 1876 volens
1174 1820 1403 1890 probare
1450 1819 1500 1873 id
1533 1819 1648 1873 ﬁeri
1680 1832 1856 1888 posse,
1891 1816 2002 1886 pri-

420 1933 566 1973 mum
595 1918 696 1972 hoc
722 1916 846 1972 facit
872 1930 940 1970 es
965 1911 1166 1968 Christi
1193 1910 1588 1966 resurrectione
1617 1927 1630 1962 :
1656 1918 1710 1964 et
1738 1923 1859 1964 cum
1884 1922 2001 1965 eam

420 2009 846 2064 demonstrasset
873 2013 928 2059 et
955 2020 1021 2058 ex
1049 2002 1325 2073 prophetis
1345 2012 1399 2057 et
1427 2017 1494 2057 ex
1525 2001 1590 2055 iis
1617 1999 1708 2070 qui
1739 2000 2001 2064 viderant,

419 2109 475 2155 et
497 2115 560 2154 ex
593 2099 657 2153 iis
685 2096 775 2168 qui
807 2095 1172 2158 crediderant,
1201 2102 1482 2162 postquam
1511 2093 1718 2161 accepit
1743 2093 1844 2146 sibi
1875 2107 2007 2146 cou-

421 2207 628 2248 cessam
655 2190 722 2245 ad
752 2189 1045 2244 absurdum
1073 2186 1447 2242 deductionem
1471 2227 1486 2252 ,
1517 2184 1772 2254 deinceps
1815 2185 2006 2255 probat

424 2285 698 2340 hominum
731 2281 1176 2335 resurrectionem
1207 2295 1220 2330 :
1256 2276 1395 2330 Nam
1415 2278 1457 2332 si
1489 2278 1673 2330 mortui
1701 2292 1800 2328 non
1832 2292 2004 2329 resur-

421 2383 580 2444 gunt,
611 2371 815 2441 inquit,
867 2386 928 2422 ne
955 2368 1182 2423 Christus
1231 2368 1435 2438 quidem
1478 2368 1769 2421 resurrexit.
1804 2366 2005 2421 Deinde

423 2479 546 2520 cum
591 2462 846 2517 continuo
893 2461 944 2515 in
977 2460 1402 2530 praecedentibus
1443 2474 1628 2513 eorum
1675 2458 2004 2527 frequentem

423 2555 662 2611 dedisset
705 2553 1112 2623 probationem,
1155 2552 1310 2606 aliter
1339 2566 1524 2605 rursus
1567 2560 2003 2620 argumentatur,

425 2664 544 2704 eam
571 2661 768 2702 vocans
800 2647 1082 2716 primitias,
1106 2656 1158 2700 et
1184 2645 1472 2699 ostendens
1501 2657 1623 2697 eum
1651 2642 1869 2697 abolere
1891 2657 2008 2696 om-

426 2757 548 2796 nem
576 2741 933 2810 principatum
975 2748 1030 2793 et
1073 2745 1388 2807 potestatem
1414 2745 1468 2790 ct
1499 2737 1748 2790 virtutem
1777 2744 1832 2788 et
1860 2748 2008 2788 mor-

429 2846 536 2890 tem
567 2833 934 2889 novissimam.
965 2829 1246 2898 Quomodo
1274 2845 1423 2898 ergo,
1462 2827 1666 2896 inquit,
1695 2826 1854 2880 fuerit
1881 2827 2011 2880 abo-

427 2928 518 2981 lita
537 2966 552 2992 ,
584 2927 684 2980 nisi
715 2926 860 2994 prius
886 2922 1125 2977 amiserit
1167 2936 1286 2989 qure
1315 2919 1541 2973 habebat
1570 2918 1823 2987 corpora?
1854 2917 2009 2971 Post-

427 3032 589 3087 quam
617 3030 746 3085 ergo
773 3030 960 3083 magna
987 3014 1233 3080 loquutus
1275 3019 1356 3065 est
1385 3009 1450 3063 de
1477 3008 1790 3078 Unigenito,
1821 3023 2011 3078 nempe

429 3109 573 3178 quod
603 3107 763 3160 tradit
787 3119 1046 3174 regnum,
1081 3103 1182 3156 hoc
1211 3109 1311 3166 est,
1341 3099 1484 3170 quod
1529 3099 1642 3168 ipse
1672 3115 1733 3153 ea
1762 3098 2009 3164 conﬁcit,

430 3208 484 3253 et
515 3199 628 3268 ipse
669 3196 811 3251 bello
843 3194 1004 3248 vincit
1027 3236 1041 3260 ,
1069 3202 1121 3246 et
1151 3192 1326 3246 omnia
1363 3190 1586 3260 pedibus
1626 3191 1735 3244 suis
1762 3189 2010 3258 subjicit;

432 3290 707 3360 subjunxit
730 3289 1006 3358 corrigens
1029 3287 1316 3340 mttltorum
1350 3284 1774 3338 incredulitatem
1803 3301 1816 3336 :
1848 3283 2014 3350 Opor-

431 3393 497 3436 tet
521 3398 636 3434 eum
665 3395 894 3450 regnare,
925 3377 1084 3430 donec
1109 3376 1328 3445 posuerit
1357 3391 1528 3428 omnes
1553 3375 1783 3428 inimicos
1806 3374 1896 3427 sub
1922 3389 2014 3446 pe-

431 3475 576 3529 dibus
602 3474 724 3526 suis.
778 3470 892 3525 Non
943 3471 1103 3523 finem
1149 3484 1312 3538 regno
1356 3469 1636 3536 imponens
1677 3467 1814 3520 dixit
1845 3466 2012 3531 illud,

439 3567 645 3631 Donec,
675 3563 769 3618 sed
801 3562 904 3617 ﬁde
933 3561 1153 3631 dignum
1184 3560 1386 3614 faciens
1418 3561 1469 3614 id
1493 3559 1637 3630 quod
1665 3560 1868 3614 dictum
1897 3569 2014 3626 est,

432 3667 488 3710 et
513 3667 569 3710 ut
598 3656 740 3709 bono
769 3655 876 3708 sint
921 3654 1099 3706 animo
1119 3639 1198 3706 'et
1241 3651 1514 3706 confidant
1558 3667 1869 3722 procurans.
1897 3650 2015 3706 Non

433 3748 576 3800 enim
609 3754 888 3814 postquam
920 3744 1206 3809 audivisti,
1255 3743 1459 3812 inquit,
1490 3759 1611 3797 eum
1641 3758 1762 3798 esse
1784 3743 2015 3798 abolitu-

436 3855 553 3892 rum
583 3852 794 3888 onmem
829 3835 1183 3904 principatum
1227 3846 1279 3889 et
1309 3845 1630 3903 potestatem
1656 3847 1710 3890 et
1737 3838 2013 3902 virtutem,

437 3943 491 3985 ct
521 3929 792 3984 diabolum
822 3937 877 3981 et
908 3937 1014 3980 tam
1059 3927 1254 3980 multas
1301 3927 1606 3981 daemonum
1649 3937 1894 3984 catervas
1918 3970 1932 3992 ,
1965 3940 2021 3983 et

437 4023 732 4076 inﬁdelium
785 4020 1005 4082 turbas,
1054 4028 1107 4073 et
1156 4021 1342 4072 mortis
1388 4020 1755 4089 tyrannidem,
1797 4030 1851 4076 et
1879 4023 2018 4076 mala

436 4114 643 4176 omnia,
680 4112 868 4166 timeas
893 4153 906 4176 ,
943 4120 1211 4180 tamquam
1243 4112 1356 4180 ipse
1385 4111 1456 4165 sit
1502 4111 1743 4167 inﬁrmus
1769 4124 1823 4168 et
1849 4114 2019 4168 imbe-

435 4207 590 4261 cillus
617 4225 630 4260 :
662 4203 834 4258 donec
863 4203 1006 4258 enim
1036 4200 1224 4256 fecerit
1270 4202 1382 4257 haec
1413 4204 1592 4258 omnia
1615 4243 1629 4267 ,
1658 4213 1872 4272 oportet
1895 4219 2017 4259 cum

436 4313 662 4370 regnare
686 4315 698 4350 :
725 4312 830 4352 non
855 4297 957 4350 hoc
977 4294 1182 4361 dicens,
1205 4295 1346 4364 quod
1372 4307 1654 4365 postquam
1681 4296 1890 4365 fecerit,
1913 4313 2016 4352 non

435 4391 676 4462 regnabit
701 4431 714 4452 .
745 4390 840 4444 sed
873 4387 1004 4442 illud
1035 4387 1267 4456 probans
1295 4428 1311 4453 ,
1341 4387 1482 4457 quod
1514 4388 1851 4443 etiamsinon
1879 4403 2021 4443 nunc

437 4487 631 4538 factum
665 4486 752 4545 sit,
776 4481 997 4534 omnino
1023 4480 1092 4533 sit
1114 4478 1369 4534 futurum.
1399 4478 1516 4534 Non
1543 4480 1683 4534 enim
1711 4482 2018 4536 conscindi-

436 4586 522 4628 tur
550 4573 666 4641 ejus
710 4587 932 4641 regnum
965 4588 978 4624 :
1007 4570 1314 4624 dominatur
1354 4571 1497 4624 enim
1537 4581 1591 4625 et
1635 4583 1822 4641 petens
1852 4584 1934 4629 est
1965 4584 2020 4629 et

438 4674 654 4727 manet,
685 4660 857 4714 donec
901 4661 1080 4714 omnia
1113 4672 1259 4716 recte
1289 4660 1604 4715 confecerit.
1655 4663 1804 4718 lluuc
1842 4674 2016 4719 autem

438 4768 643 4808 morem
667 4751 935 4804 inveneris
961 4753 1120 4804 etiam
1149 4753 1200 4806 in
1232 4753 1408 4808 Veteri
1441 4753 1735 4822 Scriptura,
1765 4764 1822 4808 ut
1846 4773 2016 4826 quan-

434 4851 504 4904 du
536 4849 697 4913 dicit,
742 4845 955 4899 Verbum
995 4859 1160 4900 autem
1196 4848 1397 4903 Domini
1441 4861 1606 4904 manet
1643 4851 1697 4905 in
1739 4861 2018 4918 cternum;

435 4953 519 5006 et,
551 4939 632 4995 Tu
671 4950 839 4994 autent
882 4940 1016 4992 idem
1062 4940 1171 5009 ipse
1214 4957 1296 5005 es,
1331 4953 1375 4995 et
1403 4945 1524 4996 anni
1555 4943 1626 4996 tui
1653 4961 1754 4997 non
1783 4946 2017 5014 deﬁcient

435 5035 455 5106 (
485 5034 629 5088 Psal.
663 5033 786 5089 118.
814 5033 915 5097 89;
950 5042 996 5086 et
1025 5032 1148 5086 101.
1180 5031 1251 5087 28
1276 5033 1314 5101 ).
1352 5035 1474 5090 llaec
1514 5049 1690 5091 autem
1721 5036 1855 5093 dicif
1894 5055 2016 5109 pro~

437 5127 594 5194 pheta
623 5165 638 5190 ,
672 5136 723 5178 et
770 5140 890 5194 qua:
937 5137 1061 5179 sunt
1110 5124 1448 5195 bnjnsntodi,
1479 5131 1693 5197 quando
1741 5141 1923 5186 narrat
1948 5132 2016 5188 de

433 5218 614 5280 rebus,
645 5233 764 5286 qua:
789 5217 948 5286 longo
978 5226 1096 5285 post
1127 5229 1366 5288 tempore
1394 5230 1516 5275 sunt
1539 5223 1790 5290 gerenda:
1812 5235 1869 5278 et
1897 5240 2015 5278 om-

436 5311 563 5361 nino
591 5307 780 5362 futura:
803 5348 820 5373 ,
852 5309 1174 5362 crassiorem
1214 5311 1515 5365 auditormn
1545 5314 1824 5383 expellens
1856 5317 2011 5370 timo-

434 5415 569 5453 rem.
621 5397 773 5465 Quod
818 5407 996 5451 autem
1040 5398 1166 5450 illud
1204 5398 1373 5453 Donec
1401 5412 1452 5454 et
1483 5401 1687 5471 Usque,
1719 5406 1762 5458 si
1807 5405 1877 5460 de
1903 5407 2013 5461 Deo

433 5489 714 5555 dicantur,
765 5503 870 5543 non
921 5488 1217 5544 sintverba
1266 5491 1422 5544 tinent
1472 5495 1856 5563 signiﬁcantia,
1889 5498 2013 5553 audi

431 5580 557 5648 quid
589 5581 729 5635 dicat
760 5598 772 5634 :
798 5580 840 5633 Α
869 5579 1056 5634 sarculo
1086 5589 1133 5633 et
1161 5597 1316 5650 usque
1339 5583 1388 5634 in
1409 5585 1648 5639 statutum
1676 5597 1728 5641 tu
1761 5605 1812 5643 es
1835 5587 2007 5659 (Psal.

430 5674 515 5727 89.
549 5673 638 5743 2);
671 5682 726 5729 et
757 5675 971 5740 iterum,
1009 5672 1116 5746 Ego
1143 5691 1254 5730 sum
1281 5674 1474 5750 (Exod.
1505 5679 1558 5734 ὅ.
1601 5682 1708 5752 It);
1737 5694 1808 5750 et,
1841 5683 2014 5742 Donec

1133 229 1190 287 S.
1231 229 1507 286 JOAN’NIS
1539 223 2009 283 CHRYSOSTOMI
2049 224 2360 283 ABCHIEP.
2397 228 2928 288 CONSTANTINOP.

3591 235 3694 290 340

2108 347 2472 399 consenueritis
2499 363 2591 417 ego
2616 364 2726 402 sum
2753 347 2908 420 (lsai.
2937 349 3026 404 46.
3055 349 3136 419 4).
3172 349 3462 419 Propterea
3488 359 3544 404 et
3572 352 3693 404 ulti-

2105 451 2244 492 mam
2272 439 2420 506 ponit
2445 449 2673 495 mortem
2697 483 2711 507 ,
2736 449 2794 495 ut
2817 457 2881 497 ex
2912 441 3140 495 aliorum
3171 442 3393 496 victoria
3424 442 3529 497 hoc
3553 458 3690 513 quo-

2104 542 2207 597 que
2237 527 2389 583 facile
2417 529 2662 584 admittat
2711 531 2755 586 is
2785 532 2876 600 qui
2923 548 3027 586 non
3059 532 3249 590 credit.
3302 532 3530 601 Quando
3558 549 3691 604 ergo

2104 619 2396 687 diabolum,
2429 624 2516 692 qui
2538 633 2765 678 mortem
2796 625 3018 688 invexit,
3049 625 3346 689 sustulerit,
3381 626 3554 680 multo
3580 643 3694 680 ms-

2102 712 2184 779 gis
2211 711 2326 779 ejus
2357 726 2492 780 opus
2530 713 2796 768 dissolvet
2838 729 2901 768 ac
2930 714 3244 785 perfringet.
3275 715 3536 782 Quoniam
3565 731 3694 785 ergo

2103 802 2151 854 ei
2183 803 2359 856 omnia
2394 802 2674 871 attribuit,
2725 803 2867 874 quod
2897 806 3240 860 evacuaverit
3276 807 3608 876 principatus
3638 818 3694 861 et

2105 905 2396 964 potestates
2422 939 2434 963 ,
2503 899 2643 968 quod
2688 915 2909 970 regnum
2950 910 3094 956 recte
3143 902 3370 970 gesserit
3418 912 3474 956 et
3516 901 3692 956 admi-

2103 987 2376 1053 nistrarit,
2421 988 2544 1044 dico
2583 1001 2762 1046 autem
2815 990 3048 1045 ﬁdelium
3091 993 3352 1057 salutem,
3398 993 3546 1046 orbis
3589 1000 3698 1046 ter-

2103 1092 2179 1131 ra:
2210 1092 2430 1146 pacem,
2460 1080 2721 1135 malorum
2753 1081 3078 1137 deletionem
3111 1082 3257 1153 (hoc
3280 1084 3426 1138 enim
3473 1091 3555 1138 est
3604 1099 3692 1138 re-

2103 1185 2265 1239 gnum
2298 1179 2444 1226 recte
2483 1174 2717 1242 gessisse
2742 1183 2798 1228 et
2843 1174 3248 1231 administrasse
3274 1217 3290 1241 ,
3323 1187 3551 1230 mortem
3579 1177 3691 1232 dis-

2102 1263 2365 1336 solvisse)
2391 1281 2406 1330 ;
2457 1281 2629 1334 neque
2676 1267 2841 1330 dixit,
2873 1267 3014 1335 quod
3043 1267 3198 1322 Pater
3227 1283 3324 1338 per
3371 1269 3572 1338 ipsum,
3599 1269 3692 1324 sed

2103 1356 2244 1426 quod
2289 1359 2404 1427 ipse
2446 1359 2728 1414 evacuabit
2773 1368 2828 1414 et
2868 1359 3105 1414 abolebit
3151 1370 3204 1415 et
3251 1361 3366 1429 ipse
3398 1369 3562 1430 ponet
3593 1356 3690 1416 sub

2104 1450 2325 1518 pedibus
2357 1451 2490 1514 suis,
2517 1467 2691 1521 neque
2718 1466 2938 1520 usquam
2971 1453 3408 1508 meminitPatris
3439 1470 3452 1506 :
3480 1453 3592 1522 jam
3620 1454 3687 1506 ti-

2104 1543 2270 1605 ntuit,
2298 1557 2367 1597 ne
2392 1542 2661 1597 videretur
2689 1543 3004 1612 quibusdam
3029 1560 3060 1598 a
3092 1545 3300 1598 ratione
3340 1544 3694 1600 alienioribus

2102 1641 2196 1685 aut
2218 1632 2388 1701 major
2410 1634 2569 1688 Patre
2610 1647 2731 1690 esse
2751 1633 2920 1691 Filius
2942 1676 2958 1701 ,
2977 1643 3069 1688 ant
3084 1634 3298 1704 aliquod
3322 1635 3465 1689 aliud
3493 1636 3693 1705 princi-

2105 1725 2249 1792 pium
2290 1725 2581 1795 ingenitum
2609 1743 2622 1789 ;
2652 1736 2706 1781 et
2737 1736 3020 1797 propterea
3061 1726 3163 1781 sibi
3187 1742 3386 1782 cavens
3410 1737 3464 1782 et
3492 1743 3608 1782 rem
3640 1729 3692 1782 in

2105 1825 2218 1870 tuto
2244 1817 2535 1884 collocatis,
2570 1819 2700 1874 lenit
2723 1833 2789 1874 ac
2817 1819 3028 1889 mitigat
3057 1819 3478 1888 magnitudinem
3507 1834 3693 1874 eorum

2104 1925 2224 1980 qua:
2249 1910 2387 1966 dicta
2413 1919 2560 1974 sunt.
2593 1910 2782 1966 dicens
2811 1928 2824 1964 :
2854 1909 3041 1966 Omnia
3067 1911 3202 1964 enim
3239 1912 3406 1980 posuit
3435 1911 3527 1966 sub
3555 1909 3696 1980 pedi-

2105 2002 2198 2056 bus
2235 2003 2380 2069 suis;
2431 2018 2518 2058 res
2562 2012 2740 2073 gestas
2784 2020 2972 2059 rursus
3017 2003 3162 2058 Patri
3211 2003 3558 2069 adscribens,
3589 2017 3693 2060 non

2107 2101 2376 2164 tamquam
2407 2095 2476 2149 sit
2502 2094 2769 2165 impotens
2794 2104 2850 2150 et
2875 2095 3176 2150 imbecillus
3198 2094 3366 2150 Filius
3400 2095 3696 2164 (quomodo

2106 2185 2250 2240 enim
2280 2195 2441 2250 esset,
2471 2186 2538 2242 de
2565 2202 2672 2257 quo
2701 2198 2807 2241 tam
2835 2187 3000 2242 multa
3033 2187 3153 2241 tulit
3176 2188 3506 2254 testimonia,
3536 2197 3592 2242 et
3613 2188 3694 2242 cui

2106 2276 2350 2331 attribuit
2373 2278 2550 2331 omnia
2581 2293 2700 2348 qua:
2725 2278 2869 2332 dicta
2909 2278 3114 2350 sunt?)
3143 2279 3236 2333 sed
3286 2288 3513 2349 propter
3538 2295 3694 2348 quam

2107 2369 2214 2423 dixi
2235 2384 2472 2435 causam,
2495 2379 2551 2425 et
2576 2380 2632 2424 ut
2655 2370 2969 2426 ostenderet
2999 2371 3147 2424 Patri
3171 2380 3222 2425 et
3248 2371 3385 2424 Filio
3404 2386 3528 2426 esse
3552 2386 3696 2425 cem-

2108 2460 2289 2514 munia
2315 2477 2432 2530 qua:
2465 2463 2598 2516 facta
2629 2473 2753 2515 sunt
2784 2477 2880 2531 pro
2909 2463 3082 2517 nobis.
3112 2462 3244 2516 Nam
3277 2462 3418 2531 quod
3449 2463 3564 2530 ipse
3597 2462 3694 2515 sibi

2108 2551 2381 2606 suffecerit
2425 2551 2491 2606 ad
2543 2555 2722 2607 omnia
2776 2554 2878 2607 sibi
2930 2553 3299 2623 subjicienda,
3347 2553 3472 2607 audi
3513 2569 3696 2608 rursus

2109 2643 2330 2698 Paulum
2361 2643 2629 2698 dicentem
2659 2660 2672 2696 :
2705 2644 2804 2709 Qui
2835 2645 3216 2715 transﬁgurabit
3257 2662 3445 2714 corpus
3490 2645 3697 2697 hinniti-

2111 2739 2228 2791 tatis
2255 2746 2456 2800 nostrae,
2481 2750 2532 2790 ut
2559 2738 2622 2790 sit
2644 2740 2902 2807 conforme
2926 2739 3128 2806 corpori
3155 2737 3330 2807 gloria:
3352 2752 3492 2798 suae,
3523 2754 3698 2790 secun-

2112 2831 2234 2883 dum
2259 2829 2600 2899 Operationem
2620 2871 2632 2890 ,
2662 2845 2760 2898 qua
2795 2829 2946 2882 etiam
2993 2829 3150 2898 possit
3195 2829 3299 2897 ipse
3337 2830 3584 2897 subjicere
3608 2827 3700 2882 sibi

2113 2922 2284 2975 omnia
2313 2919 2570 2992 (Philipp.
2606 2921 2658 2973 5.
2684 2917 2799 2990 21).
2832 2919 3032 2973 Deinde
3060 2921 3220 2973 etiam
3254 2933 3382 2973 usus
3409 2931 3492 2974 est
3519 2935 3698 2972 corre-

2113 3013 2290 3067 ctione
2315 3010 2497 3067 dicens
2527 3027 2538 3064 :
2565 3009 2690 3065 Cum
2717 3021 2881 3064 autem
2932 3011 3096 3077 dicat,
3132 3010 3302 3064 omnia
3331 3010 3557 3079 subjecta
3585 3021 3698 3064 sunt

2115 3105 2192 3170 ei,
2227 3105 2332 3159 sine
2357 3104 2507 3158 dubio
2537 3116 2718 3173 praeter
2747 3121 2859 3158 eum
2883 3105 2967 3174 qui
3011 3105 3220 3173 subjecit
3262 3105 3305 3158 ei
3340 3107 3551 3169 omnia;
3580 3105 3699 3157 hinc

2116 3210 2328 3266 quoque
2354 3195 2420 3251 de
2449 3195 2719 3265 Unigeuiti
2747 3196 2913 3266 gloria
2965 3211 3070 3249 non
3101 3211 3320 3265 parvum
3352 3195 3525 3249 ferens
3553 3197 3700 3248 testi-

2120 3291 2388 3344 monium.
2413 3289 2468 3344 Si
2497 3290 2639 3342 enim
2687 3289 2876 3343 fuisset
2919 3289 3092 3343 minor
3119 3331 3134 3355 ,
3163 3301 3218 3343 et
3248 3289 3408 3358 longe
3455 3289 3698 3350 interior,

2121 3399 2406 3452 numquam
2435 3398 2554 3438 eum
2605 3383 2859 3437 subiisset
2906 3383 2992 3437 hic
3034 3393 3230 3436 metus.
3263 3382 3450 3452 Neque
3481 3382 3583 3437 hoc
3613 3383 3704 3434 fuit

2120 3485 2406 3531 contentus
2425 3516 2440 3541 ,
2471 3476 2567 3530 scd
2595 3475 2739 3530 aliud
2764 3477 2924 3530 etiam
2953 3477 3000 3530 ei
3023 3475 3200 3540 addit,
3236 3475 3447 3532 dicens.
3472 3476 3606 3530 Nam
3643 3493 3704 3528 ne

2120 3569 2381 3638 quispiam
2415 3569 2780 3637 suspicaretur
2808 3575 2861 3621 et
2901 3567 3106 3623 diceret
3134 3609 3148 3632 ,
3181 3568 3316 3635 Quid
3342 3577 3453 3622 tum
3475 3610 3490 3633 ,
3525 3570 3568 3622 si
3603 3585 3706 3622 non

2122 3663 2394 3730 subjectus
2424 3662 2494 3717 sit
2525 3661 2720 3716 Pater?
2743 3659 2843 3716 hoc
2871 3677 2975 3716 non
3009 3663 3186 3716 obstat
3209 3663 3494 3730 quominus
3515 3662 3709 3715 fortior

2121 3757 2190 3810 sit
2218 3756 2385 3810 Filius
2417 3754 2656 3810 :veritus
2698 3755 2912 3824 impiam
2959 3755 3101 3809 hanc
3149 3755 3538 3824 suspicionem,
3567 3770 3706 3822 quu-

2125 3849 2264 3900 niam
2297 3861 2393 3916 per
2423 3845 2551 3899 illud
2579 3861 2683 3898 non
2712 3845 2841 3899 satis
2883 3855 3092 3915 poterat
3125 3848 3224 3900 hoc
3264 3843 3544 3898 OStendere
3564 3885 3580 3908 ,
3613 3844 3711 3895 ad-

2124 3939 2258 3994 didit
2286 3954 2350 3992 ex
2371 3938 2535 3991 multa
2558 3936 2880 3991 abundantia
2904 3953 2918 3987 ι
2938 3935 3065 3992 Cum
3089 3947 3255 3990 autem
3275 3936 3497 4003 subiecta
3523 3936 3712 4005 fuerint

2125 4031 2202 4086 illi
2229 4031 2430 4096 omnia,
2454 4039 2572 4083 tunc
2611 4039 2657 4082 et
2685 4031 2790 4099 ipse
2819 4029 2982 4083 Filius
3013 4031 3262 4098 subjectus
3283 4032 3374 4084 erit
3399 4029 3712 4092 illi;osten-

2125 4125 2259 4180 deus
2288 4123 2402 4193 ejus
2432 4138 2672 4192 magnam
2717 4137 2836 4176 cum
2881 4121 3036 4176 Patre
3078 4121 3455 4186 concordiam,
3489 4120 3708 4189 etquod

2126 4218 2169 4272 is
2199 4225 2281 4272 est
2328 4215 2646 4284 principium
2688 4213 2948 4268 bonorum
2977 4213 3211 4266 omnium
3243 4220 3299 4265 et
3326 4227 3486 4266 causa
3517 4213 3706 4280 prima,

2125 4309 2214 4379 qui
2243 4323 2364 4361 eum
2393 4307 2594 4374 genuit,
2617 4306 2705 4374 qui
2732 4315 2838 4357 tam
2863 4304 3024 4357 multa
3059 4311 3235 4372 potest
3275 4313 3328 4356 et
3361 4312 3509 4357 recte
3549 4302 3704 4372 gerit.

2197 4399 2250 4454 6.
2294 4399 2349 4452 Si
2382 4407 2559 4450 autent
2593 4395 2740 4466 plura
2771 4395 2906 4449 dixit
2949 4411 3107 4465 quam
3153 4410 3241 4448 res
3272 4394 3615 4464 postulabat,
3644 4408 3707 4447 nc

2125 4494 2380 4548 mireris:
2415 4491 2722 4560 Magistrum
2769 4490 2916 4544 enim
2947 4505 3101 4542 suum
3152 4489 3368 4542 imitans
3411 4487 3514 4541 hoc
3565 4486 3704 4541 facit.

2129 4587 2245 4655 Ipse
2268 4583 2408 4638 enim
2436 4584 2621 4637 volens
2649 4581 2932 4636 ostendere
2964 4581 3104 4634 illius
3127 4579 3470 4634 concordiam
3500 4594 3622 4633 cum
3645 4593 3708 4630 eo

2126 4678 2214 4747 qui
2249 4677 2418 4745 ipsum
2448 4673 2663 4744 genuit,
2691 4683 2744 4726 ct
2767 4672 2911 4739 quod
2953 4687 3058 4726 non
3103 4683 3298 4741 przeter
3323 4672 3440 4740 ejus
3468 4673 3710 4724 volunta-

2129 4779 2233 4823 tem
2265 4765 2563 4831 advenerit,
2600 4773 2804 4818 tantum
2833 4763 3111 4817 descendit
3141 4773 3196 4817 et
3217 4777 3275 4816 se
3315 4761 3573 4825 demittit,
3606 4775 3705 4813 non

2127 4869 2383 4931 quantum
2406 4859 2650 4928 exigebat
2675 4856 2981 4912 concordia:
3004 4855 3412 4922 demonstratio,
3437 4853 3530 4908 sed
3555 4869 3710 4923 quan-

2127 4963 2237 5006 tum
2267 4967 2400 5022 opus
2431 4950 2663 5005 habebat
2695 4949 3040 5018 praesentium
3089 4948 3450 5002 imbecillitas.
3497 4947 3708 5001 Patrem

2125 5047 2266 5101 enim
2295 5052 2464 5114 rogat,
2496 5058 2600 5097 non
2633 5052 2853 5113 propter
2881 5041 3024 5094 aliud
3052 5057 3212 5110 quam
3242 5049 3463 5110 propter
3491 5039 3591 5093 hoc
3618 5057 3630 5088 :
3657 5048 3708 5090 et

2126 5152 2341 5190 causam
2368 5135 2602 5189 afferens
2633 5134 2782 5200 dicit,
2816 5133 2882 5188 Ut
2913 5134 3120 5186 credant
3151 5133 3288 5204 quod
3340 5145 3393 5186 tu
3421 5150 3500 5187 me
3535 5131 3708 5184 misisti

2127 5231 2144 5298 (
2171 5229 2324 5283 Joan.
2361 5230 2448 5282 ll.
2477 5228 2577 5298 4‘2)
2598 5267 2612 5281 .
2648 5227 2799 5282 llunc
2839 5243 2967 5296 ergo
2997 5227 3241 5292 imitans,
3268 5226 3354 5280 hic
3383 5241 3600 5296 quoque
3628 5224 3706 5278 di-

2125 5321 2302 5374 ctione
2333 5320 2499 5373 utitur
2527 5334 2590 5373 ex
2619 5318 2941 5372 abundantia
2968 5361 2982 5383 ,
3022 5334 3125 5371 non
3155 5328 3208 5371 ut
3256 5328 3499 5373 coactam
3539 5316 3709 5386 suspi-

2125 5413 2266 5467 ceris
2291 5413 2627 5478 servitutem,
2657 5412 2829 5478 absit;
2859 5411 2952 5467 sed
2981 5420 3038 5466 ut
3075 5410 3307 5464 absurda
3349 5412 3438 5464 illa
3465 5410 3708 5481 dogmata

2128 5507 2356 5561 validius
2381 5507 2635 5576 expellat.
2669 5505 2802 5560 Nam
2830 5506 3044 5576 quando
3073 5505 3182 5556 vult
3210 5504 3416 5574 aliquid
3462 5503 3710 5559 radicitus

2121 5597 2379 5663 evellere,
2411 5613 2603 5667 magna
2631 5598 2797 5653 utitur
2827 5595 3167 5652 abundantia.
3217 5595 3306 5651 Sic
3334 5597 3495 5650 etiam
3527 5596 3710 5650 dicens

2124 5693 2188 5748 de
2219 5693 2444 5749 muliere
2473 5691 2614 5747 ﬁdeli
2641 5701 2694 5748 et
2723 5690 2840 5746 viro
2868 5688 3099 5753 inﬁdeli,
3129 5686 3454 5745 habentibus
3480 5688 3622 5744 inter
3649 5702 3704 5742 se
