4018 6156
373 323 481 384 ³59

371 444 437 514 δὴ
469 444 566 498 καὶ
600 438 833 497 ἐνταῦθα
863 440 1099 510 λογίζου,
1127 440 1224 493 καὶ
1254 443 1396 509 μετά
1426 438 1524 510 τῆς
1551 440 1779 509 γνώμης
1802 438 1953 491 έκδέ-

373 552 471 603 χου
503 534 709 603 ταύτης
733 534 802 588 τὰ
825 532 1111 606 εἰρημένα.

447 631 508 678 ε’.
529 625 687 679 Μετά
713 624 770 678 δὲ
798 623 997 677 τούτων
1011 622 1108 675 καὶ
1124 623 1318 694 ἐτέρας
1334 621 1509 685 αἰτίας
1528 621 1781 693 ἐροῦμεν.
1803 620 1951 685 Τέως

376 716 472 768 καὶ
501 716 678 769 έκεῖνο
695 716 989 782 ἀναγκαῖον
1006 715 1203 778 εἰπεῖν,
1226 713 1309 766 ὃτι
1334 713 1430 765 καὶ
1452 714 1582 782 περὶ
1602 712 1952 775 ἀναστάσεως

374 808 404 860 6
429 806 585 875 λόγος
608 802 676 878 ἦν
699 805 774 872 τῷ
792 805 1012 876 Παύλῳ,
1036 804 1364 876 πράγματος
1385 803 1648 857 ἀδυνάτου
1670 802 1955 865 δοκοῦντος

376 892 518 951 εἶναι
542 899 636 952 καὶ
668 898 872 969 σφόδρα
889 898 1296 968 ἀπιστουμένου
1317 914 1330 928 ’
1353 898 1449 951 καὶ
1468 897 1608 968 πρὸς
1635 896 1955 967 Κορινθίους

378 990 717 1056 ἐπέστελλεν,
753 990 882 1044 ἔνθα
915 990 1135 1054 πλείους
1164 991 1214 1042 οἰ
1241 989 1521 1059 φιλόσοφοι
1550 991 1598 1042 οἰ
1632 987 1703 1041 τά
1728 987 1955 1042 τοιαῦτα

378 1080 768 1154 κωμῳδοῦντες
805 1083 912 1136 ἀεί.
946 1082 1059 1134 Καὶ
1090 1082 1201 1150 γὰρ
1239 1081 1297 1132 έν
1334 1083 1449 1143 τοῖς
1486 1079 1667 1143 ἀλλοις
1702 1079 1955 1150 ἀλλήλοις

379 1174 844 1250 συρῤηγνύμενοι,
882 1176 941 1227 ὲν
975 1172 1151 1244 τούτῳ
1184 1172 1407 1239 πάντες,
1446 1171 1541 1225 ἀτε
1587 1171 1647 1237 ἐξ
1677 1170 1798 1233 ένὸς
1838 1170 1957 1225 στό-

382 1283 573 1338 ματος,
600 1265 990 1330 συνέπνευσαν,
1018 1264 1434 1337 δογματίζοντες
1462 1262 1535 1335 μή
1561 1258 1699 1317 εἶναι
1721 1263 1956 1318 ἀνάστα-

383 1373 490 1414 σιν.
532 1350 963 1424 ’Δγωνιζόμενος
989 1352 1166 1406 τοίνυν
1192 1352 1333 1423 ὑπὲρ
1358 1351 1614 1418 τοιαύτης
1644 1349 1957 1415 ὑποθέσεως

381 1446 558 1509 οὑτως
581 1442 985 1514 ἀπιστουμένης
1009 1443 1104 1497 καὶ
1128 1442 1589 1512 καταγελωμένης
1618 1442 1715 1495 καὶ
1740 1441 1832 1495 διά
1855 1441 1958 1512 τὴν

385 1535 659 1607 πρόληψιν
685 1534 783 1605 τὴν
811 1534 1183 1606 γεγενημένην
1207 1534 1302 1588 καὶ
1328 1533 1418 1588 διά
1443 1534 1545 1603 τὴν
1570 1532 1666 1586 τοῦ
1695 1532 1958 1604 πράγμα-

384 1645 478 1693 τος
532 1626 850 1692 δυσκολίαν,
907 1626 1003 1681 καὶ
1056 1625 1380 1696 βουλόμενος
1432 1626 1844 1679 κατασκευάσαι
1897 1626 1959 1678 τὸ

387 1717 637 1784 δυνατὸν,
688 1717 904 1788 πρῶτον
938 1719 1003 1771 ὲκ
1033 1717 1135 1788 τῆς
1187 1716 1539 1777 ἀναστάσεως
1575 1714 1670 1769 τοῦ
1719 1716 1958 1788 Χριστοῦ

388 1810 549 1864 τοῦτο
580 1809 871 1882 ἐργάζεται
894 1824 908 1840 ·
951 1809 1047 1862 καὶ
1074 1806 1363 1873 ἀποδείξας
1390 1805 1562 1874 αὐτὴν
1589 1807 1686 1861 καὶ
1716 1807 1829 1860 ἀπὸ
1850 1807 1960 1861 τῶν

393 1900 689 1975 προφητῶν
716 1901 809 1955 καί
844 1899 954 1954 ἀπὸ
981 1898 1093 1952 τῶν
1120 1898 1446 1970 ἑωρακότων
1473 1898 1568 1953 καὶ
1596 1898 1705 1951 ἀπὸ
1732 1898 1849 1952 τῶν
1874 1915 1961 1951 πι-

394 1993 754 2057 στευσάντων,
800 1991 989 2062 ἐπειδὴ
1032 1990 1228 2044 ἐλαϐεν
1269 1990 1699 2063 ώμολογημένην
1743 1990 1842 2063 τὴν
1881 1993 1960 2055 είς

386 2084 592 2139 ἄτοπον
645 2081 969 2151 ἀπαγωγὴν,
1011 2079 1105 2134 καὶ
1140 2080 1238 2149 τὴν
1284 2080 1399 2133 τῶν
1435 2078 1740 2151 ἀνθρώπων
1787 2097 1962 2135 κατα-

385 2172 644 2237 σκευάζει
690 2171 877 2226 λοιπόν
900 2186 914 2200 ⁸
956 2169 1025 2223 El
1055 2170 1167 2240 γὰρ
1197 2170 1400 2237 νεκροί
1442 2172 1555 2226 οὐκ
1592 2172 1923 2242 ἐγείρονται
1943 2212 1960 2238 ,

382 2263 572 2335 φησὶν,
591 2261 734 2318 οὐδὲ
751 2262 1006 2332 Χριστὸς
1021 2261 1351 2331 ἐγήγερται.
1374 2262 1510 2317 Εἶτα
1530 2263 1774 2335 συνεχῶς
1789 2263 1965 2320 ταῦτα

380 2354 746 2426 ἀντιστρέψας
774 2356 833 2407 ἐν
867 2356 979 2417 τοῖς
1012 2352 1321 2424 ἔμπροσθεν
1341 2394 1357 2419 ,
1398 2354 1601 2425 ἑτέρως
1639 2353 1805 2409 πάλιν
1841 2356 1962 2408 ἑπι-

380 2446 580 2514 χειρετ,
611 2444 866 2516 ἀπαρχὴν
900 2444 1063 2497 αὑτὸν
1112 2444 1295 2498 καλῶν
1318 2484 1331 2505 ,
1377 2445 1475 2498 καὶ
1506 2444 1724 2507 δεικνὺς
1758 2462 1964 2515 καταρ-

381 2533 595 2604 γοῦντα
635 2536 816 2589 πᾶσαν
849 2535 1022 2608 ἀρχὴν
1053 2535 1149 2589 καὶ
1185 2536 1439 2602 ἐξουσίαν
1477 2536 1569 2590 καὶ
1602 2536 1830 2607 δύναμιν
1872 2540 1967 2592 καὶ

383 2625 619 2680 θάνατον
652 2626 900 2697 ἔσχατον.
937 2627 1061 2690 Πῶς
1092 2623 1184 2681 οὖν
1215 2620 1613 2697 καταργηθεῖη,
1652 2635 1837 2698 φησὶν,
1873 2630 1967 2683 ὲάν

388 2718 471 2790 μὴ
506 2718 792 2790 πρότερον,
824 2720 969 2789 άπερ
1008 2715 1173 2790 εῖχεν,
1214 2720 1463 2793 ἀποϐάλῃ
1503 2721 1765 2788 σώματα;
1817 2722 1969 2775 Ἐπεὶ

382 2806 486 2864 οὖν
517 2810 734 2880 μεγάλα
763 2811 893 2880 περί
924 2810 1017 2864 τοῦ
1049 2811 1387 2879 Μονογενοῦς
1415 2811 1734 2880 ἐφθέγξατο,
1761 2814 1841 2867 ὅτι
1869 2832 1969 2867 πα-

388 2896 649 2968 ραδίδωσι
678 2898 778 2968 τὴν
815 2898 1090 2968 βασιλείαν
1110 2941 1125 2966 ,
1151 2900 1426 2953 τουτέστιν
1446 2941 1460 2963 ,
1491 2901 1572 2953 ὅτι
1618 2902 1780 2965 αὐτὸς
1816 2904 1969 2956 ἀνύει

385 2988 588 3053 ταῦτα,
621 2991 715 3044 καὶ
750 2991 912 3049 αὐτὸς
940 2991 1030 3043 τὸν
1055 2990 1290 3061 πόλεμον
1320 2993 1465 3062 νικᾷ,
1498 2992 1592 3045 καὶ
1620 2993 1796 3046 πάντα
1819 2993 1971 3060 τίθη-

390 3094 482 3131 σιν
519 3079 626 3131 ὑπὸ
658 3081 787 3143 τοὺς
822 3079 990 3143 πόδας
1019 3080 1182 3133 αὐτοῦ
1204 3119 1219 3143 ,
1249 3080 1498 3151 ἐπήγαγε
1519 3120 1535 3145 ,
1569 3081 1665 3150 τὴν
1711 3083 1970 3136 ἀπιστίαν

387 3167 506 3220 τῶν
558 3166 769 3219 πολλῶν
815 3165 1214 3238 διορθούμενος·
1263 3166 1364 3219 Δεῖ
1401 3168 1510 3237 γὰρ
1559 3167 1746 3221 αὐτὸν
1786 3168 1969 3231 βασι-

392 3258 625 3321 λεύειν,
661 3258 831 3325 ἄχρις
862 3254 935 3312 οὗ
965 3258 1037 3310 ἂν
1061 3256 1135 3325 θῇ
1157 3257 1385 3322 πάντας
1410 3258 1550 3323 τοὺς
1576 3258 1827 3326 ἐχθροὺς
1855 3259 1970 3312 ὑπὸ

395 3350 541 3416 τοὺς
571 3350 760 3415 πόδας
793 3344 1000 3403 αὑτοῦ.
1033 3349 1105 3401 Οὐ
1136 3348 1287 3411 τέλος
1326 3348 1589 3412 ἐπιτιθεὶς
1627 3352 1692 3420 τῇ
1729 3350 1974 3422 βασιλείᾳ

400 3442 487 3505 τὸ,
523 3443 741 3509 Ἀκρις,
773 3437 944 3503 εἶπεν,
973 3440 1087 3494 ἀλλ’
1117 3440 1426 3507 ἀξιόπιστον
1455 3441 1627 3493 ποιῶν
1655 3442 1716 3494 τὸ
1755 3443 1979 3512 είρημέα

404 3549 498 3585 νον
524 3573 538 3594 ,
577 3534 670 3586 καὶ
707 3533 927 3605 θαρρεῖν
973 3533 1430 3604 παρασκευάζων.
1467 3534 1559 3603 Μὴ
1596 3534 1739 3605 γὰρ,
1788 3535 1976 3605 ἐπειδὴ

403 3616 671 3693 ἤκουσας,
704 3626 896 3696 φησὶν,
930 3625 1011 3677 ὅτι
1043 3624 1384 3695 καταργήσει
1431 3625 1611 3677 πᾶσαν
1661 3624 1834 3695 ἀρχὴν
1883 3627 1978 3677 καὶ

401 3715 656 3781 ἐξουσίαν
694 3718 786 3770 καὶ
817 3716 1063 3784 δύναμιν,
1098 3715 1194 3770 καὶ
1221 3715 1312 3768 τὸν
1341 3715 1588 3770 διάϐολον
1628 3718 1721 3770 καὶ
1747 3716 1845 3778 τὰς
1869 3716 1977 3770 τῶν

399 3808 676 3879 δαιμόνων
707 3809 987 3878 φάλαγγας
1016 3809 1114 3873 τάς
1143 3808 1430 3873 τοσαύτας,
1467 3809 1559 3862 καὶ
1592 3808 1699 3861 τῶν
1736 3809 1979 3862 ἀπίστων

398 3899 468 3952 τά
520 3899 704 3969 πλήθη
753 3898 848 3953 καὶ
887 3899 980 3953 τοῦ
1026 3899 1256 3953 θανάτου
1295 3900 1394 3968 τὴν
1443 3898 1733 3972 τυραννίδα
1770 3900 1866 3953 καὶ
1912 3901 1981 3953 τά

401 3988 553 4042 κακά
591 3987 833 4054 ἅπαντα,
865 3989 1126 4061 φοϐηθῇς,
1167 3990 1242 4054 ὡς
1293 3990 1609 4053 ἀτονοῦντος
1638 3991 1800 4045 αὑτοῦ
1824 4008 1837 4023 ·
1875 3991 1982 4057 ἕως

402 4077 514 4151 γὰρ
541 4077 608 4132 ἂν
645 4080 850 4152 ποιήσῃ
875 4079 1050 4134 ταῦτα
1081 4081 1286 4143 πάντα,
1323 4080 1403 4134 δεῖ
1432 4080 1738 4150 βασιλεύειν
1781 4084 1942 4138 αὐτόν
1964 4100 1977 4114 °

403 4174 463 4225 οὑ
508 4171 666 4226 τοῦτο
686 4174 895 4241 λέγων,
936 4173 1016 4225 ὅτι
1055 4172 1192 4242 μετά
1237 4172 1299 4225 τὸ
1331 4174 1554 4243 ποιῆσαι
1589 4174 1649 4226 ού
1684 4172 1978 4243 βασιλεύει,

406 4261 524 4315 ἀλλ’
556 4263 733 4315 ἐκεῖνο
770 4261 1218 4327 κατασκευάζων,
1253 4263 1335 4315 ὅτι
1367 4262 1470 4315 κᾶν
1506 4263 1579 4333 μὴ
1612 4264 1707 4317 νῦν
1737 4266 1980 4336 γένηται,

410 4352 632 4415 πάντως
652 4351 826 4407 ἔσται.
854 4352 927 4406 Οὐ
950 4353 1059 4423 γὰρ
1089 4348 1436 4405 διακόπτεται
1465 4353 1627 4405 αὑτοῦ
1652 4357 1684 4425 ή
1716 4356 1979 4424 βασιλεία·

409 4446 610 4515 κρατεί
656 4444 766 4515 γάρ
820 4444 915 4497 καὶ
954 4444 1128 4514 ἰσχύει
1165 4443 1261 4498 καὶ
1316 4442 1502 4514 μένει,
1548 4443 1654 4508 ἓως
1700 4446 1767 4499 ἂν
1809 4447 1987 4502 πάντα

413 4534 758 4607 κατορθώσῃ.
788 4535 959 4588 Τοῦτο
982 4536 1038 4589 δὲ
1060 4535 1120 4589 τὸ
1153 4534 1273 4598 ἔθος
1298 4538 1390 4589 καὶ
1420 4537 1478 4589 ὲν
1502 4538 1567 4606 τῇ
1597 4536 1811 4608 Παλαιᾷ
1837 4538 1987 4609 εὖροι

412 4641 495 4690 τις
519 4625 608 4692 ἂν,
634 4626 709 4690 ὡς
729 4628 856 4682 ὅταν
880 4626 1033 4700 λέγῃ,
1074 4628 1142 4681 Τὸ
1171 4627 1240 4680 δὲ
1264 4626 1429 4696 ῥῆμα
1461 4629 1681 4696 Κυρίου
1710 4631 1873 4698 μένει
1900 4633 1989 4697 εις

413 4720 522 4773 τὸν
539 4719 745 4774 αἰῶναο
775 4721 886 4785 καὶ,
914 4718 1062 4791 [570]
1084 4720 1166 4773 Σὺ
1196 4718 1263 4773 δὲ
1298 4722 1330 4773 ό
1357 4719 1540 4786 αὐτὸς
1572 4716 1644 4785 εἷ,
1667 4722 1766 4775 καί
1790 4722 1862 4777 τὰ
1880 4723 1985 4790 ἔτη

415 4824 534 4864 σου
555 4810 667 4863 οὐκ
682 4809 1059 4878 ἐκλείψουσι.
1082 4808 1266 4862 Ταῦτα
1287 4809 1345 4863 δὲ
1361 4810 1506 4878 λέγει
1525 4812 1553 4864 6
1576 4813 1866 4882 προφήτης
1895 4813 1991 4867 καὶ

416 4900 485 4954 τά
498 4900 749 4965 τοιαῦτα,
771 4901 990 4956 ἐπειδάν
1009 4901 1137 4973 περὶ
1159 4901 1501 4972 πραγμάτων
1518 4902 1775 4973 διηγῆται
1795 4904 1991 4975 μακρῷ

418 4990 599 5062 χρόνῳ
647 4991 1100 5062 κατορθουμένων
1150 4991 1244 5045 καὶ
1282 4992 1500 5054 πάντως
1548 4993 1839 5063 ἐσομένων,
1891 4995 1991 5065 τὴν

418 5079 623 5135 δειλίαν
644 5082 752 5134 τῶν
775 5083 1099 5155 παχυτέρων
1135 5082 1421 5150 ἀκροατῶν
1445 5081 1744 5137 ἐκϐάλλων.
1780 5085 1906 5138 Ὅτι
1936 5086 1991 5140 δὲ

420 5169 502 5235 τὸ,
531 5172 751 5241 Ἄχρις,
780 5174 871 5226 ἐπὶ
905 5173 1039 5226 Θεοῦ
1072 5172 1382 5243 λεγόμενον,
1413 5173 1506 5226 καὶ
1545 5173 1712 5238 Ἕως,
1742 5175 1840 5227 οὐκ
1875 5175 1993 5229 ἔστι

422 5260 632 5326 τέλους,
659 5263 888 5317 ἀκουσον
915 5264 967 5316 τί
991 5280 1173 5336 φησιν·
1216 5263 1359 5318 Ἀπὸ
1384 5263 1488 5316 τοῦ
1513 5262 1728 5328 αίῶνος
1754 5264 1853 5316 καὶ
1883 5265 1995 5332 ἕως

425 5352 534 5408 τοῦ
559 5353 775 5421 αἰῶνος
807 5355 889 5409 σὺ
911 5355 980 5409 εἷ·
1010 5359 1104 5408 καὶ
1135 5355 1314 5420 πάλιν,
1352 5355 1498 5424 Ἐγώ
1527 5358 1664 5422 ειμι·
1693 5356 1811 5418 καὶ,
1840 5357 1996 5422 Ἕως

428 5445 506 5498 ἂν
532 5445 994 5515 καταγηράσετε,
1019 5444 1133 5515 ἐγώ
1156 5448 1287 5514 εἰμι.
1318 5447 1414 5499 Διὰ
1443 5447 1507 5517 δὴ
1533 5447 1690 5500 τοῦτο
1713 5447 1808 5499 καὶ
1833 5447 1997 5517 ἔσχα-

430 5551 524 5589 τον
560 5535 777 5605 τίθησιν
812 5537 902 5591 τὸν
950 5536 1212 5603 θάνατον,
1253 5537 1338 5589 ἵνα
1378 5538 1485 5590 ἀπὸ
1522 5538 1621 5608 τῆς
1662 5537 1773 5590 τῶν
1824 5540 1996 5592 ἄλλων

410 5624 589 5699 ὶνίκης
612 5627 703 5680 καὶ
721 5626 880 5681 τοῦτο
898 5627 1304 5698 εὑπαράδεκτυν
1319 5627 1544 5697 γένηται
1563 5629 1641 5700 τῷ
1659 5631 1998 5686 ἀπιστοῦντι.

1327 320 1399 378 ΙΝ
1442 320 1662 378 EPIST.
1698 322 1719 378 1
1768 321 1859 378 AD
1895 322 2057 378 COH.
2090 322 2327 381 ιιοιιη..
2361 325 2603 384 XXXIX.

3519 333 3626 389 ΜΟ

2053 439 2304 505 θάνατον,
2327 443 2508 513 πολλῷ
2534 444 2734 515 μᾶλλον
2750 451 2811 498 το
2828 402 2988 517 ἔργον
3004 447 3064 500 τὺ
3078 446 3287 500 ἑκείνου
3312 446 3604 501 καταλύσει
3621 493 3627 499 .

2067 525 2220 579 Ἐπεὶ
2247 524 2340 583 οὖν
2361 531 2541 584 πάντα
2571 531 2719 602 αὐτῷ
2745 534 3086 600 ἀνατέθεικε,
3119 534 3183 586 τὸ
3210 536 3507 603 καταργεῖν
3529 536 3625 596 τάς

2053 614 2251 684 ἀρχὰς,
2285 618 2386 681 τὰς
2414 619 2684 685 ἐξουσίας,
2717 622 2779 675 τὸ
2816 622 3160 695 κατορθῶσαι
3192 624 3288 695 τὴν
3331 622 3625 694 βασιλείαν,

2054 705 2201 775 λέγω
2226 709 2291 779 δὴ
2319 711 2426 762 τῶν
2461 711 2669 764 πιστῶν
2712 712 2809 783 τὴν
2850 715 3125 783 σωτηρίαν
3149 755 3165 780 ,
3195 717 3293 782 τὴν
3318 716 3419 785 τῆς
3444 716 3628 768 οἰκου-

2057 797 2225 868 μένης
2254 801 2479 870 εἰρήνην
2497 842 2511 864 ,
2532 802 2633 874 τὴν
2660 804 2768 857 τῶν
2795 805 2982 858 κακῶν
3010 806 3289 877 ἀναίρεσιν
3315 806 3493 876 (τοῦτο
3522 806 3630 876 γάρ

2052 888 2171 941 έστι
2199 888 2298 959 τὴν
2349 890 2624 960 βασιλείαν
2662 894 3045 965 κατορθῶσαι,
3091 897 3153 950 τὸ
3199 897 3501 950 καταλῦσαι
3539 899 3631 950 τὸν

2052 979 2327 1052 θάνατον)’
2356 985 2451 1037 καί
2481 986 2580 1037 οὐκ
2611 981 2787 1050 εἶπεν,
2821 988 2904 1040 ὅτι
2929 989 2958 1040 6
2986 988 3174 1059 Πατὴρ
3198 988 3267 1042 δι’
3293 988 3482 1054 αὑτοῦ,
3513 988 3629 1042 ἀλλ’

2054 1074 2219 1138 αὐτὸς
2262 1078 2625 1147 καταργήσει,
2666 1079 2760 1132 καὶ
2792 1079 2955 1143 αὐτὸς
2983 1080 3137 1150 θήσει
3168 1080 3272 1134 ὑπὸ
3300 1083 3426 1145 τοὺς
3464 1081 3629 1146 πόδας

2056 1166 2244 1229 αὑτοῦ,
2272 1169 2367 1221 καὶ
2389 1168 2627 1239 οὐδαμοῦ
2655 1169 2748 1223 τοῦ
2781 1171 3176 1240 γεγεννηκότος
3203 1174 3626 1244 ἐμνημόνευσεν·

2057 1257 2299 1329 ἐφοϐήθη
2338 1260 2546 1325 λοιπὸν,
2594 1262 2668 1331 μὴ
2698 1261 2788 1314 διά
2815 1261 2978 1314 τοῦτο
3013 1261 3141 1333 δόξῃ
3186 1263 3340 1332 παρά
3382 1280 3492 1316 τισι
3521 1263 3631 1317 τῶν

2057 1348 2475 1423 ἀλογωτέρωνή
2509 1352 2712 1422 μείζων
2744 1350 2884 1408 εἰναι
2926 1352 3022 1406 τοῦ
3070 1354 3283 1424 Πατρδς
3323 1356 3353 1408 ό
3394 1355 3541 1420 Υἱὸς,
3594 1356 3628 1426 ἢ

2058 1440 2223 1510 ἑτέρα
2267 1458 2354 1505 τις
2398 1443 2542 1514 ἀρχὴ
2598 1444 2912 1515 ἀγέννητος·
2963 1447 3055 1498 καὶ
3102 1444 3193 1498 διάη
3236 1443 3396 1498 τοῦτο
3448 1445 3634 1517 ἠρέμα

2057 1531 2487 1603 ἀσφαλιζόμενος
2516 1535 2920 1606 παραμυθεῖται
2961 1537 3053 1589 τὸν
3076 1536 3242 1604 δγκον
3271 1536 3380 1590 τῶν
3405 1535 3631 1607 εἰρημέ-

2058 1637 2186 1686 νων,
2214 1619 2411 1689 λέγωνο
2433 1621 2638 1677 Πάντα
2666 1624 2776 1693 γὰρ
2802 1623 3105 1688 ὑπέταξεν
3124 1624 3248 1681 ὑπὸ
3273 1624 3416 1691 τοὺς
3443 1624 3636 1690 πόδας

2059 1711 2269 1767 αὐτοῦ·
2298 1713 2462 1767 πάλιν
2488 1712 2568 1784 τῷ
2605 1715 2782 1785 Πατρὶ
2808 1714 2879 1769 τά
2907 1715 3313 1788 κατορθώματα
3340 1715 3634 1780 ἀνατιθεὶς,

2059 1799 2158 1871 οὐχ
2181 1800 2259 1863 ὡς
2285 1801 2600 1865 ἀτονοῦντος
2628 1803 2723 1858 τοῦ
2749 1804 2948 1869 Παιδὸς
2982 1804 3001 1876 (
3029 1805 3146 1869 πῶς
3175 1806 3305 1877 γάρ,
3332 1799 3377 1875 ᾧ
3398 1805 3637 1867 τοσαῦτα

2060 1892 2448 1965 ἑμαρτύρησεν
2476 1894 2809 1966 ἐμπροσθεν,
2849 1898 2946 1952 καὶ
2984 1898 3165 1952 πάντα
3197 1898 3429 1970 ἀνέθηκε
3452 1899 3523 1952 τά
3556 1899 3636 1951 εἰ-

2064 1986 2312 2056 ρημένα;
2338 1988 2379 2056 ),
2418 1986 2553 2041 ἀλλά
2586 1987 2676 2041 διά
2728 1988 2829 2060 τὴν
2876 1989 3059 2043 αἰτίαν
3086 1991 3154 2061 ην
3192 1985 3384 2057 εἷπον,
3424 1990 3521 2044 καὶ
3550 1989 3637 2043 ίνα

2059 2074 2210 2147 δείξῃ
2236 2077 2392 2129 κοινά
2416 2077 2591 2149 Πατρὶ
2627 2079 2721 2131 καὶ
2762 2077 2879 2149 Υἰῷ
2907 2077 2978 2133 τά
3004 2080 3142 2151 ὑπὲρ
3184 2079 3342 2151 ήμῶν
3369 2080 3637 2150 γενόμενα

2063 2164 2303 2221 ἀπάντα.
2340 2168 2463 2221 Ὀτι
2500 2167 2610 2239 γάρ
2647 2169 2811 2232 αὑτὸς
2835 2170 3014 2241 ἑαυτῷ
3043 2171 3278 2243 ήρκεσεν
3312 2171 3392 2235 είς
3419 2169 3481 2224 τὸ
3508 2170 3640 2223 ὑπο-

2061 2256 2221 2322 τάξαι
2242 2257 2393 2330 αὑτῷ
2424 2259 2492 2313 τὰ
2525 2260 2724 2326 πάντα,
2752 2260 2985 2316 ἀκουσον
3013 2261 3177 2316 πάλιν
3206 2260 3420 2316 Παύλου
3452 2260 3639 2331 λέγον-

2063 2364 2176 2411 τος·
2221 2351 2327 2412 ’ος
2363 2354 2879 2421 μετασχηματίσει
2914 2354 2980 2407 τὸ
3010 2353 3183 2425 σῶμα
3213 2354 3323 2422 τῆς
3358 2353 3640 2408 ταπεινώέ

2065 2455 2220 2507 σεως
2244 2439 2414 2511 ἡμῶν
2438 2445 2526 2509 εἰς
2547 2444 2614 2497 τὸ
2641 2448 2919 2514 γενέσθαι
2941 2448 3297 2515 σύμμορφον
3315 2446 3395 2512 τῷ
3414 2445 3639 2515 σώματι

2065 2532 2177 2601 τῆς
2212 2533 2398 2599 δόξης
2427 2534 2636 2600 αὐτοῦ,
2664 2539 2814 2590 κατὰ
2841 2538 2955 2605 τὴν
2979 2538 3283 2606 ἐνέργειαν
3314 2537 3419 2592 τοῦ
3457 2537 3638 2591 δύνα-

2067 2626 2207 2678 σθαι
2246 2625 2432 2677 αὐτὸν
2468 2610 2569 2677 καὶ
2595 2626 2890 2689 ὑποτάξαι
2916 2626 3108 2689 ἐαυτῷ
3138 2627 3211 2680 τὰ
3248 2626 3463 2680 πάντα.
3505 2621 3639 2679 Εἶτα

2068 2717 2163 2769 καὶ
2201 2715 2578 2785 ὲπιδιορθὼσει
2617 2718 2882 2785 κέχρηται
2911 2718 3117 2785 λέγων·
3167 2718 3356 2770 ’Ὅταν
3381 2716 3450 2769 δὲ
3476 2717 3639 2788 εἴπῃ.

2070 2805 2159 2859 ότι
2202 2808 2279 2859 Τὰ
2315 2806 2512 2859 πάντα
2537 2806 2951 2873 ὑποτέτακται,
2997 2806 3190 2875 δῆλον
3224 2806 3312 2861 ὅτι
3339 2806 3511 2872 ἐκτὸς
3535 2807 3639 2861 τοῦ

2069 2896 2488 2962 ὑποτάξαντος
2524 2896 2683 2962 αὐτῷ
2712 2900 2786 2952 τὰ
2820 2897 3017 2952 πάντα
3036 2940 3049 2963 ,
3080 2899 3142 2951 ού
3172 2898 3376 2969 μικρὰν
3420 2897 3643 2953 κάντεῦ-

2071 2986 2162 3038 θεν
2190 2985 2267 3057 τῷ
2295 2988 2591 3055 Μονογενεί
2634 2988 2926 3059 μαρτυρῶν
2954 2989 3131 3055 δόξαν.
3162 2990 3226 3043 Εἰ
3268 2990 3376 3062 γάρ
3407 2989 3643 3044 ἐλάττων

2070 3072 2140 3147 ἦν
2168 3079 2263 3130 καὶ
2295 3077 2430 3133 πολὺ
2476 3079 2894 3151 καταδεέστερος
2918 3121 2933 3145 ,
2965 3081 3065 3134 οὐκ
3104 3081 3169 3135 ἂν
3200 3080 3360 3134 τοῦτο
3401 3080 3641 3151 ἐφοϐήθη

2071 3168 2133 3220 τὸ
2171 3170 2287 3233 δέος
2317 3172 2470 3223 ποτέ.
2511 3170 2619 3223 Καὶ
2666 3170 2786 3223 οὑδὲ
2837 3169 3012 3241 τούτῳ
3049 3171 3330 3241 ἀρκεῖται,
3377 3169 3513 3224 ἀλλά
3552 3169 3643 3223 καὶ

2072 3260 2259 3333 ἕτερον
2289 3260 2609 3332 προστίθησι
2636 3260 2830 3328 λέγων.
2868 3261 2985 3314 ’Ίνα
3013 3261 3121 3331 γὰρ
3152 3263 3225 3333 μή
3255 3278 3340 3325 τις
3366 3260 3645 3334 ὑποπτεύῃ

2075 3354 2171 3407 καὶ
2196 3353 2351 3423 λέγῃ·
2378 3352 2443 3403 Τί
2481 3351 2610 3420 γὰρ,
2641 3352 2690 3403 εί
2729 3353 2823 3403 καὶ
2857 3351 2932 3421 μὴ
2975 3353 3391 3407 ὑποτέτακταιὸ
3416 3355 3640 3424 Πατήρ;

2076 3444 2228 3496 οὐδὲν
2250 3443 2408 3495 τοῦτο
2430 3441 2631 3495 κωλύει
2661 3442 3004 3513 ἰσχυρότερον
3025 3439 3163 3497 εἶναι
3184 3444 3273 3496 τὸν
3301 3443 3446 3508 Υίὸν,
3467 3444 3645 3505 δείσας

2078 3535 2176 3600 τὴν
2202 3534 2372 3602 ἀσεϐῆ
2401 3532 2602 3602 ταύτην
2630 3534 2908 3596 ὑπόνοιαν,
2935 3534 3122 3603 ἐπειδὴ
3152 3535 3327 3586 ὲκεῖνο
3357 3536 3458 3586 οὑκ
3487 3535 3645 3604 ἤρκει

2079 3625 2174 3677 καὶ.
2205 3623 2362 3677 τοῦτο
2389 3623 2558 3686 δεῖξαι
2582 3664 2598 3686 ,
2627 3622 2965 3693 προσέθηκεν
2990 3625 3052 3675 ὲκ
3081 3624 3396 3694 περιουσίας
3424 3623 3643 3693 πολλῆς⁸

2083 3717 2267 3770 Ὅταν
2295 3715 2362 3768 δὲ
2386 3714 2655 3783 ὑποταγῇ
2678 3713 2838 3779 αὐτῷ
2862 3714 2931 3768 τὰ
2956 3715 3171 3777 πάντα,
3198 3718 3328 3770 τότε
3349 3717 3448 3770 καὶ
3469 3716 3649 3782 αὐτὸς

2081 3810 2114 3862 ό
2146 3808 2278 3872 Υἱὸς
2303 3806 2766 3875 ὑποταγήσεται·
2797 3807 2895 3877 τὴν
2917 3806 3117 3877 πολλὴν
3148 3806 3283 3877 πρὸς
3314 3807 3404 3859 τὸν
3430 3807 3649 3878 Πατέρα

2081 3899 2332 3969 ὁμόνοιαν
2371 3897 2619 3963 δεικνὺς,
2662 3899 2756 3952 καὶ
2800 3899 2882 3951 ὅτι
2919 3892 3072 3962 οὗτος
3101 3899 3243 3969 ἁρχὴ
3287 3899 3504 3953 πάντων
3542 3898 3649 3950 τῶν

2081 3992 2305 4060 ἀγαθῶν
2340 3993 2434 4045 καὶ
2475 3993 2622 4045 αἰτία
2652 3995 2842 4065 πρώτη
2868 4033 2882 4058 ,
2910 3994 2937 4045 ό
2966 3992 3054 4045 τὸν
3093 3990 3329 4044 τοσαῦτα
3356 3989 3650 4060 δυνάμενον

2083 4086 2179 4138 καὶ
2216 4084 2583 4155 κατορθοῦντα
2621 4085 2983 4155 γεγεννηκώς.

2156 4174 2304 4248 [ὖἨ]
2325 4177 2476 4240 ς¹.Εἰ
2494 4176 2549 4229 δὲ
2581 4176 2740 4229 πλέον
2763 4176 2981 4246 εἴρηκεν
2997 4174 3030 4244 ἢ
3048 4173 3243 4244 ἀπῄτει
3279 4169 3373 4223 τοῦ
3398 4170 3654 4240 πράγμα-

2083 4286 2175 4332 τος
2202 4271 2236 4339 ἡ
2282 4270 2539 4332 ὑπόθεσις
2564 4312 2576 4334 ,
2609 4269 2683 4339 μὴ
2725 4268 3036 4338 θαυμάσῃς·
3063 4267 3154 4318 τὸν
3193 4265 3300 4333 γὰρ
3327 4262 3655 4317 Διδάσκαλον

2086 4361 2176 4414 τὸν
2211 4362 2407 4413 ἑαυτοῦ
2448 4361 2778 4430 μιμούμενος
2801 4398 2815 4420 ,
2842 4359 3012 4411 ταῦτα
3052 4358 3211 4409 ποιεῖ.
3251 4356 3360 4407 Καὶ
3388 4354 3495 4424 γὰρ
3525 4355 3654 4422 ὁμό-

2088 4468 2240 4506 νοιαν
2269 4451 2429 4513 αὐτὸς
2451 4450 2621 4515 δεῖξαι
2650 4450 2972 4519 βουλόμενος
2998 4446 3135 4517 πρὸς
3159 4445 3247 4497 τὸν
3270 4444 3654 4512 γεγεννηκότα,

2088 4540 2185 4593 καὶ
2216 4540 2297 4591 ὅτι
2337 4539 2396 4591 οὑ
2437 4540 2587 4609 παρά
2635 4536 2861 4606 γνώμην
2911 4534 3076 4588 αὑτοῦ
3111 4534 3332 4601 ἀφῖκται
3357 4570 3371 4595 ,
3403 4531 3656 4584 τοσοῦτον

2090 4630 2429 4693 καταϐαίνει,
2450 4630 2547 4700 οὐχ
2563 4630 2685 4682 ὅσον
2707 4628 2902 4698 ἀπῄτει
2922 4626 3021 4694 τῆς
3039 4625 3289 4696 ὁμονοίας
3306 4626 3338 4695 ἡ
3363 4622 3654 4686 ἀπόδειξις,

2089 4721 2204 4776 ἀλλ’
2221 4724 2341 4775 ὅσον
2355 4722 2523 4773 ἐδεῖτο
2536 4718 2647 4772 τῶν
2666 4718 2947 4789 παρόντων
2962 4719 2995 4787 ή
3014 4716 3286 4770 ἀσθένεια.
3306 4714 3538 4783 Εὑχεται
3549 4714 3658 4781 γὰρ

2090 4813 2167 4883 τῷ
2203 4811 2553 4881 γεγεννηκότι
2585 4810 2653 4862 δι’
2684 4809 2836 4862 οὐδὲν
2864 4806 3012 4870 ἄλλο,
3041 4807 3074 4878 ἢ
3109 4806 3195 4859 διὰ
3227 4804 3405 4868 τοῦτο,
3434 4805 3528 4858 καὶ
3559 4802 3658 4873 την

2091 4905 2269 4959 αἰτίαν
2310 4903 2478 4965 τιθείς
2527 4917 2727 4972 φησιν,
2767 4900 2899 4953 Ἵνα
2931 4899 3297 4952 πιστεύωσιν
3327 4897 3416 4950 ὅτι
3465 4895 3546 4949 σύ
3581 4912 3659 4964 με

2092 4993 2474 5056 ἀπέστειλας.
2513 4989 2713 5044 Τοῦτον
2761 4986 2856 5043 οὖν
2909 4987 3243 5060 μιμούμενος
3292 4985 3386 5038 καὶ
3428 4984 3659 5037 ἐνταῦθα

2095 5089 2158 5141 ὲκ
2197 5085 2512 5156 περιουσίας
2552 5086 2618 5154 τῇ
2656 5082 2801 5147 λέξει
2836 5082 3133 5151 κέχρηται,
3161 5079 3257 5147 οὐχ
3299 5077 3385 5130 ἵνα
3418 5076 3660 5129 δουλείαν

2096 5174 2622 5245 κατηναγκασμένην
2660 5171 3026 5241 ὑποπτεύσῃς,
3066 5168 3265 5235 ἄπαγε,
3309 5166 3425 5220 ἀλλ’
3471 5165 3557 5219 ἵνα
3596 5168 3662 5219 τὰ

2098 5268 2275 5321 ἄτοπα
2316 5263 2772 5333 ἐκεῖναδόγματα
2816 5264 2882 5314 ὲκ
2919 5258 3232 5329 περιουσίας
3278 5256 3504 5328 ἐκϐάλῃ,
3554 5257 3664 5309 Και

2098 5359 2206 5428 γὰρ
2244 5358 2371 5410 ὅταν
2409 5353 2663 5425 βούληταί
2706 5370 2760 5406 τι
2788 5350 3082 5424 πρόρριζον
3128 5348 3462 5414 ἀνασπάσαι,
3498 5347 3664 5415 πολλῄ

2098 5449 2366 5518 κέχρηται
2389 5447 2453 5515 τῇ
2482 5443 2785 5514 περιουσίᾳ.
2811 5441 2967 5495 Οὕτω
2988 5439 3118 5508 γοῦν
3146 5438 3239 5492 καὶ
3262 5438 3391 5507 περὶ
3411 5434 3664 5503 γυναικὸς

2102 5536 2300 5606 πιστῆς
2327 5535 2502 5606 λέγων
2528 5535 2624 5588 καὶ
2666 5533 2856 5605 ἀνδρὸς
2886 5533 3117 5587 ἀπίστου
3147 5529 3473 5600 ὁμιλούντων
3502 5522 3665 5590 ἀλλή-

2103 5630 2216 5691 λοις
2241 5628 2389 5697 νόμῳ
2419 5626 2618 5696 γάμου,
2653 5625 2738 5678 ἵνα
2772 5624 2846 5696 μὴ
2872 5624 3067 5694 νομίσῃ
3101 5623 3134 5689 ὴ
3162 5618 3298 5687 γυνὴ
3347 5610 3668 5682 μολύνεσθαι

441 5710 613 5767 Ὅταν
650 5714 757 5788 γάρ
790 5716 879 5769 τὸν
911 5715 1153 5769 διάϐολον
1184 5715 1344 5786 ἀνέλῃ
1378 5716 1469 5769 τὸν
1517 5719 1878 5789 εἰσαγαγόντα
1913 5723 2003 5775 τὸν
2104 5719 2213 5774 ἀπὸ
2248 5718 2347 5788 τῆς
2376 5716 2572 5788 μίξεως
2613 5717 2705 5770 καὶ
2742 5716 2853 5769 τῶν
2898 5709 3243 5784 περιπλοκῶν
3273 5709 3379 5757 των
3418 5702 3542 5768 περὶ
3579 5700 3670 5751 τον
