4018 6156
513 235 611 290 ὅΗ

510 349 756 411 ἄπιστον,
785 354 883 406 οὑκ
915 349 1086 417 εἶπεν,
1111 356 1192 408 ὅτι
1213 358 1311 408 οὑκ
1337 358 1482 411 ἔστιν
1513 362 1821 432 ἀκάθαρτος
1857 365 1888 434 ἡ
1917 365 2074 434 γυνὴ,

507 441 638 502 οὐδ’,
672 443 752 495 ὃτι
797 445 947 495 οὐδὲν
987 443 1281 512 βλάπτεται
1319 451 1469 520 παρὰ
1508 452 1602 505 τοῦ
1650 454 1899 518 ἀπίστου,
1936 454 2075 520 ἀλλ’,

508 531 534 583 ὃ
566 533 750 602 πολλῴ
773 533 929 584 πλέον
955 531 1043 604 ἦν,
1072 536 1152 588 ὅτι
1180 539 1273 589 καὶ
1299 541 1327 592 6
1356 540 1582 605 ἄπιστος
1607 544 1866 612 ἡγίασται
1889 544 1958 598 δι’
1976 546 2073 598 αὑο

505 622 622 688 τῆς,
651 624 711 674 οὑ
742 623 899 676 τοῦ-το
935 624 1103 690 δεῖξαι
1145 627 1485 698 βουλόμενος,
1517 634 1598 686 ὅτι
1633 636 1662 686 6
1694 635 1892 704 Ἕλλην
1923 636 2075 704 ἆγιος

504 709 718 775 ἐγένετο
750 710 808 774 ἐξ
837 714 1070 784 ἐκείνης,
1113 717 1248 770 ἀλλά
1290 722 1355 790 τῇ
1404 721 1674 793 ὑπερϐολῇ
1705 723 1796 776 τοῦ
1829 725 2073 794 ῥήματος

500 797 592 850 τὸν
618 800 781 868 φόϐον
805 803 974 872 αὐτῆς
1001 804 1222 858 ἐκλῦσαι
1249 808 1516 862 σπεύδων.
1543 810 1700 862 Οὕτω
1719 812 1811 863 καὶ
1839 810 2072 864 ἐνταῦθα

499 891 566 960 τῇ
610 893 894 962 περιουσίᾳ
933 894 1032 962 τῆς
1084 895 1280 960 λέξεως
1324 899 1384 951 τὸ
1418 900 1612 963 ἀσεϐὲς
1667 903 1843 953 ἐκεῖνο
1894 903 2069 972 δόγμα

497 978 704 1032 ἀνελεῖν
724 983 1090 1046 ἐσπουδακὼς,
1114 982 1266 1038 εἷπεν
1293 990 1428 1057 ὅπερ
1455 989 1696 1061 εἴρηκεν.
1723 993 1934 1062 Ὥσπερ
1958 993 2066 1062 γὰρ

496 1070 697 1142 ἀσθενῆ
730 1073 822 1126 τὸν
872 1075 996 1128 Υἰὸν
1028 1078 1383 1144 ὑποπτεύειν,
1423 1084 1520 1150 τῆς
1561 1083 1796 1151 ἐσχάτης
1825 1100 2064 1152 παρανο-

498 1162 621 1230 μίας
643 1165 781 1216 ἐστί·
807 1164 993 1236 διόπερ
1020 1168 1150 1218 αὑτὸ
1171 1169 1474 1239 διορθοῦται
1503 1173 1695 1239 λέγων,
1719 1174 1799 1226 ὅτι
1825 1174 2063 1236 Πάντας

494 1253 637 1319 τοὺς
661 1254 912 1322 ἐχθροὺς
939 1257 1124 1310 αὐτοῦ
1151 1258 1322 1324 θήσει
1346 1261 1462 1314 ὑπὸ
1485 1263 1620 1326 τοὺς
1640 1263 1830 1326 πόδας
1851 1261 2056 1315 αὐτοῦ·

492 1341 634 1394 οὕτω
664 1344 825 1398 πάλιν
849 1346 1204 1418 ἀσεϐέστερον
1229 1350 1417 1403 τούτου
1457 1352 1516 1405 τὸ
1542 1353 1799 1408 ἐλάττονα
1827 1352 2058 1422 νομίζειν

491 1432 581 1485 τὸν
614 1434 852 1506 Πατέρα.
887 1437 978 1490 Διὸ
1010 1439 1103 1497 καὶ
1136 1441 1268 1493 αὑτὸ
1302 1442 1441 1510 μετὰ
1473 1442 1674 1512 πολλῆς
1705 1446 1920 1512 ἀναιρεῖ
1959 1444 2058 1512 τῆς

491 1525 814 1596 ὑπερϐολῆς.
853 1529 964 1582 Καὶ
993 1531 1092 1600 ὅρα
1130 1532 1248 1595 πῶς
1282 1533 1413 1585 αὑτὸ
1450 1535 1660 1603 τίθησιν
1688 1550 1701 1564 ο
1741 1536 1802 1586 οὐ
1838 1536 1944 1603 γὰρ
1977 1533 2055 1588 εἷ-

490 1635 608 1680 πεν,
647 1620 844 1688 Ἐκτύς
862 1624 968 1677 τοῦ
992 1625 1428 1692 ὑποτάξαντος,
1451 1628 1658 1688 ἁπλῶς,
1677 1629 1833 1690 ἀλλὰ,
1857 1629 2058 1695 Δῆλον

485 1709 593 1764 ὅτι.
626 1712 687 1764 Εἰ
713 1713 822 1784 γὰρ
845 1716 937 1768 καὶ
957 1716 1321 1787 ὡμολόγηται,
1353 1721 1535 1790 φησὶν,
1569 1721 1684 1772 ἀλλ’
1707 1723 1856 1790 ὅμως
1881 1724 2055 1790 ἀσφαρ-

485 1801 720 1872 λίζομαι.
753 1807 860 1859 Καὶ
883 1808 971 1860 ἴνα
1003 1810 1198 1881 μάθῃς,
1239 1813 1320 1864 ὅτι
1349 1812 1489 1882 αὕτη
1519 1814 1668 1866 ἐστὶν
1699 1816 1730 1882 ή
1764 1814 1912 1866 αἰτία
1945 1815 2053 1868 τῶν

482 1893 814 1962 εἰρημένων,
855 1899 1029 1953 ἐκεῖνο
1063 1900 1128 1954 ἄν
1173 1919 1232 1954 σε
1272 1903 1528 1973 ἐροίμην·
1576 1900 1723 1974 τΑρα
1766 1906 2049 1976 προσθήκη

480 1981 689 2047 γίνεται
711 1986 989 2058 ὑποταγῆς
1017 1990 1137 2042 τότε
1164 1989 1241 2059 τῷ
1272 1991 1418 2060 Πῶς
1452 1993 1547 2045 καὶ
1581 1992 1696 2056 πῶς
1723 1995 1824 2046 οὑκ
1847 1995 2049 2048 ἄτοπον

477 2071 571 2124 καὶ
621 2072 756 2126 Θεοῦ
812 2076 1059 2142 ἀνάξιονς
1117 2082 1148 2144 ὴ
1201 2080 1310 2150 γὰρ
1366 2082 1598 2150 μεγίστη
1655 2083 1898 2153 ὑποταγὴ
1954 2085 2047 2138 καὶ

477 2162 688 2232 ὑπακοὴ
726 2163 885 2234 αῦτη,
919 2168 980 2219 τὸ
1004 2169 1094 2220 τὸν
1125 2169 1257 2222 Θεὸν
1299 2170 1426 2223 ὄντα
1467 2171 1654 2225 δούλου
1699 2173 1911 2244 μορφὴν
1948 2174 2044 2226 λα-

474 2256 608 2309 ϐεῖν.
648 2256 770 2320 Πῶς
817 2256 909 2311 οὖν
950 2260 1070 2313 τότε
1121 2262 1560 2332 ὑποταγήσεται;
1621 2265 1783 2336 Ὁρᾷς
1819 2267 1900 2318 ὅτι
1945 2266 2046 2336 τὴν

472 2345 670 2396 ἄτοπον
713 2346 946 2414 ὑποψίαν
975 2350 1236 2419 ἀναιρῶν,
1270 2351 1428 2405 τοῦτο
1465 2353 1676 2406 τέθεικε
1699 2393 1714 2416 ,
1759 2355 1855 2406 καὶ
1887 2355 2045 2408 τοῦτο

469 2435 525 2486 δὲ
561 2435 697 2503 μετά
741 2437 838 2504 τῆς
885 2441 1268 2510 προσηκούσης
1309 2444 1596 2506 ὑπονοίας-ς
1642 2446 1728 2507 Ὠς
1767 2446 1874 2516 γὰρ
1928 2447 2043 2515 Υίῷ

469 2527 737 2594 προσήκει
766 2529 857 2581 καὶ
878 2529 1015 2598 Θεῷ,
1037 2530 1210 2595 οὕτως
1231 2535 1516 2594 ὑπακούει.
1539 2537 1637 2589 οὑκ
1663 2537 2037 2607 ἀνθρωπίνως,

468 2613 582 2665 ἀλλ’
619 2615 1011 2688 ἐλευθεριάζων
1051 2623 1144 2676 καὶ
1183 2623 1430 2686 ἐξουσίαν
1466 2627 1646 2679 πᾶσαν
1677 2625 1836 2696 έχων.
1887 2627 2037 2679 Ἐπεὶ

465 2708 582 2772 πῶς
617 2710 930 2781 σύνθρονοςς
961 2714 1078 2778 πῶς
1117 2716 1192 2778 ὡς
1223 2719 1250 2769 6
1278 2718 1461 2788 Πατὴρ
1499 2718 1724 2788 ἐγείρει,
1769 2719 1911 2772 οὑτω
1943 2719 2035 2773 καὶ

464 2801 624 2863 αὐτὸς
647 2801 738 2864 οὓς
766 2803 936 2869 θέλεις
981 2805 1096 2868 πῶς
1130 2807 1197 2859 τὰ
1225 2808 1320 2860 τοῦ
1361 2810 1592 2879 Πατρδς,
1624 2810 1788 2864 αὑτοῦ
1834 2811 2031 2874 πάντα,

463 2892 557 2942 καὶ
593 2891 662 2942 τὰ
713 2893 900 2955 αὑτοῦ,
956 2895 1049 2947 τοῦ
1100 2897 1346 2967 Πατρόςς
1391 2899 1576 2953 Ταῦτα
1623 2901 1732 2972 γὰρ
1785 2903 2032 2967 ἐξουσίαν

462 2981 928 3054 ἀπηκριϐωμένην
950 2986 1085 3055 πρὸς
1108 2987 1199 3038 τὸν
1221 2991 1588 3058 γεγεννηκότα
1614 2993 1745 3061 ἡμῖν
1763 2994 2031 3046 ἐνδείκνυ-

460 3089 570 3126 ται.
604 3075 667 3125 Τί
714 3076 769 3128 δέ
821 3078 959 3136 ἐστι,
1012 3077 1198 3128 ’Ὅταν
1243 3078 1485 3146 παραδῷ
1522 3080 1638 3146 τὴν
1668 3083 2030 3146 ,βασιλείαν;

461 3163 746 3228 Βασιλείας
777 3164 866 3217 τοῦ
897 3164 1032 3218 Θεοῦ
1059 3165 1152 3218 δύο
1181 3163 1323 3221 οἶδεν
1353 3171 1384 3239 ή
1414 3170 1626 3241 Γραφὴ,
1653 3173 1750 3243 τὴν
1780 3173 1879 3242 μὲν
1910 3178 2028 3228 κατ’

457 3255 752 3322 οἰκείωσιν,
791 3259 886 3329 τὴν
925 3259 979 3312 δὲ
1011 3261 1152 3313 κατά
1184 3261 1563 3333 δημιουργίαν.
1599 3265 1884 3319 Βασιλεύει
1932 3267 2028 3337 μὲν

457 3345 566 3415 γὰρ
591 3347 866 3414 ἁπάντων,
909 3349 1000 3401 καὶ⁵
1051 3347 1315 3420 Ἑλλήνων
1349 3353 1442 3404 καὶ
1487 3353 1754 3408 Ἰουδαίων
1789 3357 1896 3408 καὶ
1913 3357 2028 3410 δαι-

459 3437 633 3504 μόνων
661 3440 754 3490 καὶ
795 3439 904 3491 τῶν
934 3441 1437 3512 ἀντιτεταγμένων,
1476 3445 1617 3498 κατά
1648 3447 1741 3498 τὸν
1784 3447 1882 3514 τῆς
1930 3447 2023 3518 δη·-

457 3528 742 3599 μιουργίας
775 3531 930 3600 λόγον
949 3547 961 3560 ·
994 3531 1266 3601 βασιλεύει
1291 3534 1349 3588 δὲ
1376 3535 1484 3590 τῶν
1511 3537 1720 3590 πιστῶν
1753 3540 1843 3592 καὶ
1873 3540 2025 3593 ἐκόν-

450 3637 560 3672 των
602 3623 696 3674 καὶ
722 3622 1199 3693 ὑποτεταγμένων,
1232 3627 1374 3681 κατά
1401 3627 1492 3680 τὸν
1529 3629 1627 3698 τῆς
1671 3631 2020 3695 οἰκειώσεως.

451 3709 598 3781 Αὕτη
628 3713 660 3779 ἠ
695 3711 937 3780 βασιλεία
967 3715 1060 3766 καὶ
1093 3716 1264 3785 ἀρχὴν
1289 3717 1433 3787 ἔχειν
1461 3719 1708 3788 λέγεται·
1746 3723 1875 3793 περὶ
1913 3723 2020 3794 γὰρ

452 3795 651 3864 ταύτης
685 3799 817 3864 φησὶ
865 3800 960 3851 καὶ
1004 3803 1060 3852 ἐν
1105 3802 1184 3871 τῷ
1215 3805 1450 3874 δευτέρῳ
1499 3808 1732 3880 ww-
1767 3813 2022 3876 Αἶτησαι

451 3883 588 3950 παρ’
617 3886 782 3952 ἐμοῦ,
822 3889 917 3940 καί
951 3889 1122 3942 δώσω
1155 3907 1252 3945 σοι
1280 3894 1423 3958 ἔθνη
1457 3897 1572 3964 τὴν
1615 3904 2022 3971 κληρονομίαν

448 3989 566 4028 σου
589 3993 600 4005 °
628 3978 757 4048 περὶ
785 3979 987 4048 ταύτης
1020 3983 1112 4041 καὶ
1138 3981 1285 4056 [572]
1310 3987 1469 4050 αὐτὸς
1494 3989 1680 4061 εἴρηκε
1706 3997 1817 4055 τοῖς
1845 3996 2020 4065 μαθη-

449 4071 590 4131 ταῖς·
641 4069 850 4139 Ἐδόθη
885 4090 987 4141 μοι
1013 4072 1180 4127 πᾶσα
1214 4076 1466 4139 ἐξουσία
1497 4081 1618 4135 ὑπὸ
1651 4083 1758 4136 τοῦ
1790 4089 2018 4152 Πατρός

445 4176 580 4228 μου,
617 4161 694 4231 τῷ
723 4167 1076 4235 γεγεννηκότι
1107 4167 1324 4221 ἅπαντα
1355 4170 1646 4236 ἀνατιθεὶς,
1683 4176 1781 4245 οὐχ
1815 4176 1889 4239 ὡς
1923 4180 2018 4231 αὑ·

444 4251 534 4314 τὸς
559 4253 657 4305 οὑκ
681 4253 866 4323 ἀρκῶν
888 4295 902 4318 ,
931 4256 1067 4309 ἀλλά
1097 4257 1310 4322 δεικνὺς
1335 4260 1413 4312 ὅτι
1445 4261 1570 4326 Υἱός
1595 4266 1712 4318 ἐστι
1731 4305 1746 4327 ,
1777 4268 1868 4320 καὶ
1897 4269 2017 4339 οὑχ)⁸

443 4341 755 4410 ἀγέννητος.
787 4346 1003 4418 Ταύτην
1028 4344 1118 4402 οὖν
1149 4352 1502 4422 παραδίδωσι,
1527 4359 1793 4419 τουτέστι,
1827 4378 2016 4432 κατορ-

444 4427 544 4482 θοῖ.
587 4432 650 4482 Τί
686 4435 801 4483 ποτ’
831 4431 923 4487 οὖν
961 4438 1091 4507 περὶ
1133 4439 1228 4490 τοῦ
1275 4441 1608 4512 Πνεύματος,
1645 4449 1827 4517 φησὶν,
1862 4427 2014 4502 οὐδέν

442 4519 697 4590 εἴρηκενς
730 4523 937 4576 Ὄτιοὺ
971 4528 1099 4595 περὶ
1135 4529 1322 4583 τούτου
1365 4533 1393 4583 ὀ
1417 4532 1570 4600 λόγος
1610 4537 1756 4607 αὐτῷ
1796 4535 1864 4608 ἦν
1895 4542 2008 4606 νῦν,

441 4609 561 4661 οὐδὲ
588 4610 720 4679 ὁμοῦ
762 4613 938 4665 πάντα
970 4621 1158 4685 συγχεῖ
1179 4637 1190 4648 ·
1218 4621 1338 4671 ἐπεὶ
1374 4623 1466 4673 καὶ
1491 4624 1618 4675 ὅταν
1642 4626 1795 4697 λέγῃ,
1845 4629 1948 4696 Εἷς
1979 4635 2011 4686 ὁ

443 4699 588 4764 Θεὸς
615 4703 646 4751 ό
675 4701 897 4768 Πατὴρ,
933 4705 1026 4757 καί
1054 4704 1142 4772 εἷς
1176 4710 1389 4776 Κύριος
1426 4711 1684 4779 Ἰησοῦς,
1710 4717 1771 4768 οὑ
1792 4718 2010 4784 πάντως

443 4791 660 4845 ἐλαττον
699 4793 859 4860 ἀφεὶς
887 4789 1023 4849 εἶναι
1056 4799 1116 4852 τὸ
1148 4801 1392 4871 Πνεῦμα,
1422 4804 1510 4857 διὰ
1539 4806 1696 4860 τοῦτο
1726 4812 1871 4881 σιγᾷ,
1893 4811 2007 4865 ἀλλ’

444 4883 624 4955 ἐπειδὴ
659 4886 795 4949 τέως
817 4887 877 4940 οὑ
905 4890 1227 4959 κατήπειγε,
1259 4895 1414 4948 τοῦτο
1435 4891 1608 4950 εἶπεν.
1639 4894 1759 4952 Οἷδε
1785 4903 1892 4973 γάρ
1915 4907 2007 4958 καὶ

440 4973 532 5027 τοῦ
572 4977 784 5047 Πατρὺς
817 4980 1123 5050 μεμνῆσθαι
1159 4985 1341 5054 μόνου,
1379 4989 1472 5043 καὶ
1502 4991 1562 5043 οὑ
1596 4991 1683 5045 διὰ
1728 4994 1884 5048 τοῦτο
1913 4998 2005 5050 τὸν

445 5064 564 5116 Υίὸν
611 5067 966 5139 ἐκϐαλοῦμεν’
1006 5068 1112 5126 οἶδε
1146 5076 1241 5130 καὶ
1281 5077 1374 5131 τοῦ
1422 5081 1550 5136 Υίοῦ
1585 5087 1797 5140 καὶτοῦ
1845 5091 2006 5145 Πνεύ-

443 5170 605 5225 ματος
638 5157 819 5224 μόνου,
856 5164 948 5215 καὶ
976 5165 1036 5216 οὑ
1060 5165 1147 5218 διὰ
1177 5167 1334 5221 τοῦτο
1367 5171 1457 5222 τὸν
1497 5173 1716 5246 Πατέρα
1743 5178 2000 5250 ἀθετήσο-

439 5263 555 5338 μεν.
583 5247 646 5298 Τί
669 5247 725 5300 δέ
746 5251 913 5314 ἐστιν,
938 5255 1068 5308 Ἵνα
1091 5251 1132 5328 ᾖ
1159 5262 1192 5312 ό
1213 5259 1360 5326 Θεὸς
1387 5261 1458 5314 τὰ
1480 5263 1674 5319 πάντα
1697 5269 1764 5320 ἐν
1782 5247 2002 5338 πᾶσιν;

435 5336 550 5389 Ἷνα
587 5338 800 5392 ἅπαντα
830 5344 907 5402 εἰς
936 5345 1097 5397 αὑτὸν
1126 5349 1479 5422 ἀνηρτημένα
1501 5349 1553 5427 ᾗ,
1586 5357 1670 5409 ἵνα
1701 5361 1773 5430 μὴ
1800 5363 1890 5416 δύο
1919 5385 2001 5429 τις

431 5430 607 5498 ἀρχὰς
635 5431 900 5502 ἀνάρχους
949 5436 1252 5509 ὑποπτεύῃ,
1307 5443 1442 5511 μηδὲ
1487 5447 1684 5516 ἑτέραν
1722 5451 2000 5520 βασι-λείαν

431 5522 858 5612 ἀπεσχισμένην.
905 5528 1072 5581 Ὅταν
1112 5529 1221 5601 γάρ
1269 5533 1317 5583 οἱ
1369 5535 1466 5602 μὲν
1504 5537 1686 5609 ἐχθροὶ
1735 5544 1837 5596 ὑπὸ
1873 5551 2000 5612 τοὺς

433 5613 594 5679 πόδας
625 5607 723 5668 ὦσι
771 5620 1010 5688 κείμενοι
1059 5620 1149 5674 τοῦ
1196 5623 1421 5688 Παιδὸς,
1456 5629 1484 5680 ό
1519 5628 1573 5681 δὲ
1621 5630 1757 5700 ἔχων
1804 5641 1992 5696 αὐτοὺς

1193 243 1249 296 S.
1286 243 1570 300 JOANNIS
1609 244 2089 302 CHRYSOSTOMI
2131 244 2455 303 ARCHIEP.
2501 245 3046 302 CUNSTANTINOP.

3644 249 3748 304 352

2193 367 2296 418 ὑπὸ
2320 366 2484 428 πῶας
2515 366 2879 436 ἐρριμμένους
2909 366 2982 434 μὴ
3007 362 3269 434 στασιάζῃ
3297 361 3431 433 πρὸς
3452 362 3542 415 τδν
3556 379 3748 432 γεγεν-

2180 460 2402 528 νηκότα,
2434 459 2549 511 ἀλλ’
2573 459 2769 527 ὁμονοῇ
2804 458 2940 526 μετά
2973 454 3168 524 πολλῆς
3201 455 3299 523 τῆς
3326 455 3630 525 ἀκριϐείας,
3651 456 3748 508 αὑ-

2175 550 2265 612 τὸς
2293 550 2446 602 ἔσται
2470 549 2540 602 τὰ
2571 549 2748 602 πάντα
2775 550 2832 600 ὲν
2854 551 3007 602 πᾶσι.
3040 549 3192 610 Τινὲς
3219 547 3277 600 δὲ
3301 548 3399 619 τῆς
3428 548 3627 611 κακίας
3648 549 3745 618 τὴν

2175 640 2454 709 ἀναίρεσιν
2483 640 2746 708 δηλοῦντα
2777 638 2934 692 τοῦτο
2959 640 3120 692 αὑτὸν
3153 639 3432 710 εἰρηκέναι
3459 640 3640 707 φασιν,
3669 639 3744 702 ὼς

2175 732 2392 784 πάντων
2427 731 2686 784 εἰκόντων
2736 730 2919 782 λοιπὸν
2953 731 3046 782 καὶ
3090 729 3300 792 οὐδενὸς
3351 729 3742 799 ἀνθισταμένου

2171 822 2288 875 οὐδὲ
2327 823 2785 892 πονηρευομένου.
2830 821 2999 876 Ὅταν
3029 819 3138 891 γὰρ
3175 818 3421 891 ἁμαρτία
3458 820 3532 889 μή
3565 815 3621 890 ᾖ,
3651 819 3740 872 εῦ-

2169 915 2325 983 δηλον
2355 915 2436 966 ὅτι
2467 916 2496 966 6
2522 913 2653 976 Θεὸς
2687 913 2838 965 ἔσται
2866 911 2937 964 τὰ
2965 914 3141 965 πάντα
3168 913 3227 964 ὲν
3259 913 3446 964 πᾶσιν.
3488 911 3550 964 Εἰ
3579 910 3634 962 δὲ
3667 910 3739 980 μὴ

2168 1007 2484 1058 ἀνίστανται
2523 1003 2586 1056 τὰ
2623 1003 2849 1072 σώματα
2877 1045 2890 1067 ,
2927 1004 3044 1064 πῶς
3085 1003 3257 1056 ταῦτα
3306 1001 3510 1071 mea;
3558 1003 3588 1054 ὁ
3631 1001 3738 1070 γὰρ

2168 1095 2550 1165 χαλεπώτατος
2580 1094 2769 1165 ἐχθρὸς
2801 1095 3053 1148 ἀπάντων
3094 1095 3319 1156 θάνατος
3355 1095 3505 1164 μένει
3536 1093 3734 1158 ἀνῦσας

2165 1188 2301 1254 ὅπερ
2336 1185 2621 1255 ἠθέλησεν.
2653 1185 2804 1253 Οὐχὶ,
2831 1185 3011 1254 φησίν·
3043 1183 3163 1237 οὑδέ
3187 1185 3294 1254 γὰρ
3328 1186 3730 1255 ἁμαρτήσονται

2163 1278 2367 1344 λοιπὸν,
2415 1279 2564 1348 φησί.
2621 1279 2728 1330 Καὶ
2773 1278 2824 1328 τί
2886 1277 3076 1341 τοῦτο;
3138 1277 3257 1329 οὑδὲ
3304 1276 3413 1346 γὰρ
3461 1276 3591 1347 περὶ
3639 1276 3728 1330 τοῦ

2163 1368 2394 1424 θανάτου
2421 1369 2518 1435 τῆς
2549 1367 2745 1437 ψυχῆς,
2771 1368 2904 1420 ἀλλά
2931 1369 3057 1439 περὶ
3089 1367 3182 1420 τοῦ
3210 1366 3524 1436 σωματικοῦ
3558 1367 3729 1420 διαλέ-

2159 1475 2316 1525 γεται
2340 1456 2592 1510 ἐνταῦθα.
2627 1456 2746 1518 Πῶς
2767 1453 2859 1508 οὖν
2889 1459 3238 1526 καταργεῖται
3260 1473 3272 1520 ;
3296 1456 3419 1526 νίκη
3442 1456 3552 1526 γάρ
3575 1456 3728 1510 τοῦτό

2159 1551 2295 1609 ἐστι,
2323 1547 2381 1598 τὸ
2413 1547 2481 1598 τὰ
2511 1547 2872 1615 ἀφαιρεθέντα
2910 1546 3004 1598 καὶ
3041 1547 3380 1616 κατεχόμενα
3421 1547 3625 1600 λαϐεῖν.
3666 1547 3726 1600 EE

2155 1642 2209 1694 δὲ
2238 1642 2422 1710 μέλλει
2453 1642 2774 1711 κατέχεσθαι
2803 1644 2860 1694 ὲν
2884 1645 2949 1712 τῇ
2981 1646 3050 1712 γῇ
3075 1643 3144 1697 τά
3167 1642 3411 1714 σώματα,
3443 1646 3551 1714 ἀρα
3581 1645 3724 1714 μένει

2156 1731 2320 1783 αὑτοῦ
2358 1733 2390 1800 ἡ
2421 1732 2674 1801 τυραννὶς
2699 1772 2714 1794 ,
2741 1733 2944 1786 τούτων
2973 1733 3071 1801 μὲν
3095 1734 3504 1804 κατεχομένων,
3537 1737 3721 1804 ἐτέρου

2152 1819 2208 1873 δὲ
2227 1821 2327 1874 οὑκ
2345 1821 2496 1883 ὄντος
2519 1821 2768 1890 σώματος
2798 1822 2926 1877 ἔνθα
2947 1824 3330 1894 ήττηθήσεται.
3358 1828 3453 1878 Ἂν
3471 1827 3528 1879 δὲ
3545 1827 3720 1891 τοῦτο,

2152 1913 2288 1981 ὅπερ
2319 1909 2470 1964 εἶπεν
2503 1914 2532 1965 6
2565 1913 2774 1977 Παῦλος
2793 1953 2806 1978 ,
2844 1915 3087 1985 γένηται,
3120 1916 3309 1987 ὥσπερ
3337 1913 3430 1970 οὖν
3452 1919 3545 1970 καὶ
3568 1919 3722 1991 γενή-

2155 2020 2324 2065 σεται,
2359 2004 2452 2056 καὶ
2481 2005 2708 2074 λαμπρά
2745 2010 2777 2076 ἡ
2810 2006 2929 2076 νίκη
2970 2011 3218 2076 φανεῖται
3248 2009 3344 2062 τοῦ
3391 2011 3523 2063 Θεοῦ
3560 2011 3721 2081 δυνηοι

2153 2092 2335 2156 θέντος
2376 2095 2679 2165 ἀναστῆσαι
2724 2097 2785 2150 τὸ
2833 2099 3235 2168 κατασχεθέντα
3283 2102 3373 2154 ὑπ’
3413 2101 3576 2155 αὑτοῦ
3625 2101 3721 2158 σώ-

2151 2203 2318 2253 ματα.
2368 2186 2519 2238 Ἐπεὶ
2549 2188 2644 2240 καὶ
2679 2187 2936 2257 πολέμιον
2971 2189 3090 2241 τότε
3129 2207 3210 2252 τις
3249 2194 3394 2261 νικᾷ,
3430 2193 3556 2246 ὅταν
3583 2193 3719 2263 λάϐῃ

2146 2278 2215 2331 τά
2263 2276 2470 2338 σκῦλα,
2511 2279 2608 2347 οὑχ
2655 2280 2782 2331 ὅταν
2817 2281 2926 2349 ἀφῇ
2971 2283 3101 2351 παρ’
3141 2281 3289 2351 αὑτῷ
3327 2283 3527 2352 μένειν·
3576 2286 3624 2337 εἰ
3665 2285 3718 2337 δὲ

2150 2369 2222 2437 μή
2249 2385 2332 2431 τις
2361 2369 2581 2439 τολμῴη
2601 2369 2668 2421 τά
2695 2369 2856 2422 αὑτοῦ
2886 2370 3084 2434 λαϐεῖν,
3121 2372 3236 2434 πῶς
3264 2373 3328 2426 ἂν
3360 2374 3602 2444 φαίημεν
3625 2376 3717 2428 0.6-

2143 2452 2233 2505 τὸν
2259 2452 2556 2523 ἡττηθῆναι
2576 2470 2591 2516 ;

2217 2536 2280 2598 ζ’.
2298 2535 2497 2589 Τοῦτον
2521 2538 2613 2589 καὶ
2629 2539 2656 2592 ὁ
2673 2536 2905 2607 Χριστὸς
2920 2537 3017 2607 τῆς
3035 2537 3188 2607 νίκης
3205 2538 3294 2590 τὸν
3316 2541 3517 2609 τρόπον
3535 2541 3591 2590 ἐν
3607 2543 3712 2602 τοῖς

2143 2627 2497 2695 Εὑαγγελίοις
2529 2629 2872 2697 νενικηκέναι
2905 2629 3087 2699 φησὶν,
3125 2629 3266 2682 οὑτω
3304 2629 3499 2698 λέγων’
3541 2633 3713 2683 Ὅταν

2139 2716 2301 2786 δήσῃ
2345 2719 2450 2772 τὸν
2491 2719 2765 2787 ἰσχυρὸν,
2796 2721 2928 2774 τότε
2959 2721 3055 2773 καὶ
3086 2720 3157 2774 τὰ
3187 2723 3377 2787 σκεύη
3407 2722 3597 2776 αὑτοῦ
3633 2722 3710 2774 διο

2137 2809 2414 2878 αρπάσει.
2449 2811 2599 2862 Ἐπεὶ
2624 2813 2670 2862 εἰ
2696 2810 2769 2880 μὴ
2792 2809 2949 2863 τοῦτο
2979 2812 3208 2878 γένοιτο,
3239 2812 3361 2865 οὐδὲ
3385 2813 3508 2884 νίκη
3536 2815 3710 2882 σαφὴς

2135 2902 2202 2955 ἂν
2225 2902 2331 2970 εἴη.
2367 2904 2574 2972 Ὥσπερ
2622 2903 2728 2972 γὰρ
2781 2903 2872 2955 ἐπὶ
2923 2903 3014 2956 τοῦ
3051 2903 3280 2957 θανάτου
3331 2906 3430 2975 τῆς
3470 2905 3648 2975 ψυχῆς
3680 2907 3706 2958 ὁ

2133 2993 2422 3047 ἀποθανὼν
2454 2994 2793 3046 δεδικαίωται
2827 2995 2934 3047 ἀπὸ
2960 2996 3056 3064 τῆς
3090 2995 3380 3065 ἁμαρτίας,
3402 2997 3493 3048 καὶ
3519 2999 3618 3049 οὑκ
3644 2997 3706 3050 ἂν

2132 3089 2382 3156 εἴποιμεν
2415 3085 2572 3139 τοῦτο
2605 3086 2759 3155 νίκην
2789 3083 2948 3139 εἶναι·
2992 3089 3198 3150 ἐκεῖνος
3237 3088 3344 3157 γάρ
3374 3090 3522 3140 ἐστιν
3553 3091 3580 3141 ὁ
3620 3106 3705 3140 νε-

2131 3177 2392 3248 νικηκὼς,
2418 3179 2516 3247 οὑχ
2551 3180 2579 3228 6
2625 3178 2700 3249 μὴ
2735 3178 2991 3247 προσθεὶς
3022 3181 3138 3240 τοῖς
3167 3183 3378 3242 κακοῖς,
3409 3180 3523 3232 ἀλλ’
3550 3184 3577 3231 6
3604 3181 3703 3248 τὴν

2130 3267 2230 3338 ήδη
2255 3267 2629 3336 γεγενημένην
2659 3268 2766 3320 τῶν
2796 3266 2986 3320 παθῶν
3020 3267 3395 3338 αἰχμαλωσίαν
3429 3268 3698 3331 διαλύσας·

2128 3357 2270 3410 οὑτω
2302 3357 2366 3427 δὴ
2392 3358 2484 3410 καὶ
2512 3355 2766 3420 ἐνταῦθα,
2793 3358 2854 3409 οὑ
2889 3358 2948 3409 τὸ
2983 3359 3170 3428 στῆναι
3201 3358 3290 3411 τὸν
3322 3358 3552 3413 θάνατον
3586 3362 3703 3411 ἐπι·

2127 3448 2424 3518 νεμόμενον
2451 3447 2520 3500 τὰ
2546 3447 2774 3518 σώματα
2795 3447 2959 3516 φαίην
2986 3447 3050 3500 ἂν
3077 3445 3215 3501 εἶναι
3243 3449 3397 3516 νίκην
3423 3448 3698 3519 λαμπρὰν,

2126 3543 2261 3596 ἀλλὰ
2305 3543 2365 3595 τὸ
2405 3543 2474 3595 τὰ
2511 3541 2913 3610 κατασχεθέντα
2946 3542 3048 3613 ήδη
3086 3543 3216 3612 παρ’
3246 3542 3410 3594 αὑτοῦ
3452 3544 3701 3596 ἀποσπα-

2128 3634 2339 3703 σθῆναι.
2374 3634 2437 3686 Εἰ
2469 3633 2526 3686 δὲ
2557 3633 2635 3686 ἔτι
2679 3633 3029 3702 φιλονεικοῖεν
3065 3635 3158 3687 καὶ
3189 3633 3397 3701 λέγοιεν
3439 3635 3567 3706 περί⁵
3607 3635 3697 3688 τοῦ

2123 3725 2358 3796 ψυχικοῦ
2387 3723 2537 3797 [573]
2571 3725 2803 3779 θανάτου
2829 3725 2999 3778 ταῦτα
3022 3725 3295 3796 εἰρῆσθαι,
3332 3725 3445 3788 πῶς
3470 3727 3698 3796 ἔσχατος

2125 3819 2480 3887 καταργεῖται
2505 3811 2691 3882 οὗτος
2722 3817 2813 3870 καὶ
2835 3817 2941 3888 γὰρ
2968 3818 3051 3886 ἐφ’
3076 3817 3290 3888 ἑκάστῳ
3314 3817 3692 3887 βαπτιζομένῳ

2124 3907 2445 3977 κατηργήθη
2473 3907 2693 3960 τέλειον.
2723 3909 2819 3959 Ἂν
2851 3908 2950 3978 μέν
2975 3923 3056 3960 τοι
3083 3908 3210 3978 περί
3234 3908 3478 3978 σώματος
3504 3909 3694 3981 λέγῃς,

2121 3998 2234 4067 ἔχει
2261 4001 2443 4067 χώραν
2469 3998 2530 4050 τὸ
2557 3998 2866 4068 εἰρημένον,
2897 3992 3007 4050 οἷον
3036 3999 3116 4051 ὅτι
3148 3998 3373 4068 ἔσχατος
3398 4003 3693 4071 καταργεῖο

2120 4108 2228 4143 ται.
2254 4091 2318 4144 Εἰ
2345 4089 2400 4142 δέ
2425 4106 2506 4152 τις
2533 4088 2762 4159 ἀποροίη
2795 4090 2938 4152 τίνος
2967 4090 3152 4143 ἕνεκεν
3183 4091 3310 4160 περὶ
3343 4091 3694 4153 ἀναστάσεως

2119 4180 2517 4250 διαλεγόμενος,
2544 4180 2604 4232 οὑ
2634 4180 2958 4250 παρήγαγεν
2987 4182 3064 4244 εἰς
3091 4181 3254 4250 μέσον
3284 4181 3352 4234 τὰ
3381 4181 3691 4235 ἀναστάντα

2121 4269 2348 4340 σώματα
2381 4271 2474 4322 ἐπὶ
2498 4269 2591 4322 τοῦ
2620 4269 2846 4340 Κυρίου,
2884 4272 3059 4324 έκεῖνο
3089 4269 3156 4323 ἂν
3182 4271 3450 4338 εἴποιμεν,
3486 4273 3568 4324 ὅτι
3594 4273 3689 4324 οὑκ

2116 4354 2184 4429 ἦν
2213 4359 2369 4412 τοῦτο
2399 4359 2539 4428 ὑπὲρ
2566 4360 2662 4428 τῆς
2696 4360 3043 4423 ἀναστάσεως
3077 4363 3268 4414 εἰπεῖν.
3304 4362 3376 4414 Τὸ
3415 4362 3524 4433 γάρ
3566 4363 3690 4424 τοῦς

2116 4451 2454 4512 ἀναστάντας
2479 4450 2647 4514 δεῖξαι
2669 4449 2830 4502 πάλιν
2859 4450 3322 4521 ἀποθνήσκοντας,
3346 4449 3448 4502 οὑκ
3466 4445 3536 4520 ἦν
3556 4451 3686 4502 ἀπο-

2114 4539 2419 4602 δεικνύντος
2463 4540 2545 4591 ὅτι
2571 4541 2650 4601 εἰς
2683 4539 2833 4604 τέλος
2859 4545 3212 4609 καταργεῖται
3246 4542 3274 4593 6
3309 4539 3560 4604 θάνατος.
3592 4541 3686 4591 Διά

2114 4634 2222 4702 γὰρ
2249 4632 2408 4685 τοῦτο
2446 4633 2538 4684 καὶΙ
2570 4631 2795 4702 ἔσχατον
2821 4633 2981 4686 αὑτὸν
3006 4629 3128 4686 εἰπε
3153 4631 3570 4702 καταργείσθαι,
3601 4632 3685 4684 ἵνα

2114 4727 2310 4796 μηκέτι
2331 4725 2674 4796 ὑποπτεύσῃς
2691 4725 2851 4778 αὑτὸν
2871 4725 3209 4779 ἀνίστασθαι.
3228 4725 3338 4793 Τῆς
3358 4723 3464 4794 γὰρ
3488 4726 3682 4786 κακίας

2110 4818 2516 4889 ἀναιρεθείσης,
2570 4817 2745 4887 πολλῷ
2803 4817 3004 4887 μᾶλλον
3057 4817 3084 4868 6
3119 4816 3345 4878 θάνατος
3391 4815 3675 4867 παύσεται.

2109 4911 2242 4964 Οὐδὲ
2289 4911 2397 4980 γὰρ
2432 4909 2497 4961 ἂν
2530 4907 2643 4979 ἔχοι
2686 4908 2865 4977 λόγον,
2898 4907 2998 4977 τῆς
3036 4906 3219 4976 πηγῆς
3259 4904 3676 4976 ξηραινομένης,

2107 5002 2196 5054 τὸν
2245 5000 2304 5064 ἐξ
2361 5001 2525 5068 αὑτῆς
2573 4999 2892 5052 συνεστάναι
2943 4998 3208 5066 ποταμὸν,
3244 4997 3337 5048 καὶ
3381 4995 3484 5063 τῆς
3524 4995 3678 5066 ῥίζης

2105 5093 2526 5162 ἀφανιζομένης,
2562 5092 2652 5144 τὸν
2687 5089 2896 5162 καρπὸν
2942 5091 3142 5161 μένειν.
3189 5089 3341 5142 Ἐπεὶ
3388 5084 3482 5141 οὖν
3515 5090 3572 5140 ἐν
3609 5089 3672 5156 τῇ

2104 5185 2391 5254 τελευταίᾳ
2427 5183 2606 5254 ἡμέρᾳ
2636 5183 2684 5235 οἱ
2712 5183 2898 5253 ἐχθροὶ
2938 5179 3338 5251 καταργοῦνται
3393 5177 3487 5232 τοῦ
3543 5176 3672 5232 Θεοῦ

2109 5276 2246 5345 μετά
2288 5274 2382 5328 τοῦ
2427 5272 2656 5326 θανάτου
2696 5275 2790 5326 καὶ
2820 5271 2913 5325 τοῦ
2941 5271 3187 5324 διαϐόλου
3218 5271 3311 5323 καὶ
3344 5270 3452 5321 τῶν
3485 5267 3674 5338 δαιμό-

2103 5385 2229 5431 νων,
2266 5367 2340 5436 μὴ
2372 5364 2725 5434 ἀσχάλλωμεν
2770 5364 2860 5416 ἐπὶ
2894 5367 3004 5426 τοῖς
3050 5361 3412 5432 εὐημεροῦσιν
3465 5361 3672 5431 ἐχθροῖς

2101 5459 2197 5511 τοῦ
2239 5457 2393 5512 Θεοῦ.
2433 5458 2494 5510 Οἱ
2527 5457 2634 5527 γάρ
2671 5457 2854 5527 ἐχθροὶ
2894 5456 2988 5510 τοῦ
3029 5457 3232 5525 Κυρίου
3265 5453 3380 5524 ἅμα
3411 5454 3488 5521 τῷ
3518 5452 3671 5516 δοξα-

2101 5551 2295 5620 σθῆναι
2325 5549 2522 5610 αὑτοὺς
2562 5549 2653 5600 καὶ
2692 5547 2968 5618 ὑψωθῆναι
3010 5545 3372 5608 ἐκλείποντες,
3402 5543 3535 5596 ὡσεὶ
3573 5557 3669 5595 και

2101 5645 2232 5706 πνὸς
2278 5642 2537 5708 ἐξέλιπον.
2591 5642 2758 5693 Ὅταν
2819 5640 2931 5710 ἴδῃς
2980 5640 3097 5691 τινὰ
3151 5638 3345 5708 ἐχθρόν
3402 5637 3495 5690 τοῦ
3535 5634 3664 5691 Θεδῦ
