  <div class='ocr_page' id='page_1' title='image "/cluster/home/n/w/nwhite01/storage/ocr_20150623/61/mdp.39015008622618/348.png"; bbox 0 0 4018 6156; ppageno 0'>
   <div class='ocr_carea' id='block_1_1' title="bbox 359 337 459 395">
    <p class='ocr_par' dir='ltr' id='par_1_1' title="bbox 359 337 459 395">
     <span class='ocr_line' id='line_1_1' title="bbox 359 337 459 395; baseline -0.02 0"><span class='ocrx_word' id='word_1_1' title='bbox 359 337 459 395; x_wconf 70' lang='lat' dir='ltr'><strong>5H</strong></span> 
     </span>
    </p>
   </div>
   <div class='ocr_carea' id='block_1_2' title="bbox 358 441 1937 523">
    <p class='ocr_par' dir='ltr' id='par_1_2' title="bbox 358 441 1937 523">
     <span class='ocr_line' id='line_1_2' title="bbox 358 441 1937 523; baseline -0.019 -6"><span class='ocrx_word' id='word_1_2' title='bbox 358 456 801 517; x_wconf 73' lang='lat' dir='ltr'><strong>consuetudinem</strong></span> <span class='ocrx_word' id='word_1_3' title='bbox 826 453 944 523; x_wconf 78' lang='lat' dir='ltr'><strong>lege</strong></span> <span class='ocrx_word' id='word_1_4' title='bbox 967 444 1330 510; x_wconf 89' lang='lat' dir='ltr'><strong>matrimonii;</strong></span> <span class='ocrx_word' id='word_1_5' title='bbox 1364 459 1433 499; x_wconf 90' lang='lat' dir='ltr'><strong>ue</strong></span> <span class='ocrx_word' id='word_1_6' title='bbox 1461 441 1794 497; x_wconf 72' lang='lat' dir='ltr'><strong>existimaret</strong></span> <span class='ocrx_word' id='word_1_7' title='bbox 1818 451 1937 489; x_wconf 86' lang='lat' dir='ltr'><strong>inu-</strong></span> 
     </span>
    </p>
   </div>
   <div class='ocr_carea' id='block_1_3' title="bbox 362 528 1943 618">
    <p class='ocr_par' dir='ltr' id='par_1_3' title="bbox 362 528 1943 618">
     <span class='ocr_line' id='line_1_3' title="bbox 362 528 1943 618; baseline -0.017 -13"><span class='ocrx_word' id='word_1_8' title='bbox 362 550 466 607; x_wconf 84' lang='lat' dir='ltr'><strong>lier</strong></span> <span class='ocrx_word' id='word_1_9' title='bbox 491 564 551 605; x_wconf 90' lang='lat' dir='ltr'><strong>se</strong></span> <span class='ocrx_word' id='word_1_10' title='bbox 582 546 747 618; x_wconf 81' lang='lat' dir='ltr'><strong>pollui</strong></span> <span class='ocrx_word' id='word_1_11' title='bbox 774 560 840 600; x_wconf 87' lang='lat' dir='ltr'><strong>ex</strong></span> <span class='ocrx_word' id='word_1_12' title='bbox 863 539 1149 599; x_wconf 81' lang='lat' dir='ltr'><strong>concubitu</strong></span> <span class='ocrx_word' id='word_1_13' title='bbox 1175 546 1228 593; x_wconf 91' lang='lat' dir='ltr'><strong>et</strong></span> <span class='ocrx_word' id='word_1_14' title='bbox 1248 534 1531 603; x_wconf 78' lang='lat' dir='ltr'><strong>complexu</strong></span> <span class='ocrx_word' id='word_1_15' title='bbox 1564 528 1810 592; x_wconf 81' lang='lat' dir='ltr'><strong>infidelis,</strong></span> <span class='ocrx_word' id='word_1_16' title='bbox 1836 541 1943 580; x_wconf 88' lang='lat' dir='ltr'><strong>non</strong></span> 
     </span>
    </p>
   </div>
   <div class='ocr_carea' id='block_1_4' title="bbox 361 618 1947 695">
    <p class='ocr_par' dir='ltr' id='par_1_4' title="bbox 361 618 1947 695">
     <span class='ocr_line' id='line_1_4' title="bbox 361 618 1947 695; baseline -0.015 1"><span class='ocrx_word' id='word_1_17' title='bbox 361 641 498 695; x_wconf 82' lang='lat' dir='ltr'><strong>dixit</strong></span> <span class='ocrx_word' id='word_1_18' title='bbox 520 638 798 694; x_wconf 83' lang='lat' dir='ltr'><strong>mulierem</strong></span> <span class='ocrx_word' id='word_1_19' title='bbox 824 647 943 690; x_wconf 83' lang='lat' dir='ltr'><strong>esse</strong></span> <span class='ocrx_word' id='word_1_20' title='bbox 968 628 1334 693; x_wconf 84' lang='lat' dir='ltr'><strong>immundam,</strong></span> <span class='ocrx_word' id='word_1_21' title='bbox 1367 633 1422 682; x_wconf 85' lang='lat' dir='ltr'><strong>et</strong></span> <span class='ocrx_word' id='word_1_22' title='bbox 1452 623 1585 680; x_wconf 87' lang='lat' dir='ltr'><strong>nihil</strong></span> <span class='ocrx_word' id='word_1_23' title='bbox 1625 620 1745 678; x_wconf 65' lang='grc' dir='ltr'><strong>ιωόὶ</strong></span> <span class='ocrx_word' id='word_1_24' title='bbox 1771 619 1838 673; x_wconf 89' lang='lat' dir='ltr'><strong>ab</strong></span> <span class='ocrx_word' id='word_1_25' title='bbox 1866 618 1947 673; x_wconf 83' lang='lat' dir='ltr'><strong>itt-</strong></span> 
     </span>
    </p>
   </div>
   <div class='ocr_carea' id='block_1_5' title="bbox 361 710 1943 799">
    <p class='ocr_par' dir='ltr' id='par_1_5' title="bbox 361 710 1943 799">
     <span class='ocr_line' id='line_1_5' title="bbox 361 710 1943 799; baseline -0.015 -12"><span class='ocrx_word' id='word_1_26' title='bbox 361 732 531 799; x_wconf 79' lang='lat' dir='ltr'><strong>iideli,</strong></span> <span class='ocrx_word' id='word_1_27' title='bbox 559 730 652 788; x_wconf 87' lang='lat' dir='ltr'><strong>sed</strong></span> <span class='ocrx_word' id='word_1_28' title='bbox 678 726 818 799; x_wconf 88' lang='lat' dir='ltr'><strong>quod</strong></span> <span class='ocrx_word' id='word_1_29' title='bbox 848 734 930 781; x_wconf 86' lang='lat' dir='ltr'><strong>est</strong></span> <span class='ocrx_word' id='word_1_30' title='bbox 951 723 1121 779; x_wconf 90' lang='lat' dir='ltr'><strong>multo</strong></span> <span class='ocrx_word' id='word_1_31' title='bbox 1140 720 1392 791; x_wconf 79' lang='lat' dir='ltr'><strong>amplius,</strong></span> <span class='ocrx_word' id='word_1_32' title='bbox 1419 731 1514 786; x_wconf 90' lang='lat' dir='ltr'><strong>per</strong></span> <span class='ocrx_word' id='word_1_33' title='bbox 1545 716 1716 783; x_wconf 80' lang='lat' dir='ltr'><strong>ipsam</strong></span> <span class='ocrx_word' id='word_1_34' title='bbox 1746 710 1943 766; x_wconf 87' lang='lat' dir='ltr'><strong>sancti-</strong></span> 
     </span>
    </p>
   </div>
   <div class='ocr_carea' id='block_1_6' title="bbox 370 806 1945 885">
    <p class='ocr_par' dir='ltr' id='par_1_6' title="bbox 370 806 1945 885">
     <span class='ocr_line' id='line_1_6' title="bbox 370 806 1945 885; baseline -0.014 -5"><span class='ocrx_word' id='word_1_35' title='bbox 370 824 590 880; x_wconf 83' lang='lat' dir='ltr'><strong>ficatum</strong></span> <span class='ocrx_word' id='word_1_36' title='bbox 617 836 737 877; x_wconf 87' lang='lat' dir='ltr'><strong>esse</strong></span> <span class='ocrx_word' id='word_1_37' title='bbox 765 818 1033 874; x_wconf 83' lang='lat' dir='ltr'><strong>infidelem</strong></span> <span class='ocrx_word' id='word_1_38' title='bbox 1067 816 1157 885; x_wconf 78' lang='lat' dir='ltr'><strong>(l.</strong></span> <span class='ocrx_word' id='word_1_39' title='bbox 1190 812 1311 868; x_wconf 87' lang='lat' dir='ltr'><strong>Cor.</strong></span> <span class='ocrx_word' id='word_1_40' title='bbox 1340 812 1392 866; x_wconf 83' lang='lat'><strong>7.</strong></span> <span class='ocrx_word' id='word_1_41' title='bbox 1428 811 1527 878; x_wconf 74' lang='grc'><strong>14)</strong></span> <span class='ocrx_word' id='word_1_42' title='bbox 1558 827 1572 863; x_wconf 90' lang='lat'><strong>:</strong></span> <span class='ocrx_word' id='word_1_43' title='bbox 1597 823 1703 863; x_wconf 90' lang='lat' dir='ltr'><strong>non</strong></span> <span class='ocrx_word' id='word_1_44' title='bbox 1726 806 1828 860; x_wconf 79' lang='lat' dir='ltr'><strong>lioc</strong></span> <span class='ocrx_word' id='word_1_45' title='bbox 1856 820 1945 858; x_wconf 80' lang='lat' dir='ltr'><strong>vo-</strong></span> 
     </span>
    </p>
   </div>
   <div class='ocr_carea' id='block_1_7' title="bbox 360 899 1934 979">
    <p class='ocr_par' dir='ltr' id='par_1_7' title="bbox 360 899 1934 979">
     <span class='ocr_line' id='line_1_7' title="bbox 360 899 1934 979; baseline -0.014 -9"><span class='ocrx_word' id='word_1_46' title='bbox 360 916 476 971; x_wconf 82' lang='lat' dir='ltr'><strong>lens</strong></span> <span class='ocrx_word' id='word_1_47' title='bbox 495 912 781 969; x_wconf 82' lang='lat' dir='ltr'><strong>ostendere</strong></span> <span class='ocrx_word' id='word_1_48' title='bbox 800 953 815 974; x_wconf 95' lang='lat'><strong>,</strong></span> <span class='ocrx_word' id='word_1_49' title='bbox 847 909 990 979; x_wconf 88' lang='lat' dir='ltr'><strong>quod</strong></span> <span class='ocrx_word' id='word_1_50' title='bbox 1018 907 1237 962; x_wconf 81' lang='lat' dir='ltr'><strong>Graecus</strong></span> <span class='ocrx_word' id='word_1_51' title='bbox 1288 904 1457 958; x_wconf 86' lang='lat' dir='ltr'><strong>factus</strong></span> <span class='ocrx_word' id='word_1_52' title='bbox 1486 902 1557 955; x_wconf 86' lang='lat' dir='ltr'><strong>sit</strong></span> <span class='ocrx_word' id='word_1_53' title='bbox 1585 916 1651 955; x_wconf 83' lang='lat' dir='ltr'><strong>ex</strong></span> <span class='ocrx_word' id='word_1_54' title='bbox 1685 899 1776 955; x_wconf 89' lang='lat' dir='ltr'><strong>illa</strong></span> <span class='ocrx_word' id='word_1_55' title='bbox 1807 912 1934 949; x_wconf 86' lang='lat' dir='ltr'><strong>san-</strong></span> 
     </span>
    </p>
   </div>
   <div class='ocr_carea' id='block_1_8' title="bbox 360 993 1946 1075">
    <p class='ocr_par' dir='ltr' id='par_1_8' title="bbox 360 993 1946 1075">
     <span class='ocr_line' id='line_1_8' title="bbox 360 993 1946 1075; baseline -0.012 -11"><span class='ocrx_word' id='word_1_56' title='bbox 360 1016 509 1075; x_wconf 84' lang='lat' dir='ltr'><strong>ctus,</strong></span> <span class='ocrx_word' id='word_1_57' title='bbox 541 1006 638 1063; x_wconf 89' lang='lat' dir='ltr'><strong>sed</strong></span> <span class='ocrx_word' id='word_1_58' title='bbox 667 1004 819 1059; x_wconf 84' lang='lat' dir='ltr'><strong>verbi</strong></span> <span class='ocrx_word' id='word_1_59' title='bbox 861 999 1275 1071; x_wconf 85' lang='lat' dir='ltr'><strong>exsuperatione</strong></span> <span class='ocrx_word' id='word_1_60' title='bbox 1323 995 1542 1051; x_wconf 81' lang='lat' dir='ltr'><strong>studens</strong></span> <span class='ocrx_word' id='word_1_61' title='bbox 1587 993 1704 1061; x_wconf 86' lang='lat' dir='ltr'><strong>ejus</strong></span> <span class='ocrx_word' id='word_1_62' title='bbox 1748 1000 1946 1045; x_wconf 87' lang='lat' dir='ltr'><strong>metum</strong></span> 
     </span>
    </p>
   </div>
   <div class='ocr_carea' id='block_1_9' title="bbox 360 1081 1949 1163">
    <p class='ocr_par' dir='ltr' id='par_1_9' title="bbox 360 1081 1949 1163">
     <span class='ocr_line' id='line_1_9' title="bbox 360 1081 1949 1163; baseline -0.014 -8"><span class='ocrx_word' id='word_1_63' title='bbox 360 1100 592 1155; x_wconf 86' lang='lat' dir='ltr'><strong>solvere.</strong></span> <span class='ocrx_word' id='word_1_64' title='bbox 623 1096 698 1151; x_wconf 86' lang='lat' dir='ltr'><strong>ita</strong></span> <span class='ocrx_word' id='word_1_65' title='bbox 731 1094 822 1149; x_wconf 87' lang='lat' dir='ltr'><strong>hic</strong></span> <span class='ocrx_word' id='word_1_66' title='bbox 848 1106 1062 1163; x_wconf 87' lang='lat' dir='ltr'><strong>quoque</strong></span> <span class='ocrx_word' id='word_1_67' title='bbox 1082 1130 1098 1157; x_wconf 84' lang='lat'><strong>,</strong></span> <span class='ocrx_word' id='word_1_68' title='bbox 1130 1105 1252 1145; x_wconf 90' lang='lat' dir='ltr'><strong>cum</strong></span> <span class='ocrx_word' id='word_1_69' title='bbox 1287 1086 1535 1141; x_wconf 85' lang='lat' dir='ltr'><strong>dictionis</strong></span> <span class='ocrx_word' id='word_1_70' title='bbox 1564 1084 1613 1136; x_wconf 92' lang='lat' dir='ltr'><strong>vi</strong></span> <span class='ocrx_word' id='word_1_71' title='bbox 1656 1081 1949 1136; x_wconf 64' lang='lat' dir='ltr'><strong>studuissrt</strong></span> 
     </span>
    </p>
   </div>
   <div class='ocr_carea' id='block_1_10' title="bbox 365 1169 1946 1261">
    <p class='ocr_par' dir='ltr' id='par_1_10' title="bbox 365 1169 1946 1261">
     <span class='ocr_line' id='line_1_10' title="bbox 365 1169 1946 1261; baseline -0.017 -14"><span class='ocrx_word' id='word_1_72' title='bbox 365 1190 587 1261; x_wconf 90' lang='lat' dir='ltr'><strong>impium</strong></span> <span class='ocrx_word' id='word_1_73' title='bbox 619 1186 750 1245; x_wconf 91' lang='lat' dir='ltr'><strong>illud</strong></span> <span class='ocrx_word' id='word_1_74' title='bbox 775 1186 969 1254; x_wconf 89' lang='lat' dir='ltr'><strong>dogma</strong></span> <span class='ocrx_word' id='word_1_75' title='bbox 995 1182 1183 1239; x_wconf 86' lang='lat' dir='ltr'><strong>tollere</strong></span> <span class='ocrx_word' id='word_1_76' title='bbox 1201 1220 1218 1246; x_wconf 93' lang='lat'><strong>,</strong></span> <span class='ocrx_word' id='word_1_77' title='bbox 1244 1178 1380 1238; x_wconf 85' lang='lat' dir='ltr'><strong>dixit</strong></span> <span class='ocrx_word' id='word_1_78' title='bbox 1422 1176 1473 1231; x_wconf 91' lang='lat' dir='ltr'><strong>id</strong></span> <span class='ocrx_word' id='word_1_79' title='bbox 1501 1172 1646 1244; x_wconf 87' lang='lat' dir='ltr'><strong>quod</strong></span> <span class='ocrx_word' id='word_1_80' title='bbox 1667 1171 1823 1231; x_wconf 80' lang='lat' dir='ltr'><strong>dixit.</strong></span> <span class='ocrx_word' id='word_1_81' title='bbox 1857 1169 1946 1223; x_wconf 88' lang='lat' dir='ltr'><strong>Si-</strong></span> 
     </span>
    </p>
   </div>
   <div class='ocr_carea' id='block_1_11' title="bbox 360 1266 1948 1341">
    <p class='ocr_par' dir='ltr' id='par_1_11' title="bbox 360 1266 1948 1341">
     <span class='ocr_line' id='line_1_11' title="bbox 360 1266 1948 1341; baseline -0.013 -3"><span class='ocrx_word' id='word_1_82' title='bbox 360 1290 453 1338; x_wconf 88' lang='lat' dir='ltr'><strong>cut</strong></span> <span class='ocrx_word' id='word_1_83' title='bbox 477 1281 621 1341; x_wconf 88' lang='lat' dir='ltr'><strong>enim</strong></span> <span class='ocrx_word' id='word_1_84' title='bbox 661 1276 983 1332; x_wconf 87' lang='lat' dir='ltr'><strong>imbecillem</strong></span> <span class='ocrx_word' id='word_1_85' title='bbox 1015 1272 1209 1327; x_wconf 88' lang='lat' dir='ltr'><strong>Filium</strong></span> <span class='ocrx_word' id='word_1_86' title='bbox 1248 1266 1546 1338; x_wconf 86' lang='lat' dir='ltr'><strong>suspicari,</strong></span> <span class='ocrx_word' id='word_1_87' title='bbox 1579 1271 1665 1320; x_wconf 80' lang='lat' dir='ltr'><strong>est</strong></span> <span class='ocrx_word' id='word_1_88' title='bbox 1688 1270 1948 1319; x_wconf 67' lang='lat' dir='ltr'><strong>curetum</strong></span> 
     </span>
    </p>
   </div>
   <div class='ocr_carea' id='block_1_12' title="bbox 362 1352 1950 1443">
    <p class='ocr_par' dir='ltr' id='par_1_12' title="bbox 362 1352 1950 1443">
     <span class='ocr_line' id='line_1_12' title="bbox 362 1352 1950 1443; baseline -0.016 -14"><span class='ocrx_word' id='word_1_89' title='bbox 362 1369 660 1443; x_wconf 73' lang='lat' dir='ltr'><strong>iniquitatis</strong></span> <span class='ocrx_word' id='word_1_90' title='bbox 686 1387 702 1423; x_wconf 83' lang='lat'><strong>;</strong></span> <span class='ocrx_word' id='word_1_91' title='bbox 732 1365 1079 1438; x_wconf 84' lang='lat' dir='ltr'><strong>quamobrem</strong></span> <span class='ocrx_word' id='word_1_92' title='bbox 1126 1363 1180 1418; x_wconf 91' lang='lat' dir='ltr'><strong>id</strong></span> <span class='ocrx_word' id='word_1_93' title='bbox 1218 1360 1475 1429; x_wconf 77' lang='lat' dir='ltr'><strong>corrigit,</strong></span> <span class='ocrx_word' id='word_1_94' title='bbox 1505 1356 1693 1419; x_wconf 84' lang='lat' dir='ltr'><strong>dicens</strong></span> <span class='ocrx_word' id='word_1_95' title='bbox 1713 1396 1727 1419; x_wconf 94' lang='lat'><strong>,</strong></span> <span class='ocrx_word' id='word_1_96' title='bbox 1761 1352 1950 1407; x_wconf 80' lang='lat' dir='ltr'><strong>Omnes</strong></span> 
     </span>
    </p>
   </div>
   <div class='ocr_carea' id='block_1_13' title="bbox 363 1449 1951 1529">
    <p class='ocr_par' dir='ltr' id='par_1_13' title="bbox 363 1449 1951 1529">
     <span class='ocr_line' id='line_1_13' title="bbox 363 1449 1951 1529; baseline -0.014 -9"><span class='ocrx_word' id='word_1_97' title='bbox 363 1465 602 1523; x_wconf 77' lang='lat' dir='ltr'><strong>inimicos</strong></span> <span class='ocrx_word' id='word_1_98' title='bbox 651 1475 769 1515; x_wconf 83' lang='lat' dir='ltr'><strong>suos</strong></span> <span class='ocrx_word' id='word_1_99' title='bbox 817 1466 966 1529; x_wconf 80' lang='lat' dir='ltr'><strong>ponet</strong></span> <span class='ocrx_word' id='word_1_100' title='bbox 994 1455 1085 1512; x_wconf 85' lang='lat' dir='ltr'><strong>sub</strong></span> <span class='ocrx_word' id='word_1_101' title='bbox 1115 1453 1324 1525; x_wconf 83' lang='lat' dir='ltr'><strong>pedibus</strong></span> <span class='ocrx_word' id='word_1_102' title='bbox 1363 1451 1510 1507; x_wconf 87' lang='lat' dir='ltr'><strong>suis:</strong></span> <span class='ocrx_word' id='word_1_103' title='bbox 1539 1449 1609 1502; x_wconf 91' lang='lat' dir='ltr'><strong>ita</strong></span> <span class='ocrx_word' id='word_1_104' title='bbox 1655 1460 1843 1507; x_wconf 81' lang='lat' dir='ltr'><strong>rursus</strong></span> <span class='ocrx_word' id='word_1_105' title='bbox 1866 1452 1951 1500; x_wconf 85' lang='lat' dir='ltr'><strong>est</strong></span> 
     </span>
    </p>
   </div>
   <div class='ocr_carea' id='block_1_14' title="bbox 364 1537 1951 1621">
    <p class='ocr_par' dir='ltr' id='par_1_14' title="bbox 364 1537 1951 1621">
     <span class='ocr_line' id='line_1_14' title="bbox 364 1537 1951 1621; baseline -0.012 -12"><span class='ocrx_word' id='word_1_106' title='bbox 364 1555 472 1611; x_wconf 85' lang='lat' dir='ltr'><strong>hoc</strong></span> <span class='ocrx_word' id='word_1_107' title='bbox 495 1552 665 1621; x_wconf 83' lang='lat' dir='ltr'><strong>magis</strong></span> <span class='ocrx_word' id='word_1_108' title='bbox 690 1549 908 1620; x_wconf 78' lang='lat' dir='ltr'><strong>impium</strong></span> <span class='ocrx_word' id='word_1_109' title='bbox 932 1547 1243 1605; x_wconf 82' lang='lat' dir='ltr'><strong>existimare</strong></span> <span class='ocrx_word' id='word_1_110' title='bbox 1270 1544 1483 1598; x_wconf 82' lang='lat' dir='ltr'><strong>Patrem</strong></span> <span class='ocrx_word' id='word_1_111' title='bbox 1515 1541 1607 1595; x_wconf 89' lang='lat' dir='ltr'><strong>illo</strong></span> <span class='ocrx_word' id='word_1_112' title='bbox 1628 1553 1748 1595; x_wconf 84' lang='lat' dir='ltr'><strong>esse</strong></span> <span class='ocrx_word' id='word_1_113' title='bbox 1778 1537 1951 1595; x_wconf 86' lang='lat' dir='ltr'><strong>miuo-</strong></span> 
     </span>
    </p>
   </div>
   <div class='ocr_carea' id='block_1_15' title="bbox 367 1635 1948 1710">
    <p class='ocr_par' dir='ltr' id='par_1_15' title="bbox 367 1635 1948 1710">
     <span class='ocr_line' id='line_1_15' title="bbox 367 1635 1948 1710; baseline -0.013 -9"><span class='ocrx_word' id='word_1_114' title='bbox 367 1660 504 1701; x_wconf 89' lang='lat' dir='ltr'><strong>rem.</strong></span> <span class='ocrx_word' id='word_1_115' title='bbox 535 1641 888 1710; x_wconf 78' lang='lat' dir='ltr'><strong>Quamobrem</strong></span> <span class='ocrx_word' id='word_1_116' title='bbox 917 1638 973 1695; x_wconf 90' lang='lat' dir='ltr'><strong>id</strong></span> <span class='ocrx_word' id='word_1_117' title='bbox 1000 1652 1213 1709; x_wconf 89' lang='lat' dir='ltr'><strong>quoque</strong></span> <span class='ocrx_word' id='word_1_118' title='bbox 1245 1635 1387 1692; x_wconf 91' lang='lat' dir='ltr'><strong>tollit</strong></span> <span class='ocrx_word' id='word_1_119' title='bbox 1413 1648 1537 1689; x_wconf 90' lang='lat' dir='ltr'><strong>eum</strong></span> <span class='ocrx_word' id='word_1_120' title='bbox 1564 1644 1755 1701; x_wconf 82' lang='lat' dir='ltr'><strong>magna</strong></span> <span class='ocrx_word' id='word_1_121' title='bbox 1783 1641 1948 1685; x_wconf 85' lang='lat' dir='ltr'><strong>exsu-</strong></span> 
     </span>
    </p>
   </div>
   <div class='ocr_carea' id='block_1_16' title="bbox 369 1720 1953 1810">
    <p class='ocr_par' dir='ltr' id='par_1_16' title="bbox 369 1720 1953 1810">
     <span class='ocr_line' id='line_1_16' title="bbox 369 1720 1953 1810; baseline -0.013 -19"><span class='ocrx_word' id='word_1_122' title='bbox 369 1737 669 1810; x_wconf 88' lang='lat' dir='ltr'><strong>peratione.</strong></span> <span class='ocrx_word' id='word_1_123' title='bbox 697 1732 832 1788; x_wconf 78' lang='lat' dir='ltr'><strong>Vide</strong></span> <span class='ocrx_word' id='word_1_124' title='bbox 862 1739 1040 1788; x_wconf 77' lang='lat' dir='ltr'><strong>autem</strong></span> <span class='ocrx_word' id='word_1_125' title='bbox 1068 1727 1336 1799; x_wconf 83' lang='lat' dir='ltr'><strong>quomodo</strong></span> <span class='ocrx_word' id='word_1_126' title='bbox 1365 1726 1420 1783; x_wconf 89' lang='lat' dir='ltr'><strong>id</strong></span> <span class='ocrx_word' id='word_1_127' title='bbox 1452 1733 1648 1796; x_wconf 79' lang='lat' dir='ltr'><strong>ponat:</strong></span> <span class='ocrx_word' id='word_1_128' title='bbox 1678 1737 1784 1779; x_wconf 88' lang='lat' dir='ltr'><strong>non</strong></span> <span class='ocrx_word' id='word_1_129' title='bbox 1810 1720 1953 1776; x_wconf 84' lang='lat' dir='ltr'><strong>dixit</strong></span> 
     </span>
    </p>
   </div>
   <div class='ocr_carea' id='block_1_17' title="bbox 371 1810 1951 1895">
    <p class='ocr_par' dir='ltr' id='par_1_17' title="bbox 371 1810 1951 1895">
     <span class='ocr_line' id='line_1_17' title="bbox 371 1810 1951 1895; baseline -0.013 -10"><span class='ocrx_word' id='word_1_130' title='bbox 371 1831 518 1885; x_wconf 87' lang='lat' dir='ltr'><strong>enim</strong></span> <span class='ocrx_word' id='word_1_131' title='bbox 547 1824 878 1895; x_wconf 87' lang='lat' dir='ltr'><strong>simpliciter,</strong></span> <span class='ocrx_word' id='word_1_132' title='bbox 909 1819 1104 1875; x_wconf 69' lang='lat' dir='ltr'><strong>Prister</strong></span> <span class='ocrx_word' id='word_1_133' title='bbox 1128 1816 1242 1875; x_wconf 73' lang='lat' dir='ltr'><strong>eum</strong></span> <span class='ocrx_word' id='word_1_134' title='bbox 1269 1820 1352 1887; x_wconf 87' lang='lat' dir='ltr'><strong>qui</strong></span> <span class='ocrx_word' id='word_1_135' title='bbox 1381 1816 1626 1886; x_wconf 81' lang='lat' dir='ltr'><strong>subjecit,</strong></span> <span class='ocrx_word' id='word_1_136' title='bbox 1670 1812 1764 1868; x_wconf 89' lang='lat' dir='ltr'><strong>sed</strong></span> <span class='ocrx_word' id='word_1_137' title='bbox 1801 1810 1951 1881; x_wconf 81' lang='lat' dir='ltr'><strong>adje-</strong></span> 
     </span>
    </p>
   </div>
   <div class='ocr_carea' id='block_1_18' title="bbox 373 1902 1951 1984">
    <p class='ocr_par' dir='ltr' id='par_1_18' title="bbox 373 1902 1951 1984">
     <span class='ocr_line' id='line_1_18' title="bbox 373 1902 1951 1984; baseline -0.013 -8"><span class='ocrx_word' id='word_1_138' title='bbox 373 1922 466 1984; x_wconf 87' lang='lat' dir='ltr'><strong>cit,</strong></span> <span class='ocrx_word' id='word_1_139' title='bbox 499 1919 624 1975; x_wconf 82' lang='lat' dir='ltr'><strong>Sine</strong></span> <span class='ocrx_word' id='word_1_140' title='bbox 649 1914 823 1981; x_wconf 84' lang='lat' dir='ltr'><strong>dubio,</strong></span> <span class='ocrx_word' id='word_1_141' title='bbox 846 1927 958 1967; x_wconf 89' lang='lat' dir='ltr'><strong>rem</strong></span> <span class='ocrx_word' id='word_1_142' title='bbox 986 1911 1310 1967; x_wconf 86' lang='lat' dir='ltr'><strong>conlirmans</strong></span> <span class='ocrx_word' id='word_1_143' title='bbox 1337 1918 1393 1964; x_wconf 83' lang='lat' dir='ltr'><strong>et</strong></span> <span class='ocrx_word' id='word_1_144' title='bbox 1422 1907 1689 1969; x_wconf 84' lang='lat' dir='ltr'><strong>muniens,</strong></span> <span class='ocrx_word' id='word_1_145' title='bbox 1711 1902 1951 1973; x_wconf 79' lang='lat' dir='ltr'><strong>quamvis</strong></span> 
     </span>
    </p>
   </div>
   <div class='ocr_carea' id='block_1_19' title="bbox 372 2000 1949 2080">
    <p class='ocr_par' dir='ltr' id='par_1_19' title="bbox 372 2000 1949 2080">
     <span class='ocr_line' id='line_1_19' title="bbox 372 2000 1949 2080; baseline -0.012 -14"><span class='ocrx_word' id='word_1_146' title='bbox 372 2014 438 2066; x_wconf 88' lang='lat' dir='ltr'><strong>de</strong></span> <span class='ocrx_word' id='word_1_147' title='bbox 466 2012 555 2066; x_wconf 88' lang='lat' dir='ltr'><strong>illa</strong></span> <span class='ocrx_word' id='word_1_148' title='bbox 577 2011 694 2080; x_wconf 88' lang='lat' dir='ltr'><strong>jam</strong></span> <span class='ocrx_word' id='word_1_149' title='bbox 721 2014 951 2063; x_wconf 86' lang='lat' dir='ltr'><strong>constet.</strong></span> <span class='ocrx_word' id='word_1_150' title='bbox 995 2005 1063 2060; x_wconf 87' lang='lat' dir='ltr'><strong>Et</strong></span> <span class='ocrx_word' id='word_1_151' title='bbox 1105 2011 1164 2057; x_wconf 91' lang='lat' dir='ltr'><strong>ut</strong></span> <span class='ocrx_word' id='word_1_152' title='bbox 1212 2002 1350 2057; x_wconf 85' lang='lat' dir='ltr'><strong>scias</strong></span> <span class='ocrx_word' id='word_1_153' title='bbox 1392 2000 1529 2054; x_wconf 84' lang='lat' dir='ltr'><strong>lianc</strong></span> <span class='ocrx_word' id='word_1_154' title='bbox 1573 2012 1694 2053; x_wconf 88' lang='lat' dir='ltr'><strong>esse</strong></span> <span class='ocrx_word' id='word_1_155' title='bbox 1732 2009 1949 2050; x_wconf 84' lang='lat' dir='ltr'><strong>causam</strong></span> 
     </span>
    </p>
   </div>
   <div class='ocr_carea' id='block_1_20' title="bbox 369 2087 1952 2171">
    <p class='ocr_par' dir='ltr' id='par_1_20' title="bbox 369 2087 1952 2171">
     <span class='ocr_line' id='line_1_20' title="bbox 369 2087 1952 2171; baseline -0.011 -12"><span class='ocrx_word' id='word_1_156' title='bbox 369 2118 557 2159; x_wconf 83' lang='lat' dir='ltr'><strong>eorum</strong></span> <span class='ocrx_word' id='word_1_157' title='bbox 588 2116 713 2171; x_wconf 85' lang='lat' dir='ltr'><strong>quae</strong></span> <span class='ocrx_word' id='word_1_158' title='bbox 737 2100 880 2154; x_wconf 85' lang='lat' dir='ltr'><strong>dicta</strong></span> <span class='ocrx_word' id='word_1_159' title='bbox 908 2106 1053 2163; x_wconf 88' lang='lat' dir='ltr'><strong>sunt,</strong></span> <span class='ocrx_word' id='word_1_160' title='bbox 1078 2095 1209 2151; x_wconf 91' lang='lat' dir='ltr'><strong>illud</strong></span> <span class='ocrx_word' id='word_1_161' title='bbox 1235 2110 1301 2149; x_wconf 82' lang='lat' dir='ltr'><strong>ex</strong></span> <span class='ocrx_word' id='word_1_162' title='bbox 1335 2103 1388 2146; x_wconf 87' lang='lat' dir='ltr'><strong>te</strong></span> <span class='ocrx_word' id='word_1_163' title='bbox 1415 2089 1729 2147; x_wconf 77' lang='lat' dir='ltr'><strong>sciscitabar</strong></span> <span class='ocrx_word' id='word_1_164' title='bbox 1748 2127 1764 2154; x_wconf 89' lang='lat'><strong>,</strong></span> <span class='ocrx_word' id='word_1_165' title='bbox 1796 2087 1952 2145; x_wconf 89' lang='lat' dir='ltr'><strong>Fitne</strong></span> 
     </span>
    </p>
   </div>
   <div class='ocr_carea' id='block_1_21' title="bbox 365 2180 1953 2260">
    <p class='ocr_par' dir='ltr' id='par_1_21' title="bbox 365 2180 1953 2260">
     <span class='ocr_line' id='line_1_21' title="bbox 365 2180 1953 2260; baseline -0.013 -8"><span class='ocrx_word' id='word_1_166' title='bbox 365 2204 495 2253; x_wconf 87' lang='lat' dir='ltr'><strong>tunc</strong></span> <span class='ocrx_word' id='word_1_167' title='bbox 519 2192 761 2249; x_wconf 85' lang='lat' dir='ltr'><strong>accessio</strong></span> <span class='ocrx_word' id='word_1_168' title='bbox 789 2187 1142 2260; x_wconf 79' lang='lat' dir='ltr'><strong>sulijectionis</strong></span> <span class='ocrx_word' id='word_1_169' title='bbox 1168 2183 1342 2240; x_wconf 87' lang='lat' dir='ltr'><strong>Filio?</strong></span> <span class='ocrx_word' id='word_1_170' title='bbox 1360 2197 1416 2238; x_wconf 88' lang='lat' dir='ltr'><strong>et</strong></span> <span class='ocrx_word' id='word_1_171' title='bbox 1441 2180 1713 2253; x_wconf 88' lang='lat' dir='ltr'><strong>quomodo</strong></span> <span class='ocrx_word' id='word_1_172' title='bbox 1738 2194 1846 2235; x_wconf 90' lang='lat' dir='ltr'><strong>non</strong></span> <span class='ocrx_word' id='word_1_173' title='bbox 1866 2186 1953 2235; x_wconf 85' lang='lat' dir='ltr'><strong>est</strong></span> 
     </span>
    </p>
   </div>
   <div class='ocr_carea' id='block_1_22' title="bbox 361 2268 1951 2350">
    <p class='ocr_par' dir='ltr' id='par_1_22' title="bbox 361 2268 1951 2350">
     <span class='ocr_line' id='line_1_22' title="bbox 361 2268 1951 2350; baseline -0.013 -7"><span class='ocrx_word' id='word_1_174' title='bbox 361 2284 681 2350; x_wconf 84' lang='lat' dir='ltr'><strong>absurdum,</strong></span> <span class='ocrx_word' id='word_1_175' title='bbox 712 2292 768 2341; x_wconf 90' lang='lat' dir='ltr'><strong>et</strong></span> <span class='ocrx_word' id='word_1_176' title='bbox 805 2281 915 2336; x_wconf 89' lang='lat' dir='ltr'><strong>Deo</strong></span> <span class='ocrx_word' id='word_1_177' title='bbox 944 2277 1259 2348; x_wconf 77' lang='lat' dir='ltr'><strong>indignum?</strong></span> <span class='ocrx_word' id='word_1_178' title='bbox 1284 2274 1519 2335; x_wconf 87' lang='lat' dir='ltr'><strong>maxima</strong></span> <span class='ocrx_word' id='word_1_179' title='bbox 1546 2273 1690 2329; x_wconf 87' lang='lat' dir='ltr'><strong>enim</strong></span> <span class='ocrx_word' id='word_1_180' title='bbox 1721 2279 1805 2326; x_wconf 87' lang='lat' dir='ltr'><strong>est</strong></span> <span class='ocrx_word' id='word_1_181' title='bbox 1825 2268 1951 2324; x_wconf 91' lang='lat' dir='ltr'><strong>sub-</strong></span> 
     </span>
    </p>
   </div>
   <div class='ocr_carea' id='block_1_23' title="bbox 353 2364 1949 2449">
    <p class='ocr_par' dir='ltr' id='par_1_23' title="bbox 353 2364 1949 2449">
     <span class='ocr_line' id='line_1_23' title="bbox 353 2364 1949 2449; baseline -0.011 -15"><span class='ocrx_word' id='word_1_182' title='bbox 353 2378 527 2449; x_wconf 84' lang='lat' dir='ltr'><strong>jectio</strong></span> <span class='ocrx_word' id='word_1_183' title='bbox 550 2384 608 2432; x_wconf 89' lang='lat' dir='ltr'><strong>et</strong></span> <span class='ocrx_word' id='word_1_184' title='bbox 647 2373 951 2430; x_wconf 88' lang='lat' dir='ltr'><strong>obedientia</strong></span> <span class='ocrx_word' id='word_1_185' title='bbox 974 2412 991 2438; x_wconf 91' lang='lat'><strong>,</strong></span> <span class='ocrx_word' id='word_1_186' title='bbox 1035 2369 1178 2441; x_wconf 90' lang='lat' dir='ltr'><strong>quod</strong></span> <span class='ocrx_word' id='word_1_187' title='bbox 1209 2384 1330 2424; x_wconf 89' lang='lat' dir='ltr'><strong>cum</strong></span> <span class='ocrx_word' id='word_1_188' title='bbox 1358 2368 1429 2423; x_wconf 89' lang='lat' dir='ltr'><strong>sit</strong></span> <span class='ocrx_word' id='word_1_189' title='bbox 1458 2367 1606 2423; x_wconf 87' lang='lat' dir='ltr'><strong>Deus</strong></span> <span class='ocrx_word' id='word_1_190' title='bbox 1627 2406 1644 2433; x_wconf 91' lang='lat'><strong>,</strong></span> <span class='ocrx_word' id='word_1_191' title='bbox 1669 2365 1811 2420; x_wconf 84' lang='lat' dir='ltr'><strong>servi</strong></span> <span class='ocrx_word' id='word_1_192' title='bbox 1840 2364 1949 2418; x_wconf 84' lang='lat' dir='ltr'><strong>for-</strong></span> 
     </span>
    </p>
   </div>
   <div class='ocr_carea' id='block_1_24' title="bbox 362 2454 1954 2538">
    <p class='ocr_par' dir='ltr' id='par_1_24' title="bbox 362 2454 1954 2538">
     <span class='ocr_line' id='line_1_24' title="bbox 362 2454 1954 2538; baseline -0.013 -10"><span class='ocrx_word' id='word_1_193' title='bbox 362 2486 512 2529; x_wconf 83' lang='lat' dir='ltr'><strong>tnam</strong></span> <span class='ocrx_word' id='word_1_194' title='bbox 539 2468 827 2538; x_wconf 85' lang='lat' dir='ltr'><strong>acceperit.</strong></span> <span class='ocrx_word' id='word_1_195' title='bbox 857 2463 1140 2533; x_wconf 86' lang='lat' dir='ltr'><strong>Quomodo</strong></span> <span class='ocrx_word' id='word_1_196' title='bbox 1164 2477 1294 2532; x_wconf 83' lang='lat' dir='ltr'><strong>ergo</strong></span> <span class='ocrx_word' id='word_1_197' title='bbox 1325 2470 1453 2515; x_wconf 89' lang='lat' dir='ltr'><strong>tunc</strong></span> <span class='ocrx_word' id='word_1_198' title='bbox 1477 2456 1829 2526; x_wconf 76' lang='lat' dir='ltr'><strong>subjiciatur?</strong></span> <span class='ocrx_word' id='word_1_199' title='bbox 1862 2454 1954 2509; x_wconf 83' lang='lat' dir='ltr'><strong>Vi-</strong></span> 
     </span>
    </p>
   </div>
   <div class='ocr_carea' id='block_1_25' title="bbox 355 2543 1946 2630">
    <p class='ocr_par' dir='ltr' id='par_1_25' title="bbox 355 2543 1946 2630">
     <span class='ocr_line' id='line_1_25' title="bbox 355 2543 1946 2630; baseline -0.012 -13"><span class='ocrx_word' id='word_1_200' title='bbox 355 2561 459 2617; x_wconf 88' lang='lat' dir='ltr'><strong>des</strong></span> <span class='ocrx_word' id='word_1_201' title='bbox 486 2558 628 2630; x_wconf 90' lang='lat' dir='ltr'><strong>quod</strong></span> <span class='ocrx_word' id='word_1_202' title='bbox 648 2556 936 2615; x_wconf 83' lang='lat' dir='ltr'><strong>absurdam</strong></span> <span class='ocrx_word' id='word_1_203' title='bbox 957 2555 1153 2611; x_wconf 86' lang='lat' dir='ltr'><strong>tollens</strong></span> <span class='ocrx_word' id='word_1_204' title='bbox 1172 2551 1533 2619; x_wconf 88' lang='lat' dir='ltr'><strong>suspicionem</strong></span> <span class='ocrx_word' id='word_1_205' title='bbox 1556 2546 1659 2602; x_wconf 87' lang='lat' dir='ltr'><strong>hoc</strong></span> <span class='ocrx_word' id='word_1_206' title='bbox 1686 2543 1946 2615; x_wconf 83' lang='lat' dir='ltr'><strong>posuerit,</strong></span> 
     </span>
    </p>
   </div>
   <div class='ocr_carea' id='block_1_26' title="bbox 355 2635 1951 2722">
    <p class='ocr_par' dir='ltr' id='par_1_26' title="bbox 355 2635 1951 2722">
     <span class='ocr_line' id='line_1_26' title="bbox 355 2635 1951 2722; baseline -0.012 -13"><span class='ocrx_word' id='word_1_207' title='bbox 355 2654 524 2722; x_wconf 88' lang='lat' dir='ltr'><strong>idque</strong></span> <span class='ocrx_word' id='word_1_208' title='bbox 560 2665 684 2706; x_wconf 89' lang='lat' dir='ltr'><strong>cum</strong></span> <span class='ocrx_word' id='word_1_209' title='bbox 732 2664 799 2704; x_wconf 90' lang='lat' dir='ltr'><strong>eo</strong></span> <span class='ocrx_word' id='word_1_210' title='bbox 841 2661 948 2718; x_wconf 86' lang='lat' dir='ltr'><strong>quo</strong></span> <span class='ocrx_word' id='word_1_211' title='bbox 991 2660 1086 2715; x_wconf 89' lang='lat' dir='ltr'><strong>par</strong></span> <span class='ocrx_word' id='word_1_212' title='bbox 1115 2651 1200 2701; x_wconf 88' lang='lat' dir='ltr'><strong>est</strong></span> <span class='ocrx_word' id='word_1_213' title='bbox 1239 2640 1442 2697; x_wconf 77' lang='lat' dir='ltr'><strong>sensu?</strong></span> <span class='ocrx_word' id='word_1_214' title='bbox 1491 2637 1626 2694; x_wconf 89' lang='lat' dir='ltr'><strong>Nam</strong></span> <span class='ocrx_word' id='word_1_215' title='bbox 1670 2646 1728 2691; x_wconf 91' lang='lat' dir='ltr'><strong>ut</strong></span> <span class='ocrx_word' id='word_1_216' title='bbox 1758 2635 1951 2690; x_wconf 85' lang='lat' dir='ltr'><strong>Filium</strong></span> 
     </span>
    </p>
   </div>
   <div class='ocr_carea' id='block_1_27' title="bbox 353 2725 1952 2805">
    <p class='ocr_par' dir='ltr' id='par_1_27' title="bbox 353 2725 1952 2805">
     <span class='ocr_line' id='line_1_27' title="bbox 353 2725 1952 2805; baseline -0.01 -6"><span class='ocrx_word' id='word_1_217' title='bbox 353 2743 521 2799; x_wconf 89' lang='lat' dir='ltr'><strong>decet</strong></span> <span class='ocrx_word' id='word_1_218' title='bbox 550 2749 607 2796; x_wconf 91' lang='lat' dir='ltr'><strong>et</strong></span> <span class='ocrx_word' id='word_1_219' title='bbox 634 2741 801 2795; x_wconf 92' lang='lat' dir='ltr'><strong>Deum</strong></span> <span class='ocrx_word' id='word_1_220' title='bbox 823 2779 839 2805; x_wconf 90' lang='lat'><strong>,</strong></span> <span class='ocrx_word' id='word_1_221' title='bbox 869 2738 949 2793; x_wconf 88' lang='lat' dir='ltr'><strong>sic</strong></span> <span class='ocrx_word' id='word_1_222' title='bbox 978 2735 1189 2801; x_wconf 88' lang='lat' dir='ltr'><strong>obedit,</strong></span> <span class='ocrx_word' id='word_1_223' title='bbox 1233 2748 1342 2789; x_wconf 89' lang='lat' dir='ltr'><strong>non</strong></span> <span class='ocrx_word' id='word_1_224' title='bbox 1382 2744 1533 2786; x_wconf 86' lang='lat' dir='ltr'><strong>more</strong></span> <span class='ocrx_word' id='word_1_225' title='bbox 1559 2728 1824 2794; x_wconf 86' lang='lat' dir='ltr'><strong>humano,</strong></span> <span class='ocrx_word' id='word_1_226' title='bbox 1856 2725 1952 2783; x_wconf 81' lang='lat' dir='ltr'><strong>sed</strong></span> 
     </span>
    </p>
   </div>
   <div class='ocr_carea' id='block_1_28' title="bbox 354 2819 1951 2904">
    <p class='ocr_par' dir='ltr' id='par_1_28' title="bbox 354 2819 1951 2904">
     <span class='ocr_line' id='line_1_28' title="bbox 354 2819 1951 2904; baseline -0.011 -14"><span class='ocrx_word' id='word_1_227' title='bbox 354 2836 531 2891; x_wconf 88' lang='lat' dir='ltr'><strong>libere</strong></span> <span class='ocrx_word' id='word_1_228' title='bbox 546 2848 607 2888; x_wconf 83' lang='lat' dir='ltr'><strong>se</strong></span> <span class='ocrx_word' id='word_1_229' title='bbox 626 2846 821 2904; x_wconf 89' lang='lat' dir='ltr'><strong>gerens</strong></span> <span class='ocrx_word' id='word_1_230' title='bbox 838 2840 893 2885; x_wconf 90' lang='lat' dir='ltr'><strong>et</strong></span> <span class='ocrx_word' id='word_1_231' title='bbox 907 2842 1122 2884; x_wconf 90' lang='lat' dir='ltr'><strong>omnem</strong></span> <span class='ocrx_word' id='word_1_232' title='bbox 1159 2825 1361 2883; x_wconf 86' lang='lat' dir='ltr'><strong>habens</strong></span> <span class='ocrx_word' id='word_1_233' title='bbox 1378 2830 1718 2893; x_wconf 80' lang='lat' dir='ltr'><strong>potestatem.</strong></span> <span class='ocrx_word' id='word_1_234' title='bbox 1740 2819 1951 2888; x_wconf 80' lang='lat' dir='ltr'><strong>Alioqui</strong></span> 
     </span>
    </p>
   </div>
   <div class='ocr_carea' id='block_1_29' title="bbox 353 2913 1952 2997">
    <p class='ocr_par' dir='ltr' id='par_1_29' title="bbox 353 2913 1952 2997">
     <span class='ocr_line' id='line_1_29' title="bbox 353 2913 1952 2997; baseline -0.009 -15"><span class='ocrx_word' id='word_1_235' title='bbox 353 2926 635 2997; x_wconf 90' lang='lat' dir='ltr'><strong>quomodo</strong></span> <span class='ocrx_word' id='word_1_236' title='bbox 685 2932 768 2978; x_wconf 85' lang='lat' dir='ltr'><strong>est</strong></span> <span class='ocrx_word' id='word_1_237' title='bbox 811 2918 1132 2977; x_wconf 75' lang='lat' dir='ltr'><strong>consessor?</strong></span> <span class='ocrx_word' id='word_1_238' title='bbox 1158 2915 1428 2988; x_wconf 89' lang='lat' dir='ltr'><strong>quomodo</strong></span> <span class='ocrx_word' id='word_1_239' title='bbox 1468 2914 1606 2971; x_wconf 85' lang='lat' dir='ltr'><strong>sicut</strong></span> <span class='ocrx_word' id='word_1_240' title='bbox 1634 2913 1827 2979; x_wconf 86' lang='lat' dir='ltr'><strong>Pater,</strong></span> <span class='ocrx_word' id='word_1_241' title='bbox 1871 2913 1952 2971; x_wconf 87' lang='lat' dir='ltr'><strong>sic</strong></span> 
     </span>
    </p>
   </div>
   <div class='ocr_carea' id='block_1_30' title="bbox 354 3002 1952 3090">
    <p class='ocr_par' dir='ltr' id='par_1_30' title="bbox 354 3002 1952 3090">
     <span class='ocr_line' id='line_1_30' title="bbox 354 3002 1952 3090; baseline -0.011 -17"><span class='ocrx_word' id='word_1_242' title='bbox 354 3018 479 3090; x_wconf 87' lang='lat' dir='ltr'><strong>ipse</strong></span> <span class='ocrx_word' id='word_1_243' title='bbox 499 3030 711 3086; x_wconf 89' lang='lat' dir='ltr'><strong>quoque</strong></span> <span class='ocrx_word' id='word_1_244' title='bbox 730 3027 864 3084; x_wconf 88' lang='lat' dir='ltr'><strong>quos</strong></span> <span class='ocrx_word' id='word_1_245' title='bbox 881 3009 996 3067; x_wconf 88' lang='lat' dir='ltr'><strong>vult</strong></span> <span class='ocrx_word' id='word_1_246' title='bbox 1014 3009 1235 3065; x_wconf 88' lang='lat' dir='ltr'><strong>suscitat</strong></span> <span class='ocrx_word' id='word_1_247' title='bbox 1251 3007 1432 3081; x_wconf 82' lang='lat' dir='ltr'><strong>(Joan.</strong></span> <span class='ocrx_word' id='word_1_248' title='bbox 1455 3006 1509 3063; x_wconf 84' lang='lat'><strong>5.</strong></span> <span class='ocrx_word' id='word_1_249' title='bbox 1532 3003 1624 3076; x_wconf 75' lang='grc'><strong>21)</strong></span> <span class='ocrx_word' id='word_1_250' title='bbox 1640 3004 1664 3057; x_wconf 80' lang='lat' dir='ltr'><strong>‘l</strong></span> <span class='ocrx_word' id='word_1_251' title='bbox 1681 3002 1952 3074; x_wconf 82' lang='lat' dir='ltr'><strong>quomodo</strong></span> 
     </span>
    </p>
   </div>
   <div class='ocr_carea' id='block_1_31' title="bbox 352 3096 1948 3183">
    <p class='ocr_par' dir='ltr' id='par_1_31' title="bbox 352 3096 1948 3183">
     <span class='ocr_line' id='line_1_31' title="bbox 352 3096 1948 3183; baseline -0.013 -13"><span class='ocrx_word' id='word_1_252' title='bbox 352 3128 485 3183; x_wconf 61' lang='lat' dir='ltr'><strong>qua</strong></span> <span class='ocrx_word' id='word_1_253' title='bbox 509 3118 638 3167; x_wconf 88' lang='lat' dir='ltr'><strong>sunt</strong></span> <span class='ocrx_word' id='word_1_254' title='bbox 664 3106 863 3171; x_wconf 83' lang='lat' dir='ltr'><strong>Patris,</strong></span> <span class='ocrx_word' id='word_1_255' title='bbox 895 3111 1022 3163; x_wconf 87' lang='lat' dir='ltr'><strong>sunt</strong></span> <span class='ocrx_word' id='word_1_256' title='bbox 1045 3102 1161 3173; x_wconf 90' lang='lat' dir='ltr'><strong>ejus</strong></span> <span class='ocrx_word' id='word_1_257' title='bbox 1179 3102 1393 3164; x_wconf 86' lang='lat' dir='ltr'><strong>omnia;</strong></span> <span class='ocrx_word' id='word_1_258' title='bbox 1419 3109 1473 3154; x_wconf 90' lang='lat' dir='ltr'><strong>et</strong></span> <span class='ocrx_word' id='word_1_259' title='bbox 1512 3113 1633 3168; x_wconf 80' lang='lat' dir='ltr'><strong>quae</strong></span> <span class='ocrx_word' id='word_1_260' title='bbox 1659 3096 1776 3169; x_wconf 88' lang='lat' dir='ltr'><strong>ejus</strong></span> <span class='ocrx_word' id='word_1_261' title='bbox 1794 3104 1948 3161; x_wconf 90' lang='lat' dir='ltr'><strong>sunt,</strong></span> 
     </span>
    </p>
   </div>
   <div class='ocr_carea' id='block_1_32' title="bbox 355 3188 1954 3272">
    <p class='ocr_par' dir='ltr' id='par_1_32' title="bbox 355 3188 1954 3272">
     <span class='ocr_line' id='line_1_32' title="bbox 355 3188 1954 3272; baseline -0.011 -12"><span class='ocrx_word' id='word_1_262' title='bbox 355 3204 539 3259; x_wconf 85' lang='lat' dir='ltr'><strong>Patris</strong></span> <span class='ocrx_word' id='word_1_263' title='bbox 577 3199 781 3272; x_wconf 83' lang='lat' dir='ltr'><strong>(Joau.</strong></span> <span class='ocrx_word' id='word_1_264' title='bbox 839 3197 927 3252; x_wconf 80' lang='lat' dir='ltr'><strong>l7.</strong></span> <span class='ocrx_word' id='word_1_265' title='bbox 980 3191 1128 3267; x_wconf 70' lang='lat'><strong>10)?</strong></span> <span class='ocrx_word' id='word_1_266' title='bbox 1172 3193 1299 3248; x_wconf 71' lang='lat' dir='ltr'><strong>Haec</strong></span> <span class='ocrx_word' id='word_1_267' title='bbox 1346 3191 1490 3245; x_wconf 87' lang='lat' dir='ltr'><strong>enim</strong></span> <span class='ocrx_word' id='word_1_268' title='bbox 1520 3190 1675 3246; x_wconf 88' lang='lat' dir='ltr'><strong>nobis</strong></span> <span class='ocrx_word' id='word_1_269' title='bbox 1717 3188 1954 3247; x_wconf 87' lang='lat' dir='ltr'><strong>indicant</strong></span> 
     </span>
    </p>
   </div>
   <div class='ocr_carea' id='block_1_33' title="bbox 355 3282 1949 3360">
    <p class='ocr_par' dir='ltr' id='par_1_33' title="bbox 355 3282 1949 3360">
     <span class='ocr_line' id='line_1_33' title="bbox 355 3282 1949 3360; baseline -0.013 -7"><span class='ocrx_word' id='word_1_270' title='bbox 355 3304 611 3353; x_wconf 81' lang='lat' dir='ltr'><strong>exactam</strong></span> <span class='ocrx_word' id='word_1_271' title='bbox 660 3302 715 3346; x_wconf 86' lang='lat' dir='ltr'><strong>et</strong></span> <span class='ocrx_word' id='word_1_272' title='bbox 760 3288 1048 3360; x_wconf 84' lang='lat' dir='ltr'><strong>perfectam</strong></span> <span class='ocrx_word' id='word_1_273' title='bbox 1090 3285 1208 3355; x_wconf 89' lang='lat' dir='ltr'><strong>ejus</strong></span> <span class='ocrx_word' id='word_1_274' title='bbox 1251 3298 1375 3338; x_wconf 90' lang='lat' dir='ltr'><strong>eum</strong></span> <span class='ocrx_word' id='word_1_275' title='bbox 1404 3282 1564 3337; x_wconf 87' lang='lat' dir='ltr'><strong>Patre</strong></span> <span class='ocrx_word' id='word_1_276' title='bbox 1609 3288 1949 3350; x_wconf 85' lang='lat' dir='ltr'><strong>potestatem.</strong></span> 
     </span>
    </p>
   </div>
   <div class='ocr_carea' id='block_1_34' title="bbox 355 3372 1951 3455">
    <p class='ocr_par' dir='ltr' id='par_1_34' title="bbox 355 3372 1951 3455">
     <span class='ocr_line' id='line_1_34' title="bbox 355 3372 1951 3455; baseline -0.011 -14"><span class='ocrx_word' id='word_1_277' title='bbox 355 3386 505 3455; x_wconf 79' lang='lat' dir='ltr'><strong>Quid</strong></span> <span class='ocrx_word' id='word_1_278' title='bbox 533 3393 617 3443; x_wconf 87' lang='lat' dir='ltr'><strong>est</strong></span> <span class='ocrx_word' id='word_1_279' title='bbox 641 3391 820 3443; x_wconf 86' lang='lat' dir='ltr'><strong>autem</strong></span> <span class='ocrx_word' id='word_1_280' title='bbox 843 3418 860 3445; x_wconf 85' lang='lat'><strong>,</strong></span> <span class='ocrx_word' id='word_1_281' title='bbox 889 3376 1107 3443; x_wconf 82' lang='lat' dir='ltr'><strong>Quando</strong></span> <span class='ocrx_word' id='word_1_282' title='bbox 1135 3374 1398 3431; x_wconf 80' lang='lat' dir='ltr'><strong>tradiderit</strong></span> <span class='ocrx_word' id='word_1_283' title='bbox 1426 3372 1676 3444; x_wconf 78' lang='lat' dir='ltr'><strong>regnum?</strong></span> <span class='ocrx_word' id='word_1_284' title='bbox 1721 3372 1837 3425; x_wconf 87' lang='lat' dir='ltr'><strong>Duo</strong></span> <span class='ocrx_word' id='word_1_285' title='bbox 1860 3385 1951 3424; x_wconf 87' lang='lat' dir='ltr'><strong>re-</strong></span> 
     </span>
    </p>
   </div>
   <div class='ocr_carea' id='block_1_35' title="bbox 358 3462 1952 3549">
    <p class='ocr_par' dir='ltr' id='par_1_35' title="bbox 358 3462 1952 3549">
     <span class='ocr_line' id='line_1_35' title="bbox 358 3462 1952 3549; baseline -0.013 -16"><span class='ocrx_word' id='word_1_286' title='bbox 358 3494 473 3549; x_wconf 87' lang='lat' dir='ltr'><strong>gna</strong></span> <span class='ocrx_word' id='word_1_287' title='bbox 524 3477 615 3530; x_wconf 86' lang='lat' dir='ltr'><strong>Dei</strong></span> <span class='ocrx_word' id='word_1_288' title='bbox 644 3475 791 3531; x_wconf 88' lang='lat' dir='ltr'><strong>novit</strong></span> <span class='ocrx_word' id='word_1_289' title='bbox 829 3471 1101 3540; x_wconf 88' lang='lat' dir='ltr'><strong>Scriptura</strong></span> <span class='ocrx_word' id='word_1_290' title='bbox 1129 3485 1142 3520; x_wconf 93' lang='lat'><strong>:</strong></span> <span class='ocrx_word' id='word_1_291' title='bbox 1174 3482 1338 3523; x_wconf 90' lang='lat' dir='ltr'><strong>unum</strong></span> <span class='ocrx_word' id='word_1_292' title='bbox 1390 3464 1606 3536; x_wconf 88' lang='lat' dir='ltr'><strong>quidem</strong></span> <span class='ocrx_word' id='word_1_293' title='bbox 1634 3479 1699 3518; x_wconf 86' lang='lat' dir='ltr'><strong>ex</strong></span> <span class='ocrx_word' id='word_1_294' title='bbox 1730 3462 1952 3532; x_wconf 84' lang='lat' dir='ltr'><strong>conjun-</strong></span> 
     </span>
    </p>
   </div>
   <div class='ocr_carea' id='block_1_36' title="bbox 359 3551 1949 3634">
    <p class='ocr_par' dir='ltr' id='par_1_36' title="bbox 359 3551 1949 3634">
     <span class='ocr_line' id='line_1_36' title="bbox 359 3551 1949 3634; baseline -0.011 -12"><span class='ocrx_word' id='word_1_295' title='bbox 359 3569 551 3623; x_wconf 87' lang='lat' dir='ltr'><strong>ctione</strong></span> <span class='ocrx_word' id='word_1_296' title='bbox 572 3579 669 3619; x_wconf 89' lang='lat' dir='ltr'><strong>seu</strong></span> <span class='ocrx_word' id='word_1_297' title='bbox 696 3562 1037 3634; x_wconf 87' lang='lat' dir='ltr'><strong>proprietate,</strong></span> <span class='ocrx_word' id='word_1_298' title='bbox 1071 3558 1298 3613; x_wconf 88' lang='lat' dir='ltr'><strong>alterum</strong></span> <span class='ocrx_word' id='word_1_299' title='bbox 1327 3572 1392 3612; x_wconf 80' lang='lat' dir='ltr'><strong>ex</strong></span> <span class='ocrx_word' id='word_1_300' title='bbox 1419 3555 1711 3611; x_wconf 88' lang='lat' dir='ltr'><strong>creatione.</strong></span> <span class='ocrx_word' id='word_1_301' title='bbox 1742 3551 1875 3607; x_wconf 85' lang='lat' dir='ltr'><strong>Nam</strong></span> <span class='ocrx_word' id='word_1_302' title='bbox 1898 3551 1949 3606; x_wconf 90' lang='lat' dir='ltr'><strong>in</strong></span> 
     </span>
    </p>
   </div>
   <div class='ocr_carea' id='block_1_37' title="bbox 358 3643 1949 3725">
    <p class='ocr_par' dir='ltr' id='par_1_37' title="bbox 358 3643 1949 3725">
     <span class='ocr_line' id='line_1_37' title="bbox 358 3643 1949 3725; baseline -0.011 -11"><span class='ocrx_word' id='word_1_303' title='bbox 358 3670 562 3719; x_wconf 85' lang='lat' dir='ltr'><strong>omnes</strong></span> <span class='ocrx_word' id='word_1_304' title='bbox 598 3653 813 3725; x_wconf 87' lang='lat' dir='ltr'><strong>quidem</strong></span> <span class='ocrx_word' id='word_1_305' title='bbox 853 3666 1074 3723; x_wconf 80' lang='lat' dir='ltr'><strong>regnum</strong></span> <span class='ocrx_word' id='word_1_306' title='bbox 1107 3649 1357 3714; x_wconf 84' lang='lat' dir='ltr'><strong>,obtinet,</strong></span> <span class='ocrx_word' id='word_1_307' title='bbox 1407 3645 1627 3701; x_wconf 82' lang='lat' dir='ltr'><strong>Graecos</strong></span> <span class='ocrx_word' id='word_1_308' title='bbox 1649 3685 1665 3709; x_wconf 93' lang='lat'><strong>,</strong></span> <span class='ocrx_word' id='word_1_309' title='bbox 1696 3643 1949 3708; x_wconf 68' lang='lat' dir='ltr'><strong>indutos,</strong></span> 
     </span>
    </p>
   </div>
   <div class='ocr_carea' id='block_1_38' title="bbox 356 3736 1951 3811">
    <p class='ocr_par' dir='ltr' id='par_1_38' title="bbox 356 3736 1951 3811">
     <span class='ocr_line' id='line_1_38' title="bbox 356 3736 1951 3811; baseline -0.013 -4"><span class='ocrx_word' id='word_1_310' title='bbox 356 3750 682 3811; x_wconf 83' lang='lat' dir='ltr'><strong>daemones,</strong></span> <span class='ocrx_word' id='word_1_311' title='bbox 717 3742 1055 3799; x_wconf 80' lang='lat' dir='ltr'><strong>adversarios</strong></span> <span class='ocrx_word' id='word_1_312' title='bbox 1076 3780 1092 3807; x_wconf 93' lang='lat'><strong>,</strong></span> <span class='ocrx_word' id='word_1_313' title='bbox 1119 3739 1329 3794; x_wconf 86' lang='lat' dir='ltr'><strong>ratione</strong></span> <span class='ocrx_word' id='word_1_314' title='bbox 1369 3736 1694 3800; x_wconf 88' lang='lat' dir='ltr'><strong>ereationis;</strong></span> <span class='ocrx_word' id='word_1_315' title='bbox 1729 3748 1951 3804; x_wconf 89' lang='lat' dir='ltr'><strong>regnum</strong></span> 
     </span>
    </p>
   </div>
   <div class='ocr_carea' id='block_1_39' title="bbox 355 3828 1950 3901">
    <p class='ocr_par' dir='ltr' id='par_1_39' title="bbox 355 3828 1950 3901">
     <span class='ocr_line' id='line_1_39' title="bbox 355 3828 1950 3901; baseline -0.012 -3"><span class='ocrx_word' id='word_1_316' title='bbox 355 3855 549 3901; x_wconf 86' lang='lat' dir='ltr'><strong>autem</strong></span> <span class='ocrx_word' id='word_1_317' title='bbox 577 3840 788 3899; x_wconf 78' lang='lat' dir='ltr'><strong>obtinet</strong></span> <span class='ocrx_word' id='word_1_318' title='bbox 811 3840 862 3892; x_wconf 91' lang='lat' dir='ltr'><strong>in</strong></span> <span class='ocrx_word' id='word_1_319' title='bbox 899 3836 1089 3891; x_wconf 78' lang='lat' dir='ltr'><strong>ﬁdeles</strong></span> <span class='ocrx_word' id='word_1_320' title='bbox 1111 3843 1166 3889; x_wconf 91' lang='lat' dir='ltr'><strong>et</strong></span> <span class='ocrx_word' id='word_1_321' title='bbox 1193 3831 1526 3887; x_wconf 88' lang='lat' dir='ltr'><strong>voluntarios</strong></span> <span class='ocrx_word' id='word_1_322' title='bbox 1565 3838 1621 3883; x_wconf 89' lang='lat' dir='ltr'><strong>et</strong></span> <span class='ocrx_word' id='word_1_323' title='bbox 1655 3828 1950 3897; x_wconf 86' lang='lat' dir='ltr'><strong>subjectos,</strong></span> 
     </span>
    </p>
   </div>
   <div class='ocr_carea' id='block_1_40' title="bbox 356 3919 1954 4003">
    <p class='ocr_par' dir='ltr' id='par_1_40' title="bbox 356 3919 1954 4003">
     <span class='ocr_line' id='line_1_40' title="bbox 356 3919 1954 4003; baseline -0.014 -8"><span class='ocrx_word' id='word_1_324' title='bbox 356 3940 578 3994; x_wconf 85' lang='lat' dir='ltr'><strong>ratione</strong></span> <span class='ocrx_word' id='word_1_325' title='bbox 603 3930 1018 4003; x_wconf 87' lang='lat' dir='ltr'><strong>conjunctionis.</strong></span> <span class='ocrx_word' id='word_1_326' title='bbox 1048 3928 1159 3983; x_wconf 82' lang='lat' dir='ltr'><strong>Hoc</strong></span> <span class='ocrx_word' id='word_1_327' title='bbox 1186 3940 1412 3996; x_wconf 85' lang='lat' dir='ltr'><strong>regnum</strong></span> <span class='ocrx_word' id='word_1_328' title='bbox 1443 3923 1639 3979; x_wconf 89' lang='lat' dir='ltr'><strong>dicitur</strong></span> <span class='ocrx_word' id='word_1_329' title='bbox 1664 3921 1827 3979; x_wconf 88' lang='lat' dir='ltr'><strong>etiam</strong></span> <span class='ocrx_word' id='word_1_330' title='bbox 1855 3919 1954 3973; x_wconf 85' lang='lat' dir='ltr'><strong>ha-</strong></span> 
     </span>
    </p>
   </div>
   <div class='ocr_carea' id='block_1_41' title="bbox 351 4010 1954 4096">
    <p class='ocr_par' dir='ltr' id='par_1_41' title="bbox 351 4010 1954 4096">
     <span class='ocr_line' id='line_1_41' title="bbox 351 4010 1954 4096; baseline -0.012 -11"><span class='ocrx_word' id='word_1_331' title='bbox 351 4030 497 4095; x_wconf 79' lang='lat' dir='ltr'><strong>bere</strong></span> <span class='ocrx_word' id='word_1_332' title='bbox 526 4027 810 4096; x_wconf 87' lang='lat' dir='ltr'><strong>imperium</strong></span> <span class='ocrx_word' id='word_1_333' title='bbox 843 4038 859 4075; x_wconf 88' lang='lat'><strong>:</strong></span> <span class='ocrx_word' id='word_1_334' title='bbox 891 4021 961 4077; x_wconf 91' lang='lat' dir='ltr'><strong>de</strong></span> <span class='ocrx_word' id='word_1_335' title='bbox 1002 4035 1068 4075; x_wconf 90' lang='lat' dir='ltr'><strong>eo</strong></span> <span class='ocrx_word' id='word_1_336' title='bbox 1097 4019 1239 4076; x_wconf 89' lang='lat' dir='ltr'><strong>enim</strong></span> <span class='ocrx_word' id='word_1_337' title='bbox 1267 4018 1399 4072; x_wconf 90' lang='lat' dir='ltr'><strong>dicit</strong></span> <span class='ocrx_word' id='word_1_338' title='bbox 1424 4016 1589 4070; x_wconf 86' lang='lat' dir='ltr'><strong>etiam</strong></span> <span class='ocrx_word' id='word_1_339' title='bbox 1619 4014 1669 4068; x_wconf 88' lang='lat' dir='ltr'><strong>in</strong></span> <span class='ocrx_word' id='word_1_340' title='bbox 1712 4010 1954 4071; x_wconf 87' lang='lat' dir='ltr'><strong>secundo</strong></span> 
     </span>
    </p>
   </div>
   <div class='ocr_carea' id='block_1_42' title="bbox 358 4104 1954 4182">
    <p class='ocr_par' dir='ltr' id='par_1_42' title="bbox 358 4104 1954 4182">
     <span class='ocr_line' id='line_1_42' title="bbox 358 4104 1954 4182; baseline -0.016 -4"><span class='ocrx_word' id='word_1_341' title='bbox 358 4120 606 4182; x_wconf 81' lang='lat' dir='ltr'><strong>Psalmo,</strong></span> <span class='ocrx_word' id='word_1_342' title='bbox 641 4113 857 4169; x_wconf 75' lang='lat' dir='ltr'><strong>Postilla</strong></span> <span class='ocrx_word' id='word_1_343' title='bbox 881 4129 915 4166; x_wconf 88' lang='lat' dir='ltr'><strong>a</strong></span> <span class='ocrx_word' id='word_1_344' title='bbox 948 4126 1048 4175; x_wconf 82' lang='lat' dir='ltr'><strong>me,</strong></span> <span class='ocrx_word' id='word_1_345' title='bbox 1079 4118 1125 4163; x_wconf 85' lang='lat' dir='ltr'><strong>et</strong></span> <span class='ocrx_word' id='word_1_346' title='bbox 1150 4107 1279 4163; x_wconf 83' lang='lat' dir='ltr'><strong>dabo</strong></span> <span class='ocrx_word' id='word_1_347' title='bbox 1304 4107 1392 4160; x_wconf 83' lang='lat' dir='ltr'><strong>tibi</strong></span> <span class='ocrx_word' id='word_1_348' title='bbox 1421 4115 1590 4176; x_wconf 81' lang='lat' dir='ltr'><strong>gentes</strong></span> <span class='ocrx_word' id='word_1_349' title='bbox 1613 4104 1954 4158; x_wconf 72' lang='lat' dir='ltr'><strong>hwreditatem</strong></span> 
     </span>
    </p>
   </div>
   <div class='ocr_carea' id='block_1_43' title="bbox 358 4195 1948 4279">
    <p class='ocr_par' dir='ltr' id='par_1_43' title="bbox 358 4195 1948 4279">
     <span class='ocr_line' id='line_1_43' title="bbox 358 4195 1948 4279; baseline -0.009 -14"><span class='ocrx_word' id='word_1_350' title='bbox 358 4222 505 4266; x_wconf 86' lang='lat' dir='ltr'><strong>tuam</strong></span> <span class='ocrx_word' id='word_1_351' title='bbox 533 4206 709 4279; x_wconf 85' lang='lat' dir='ltr'><strong>(Psal.</strong></span> <span class='ocrx_word' id='word_1_352' title='bbox 735 4205 792 4260; x_wconf 73' lang='lat'><strong>2.</strong></span> <span class='ocrx_word' id='word_1_353' title='bbox 822 4204 879 4273; x_wconf 88' lang='lat'><strong>8)</strong></span> <span class='ocrx_word' id='word_1_354' title='bbox 909 4221 923 4258; x_wconf 87' lang='lat'><strong>:</strong></span> <span class='ocrx_word' id='word_1_355' title='bbox 951 4201 1019 4257; x_wconf 91' lang='lat' dir='ltr'><strong>de</strong></span> <span class='ocrx_word' id='word_1_356' title='bbox 1044 4214 1111 4259; x_wconf 86' lang='lat' dir='ltr'><strong>eo</strong></span> <span class='ocrx_word' id='word_1_357' title='bbox 1138 4200 1299 4255; x_wconf 89' lang='lat' dir='ltr'><strong>etiam</strong></span> <span class='ocrx_word' id='word_1_358' title='bbox 1332 4199 1447 4269; x_wconf 88' lang='lat' dir='ltr'><strong>ipse</strong></span> <span class='ocrx_word' id='word_1_359' title='bbox 1472 4197 1609 4250; x_wconf 86' lang='lat' dir='ltr'><strong>dixit</strong></span> <span class='ocrx_word' id='word_1_360' title='bbox 1631 4195 1908 4265; x_wconf 83' lang='lat' dir='ltr'><strong>discipulis</strong></span> <span class='ocrx_word' id='word_1_361' title='bbox 1932 4234 1948 4259; x_wconf 89' lang='lat'><strong>,</strong></span> 
     </span>
    </p>
   </div>
   <div class='ocr_carea' id='block_1_44' title="bbox 358 4285 1951 4363">
    <p class='ocr_par' dir='ltr' id='par_1_44' title="bbox 358 4285 1951 4363">
     <span class='ocr_line' id='line_1_44' title="bbox 358 4285 1951 4363; baseline -0.014 -4"><span class='ocrx_word' id='word_1_362' title='bbox 358 4303 505 4359; x_wconf 87' lang='lat' dir='ltr'><strong>Data</strong></span> <span class='ocrx_word' id='word_1_363' title='bbox 541 4309 619 4355; x_wconf 86' lang='lat' dir='ltr'><strong>est</strong></span> <span class='ocrx_word' id='word_1_364' title='bbox 655 4296 779 4351; x_wconf 80' lang='lat' dir='ltr'><strong>milii</strong></span> <span class='ocrx_word' id='word_1_365' title='bbox 797 4295 964 4353; x_wconf 83' lang='lat' dir='ltr'><strong>omnis</strong></span> <span class='ocrx_word' id='word_1_366' title='bbox 988 4302 1205 4363; x_wconf 80' lang='lat' dir='ltr'><strong>potestas</strong></span> <span class='ocrx_word' id='word_1_367' title='bbox 1231 4300 1264 4343; x_wconf 82' lang='grc' dir='ltr'><em>α</em></span> <span class='ocrx_word' id='word_1_368' title='bbox 1307 4288 1462 4341; x_wconf 85' lang='lat' dir='ltr'><strong>Patre</strong></span> <span class='ocrx_word' id='word_1_369' title='bbox 1485 4302 1593 4343; x_wconf 86' lang='lat' dir='ltr'><strong>meo</strong></span> <span class='ocrx_word' id='word_1_370' title='bbox 1621 4286 1833 4356; x_wconf 77' lang='lat' dir='ltr'><strong>(Matth.</strong></span> <span class='ocrx_word' id='word_1_371' title='bbox 1860 4285 1951 4340; x_wconf 75' lang='lat'><strong>28.</strong></span> 
     </span>
    </p>
   </div>
   <div class='ocr_carea' id='block_1_45' title="bbox 361 4378 1954 4464">
    <p class='ocr_par' dir='ltr' id='par_1_45' title="bbox 361 4378 1954 4464">
     <span class='ocr_line' id='line_1_45' title="bbox 361 4378 1954 4464; baseline -0.013 -13"><span class='ocrx_word' id='word_1_372' title='bbox 361 4394 482 4464; x_wconf 73' lang='lat' dir='ltr'><strong>i8);</strong></span> <span class='ocrx_word' id='word_1_373' title='bbox 524 4393 577 4449; x_wconf 92' lang='lat' dir='ltr'><strong>ei</strong></span> <span class='ocrx_word' id='word_1_374' title='bbox 610 4390 700 4460; x_wconf 90' lang='lat' dir='ltr'><strong>qui</strong></span> <span class='ocrx_word' id='word_1_375' title='bbox 730 4388 914 4459; x_wconf 88' lang='lat' dir='ltr'><strong>genuit</strong></span> <span class='ocrx_word' id='word_1_376' title='bbox 942 4383 1121 4441; x_wconf 92' lang='lat' dir='ltr'><strong>omnia</strong></span> <span class='ocrx_word' id='word_1_377' title='bbox 1148 4381 1463 4438; x_wconf 86' lang='lat' dir='ltr'><strong>adscribens</strong></span> <span class='ocrx_word' id='word_1_378' title='bbox 1488 4420 1503 4446; x_wconf 88' lang='lat'><strong>,</strong></span> <span class='ocrx_word' id='word_1_379' title='bbox 1538 4394 1643 4431; x_wconf 91' lang='lat' dir='ltr'><strong>non</strong></span> <span class='ocrx_word' id='word_1_380' title='bbox 1672 4378 1811 4447; x_wconf 89' lang='lat' dir='ltr'><strong>quod</strong></span> <span class='ocrx_word' id='word_1_381' title='bbox 1840 4378 1954 4446; x_wconf 88' lang='lat' dir='ltr'><strong>ipse</strong></span> 
     </span>
    </p>
   </div>
   <div class='ocr_carea' id='block_1_46' title="bbox 362 4474 1952 4551">
    <p class='ocr_par' dir='ltr' id='par_1_46' title="bbox 362 4474 1952 4551">
     <span class='ocr_line' id='line_1_46' title="bbox 362 4474 1952 4551; baseline -0.011 -7"><span class='ocrx_word' id='word_1_382' title='bbox 362 4505 475 4551; x_wconf 87' lang='lat' dir='ltr'><strong>non</strong></span> <span class='ocrx_word' id='word_1_383' title='bbox 519 4484 788 4550; x_wconf 75' lang='lat' dir='ltr'><strong>sufﬁciat,</strong></span> <span class='ocrx_word' id='word_1_384' title='bbox 815 4481 912 4538; x_wconf 88' lang='lat' dir='ltr'><strong>sed</strong></span> <span class='ocrx_word' id='word_1_385' title='bbox 937 4478 1236 4536; x_wconf 88' lang='lat' dir='ltr'><strong>ostendens</strong></span> <span class='ocrx_word' id='word_1_386' title='bbox 1261 4476 1405 4548; x_wconf 89' lang='lat' dir='ltr'><strong>quod</strong></span> <span class='ocrx_word' id='word_1_387' title='bbox 1441 4476 1512 4535; x_wconf 82' lang='lat' dir='ltr'><strong>sit</strong></span> <span class='ocrx_word' id='word_1_388' title='bbox 1537 4474 1705 4531; x_wconf 87' lang='lat' dir='ltr'><strong>Filius</strong></span> <span class='ocrx_word' id='word_1_389' title='bbox 1724 4515 1738 4537; x_wconf 91' lang='lat'><strong>,</strong></span> <span class='ocrx_word' id='word_1_390' title='bbox 1767 4482 1822 4527; x_wconf 90' lang='lat' dir='ltr'><strong>et</strong></span> <span class='ocrx_word' id='word_1_391' title='bbox 1846 4489 1952 4528; x_wconf 91' lang='lat' dir='ltr'><strong>non</strong></span> 
     </span>
    </p>
   </div>
   <div class='ocr_carea' id='block_1_47' title="bbox 362 4569 1955 4653">
    <p class='ocr_par' dir='ltr' id='par_1_47' title="bbox 362 4569 1955 4653">
     <span class='ocr_line' id='line_1_47' title="bbox 362 4569 1955 4653; baseline -0.013 -13"><span class='ocrx_word' id='word_1_392' title='bbox 362 4582 667 4653; x_wconf 81' lang='lat' dir='ltr'><strong>ingenitus.</strong></span> <span class='ocrx_word' id='word_1_393' title='bbox 721 4578 836 4633; x_wconf 86' lang='lat' dir='ltr'><strong>Hoc</strong></span> <span class='ocrx_word' id='word_1_394' title='bbox 874 4590 1001 4646; x_wconf 82' lang='lat' dir='ltr'><strong>ergo</strong></span> <span class='ocrx_word' id='word_1_395' title='bbox 1049 4573 1239 4637; x_wconf 84' lang='lat' dir='ltr'><strong>tradit,</strong></span> <span class='ocrx_word' id='word_1_396' title='bbox 1290 4573 1394 4626; x_wconf 84' lang='lat' dir='ltr'><strong>hoc</strong></span> <span class='ocrx_word' id='word_1_397' title='bbox 1441 4581 1559 4637; x_wconf 88' lang='lat' dir='ltr'><strong>est,</strong></span> <span class='ocrx_word' id='word_1_398' title='bbox 1610 4578 1756 4625; x_wconf 86' lang='lat' dir='ltr'><strong>recte</strong></span> <span class='ocrx_word' id='word_1_399' title='bbox 1797 4569 1955 4638; x_wconf 85' lang='lat' dir='ltr'><strong>gerit.</strong></span> 
     </span>
    </p>
   </div>
   <div class='ocr_carea' id='block_1_48' title="bbox 361 4660 1955 4743">
    <p class='ocr_par' dir='ltr' id='par_1_48' title="bbox 361 4660 1955 4743">
     <span class='ocr_line' id='line_1_48' title="bbox 361 4660 1955 4743; baseline -0.011 -14"><span class='ocrx_word' id='word_1_400' title='bbox 361 4675 548 4743; x_wconf 83' lang='lat' dir='ltr'><strong>Quare</strong></span> <span class='ocrx_word' id='word_1_401' title='bbox 569 4679 773 4735; x_wconf 88' lang='lat' dir='ltr'><strong>autem,</strong></span> <span class='ocrx_word' id='word_1_402' title='bbox 803 4670 992 4738; x_wconf 88' lang='lat' dir='ltr'><strong>inquit,</strong></span> <span class='ocrx_word' id='word_1_403' title='bbox 1017 4667 1150 4725; x_wconf 81' lang='lat' dir='ltr'><strong>nihil</strong></span> <span class='ocrx_word' id='word_1_404' title='bbox 1176 4665 1311 4719; x_wconf 83' lang='lat' dir='ltr'><strong>dixit</strong></span> <span class='ocrx_word' id='word_1_405' title='bbox 1334 4664 1402 4719; x_wconf 89' lang='lat' dir='ltr'><strong>de</strong></span> <span class='ocrx_word' id='word_1_406' title='bbox 1424 4662 1623 4733; x_wconf 89' lang='lat' dir='ltr'><strong>Spiritu</strong></span> <span class='ocrx_word' id='word_1_407' title='bbox 1643 4662 1667 4716; x_wconf 86' lang='lat'><strong>?</strong></span> <span class='ocrx_word' id='word_1_408' title='bbox 1687 4660 1955 4728; x_wconf 86' lang='lat' dir='ltr'><strong>Quoniam</strong></span> 
     </span>
    </p>
   </div>
   <div class='ocr_carea' id='block_1_49' title="bbox 363 4753 1957 4832">
    <p class='ocr_par' dir='ltr' id='par_1_49' title="bbox 363 4753 1957 4832">
     <span class='ocr_line' id='line_1_49' title="bbox 363 4753 1957 4832; baseline -0.01 -10"><span class='ocrx_word' id='word_1_409' title='bbox 363 4780 516 4822; x_wconf 91' lang='lat' dir='ltr'><strong>nunc</strong></span> <span class='ocrx_word' id='word_1_410' title='bbox 541 4765 615 4820; x_wconf 86' lang='lat' dir='ltr'><strong>de</strong></span> <span class='ocrx_word' id='word_1_411' title='bbox 643 4764 763 4832; x_wconf 86' lang='lat' dir='ltr'><strong>ipso</strong></span> <span class='ocrx_word' id='word_1_412' title='bbox 807 4777 913 4817; x_wconf 89' lang='lat' dir='ltr'><strong>non</strong></span> <span class='ocrx_word' id='word_1_413' title='bbox 953 4760 1161 4830; x_wconf 88' lang='lat' dir='ltr'><strong>agitur,</strong></span> <span class='ocrx_word' id='word_1_414' title='bbox 1190 4772 1367 4827; x_wconf 90' lang='lat' dir='ltr'><strong>neque</strong></span> <span class='ocrx_word' id='word_1_415' title='bbox 1412 4757 1589 4811; x_wconf 89' lang='lat' dir='ltr'><strong>omnia</strong></span> <span class='ocrx_word' id='word_1_416' title='bbox 1630 4753 1790 4809; x_wconf 90' lang='lat' dir='ltr'><strong>simul</strong></span> <span class='ocrx_word' id='word_1_417' title='bbox 1820 4767 1957 4807; x_wconf 90' lang='lat' dir='ltr'><strong>con-</strong></span> 
     </span>
    </p>
   </div>
   <div class='ocr_carea' id='block_1_50' title="bbox 363 4848 1959 4924">
    <p class='ocr_par' dir='ltr' id='par_1_50' title="bbox 363 4848 1959 4924">
     <span class='ocr_line' id='line_1_50' title="bbox 363 4848 1959 4924; baseline -0.01 -9"><span class='ocrx_word' id='word_1_418' title='bbox 363 4859 571 4916; x_wconf 86' lang='lat' dir='ltr'><strong>fundit.</strong></span> <span class='ocrx_word' id='word_1_419' title='bbox 597 4855 731 4911; x_wconf 85' lang='lat' dir='ltr'><strong>Nam</strong></span> <span class='ocrx_word' id='word_1_420' title='bbox 757 4856 918 4911; x_wconf 88' lang='lat' dir='ltr'><strong>etiam</strong></span> <span class='ocrx_word' id='word_1_421' title='bbox 949 4852 1162 4924; x_wconf 85' lang='lat' dir='ltr'><strong>quando</strong></span> <span class='ocrx_word' id='word_1_422' title='bbox 1190 4852 1321 4907; x_wconf 92' lang='lat' dir='ltr'><strong>dicit</strong></span> <span class='ocrx_word' id='word_1_423' title='bbox 1340 4893 1354 4915; x_wconf 86' lang='lat'><strong>.</strong></span> <span class='ocrx_word' id='word_1_424' title='bbox 1389 4850 1534 4906; x_wconf 81' lang='lat' dir='ltr'><strong>Unus</strong></span> <span class='ocrx_word' id='word_1_425' title='bbox 1560 4849 1693 4905; x_wconf 77' lang='lat' dir='ltr'><strong>Deus</strong></span> <span class='ocrx_word' id='word_1_426' title='bbox 1715 4848 1893 4913; x_wconf 84' lang='lat' dir='ltr'><strong>Pater,</strong></span> <span class='ocrx_word' id='word_1_427' title='bbox 1912 4856 1959 4899; x_wconf 80' lang='lat' dir='ltr'><strong>et</strong></span> 
     </span>
    </p>
   </div>
   <div class='ocr_carea' id='block_1_51' title="bbox 366 4940 1958 5015">
    <p class='ocr_par' dir='ltr' id='par_1_51' title="bbox 366 4940 1958 5015">
     <span class='ocr_line' id='line_1_51' title="bbox 366 4940 1958 5015; baseline -0.011 -6"><span class='ocrx_word' id='word_1_428' title='bbox 366 4969 504 5009; x_wconf 80' lang='lat' dir='ltr'><strong>unus</strong></span> <span class='ocrx_word' id='word_1_429' title='bbox 532 4950 787 5005; x_wconf 77' lang='lat' dir='ltr'><strong>Dominus</strong></span> <span class='ocrx_word' id='word_1_430' title='bbox 814 4946 967 5002; x_wconf 73' lang='lat' dir='ltr'><strong>Iesus</strong></span> <span class='ocrx_word' id='word_1_431' title='bbox 992 4948 1071 5014; x_wconf 76' lang='lat' dir='ltr'><strong>(l.</strong></span> <span class='ocrx_word' id='word_1_432' title='bbox 1103 4943 1219 5000; x_wconf 83' lang='lat' dir='ltr'><strong>Cor.</strong></span> <span class='ocrx_word' id='word_1_433' title='bbox 1253 4944 1306 4998; x_wconf 91' lang='lat'><strong>8.</strong></span> <span class='ocrx_word' id='word_1_434' title='bbox 1335 4944 1393 5015; x_wconf 84' lang='lat'><strong>6)</strong></span> <span class='ocrx_word' id='word_1_435' title='bbox 1418 4983 1433 5008; x_wconf 94' lang='lat'><strong>,</strong></span> <span class='ocrx_word' id='word_1_436' title='bbox 1475 4957 1582 4998; x_wconf 91' lang='lat' dir='ltr'><strong>non</strong></span> <span class='ocrx_word' id='word_1_437' title='bbox 1611 4941 1830 4997; x_wconf 89' lang='lat' dir='ltr'><strong>omnino</strong></span> <span class='ocrx_word' id='word_1_438' title='bbox 1857 4940 1958 4993; x_wconf 86' lang='lat' dir='ltr'><strong>nii-</strong></span> 
     </span>
    </p>
   </div>
   <div class='ocr_carea' id='block_1_52' title="bbox 366 5030 1961 5107">
    <p class='ocr_par' dir='ltr' id='par_1_52' title="bbox 366 5030 1961 5107">
     <span class='ocr_line' id='line_1_52' title="bbox 366 5030 1961 5107; baseline -0.011 -6"><span class='ocrx_word' id='word_1_439' title='bbox 366 5058 565 5101; x_wconf 86' lang='lat' dir='ltr'><strong>norem</strong></span> <span class='ocrx_word' id='word_1_440' title='bbox 612 5041 795 5097; x_wconf 88' lang='lat' dir='ltr'><strong>sinens</strong></span> <span class='ocrx_word' id='word_1_441' title='bbox 824 5052 946 5095; x_wconf 85' lang='lat' dir='ltr'><strong>esse</strong></span> <span class='ocrx_word' id='word_1_442' title='bbox 990 5037 1278 5107; x_wconf 87' lang='lat' dir='ltr'><strong>Spiritum,</strong></span> <span class='ocrx_word' id='word_1_443' title='bbox 1326 5042 1608 5106; x_wconf 86' lang='lat' dir='ltr'><strong>propterea</strong></span> <span class='ocrx_word' id='word_1_444' title='bbox 1657 5042 1835 5097; x_wconf 91' lang='lat' dir='ltr'><strong>tacet,</strong></span> <span class='ocrx_word' id='word_1_445' title='bbox 1866 5030 1961 5085; x_wconf 89' lang='lat' dir='ltr'><strong>sed</strong></span> 
     </span>
    </p>
   </div>
   <div class='ocr_carea' id='block_1_53' title="bbox 369 5125 1959 5206">
    <p class='ocr_par' dir='ltr' id='par_1_53' title="bbox 369 5125 1959 5206">
     <span class='ocr_line' id='line_1_53' title="bbox 369 5125 1959 5206; baseline -0.009 -15"><span class='ocrx_word' id='word_1_446' title='bbox 369 5136 633 5206; x_wconf 83' lang='lat' dir='ltr'><strong>quoniam</strong></span> <span class='ocrx_word' id='word_1_447' title='bbox 655 5143 781 5188; x_wconf 91' lang='lat' dir='ltr'><strong>tunc</strong></span> <span class='ocrx_word' id='word_1_448' title='bbox 805 5146 894 5188; x_wconf 89' lang='lat' dir='ltr'><strong>res</strong></span> <span class='ocrx_word' id='word_1_449' title='bbox 929 5146 1036 5185; x_wconf 89' lang='lat' dir='ltr'><strong>non</strong></span> <span class='ocrx_word' id='word_1_450' title='bbox 1064 5128 1291 5199; x_wconf 82' lang='lat' dir='ltr'><strong>urgebat</strong></span> <span class='ocrx_word' id='word_1_451' title='bbox 1318 5168 1333 5194; x_wconf 89' lang='lat'><strong>,</strong></span> <span class='ocrx_word' id='word_1_452' title='bbox 1363 5127 1465 5182; x_wconf 85' lang='lat' dir='ltr'><strong>hoc</strong></span> <span class='ocrx_word' id='word_1_453' title='bbox 1495 5125 1650 5182; x_wconf 80' lang='lat' dir='ltr'><strong>dixit.</strong></span> <span class='ocrx_word' id='word_1_454' title='bbox 1680 5125 1792 5181; x_wconf 91' lang='lat' dir='ltr'><strong>Scit</strong></span> <span class='ocrx_word' id='word_1_455' title='bbox 1816 5125 1959 5179; x_wconf 89' lang='lat' dir='ltr'><strong>enim</strong></span> 
     </span>
    </p>
   </div>
   <div class='ocr_carea' id='block_1_54' title="bbox 369 5216 1964 5286">
    <p class='ocr_par' dir='ltr' id='par_1_54' title="bbox 369 5216 1964 5286">
     <span class='ocr_line' id='line_1_54' title="bbox 369 5216 1964 5286; baseline -0.009 -2"><span class='ocrx_word' id='word_1_456' title='bbox 369 5239 427 5284; x_wconf 87' lang='lat' dir='ltr'><strong>et</strong></span> <span class='ocrx_word' id='word_1_457' title='bbox 458 5225 642 5283; x_wconf 86' lang='lat' dir='ltr'><strong>Patris</strong></span> <span class='ocrx_word' id='word_1_458' title='bbox 679 5225 846 5279; x_wconf 86' lang='lat' dir='ltr'><strong>solius</strong></span> <span class='ocrx_word' id='word_1_459' title='bbox 891 5222 1240 5286; x_wconf 88' lang='lat' dir='ltr'><strong>meminisse;</strong></span> <span class='ocrx_word' id='word_1_460' title='bbox 1269 5235 1369 5276; x_wconf 89' lang='lat' dir='ltr'><strong>nec</strong></span> <span class='ocrx_word' id='word_1_461' title='bbox 1392 5219 1514 5274; x_wconf 90' lang='lat' dir='ltr'><strong>ideo</strong></span> <span class='ocrx_word' id='word_1_462' title='bbox 1552 5216 1747 5275; x_wconf 87' lang='lat' dir='ltr'><strong>Filium</strong></span> <span class='ocrx_word' id='word_1_463' title='bbox 1776 5216 1964 5286; x_wconf 86' lang='lat' dir='ltr'><strong>ejicie-</strong></span> 
     </span>
    </p>
   </div>
   <div class='ocr_carea' id='block_1_55' title="bbox 372 5309 1961 5383">
    <p class='ocr_par' dir='ltr' id='par_1_55' title="bbox 372 5309 1961 5383">
     <span class='ocr_line' id='line_1_55' title="bbox 372 5309 1961 5383; baseline -0.009 -6"><span class='ocrx_word' id='word_1_464' title='bbox 372 5337 497 5377; x_wconf 89' lang='lat' dir='ltr'><strong>mus</strong></span> <span class='ocrx_word' id='word_1_465' title='bbox 525 5337 541 5374; x_wconf 89' lang='lat'><strong>:</strong></span> <span class='ocrx_word' id='word_1_466' title='bbox 571 5317 673 5373; x_wconf 87' lang='lat' dir='ltr'><strong>scit</strong></span> <span class='ocrx_word' id='word_1_467' title='bbox 691 5318 852 5373; x_wconf 86' lang='lat' dir='ltr'><strong>etiam</strong></span> <span class='ocrx_word' id='word_1_468' title='bbox 880 5324 936 5371; x_wconf 91' lang='lat' dir='ltr'><strong>et</strong></span> <span class='ocrx_word' id='word_1_469' title='bbox 958 5314 1080 5370; x_wconf 90' lang='lat' dir='ltr'><strong>Filii</strong></span> <span class='ocrx_word' id='word_1_470' title='bbox 1100 5323 1154 5371; x_wconf 90' lang='lat' dir='ltr'><strong>et</strong></span> <span class='ocrx_word' id='word_1_471' title='bbox 1177 5313 1410 5383; x_wconf 89' lang='lat' dir='ltr'><strong>Spiritus</strong></span> <span class='ocrx_word' id='word_1_472' title='bbox 1436 5312 1604 5367; x_wconf 87' lang='lat' dir='ltr'><strong>solius</strong></span> <span class='ocrx_word' id='word_1_473' title='bbox 1630 5309 1961 5373; x_wconf 88' lang='lat' dir='ltr'><strong>meminisse;</strong></span> 
     </span>
    </p>
   </div>
   <div class='ocr_carea' id='block_1_56' title="bbox 373 5403 1961 5482">
    <p class='ocr_par' dir='ltr' id='par_1_56' title="bbox 373 5403 1961 5482">
     <span class='ocr_line' id='line_1_56' title="bbox 373 5403 1961 5482; baseline -0.01 -13"><span class='ocrx_word' id='word_1_474' title='bbox 373 5428 478 5469; x_wconf 90' lang='lat' dir='ltr'><strong>nec</strong></span> <span class='ocrx_word' id='word_1_475' title='bbox 507 5420 797 5482; x_wconf 84' lang='lat' dir='ltr'><strong>propterea</strong></span> <span class='ocrx_word' id='word_1_476' title='bbox 826 5407 1039 5462; x_wconf 87' lang='lat' dir='ltr'><strong>Patrem</strong></span> <span class='ocrx_word' id='word_1_477' title='bbox 1079 5406 1433 5461; x_wconf 88' lang='lat' dir='ltr'><strong>abolebimus.</strong></span> <span class='ocrx_word' id='word_1_478' title='bbox 1468 5403 1607 5470; x_wconf 88' lang='lat' dir='ltr'><strong>Quid</strong></span> <span class='ocrx_word' id='word_1_479' title='bbox 1632 5410 1719 5457; x_wconf 91' lang='lat' dir='ltr'><strong>est</strong></span> <span class='ocrx_word' id='word_1_480' title='bbox 1753 5409 1961 5465; x_wconf 89' lang='lat' dir='ltr'><strong>autem,</strong></span> 
     </span>
    </p>
   </div>
   <div class='ocr_carea' id='block_1_57' title="bbox 378 5495 1967 5563">
    <p class='ocr_par' dir='ltr' id='par_1_57' title="bbox 378 5495 1967 5563">
     <span class='ocr_line' id='line_1_57' title="bbox 378 5495 1967 5563; baseline -0.009 -3"><span class='ocrx_word' id='word_1_481' title='bbox 378 5506 445 5560; x_wconf 89' lang='lat' dir='ltr'><strong>Ut</strong></span> <span class='ocrx_word' id='word_1_482' title='bbox 496 5506 567 5559; x_wconf 87' lang='lat' dir='ltr'><strong>sit</strong></span> <span class='ocrx_word' id='word_1_483' title='bbox 618 5502 761 5558; x_wconf 86' lang='lat' dir='ltr'><strong>Deus</strong></span> <span class='ocrx_word' id='word_1_484' title='bbox 804 5501 976 5556; x_wconf 83' lang='lat' dir='ltr'><strong>omnia</strong></span> <span class='ocrx_word' id='word_1_485' title='bbox 1016 5501 1071 5553; x_wconf 85' lang='lat' dir='ltr'><strong>in</strong></span> <span class='ocrx_word' id='word_1_486' title='bbox 1124 5497 1399 5553; x_wconf 84' lang='lat' dir='ltr'><strong>omnibus?</strong></span> <span class='ocrx_word' id='word_1_487' title='bbox 1428 5496 1500 5553; x_wconf 92' lang='lat' dir='ltr'><strong>Ut</strong></span> <span class='ocrx_word' id='word_1_488' title='bbox 1541 5496 1722 5550; x_wconf 83' lang='lat' dir='ltr'><strong>omnia</strong></span> <span class='ocrx_word' id='word_1_489' title='bbox 1752 5495 1820 5549; x_wconf 85' lang='lat' dir='ltr'><strong>ab</strong></span> <span class='ocrx_word' id='word_1_490' title='bbox 1849 5495 1967 5563; x_wconf 90' lang='lat' dir='ltr'><strong>ipso</strong></span> 
     </span>
    </p>
   </div>
   <div class='ocr_carea' id='block_1_58' title="bbox 375 5586 1966 5667">
    <p class='ocr_par' dir='ltr' id='par_1_58' title="bbox 375 5586 1966 5667">
     <span class='ocr_line' id='line_1_58' title="bbox 375 5586 1966 5667; baseline -0.008 -15"><span class='ocrx_word' id='word_1_491' title='bbox 375 5597 674 5667; x_wconf 84' lang='lat' dir='ltr'><strong>pendeant;</strong></span> <span class='ocrx_word' id='word_1_492' title='bbox 707 5610 776 5651; x_wconf 91' lang='lat' dir='ltr'><strong>ne</strong></span> <span class='ocrx_word' id='word_1_493' title='bbox 803 5594 926 5664; x_wconf 88' lang='lat' dir='ltr'><strong>quis</strong></span> <span class='ocrx_word' id='word_1_494' title='bbox 963 5592 1235 5647; x_wconf 77' lang='lat' dir='ltr'><strong>existimet</strong></span> <span class='ocrx_word' id='word_1_495' title='bbox 1270 5591 1379 5644; x_wconf 91' lang='lat' dir='ltr'><strong>duo</strong></span> <span class='ocrx_word' id='word_1_496' title='bbox 1407 5603 1531 5644; x_wconf 89' lang='lat' dir='ltr'><strong>esse</strong></span> <span class='ocrx_word' id='word_1_497' title='bbox 1556 5588 1816 5659; x_wconf 89' lang='lat' dir='ltr'><strong>principia</strong></span> <span class='ocrx_word' id='word_1_498' title='bbox 1848 5586 1966 5641; x_wconf 86' lang='lat' dir='ltr'><strong>sine</strong></span> 
     </span>
    </p>
   </div>
   <div class='ocr_carea' id='block_1_59' title="bbox 376 5678 1968 5759">
    <p class='ocr_par' dir='ltr' id='par_1_59' title="bbox 376 5678 1968 5759">
     <span class='ocr_line' id='line_1_59' title="bbox 376 5678 1968 5759; baseline -0.007 -16"><span class='ocrx_word' id='word_1_499' title='bbox 376 5686 673 5759; x_wconf 89' lang='lat' dir='ltr'><strong>principio,</strong></span> <span class='ocrx_word' id='word_1_500' title='bbox 702 5700 876 5756; x_wconf 86' lang='lat' dir='ltr'><strong>neque</strong></span> <span class='ocrx_word' id='word_1_501' title='bbox 902 5683 1047 5738; x_wconf 89' lang='lat' dir='ltr'><strong>aliud</strong></span> <span class='ocrx_word' id='word_1_502' title='bbox 1078 5696 1301 5751; x_wconf 87' lang='lat' dir='ltr'><strong>regnum</strong></span> <span class='ocrx_word' id='word_1_503' title='bbox 1327 5681 1576 5737; x_wconf 87' lang='lat' dir='ltr'><strong>divisum.</strong></span> <span class='ocrx_word' id='word_1_504' title='bbox 1599 5680 1731 5734; x_wconf 85' lang='lat' dir='ltr'><strong>Nam</strong></span> <span class='ocrx_word' id='word_1_505' title='bbox 1753 5678 1968 5750; x_wconf 90' lang='lat' dir='ltr'><strong>quando</strong></span> 
     </span>
    </p>
   </div>
   <div class='ocr_carea' id='block_1_60' title="bbox 377 5771 1969 5844">
    <p class='ocr_par' dir='ltr' id='par_1_60' title="bbox 377 5771 1969 5844">
     <span class='ocr_line' id='line_1_60' title="bbox 377 5771 1969 5844; baseline -0.005 -9"><span class='ocrx_word' id='word_1_506' title='bbox 377 5779 539 5835; x_wconf 81' lang='lat' dir='ltr'><strong>strati</strong></span> <span class='ocrx_word' id='word_1_507' title='bbox 573 5778 789 5843; x_wconf 87' lang='lat' dir='ltr'><strong>quidem</strong></span> <span class='ocrx_word' id='word_1_508' title='bbox 810 5774 1078 5844; x_wconf 88' lang='lat' dir='ltr'><strong>jacuerint</strong></span> <span class='ocrx_word' id='word_1_509' title='bbox 1101 5773 1303 5828; x_wconf 89' lang='lat' dir='ltr'><strong>inimici</strong></span> <span class='ocrx_word' id='word_1_510' title='bbox 1334 5773 1432 5829; x_wconf 86' lang='lat' dir='ltr'><strong>sub</strong></span> <span class='ocrx_word' id='word_1_511' title='bbox 1454 5771 1679 5844; x_wconf 84' lang='lat' dir='ltr'><strong>pedibus</strong></span> <span class='ocrx_word' id='word_1_512' title='bbox 1710 5771 1853 5842; x_wconf 80' lang='lat' dir='ltr'><strong>Filii,</strong></span> <span class='ocrx_word' id='word_1_513' title='bbox 1878 5771 1969 5843; x_wconf 86' lang='lat' dir='ltr'><strong>qui</strong></span> 
     </span>
    </p>
   </div>
   <div class='ocr_carea' id='block_1_61' title="bbox 742 5875 1369 5938">
    <p class='ocr_par' dir='ltr' id='par_1_61' title="bbox 742 5875 1369 5938">
     <span class='ocr_line' id='line_1_61' title="bbox 742 5875 1369 5938; baseline -0.003 0"><span class='ocrx_word' id='word_1_514' title='bbox 742 5875 1008 5938; x_wconf 74' lang='lat' dir='ltr'><strong>PATROL.</strong></span> <span class='ocrx_word' id='word_1_515' title='bbox 1049 5877 1163 5936; x_wconf 75' lang='lat' dir='ltr'><strong>Gtt.</strong></span> <span class='ocrx_word' id='word_1_516' title='bbox 1210 5878 1369 5937; x_wconf 69' lang='lat' dir='ltr'><strong>LXI.</strong></span> 
     </span>
    </p>
   </div>
   <div class='ocr_carea' id='block_1_62' title="bbox 1350 312 2633 376">
    <p class='ocr_par' dir='ltr' id='par_1_62' title="bbox 1350 312 2633 376">
     <span class='ocr_line' id='line_1_62' title="bbox 1350 312 2633 376; baseline -0.005 1"><span class='ocrx_word' id='word_1_517' title='bbox 1350 321 1415 376; x_wconf 82' lang='lat' dir='ltr'><strong>IN</strong></span> <span class='ocrx_word' id='word_1_518' title='bbox 1454 317 1669 376; x_wconf 84' lang='lat' dir='ltr'><strong>EPIST.</strong></span> <span class='ocrx_word' id='word_1_519' title='bbox 1710 315 1731 369; x_wconf 80' lang='lat' dir='ltr'><strong>l</strong></span> <span class='ocrx_word' id='word_1_520' title='bbox 1795 314 1885 368; x_wconf 83' lang='lat' dir='ltr'><strong>AD</strong></span> <span class='ocrx_word' id='word_1_521' title='bbox 1922 312 2076 368; x_wconf 69' lang='grc' dir='ltr'><strong>(ΞΟΠ.</strong></span> <span class='ocrx_word' id='word_1_522' title='bbox 2120 312 2350 370; x_wconf 75' lang='lat' dir='ltr'><strong>IIOMIL.</strong></span> <span class='ocrx_word' id='word_1_523' title='bbox 2392 314 2633 374; x_wconf 76' lang='lat' dir='ltr'><strong>XXXIX.</strong></span> 
     </span>
    </p>
   </div>
   <div class='ocr_carea' id='block_1_63' title="bbox 3521 321 3629 379">
    <p class='ocr_par' dir='ltr' id='par_1_63' title="bbox 3521 321 3629 379">
     <span class='ocr_line' id='line_1_63' title="bbox 3521 321 3629 379; baseline -0.019 0"><span class='ocrx_word' id='word_1_524' title='bbox 3521 321 3629 379; x_wconf 56' lang='grc' dir='ltr'>δή</span> 
     </span>
    </p>
   </div>
   <div class='ocr_carea' id='block_1_64' title="bbox 2050 428 3631 507">
    <p class='ocr_par' dir='ltr' id='par_1_64' title="bbox 2050 428 3631 507">
     <span class='ocr_line' id='line_1_64' title="bbox 2050 428 3631 507; baseline 0.002 -17"><span class='ocrx_word' id='word_1_525' title='bbox 2050 449 2144 490; x_wconf 87' lang='lat' dir='ltr'><strong>eos</strong></span> <span class='ocrx_word' id='word_1_526' title='bbox 2172 445 2349 495; x_wconf 74' lang='lat' dir='ltr'><strong>autem</strong></span> <span class='ocrx_word' id='word_1_527' title='bbox 2381 437 2541 493; x_wconf 85' lang='lat' dir='ltr'><strong>liabet</strong></span> <span class='ocrx_word' id='word_1_528' title='bbox 2559 428 2805 507; x_wconf 82' lang='lat' dir='ltr'><strong>jaceutes</strong></span> <span class='ocrx_word' id='word_1_529' title='bbox 2830 438 2928 494; x_wconf 89' lang='lat' dir='ltr'><strong>sub</strong></span> <span class='ocrx_word' id='word_1_530' title='bbox 2960 437 3201 507; x_wconf 87' lang='lat' dir='ltr'><strong>pedibus,</strong></span> <span class='ocrx_word' id='word_1_531' title='bbox 3231 452 3349 493; x_wconf 89' lang='lat' dir='ltr'><strong>cum</strong></span> <span class='ocrx_word' id='word_1_532' title='bbox 3377 436 3631 493; x_wconf 84' lang='lat' dir='ltr'><strong>Genitore</strong></span> 
     </span>
    </p>
   </div>
   <div class='ocr_carea' id='block_1_65' title="bbox 2049 528 3632 598">
    <p class='ocr_par' dir='ltr' id='par_1_65' title="bbox 2049 528 3632 598">
     <span class='ocr_line' id='line_1_65' title="bbox 2049 528 3632 598; baseline 0.001 -18"><span class='ocrx_word' id='word_1_533' title='bbox 2049 541 2156 582; x_wconf 92' lang='lat' dir='ltr'><strong>non</strong></span> <span class='ocrx_word' id='word_1_534' title='bbox 2187 529 2348 595; x_wconf 78' lang='lat' dir='ltr'><strong>agitat</strong></span> <span class='ocrx_word' id='word_1_535' title='bbox 2393 529 2750 593; x_wconf 82' lang='lat' dir='ltr'><strong>seditionem.</strong></span> <span class='ocrx_word' id='word_1_536' title='bbox 2790 529 2887 584; x_wconf 87' lang='lat' dir='ltr'><strong>scd</strong></span> <span class='ocrx_word' id='word_1_537' title='bbox 2930 537 3013 585; x_wconf 89' lang='lat' dir='ltr'><strong>est</strong></span> <span class='ocrx_word' id='word_1_538' title='bbox 3059 531 3111 583; x_wconf 87' lang='lat' dir='ltr'><strong>in</strong></span> <span class='ocrx_word' id='word_1_539' title='bbox 3157 528 3391 598; x_wconf 81' lang='lat' dir='ltr'><strong>perfecta</strong></span> <span class='ocrx_word' id='word_1_540' title='bbox 3417 542 3539 585; x_wconf 81' lang='lat' dir='ltr'><strong>cuiu</strong></span> <span class='ocrx_word' id='word_1_541' title='bbox 3565 543 3632 582; x_wconf 81' lang='lat' dir='ltr'><strong>eo</strong></span> 
     </span>
    </p>
   </div>
   <div class='ocr_carea' id='block_1_66' title="bbox 2050 618 3627 689">
    <p class='ocr_par' dir='ltr' id='par_1_66' title="bbox 2050 618 3627 689">
     <span class='ocr_line' id='line_1_66' title="bbox 2050 618 3627 689; baseline 0.003 -18"><span class='ocrx_word' id='word_1_542' title='bbox 2050 618 2374 685; x_wconf 85' lang='lat' dir='ltr'><strong>concordia;</strong></span> <span class='ocrx_word' id='word_1_543' title='bbox 2405 619 2521 689; x_wconf 82' lang='lat' dir='ltr'><strong>ipse</strong></span> <span class='ocrx_word' id='word_1_544' title='bbox 2543 621 2649 679; x_wconf 88' lang='lat' dir='ltr'><strong>erit</strong></span> <span class='ocrx_word' id='word_1_545' title='bbox 2671 622 2851 676; x_wconf 85' lang='lat' dir='ltr'><strong>omnia</strong></span> <span class='ocrx_word' id='word_1_546' title='bbox 2896 622 2950 676; x_wconf 90' lang='lat' dir='ltr'><strong>in</strong></span> <span class='ocrx_word' id='word_1_547' title='bbox 2975 621 3244 679; x_wconf 85' lang='lat' dir='ltr'><strong>omnibus.</strong></span> <span class='ocrx_word' id='word_1_548' title='bbox 3274 620 3501 689; x_wconf 85' lang='lat' dir='ltr'><strong>Quidam</strong></span> <span class='ocrx_word' id='word_1_549' title='bbox 3530 635 3627 675; x_wconf 83' lang='lat' dir='ltr'><strong>nu-</strong></span> 
     </span>
    </p>
   </div>
   <div class='ocr_carea' id='block_1_67' title="bbox 2052 713 3633 785">
    <p class='ocr_par' dir='ltr' id='par_1_67' title="bbox 2052 713 3633 785">
     <span class='ocr_line' id='line_1_67' title="bbox 2052 713 3633 785; baseline 0.001 -20"><span class='ocrx_word' id='word_1_550' title='bbox 2052 723 2161 771; x_wconf 88' lang='lat' dir='ltr'><strong>tcm</strong></span> <span class='ocrx_word' id='word_1_551' title='bbox 2191 713 2377 771; x_wconf 84' lang='lat' dir='ltr'><strong>dicunt.</strong></span> <span class='ocrx_word' id='word_1_552' title='bbox 2402 714 2575 782; x_wconf 85' lang='lat' dir='ltr'><strong>ipsum</strong></span> <span class='ocrx_word' id='word_1_553' title='bbox 2603 714 2717 771; x_wconf 68' lang='lat' dir='ltr'><strong>haec</strong></span> <span class='ocrx_word' id='word_1_554' title='bbox 2741 715 2942 771; x_wconf 76' lang='lat' dir='ltr'><strong>dixisse</strong></span> <span class='ocrx_word' id='word_1_555' title='bbox 2965 757 2981 781; x_wconf 91' lang='lat'><strong>,</strong></span> <span class='ocrx_word' id='word_1_556' title='bbox 3012 714 3362 785; x_wconf 78' lang='lat' dir='ltr'><strong>signiﬁcantia</strong></span> <span class='ocrx_word' id='word_1_557' title='bbox 3388 714 3633 770; x_wconf 84' lang='lat' dir='ltr'><strong>abolitio-</strong></span> 
     </span>
    </p>
   </div>
   <div class='ocr_carea' id='block_1_68' title="bbox 2051 805 3629 876">
    <p class='ocr_par' dir='ltr' id='par_1_68' title="bbox 2051 805 3629 876">
     <span class='ocr_line' id='line_1_68' title="bbox 2051 805 3629 876; baseline 0 -18"><span class='ocrx_word' id='word_1_558' title='bbox 2051 819 2175 858; x_wconf 83' lang='lat' dir='ltr'><strong>nem</strong></span> <span class='ocrx_word' id='word_1_559' title='bbox 2204 805 2355 871; x_wconf 87' lang='lat' dir='ltr'><strong>vitii,</strong></span> <span class='ocrx_word' id='word_1_560' title='bbox 2380 814 2564 874; x_wconf 87' lang='lat' dir='ltr'><strong>utpote</strong></span> <span class='ocrx_word' id='word_1_561' title='bbox 2586 821 2709 861; x_wconf 89' lang='lat' dir='ltr'><strong>cum</strong></span> <span class='ocrx_word' id='word_1_562' title='bbox 2732 821 2920 861; x_wconf 88' lang='lat' dir='ltr'><strong>omnes</strong></span> <span class='ocrx_word' id='word_1_563' title='bbox 2936 806 3191 876; x_wconf 85' lang='lat' dir='ltr'><strong>deinceps</strong></span> <span class='ocrx_word' id='word_1_564' title='bbox 3214 806 3408 862; x_wconf 81' lang='lat' dir='ltr'><strong>cedant</strong></span> <span class='ocrx_word' id='word_1_565' title='bbox 3433 815 3487 861; x_wconf 88' lang='lat' dir='ltr'><strong>et</strong></span> <span class='ocrx_word' id='word_1_566' title='bbox 3512 806 3629 860; x_wconf 84' lang='lat' dir='ltr'><strong>nul-</strong></span> 
     </span>
    </p>
   </div>
   <div class='ocr_carea' id='block_1_69' title="bbox 2049 896 3630 967">
    <p class='ocr_par' dir='ltr' id='par_1_69' title="bbox 2049 896 3630 967">
     <span class='ocr_line' id='line_1_69' title="bbox 2049 896 3630 967; baseline 0 -16"><span class='ocrx_word' id='word_1_567' title='bbox 2049 898 2134 953; x_wconf 89' lang='lat' dir='ltr'><strong>lus</strong></span> <span class='ocrx_word' id='word_1_568' title='bbox 2164 896 2398 962; x_wconf 84' lang='lat' dir='ltr'><strong>resistat,</strong></span> <span class='ocrx_word' id='word_1_569' title='bbox 2430 911 2530 952; x_wconf 86' lang='lat' dir='ltr'><strong>nec</strong></span> <span class='ocrx_word' id='word_1_570' title='bbox 2559 897 2790 967; x_wconf 83' lang='lat' dir='ltr'><strong>maligne</strong></span> <span class='ocrx_word' id='word_1_571' title='bbox 2833 912 2893 953; x_wconf 89' lang='lat' dir='ltr'><strong>se</strong></span> <span class='ocrx_word' id='word_1_572' title='bbox 2918 907 3089 967; x_wconf 88' lang='lat' dir='ltr'><strong>gerat.</strong></span> <span class='ocrx_word' id='word_1_573' title='bbox 3115 897 3247 952; x_wconf 83' lang='lat' dir='ltr'><strong>Nam</strong></span> <span class='ocrx_word' id='word_1_574' title='bbox 3278 897 3491 967; x_wconf 82' lang='lat' dir='ltr'><strong>quando</strong></span> <span class='ocrx_word' id='word_1_575' title='bbox 3521 911 3630 951; x_wconf 82' lang='lat' dir='ltr'><strong>non</strong></span> 
     </span>
    </p>
   </div>
   <div class='ocr_carea' id='block_1_70' title="bbox 2049 988 3631 1060">
    <p class='ocr_par' dir='ltr' id='par_1_70' title="bbox 2049 988 3631 1060">
     <span class='ocr_line' id='line_1_70' title="bbox 2049 988 3631 1060; baseline -0.001 -17"><span class='ocrx_word' id='word_1_576' title='bbox 2049 988 2214 1045; x_wconf 89' lang='lat' dir='ltr'><strong>fuerit</strong></span> <span class='ocrx_word' id='word_1_577' title='bbox 2242 999 2543 1057; x_wconf 88' lang='lat' dir='ltr'><strong>peccatum,</strong></span> <span class='ocrx_word' id='word_1_578' title='bbox 2575 998 2659 1045; x_wconf 86' lang='lat' dir='ltr'><strong>est</strong></span> <span class='ocrx_word' id='word_1_579' title='bbox 2688 991 3029 1059; x_wconf 83' lang='lat' dir='ltr'><strong>perspicuum</strong></span> <span class='ocrx_word' id='word_1_580' title='bbox 3057 990 3200 1060; x_wconf 78' lang='lat' dir='ltr'><strong>quod</strong></span> <span class='ocrx_word' id='word_1_581' title='bbox 3234 991 3372 1045; x_wconf 85' lang='lat' dir='ltr'><strong>Deus</strong></span> <span class='ocrx_word' id='word_1_582' title='bbox 3397 990 3501 1045; x_wconf 88' lang='lat' dir='ltr'><strong>erit</strong></span> <span class='ocrx_word' id='word_1_583' title='bbox 3521 1004 3631 1043; x_wconf 83' lang='lat' dir='ltr'><strong>oni-</strong></span> 
     </span>
    </p>
   </div>
   <div class='ocr_carea' id='block_1_71' title="bbox 2049 1080 3631 1151">
    <p class='ocr_par' dir='ltr' id='par_1_71' title="bbox 2049 1080 3631 1151">
     <span class='ocr_line' id='line_1_71' title="bbox 2049 1080 3631 1151; baseline -0.001 -15"><span class='ocrx_word' id='word_1_584' title='bbox 2049 1082 2136 1136; x_wconf 89' lang='lat' dir='ltr'><strong>nia</strong></span> <span class='ocrx_word' id='word_1_585' title='bbox 2164 1081 2217 1135; x_wconf 90' lang='lat' dir='ltr'><strong>in</strong></span> <span class='ocrx_word' id='word_1_586' title='bbox 2247 1080 2519 1138; x_wconf 83' lang='lat' dir='ltr'><strong>omnibus.</strong></span> <span class='ocrx_word' id='word_1_587' title='bbox 2567 1081 2623 1137; x_wconf 89' lang='lat' dir='ltr'><strong>Si</strong></span> <span class='ocrx_word' id='word_1_588' title='bbox 2666 1090 2844 1137; x_wconf 87' lang='lat' dir='ltr'><strong>autem</strong></span> <span class='ocrx_word' id='word_1_589' title='bbox 2875 1096 3103 1150; x_wconf 85' lang='lat' dir='ltr'><strong>corpora</strong></span> <span class='ocrx_word' id='word_1_590' title='bbox 3154 1096 3260 1137; x_wconf 91' lang='lat' dir='ltr'><strong>non</strong></span> <span class='ocrx_word' id='word_1_591' title='bbox 3306 1088 3589 1151; x_wconf 84' lang='lat' dir='ltr'><strong>resurgunt</strong></span> <span class='ocrx_word' id='word_1_592' title='bbox 3610 1121 3631 1143; x_wconf 82' lang='lat'><strong>.</strong></span> 
     </span>
    </p>
   </div>
   <div class='ocr_carea' id='block_1_72' title="bbox 2049 1173 3633 1244">
    <p class='ocr_par' dir='ltr' id='par_1_72' title="bbox 2049 1173 3633 1244">
     <span class='ocr_line' id='line_1_72' title="bbox 2049 1173 3633 1244; baseline -0.003 -13"><span class='ocrx_word' id='word_1_593' title='bbox 2049 1173 2320 1244; x_wconf 87' lang='lat' dir='ltr'><strong>quomodo</strong></span> <span class='ocrx_word' id='word_1_594' title='bbox 2361 1182 2486 1229; x_wconf 84' lang='lat' dir='ltr'><strong>sunt</strong></span> <span class='ocrx_word' id='word_1_595' title='bbox 2532 1173 2648 1229; x_wconf 80' lang='lat' dir='ltr'><strong>haec</strong></span> <span class='ocrx_word' id='word_1_596' title='bbox 2694 1174 2862 1229; x_wconf 79' lang='lat' dir='ltr'><strong>vera?</strong></span> <span class='ocrx_word' id='word_1_597' title='bbox 2889 1175 3240 1243; x_wconf 80' lang='lat' dir='ltr'><strong>gravissimus</strong></span> <span class='ocrx_word' id='word_1_598' title='bbox 3283 1174 3426 1228; x_wconf 86' lang='lat' dir='ltr'><strong>enim</strong></span> <span class='ocrx_word' id='word_1_599' title='bbox 3450 1182 3633 1228; x_wconf 86' lang='lat' dir='ltr'><strong>manet</strong></span> 
     </span>
    </p>
   </div>
   <div class='ocr_carea' id='block_1_73' title="bbox 2048 1266 3633 1336">
    <p class='ocr_par' dir='ltr' id='par_1_73' title="bbox 2048 1266 3633 1336">
     <span class='ocr_line' id='line_1_73' title="bbox 2048 1266 3633 1336; baseline -0.002 -13"><span class='ocrx_word' id='word_1_600' title='bbox 2048 1267 2291 1323; x_wconf 74' lang='lat' dir='ltr'><strong>omnium</strong></span> <span class='ocrx_word' id='word_1_601' title='bbox 2322 1267 2572 1322; x_wconf 88' lang='lat' dir='ltr'><strong>inimicus</strong></span> <span class='ocrx_word' id='word_1_602' title='bbox 2591 1308 2606 1331; x_wconf 94' lang='lat'><strong>,</strong></span> <span class='ocrx_word' id='word_1_603' title='bbox 2639 1282 2834 1336; x_wconf 85' lang='lat' dir='ltr'><strong>nempe</strong></span> <span class='ocrx_word' id='word_1_604' title='bbox 2858 1280 3007 1321; x_wconf 88' lang='lat' dir='ltr'><strong>mors</strong></span> <span class='ocrx_word' id='word_1_605' title='bbox 3026 1308 3042 1331; x_wconf 93' lang='lat'><strong>,</strong></span> <span class='ocrx_word' id='word_1_606' title='bbox 3072 1267 3139 1321; x_wconf 86' lang='lat' dir='ltr'><strong>iis</strong></span> <span class='ocrx_word' id='word_1_607' title='bbox 3162 1280 3280 1336; x_wconf 84' lang='lat' dir='ltr'><strong>quae</strong></span> <span class='ocrx_word' id='word_1_608' title='bbox 3307 1266 3479 1321; x_wconf 86' lang='lat' dir='ltr'><strong>voluit</strong></span> <span class='ocrx_word' id='word_1_609' title='bbox 3498 1281 3633 1321; x_wconf 84' lang='lat' dir='ltr'><strong>con-</strong></span> 
     </span>
    </p>
   </div>
   <div class='ocr_carea' id='block_1_74' title="bbox 2051 1356 3633 1427">
    <p class='ocr_par' dir='ltr' id='par_1_74' title="bbox 2051 1356 3633 1427">
     <span class='ocr_line' id='line_1_74' title="bbox 2051 1356 3633 1427; baseline -0.002 -14"><span class='ocrx_word' id='word_1_610' title='bbox 2051 1358 2224 1414; x_wconf 87' lang='lat' dir='ltr'><strong>fectis.</strong></span> <span class='ocrx_word' id='word_1_611' title='bbox 2251 1356 2623 1427; x_wconf 80' lang='lat' dir='ltr'><strong>Nequaquam,</strong></span> <span class='ocrx_word' id='word_1_612' title='bbox 2653 1357 2857 1426; x_wconf 87' lang='lat' dir='ltr'><strong>inquit;</strong></span> <span class='ocrx_word' id='word_1_613' title='bbox 2883 1371 3058 1426; x_wconf 85' lang='lat' dir='ltr'><strong>neque</strong></span> <span class='ocrx_word' id='word_1_614' title='bbox 3078 1356 3223 1414; x_wconf 87' lang='lat' dir='ltr'><strong>enim</strong></span> <span class='ocrx_word' id='word_1_615' title='bbox 3249 1356 3479 1427; x_wconf 82' lang='lat' dir='ltr'><strong>amplius</strong></span> <span class='ocrx_word' id='word_1_616' title='bbox 3508 1371 3633 1426; x_wconf 82' lang='lat' dir='ltr'><strong>pec-</strong></span> 
     </span>
    </p>
   </div>
   <div class='ocr_carea' id='block_1_75' title="bbox 2050 1448 3633 1519">
    <p class='ocr_par' dir='ltr' id='par_1_75' title="bbox 2050 1448 3633 1519">
     <span class='ocr_line' id='line_1_75' title="bbox 2050 1448 3633 1519; baseline -0.001 -14"><span class='ocrx_word' id='word_1_617' title='bbox 2050 1450 2269 1505; x_wconf 86' lang='lat' dir='ltr'><strong>cabunt.</strong></span> <span class='ocrx_word' id='word_1_618' title='bbox 2299 1449 2364 1506; x_wconf 80' lang='lat' dir='ltr'><strong>Et</strong></span> <span class='ocrx_word' id='word_1_619' title='bbox 2387 1448 2514 1519; x_wconf 90' lang='lat' dir='ltr'><strong>quid</strong></span> <span class='ocrx_word' id='word_1_620' title='bbox 2545 1449 2700 1505; x_wconf 83' lang='lat' dir='ltr'><strong>tum?</strong></span> <span class='ocrx_word' id='word_1_621' title='bbox 2730 1463 2907 1519; x_wconf 90' lang='lat' dir='ltr'><strong>neque</strong></span> <span class='ocrx_word' id='word_1_622' title='bbox 2935 1449 3081 1505; x_wconf 88' lang='lat' dir='ltr'><strong>enim</strong></span> <span class='ocrx_word' id='word_1_623' title='bbox 3111 1448 3180 1503; x_wconf 81' lang='lat' dir='ltr'><strong>de</strong></span> <span class='ocrx_word' id='word_1_624' title='bbox 3207 1457 3380 1503; x_wconf 89' lang='lat' dir='ltr'><strong>morte</strong></span> <span class='ocrx_word' id='word_1_625' title='bbox 3407 1448 3633 1509; x_wconf 67' lang='lat' dir='ltr'><strong>animai.</strong></span> 
     </span>
    </p>
   </div>
   <div class='ocr_carea' id='block_1_76' title="bbox 2048 1541 3636 1613">
    <p class='ocr_par' dir='ltr' id='par_1_76' title="bbox 2048 1541 3636 1613">
     <span class='ocr_line' id='line_1_76' title="bbox 2048 1541 3636 1613; baseline 0 -15"><span class='ocrx_word' id='word_1_626' title='bbox 2048 1542 2144 1598; x_wconf 85' lang='lat' dir='ltr'><strong>sed</strong></span> <span class='ocrx_word' id='word_1_627' title='bbox 2171 1543 2239 1599; x_wconf 87' lang='lat' dir='ltr'><strong>de</strong></span> <span class='ocrx_word' id='word_1_628' title='bbox 2286 1553 2463 1598; x_wconf 85' lang='lat' dir='ltr'><strong>morte</strong></span> <span class='ocrx_word' id='word_1_629' title='bbox 2508 1542 2754 1611; x_wconf 86' lang='lat' dir='ltr'><strong>corporis</strong></span> <span class='ocrx_word' id='word_1_630' title='bbox 2798 1543 2887 1599; x_wconf 88' lang='lat' dir='ltr'><strong>hic</strong></span> <span class='ocrx_word' id='word_1_631' title='bbox 2914 1542 3172 1612; x_wconf 86' lang='lat' dir='ltr'><strong>loquitur.</strong></span> <span class='ocrx_word' id='word_1_632' title='bbox 3202 1541 3485 1611; x_wconf 69' lang='lat' dir='ltr'><strong>Quomodo</strong></span> <span class='ocrx_word' id='word_1_633' title='bbox 3506 1557 3636 1613; x_wconf 86' lang='lat' dir='ltr'><strong>ergo</strong></span> 
     </span>
    </p>
   </div>
   <div class='ocr_carea' id='block_1_77' title="bbox 2051 1634 3637 1707">
    <p class='ocr_par' dir='ltr' id='par_1_77' title="bbox 2051 1634 3637 1707">
     <span class='ocr_line' id='line_1_77' title="bbox 2051 1634 3637 1707; baseline 0.001 -18"><span class='ocrx_word' id='word_1_634' title='bbox 2051 1634 2141 1690; x_wconf 87' lang='lat' dir='ltr'><strong>illa</strong></span> <span class='ocrx_word' id='word_1_635' title='bbox 2169 1635 2451 1691; x_wconf 80' lang='lat' dir='ltr'><strong>aboletur?</strong></span> <span class='ocrx_word' id='word_1_636' title='bbox 2481 1634 2588 1690; x_wconf 77' lang='lat' dir='ltr'><strong>hoc</strong></span> <span class='ocrx_word' id='word_1_637' title='bbox 2613 1646 2696 1690; x_wconf 90' lang='lat' dir='ltr'><strong>est</strong></span> <span class='ocrx_word' id='word_1_638' title='bbox 2717 1636 2862 1691; x_wconf 87' lang='lat' dir='ltr'><strong>enim</strong></span> <span class='ocrx_word' id='word_1_639' title='bbox 2885 1636 3132 1700; x_wconf 86' lang='lat' dir='ltr'><strong>victoria,</strong></span> <span class='ocrx_word' id='word_1_640' title='bbox 3159 1652 3222 1692; x_wconf 90' lang='lat' dir='ltr'><strong>ea</strong></span> <span class='ocrx_word' id='word_1_641' title='bbox 3243 1651 3365 1707; x_wconf 75' lang='lat' dir='ltr'><strong>qua:</strong></span> <span class='ocrx_word' id='word_1_642' title='bbox 3390 1645 3517 1691; x_wconf 87' lang='lat' dir='ltr'><strong>sunt</strong></span> <span class='ocrx_word' id='word_1_643' title='bbox 3539 1639 3637 1691; x_wconf 87' lang='lat' dir='ltr'><strong>ab-</strong></span> 
     </span>
    </p>
   </div>
   <div class='ocr_carea' id='block_1_78' title="bbox 2052 1727 3634 1799">
    <p class='ocr_par' dir='ltr' id='par_1_78' title="bbox 2052 1727 3634 1799">
     <span class='ocr_line' id='line_1_78' title="bbox 2052 1727 3634 1799; baseline 0.003 -17"><span class='ocrx_word' id='word_1_644' title='bbox 2052 1729 2180 1794; x_wconf 87' lang='lat' dir='ltr'><strong>lata,</strong></span> <span class='ocrx_word' id='word_1_645' title='bbox 2208 1737 2265 1782; x_wconf 92' lang='lat' dir='ltr'><strong>et</strong></span> <span class='ocrx_word' id='word_1_646' title='bbox 2289 1743 2410 1798; x_wconf 75' lang='lat' dir='ltr'><strong>quas</strong></span> <span class='ocrx_word' id='word_1_647' title='bbox 2441 1727 2753 1783; x_wconf 83' lang='lat' dir='ltr'><strong>detinentur</strong></span> <span class='ocrx_word' id='word_1_648' title='bbox 2778 1729 3074 1799; x_wconf 87' lang='lat' dir='ltr'><strong>accepisse.</strong></span> <span class='ocrx_word' id='word_1_649' title='bbox 3120 1730 3175 1785; x_wconf 91' lang='lat' dir='ltr'><strong>Si</strong></span> <span class='ocrx_word' id='word_1_650' title='bbox 3204 1739 3383 1785; x_wconf 82' lang='lat' dir='ltr'><strong>autem</strong></span> <span class='ocrx_word' id='word_1_651' title='bbox 3413 1730 3466 1785; x_wconf 90' lang='lat' dir='ltr'><strong>in</strong></span> <span class='ocrx_word' id='word_1_652' title='bbox 3493 1740 3634 1786; x_wconf 86' lang='lat' dir='ltr'><strong>terra</strong></span> 
     </span>
    </p>
   </div>
   <div class='ocr_carea' id='block_1_79' title="bbox 2050 1821 3633 1896">
    <p class='ocr_par' dir='ltr' id='par_1_79' title="bbox 2050 1821 3633 1896">
     <span class='ocr_line' id='line_1_79' title="bbox 2050 1821 3633 1896; baseline 0.003 -20"><span class='ocrx_word' id='word_1_653' title='bbox 2050 1821 2343 1877; x_wconf 82' lang='lat' dir='ltr'><strong>detinenda</strong></span> <span class='ocrx_word' id='word_1_654' title='bbox 2372 1830 2498 1876; x_wconf 87' lang='lat' dir='ltr'><strong>sunt</strong></span> <span class='ocrx_word' id='word_1_655' title='bbox 2525 1835 2785 1891; x_wconf 83' lang='lat' dir='ltr'><strong>corpora,</strong></span> <span class='ocrx_word' id='word_1_656' title='bbox 2826 1832 3009 1877; x_wconf 81' lang='lat' dir='ltr'><strong>manet</strong></span> <span class='ocrx_word' id='word_1_657' title='bbox 3052 1838 3179 1894; x_wconf 81' lang='lat' dir='ltr'><strong>ergo</strong></span> <span class='ocrx_word' id='word_1_658' title='bbox 3204 1823 3326 1893; x_wconf 73' lang='lat' dir='ltr'><strong>eius</strong></span> <span class='ocrx_word' id='word_1_659' title='bbox 3359 1825 3633 1896; x_wconf 84' lang='lat' dir='ltr'><strong>tyrannis,</strong></span> 
     </span>
    </p>
   </div>
   <div class='ocr_carea' id='block_1_80' title="bbox 2051 1913 3640 1982">
    <p class='ocr_par' dir='ltr' id='par_1_80' title="bbox 2051 1913 3640 1982">
     <span class='ocr_line' id='line_1_80' title="bbox 2051 1913 3640 1982; baseline 0.001 -14"><span class='ocrx_word' id='word_1_660' title='bbox 2051 1929 2174 1968; x_wconf 89' lang='lat' dir='ltr'><strong>cum</strong></span> <span class='ocrx_word' id='word_1_661' title='bbox 2201 1914 2318 1968; x_wconf 60' lang='lat' dir='ltr'><strong>haec</strong></span> <span class='ocrx_word' id='word_1_662' title='bbox 2356 1913 2574 1982; x_wconf 83' lang='lat' dir='ltr'><strong>quidem</strong></span> <span class='ocrx_word' id='word_1_663' title='bbox 2601 1913 2946 1969; x_wconf 80' lang='lat' dir='ltr'><strong>detineantur</strong></span> <span class='ocrx_word' id='word_1_664' title='bbox 2968 1956 2986 1978; x_wconf 84' lang='lat'><strong>,</strong></span> <span class='ocrx_word' id='word_1_665' title='bbox 3025 1914 3171 1971; x_wconf 85' lang='lat' dir='ltr'><strong>aliud</strong></span> <span class='ocrx_word' id='word_1_666' title='bbox 3200 1924 3380 1971; x_wconf 84' lang='lat' dir='ltr'><strong>autem</strong></span> <span class='ocrx_word' id='word_1_667' title='bbox 3424 1931 3528 1970; x_wconf 90' lang='lat' dir='ltr'><strong>non</strong></span> <span class='ocrx_word' id='word_1_668' title='bbox 3568 1918 3640 1971; x_wconf 87' lang='lat' dir='ltr'><strong>sit</strong></span> 
     </span>
    </p>
   </div>
   <div class='ocr_carea' id='block_1_81' title="bbox 2050 1994 3635 2078">
    <p class='ocr_par' dir='ltr' id='par_1_81' title="bbox 2050 1994 3635 2078">
     <span class='ocr_line' id='line_1_81' title="bbox 2050 1994 3635 2078; baseline 0.001 -16"><span class='ocrx_word' id='word_1_669' title='bbox 2050 2022 2252 2077; x_wconf 84' lang='lat' dir='ltr'><strong>corpus</strong></span> <span class='ocrx_word' id='word_1_670' title='bbox 2274 2007 2363 2063; x_wconf 90' lang='lat' dir='ltr'><strong>ubi</strong></span> <span class='ocrx_word' id='word_1_671' title='bbox 2387 2008 2652 2063; x_wconf 76' lang='lat' dir='ltr'><strong>vincatur.</strong></span> <span class='ocrx_word' id='word_1_672' title='bbox 2680 2005 2737 2063; x_wconf 84' lang='lat' dir='ltr'><strong>Si</strong></span> <span class='ocrx_word' id='word_1_673' title='bbox 2764 2020 2895 2077; x_wconf 83' lang='lat' dir='ltr'><strong>ergo</strong></span> <span class='ocrx_word' id='word_1_674' title='bbox 2923 2007 3026 2061; x_wconf 85' lang='lat' dir='ltr'><strong>hoc</strong></span> <span class='ocrx_word' id='word_1_675' title='bbox 3049 1994 3159 2074; x_wconf 85' lang='lat' dir='ltr'><strong>ﬁat,</strong></span> <span class='ocrx_word' id='word_1_676' title='bbox 3179 2007 3321 2078; x_wconf 88' lang='lat' dir='ltr'><strong>quod</strong></span> <span class='ocrx_word' id='word_1_677' title='bbox 3343 2007 3476 2063; x_wconf 85' lang='lat' dir='ltr'><strong>dicit</strong></span> <span class='ocrx_word' id='word_1_678' title='bbox 3496 2007 3635 2063; x_wconf 84' lang='lat' dir='ltr'><strong>Pau-</strong></span> 
     </span>
    </p>
   </div>
   <div class='ocr_carea' id='block_1_82' title="bbox 2054 2100 3637 2170">
    <p class='ocr_par' dir='ltr' id='par_1_82' title="bbox 2054 2100 3637 2170">
     <span class='ocr_line' id='line_1_82' title="bbox 2054 2100 3637 2170; baseline 0 -14"><span class='ocrx_word' id='word_1_679' title='bbox 2054 2102 2160 2167; x_wconf 85' lang='lat' dir='ltr'><strong>lus,</strong></span> <span class='ocrx_word' id='word_1_680' title='bbox 2193 2101 2334 2157; x_wconf 87' lang='lat' dir='ltr'><strong>sicut</strong></span> <span class='ocrx_word' id='word_1_681' title='bbox 2359 2109 2510 2155; x_wconf 88' lang='lat' dir='ltr'><strong>certe</strong></span> <span class='ocrx_word' id='word_1_682' title='bbox 2538 2100 2653 2166; x_wconf 85' lang='lat' dir='ltr'><strong>fiet,</strong></span> <span class='ocrx_word' id='word_1_683' title='bbox 2680 2101 2939 2170; x_wconf 66' lang='lat' dir='ltr'><strong>praeclara</strong></span> <span class='ocrx_word' id='word_1_684' title='bbox 2970 2100 3135 2154; x_wconf 83' lang='lat' dir='ltr'><strong>etiam</strong></span> <span class='ocrx_word' id='word_1_685' title='bbox 3165 2100 3445 2170; x_wconf 85' lang='lat' dir='ltr'><strong>apparebit</strong></span> <span class='ocrx_word' id='word_1_686' title='bbox 3470 2101 3637 2156; x_wconf 86' lang='lat' dir='ltr'><strong>victo-</strong></span> 
     </span>
    </p>
   </div>
   <div class='ocr_carea' id='block_1_83' title="bbox 2052 2190 3642 2262">
    <p class='ocr_par' dir='ltr' id='par_1_83' title="bbox 2052 2190 3642 2262">
     <span class='ocr_line' id='line_1_83' title="bbox 2052 2190 3642 2262; baseline 0.001 -16"><span class='ocrx_word' id='word_1_687' title='bbox 2052 2192 2153 2256; x_wconf 87' lang='lat' dir='ltr'><strong>ria,</strong></span> <span class='ocrx_word' id='word_1_688' title='bbox 2182 2205 2305 2246; x_wconf 90' lang='lat' dir='ltr'><strong>eum</strong></span> <span class='ocrx_word' id='word_1_689' title='bbox 2336 2191 2481 2245; x_wconf 84' lang='lat' dir='ltr'><strong>Deus</strong></span> <span class='ocrx_word' id='word_1_690' title='bbox 2506 2190 2739 2259; x_wconf 87' lang='lat' dir='ltr'><strong>potuerit</strong></span> <span class='ocrx_word' id='word_1_691' title='bbox 2763 2190 3025 2245; x_wconf 83' lang='lat' dir='ltr'><strong>suscitare</strong></span> <span class='ocrx_word' id='word_1_692' title='bbox 3049 2191 3141 2245; x_wconf 86' lang='lat' dir='ltr'><strong>illa</strong></span> <span class='ocrx_word' id='word_1_693' title='bbox 3161 2206 3282 2260; x_wconf 69' lang='lat' dir='ltr'><strong>quas</strong></span> <span class='ocrx_word' id='word_1_694' title='bbox 3310 2191 3378 2246; x_wconf 85' lang='lat' dir='ltr'><strong>ab</strong></span> <span class='ocrx_word' id='word_1_695' title='bbox 3402 2193 3515 2262; x_wconf 87' lang='lat' dir='ltr'><strong>ipsa</strong></span> <span class='ocrx_word' id='word_1_696' title='bbox 3544 2191 3642 2247; x_wconf 74' lang='lat' dir='ltr'><strong>dc~</strong></span> 
     </span>
    </p>
   </div>
   <div class='ocr_carea' id='block_1_84' title="bbox 2052 2282 3640 2354">
    <p class='ocr_par' dir='ltr' id='par_1_84' title="bbox 2052 2282 3640 2354">
     <span class='ocr_line' id='line_1_84' title="bbox 2052 2282 3640 2354; baseline -0.001 -15"><span class='ocrx_word' id='word_1_697' title='bbox 2052 2295 2200 2339; x_wconf 90' lang='lat' dir='ltr'><strong>tenta</strong></span> <span class='ocrx_word' id='word_1_698' title='bbox 2232 2292 2358 2338; x_wconf 81' lang='lat' dir='ltr'><strong>sunt</strong></span> <span class='ocrx_word' id='word_1_699' title='bbox 2383 2296 2632 2352; x_wconf 87' lang='lat' dir='ltr'><strong>corpora.</strong></span> <span class='ocrx_word' id='word_1_700' title='bbox 2667 2282 2799 2337; x_wconf 87' lang='lat' dir='ltr'><strong>Nam</strong></span> <span class='ocrx_word' id='word_1_701' title='bbox 2823 2292 2950 2338; x_wconf 86' lang='lat' dir='ltr'><strong>tunc</strong></span> <span class='ocrx_word' id='word_1_702' title='bbox 2978 2283 3145 2338; x_wconf 83' lang='lat' dir='ltr'><strong>vincit</strong></span> <span class='ocrx_word' id='word_1_703' title='bbox 3167 2285 3428 2354; x_wconf 83' lang='lat' dir='ltr'><strong>quispiam</strong></span> <span class='ocrx_word' id='word_1_704' title='bbox 3459 2284 3640 2339; x_wconf 83' lang='lat' dir='ltr'><strong>inimi-</strong></span> 
     </span>
    </p>
   </div>
   <div class='ocr_carea' id='block_1_85' title="bbox 2051 2372 3641 2444">
    <p class='ocr_par' dir='ltr' id='par_1_85' title="bbox 2051 2372 3641 2444">
     <span class='ocr_line' id='line_1_85' title="bbox 2051 2372 3641 2444; baseline 0.002 -15"><span class='ocrx_word' id='word_1_705' title='bbox 2051 2389 2196 2438; x_wconf 90' lang='lat' dir='ltr'><strong>cum.</strong></span> <span class='ocrx_word' id='word_1_706' title='bbox 2225 2373 2441 2444; x_wconf 87' lang='lat' dir='ltr'><strong>quando</strong></span> <span class='ocrx_word' id='word_1_707' title='bbox 2461 2372 2734 2443; x_wconf 85' lang='lat' dir='ltr'><strong>acceperit</strong></span> <span class='ocrx_word' id='word_1_708' title='bbox 2758 2374 2951 2443; x_wconf 87' lang='lat' dir='ltr'><strong>spolia,</strong></span> <span class='ocrx_word' id='word_1_709' title='bbox 2984 2388 3093 2433; x_wconf 91' lang='lat' dir='ltr'><strong>non</strong></span> <span class='ocrx_word' id='word_1_710' title='bbox 3117 2375 3336 2444; x_wconf 82' lang='lat' dir='ltr'><strong>quando</strong></span> <span class='ocrx_word' id='word_1_711' title='bbox 3357 2375 3468 2444; x_wconf 85' lang='lat' dir='ltr'><strong>ipsa</strong></span> <span class='ocrx_word' id='word_1_712' title='bbox 3497 2376 3641 2432; x_wconf 70' lang='lat' dir='ltr'><strong>sive-</strong></span> 
     </span>
    </p>
   </div>
   <div class='ocr_carea' id='block_1_86' title="bbox 2052 2465 3640 2538">
    <p class='ocr_par' dir='ltr' id='par_1_86' title="bbox 2052 2465 3640 2538">
     <span class='ocr_line' id='line_1_86' title="bbox 2052 2465 3640 2538; baseline 0.002 -18"><span class='ocrx_word' id='word_1_713' title='bbox 2052 2466 2125 2521; x_wconf 88' lang='lat' dir='ltr'><strong>rit</strong></span> <span class='ocrx_word' id='word_1_714' title='bbox 2166 2465 2308 2537; x_wconf 87' lang='lat' dir='ltr'><strong>apud</strong></span> <span class='ocrx_word' id='word_1_715' title='bbox 2335 2480 2457 2521; x_wconf 91' lang='lat' dir='ltr'><strong>eum</strong></span> <span class='ocrx_word' id='word_1_716' title='bbox 2487 2480 2707 2521; x_wconf 85' lang='lat' dir='ltr'><strong>manere</strong></span> <span class='ocrx_word' id='word_1_717' title='bbox 2735 2483 2749 2520; x_wconf 91' lang='lat'><strong>:</strong></span> <span class='ocrx_word' id='word_1_718' title='bbox 2777 2466 2822 2521; x_wconf 92' lang='lat' dir='ltr'><strong>si</strong></span> <span class='ocrx_word' id='word_1_719' title='bbox 2853 2481 3015 2521; x_wconf 89' lang='lat' dir='ltr'><strong>nemo</strong></span> <span class='ocrx_word' id='word_1_720' title='bbox 3067 2475 3247 2522; x_wconf 86' lang='lat' dir='ltr'><strong>autem</strong></span> <span class='ocrx_word' id='word_1_721' title='bbox 3287 2467 3482 2523; x_wconf 80' lang='lat' dir='ltr'><strong>audeat</strong></span> <span class='ocrx_word' id='word_1_722' title='bbox 3516 2482 3640 2538; x_wconf 68' lang='lat' dir='ltr'><strong>quas</strong></span> 
     </span>
    </p>
   </div>
   <div class='ocr_carea' id='block_1_87' title="bbox 2052 2558 3641 2627">
    <p class='ocr_par' dir='ltr' id='par_1_87' title="bbox 2052 2558 3641 2627">
     <span class='ocr_line' id='line_1_87' title="bbox 2052 2558 3641 2627; baseline -0.001 -14"><span class='ocrx_word' id='word_1_723' title='bbox 2052 2567 2179 2613; x_wconf 88' lang='lat' dir='ltr'><strong>sunt</strong></span> <span class='ocrx_word' id='word_1_724' title='bbox 2206 2558 2322 2627; x_wconf 88' lang='lat' dir='ltr'><strong>ejus</strong></span> <span class='ocrx_word' id='word_1_725' title='bbox 2349 2559 2615 2627; x_wconf 77' lang='lat' dir='ltr'><strong>accipere,</strong></span> <span class='ocrx_word' id='word_1_726' title='bbox 2639 2558 2912 2627; x_wconf 90' lang='lat' dir='ltr'><strong>quomodo</strong></span> <span class='ocrx_word' id='word_1_727' title='bbox 2933 2558 3231 2613; x_wconf 80' lang='lat' dir='ltr'><strong>dixerimus</strong></span> <span class='ocrx_word' id='word_1_728' title='bbox 3254 2572 3376 2614; x_wconf 86' lang='lat' dir='ltr'><strong>esse</strong></span> <span class='ocrx_word' id='word_1_729' title='bbox 3402 2558 3641 2614; x_wconf 77' lang='lat' dir='ltr'><strong>victum?</strong></span> 
     </span>
    </p>
   </div>
   <div class='ocr_carea' id='block_1_88' title="bbox 2128 2648 3639 2722">
    <p class='ocr_par' dir='ltr' id='par_1_88' title="bbox 2128 2648 3639 2722">
     <span class='ocr_line' id='line_1_88' title="bbox 2128 2648 3639 2722; baseline 0.001 -19"><span class='ocrx_word' id='word_1_730' title='bbox 2128 2650 2180 2703; x_wconf 85' lang='lat'><strong>7.</strong></span> <span class='ocrx_word' id='word_1_731' title='bbox 2214 2649 2326 2705; x_wconf 83' lang='lat' dir='ltr'><strong>Hoc</strong></span> <span class='ocrx_word' id='word_1_732' title='bbox 2351 2649 2512 2703; x_wconf 89' lang='lat' dir='ltr'><strong>etiam</strong></span> <span class='ocrx_word' id='word_1_733' title='bbox 2543 2648 2706 2703; x_wconf 91' lang='lat' dir='ltr'><strong>modo</strong></span> <span class='ocrx_word' id='word_1_734' title='bbox 2734 2650 2970 2704; x_wconf 83' lang='lat' dir='ltr'><strong>victoriae</strong></span> <span class='ocrx_word' id='word_1_735' title='bbox 2990 2648 3237 2705; x_wconf 88' lang='lat' dir='ltr'><strong>Christus</strong></span> <span class='ocrx_word' id='word_1_736' title='bbox 3257 2650 3311 2705; x_wconf 86' lang='lat' dir='ltr'><strong>in</strong></span> <span class='ocrx_word' id='word_1_737' title='bbox 3335 2649 3639 2722; x_wconf 74' lang='lat' dir='ltr'><strong>Evangeliis</strong></span> 
     </span>
    </p>
   </div>
   <div class='ocr_carea' id='block_1_89' title="bbox 2049 2740 3635 2813">
    <p class='ocr_par' dir='ltr' id='par_1_89' title="bbox 2049 2740 3635 2813">
     <span class='ocr_line' id='line_1_89' title="bbox 2049 2740 3635 2813; baseline -0.001 -16"><span class='ocrx_word' id='word_1_738' title='bbox 2049 2742 2186 2797; x_wconf 88' lang='lat' dir='ltr'><strong>dicit</strong></span> <span class='ocrx_word' id='word_1_739' title='bbox 2212 2756 2272 2796; x_wconf 88' lang='lat' dir='ltr'><strong>se</strong></span> <span class='ocrx_word' id='word_1_740' title='bbox 2297 2741 2493 2796; x_wconf 86' lang='lat' dir='ltr'><strong>vicisse</strong></span> <span class='ocrx_word' id='word_1_741' title='bbox 2521 2740 2607 2795; x_wconf 82' lang='lat' dir='ltr'><strong>his</strong></span> <span class='ocrx_word' id='word_1_742' title='bbox 2630 2741 2812 2795; x_wconf 85' lang='lat' dir='ltr'><strong>verbis</strong></span> <span class='ocrx_word' id='word_1_743' title='bbox 2839 2759 2852 2794; x_wconf 89' lang='lat'><strong>:</strong></span> <span class='ocrx_word' id='word_1_744' title='bbox 2881 2741 3100 2807; x_wconf 82' lang='lat' dir='ltr'><strong>Quando</strong></span> <span class='ocrx_word' id='word_1_745' title='bbox 3124 2742 3408 2813; x_wconf 78' lang='lat' dir='ltr'><strong>alligaverit</strong></span> <span class='ocrx_word' id='word_1_746' title='bbox 3433 2743 3635 2811; x_wconf 82' lang='lat' dir='ltr'><strong>fortem,</strong></span> 
     </span>
    </p>
   </div>
   <div class='ocr_carea' id='block_1_90' title="bbox 2056 2830 3643 2904">
    <p class='ocr_par' dir='ltr' id='par_1_90' title="bbox 2056 2830 3643 2904">
     <span class='ocr_line' id='line_1_90' title="bbox 2056 2830 3643 2904; baseline 0.001 -17"><span class='ocrx_word' id='word_1_747' title='bbox 2056 2846 2173 2887; x_wconf 85' lang='lat' dir='ltr'><strong>tunc</strong></span> <span class='ocrx_word' id='word_1_748' title='bbox 2215 2843 2261 2886; x_wconf 87' lang='lat' dir='ltr'><strong>et</strong></span> <span class='ocrx_word' id='word_1_749' title='bbox 2300 2848 2421 2886; x_wconf 71' lang='lat' dir='ltr'><strong>vasa</strong></span> <span class='ocrx_word' id='word_1_750' title='bbox 2463 2833 2576 2901; x_wconf 84' lang='lat' dir='ltr'><strong>ejus</strong></span> <span class='ocrx_word' id='word_1_751' title='bbox 2601 2832 2809 2903; x_wconf 75' lang='lat' dir='ltr'><strong>diripiet</strong></span> <span class='ocrx_word' id='word_1_752' title='bbox 2847 2830 3062 2901; x_wconf 69' lang='lat' dir='ltr'><strong>(Matth.</strong></span> <span class='ocrx_word' id='word_1_753' title='bbox 3095 2832 3184 2887; x_wconf 67' lang='lat' dir='ltr'><strong>li.</strong></span> <span class='ocrx_word' id='word_1_754' title='bbox 3213 2832 3327 2903; x_wconf 66' lang='lat'><strong>29).</strong></span> <span class='ocrx_word' id='word_1_755' title='bbox 3358 2834 3569 2904; x_wconf 75' lang='lat' dir='ltr'><strong>Alioqui</strong></span> <span class='ocrx_word' id='word_1_756' title='bbox 3595 2835 3643 2888; x_wconf 84' lang='lat' dir='ltr'><strong>si</strong></span> 
     </span>
    </p>
   </div>
   <div class='ocr_carea' id='block_1_91' title="bbox 2058 2923 3638 2994">
    <p class='ocr_par' dir='ltr' id='par_1_91' title="bbox 2058 2923 3638 2994">
     <span class='ocr_line' id='line_1_91' title="bbox 2058 2923 3638 2994; baseline 0.002 -16"><span class='ocrx_word' id='word_1_757' title='bbox 2058 2926 2160 2980; x_wconf 85' lang='lat' dir='ltr'><strong>hoc</strong></span> <span class='ocrx_word' id='word_1_758' title='bbox 2182 2940 2290 2978; x_wconf 89' lang='lat' dir='ltr'><strong>non</strong></span> <span class='ocrx_word' id='word_1_759' title='bbox 2320 2923 2537 2988; x_wconf 88' lang='lat' dir='ltr'><strong>factum,</strong></span> <span class='ocrx_word' id='word_1_760' title='bbox 2564 2939 2632 2979; x_wconf 90' lang='lat' dir='ltr'><strong>ne</strong></span> <span class='ocrx_word' id='word_1_761' title='bbox 2654 2924 2935 2979; x_wconf 82' lang='lat' dir='ltr'><strong>manifesta</strong></span> <span class='ocrx_word' id='word_1_762' title='bbox 2963 2924 3178 2994; x_wconf 90' lang='lat' dir='ltr'><strong>quidem</strong></span> <span class='ocrx_word' id='word_1_763' title='bbox 3210 2924 3372 2980; x_wconf 90' lang='lat' dir='ltr'><strong>fuerit</strong></span> <span class='ocrx_word' id='word_1_764' title='bbox 3394 2926 3638 2981; x_wconf 83' lang='lat' dir='ltr'><strong>victoria.</strong></span> 
     </span>
    </p>
   </div>
   <div class='ocr_carea' id='block_1_92' title="bbox 2052 3014 3639 3087">
    <p class='ocr_par' dir='ltr' id='par_1_92' title="bbox 2052 3014 3639 3087">
     <span class='ocr_line' id='line_1_92' title="bbox 2052 3014 3639 3087; baseline 0 -16"><span class='ocrx_word' id='word_1_765' title='bbox 2052 3017 2184 3071; x_wconf 84' lang='lat' dir='ltr'><strong>Nam</strong></span> <span class='ocrx_word' id='word_1_766' title='bbox 2205 3016 2344 3071; x_wconf 81' lang='lat' dir='ltr'><strong>sicut</strong></span> <span class='ocrx_word' id='word_1_767' title='bbox 2363 3015 2410 3071; x_wconf 88' lang='lat' dir='ltr'><strong>si</strong></span> <span class='ocrx_word' id='word_1_768' title='bbox 2430 3014 2498 3071; x_wconf 91' lang='lat' dir='ltr'><strong>de</strong></span> <span class='ocrx_word' id='word_1_769' title='bbox 2524 3024 2700 3071; x_wconf 88' lang='lat' dir='ltr'><strong>morte</strong></span> <span class='ocrx_word' id='word_1_770' title='bbox 2720 3016 2917 3073; x_wconf 60' lang='lat' dir='ltr'><strong>animai</strong></span> <span class='ocrx_word' id='word_1_771' title='bbox 2936 3025 3146 3087; x_wconf 82' lang='lat' dir='ltr'><strong>agatur,</strong></span> <span class='ocrx_word' id='word_1_772' title='bbox 3165 3016 3254 3086; x_wconf 87' lang='lat' dir='ltr'><strong>qui</strong></span> <span class='ocrx_word' id='word_1_773' title='bbox 3275 3026 3358 3073; x_wconf 87' lang='lat' dir='ltr'><strong>est</strong></span> <span class='ocrx_word' id='word_1_774' title='bbox 3374 3026 3639 3084; x_wconf 84' lang='lat' dir='ltr'><strong>mortuus,</strong></span> 
     </span>
    </p>
   </div>
   <div class='ocr_carea' id='block_1_93' title="bbox 2054 3107 3636 3178">
    <p class='ocr_par' dir='ltr' id='par_1_93' title="bbox 2054 3107 3636 3178">
     <span class='ocr_line' id='line_1_93' title="bbox 2054 3107 3636 3178; baseline 0.001 -15"><span class='ocrx_word' id='word_1_775' title='bbox 2054 3109 2153 3164; x_wconf 90' lang='lat' dir='ltr'><strong>fuit</strong></span> <span class='ocrx_word' id='word_1_776' title='bbox 2175 3107 2498 3178; x_wconf 85' lang='lat' dir='ltr'><strong>justiﬁcatus</strong></span> <span class='ocrx_word' id='word_1_777' title='bbox 2522 3121 2551 3162; x_wconf 88' lang='lat' dir='ltr'><strong>a</strong></span> <span class='ocrx_word' id='word_1_778' title='bbox 2582 3117 2822 3178; x_wconf 90' lang='lat' dir='ltr'><strong>peccato,</strong></span> <span class='ocrx_word' id='word_1_779' title='bbox 2857 3122 3032 3177; x_wconf 89' lang='lat' dir='ltr'><strong>neque</strong></span> <span class='ocrx_word' id='word_1_780' title='bbox 3061 3107 3165 3163; x_wconf 82' lang='lat' dir='ltr'><strong>hoc</strong></span> <span class='ocrx_word' id='word_1_781' title='bbox 3192 3109 3487 3164; x_wconf 83' lang='lat' dir='ltr'><strong>dixerimus</strong></span> <span class='ocrx_word' id='word_1_782' title='bbox 3512 3123 3636 3165; x_wconf 85' lang='lat' dir='ltr'><strong>esse</strong></span> 
     </span>
    </p>
   </div>
   <div class='ocr_carea' id='block_1_94' title="bbox 2054 3199 3641 3269">
    <p class='ocr_par' dir='ltr' id='par_1_94' title="bbox 2054 3199 3641 3269">
     <span class='ocr_line' id='line_1_94' title="bbox 2054 3199 3641 3269; baseline 0.003 -16"><span class='ocrx_word' id='word_1_783' title='bbox 2054 3200 2365 3263; x_wconf 86' lang='lat' dir='ltr'><strong>victoriam;</strong></span> <span class='ocrx_word' id='word_1_784' title='bbox 2396 3199 2486 3253; x_wconf 92' lang='lat' dir='ltr'><strong>ille</strong></span> <span class='ocrx_word' id='word_1_785' title='bbox 2514 3199 2658 3253; x_wconf 88' lang='lat' dir='ltr'><strong>enim</strong></span> <span class='ocrx_word' id='word_1_786' title='bbox 2683 3200 2878 3269; x_wconf 90' lang='lat' dir='ltr'><strong>estqui</strong></span> <span class='ocrx_word' id='word_1_787' title='bbox 2901 3200 3051 3266; x_wconf 83' lang='lat' dir='ltr'><strong>vicit,</strong></span> <span class='ocrx_word' id='word_1_788' title='bbox 3078 3214 3188 3256; x_wconf 87' lang='lat' dir='ltr'><strong>non</strong></span> <span class='ocrx_word' id='word_1_789' title='bbox 3209 3200 3301 3269; x_wconf 86' lang='lat' dir='ltr'><strong>qui</strong></span> <span class='ocrx_word' id='word_1_790' title='bbox 3326 3200 3484 3255; x_wconf 86' lang='lat' dir='ltr'><strong>malis</strong></span> <span class='ocrx_word' id='word_1_791' title='bbox 3506 3200 3641 3257; x_wconf 84' lang='lat' dir='ltr'><strong>nihil</strong></span> 
     </span>
    </p>
   </div>
   <div class='ocr_carea' id='block_1_95' title="bbox 2053 3293 3641 3362">
    <p class='ocr_par' dir='ltr' id='par_1_95' title="bbox 2053 3293 3641 3362">
     <span class='ocr_line' id='line_1_95' title="bbox 2053 3293 3641 3362; baseline -0.002 -14"><span class='ocrx_word' id='word_1_792' title='bbox 2053 3293 2296 3361; x_wconf 89' lang='lat' dir='ltr'><strong>addidit,</strong></span> <span class='ocrx_word' id='word_1_793' title='bbox 2328 3293 2422 3348; x_wconf 89' lang='lat' dir='ltr'><strong>sed</strong></span> <span class='ocrx_word' id='word_1_794' title='bbox 2451 3294 2541 3362; x_wconf 91' lang='lat' dir='ltr'><strong>qui</strong></span> <span class='ocrx_word' id='word_1_795' title='bbox 2572 3306 2690 3347; x_wconf 85' lang='lat' dir='ltr'><strong>eam</strong></span> <span class='ocrx_word' id='word_1_796' title='bbox 2735 3308 2855 3362; x_wconf 62' lang='lat' dir='ltr'><strong>qua:</strong></span> <span class='ocrx_word' id='word_1_797' title='bbox 2897 3293 3007 3361; x_wconf 87' lang='lat' dir='ltr'><strong>jam</strong></span> <span class='ocrx_word' id='word_1_798' title='bbox 3047 3300 3167 3349; x_wconf 84' lang='lat' dir='ltr'><strong>erat</strong></span> <span class='ocrx_word' id='word_1_799' title='bbox 3200 3294 3371 3359; x_wconf 77' lang='lat' dir='ltr'><strong>animi</strong></span> <span class='ocrx_word' id='word_1_800' title='bbox 3400 3300 3641 3348; x_wconf 86' lang='lat' dir='ltr'><strong>motuum</strong></span> 
     </span>
    </p>
   </div>
   <div class='ocr_carea' id='block_1_96' title="bbox 2053 3383 3640 3453">
    <p class='ocr_par' dir='ltr' id='par_1_96' title="bbox 2053 3383 3640 3453">
     <span class='ocr_line' id='line_1_96' title="bbox 2053 3383 3640 3453; baseline -0.001 -14"><span class='ocrx_word' id='word_1_801' title='bbox 2053 3384 2214 3439; x_wconf 87' lang='lat' dir='ltr'><strong>solvit</strong></span> <span class='ocrx_word' id='word_1_802' title='bbox 2241 3383 2603 3453; x_wconf 87' lang='lat' dir='ltr'><strong>captivitatem</strong></span> <span class='ocrx_word' id='word_1_803' title='bbox 2630 3401 2643 3435; x_wconf 89' lang='lat'><strong>:</strong></span> <span class='ocrx_word' id='word_1_804' title='bbox 2670 3385 2740 3437; x_wconf 89' lang='lat' dir='ltr'><strong>ita</strong></span> <span class='ocrx_word' id='word_1_805' title='bbox 2771 3383 2857 3438; x_wconf 89' lang='lat' dir='ltr'><strong>hic</strong></span> <span class='ocrx_word' id='word_1_806' title='bbox 2880 3399 3092 3453; x_wconf 87' lang='lat' dir='ltr'><strong>quoque</strong></span> <span class='ocrx_word' id='word_1_807' title='bbox 3120 3400 3225 3438; x_wconf 85' lang='lat' dir='ltr'><strong>non</strong></span> <span class='ocrx_word' id='word_1_808' title='bbox 3257 3384 3459 3439; x_wconf 75' lang='lat' dir='ltr'><strong>stitisse</strong></span> <span class='ocrx_word' id='word_1_809' title='bbox 3488 3398 3640 3438; x_wconf 82' lang='lat' dir='ltr'><strong>mor-</strong></span> 
     </span>
    </p>
   </div>
   <div class='ocr_carea' id='block_1_97' title="bbox 2056 3474 3641 3545">
    <p class='ocr_par' dir='ltr' id='par_1_97' title="bbox 2056 3474 3641 3545">
     <span class='ocr_line' id='line_1_97' title="bbox 2056 3474 3641 3545; baseline -0.001 -16"><span class='ocrx_word' id='word_1_810' title='bbox 2056 3487 2164 3529; x_wconf 90' lang='lat' dir='ltr'><strong>tem</strong></span> <span class='ocrx_word' id='word_1_811' title='bbox 2192 3489 2421 3544; x_wconf 87' lang='lat' dir='ltr'><strong>corpora</strong></span> <span class='ocrx_word' id='word_1_812' title='bbox 2464 3474 2846 3544; x_wconf 90' lang='lat' dir='ltr'><strong>depascentem</strong></span> <span class='ocrx_word' id='word_1_813' title='bbox 2873 3515 2887 3537; x_wconf 91' lang='lat'><strong>,</strong></span> <span class='ocrx_word' id='word_1_814' title='bbox 2925 3489 3045 3529; x_wconf 88' lang='lat' dir='ltr'><strong>esse</strong></span> <span class='ocrx_word' id='word_1_815' title='bbox 3071 3476 3298 3530; x_wconf 76' lang='lat' dir='ltr'><strong>dixerim</strong></span> <span class='ocrx_word' id='word_1_816' title='bbox 3327 3476 3641 3545; x_wconf 67' lang='lat' dir='ltr'><strong>praeclaram</strong></span> 
     </span>
    </p>
   </div>
   <div class='ocr_carea' id='block_1_98' title="bbox 2056 3565 3639 3636">
    <p class='ocr_par' dir='ltr' id='par_1_98' title="bbox 2056 3565 3639 3636">
     <span class='ocr_line' id='line_1_98' title="bbox 2056 3565 3639 3636; baseline -0.001 -16"><span class='ocrx_word' id='word_1_817' title='bbox 2056 3567 2361 3628; x_wconf 78' lang='lat' dir='ltr'><strong>victoriam,</strong></span> <span class='ocrx_word' id='word_1_818' title='bbox 2390 3566 2483 3620; x_wconf 88' lang='lat' dir='ltr'><strong>sed</strong></span> <span class='ocrx_word' id='word_1_819' title='bbox 2511 3580 2632 3635; x_wconf 76' lang='lat' dir='ltr'><strong>quae</strong></span> <span class='ocrx_word' id='word_1_820' title='bbox 2655 3565 2765 3635; x_wconf 89' lang='lat' dir='ltr'><strong>jam</strong></span> <span class='ocrx_word' id='word_1_821' title='bbox 2786 3567 3001 3620; x_wconf 86' lang='lat' dir='ltr'><strong>detenta</strong></span> <span class='ocrx_word' id='word_1_822' title='bbox 3022 3576 3174 3620; x_wconf 84' lang='lat' dir='ltr'><strong>erant</strong></span> <span class='ocrx_word' id='word_1_823' title='bbox 3194 3581 3419 3636; x_wconf 86' lang='lat' dir='ltr'><strong>corpora</strong></span> <span class='ocrx_word' id='word_1_824' title='bbox 3440 3567 3507 3619; x_wconf 86' lang='lat' dir='ltr'><strong>ab</strong></span> <span class='ocrx_word' id='word_1_825' title='bbox 3528 3566 3639 3635; x_wconf 91' lang='lat' dir='ltr'><strong>ipsa</strong></span> 
     </span>
    </p>
   </div>
   <div class='ocr_carea' id='block_1_99' title="bbox 2055 3657 3644 3714">
    <p class='ocr_par' dir='ltr' id='par_1_99' title="bbox 2055 3657 3644 3714">
     <span class='ocr_line' id='line_1_99' title="bbox 2055 3657 3644 3714; baseline -0.001 0"><span class='ocrx_word' id='word_1_826' title='bbox 2055 3659 2234 3714; x_wconf 86' lang='lat' dir='ltr'><strong>avelli.</strong></span> <span class='ocrx_word' id='word_1_827' title='bbox 2254 3659 2311 3714; x_wconf 90' lang='lat' dir='ltr'><strong>Si</strong></span> <span class='ocrx_word' id='word_1_828' title='bbox 2334 3667 2512 3712; x_wconf 88' lang='lat' dir='ltr'><strong>autem</strong></span> <span class='ocrx_word' id='word_1_829' title='bbox 2542 3657 2718 3713; x_wconf 87' lang='lat' dir='ltr'><strong>adhuc</strong></span> <span class='ocrx_word' id='word_1_830' title='bbox 2745 3657 3071 3712; x_wconf 86' lang='lat' dir='ltr'><strong>contendant</strong></span> <span class='ocrx_word' id='word_1_831' title='bbox 3094 3667 3149 3712; x_wconf 86' lang='lat' dir='ltr'><strong>et</strong></span> <span class='ocrx_word' id='word_1_832' title='bbox 3174 3657 3356 3712; x_wconf 91' lang='lat' dir='ltr'><strong>dicant</strong></span> <span class='ocrx_word' id='word_1_833' title='bbox 3377 3657 3447 3713; x_wconf 87' lang='lat' dir='ltr'><strong>de</strong></span> <span class='ocrx_word' id='word_1_834' title='bbox 3471 3667 3644 3712; x_wconf 90' lang='lat' dir='ltr'><strong>morte</strong></span> 
     </span>
    </p>
   </div>
   <div class='ocr_carea' id='block_1_100' title="bbox 2057 3748 3642 3818">
    <p class='ocr_par' dir='ltr' id='par_1_100' title="bbox 2057 3748 3642 3818">
     <span class='ocr_line' id='line_1_100' title="bbox 2057 3748 3642 3818; baseline -0.004 -13"><span class='ocrx_word' id='word_1_835' title='bbox 2057 3753 2253 3806; x_wconf 71' lang='lat' dir='ltr'><strong>anima:</strong></span> <span class='ocrx_word' id='word_1_836' title='bbox 2276 3752 2391 3803; x_wconf 71' lang='lat' dir='ltr'><strong>haec</strong></span> <span class='ocrx_word' id='word_1_837' title='bbox 2412 3763 2534 3804; x_wconf 87' lang='lat' dir='ltr'><strong>esse</strong></span> <span class='ocrx_word' id='word_1_838' title='bbox 2555 3748 2696 3803; x_wconf 89' lang='lat' dir='ltr'><strong>dicta</strong></span> <span class='ocrx_word' id='word_1_839' title='bbox 2712 3790 2728 3816; x_wconf 93' lang='lat'><strong>,</strong></span> <span class='ocrx_word' id='word_1_840' title='bbox 2756 3748 3025 3818; x_wconf 86' lang='lat' dir='ltr'><strong>quomodo</strong></span> <span class='ocrx_word' id='word_1_841' title='bbox 3050 3749 3136 3803; x_wconf 89' lang='lat' dir='ltr'><strong>illa</strong></span> <span class='ocrx_word' id='word_1_842' title='bbox 3158 3748 3403 3803; x_wconf 85' lang='lat' dir='ltr'><strong>aboletur</strong></span> <span class='ocrx_word' id='word_1_843' title='bbox 3421 3748 3642 3802; x_wconf 74' lang='lat' dir='ltr'><strong>ultima?</strong></span> 
     </span>
    </p>
   </div>
   <div class='ocr_carea' id='block_1_101' title="bbox 2057 3840 3638 3910">
    <p class='ocr_par' dir='ltr' id='par_1_101' title="bbox 2057 3840 3638 3910">
     <span class='ocr_line' id='line_1_101' title="bbox 2057 3840 3638 3910; baseline -0.003 -13"><span class='ocrx_word' id='word_1_844' title='bbox 2057 3857 2183 3896; x_wconf 87' lang='lat' dir='ltr'><strong>nam</strong></span> <span class='ocrx_word' id='word_1_845' title='bbox 2215 3843 2270 3896; x_wconf 90' lang='lat' dir='ltr'><strong>in</strong></span> <span class='ocrx_word' id='word_1_846' title='bbox 2300 3855 2625 3910; x_wconf 88' lang='lat' dir='ltr'><strong>unoquoque</strong></span> <span class='ocrx_word' id='word_1_847' title='bbox 2650 3841 2740 3910; x_wconf 92' lang='lat' dir='ltr'><strong>qui</strong></span> <span class='ocrx_word' id='word_1_848' title='bbox 2770 3841 3090 3910; x_wconf 81' lang='lat' dir='ltr'><strong>baptizatur,</strong></span> <span class='ocrx_word' id='word_1_849' title='bbox 3122 3841 3280 3910; x_wconf 89' lang='lat' dir='ltr'><strong>plene</strong></span> <span class='ocrx_word' id='word_1_850' title='bbox 3308 3849 3395 3895; x_wconf 88' lang='lat' dir='ltr'><strong>est</strong></span> <span class='ocrx_word' id='word_1_851' title='bbox 3419 3840 3638 3895; x_wconf 81' lang='lat' dir='ltr'><strong>abolita.</strong></span> 
     </span>
    </p>
   </div>
   <div class='ocr_carea' id='block_1_102' title="bbox 2057 3932 3642 4004">
    <p class='ocr_par' dir='ltr' id='par_1_102' title="bbox 2057 3932 3642 4004">
     <span class='ocr_line' id='line_1_102' title="bbox 2057 3932 3642 4004; baseline -0.001 -15"><span class='ocrx_word' id='word_1_852' title='bbox 2057 3933 2164 3989; x_wconf 89' lang='lat' dir='ltr'><strong>Sed</strong></span> <span class='ocrx_word' id='word_1_853' title='bbox 2194 3935 2238 3989; x_wconf 89' lang='lat' dir='ltr'><strong>si</strong></span> <span class='ocrx_word' id='word_1_854' title='bbox 2270 3934 2420 3987; x_wconf 89' lang='lat' dir='ltr'><strong>dicas</strong></span> <span class='ocrx_word' id='word_1_855' title='bbox 2457 3932 2528 3988; x_wconf 90' lang='lat' dir='ltr'><strong>de</strong></span> <span class='ocrx_word' id='word_1_856' title='bbox 2565 3947 2793 4001; x_wconf 90' lang='lat' dir='ltr'><strong>corpore</strong></span> <span class='ocrx_word' id='word_1_857' title='bbox 2816 3975 2832 3999; x_wconf 95' lang='lat'><strong>,</strong></span> <span class='ocrx_word' id='word_1_858' title='bbox 2879 3934 3053 3988; x_wconf 88' lang='lat' dir='ltr'><strong>locum</strong></span> <span class='ocrx_word' id='word_1_859' title='bbox 3086 3934 3246 3990; x_wconf 87' lang='lat' dir='ltr'><strong>liabet</strong></span> <span class='ocrx_word' id='word_1_860' title='bbox 3272 3935 3413 4004; x_wconf 90' lang='lat' dir='ltr'><strong>quod</strong></span> <span class='ocrx_word' id='word_1_861' title='bbox 3443 3934 3642 3989; x_wconf 86' lang='lat' dir='ltr'><strong>dictum</strong></span> 
     </span>
    </p>
   </div>
   <div class='ocr_carea' id='block_1_103' title="bbox 2060 4026 3645 4098">
    <p class='ocr_par' dir='ltr' id='par_1_103' title="bbox 2060 4026 3645 4098">
     <span class='ocr_line' id='line_1_103' title="bbox 2060 4026 3645 4098; baseline -0.002 -15"><span class='ocrx_word' id='word_1_862' title='bbox 2060 4038 2164 4094; x_wconf 83' lang='lat' dir='ltr'><strong>est,</strong></span> <span class='ocrx_word' id='word_1_863' title='bbox 2199 4042 2397 4096; x_wconf 88' lang='lat' dir='ltr'><strong>nempe</strong></span> <span class='ocrx_word' id='word_1_864' title='bbox 2425 4026 2568 4097; x_wconf 89' lang='lat' dir='ltr'><strong>quod</strong></span> <span class='ocrx_word' id='word_1_865' title='bbox 2596 4041 2743 4082; x_wconf 88' lang='lat' dir='ltr'><strong>mors</strong></span> <span class='ocrx_word' id='word_1_866' title='bbox 2773 4026 2958 4081; x_wconf 86' lang='lat' dir='ltr'><strong>ultima</strong></span> <span class='ocrx_word' id='word_1_867' title='bbox 2986 4026 3282 4082; x_wconf 76' lang='lat' dir='ltr'><strong>abolentur.</strong></span> <span class='ocrx_word' id='word_1_868' title='bbox 3315 4027 3370 4083; x_wconf 84' lang='lat' dir='ltr'><strong>Si</strong></span> <span class='ocrx_word' id='word_1_869' title='bbox 3401 4027 3520 4098; x_wconf 90' lang='lat' dir='ltr'><strong>quis</strong></span> <span class='ocrx_word' id='word_1_870' title='bbox 3548 4042 3645 4081; x_wconf 83' lang='lat' dir='ltr'><strong>an-</strong></span> 
     </span>
    </p>
   </div>
   <div class='ocr_carea' id='block_1_104' title="bbox 2059 4117 3681 4188">
    <p class='ocr_par' dir='ltr' id='par_1_104' title="bbox 2059 4117 3681 4188">
     <span class='ocr_line' id='line_1_104' title="bbox 2059 4117 3681 4188; baseline -0.002 -13"><span class='ocrx_word' id='word_1_871' title='bbox 2059 4130 2168 4175; x_wconf 89' lang='lat' dir='ltr'><strong>tem</strong></span> <span class='ocrx_word' id='word_1_872' title='bbox 2208 4118 2462 4175; x_wconf 85' lang='lat' dir='ltr'><strong>dubituns</strong></span> <span class='ocrx_word' id='word_1_873' title='bbox 2487 4126 2691 4188; x_wconf 68' lang='lat' dir='ltr'><strong>quierat</strong></span> <span class='ocrx_word' id='word_1_874' title='bbox 2711 4160 2724 4181; x_wconf 90' lang='lat'><strong>,</strong></span> <span class='ocrx_word' id='word_1_875' title='bbox 2760 4132 2857 4172; x_wconf 90' lang='lat' dir='ltr'><strong>cur</strong></span> <span class='ocrx_word' id='word_1_876' title='bbox 2883 4133 3003 4172; x_wconf 90' lang='lat' dir='ltr'><strong>cum</strong></span> <span class='ocrx_word' id='word_1_877' title='bbox 3034 4117 3324 4174; x_wconf 87' lang='lat' dir='ltr'><strong>dissereret</strong></span> <span class='ocrx_word' id='word_1_878' title='bbox 3354 4119 3420 4172; x_wconf 92' lang='lat' dir='ltr'><strong>de</strong></span> <span class='ocrx_word' id='word_1_879' title='bbox 3461 4132 3643 4173; x_wconf 84' lang='lat' dir='ltr'><strong>resur—</strong></span> <span class='ocrx_word' id='word_1_880' title='bbox 3676 4128 3681 4133; x_wconf 92' lang='lat'><strong><em>&#39;</em></strong></span> 
     </span>
    </p>
   </div>
   <div class='ocr_carea' id='block_1_105' title="bbox 2062 4211 3645 4281">
    <p class='ocr_par' dir='ltr' id='par_1_105' title="bbox 2062 4211 3645 4281">
     <span class='ocr_line' id='line_1_105' title="bbox 2062 4211 3645 4281; baseline -0.001 -14"><span class='ocrx_word' id='word_1_881' title='bbox 2062 4212 2324 4277; x_wconf 85' lang='lat' dir='ltr'><strong>rectione,</strong></span> <span class='ocrx_word' id='word_1_882' title='bbox 2357 4213 2410 4265; x_wconf 90' lang='lat' dir='ltr'><strong>in</strong></span> <span class='ocrx_word' id='word_1_883' title='bbox 2442 4212 2677 4266; x_wconf 86' lang='lat' dir='ltr'><strong>medium</strong></span> <span class='ocrx_word' id='word_1_884' title='bbox 2707 4225 2815 4265; x_wconf 75' lang='lat' dir='ltr'><strong>non</strong></span> <span class='ocrx_word' id='word_1_885' title='bbox 2841 4211 3125 4266; x_wconf 78' lang='lat' dir='ltr'><strong>adduxerit</strong></span> <span class='ocrx_word' id='word_1_886' title='bbox 3150 4226 3374 4280; x_wconf 88' lang='lat' dir='ltr'><strong>corpora</strong></span> <span class='ocrx_word' id='word_1_887' title='bbox 3405 4225 3526 4281; x_wconf 75' lang='lat' dir='ltr'><strong>qua:</strong></span> <span class='ocrx_word' id='word_1_888' title='bbox 3552 4225 3645 4265; x_wconf 87' lang='lat' dir='ltr'><strong>re-</strong></span> 
     </span>
    </p>
   </div>
   <div class='ocr_carea' id='block_1_106' title="bbox 2060 4303 3646 4373">
    <p class='ocr_par' dir='ltr' id='par_1_106' title="bbox 2060 4303 3646 4373">
     <span class='ocr_line' id='line_1_106' title="bbox 2060 4303 3646 4373; baseline -0.001 -14"><span class='ocrx_word' id='word_1_889' title='bbox 2060 4314 2414 4361; x_wconf 87' lang='lat' dir='ltr'><strong>surrexerunt</strong></span> <span class='ocrx_word' id='word_1_890' title='bbox 2440 4315 2683 4373; x_wconf 88' lang='lat' dir='ltr'><strong>tempore</strong></span> <span class='ocrx_word' id='word_1_891' title='bbox 2710 4305 2916 4359; x_wconf 90' lang='lat' dir='ltr'><strong>Domini</strong></span> <span class='ocrx_word' id='word_1_892' title='bbox 2940 4345 2954 4369; x_wconf 92' lang='lat'><strong>,</strong></span> <span class='ocrx_word' id='word_1_893' title='bbox 2988 4303 3117 4357; x_wconf 91' lang='lat' dir='ltr'><strong>illud</strong></span> <span class='ocrx_word' id='word_1_894' title='bbox 3144 4304 3438 4359; x_wconf 81' lang='lat' dir='ltr'><strong>dixerimus</strong></span> <span class='ocrx_word' id='word_1_895' title='bbox 3456 4343 3473 4370; x_wconf 92' lang='lat'><strong>,</strong></span> <span class='ocrx_word' id='word_1_896' title='bbox 3500 4305 3646 4373; x_wconf 76' lang='lat' dir='ltr'><strong>quod</strong></span> 
     </span>
    </p>
   </div>
   <div class='ocr_carea' id='block_1_107' title="bbox 2060 4396 3642 4467">
    <p class='ocr_par' dir='ltr' id='par_1_107' title="bbox 2060 4396 3642 4467">
     <span class='ocr_line' id='line_1_107' title="bbox 2060 4396 3642 4467; baseline -0.001 -17"><span class='ocrx_word' id='word_1_897' title='bbox 2060 4398 2163 4452; x_wconf 87' lang='lat' dir='ltr'><strong>hoc</strong></span> <span class='ocrx_word' id='word_1_898' title='bbox 2191 4413 2297 4452; x_wconf 91' lang='lat' dir='ltr'><strong>non</strong></span> <span class='ocrx_word' id='word_1_899' title='bbox 2326 4396 2517 4452; x_wconf 79' lang='lat' dir='ltr'><strong>fuisset</strong></span> <span class='ocrx_word' id='word_1_900' title='bbox 2544 4397 2687 4465; x_wconf 83' lang='lat' dir='ltr'><strong>loqui</strong></span> <span class='ocrx_word' id='word_1_901' title='bbox 2719 4396 2787 4449; x_wconf 89' lang='lat' dir='ltr'><strong>de</strong></span> <span class='ocrx_word' id='word_1_902' title='bbox 2812 4396 3226 4451; x_wconf 87' lang='lat' dir='ltr'><strong>resurrectione.</strong></span> <span class='ocrx_word' id='word_1_903' title='bbox 3263 4396 3366 4451; x_wconf 84' lang='lat' dir='ltr'><strong>Eos</strong></span> <span class='ocrx_word' id='word_1_904' title='bbox 3389 4397 3533 4451; x_wconf 90' lang='lat' dir='ltr'><strong>enim</strong></span> <span class='ocrx_word' id='word_1_905' title='bbox 3554 4398 3642 4467; x_wconf 90' lang='lat' dir='ltr'><strong>qui</strong></span> 
     </span>
    </p>
   </div>
   <div class='ocr_carea' id='block_1_108' title="bbox 2063 4489 3647 4556">
    <p class='ocr_par' dir='ltr' id='par_1_108' title="bbox 2063 4489 3647 4556">
     <span class='ocr_line' id='line_1_108' title="bbox 2063 4489 3647 4556; baseline -0.001 -11"><span class='ocrx_word' id='word_1_906' title='bbox 2063 4500 2477 4545; x_wconf 84' lang='lat' dir='ltr'><strong>resurrexerunt</strong></span> <span class='ocrx_word' id='word_1_907' title='bbox 2503 4489 2791 4544; x_wconf 87' lang='lat' dir='ltr'><strong>ostendere</strong></span> <span class='ocrx_word' id='word_1_908' title='bbox 2828 4503 3019 4544; x_wconf 87' lang='lat' dir='ltr'><strong>rursus</strong></span> <span class='ocrx_word' id='word_1_909' title='bbox 3048 4490 3220 4556; x_wconf 89' lang='lat' dir='ltr'><strong>mori,</strong></span> <span class='ocrx_word' id='word_1_910' title='bbox 3258 4505 3365 4544; x_wconf 87' lang='lat' dir='ltr'><strong>non</strong></span> <span class='ocrx_word' id='word_1_911' title='bbox 3398 4499 3516 4545; x_wconf 84' lang='lat' dir='ltr'><strong>erat</strong></span> <span class='ocrx_word' id='word_1_912' title='bbox 3547 4489 3647 4543; x_wconf 85' lang='lat' dir='ltr'><strong>de-</strong></span> 
     </span>
    </p>
   </div>
   <div class='ocr_carea' id='block_1_109' title="bbox 2063 4580 3646 4651">
    <p class='ocr_par' dir='ltr' id='par_1_109' title="bbox 2063 4580 3646 4651">
     <span class='ocr_line' id='line_1_109' title="bbox 2063 4580 3646 4651; baseline -0.001 -15"><span class='ocrx_word' id='word_1_913' title='bbox 2063 4581 2414 4637; x_wconf 85' lang='lat' dir='ltr'><strong>monstrantis</strong></span> <span class='ocrx_word' id='word_1_914' title='bbox 2431 4580 2572 4651; x_wconf 89' lang='lat' dir='ltr'><strong>quod</strong></span> <span class='ocrx_word' id='word_1_915' title='bbox 2591 4595 2739 4635; x_wconf 83' lang='lat' dir='ltr'><strong>mors</strong></span> <span class='ocrx_word' id='word_1_916' title='bbox 2754 4590 3025 4650; x_wconf 85' lang='lat' dir='ltr'><strong>postremo</strong></span> <span class='ocrx_word' id='word_1_917' title='bbox 3044 4580 3338 4637; x_wconf 77' lang='lat' dir='ltr'><strong>abolentur.</strong></span> <span class='ocrx_word' id='word_1_918' title='bbox 3358 4581 3646 4651; x_wconf 87' lang='lat' dir='ltr'><strong>Propterea</strong></span> 
     </span>
    </p>
   </div>
   <div class='ocr_carea' id='block_1_110' title="bbox 2063 4677 3643 4741">
    <p class='ocr_par' dir='ltr' id='par_1_110' title="bbox 2063 4677 3643 4741">
     <span class='ocr_line' id='line_1_110' title="bbox 2063 4677 3643 4741; baseline -0.004 -6"><span class='ocrx_word' id='word_1_919' title='bbox 2063 4681 2206 4736; x_wconf 88' lang='lat' dir='ltr'><strong>enim</strong></span> <span class='ocrx_word' id='word_1_920' title='bbox 2237 4678 2371 4733; x_wconf 84' lang='lat' dir='ltr'><strong>dixit</strong></span> <span class='ocrx_word' id='word_1_921' title='bbox 2412 4692 2533 4733; x_wconf 89' lang='lat' dir='ltr'><strong>eam</strong></span> <span class='ocrx_word' id='word_1_922' title='bbox 2575 4677 2779 4733; x_wconf 85' lang='lat' dir='ltr'><strong>aboleri</strong></span> <span class='ocrx_word' id='word_1_923' title='bbox 2822 4677 3087 4741; x_wconf 87' lang='lat' dir='ltr'><strong>ultimam,</strong></span> <span class='ocrx_word' id='word_1_924' title='bbox 3120 4692 3189 4732; x_wconf 89' lang='lat' dir='ltr'><strong>ne</strong></span> <span class='ocrx_word' id='word_1_925' title='bbox 3226 4677 3497 4733; x_wconf 81' lang='lat' dir='ltr'><strong>existimes</strong></span> <span class='ocrx_word' id='word_1_926' title='bbox 3526 4692 3643 4732; x_wconf 88' lang='lat' dir='ltr'><strong>eam</strong></span> 
     </span>
    </p>
   </div>
   <div class='ocr_carea' id='block_1_111' title="bbox 2066 4768 3647 4842">
    <p class='ocr_par' dir='ltr' id='par_1_111' title="bbox 2066 4768 3647 4842">
     <span class='ocr_line' id='line_1_111' title="bbox 2066 4768 3647 4842; baseline -0.004 -15"><span class='ocrx_word' id='word_1_927' title='bbox 2066 4771 2298 4842; x_wconf 86' lang='lat' dir='ltr'><strong>amplius</strong></span> <span class='ocrx_word' id='word_1_928' title='bbox 2325 4785 2628 4840; x_wconf 85' lang='lat' dir='ltr'><strong>resurgere.</strong></span> <span class='ocrx_word' id='word_1_929' title='bbox 2668 4768 2811 4824; x_wconf 77' lang='lat' dir='ltr'><strong>Vitio</strong></span> <span class='ocrx_word' id='word_1_930' title='bbox 2837 4770 2979 4824; x_wconf 90' lang='lat' dir='ltr'><strong>enim</strong></span> <span class='ocrx_word' id='word_1_931' title='bbox 3007 4769 3219 4826; x_wconf 87' lang='lat' dir='ltr'><strong>sublato</strong></span> <span class='ocrx_word' id='word_1_932' title='bbox 3242 4809 3257 4834; x_wconf 91' lang='lat'><strong>,</strong></span> <span class='ocrx_word' id='word_1_933' title='bbox 3287 4769 3452 4823; x_wconf 91' lang='lat' dir='ltr'><strong>multo</strong></span> <span class='ocrx_word' id='word_1_934' title='bbox 3478 4769 3647 4839; x_wconf 80' lang='lat' dir='ltr'><strong>magis</strong></span> 
     </span>
    </p>
   </div>
   <div class='ocr_carea' id='block_1_112' title="bbox 2074 4862 3651 4939">
    <p class='ocr_par' dir='ltr' id='par_1_112' title="bbox 2074 4862 3651 4939">
     <span class='ocr_line' id='line_1_112' title="bbox 2074 4862 3651 4939; baseline -0.002 -20"><span class='ocrx_word' id='word_1_935' title='bbox 2074 4879 2220 4939; x_wconf 82' lang='lat' dir='ltr'><strong>mors</strong></span> <span class='ocrx_word' id='word_1_936' title='bbox 2248 4863 2502 4919; x_wconf 83' lang='lat' dir='ltr'><strong>cessabit.</strong></span> <span class='ocrx_word' id='word_1_937' title='bbox 2534 4862 2717 4931; x_wconf 87' lang='lat' dir='ltr'><strong>Neque</strong></span> <span class='ocrx_word' id='word_1_938' title='bbox 2752 4863 2894 4917; x_wconf 91' lang='lat' dir='ltr'><strong>enim</strong></span> <span class='ocrx_word' id='word_1_939' title='bbox 2924 4862 3083 4918; x_wconf 89' lang='lat' dir='ltr'><strong>fuerit</strong></span> <span class='ocrx_word' id='word_1_940' title='bbox 3113 4873 3530 4918; x_wconf 84' lang='lat' dir='ltr'><strong>consentaneum</strong></span> <span class='ocrx_word' id='word_1_941' title='bbox 3550 4903 3565 4928; x_wconf 88' lang='lat'><strong>,</strong></span> <span class='ocrx_word' id='word_1_942' title='bbox 3593 4868 3651 4917; x_wconf 92' lang='lat' dir='ltr'><strong>ut</strong></span> 
     </span>
    </p>
   </div>
   <div class='ocr_carea' id='block_1_113' title="bbox 2072 4955 3655 5024">
    <p class='ocr_par' dir='ltr' id='par_1_113' title="bbox 2072 4955 3655 5024">
     <span class='ocr_line' id='line_1_113' title="bbox 2072 4955 3655 5024; baseline -0.001 -12"><span class='ocrx_word' id='word_1_943' title='bbox 2072 4957 2117 5012; x_wconf 92' lang='lat' dir='ltr'><strong>si</strong></span> <span class='ocrx_word' id='word_1_944' title='bbox 2147 4957 2266 5010; x_wconf 92' lang='lat' dir='ltr'><strong>fons</strong></span> <span class='ocrx_word' id='word_1_945' title='bbox 2292 4964 2522 5021; x_wconf 88' lang='lat' dir='ltr'><strong>arescat,</strong></span> <span class='ocrx_word' id='word_1_946' title='bbox 2554 4955 2644 5024; x_wconf 89' lang='lat' dir='ltr'><strong>qui</strong></span> <span class='ocrx_word' id='word_1_947' title='bbox 2671 4970 2734 5010; x_wconf 87' lang='lat' dir='ltr'><strong>ex</strong></span> <span class='ocrx_word' id='word_1_948' title='bbox 2766 4970 2834 5011; x_wconf 87' lang='lat' dir='ltr'><strong>eo</strong></span> <span class='ocrx_word' id='word_1_949' title='bbox 2862 4964 3041 5011; x_wconf 87' lang='lat' dir='ltr'><strong>manat</strong></span> <span class='ocrx_word' id='word_1_950' title='bbox 3068 4957 3328 5012; x_wconf 87' lang='lat' dir='ltr'><strong>consistat</strong></span> <span class='ocrx_word' id='word_1_951' title='bbox 3353 4955 3566 5022; x_wconf 78' lang='lat' dir='ltr'><strong>ﬂuvius,</strong></span> <span class='ocrx_word' id='word_1_952' title='bbox 3599 4964 3655 5010; x_wconf 87' lang='lat' dir='ltr'><strong>et</strong></span> 
     </span>
    </p>
   </div>
   <div class='ocr_carea' id='block_1_114' title="bbox 2067 5046 3652 5117">
    <p class='ocr_par' dir='ltr' id='par_1_114' title="bbox 2067 5046 3652 5117">
     <span class='ocr_line' id='line_1_114' title="bbox 2067 5046 3652 5117; baseline -0.001 -15"><span class='ocrx_word' id='word_1_953' title='bbox 2067 5048 2113 5102; x_wconf 90' lang='lat' dir='ltr'><strong>si</strong></span> <span class='ocrx_word' id='word_1_954' title='bbox 2138 5057 2423 5103; x_wconf 88' lang='lat' dir='ltr'><strong>evanescat</strong></span> <span class='ocrx_word' id='word_1_955' title='bbox 2450 5046 2619 5111; x_wconf 81' lang='lat' dir='ltr'><strong>radix,</strong></span> <span class='ocrx_word' id='word_1_956' title='bbox 2653 5057 2869 5102; x_wconf 90' lang='lat' dir='ltr'><strong>maneat</strong></span> <span class='ocrx_word' id='word_1_957' title='bbox 2897 5047 3125 5104; x_wconf 88' lang='lat' dir='ltr'><strong>fructus.</strong></span> <span class='ocrx_word' id='word_1_958' title='bbox 3158 5048 3418 5116; x_wconf 87' lang='lat' dir='ltr'><strong>Quoniam</strong></span> <span class='ocrx_word' id='word_1_959' title='bbox 3445 5063 3571 5117; x_wconf 79' lang='lat' dir='ltr'><strong>ergo</strong></span> <span class='ocrx_word' id='word_1_960' title='bbox 3600 5048 3652 5102; x_wconf 91' lang='lat' dir='ltr'><strong>in</strong></span> 
     </span>
    </p>
   </div>
   <div class='ocr_carea' id='block_1_115' title="bbox 2072 5137 3655 5194">
    <p class='ocr_par' dir='ltr' id='par_1_115' title="bbox 2072 5137 3655 5194">
     <span class='ocr_line' id='line_1_115' title="bbox 2072 5137 3655 5194; baseline -0.002 -1"><span class='ocrx_word' id='word_1_961' title='bbox 2072 5140 2161 5193; x_wconf 92' lang='lat' dir='ltr'><strong>die</strong></span> <span class='ocrx_word' id='word_1_962' title='bbox 2202 5137 2498 5193; x_wconf 89' lang='lat' dir='ltr'><strong>novissimo</strong></span> <span class='ocrx_word' id='word_1_963' title='bbox 2537 5137 2736 5191; x_wconf 87' lang='lat' dir='ltr'><strong>inimici</strong></span> <span class='ocrx_word' id='word_1_964' title='bbox 2774 5138 2869 5193; x_wconf 90' lang='lat' dir='ltr'><strong>Dei</strong></span> <span class='ocrx_word' id='word_1_965' title='bbox 2917 5139 3201 5194; x_wconf 87' lang='lat' dir='ltr'><strong>abolentur</strong></span> <span class='ocrx_word' id='word_1_966' title='bbox 3241 5154 3360 5193; x_wconf 90' lang='lat' dir='ltr'><strong>cum</strong></span> <span class='ocrx_word' id='word_1_967' title='bbox 3396 5147 3569 5193; x_wconf 86' lang='lat' dir='ltr'><strong>morte</strong></span> <span class='ocrx_word' id='word_1_968' title='bbox 3601 5152 3655 5192; x_wconf 84' lang='lat' dir='ltr'><strong>et</strong></span> 
     </span>
    </p>
   </div>
   <div class='ocr_carea' id='block_1_116' title="bbox 2074 5228 3654 5294">
    <p class='ocr_par' dir='ltr' id='par_1_116' title="bbox 2074 5228 3654 5294">
     <span class='ocr_line' id='line_1_116' title="bbox 2074 5228 3654 5294; baseline -0.001 -10"><span class='ocrx_word' id='word_1_969' title='bbox 2074 5229 2291 5284; x_wconf 87' lang='lat' dir='ltr'><strong>diabolo</strong></span> <span class='ocrx_word' id='word_1_970' title='bbox 2316 5237 2373 5283; x_wconf 90' lang='lat' dir='ltr'><strong>et</strong></span> <span class='ocrx_word' id='word_1_971' title='bbox 2396 5228 2729 5283; x_wconf 55' lang='lat' dir='ltr'><strong>daemonibus</strong></span> <span class='ocrx_word' id='word_1_972' title='bbox 2750 5269 2766 5294; x_wconf 91' lang='lat'><strong>,</strong></span> <span class='ocrx_word' id='word_1_973' title='bbox 2798 5244 2867 5284; x_wconf 88' lang='lat' dir='ltr'><strong>ne</strong></span> <span class='ocrx_word' id='word_1_974' title='bbox 2897 5230 3111 5283; x_wconf 89' lang='lat' dir='ltr'><strong>tristitia</strong></span> <span class='ocrx_word' id='word_1_975' title='bbox 3141 5228 3454 5293; x_wconf 80' lang='lat' dir='ltr'><strong>at’liciamur,</strong></span> <span class='ocrx_word' id='word_1_976' title='bbox 3488 5230 3532 5284; x_wconf 89' lang='lat' dir='ltr'><strong>si</strong></span> <span class='ocrx_word' id='word_1_977' title='bbox 3563 5228 3654 5282; x_wconf 78' lang='lat' dir='ltr'><strong>Dei</strong></span> 
     </span>
    </p>
   </div>
   <div class='ocr_carea' id='block_1_117' title="bbox 2075 5319 3654 5389">
    <p class='ocr_par' dir='ltr' id='par_1_117' title="bbox 2075 5319 3654 5389">
     <span class='ocr_line' id='line_1_117' title="bbox 2075 5319 3654 5389; baseline -0.001 -15"><span class='ocrx_word' id='word_1_978' title='bbox 2075 5321 2307 5375; x_wconf 90' lang='lat' dir='ltr'><strong>inimicis</strong></span> <span class='ocrx_word' id='word_1_979' title='bbox 2327 5333 2415 5375; x_wconf 90' lang='lat' dir='ltr'><strong>res</strong></span> <span class='ocrx_word' id='word_1_980' title='bbox 2436 5333 2692 5389; x_wconf 87' lang='lat' dir='ltr'><strong>prospere</strong></span> <span class='ocrx_word' id='word_1_981' title='bbox 2708 5319 3016 5374; x_wconf 88' lang='lat' dir='ltr'><strong>succedant.</strong></span> <span class='ocrx_word' id='word_1_982' title='bbox 3033 5319 3234 5375; x_wconf 82' lang='lat' dir='ltr'><strong>Inimici</strong></span> <span class='ocrx_word' id='word_1_983' title='bbox 3257 5322 3398 5375; x_wconf 90' lang='lat' dir='ltr'><strong>enim</strong></span> <span class='ocrx_word' id='word_1_984' title='bbox 3424 5319 3654 5382; x_wconf 87' lang='lat' dir='ltr'><strong>Domini,</strong></span> 
     </span>
    </p>
   </div>
   <div class='ocr_carea' id='block_1_118' title="bbox 2076 5407 3655 5480">
    <p class='ocr_par' dir='ltr' id='par_1_118' title="bbox 2076 5407 3655 5480">
     <span class='ocr_line' id='line_1_118' title="bbox 2076 5407 3655 5480; baseline -0.004 -16"><span class='ocrx_word' id='word_1_985' title='bbox 2076 5410 2234 5464; x_wconf 87' lang='lat' dir='ltr'><strong>simul</strong></span> <span class='ocrx_word' id='word_1_986' title='bbox 2255 5408 2707 5480; x_wconf 83' lang='lat' dir='ltr'><strong>atqueglorilicati</strong></span> <span class='ocrx_word' id='word_1_987' title='bbox 2737 5417 2793 5463; x_wconf 90' lang='lat' dir='ltr'><strong>et</strong></span> <span class='ocrx_word' id='word_1_988' title='bbox 2821 5410 2873 5462; x_wconf 92' lang='lat' dir='ltr'><strong>in</strong></span> <span class='ocrx_word' id='word_1_989' title='bbox 2906 5410 3070 5463; x_wconf 91' lang='lat' dir='ltr'><strong>altum</strong></span> <span class='ocrx_word' id='word_1_990' title='bbox 3102 5411 3226 5465; x_wconf 86' lang='lat' dir='ltr'><strong>elati</strong></span> <span class='ocrx_word' id='word_1_991' title='bbox 3259 5410 3488 5473; x_wconf 79' lang='lat' dir='ltr'><strong>fuerint,</strong></span> <span class='ocrx_word' id='word_1_992' title='bbox 3521 5407 3655 5461; x_wconf 77' lang='lat' dir='ltr'><strong>deti-</strong></span> 
     </span>
    </p>
   </div>
   <div class='ocr_carea' id='block_1_119' title="bbox 2077 5498 3656 5570">
    <p class='ocr_par' dir='ltr' id='par_1_119' title="bbox 2077 5498 3656 5570">
     <span class='ocr_line' id='line_1_119' title="bbox 2077 5498 3656 5570; baseline 0.001 -16"><span class='ocrx_word' id='word_1_993' title='bbox 2077 5502 2302 5566; x_wconf 88' lang='lat' dir='ltr'><strong>cientes,</strong></span> <span class='ocrx_word' id='word_1_994' title='bbox 2337 5512 2608 5570; x_wconf 88' lang='lat' dir='ltr'><strong>tamquam</strong></span> <span class='ocrx_word' id='word_1_995' title='bbox 2641 5499 2817 5555; x_wconf 90' lang='lat' dir='ltr'><strong>fumus</strong></span> <span class='ocrx_word' id='word_1_996' title='bbox 2845 5500 3176 5557; x_wconf 78' lang='lat' dir='ltr'><strong>defecerunt.</strong></span> <span class='ocrx_word' id='word_1_997' title='bbox 3206 5502 3432 5570; x_wconf 81' lang='lat' dir='ltr'><strong>Quando</strong></span> <span class='ocrx_word' id='word_1_998' title='bbox 3460 5498 3656 5551; x_wconf 70' lang='lat' dir='ltr'><strong>videris</strong></span> 
     </span>
    </p>
   </div>
   <div class='ocr_carea' id='block_1_120' title="bbox 2076 5589 3655 5663">
    <p class='ocr_par' dir='ltr' id='par_1_120' title="bbox 2076 5589 3655 5663">
     <span class='ocr_line' id='line_1_120' title="bbox 2076 5589 3655 5663; baseline -0.003 -19"><span class='ocrx_word' id='word_1_999' title='bbox 2076 5592 2310 5661; x_wconf 87' lang='lat' dir='ltr'><strong>aliquem</strong></span> <span class='ocrx_word' id='word_1_1000' title='bbox 2338 5591 2431 5647; x_wconf 84' lang='lat' dir='ltr'><strong>Dei</strong></span> <span class='ocrx_word' id='word_1_1001' title='bbox 2459 5592 2731 5647; x_wconf 87' lang='lat' dir='ltr'><strong>inimicum</strong></span> <span class='ocrx_word' id='word_1_1002' title='bbox 2761 5592 3001 5657; x_wconf 86' lang='lat' dir='ltr'><strong>divitem,</strong></span> <span class='ocrx_word' id='word_1_1003' title='bbox 3030 5596 3280 5663; x_wconf 87' lang='lat' dir='ltr'><strong>stipatum</strong></span> <span class='ocrx_word' id='word_1_1004' title='bbox 3308 5589 3655 5653; x_wconf 88' lang='lat' dir='ltr'><strong>satellitibus,</strong></span> 
     </span>
    </p>
   </div>
   <div class='ocr_carea' id='block_1_121' title="bbox 2083 5676 3657 5750">
    <p class='ocr_par' dir='ltr' id='par_1_121' title="bbox 2083 5676 3657 5750">
     <span class='ocr_line' id='line_1_121' title="bbox 2083 5676 3657 5750; baseline 0 -14"><span class='ocrx_word' id='word_1_1005' title='bbox 2083 5681 2370 5737; x_wconf 89' lang='lat' dir='ltr'><strong>habentem</strong></span> <span class='ocrx_word' id='word_1_1006' title='bbox 2394 5682 2588 5737; x_wconf 89' lang='lat' dir='ltr'><strong>multos</strong></span> <span class='ocrx_word' id='word_1_1007' title='bbox 2613 5692 2994 5750; x_wconf 86' lang='lat' dir='ltr'><strong>assentatores,</strong></span> <span class='ocrx_word' id='word_1_1008' title='bbox 3020 5684 3127 5737; x_wconf 89' lang='lat' dir='ltr'><strong>noli</strong></span> <span class='ocrx_word' id='word_1_1009' title='bbox 3149 5685 3384 5738; x_wconf 88' lang='lat' dir='ltr'><strong>animum</strong></span> <span class='ocrx_word' id='word_1_1010' title='bbox 3406 5676 3657 5744; x_wconf 76' lang='lat' dir='ltr'><strong>abiicerC.</strong></span> 
     </span>
    </p>
   </div>
   <div class='ocr_carea' id='block_1_122' title="bbox 2077 5759 3657 5842">
    <p class='ocr_par' dir='ltr' id='par_1_122' title="bbox 2077 5759 3657 5842">
     <span class='ocr_line' id='line_1_122' title="bbox 2077 5759 3657 5842; baseline -0.009 -13"><span class='ocrx_word' id='word_1_1011' title='bbox 2077 5772 2170 5830; x_wconf 82' lang='lat' dir='ltr'><strong>sed</strong></span> <span class='ocrx_word' id='word_1_1012' title='bbox 2198 5786 2352 5842; x_wconf 81' lang='lat' dir='ltr'><strong>geme</strong></span> <span class='ocrx_word' id='word_1_1013' title='bbox 2372 5814 2387 5841; x_wconf 89' lang='lat'><strong>,</strong></span> <span class='ocrx_word' id='word_1_1014' title='bbox 2421 5773 2715 5841; x_wconf 84' lang='lat' dir='ltr'><strong>lacrymare</strong></span> <span class='ocrx_word' id='word_1_1015' title='bbox 2736 5815 2751 5840; x_wconf 91' lang='lat'><strong>,</strong></span> <span class='ocrx_word' id='word_1_1016' title='bbox 2776 5773 2942 5830; x_wconf 87' lang='lat' dir='ltr'><strong>Deum</strong></span> <span class='ocrx_word' id='word_1_1017' title='bbox 2968 5786 3093 5836; x_wconf 81' lang='lat' dir='ltr'><strong>roga</strong></span> <span class='ocrx_word' id='word_1_1018' title='bbox 3113 5811 3128 5835; x_wconf 89' lang='lat'><strong>,</strong></span> <span class='ocrx_word' id='word_1_1019' title='bbox 3156 5780 3213 5824; x_wconf 90' lang='lat' dir='ltr'><strong>ut</strong></span> <span class='ocrx_word' id='word_1_1020' title='bbox 3239 5787 3359 5824; x_wconf 86' lang='lat' dir='ltr'><strong>eum</strong></span> <span class='ocrx_word' id='word_1_1021' title='bbox 3388 5765 3583 5823; x_wconf 80' lang='lat' dir='ltr'><strong>referat</strong></span> <span class='ocrx_word' id='word_1_1022' title='bbox 3603 5759 3657 5812; x_wconf 91' lang='lat' dir='ltr'><strong>in</strong></span> 
     </span>
    </p>
   </div>
  </div>
