4018 6156
407 268 527 329 353

416 388 666 442 ordinem
704 395 759 441 et
800 397 1077 439 numerum
1117 381 1412 436 amicorum
1439 397 1451 434 :
1476 388 1529 434 et
1555 394 1662 450 quo
1689 377 1857 449 magis
1885 390 1998 431 rem

415 494 569 534 suam
598 479 734 533 bene
768 476 995 547 gesserit
1018 488 1139 529 cum
1169 473 1238 526 sit
1265 473 1514 528 inimicus
1537 513 1552 537 ,
1592 484 1659 526 eo
1684 469 1853 540 magis
1877 484 1998 524 eum

417 571 559 641 luge.
582 571 715 625 Nam
731 575 1046 638 peccatores
1066 565 1281 635 quidem
1302 577 1518 633 semper
1538 568 1750 631 oportet
1775 558 1994 626 deflere,

406 662 650 716 maxime
675 669 853 715 autem
883 659 1098 728 quando
1125 655 1401 711 abundant
1430 654 1655 720 divitiis,
1686 663 1743 708 et
1769 660 1895 709 sunt
1919 652 1998 707 eis

406 766 505 807 res
533 750 817 814 secundae,
862 750 1002 805 sicut
1027 756 1349 819 aegrotantes
1375 746 1591 817 quando
1615 745 1787 801 ventri
1818 743 1998 798 indul-

404 851 540 910 gent
565 850 620 896 et
650 840 999 896 inebriantnr.
1033 838 1140 895 Sed
1171 846 1297 894 sunt
1321 836 1562 907 quidam,
1587 836 1678 906 qui
1708 834 1794 889 bis
1818 833 1998 888 verbis

364 988 367 993 ι
411 933 628 998 auditis,
659 933 733 988 ita
760 933 957 987 misere
983 930 1309 995 afﬁciuntur,
1339 937 1398 984 ut
1423 939 1642 999 propter
1668 927 1782 982 haec
1805 925 1997 982 acerbe

410 1026 764 1095 ingemiscant
785 1035 840 1080 et
862 1025 1064 1088 dicant,
1090 1025 1289 1095 Dignus
1312 1038 1431 1078 sum
1456 1020 1726 1092 lacrymis,
1749 1020 1842 1091 qui
1864 1020 1994 1075 nihil

410 1116 605 1171 habeo.
636 1117 802 1172 Recte
827 1117 1043 1183 dixisti,
1086 1116 1186 1183 Qui
1216 1115 1350 1170 nihil
1380 1114 1579 1179 habes;
1608 1128 1716 1167 non
1743 1112 1996 1182 quoniam

413 1223 519 1262 non
547 1207 713 1265 habes
735 1224 796 1263 ea
824 1223 944 1279 qua:
969 1207 1058 1262 ille
1085 1207 1289 1273 habuit,
1317 1204 1411 1260 sed
1434 1204 1682 1275 quoniam
1708 1218 1821 1258 rem
1843 1203 1996 1258 ducis

410 1302 626 1370 dignam
657 1317 777 1372 qum
807 1301 959 1356 beata
985 1309 1290 1367 censeatur,
1321 1298 1443 1354 ideo
1468 1297 1661 1367 dignus
1681 1311 1740 1351 es
1759 1296 1849 1365 qui
1868 1296 1995 1351 mil-

412 1392 516 1447 lies
545 1392 796 1462 lugentis.
829 1392 1041 1447 Etenim
1070 1391 1114 1446 si
1144 1391 1264 1461 quis
1294 1390 1429 1444 bona
1460 1388 1763 1443 valetudine
1792 1385 1992 1455 fruens,

371 1530 377 1559 ι
401 1483 630 1537 beatum
648 1482 860 1552 iudicet
887 1491 1168 1552 aegrotum,
1198 1481 1436 1536 etiamin
1459 1479 1604 1534 molli
1629 1479 1788 1534 cubili
1810 1479 1997 1549 jacen-

413 1585 521 1630 tem
542 1614 558 1639 ,
602 1575 703 1629 iste
747 1583 801 1630 et
830 1574 925 1629 illo
954 1574 1122 1628 multo
1164 1573 1413 1629 miserior
1438 1582 1493 1627 et
1520 1571 1785 1626 infelicior
1803 1610 1819 1636 ,
1849 1569 1994 1641 quod

410 1668 677 1723 bonorum
705 1682 923 1722 suorum
952 1667 1157 1721 nullum
1188 1665 1383 1722 habeat
1406 1679 1647 1720 sensum.
1677 1662 1833 1732 Quod
1874 1664 1992 1734 qui-

409 1760 616 1814 demin
644 1759 728 1814 his
752 1773 971 1830 quoque
990 1759 1174 1814 videre
1200 1758 1327 1813 licet
1352 1756 1635 1812 accidere:
1662 1755 1803 1810 unde
1831 1755 1991 1810 etiam

398 1859 520 1904 vtota
552 1860 735 1905 nostra
764 1852 869 1905 vita
912 1848 1258 1906 confunditur
1302 1857 1358 1903 et
1401 1848 1663 1903 turbatur.
1694 1845 1819 1901 Haec
1846 1846 1992 1900 enim

407 1940 576 1996 verba
605 1940 1023 1996 innumerabiles
1063 1939 1409 2010 perdiderunt
1435 1947 1491 1993 et
1516 1936 1730 1993 diabolo
1763 1936 1994 1991 tradide-

404 2043 561 2100 runt,
575 2042 630 2088 et
650 2033 716 2088 iis
730 2034 818 2103 qui
839 2034 977 2089 fame
998 2032 1277 2088 tabescunt
1292 2030 1535 2088 fecerunt
1555 2029 1985 2086 miserabiliores.

409 2122 538 2178 Nam
564 2123 722 2193 «ιιιοά
753 2123 841 2193 qui
885 2124 1037 2193 plura
1074 2129 1370 2193 appetunt,
1403 2120 1512 2176 sint
1539 2120 1700 2176 etiam
1731 2119 1991 2176 mendicis

406 2214 850 2279 miserabiliores,
872 2224 931 2269 ut
950 2214 1042 2284 qui
1068 2213 1255 2283 majori
1277 2221 1333 2266 et
1346 2197 1540 2267 acriori
1561 2210 1810 2267 laborent
1827 2213 1989 2268 animi

405 2307 747 2376 mgritudine,
772 2304 898 2359 hinc
922 2312 1008 2359 est
1037 2305 1400 2375 perspicuum.

469 2396 697 2452 Siccitas
738 2395 1040 2449 Antiochia.
1072 2423 1141 2435 —-
1168 2393 1451 2449 Civitatem
1503 2402 1742 2449 nostram
1797 2394 1991 2449 invasit

404 2486 677 2558 quondam
700 2486 933 2553 siccitas,
952 2495 1006 2540 et
1031 2494 1273 2541 extrema
1289 2485 1548 2541 timebant
1564 2501 1774 2552 omnes,
1791 2487 1988 2542 Deum-

405 2594 512 2648 que
538 2576 815 2646 rogabant,
845 2585 904 2632 ut
927 2579 1070 2632 hunc
1099 2587 1300 2632 metum
1329 2577 1563 2632 solveret
1587 2597 1599 2632 :
1626 2587 1681 2633 et
1707 2589 1831 2633 tunc
1860 2579 1987 2634 liceo

403 2673 498 2725 hat
526 2670 708 2726 videre
733 2671 872 2741 quod
900 2671 1100 2725 dictum
1128 2671 1224 2726 fuit
1264 2685 1294 2725 a
1324 2672 1539 2743 Moyse,
1571 2672 1760 2728 caelum
1788 2670 1987 2726 factum

403 2778 615 2820 aen-enm
642 2764 817 2838 (Deut.
842 2763 934 2820 28.
958 2763 1076 2836 25),
1101 2775 1155 2820 et
1174 2766 1412 2836 quotidie
1436 2766 1732 2834 exspectari
1759 2775 1987 2820 mortem

407 2858 554 2911 omni
584 2865 758 2912 morte
785 2858 1106 2927 graviorem.
1142 2856 1246 2914 Sed
1274 2872 1397 2913 cum
1420 2867 1614 2927 postea
1646 2860 1816 2912 visum
1846 2865 1989 2912 esset

404 2948 638 3018 benigno
664 2958 718 3003 et
738 2949 994 3005 clementi
1022 2951 1152 3014 Deo,
1179 2957 1370 3018 praeter
1390 2964 1537 3018 spem
1548 2963 1795 3013 omnem,
1819 2950 1986 3005 multa

407 3047 568 3107 atque
594 3038 732 3093 adeo
768 3037 972 3100 inﬁnita
1001 3054 1065 3093 ex
1097 3040 1207 3094 alto
1236 3039 1430 3094 cecidit
1459 3041 1636 3110 pluvia
1670 3059 1683 3095 :
1714 3050 1772 3095 et
1798 3056 1989 3096 omnes

399 3131 512 3201 jam
530 3130 722 3185 festum
745 3130 888 3187 diem
910 3131 1157 3200 agebant,
1177 3139 1446 3201 tamquam
1468 3133 1647 3201 qui‘ex
1668 3133 1799 3200 ipsis
1821 3133 1988 3202 portis

407 3221 600 3276 mortis
623 3221 1013 3277 ascendissent.
1044 3221 1151 3277 Sed
1180 3223 1231 3277 in
1264 3222 1423 3277 tantis
1455 3223 1605 3278 bonis
1636 3232 1693 3279 et
1706 3226 1987 3280 communi

409 3315 647 3369 omnium
692 3316 876 3370 ltetitia
918 3314 1131 3385 quidam
1177 3331 1243 3370 ex
1289 3315 1388 3380 iis,
1429 3314 1518 3386 qui
1558 3315 1714 3372 valde
1751 3316 1988 3384 opulenti

404 3416 580 3472 erant,
604 3406 864 3462 circuibat
894 3416 1118 3463 luamus
1145 3416 1200 3461 et
1227 3407 1412 3473 tristis,
1442 3422 1552 3476 pra:
1577 3408 1741 3461 animi
1768 3406 1988 3476 aegritu-

406 3496 536 3553 dine
564 3507 807 3553 mortuus
832 3537 848 3562 ,
893 3508 949 3552 et
992 3498 1172 3553 multis
1208 3512 1428 3553 causam
1466 3498 1901 3568 rogantibus-cur
1934 3500 1988 3553 in

403 3592 672 3647 communi
700 3592 937 3646 omnium
962 3591 1143 3646 Iustitia
1168 3591 1318 3647 solus
1346 3591 1572 3658 doleret,
1604 3606 1673 3646 ne
1699 3592 1840 3646 intus
1865 3592 1987 3662 qui-

405 3684 530 3738 dem
555 3683 831 3738 continere
850 3685 1021 3753 potuit
1044 3683 1182 3738 hanc
1201 3698 1415 3754 gravem
1437 3684 1601 3738 animi
1629 3685 1988 3754 perturbatio-

405 3791 570 3838 nem,
610 3776 707 3830 sed
753 3791 783 3828 a
831 3776 1002 3830 morbi
1049 3787 1278 3845 punctus
1320 3775 1640 3848 tyrannide,
1667 3791 1885 3832 causam
1936 3778 1986 3831 in

409 3865 644 3921 medium
676 3866 894 3935 protulit
925 3883 939 3918 :
968 3864 1101 3920 Cum
1143 3866 1365 3921 habeam
1385 3906 1401 3933 ,
1433 3867 1637 3936 inquit,
1683 3867 1991 3923 innumeras

412 3973 694 4013 mensuras
720 3956 995 4022 frumenti,
1024 3958 1208 4012 nescio
1238 3957 1325 4012 ubi
1354 3958 1470 4013 illas
1492 3959 1779 4028 deponam.
1812 3959 1992 4014 Hunc-

407 4051 568 4118 cine,
601 4050 689 4106 dic
728 4064 929 4120 quaeso,
963 4064 1061 4119 pro
1104 4049 1189 4104 his
1231 4049 1409 4104 verbis
1447 4049 1658 4104 beatum
1697 4051 1988 4117 ducemus,

405 4157 508 4214 pro
533 4142 726 4214 quibus
749 4142 1077 4213 oportuisset
1100 4157 1223 4199 eum
1245 4141 1401 4197 obrui
1417 4141 1711 4212 lapidibus,
1734 4143 1824 4213 qui
1848 4151 1991 4199 esset

405 4235 593 4306 quavis
635 4235 745 4292 fera
793 4234 1094 4302 crudelior,
1142 4234 1236 4307 qui
1263 4242 1409 4290 esset
1435 4236 1735 4290 communis
1779 4236 1990 4292 hostis?

407 4326 543 4396 Quid
562 4327 729 4393 dicis,
761 4341 795 4383 ο
825 4327 1026 4382 homo?
1050 4326 1201 4382 doles
1225 4325 1368 4397 quod
1395 4342 1499 4382 non
1525 4327 1782 4396 perierint
1801 4342 1991 4385 onines

406 4430 467 4475 nt
486 4435 675 4476 aurum
697 4420 955 4491 cogeres?
980 4435 1088 4475 non
1111 4418 1358 4475 audivisti
1380 4419 1506 4490 quid
1528 4418 1671 4476 dicat
1692 4420 1947 4477 Salomon
1973 4440 1989 4478 :

410 4512 512 4578 Qui
549 4514 790 4583 [iumenti
828 4522 979 4585 auget
1016 4514 1230 4584 pretium
1251 4553 1267 4579 ,
1313 4522 1388 4568 est
1424 4513 1615 4582 populo
1652 4515 1992 4569 exsecranda:

412 4604 598 4676 (Prov.
629 4605 716 4660 ll.
748 4603 877 4674 26)?
924 4604 1017 4659 sed
1045 4604 1242 4659 circuis
1282 4603 1582 4657 communis
1627 4602 1870 4660 inimicus
1896 4606 1993 4662 bo-

406 4710 601 4753 norum
624 4695 772 4752 orbis
793 4704 970 4762 terrae,
999 4703 1053 4751 et
1078 4695 1249 4751 hostis
1267 4694 1572 4750 liberalitati
1595 4694 1804 4751 Domini
1828 4698 1991 4753 totius

411 4786 617 4853 mundi,
647 4794 700 4841 et
730 4801 1050 4841 mammonae
1076 4788 1301 4854 amicus,
1333 4785 1416 4841 vel
1446 4785 1623 4856 potius
1654 4788 1882 4843 servus?
1906 4788 1991 4845 An

410 4895 523 4935 non
572 4879 854 4950 oportebat
908 4879 1139 4948 linguam
1194 4878 1342 4933 illam
1378 4877 1700 4948 amputari?
1743 4893 1849 4933 non
1897 4895 1992 4936 cor

412 4970 677 5042 exstingui
705 4969 857 5042 quod
879 4968 997 5024 haec
1021 4967 1180 5023 verba
1208 4967 1529 5038 pepererat?

481 5062 536 5118 8.
582 5062 824 5119 Vidistin’
864 5059 1135 5134 quomodo
1176 5073 1364 5114 aurum
1403 5075 1510 5115 non
1556 5061 1697 5116 sinat
1744 5060 1993 5118 homines

408 5168 532 5209 esse
556 5153 817 5219 homines,
845 5154 939 5211 sed
965 5154 1105 5210 feras
1130 5161 1180 5208 et
1208 5152 1480 5209 daemones
1509 5155 1533 5207 ?
1560 5153 1697 5221 Quid
1721 5156 1862 5209 enim
1891 5155 1993 5209 hoc

408 5244 575 5300 divite
602 5244 762 5299 fuerit
788 5245 1162 5313 miserabilius,
1195 5244 1284 5315 qui
1309 5253 1457 5314 optat
1482 5245 1718 5314 quotidie
1748 5260 1868 5301 esse
1908 5244 1989 5298 fa-

411 5352 578 5403 mem,
611 5344 668 5389 ut
692 5336 743 5389 ei
774 5336 842 5389 sit
870 5340 1100 5390 aurum?
1139 5336 1217 5390 Ad
1246 5335 1569 5390 contrarium
1602 5337 1743 5391 enim
1771 5338 1819 5391 ei
1852 5339 1989 5392 redit

410 5429 576 5484 animi
621 5425 1189 5496 perturbatiuuieqne
1233 5428 1372 5481 enim
1418 5426 1627 5480 laetatur
1664 5426 1986 5482 abundantia

413 5517 770 5589 possessionis
798 5515 1062 5570 fructuum
1081 5557 1097 5581 ,
1139 5517 1230 5569 sed
1267 5524 1483 5584 propter
1511 5517 1611 5571 hoc
1639 5517 1810 5585 ipsum
1839 5517 1990 5574 dolet

412 5612 555 5680 quod
585 5611 794 5679 infinita.
834 5608 1123 5680 possideat.
1156 5608 1316 5677 Atqui
1346 5623 1468 5662 eum
1499 5609 1589 5677 qui
1622 5610 1786 5665 multa
1815 5612 1986 5680 possi-

403 5706 518 5773 det,
563 5704 730 5762 la-tari
771 5708 983 5777 oportet
1011 5718 1026 5758 ;
1059 5700 1158 5759 iste
1198 5706 1375 5756 autem
1414 5708 1634 5771 propter
1667 5700 1770 5759 hoc
1808 5702 1983 5774 ipsum

1162 268 1217 321 S.
1253 261 1531 323 JOANNIS
1567 258 2036 320 CIIRYSOSTOMI
2075 258 2385 320 ARCHIEP.
2427 264 2955 326 CONSTANTINOP.

3584 275 3699 335 3M

2112 377 2293 432 animo
2318 367 2554 450 angitur.
2591 381 2776 438 Videu‘
2805 385 2946 454 quod
2966 426 2980 451 ,
3013 384 3151 440 sicut
3174 385 3319 454 dixi,
3348 402 3456 442 non
3482 397 3695 446 tantam

2107 482 2172 522 ex
2205 471 2557 538 praesentibus
2580 474 2847 544 accipiunt
2873 477 3194 546 voluptatem
3216 480 3306 548 qui
3327 488 3452 533 sunt
3473 481 3689 547 divites,

2108 569 2359 629 quantam
2405 565 2572 618 animi
2615 567 2882 622 sustinent
2928 568 3299 638 aegritudinem
3345 586 3410 625 ex
3457 572 3522 626 iis
3567 589 3691 645 quas

2105 653 2341 707 nondum
2388 655 2761 713 advenerunt?
2808 658 2940 714 Nam
2984 661 3074 731 qui
3113 661 3363 716 frumenti
3406 678 3691 721 mensuras

2104 745 2413 814 possidebat
2459 748 2767 804 innumeras
2793 792 2808 816 ,
2840 753 3009 822 magis
3047 751 3263 807 dolebat
3290 762 3345 808 et
3375 753 3690 824 ingemisce-

2101 836 2214 901 bat,
2242 855 2400 909 quam
2426 827 2518 910 qui
2546 842 2817 897 esuriebat
2841 861 2855 897 :
2879 853 2932 898 et
2957 842 3047 913 qui
3077 846 3438 899 necessarium
3470 845 3688 915 quidem

2103 928 2334 985 habebat
2356 932 2691 1000 alimentum,
2715 936 3074 990 coronabatur
3096 947 3151 991 et
3177 938 3477 992 exsultabat
3497 948 3553 993 et
3577 939 3689 994 Deo

2100 1022 2293 1090 agebat
2311 1023 2539 1092 gratias;
2567 1026 2656 1094 qui
2678 1034 2854 1080 autem
2878 1035 2985 1081 tam
3007 1028 3169 1081 multa
3195 1027 3522 1097 possidebat,
3544 1043 3687 1100 agre

2102 1108 2328 1178 ferebat,
2350 1121 2405 1168 et
2425 1129 2485 1169 se
2506 1115 2731 1185 periisse
2749 1116 3106 1173 existimabat.
3133 1117 3248 1172 Non
3268 1127 3353 1174 est
3371 1134 3498 1190 ergo
3514 1120 3680 1175 abun-

2099 1201 2280 1258 dantia
2307 1220 2426 1275 quae
2450 1206 2618 1263 efﬁcit
2643 1208 2992 1280 voluptatem,
3026 1210 3122 1266 sed
3150 1227 3302 1268 mens
3328 1212 3684 1283 philosOphize

2098 1294 2298 1351 dedita.
2326 1297 2458 1352 Nam
2484 1299 2686 1371 absque
2705 1316 2770 1356 ea
2797 1301 3006 1357 etiamsi
3033 1303 3296 1373 quispiam
3323 1305 3503 1358 omnia
3528 1319 3683 1360 acce-

2099 1386 2259 1456 perit,
2293 1396 2564 1459 tamquam
2589 1393 2837 1447 omnibus
2861 1395 3099 1464 privatus
3121 1394 3383 1450 efﬁcietur
3402 1403 3457 1451 et
3480 1396 3684 1451 lamen-

2100 1477 2320 1534 tabitur.
2353 1481 2451 1536 llic
2477 1483 2643 1550 enim,
2675 1483 2742 1538 de
2767 1499 2873 1553 quo
2903 1500 3046 1540 nunc
3069 1487 3264 1555 agitur,
3291 1488 3501 1542 etiamsi
3532 1498 3682 1542 tanto

2097 1581 2299 1640 quanto
2342 1573 2602 1628 voluisset
2645 1576 2818 1645 pretio
2862 1577 3191 1634 vendidisset
3235 1595 3355 1649 qua:
3404 1580 3677 1648 habebat,

2095 1679 2280 1719 rursus
2321 1666 2582 1722 doluisset
2614 1669 2755 1739 quod
2794 1684 2898 1725 non
2940 1671 3109 1740 pluris
3149 1672 3483 1728 vendidisset
3509 1693 3526 1729 :
3549 1687 3605 1729 et
3632 1675 3680 1729 si

2097 1756 2266 1824 pluris
2292 1759 2592 1827 potuisset,
2620 1776 2807 1816 rursus
2834 1761 2992 1816 aliam
3019 1763 3354 1831 quaesivisset
3381 1779 3677 1834 exsupera-

2098 1848 2297 1902 tionem
2324 1864 2340 1903 :
2365 1859 2420 1904 et
2445 1852 2487 1904 si
2516 1851 2752 1906 modium
2785 1866 2891 1907 uno
2916 1867 3080 1907 aureo
3107 1854 3562 1922 venumdedisset,
3592 1854 3680 1911 hic

2094 1952 2308 2009 quoque
2355 1956 2544 1997 rursus
2589 1943 2753 1997 animi
2799 1944 3115 2013 aegritudine
3161 1944 3348 2000 fuisset
3388 1946 3676 2012 laceratus,

2096 2030 2240 2098 quod
2270 2044 2375 2085 non
2400 2032 2532 2086 tanti
2555 2031 2746 2089 fuisset
2766 2033 3134 2089 semimodius.
3162 2034 3216 2090 Si
3238 2044 3414 2091 autem
3435 2035 3507 2091 ab
3527 2036 3678 2092 initio

2096 2135 2205 2174 non
2240 2121 2371 2176 tanti
2403 2122 2501 2176 fuit
2532 2124 2759 2193 pretium
2781 2165 2796 2189 ,
2829 2139 2899 2179 ne
2924 2125 3155 2180 mireris.
3196 2124 3332 2180 Nam
3356 2135 3410 2182 et
3436 2127 3526 2197 qui
3552 2137 3679 2183 sunt

2093 2212 2252 2277 ebrii,
2281 2229 2388 2268 non
2411 2215 2478 2270 ab
2499 2215 2653 2270 initio
2676 2216 3049 2284 incenduntur,
3072 2217 3166 2272 sed
3186 2233 3307 2273 cum
3332 2219 3501 2274 multo
3526 2236 3678 2277 mero

2094 2303 2297 2359 fuerint
2322 2305 2548 2375 impleti,
2580 2316 2707 2361 tunc
2727 2296 3026 2377 graviorem
3050 2309 3355 2364 accendunt
3380 2309 3671 2367 ﬂammant.

2088 2395 2236 2465 Ergo
2260 2395 2349 2450 isti
2375 2411 2587 2466 quoque
2612 2412 2719 2466 quo
2746 2396 2896 2466 plura
2944 2398 3140 2453 fuerint
3174 2400 3478 2470 complexi,
3516 2416 3584 2456 eo
3620 2402 3675 2456 in

2093 2485 2283 2556 majori
2323 2494 2448 2541 sunt
2482 2487 2659 2558 inopia
2685 2498 2775 2543 :et
2803 2489 2893 2558 qui
2917 2489 3067 2558 plura
3098 2490 3409 2555 lucrantur,
3441 2490 3478 2544 ii
3506 2492 3677 2560 magis

2091 2587 2269 2649 egent.
2300 2579 2427 2634 Haec
2448 2591 2624 2636 autem
2645 2596 2676 2636 a
2698 2594 2784 2635 me
2810 2596 2914 2635 non
2938 2582 3110 2636 solum
3137 2582 3211 2637 illi
3238 2582 3378 2637 dicta
3404 2593 3551 2648 sunt,
3578 2584 3674 2639 sed

2091 2673 2378 2744 unicuique
2406 2689 2593 2729 eorum
2616 2675 2706 2745 qui
2732 2676 2834 2730 hoc
2860 2676 3047 2731 morbo
3074 2676 3335 2743 laborant,
3365 2685 3422 2732 et
3445 2693 3675 2732 annona:

2092 2766 2321 2835 pretium
2351 2777 2564 2837 augent,
2591 2770 2941 2839 proximoque
2967 2780 3255 2840 procurant
3281 2784 3671 2842 paupertatem.

2092 2856 2443 2928 Benignitatis
2468 2859 2612 2914 enim
2640 2868 2696 2914 et
2723 2860 3066 2916 humanitatis
3096 2876 3357 2931 nusquam
3389 2862 3532 2931 apud
3559 2863 3676 2917 illos

2091 2958 2176 3004 est
2196 2951 2366 3018 ratio;
2389 2950 2483 3005 sed
2506 2952 2701 3021 ubique
2724 2952 2961 3022 pecunia;
2976 2967 3129 3008 amor
3145 2954 3413 3009 venalium
3432 2964 3679 3024 tempore

2091 3041 2291 3097 multos
2312 3043 2576 3112 exagitat,
2612 3058 2675 3097 ac
2701 3042 3026 3099 frumentum
3053 3052 3108 3099 et
3132 3045 3313 3100 vinum
3343 3045 3434 3100 ille
3456 3046 3677 3118 quidem

2091 3133 2272 3201 citius,
2295 3132 2382 3188 bie
2400 3149 2529 3189 vero
2544 3134 2725 3189 vendit
2746 3135 2945 3190 tardius
2965 3153 2980 3200 ;
3006 3144 3193 3190 neuter
3207 3149 3386 3191 autem
3403 3137 3473 3192 ob
3491 3151 3677 3191 curam

2093 3239 2251 3294 quam
2280 3224 2508 3294 publica:
2534 3225 2610 3280 rei
2634 3234 2804 3295 gerat,
2833 3226 2927 3280 sed
2958 3225 3049 3281 ille
3075 3225 3291 3296 quidem
3325 3234 3379 3281 ut
3410 3227 3554 3295 plura
3580 3240 3676 3281 ac-

2094 3317 2281 3386 cipiat,
2311 3314 2399 3370 hic
2422 3324 2599 3371 autem
2628 3331 2698 3372 ne
2725 3316 2971 3386 pauciora
2988 3357 3001 3382 ,
3032 3317 3109 3372 sic
3136 3326 3342 3372 mutato
3370 3315 3566 3371 fructu.

2165 3407 2449 3461 Auarorum
2483 3406 2988 3461 tenacitaa.—Nam
3027 3408 3279 3476 quoniam
3319 3408 3507 3477 plures
3544 3406 3678 3477 legis

2096 3500 2191 3556 Dei
2232 3513 2481 3570 magnam
2530 3516 2636 3554 non
2667 3498 2924 3554 habentes
2952 3507 3215 3553 rationem
3236 3538 3254 3565 ,
3285 3498 3464 3553 omnia
3497 3509 3679 3553 tenent

2094 3591 2239 3645 intus
2266 3591 2470 3646 inclusa
2495 3608 2511 3657 ;
2558 3591 2715 3646 aliter
2743 3606 2837 3646 eos
2867 3590 3008 3645 Deus
3035 3588 3305 3645 adducens
3333 3589 3407 3644 ad
3433 3590 3678 3660 benigni-

2095 3690 2259 3737 tatem
2302 3693 2357 3737 et
2383 3683 2763 3737 humanitatem
2785 3722 2800 3748 ,
2838 3690 2901 3736 ut
2924 3682 3007 3736 vel
3038 3696 3103 3737 ex
3133 3682 3451 3737 necessitate
3471 3681 3675 3750 aliquid

2097 3772 2223 3826 boni
2243 3772 2459 3839 faciant,
2474 3774 2696 3843 majoris
2717 3772 2898 3827 damni
2920 3772 3091 3842 injicit
3106 3780 3307 3827 metum
3330 3789 3345 3827 :
3364 3787 3468 3826 non
3488 3772 3675 3826 sinens

2095 3863 2149 3916 in
2178 3863 2407 3918 multum
2436 3871 2645 3932 tempus
2672 3863 2866 3917 durare
2889 3865 3090 3918 fructus
3114 3873 3287 3929 teme,
3313 3872 3366 3916 ut
3386 3862 3577 3918 saltem
3602 3875 3674 3916 ex

2093 3970 2282 4010 eorum
2312 3958 2659 4024 corruptione
2703 3956 2955 4011 damnum
3000 3957 3283 4019 timentes,
3312 3970 3376 4009 ea
3406 3955 3492 4011 vel
3522 3955 3675 4009 inviti

2096 4047 2310 4101 tradant
2336 4048 2643 4117 egentibus,
2684 4063 2803 4118 quae
2842 4048 2988 4103 domi
3027 4048 3224 4103 infossa
3256 4047 3396 4103 male
3439 4057 3673 4104 servant.

2098 4140 2293 4194 Verum
2335 4148 2455 4209 post
2495 4139 2609 4195 haec
2651 4142 2812 4196 etiam
2855 4150 2978 4196 sunt
3015 4142 3228 4210 quidam
3259 4140 3394 4196 adeo
3432 4141 3675 4210 inexple-

2095 4231 2252 4298 biles,
2276 4242 2334 4288 ut
2353 4249 2420 4289 ne
2440 4234 2564 4289 hinc
2583 4234 2796 4304 quidem
2819 4234 3165 4304 castigentur.
3182 4232 3327 4286 Multi
3348 4241 3497 4288 certe
3516 4235 3674 4288 etiam

2096 4325 2301 4395 integra
2338 4324 2479 4380 dolia
2524 4325 2931 4391 exinanierunt,
2973 4335 3029 4379 et
3067 4340 3134 4380 ne
3169 4324 3422 4395 cyathum
3461 4324 3675 4393 quidem

2095 4418 2315 4488 pauperi
2343 4417 2638 4479 dederunt,
2669 4430 2769 4491 nec
2790 4416 3036 4486 pecuniae
3066 4415 3330 4470 tantillum
3360 4416 3673 4486 egentibus,

2095 4520 2303 4565 acetum
2336 4520 2512 4565 autem
2544 4525 2609 4564 ex
2635 4511 2760 4565 vino
2789 4509 2988 4564 factum
3017 4518 3184 4565 totum
3217 4509 3359 4563 humi
3386 4509 3635 4578 iecerunt
3655 4546 3673 4573 ,

2095 4600 2346 4671 doliaque
2388 4614 2483 4655 sua
2528 4602 2688 4655 simul
2727 4615 2848 4655 cum
2877 4600 3000 4656 vino
3027 4614 3333 4669 corrupere.
3362 4600 3467 4655 Alii
3498 4609 3674 4654 autem

2096 4710 2283 4750 rursus
2311 4710 2433 4749 cum
2464 4710 2531 4750 ne
2555 4694 2713 4750 offam
2739 4694 2955 4765 quidem
2983 4695 3241 4750 esurienti
3267 4693 3673 4762 impertiiSsent,

2097 4788 2333 4857 integras
2365 4784 2614 4842 frumenti
2653 4801 2843 4857 capsas
2884 4788 2937 4841 in
2970 4786 3184 4840 fluvium
3212 4785 3560 4854 projeeerunt
3583 4801 3598 4838 :
3621 4791 3679 4838 et

2096 4879 2347 4949 quoniam
2377 4878 2543 4933 Deum
2569 4893 2677 4932 non
2705 4877 2988 4931 audierunt
3007 4876 3285 4947 iubentem
3312 4875 3443 4930 dare
3469 4876 3672 4944 egenis,

2093 4971 2314 5042 jnbente
2338 4971 2480 5025 linea
2499 4969 2585 5025 vel
2610 4970 2759 5023 inviti
2784 4968 3039 5038 quidquid
3066 4976 3183 5023 erat
3207 4968 3351 5021 intus
3374 4965 3680 5021 effuderunt

2095 5063 2162 5117 ad
2190 5063 2411 5118 exitium
2439 5072 2494 5117 et
2522 5072 2819 5117 extremum
2859 5060 3136 5115 interitum
3161 5100 3178 5125 ,
3209 5060 3437 5113 multum
3463 5056 3676 5126 quidem

2096 5157 2263 5209 risum
2288 5198 2304 5222 ,
2344 5155 2542 5209 multas
2587 5164 2764 5208 autem
2788 5153 3210 5207 exsecrationes
3239 5150 3292 5204 in
3321 5163 3477 5203 suum
3520 5156 3678 5214 caput

2097 5247 2255 5301 simul
2280 5262 2401 5301 cum
2444 5247 2544 5300 hoc
2574 5244 2771 5299 damno
2796 5242 3148 5298 attrahentes.
3182 5241 3247 5295 Et
3276 5255 3396 5308 qum
3431 5238 3517 5292 hic
3554 5236 3675 5307 qui-

2093 5340 2217 5393 dem
2247 5340 2380 5394 ﬁnnt
2408 5349 2532 5393 sunt
2570 5338 2833 5407 ejusmodi
2867 5355 2880 5391 :
2910 5352 3027 5403 qum
3052 5346 3228 5390 autem
3259 5333 3399 5398 illic,
3429 5345 3672 5403 quaenam

2096 5432 2373 5500 explicarit
2401 5430 2621 5485 oratio?
2668 5430 2817 5486 Sicut
2857 5429 2999 5484 enim
3030 5428 3112 5482 isti
3145 5442 3173 5479 a
3206 5428 3350 5480 tinea
3377 5438 3596 5479 exesum
3620 5431 3676 5476 et

2096 5521 2284 5576 inutile
2328 5521 2593 5574 redditum
2634 5520 2958 5575 frumentum
3001 5519 3053 5571 in
3092 5518 3281 5571 ﬂuvios
3326 5516 3528 5585 iaciunt
3556 5531 3571 5568 :
3597 5512 3676 5567 sic

2094 5625 2190 5665 eos
2210 5612 2297 5681 qui
2324 5610 2439 5665 haec
2465 5612 2727 5678 fecerunt,
2756 5622 2972 5680 propter
2993 5608 3096 5662 hoc
3122 5607 3293 5677 ipsum
3316 5606 3531 5661 inutiles
3557 5604 3679 5659 red-

2096 5704 2258 5777 ditos,
2286 5704 2501 5776 projicit
2524 5705 2667 5763 Deus
2695 5706 2751 5761 in
2775 5704 2991 5760 fluvium
3021 5701 3178 5773 ignis.
3208 5700 3356 5758 Sicut
3383 5700 3530 5757 enim
3555 5699 3674 5755 fru-
