  <div class='ocr_page' id='page_1' title='image "/cluster/home/n/w/nwhite01/storage/ocr_20150623/61/mdp.39015008622618/350.png"; bbox 0 0 4018 6156; ppageno 0'>
   <div class='ocr_carea' id='block_1_1' title="bbox 453 377 563 435">
    <p class='ocr_par' dir='ltr' id='par_1_1' title="bbox 453 377 563 435">
     <span class='ocr_line' id='line_1_1' title="bbox 453 377 563 435; baseline 0 0"><span class='ocrx_word' id='word_1_1' title='bbox 453 377 563 435; x_wconf 61' lang='grc' dir='ltr'>δῦ</span> 
     </span>
    </p>
   </div>
   <div class='ocr_carea' id='block_1_2' title="bbox 440 487 2011 562">
    <p class='ocr_par' dir='ltr' id='par_1_2' title="bbox 440 487 2011 562">
     <span class='ocr_line' id='line_1_2' title="bbox 440 487 2011 562; baseline -0.003 -18"><span class='ocrx_word' id='word_1_2' title='bbox 440 487 795 554; x_wconf 79' lang='grc' dir='ltr'>πλουτοῦντα,</span> <span class='ocrx_word' id='word_1_3' title='bbox 843 488 1328 562; x_wconf 85' lang='grc' dir='ltr'>δορυφορούμενον,</span> <span class='ocrx_word' id='word_1_4' title='bbox 1382 490 1618 553; x_wconf 85' lang='grc' dir='ltr'>κόλακας</span> <span class='ocrx_word' id='word_1_5' title='bbox 1660 490 1848 560; x_wconf 77' lang='grc' dir='ltr'>ἔχοντα</span> <span class='ocrx_word' id='word_1_6' title='bbox 1883 489 2011 542; x_wconf 88' lang='grc' dir='ltr'>πολ-</span> 
     </span>
    </p>
   </div>
   <div class='ocr_carea' id='block_1_3' title="bbox 445 580 2010 652">
    <p class='ocr_par' dir='ltr' id='par_1_3' title="bbox 445 580 2010 652">
     <span class='ocr_line' id='line_1_3' title="bbox 445 580 2010 652; baseline 0.001 -20"><span class='ocrx_word' id='word_1_7' title='bbox 445 580 591 645; x_wconf 84' lang='grc' dir='ltr'>λοὺς,</span> <span class='ocrx_word' id='word_1_8' title='bbox 649 580 724 652; x_wconf 78' lang='grc' dir='ltr'>μὴ</span> <span class='ocrx_word' id='word_1_9' title='bbox 774 580 1108 652; x_wconf 81' lang='grc' dir='ltr'>καταπέσῃς,</span> <span class='ocrx_word' id='word_1_10' title='bbox 1180 582 1318 636; x_wconf 87' lang='grc' dir='ltr'>ἀλλά</span> <span class='ocrx_word' id='word_1_11' title='bbox 1383 581 1659 647; x_wconf 78' lang='grc' dir='ltr'>στέναξον,</span> <span class='ocrx_word' id='word_1_12' title='bbox 1723 580 2010 652; x_wconf 88' lang='grc' dir='ltr'>δάκρυσον,</span> 
     </span>
    </p>
   </div>
   <div class='ocr_carea' id='block_1_4' title="bbox 442 671 2013 743">
    <p class='ocr_par' dir='ltr' id='par_1_4' title="bbox 442 671 2013 743">
     <span class='ocr_line' id='line_1_4' title="bbox 442 671 2013 743; baseline -0.001 -19"><span class='ocrx_word' id='word_1_13' title='bbox 442 672 821 743; x_wconf 81' lang='grc' dir='ltr'>παρακάλεσον</span> <span class='ocrx_word' id='word_1_14' title='bbox 863 671 953 725; x_wconf 85' lang='grc' dir='ltr'>τὸν</span> <span class='ocrx_word' id='word_1_15' title='bbox 984 671 1138 735; x_wconf 82' lang='grc' dir='ltr'>Θεὸν,</span> <span class='ocrx_word' id='word_1_16' title='bbox 1168 673 1309 726; x_wconf 78' lang='grc' dir='ltr'>ὥστε</span> <span class='ocrx_word' id='word_1_17' title='bbox 1349 672 1515 725; x_wconf 77' lang='grc' dir='ltr'>αὐτὸν</span> <span class='ocrx_word' id='word_1_18' title='bbox 1554 672 1635 734; x_wconf 85' lang='grc' dir='ltr'>είς</span> <span class='ocrx_word' id='word_1_19' title='bbox 1667 674 1790 736; x_wconf 84' lang='grc' dir='ltr'>τοὺς</span> <span class='ocrx_word' id='word_1_20' title='bbox 1828 671 2013 741; x_wconf 87' lang='grc' dir='ltr'>φίλους</span> 
     </span>
    </p>
   </div>
   <div class='ocr_carea' id='block_1_5' title="bbox 439 760 2013 837">
    <p class='ocr_par' dir='ltr' id='par_1_5' title="bbox 439 760 2013 837">
     <span class='ocr_line' id='line_1_5' title="bbox 439 760 2013 837; baseline -0.003 -20"><span class='ocrx_word' id='word_1_21' title='bbox 439 762 760 829; x_wconf 76' lang='grc' dir='ltr'>κατατάξαι·</span> <span class='ocrx_word' id='word_1_22' title='bbox 787 762 882 816; x_wconf 68' lang='lat' dir='ltr'><strong><em>xal</em></strong></span> <span class='ocrx_word' id='word_1_23' title='bbox 907 764 1016 834; x_wconf 76' lang='grc' dir='ltr'>ὅσῳ</span> <span class='ocrx_word' id='word_1_24' title='bbox 1037 762 1104 817; x_wconf 83' lang='grc' dir='ltr'>ἂν</span> <span class='ocrx_word' id='word_1_25' title='bbox 1128 760 1189 818; x_wconf 81' lang='grc' dir='ltr'>εὖ</span> <span class='ocrx_word' id='word_1_26' title='bbox 1220 764 1435 837; x_wconf 79' lang='grc' dir='ltr'>πράττῃ</span> <span class='ocrx_word' id='word_1_27' title='bbox 1456 763 1645 833; x_wconf 81' lang='grc' dir='ltr'>ἐχθρὸς</span> <span class='ocrx_word' id='word_1_28' title='bbox 1662 760 1759 824; x_wconf 82' lang='grc' dir='ltr'>ὢν,</span> <span class='ocrx_word' id='word_1_29' title='bbox 1774 760 2013 831; x_wconf 88' lang='grc' dir='ltr'>τοσούτῳ</span> 
     </span>
    </p>
   </div>
   <div class='ocr_carea' id='block_1_6' title="bbox 440 851 2012 924">
    <p class='ocr_par' dir='ltr' id='par_1_6' title="bbox 440 851 2012 924">
     <span class='ocr_line' id='line_1_6' title="bbox 440 851 2012 924; baseline -0.001 -18"><span class='ocrx_word' id='word_1_30' title='bbox 440 854 602 906; x_wconf 82' lang='grc' dir='ltr'>αὑτὸν</span> <span class='ocrx_word' id='word_1_31' title='bbox 630 852 828 923; x_wconf 71' lang='grc' dir='ltr'>μᾶλλον</span> <span class='ocrx_word' id='word_1_32' title='bbox 857 852 1152 924; x_wconf 85' lang='grc' dir='ltr'>πένθησον.</span> <span class='ocrx_word' id='word_1_33' title='bbox 1183 852 1323 916; x_wconf 80' lang='grc' dir='ltr'>Τοὺς</span> <span class='ocrx_word' id='word_1_34' title='bbox 1367 855 1477 922; x_wconf 83' lang='grc' dir='ltr'>γὰρ</span> <span class='ocrx_word' id='word_1_35' title='bbox 1530 852 1884 924; x_wconf 79' lang='grc' dir='ltr'>ἁμαρτωλοὺς</span> <span class='ocrx_word' id='word_1_36' title='bbox 1926 851 2012 905; x_wconf 75' lang='grc' dir='ltr'>ἀεὶ</span> 
     </span>
    </p>
   </div>
   <div class='ocr_carea' id='block_1_7' title="bbox 443 942 2012 1015">
    <p class='ocr_par' dir='ltr' id='par_1_7' title="bbox 443 942 2012 1015">
     <span class='ocr_line' id='line_1_7' title="bbox 443 942 2012 1015; baseline -0.003 -17"><span class='ocrx_word' id='word_1_37' title='bbox 443 944 542 1013; x_wconf 79' lang='grc' dir='ltr'>μὲν</span> <span class='ocrx_word' id='word_1_38' title='bbox 582 943 801 1015; x_wconf 79' lang='grc' dir='ltr'>θρηνεῖν</span> <span class='ocrx_word' id='word_1_39' title='bbox 829 944 930 1009; x_wconf 80' lang='grc' dir='ltr'>δεῖ,</span> <span class='ocrx_word' id='word_1_40' title='bbox 975 944 1210 1014; x_wconf 89' lang='grc' dir='ltr'>μάλιστα</span> <span class='ocrx_word' id='word_1_41' title='bbox 1258 944 1316 997; x_wconf 86' lang='grc' dir='ltr'>δὲ</span> <span class='ocrx_word' id='word_1_42' title='bbox 1352 945 1481 997; x_wconf 80' lang='grc' dir='ltr'>ὅταν</span> <span class='ocrx_word' id='word_1_43' title='bbox 1519 944 1613 997; x_wconf 76' lang='grc' dir='ltr'>καὶ</span> <span class='ocrx_word' id='word_1_44' title='bbox 1649 942 1876 997; x_wconf 85' lang='grc' dir='ltr'>πλούτου</span> <span class='ocrx_word' id='word_1_45' title='bbox 1917 943 2012 995; x_wconf 78' lang='grc' dir='ltr'>καὶ</span> 
     </span>
    </p>
   </div>
   <div class='ocr_carea' id='block_1_8' title="bbox 438 1032 2005 1106">
    <p class='ocr_par' dir='ltr' id='par_1_8' title="bbox 438 1032 2005 1106">
     <span class='ocr_line' id='line_1_8' title="bbox 438 1032 2005 1106; baseline -0.003 -18"><span class='ocrx_word' id='word_1_46' title='bbox 438 1034 642 1104; x_wconf 84' lang='grc' dir='ltr'>πολλῆς</span> <span class='ocrx_word' id='word_1_47' title='bbox 668 1035 1013 1088; x_wconf 82' lang='grc' dir='ltr'>ἀπολαύωσιν</span> <span class='ocrx_word' id='word_1_48' title='bbox 1032 1036 1133 1106; x_wconf 86' lang='grc' dir='ltr'>ἐύη</span> <span class='ocrx_word' id='word_1_49' title='bbox 1143 1036 1358 1105; x_wconf 87' lang='grc' dir='ltr'>μερίας,</span> <span class='ocrx_word' id='word_1_50' title='bbox 1384 1034 1633 1104; x_wconf 87' lang='grc' dir='ltr'>καθάπερ</span> <span class='ocrx_word' id='word_1_51' title='bbox 1651 1033 1779 1096; x_wconf 86' lang='grc' dir='ltr'>τοὺς</span> <span class='ocrx_word' id='word_1_52' title='bbox 1795 1032 2005 1087; x_wconf 84' lang='grc' dir='ltr'>νοσοῦν-</span> 
     </span>
    </p>
   </div>
   <div class='ocr_carea' id='block_1_9' title="bbox 436 1124 2011 1195">
    <p class='ocr_par' dir='ltr' id='par_1_9' title="bbox 436 1124 2011 1195">
     <span class='ocr_line' id='line_1_9' title="bbox 436 1124 2011 1195; baseline 0 -19"><span class='ocrx_word' id='word_1_53' title='bbox 436 1141 556 1190; x_wconf 91' lang='grc' dir='ltr'>τας,</span> <span class='ocrx_word' id='word_1_54' title='bbox 582 1125 712 1177; x_wconf 75' lang='grc' dir='ltr'>ὅταν</span> <span class='ocrx_word' id='word_1_55' title='bbox 737 1124 1142 1195; x_wconf 78' lang='grc' dir='ltr'>γαστρίζωνται</span> <span class='ocrx_word' id='word_1_56' title='bbox 1177 1126 1273 1178; x_wconf 72' lang='lat' dir='ltr'><strong><em>xal</em></strong></span> <span class='ocrx_word' id='word_1_57' title='bbox 1298 1124 1588 1195; x_wconf 89' lang='grc' dir='ltr'>μεθύωσιν.</span> <span class='ocrx_word' id='word_1_58' title='bbox 1638 1124 1775 1177; x_wconf 82' lang='grc' dir='ltr'>Ἀλλ’</span> <span class='ocrx_word' id='word_1_59' title='bbox 1803 1124 1907 1177; x_wconf 82' lang='grc' dir='ltr'>εἰσί</span> <span class='ocrx_word' id='word_1_60' title='bbox 1931 1140 2011 1176; x_wconf 88' lang='grc' dir='ltr'>τι-</span> 
     </span>
    </p>
   </div>
   <div class='ocr_carea' id='block_1_10' title="bbox 433 1215 2011 1289">
    <p class='ocr_par' dir='ltr' id='par_1_10' title="bbox 433 1215 2011 1289">
     <span class='ocr_line' id='line_1_10' title="bbox 433 1215 2011 1289; baseline -0.001 -20"><span class='ocrx_word' id='word_1_61' title='bbox 433 1234 549 1281; x_wconf 85' lang='grc' dir='ltr'>νες,</span> <span class='ocrx_word' id='word_1_62' title='bbox 588 1217 638 1270; x_wconf 80' lang='grc' dir='ltr'>οἳ</span> <span class='ocrx_word' id='word_1_63' title='bbox 677 1218 771 1271; x_wconf 76' lang='grc' dir='ltr'>καὶ</span> <span class='ocrx_word' id='word_1_64' title='bbox 806 1217 1013 1271; x_wconf 89' lang='grc' dir='ltr'>τούτων</span> <span class='ocrx_word' id='word_1_65' title='bbox 1056 1219 1345 1280; x_wconf 83' lang='grc' dir='ltr'>ἀκούοντες</span> <span class='ocrx_word' id='word_1_66' title='bbox 1376 1217 1484 1271; x_wconf 88' lang='grc' dir='ltr'>τῶν</span> <span class='ocrx_word' id='word_1_67' title='bbox 1524 1218 1802 1289; x_wconf 80' lang='grc' dir='ltr'>ῥημάτων,</span> <span class='ocrx_word' id='word_1_68' title='bbox 1836 1215 2011 1279; x_wconf 77' lang='grc' dir='ltr'>οὕτως</span> 
     </span>
    </p>
   </div>
   <div class='ocr_carea' id='block_1_11' title="bbox 436 1306 2010 1376">
    <p class='ocr_par' dir='ltr' id='par_1_11' title="bbox 436 1306 2010 1376">
     <span class='ocr_line' id='line_1_11' title="bbox 436 1306 2010 1376; baseline -0.001 -15"><span class='ocrx_word' id='word_1_69' title='bbox 436 1307 640 1371; x_wconf 81' lang='grc' dir='ltr'>ἀθλίως</span> <span class='ocrx_word' id='word_1_70' title='bbox 678 1308 1001 1372; x_wconf 76' lang='grc' dir='ltr'>διάκεινται,</span> <span class='ocrx_word' id='word_1_71' title='bbox 1038 1309 1115 1372; x_wconf 84' lang='grc' dir='ltr'>ὡς</span> <span class='ocrx_word' id='word_1_72' title='bbox 1150 1308 1425 1373; x_wconf 82' lang='grc' dir='ltr'>στενάζειν</span> <span class='ocrx_word' id='word_1_73' title='bbox 1453 1309 1536 1374; x_wconf 85' lang='grc' dir='ltr'>ἐφ’</span> <span class='ocrx_word' id='word_1_74' title='bbox 1569 1310 1782 1371; x_wconf 77' lang='grc' dir='ltr'>ἑαυτοῖς</span> <span class='ocrx_word' id='word_1_75' title='bbox 1816 1306 2010 1376; x_wconf 80' lang='grc' dir='ltr'>πικρὸν</span> 
     </span>
    </p>
   </div>
   <div class='ocr_carea' id='block_1_12' title="bbox 438 1399 2007 1473">
    <p class='ocr_par' dir='ltr' id='par_1_12' title="bbox 438 1399 2007 1473">
     <span class='ocr_line' id='line_1_12' title="bbox 438 1399 2007 1473; baseline 0 -20"><span class='ocrx_word' id='word_1_76' title='bbox 438 1402 537 1454; x_wconf 74' lang='grc' dir='ltr'>καὶ</span> <span class='ocrx_word' id='word_1_77' title='bbox 564 1399 767 1470; x_wconf 85' lang='grc' dir='ltr'>λέγειν,</span> <span class='ocrx_word' id='word_1_78' title='bbox 800 1401 882 1454; x_wconf 83' lang='grc' dir='ltr'>ὅτι</span> <span class='ocrx_word' id='word_1_79' title='bbox 911 1400 1171 1469; x_wconf 87' lang='grc' dir='ltr'>Δακρύων</span> <span class='ocrx_word' id='word_1_80' title='bbox 1202 1401 1348 1466; x_wconf 79' lang='grc' dir='ltr'>ἄξιος</span> <span class='ocrx_word' id='word_1_81' title='bbox 1395 1400 1506 1469; x_wconf 84' lang='grc' dir='ltr'>ἐγὼ</span> <span class='ocrx_word' id='word_1_82' title='bbox 1553 1404 1584 1455; x_wconf 99' lang='lat'>6</span> <span class='ocrx_word' id='word_1_83' title='bbox 1639 1401 1807 1473; x_wconf 85' lang='grc' dir='ltr'>μηδὲν</span> <span class='ocrx_word' id='word_1_84' title='bbox 1846 1400 2007 1472; x_wconf 79' lang='grc' dir='ltr'>ἔχων.</span> 
     </span>
    </p>
   </div>
   <div class='ocr_carea' id='block_1_13' title="bbox 440 1486 2010 1563">
    <p class='ocr_par' dir='ltr' id='par_1_13' title="bbox 440 1486 2010 1563">
     <span class='ocr_line' id='line_1_13' title="bbox 440 1486 2010 1563; baseline 0.001 -20"><span class='ocrx_word' id='word_1_85' title='bbox 440 1489 640 1554; x_wconf 77' lang='grc' dir='ltr'>Καλῶς</span> <span class='ocrx_word' id='word_1_86' title='bbox 678 1486 852 1555; x_wconf 77' lang='grc' dir='ltr'>εἶπες,</span> <span class='ocrx_word' id='word_1_87' title='bbox 890 1492 949 1545; x_wconf 91' lang='lat'><strong>&#39;0</strong></span> <span class='ocrx_word' id='word_1_88' title='bbox 985 1492 1151 1562; x_wconf 80' lang='grc' dir='ltr'>μηδὲν</span> <span class='ocrx_word' id='word_1_89' title='bbox 1194 1493 1352 1562; x_wconf 73' lang='grc' dir='ltr'>ἔχων,</span> <span class='ocrx_word' id='word_1_90' title='bbox 1387 1495 1488 1546; x_wconf 83' lang='grc' dir='ltr'>οὐκ</span> <span class='ocrx_word' id='word_1_91' title='bbox 1521 1492 1707 1563; x_wconf 85' lang='grc' dir='ltr'>ἐπειδὴ</span> <span class='ocrx_word' id='word_1_92' title='bbox 1740 1493 1839 1545; x_wconf 87' lang='grc' dir='ltr'>οὐκ</span> <span class='ocrx_word' id='word_1_93' title='bbox 1866 1491 2010 1563; x_wconf 82' lang='grc' dir='ltr'>ἐχεις</span> 
     </span>
    </p>
   </div>
   <div class='ocr_carea' id='block_1_14' title="bbox 440 1581 2010 1657">
    <p class='ocr_par' dir='ltr' id='par_1_14' title="bbox 440 1581 2010 1657">
     <span class='ocr_line' id='line_1_14' title="bbox 440 1581 2010 1657; baseline 0.002 -22"><span class='ocrx_word' id='word_1_94' title='bbox 440 1581 585 1653; x_wconf 77' lang='grc' dir='ltr'>ἅπερ</span> <span class='ocrx_word' id='word_1_95' title='bbox 607 1584 831 1647; x_wconf 74' lang='grc' dir='ltr'>ἐκεῖνος,</span> <span class='ocrx_word' id='word_1_96' title='bbox 862 1583 975 1637; x_wconf 81' lang='grc' dir='ltr'>ἀλλ’</span> <span class='ocrx_word' id='word_1_97' title='bbox 1005 1584 1191 1655; x_wconf 82' lang='grc' dir='ltr'>ἐπειδὴ</span> <span class='ocrx_word' id='word_1_98' title='bbox 1218 1585 1552 1657; x_wconf 82' lang='grc' dir='ltr'>μακαριστὸν</span> <span class='ocrx_word' id='word_1_99' title='bbox 1576 1584 1638 1637; x_wconf 83' lang='grc' dir='ltr'>τὸ</span> <span class='ocrx_word' id='word_1_100' title='bbox 1666 1587 1899 1655; x_wconf 82' lang='grc' dir='ltr'>πρᾶγμα</span> <span class='ocrx_word' id='word_1_101' title='bbox 1924 1601 2010 1637; x_wconf 90' lang='grc' dir='ltr'>νο-</span> 
     </span>
    </p>
   </div>
   <div class='ocr_carea' id='block_1_15' title="bbox 438 1674 2009 1746">
    <p class='ocr_par' dir='ltr' id='par_1_15' title="bbox 438 1674 2009 1746">
     <span class='ocr_line' id='line_1_15' title="bbox 438 1674 2009 1746; baseline 0.001 -20"><span class='ocrx_word' id='word_1_102' title='bbox 438 1674 623 1743; x_wconf 82' lang='grc' dir='ltr'>μίζεις</span> <span class='ocrx_word' id='word_1_103' title='bbox 647 1690 662 1704; x_wconf 77' lang='grc'><strong><em>⁸</em></strong></span> <span class='ocrx_word' id='word_1_104' title='bbox 712 1674 794 1728; x_wconf 81' lang='grc' dir='ltr'>διὸ</span> <span class='ocrx_word' id='word_1_105' title='bbox 835 1674 930 1728; x_wconf 80' lang='grc' dir='ltr'>καὶ</span> <span class='ocrx_word' id='word_1_106' title='bbox 963 1676 1168 1745; x_wconf 90' lang='grc' dir='ltr'>μυρίων</span> <span class='ocrx_word' id='word_1_107' title='bbox 1197 1676 1344 1741; x_wconf 79' lang='grc' dir='ltr'>ἀξιος</span> <span class='ocrx_word' id='word_1_108' title='bbox 1372 1676 1438 1731; x_wconf 81' lang='grc' dir='ltr'>ἂν</span> <span class='ocrx_word' id='word_1_109' title='bbox 1473 1675 1592 1746; x_wconf 84' lang='grc' dir='ltr'>είης</span> <span class='ocrx_word' id='word_1_110' title='bbox 1624 1675 1858 1746; x_wconf 85' lang='grc' dir='ltr'>θρήνων.</span> <span class='ocrx_word' id='word_1_111' title='bbox 1897 1676 2009 1729; x_wconf 82' lang='lat' dir='ltr'><strong><em>Kal</em></strong></span> 
     </span>
    </p>
   </div>
   <div class='ocr_carea' id='block_1_16' title="bbox 440 1761 2009 1835">
    <p class='ocr_par' dir='ltr' id='par_1_16' title="bbox 440 1761 2009 1835">
     <span class='ocr_line' id='line_1_16' title="bbox 440 1761 2009 1835; baseline 0 -20"><span class='ocrx_word' id='word_1_112' title='bbox 440 1762 553 1832; x_wconf 86' lang='grc' dir='ltr'>γὰρ</span> <span class='ocrx_word' id='word_1_113' title='bbox 588 1761 642 1814; x_wconf 81' lang='grc' dir='ltr'>εί</span> <span class='ocrx_word' id='word_1_114' title='bbox 667 1779 751 1827; x_wconf 89' lang='grc' dir='ltr'>τις</span> <span class='ocrx_word' id='word_1_115' title='bbox 778 1763 837 1815; x_wconf 86' lang='grc' dir='ltr'>ἐν</span> <span class='ocrx_word' id='word_1_116' title='bbox 856 1763 1013 1834; x_wconf 76' lang='grc' dir='ltr'>ὑγεία</span> <span class='ocrx_word' id='word_1_117' title='bbox 1048 1762 1155 1827; x_wconf 82' lang='grc' dir='ltr'>ζῶν</span> <span class='ocrx_word' id='word_1_118' title='bbox 1181 1763 1475 1835; x_wconf 76' lang='grc' dir='ltr'>μακαρίζοι</span> <span class='ocrx_word' id='word_1_119' title='bbox 1508 1765 1600 1818; x_wconf 86' lang='grc' dir='ltr'>τὸν</span> <span class='ocrx_word' id='word_1_120' title='bbox 1625 1761 2009 1835; x_wconf 80' lang='grc' dir='ltr'>ἀρρωστοῦντα</span> 
     </span>
    </p>
   </div>
   <div class='ocr_carea' id='block_1_17' title="bbox 441 1850 2009 1922">
    <p class='ocr_par' dir='ltr' id='par_1_17' title="bbox 441 1850 2009 1922">
     <span class='ocr_line' id='line_1_17' title="bbox 441 1850 2009 1922; baseline -0.001 -18"><span class='ocrx_word' id='word_1_121' title='bbox 441 1850 540 1904; x_wconf 76' lang='grc' dir='ltr'>καὶ</span> <span class='ocrx_word' id='word_1_122' title='bbox 563 1850 620 1903; x_wconf 90' lang='grc' dir='ltr'>ἐν</span> <span class='ocrx_word' id='word_1_123' title='bbox 643 1850 860 1921; x_wconf 80' lang='grc' dir='ltr'>μαλακῇ</span> <span class='ocrx_word' id='word_1_124' title='bbox 885 1854 1139 1922; x_wconf 77' lang='grc' dir='ltr'>στρωμνῇ</span> <span class='ocrx_word' id='word_1_125' title='bbox 1165 1853 1579 1922; x_wconf 74' lang='grc' dir='ltr'>κατακείμενον,</span> <span class='ocrx_word' id='word_1_126' title='bbox 1602 1853 1808 1906; x_wconf 90' lang='grc' dir='ltr'>ἐκείνου</span> <span class='ocrx_word' id='word_1_127' title='bbox 1829 1851 2009 1922; x_wconf 87' lang='grc' dir='ltr'>πολλῷ</span> 
     </span>
    </p>
   </div>
   <div class='ocr_carea' id='block_1_18' title="bbox 439 1937 2006 2012">
    <p class='ocr_par' dir='ltr' id='par_1_18' title="bbox 439 1937 2006 2012">
     <span class='ocr_line' id='line_1_18' title="bbox 439 1937 2006 2012; baseline 0.001 -18"><span class='ocrx_word' id='word_1_128' title='bbox 439 1941 812 2012; x_wconf 87' lang='grc' dir='ltr'>ταλαιπωρότε</span> <span class='ocrx_word' id='word_1_129' title='bbox 819 1958 907 2012; x_wconf 89' lang='grc' dir='ltr'>ρος</span> <span class='ocrx_word' id='word_1_130' title='bbox 930 1943 1022 1995; x_wconf 72' lang='grc' dir='ltr'>καὶ</span> <span class='ocrx_word' id='word_1_131' title='bbox 1038 1941 1364 2012; x_wconf 82' lang='grc' dir='ltr'>ἀθλιώτερος</span> <span class='ocrx_word' id='word_1_132' title='bbox 1380 1937 1554 2007; x_wconf 80' lang='grc' dir='ltr'>οὗτος,</span> <span class='ocrx_word' id='word_1_133' title='bbox 1572 1946 1652 1997; x_wconf 84' lang='grc' dir='ltr'>ὅτι</span> <span class='ocrx_word' id='word_1_134' title='bbox 1674 1943 1781 1997; x_wconf 89' lang='grc' dir='ltr'>τῶν</span> <span class='ocrx_word' id='word_1_135' title='bbox 1795 1945 2006 1997; x_wconf 78' lang='grc' dir='ltr'>οἰκείων</span> 
     </span>
    </p>
   </div>
   <div class='ocr_carea' id='block_1_19' title="bbox 436 2031 2008 2105">
    <p class='ocr_par' dir='ltr' id='par_1_19' title="bbox 436 2031 2008 2105">
     <span class='ocr_line' id='line_1_19' title="bbox 436 2031 2008 2105; baseline 0.002 -19"><span class='ocrx_word' id='word_1_136' title='bbox 436 2031 659 2100; x_wconf 82' lang='grc' dir='ltr'>ἀγαθῶν</span> <span class='ocrx_word' id='word_1_137' title='bbox 686 2034 940 2103; x_wconf 77' lang='grc' dir='ltr'>οὐδεμίαν</span> <span class='ocrx_word' id='word_1_138' title='bbox 979 2033 1231 2105; x_wconf 72' lang='grc' dir='ltr'>αἴσθησιν</span> <span class='ocrx_word' id='word_1_139' title='bbox 1262 2035 1396 2104; x_wconf 76' lang='grc' dir='ltr'>ἔχει.</span> <span class='ocrx_word' id='word_1_140' title='bbox 1434 2037 1501 2088; x_wconf 90' lang='grc' dir='ltr'><em>Ὃ</em></span> <span class='ocrx_word' id='word_1_141' title='bbox 1542 2035 1605 2104; x_wconf 88' lang='grc' dir='ltr'>δὴ</span> <span class='ocrx_word' id='word_1_142' title='bbox 1640 2036 1733 2088; x_wconf 73' lang='grc' dir='ltr'>καὶ</span> <span class='ocrx_word' id='word_1_143' title='bbox 1760 2036 1853 2089; x_wconf 80' lang='grc' dir='ltr'>ἐπὶ</span> <span class='ocrx_word' id='word_1_144' title='bbox 1886 2036 2008 2089; x_wconf 91' lang='grc' dir='ltr'>τού-</span> 
     </span>
    </p>
   </div>
   <div class='ocr_carea' id='block_1_20' title="bbox 431 2122 2007 2196">
    <p class='ocr_par' dir='ltr' id='par_1_20' title="bbox 431 2122 2007 2196">
     <span class='ocr_line' id='line_1_20' title="bbox 431 2122 2007 2196; baseline 0.002 -22"><span class='ocrx_word' id='word_1_145' title='bbox 431 2138 543 2176; x_wconf 86' lang='grc' dir='ltr'>των</span> <span class='ocrx_word' id='word_1_146' title='bbox 597 2122 744 2175; x_wconf 77' lang='grc' dir='ltr'>ἐστιν</span> <span class='ocrx_word' id='word_1_147' title='bbox 790 2123 918 2176; x_wconf 84' lang='grc' dir='ltr'>ίδεῖν</span> <span class='ocrx_word' id='word_1_148' title='bbox 966 2123 1297 2194; x_wconf 82' lang='grc' dir='ltr'>συμϐαῖνον·</span> <span class='ocrx_word' id='word_1_149' title='bbox 1327 2125 1449 2178; x_wconf 85' lang='grc' dir='ltr'>ὅθεν</span> <span class='ocrx_word' id='word_1_150' title='bbox 1503 2126 1595 2178; x_wconf 85' lang='grc' dir='ltr'>καὶ</span> <span class='ocrx_word' id='word_1_151' title='bbox 1637 2127 1666 2178; x_wconf 91' lang='lat'>6</span> <span class='ocrx_word' id='word_1_152' title='bbox 1700 2125 1812 2194; x_wconf 90' lang='grc' dir='ltr'>βίος</span> <span class='ocrx_word' id='word_1_153' title='bbox 1851 2125 2007 2196; x_wconf 88' lang='grc' dir='ltr'>ἡμῶν</span> 
     </span>
    </p>
   </div>
   <div class='ocr_carea' id='block_1_21' title="bbox 433 2214 2006 2287">
    <p class='ocr_par' dir='ltr' id='par_1_21' title="bbox 433 2214 2006 2287">
     <span class='ocr_line' id='line_1_21' title="bbox 433 2214 2006 2287; baseline 0 -18"><span class='ocrx_word' id='word_1_154' title='bbox 433 2214 581 2278; x_wconf 75' lang='grc' dir='ltr'>ἄπας</span> <span class='ocrx_word' id='word_1_155' title='bbox 610 2215 939 2285; x_wconf 82' lang='grc' dir='ltr'>συγκέχυται</span> <span class='ocrx_word' id='word_1_156' title='bbox 970 2216 1061 2269; x_wconf 67' lang='grc' dir='ltr'>καί¹</span> <span class='ocrx_word' id='word_1_157' title='bbox 1086 2217 1438 2285; x_wconf 82' lang='grc' dir='ltr'>τετάρακται.</span> <span class='ocrx_word' id='word_1_158' title='bbox 1471 2216 1656 2270; x_wconf 87' lang='grc' dir='ltr'>Ταῦτα</span> <span class='ocrx_word' id='word_1_159' title='bbox 1685 2216 1792 2287; x_wconf 83' lang='grc' dir='ltr'>γὰρ</span> <span class='ocrx_word' id='word_1_160' title='bbox 1818 2217 1884 2270; x_wconf 89' lang='grc' dir='ltr'>τά</span> <span class='ocrx_word' id='word_1_161' title='bbox 1908 2217 2006 2287; x_wconf 81' lang='grc' dir='ltr'>ῥή-</span> 
     </span>
    </p>
   </div>
   <div class='ocr_carea' id='block_1_22' title="bbox 436 2303 2002 2376">
    <p class='ocr_par' dir='ltr' id='par_1_22' title="bbox 436 2303 2002 2376">
     <span class='ocr_line' id='line_1_22' title="bbox 436 2303 2002 2376; baseline 0.001 -20"><span class='ocrx_word' id='word_1_162' title='bbox 436 2319 584 2372; x_wconf 87' lang='grc' dir='ltr'>ματα</span> <span class='ocrx_word' id='word_1_163' title='bbox 633 2303 859 2373; x_wconf 87' lang='grc' dir='ltr'>μυρίους</span> <span class='ocrx_word' id='word_1_164' title='bbox 902 2303 1172 2369; x_wconf 89' lang='grc' dir='ltr'>ἀπώλεσε,</span> <span class='ocrx_word' id='word_1_165' title='bbox 1202 2306 1298 2358; x_wconf 72' lang='grc' dir='ltr'>καὶ</span> <span class='ocrx_word' id='word_1_166' title='bbox 1333 2305 1414 2375; x_wconf 79' lang='grc' dir='ltr'>τῷ</span> <span class='ocrx_word' id='word_1_167' title='bbox 1442 2306 1671 2376; x_wconf 81' lang='grc' dir='ltr'>διαϐόλῳ</span> <span class='ocrx_word' id='word_1_168' title='bbox 1706 2305 2002 2375; x_wconf 86' lang='grc' dir='ltr'>προέδωκε,</span> 
     </span>
    </p>
   </div>
   <div class='ocr_carea' id='block_1_23' title="bbox 431 2392 2001 2467">
    <p class='ocr_par' dir='ltr' id='par_1_23' title="bbox 431 2392 2001 2467">
     <span class='ocr_line' id='line_1_23' title="bbox 431 2392 2001 2467; baseline 0.001 -20"><span class='ocrx_word' id='word_1_169' title='bbox 431 2393 524 2447; x_wconf 80' lang='grc' dir='ltr'>καὶ</span> <span class='ocrx_word' id='word_1_170' title='bbox 567 2392 675 2446; x_wconf 90' lang='grc' dir='ltr'>τῶν</span> <span class='ocrx_word' id='word_1_171' title='bbox 720 2392 862 2463; x_wconf 89' lang='grc' dir='ltr'>λιμῷ</span> <span class='ocrx_word' id='word_1_172' title='bbox 904 2395 1222 2465; x_wconf 83' lang='grc' dir='ltr'>τηκομένων</span> <span class='ocrx_word' id='word_1_173' title='bbox 1273 2396 1674 2467; x_wconf 86' lang='grc' dir='ltr'>ἐλεεινοτέρους</span> <span class='ocrx_word' id='word_1_174' title='bbox 1726 2397 2001 2465; x_wconf 88' lang='grc' dir='ltr'>ἐποίησεν.</span> 
     </span>
    </p>
   </div>
   <div class='ocr_carea' id='block_1_24' title="bbox 431 2483 2006 2558">
    <p class='ocr_par' dir='ltr' id='par_1_24' title="bbox 431 2483 2006 2558">
     <span class='ocr_line' id='line_1_24' title="bbox 431 2483 2006 2558; baseline 0.001 -20"><span class='ocrx_word' id='word_1_175' title='bbox 431 2485 552 2538; x_wconf 74' lang='grc' dir='ltr'>Ὀτι</span> <span class='ocrx_word' id='word_1_176' title='bbox 573 2484 685 2556; x_wconf 86' lang='grc' dir='ltr'>γὰρ</span> <span class='ocrx_word' id='word_1_177' title='bbox 705 2484 856 2539; x_wconf 87' lang='grc' dir='ltr'>οίτοῦ</span> <span class='ocrx_word' id='word_1_178' title='bbox 881 2486 1124 2551; x_wconf 89' lang='grc' dir='ltr'>πλείονος</span> <span class='ocrx_word' id='word_1_179' title='bbox 1151 2487 1451 2558; x_wconf 71' lang='grc' dir='ltr'>ἐφιέμενοι,</span> <span class='ocrx_word' id='word_1_180' title='bbox 1470 2483 1616 2541; x_wconf 81' lang='grc' dir='ltr'>οῦτοι</span> <span class='ocrx_word' id='word_1_181' title='bbox 1636 2487 1853 2541; x_wconf 73' lang='grc' dir='ltr'>καὶτῶν</span> <span class='ocrx_word' id='word_1_182' title='bbox 1878 2504 2006 2558; x_wconf 90' lang='grc' dir='ltr'>προ-</span> 
     </span>
    </p>
   </div>
   <div class='ocr_carea' id='block_1_25' title="bbox 432 2577 2004 2650">
    <p class='ocr_par' dir='ltr' id='par_1_25' title="bbox 432 2577 2004 2650">
     <span class='ocr_line' id='line_1_25' title="bbox 432 2577 2004 2650; baseline 0.001 -20"><span class='ocrx_word' id='word_1_183' title='bbox 432 2577 758 2630; x_wconf 85' lang='grc' dir='ltr'>σαιτούντων</span> <span class='ocrx_word' id='word_1_184' title='bbox 774 2579 911 2631; x_wconf 76' lang='grc' dir='ltr'>εἰσὶν</span> <span class='ocrx_word' id='word_1_185' title='bbox 928 2578 1271 2649; x_wconf 81' lang='grc' dir='ltr'>ἀθλιώτεροι,</span> <span class='ocrx_word' id='word_1_186' title='bbox 1296 2579 1391 2633; x_wconf 82' lang='grc' dir='ltr'>ἀτε</span> <span class='ocrx_word' id='word_1_187' title='bbox 1408 2579 1504 2633; x_wconf 73' lang='grc' dir='ltr'>καὶ</span> <span class='ocrx_word' id='word_1_188' title='bbox 1527 2580 1732 2650; x_wconf 81' lang='grc' dir='ltr'>μείζονι</span> <span class='ocrx_word' id='word_1_189' title='bbox 1757 2581 1854 2633; x_wconf 79' lang='grc' dir='ltr'>καὶ</span> <span class='ocrx_word' id='word_1_190' title='bbox 1890 2580 2004 2648; x_wconf 86' lang='grc' dir='ltr'>δρι-</span> 
     </span>
    </p>
   </div>
   <div class='ocr_carea' id='block_1_26' title="bbox 433 2668 1999 2743">
    <p class='ocr_par' dir='ltr' id='par_1_26' title="bbox 433 2668 1999 2743">
     <span class='ocr_line' id='line_1_26' title="bbox 433 2668 1999 2743; baseline 0.005 -22"><span class='ocrx_word' id='word_1_191' title='bbox 433 2668 644 2740; x_wconf 59' lang='grc' dir='ltr'>μυτέρα.</span> <span class='ocrx_word' id='word_1_192' title='bbox 666 2669 876 2740; x_wconf 75' lang='grc' dir='ltr'>ἀθυμία</span> <span class='ocrx_word' id='word_1_193' title='bbox 909 2669 1115 2723; x_wconf 88' lang='grc' dir='ltr'>τούτων</span> <span class='ocrx_word' id='word_1_194' title='bbox 1141 2671 1515 2742; x_wconf 83' lang='grc' dir='ltr'>κατεχόμενοι,</span> <span class='ocrx_word' id='word_1_195' title='bbox 1546 2673 1704 2743; x_wconf 83' lang='grc' dir='ltr'>δῆλον</span> <span class='ocrx_word' id='word_1_196' title='bbox 1729 2673 1999 2729; x_wconf 89' lang='grc' dir='ltr'>ἐντεῦθεν.</span> 
     </span>
    </p>
   </div>
   <div class='ocr_carea' id='block_1_27' title="bbox 498 2760 2000 2837">
    <p class='ocr_par' dir='ltr' id='par_1_27' title="bbox 498 2760 2000 2837">
     <span class='ocr_line' id='line_1_27' title="bbox 498 2760 2000 2837; baseline 0.003 -24"><span class='ocrx_word' id='word_1_197' title='bbox 498 2761 721 2831; x_wconf 78' lang='grc' dir='ltr'>Αύχμδς</span> <span class='ocrx_word' id='word_1_198' title='bbox 755 2760 1023 2815; x_wconf 83' lang='grc' dir='ltr'>κατέλαϐέ</span> <span class='ocrx_word' id='word_1_199' title='bbox 1064 2778 1194 2814; x_wconf 88' lang='grc' dir='ltr'>ποτε</span> <span class='ocrx_word' id='word_1_200' title='bbox 1236 2764 1335 2833; x_wconf 75' lang='grc' dir='ltr'>τὴν</span> <span class='ocrx_word' id='word_1_201' title='bbox 1374 2764 1526 2817; x_wconf 89' lang='grc' dir='ltr'>πόλιν</span> <span class='ocrx_word' id='word_1_202' title='bbox 1564 2765 1664 2835; x_wconf 79' lang='grc' dir='ltr'>τὴν</span> <span class='ocrx_word' id='word_1_203' title='bbox 1705 2766 2000 2837; x_wconf 88' lang='grc' dir='ltr'>ἡμετέραν,</span> 
     </span>
    </p>
   </div>
   <div class='ocr_carea' id='block_1_28' title="bbox 426 2853 2003 2925">
    <p class='ocr_par' dir='ltr' id='par_1_28' title="bbox 426 2853 2003 2925">
     <span class='ocr_line' id='line_1_28' title="bbox 426 2853 2003 2925; baseline 0.002 -18"><span class='ocrx_word' id='word_1_204' title='bbox 426 2855 525 2907; x_wconf 82' lang='grc' dir='ltr'>καὶ</span> <span class='ocrx_word' id='word_1_205' title='bbox 550 2853 757 2916; x_wconf 88' lang='grc' dir='ltr'>πάντες</span> <span class='ocrx_word' id='word_1_206' title='bbox 786 2853 1016 2925; x_wconf 83' lang='grc' dir='ltr'>ἔτρεμον</span> <span class='ocrx_word' id='word_1_207' title='bbox 1050 2853 1190 2925; x_wconf 82' lang='grc' dir='ltr'>ὑπὲρ</span> <span class='ocrx_word' id='word_1_208' title='bbox 1210 2854 1317 2908; x_wconf 90' lang='grc' dir='ltr'>τῶν</span> <span class='ocrx_word' id='word_1_209' title='bbox 1344 2856 1602 2925; x_wconf 83' lang='grc' dir='ltr'>ἐσχάτων,</span> <span class='ocrx_word' id='word_1_210' title='bbox 1630 2859 1722 2911; x_wconf 78' lang='grc' dir='ltr'>καὶ</span> <span class='ocrx_word' id='word_1_211' title='bbox 1754 2858 1845 2911; x_wconf 82' lang='grc' dir='ltr'>τὸν</span> <span class='ocrx_word' id='word_1_212' title='bbox 1871 2859 2003 2911; x_wconf 77' lang='grc' dir='ltr'>Θεὸν</span> 
     </span>
    </p>
   </div>
   <div class='ocr_carea' id='block_1_29' title="bbox 427 2944 2003 3019">
    <p class='ocr_par' dir='ltr' id='par_1_29' title="bbox 427 2944 2003 3019">
     <span class='ocr_line' id='line_1_29' title="bbox 427 2944 2003 3019; baseline 0.001 -21"><span class='ocrx_word' id='word_1_213' title='bbox 427 2945 773 3017; x_wconf 78' lang='grc' dir='ltr'>παρεκάλουν</span> <span class='ocrx_word' id='word_1_214' title='bbox 804 2945 962 2999; x_wconf 88' lang='grc' dir='ltr'>λῦσαι</span> <span class='ocrx_word' id='word_1_215' title='bbox 984 2946 1131 2999; x_wconf 87' lang='grc' dir='ltr'>τουτί</span> <span class='ocrx_word' id='word_1_216' title='bbox 1150 2945 1209 2998; x_wconf 79' lang='grc' dir='ltr'>τὸ</span> <span class='ocrx_word' id='word_1_217' title='bbox 1242 2945 1377 3012; x_wconf 88' lang='grc' dir='ltr'>δέος·</span> <span class='ocrx_word' id='word_1_218' title='bbox 1408 2948 1503 3001; x_wconf 78' lang='grc' dir='ltr'>καὶ</span> <span class='ocrx_word' id='word_1_219' title='bbox 1528 2944 1597 3019; x_wconf 76' lang='grc' dir='ltr'>ἦν</span> <span class='ocrx_word' id='word_1_220' title='bbox 1627 2950 1753 3003; x_wconf 77' lang='grc' dir='ltr'>ἰδεῖν</span> <span class='ocrx_word' id='word_1_221' title='bbox 1790 2950 1910 3003; x_wconf 88' lang='grc' dir='ltr'>τότε</span> <span class='ocrx_word' id='word_1_222' title='bbox 1941 2950 2003 3001; x_wconf 87' lang='grc' dir='ltr'>τὸ</span> 
     </span>
    </p>
   </div>
   <div class='ocr_carea' id='block_1_30' title="bbox 428 3035 2004 3109">
    <p class='ocr_par' dir='ltr' id='par_1_30' title="bbox 428 3035 2004 3109">
     <span class='ocr_line' id='line_1_30' title="bbox 428 3035 2004 3109; baseline 0.002 -19"><span class='ocrx_word' id='word_1_223' title='bbox 428 3037 537 3090; x_wconf 77' lang='grc' dir='ltr'>ὑπὸ</span> <span class='ocrx_word' id='word_1_224' title='bbox 561 3036 843 3099; x_wconf 73' lang='grc' dir='ltr'>Μωῦσέως</span> <span class='ocrx_word' id='word_1_225' title='bbox 869 3035 1174 3106; x_wconf 80' lang='grc' dir='ltr'>εἰρημένον,</span> <span class='ocrx_word' id='word_1_226' title='bbox 1205 3036 1442 3106; x_wconf 82' lang='grc' dir='ltr'>χαλκοῦν</span> <span class='ocrx_word' id='word_1_227' title='bbox 1466 3038 1560 3093; x_wconf 79' lang='grc' dir='ltr'>τὸν</span> <span class='ocrx_word' id='word_1_228' title='bbox 1591 3040 1819 3109; x_wconf 72' lang='grc' dir='ltr'>οὐρανὸν</span> <span class='ocrx_word' id='word_1_229' title='bbox 1844 3057 2004 3109; x_wconf 89' lang='grc' dir='ltr'>γεγε-</span> 
     </span>
    </p>
   </div>
   <div class='ocr_carea' id='block_1_31' title="bbox 426 3128 2004 3203">
    <p class='ocr_par' dir='ltr' id='par_1_31' title="bbox 426 3128 2004 3203">
     <span class='ocr_line' id='line_1_31' title="bbox 426 3128 2004 3203; baseline 0.003 -21"><span class='ocrx_word' id='word_1_230' title='bbox 426 3129 681 3201; x_wconf 76' lang='grc' dir='ltr'>νημένον,</span> <span class='ocrx_word' id='word_1_231' title='bbox 724 3131 817 3183; x_wconf 77' lang='grc' dir='ltr'>καὶ</span> <span class='ocrx_word' id='word_1_232' title='bbox 857 3128 1086 3183; x_wconf 87' lang='grc' dir='ltr'>θάνατον</span> <span class='ocrx_word' id='word_1_233' title='bbox 1118 3128 1224 3182; x_wconf 87' lang='grc' dir='ltr'>τῶν</span> <span class='ocrx_word' id='word_1_234' title='bbox 1265 3131 1521 3184; x_wconf 88' lang='grc' dir='ltr'>ἀπάντων</span> <span class='ocrx_word' id='word_1_235' title='bbox 1560 3130 1805 3186; x_wconf 84' lang='grc' dir='ltr'>θανάτων</span> <span class='ocrx_word' id='word_1_236' title='bbox 1846 3133 2004 3203; x_wconf 85' lang='grc' dir='ltr'>χαλε-</span> 
     </span>
    </p>
   </div>
   <div class='ocr_carea' id='block_1_32' title="bbox 427 3217 1997 3293">
    <p class='ocr_par' dir='ltr' id='par_1_32' title="bbox 427 3217 1997 3293">
     <span class='ocr_line' id='line_1_32' title="bbox 427 3217 1997 3293; baseline 0.002 -21"><span class='ocrx_word' id='word_1_237' title='bbox 427 3217 678 3290; x_wconf 83' lang='grc' dir='ltr'>πώτερον</span> <span class='ocrx_word' id='word_1_238' title='bbox 716 3218 841 3272; x_wconf 86' lang='grc' dir='ltr'>καθ’</span> <span class='ocrx_word' id='word_1_239' title='bbox 869 3218 1106 3288; x_wconf 87' lang='grc' dir='ltr'>ἐκάστην</span> <span class='ocrx_word' id='word_1_240' title='bbox 1142 3218 1590 3289; x_wconf 86' lang='grc' dir='ltr'>προσδοκώμενον</span> <span class='ocrx_word' id='word_1_241' title='bbox 1624 3220 1722 3291; x_wconf 81' lang='grc' dir='ltr'>τὴν</span> <span class='ocrx_word' id='word_1_242' title='bbox 1766 3223 1997 3293; x_wconf 90' lang='grc' dir='ltr'>ἡμέραν.</span> 
     </span>
    </p>
   </div>
   <div class='ocr_carea' id='block_1_33' title="bbox 438 3305 2003 3383">
    <p class='ocr_par' dir='ltr' id='par_1_33' title="bbox 438 3305 2003 3383">
     <span class='ocr_line' id='line_1_33' title="bbox 438 3305 2003 3383; baseline 0.003 -22"><span class='ocrx_word' id='word_1_243' title='bbox 438 3306 582 3361; x_wconf 79' lang='grc' dir='ltr'>Ἀλλ’</span> <span class='ocrx_word' id='word_1_244' title='bbox 606 3305 850 3379; x_wconf 77' lang='grc' dir='ltr'>ὕστερον,</span> <span class='ocrx_word' id='word_1_245' title='bbox 877 3307 1035 3371; x_wconf 78' lang='grc' dir='ltr'>δόξαν</span> <span class='ocrx_word' id='word_1_246' title='bbox 1070 3307 1146 3379; x_wconf 84' lang='grc' dir='ltr'>τῷ</span> <span class='ocrx_word' id='word_1_247' title='bbox 1176 3308 1542 3381; x_wconf 82' lang='grc' dir='ltr'>φιλανθρώπῳ</span> <span class='ocrx_word' id='word_1_248' title='bbox 1581 3310 1721 3381; x_wconf 85' lang='grc' dir='ltr'>Θεῷ,</span> <span class='ocrx_word' id='word_1_249' title='bbox 1758 3313 1888 3383; x_wconf 89' lang='grc' dir='ltr'>παρ’</span> <span class='ocrx_word' id='word_1_250' title='bbox 1916 3314 2003 3366; x_wconf 91' lang='grc' dir='ltr'>ἐλ-</span> 
     </span>
    </p>
   </div>
   <div class='ocr_carea' id='block_1_34' title="bbox 428 3400 2002 3483">
    <p class='ocr_par' dir='ltr' id='par_1_34' title="bbox 428 3400 2002 3483">
     <span class='ocr_line' id='line_1_34' title="bbox 428 3400 2002 3483; baseline 0.004 -28"><span class='ocrx_word' id='word_1_251' title='bbox 428 3401 558 3455; x_wconf 89' lang='grc' dir='ltr'>πίδα</span> <span class='ocrx_word' id='word_1_252' title='bbox 582 3400 799 3456; x_wconf 75' lang='grc' dir='ltr'>ἃπασαν</span> <span class='ocrx_word' id='word_1_253' title='bbox 832 3401 1000 3465; x_wconf 80' lang='grc' dir='ltr'>πολὺς</span> <span class='ocrx_word' id='word_1_254' title='bbox 1035 3402 1501 3483; x_wconf 57' lang='grc' dir='ltr'>κατεφέρετοικαὶ</span> <span class='ocrx_word' id='word_1_255' title='bbox 1541 3404 1766 3476; x_wconf 82' lang='grc' dir='ltr'>ἄπειρος</span> <span class='ocrx_word' id='word_1_256' title='bbox 1796 3409 2002 3463; x_wconf 83' lang='grc' dir='ltr'>ἀνωθεν</span> 
     </span>
    </p>
   </div>
   <div class='ocr_carea' id='block_1_35' title="bbox 430 3494 2000 3570">
    <p class='ocr_par' dir='ltr' id='par_1_35' title="bbox 430 3494 2000 3570">
     <span class='ocr_line' id='line_1_35' title="bbox 430 3494 2000 3570; baseline 0.004 -24"><span class='ocrx_word' id='word_1_257' title='bbox 430 3494 605 3559; x_wconf 78' lang='grc' dir='ltr'>ὑετὸς,</span> <span class='ocrx_word' id='word_1_258' title='bbox 648 3494 742 3546; x_wconf 74' lang='grc' dir='ltr'>καὶ</span> <span class='ocrx_word' id='word_1_259' title='bbox 782 3495 980 3559; x_wconf 81' lang='grc' dir='ltr'>πάντες</span> <span class='ocrx_word' id='word_1_260' title='bbox 1019 3497 1077 3547; x_wconf 89' lang='grc' dir='ltr'>ἐν</span> <span class='ocrx_word' id='word_1_261' title='bbox 1114 3494 1415 3566; x_wconf 78' lang='grc' dir='ltr'>πανηγύρει</span> <span class='ocrx_word' id='word_1_262' title='bbox 1451 3497 1545 3551; x_wconf 74' lang='grc' dir='ltr'>καὶ</span> <span class='ocrx_word' id='word_1_263' title='bbox 1591 3499 1751 3570; x_wconf 82' lang='grc' dir='ltr'>ἐορτῇ</span> <span class='ocrx_word' id='word_1_264' title='bbox 1797 3499 2000 3563; x_wconf 82' lang='grc' dir='ltr'>λοιπὸν,</span> 
     </span>
    </p>
   </div>
   <div class='ocr_carea' id='block_1_36' title="bbox 432 3581 1999 3647">
    <p class='ocr_par' dir='ltr' id='par_1_36' title="bbox 432 3581 1999 3647">
     <span class='ocr_line' id='line_1_36' title="bbox 432 3581 1999 3647; baseline 0.004 -11"><span class='ocrx_word' id='word_1_265' title='bbox 432 3581 530 3636; x_wconf 82' lang='grc' dir='ltr'>ἀτε</span> <span class='ocrx_word' id='word_1_266' title='bbox 568 3582 627 3647; x_wconf 79' lang='grc' dir='ltr'>ἐξ</span> <span class='ocrx_word' id='word_1_267' title='bbox 670 3582 843 3636; x_wconf 83' lang='grc' dir='ltr'>αὐτῶν</span> <span class='ocrx_word' id='word_1_268' title='bbox 878 3583 1178 3645; x_wconf 82' lang='grc' dir='ltr'>ἀναϐάντες</span> <span class='ocrx_word' id='word_1_269' title='bbox 1221 3582 1332 3635; x_wconf 90' lang='grc' dir='ltr'>τῶν</span> <span class='ocrx_word' id='word_1_270' title='bbox 1377 3584 1470 3637; x_wconf 90' lang='grc' dir='ltr'>τοῦ</span> <span class='ocrx_word' id='word_1_271' title='bbox 1511 3585 1742 3639; x_wconf 86' lang='grc' dir='ltr'>θανάτου</span> <span class='ocrx_word' id='word_1_272' title='bbox 1796 3588 1999 3644; x_wconf 88' lang='grc' dir='ltr'>πυλῶν.</span> 
     </span>
    </p>
   </div>
   <div class='ocr_carea' id='block_1_37' title="bbox 430 3670 2001 3748">
    <p class='ocr_par' dir='ltr' id='par_1_37' title="bbox 430 3670 2001 3748">
     <span class='ocr_line' id='line_1_37' title="bbox 430 3670 2001 3748; baseline 0.004 -22"><span class='ocrx_word' id='word_1_273' title='bbox 430 3670 587 3745; x_wconf 75' lang='grc'>[374]</span> <span class='ocrx_word' id='word_1_274' title='bbox 621 3672 756 3726; x_wconf 79' lang='grc' dir='ltr'>Ἀλλ’</span> <span class='ocrx_word' id='word_1_275' title='bbox 775 3674 831 3726; x_wconf 86' lang='grc' dir='ltr'>ἐν</span> <span class='ocrx_word' id='word_1_276' title='bbox 849 3674 1119 3737; x_wconf 72' lang='grc' dir='ltr'>τοσούτοις</span> <span class='ocrx_word' id='word_1_277' title='bbox 1143 3673 1368 3740; x_wconf 81' lang='grc' dir='ltr'>ἀγαθοῖς</span> <span class='ocrx_word' id='word_1_278' title='bbox 1397 3675 1490 3729; x_wconf 75' lang='grc' dir='ltr'>καὶ</span> <span class='ocrx_word' id='word_1_279' title='bbox 1511 3678 1575 3746; x_wconf 78' lang='grc' dir='ltr'>τῇ</span> <span class='ocrx_word' id='word_1_280' title='bbox 1599 3680 1748 3748; x_wconf 79' lang='grc' dir='ltr'>κοινῇ</span> <span class='ocrx_word' id='word_1_281' title='bbox 1782 3681 2001 3733; x_wconf 89' lang='grc' dir='ltr'>πάντων</span> 
     </span>
    </p>
   </div>
   <div class='ocr_carea' id='block_1_38' title="bbox 426 3761 1999 3837">
    <p class='ocr_par' dir='ltr' id='par_1_38' title="bbox 426 3761 1999 3837">
     <span class='ocr_line' id='line_1_38' title="bbox 426 3761 1999 3837; baseline 0.006 -23"><span class='ocrx_word' id='word_1_282' title='bbox 426 3761 756 3833; x_wconf 82' lang='grc' dir='ltr'>εὐφροσύνῃ,</span> <span class='ocrx_word' id='word_1_283' title='bbox 786 3762 891 3815; x_wconf 91' lang='grc' dir='ltr'>τῶν</span> <span class='ocrx_word' id='word_1_284' title='bbox 929 3763 1378 3827; x_wconf 79' lang='grc' dir='ltr'>ζαπλουτούντων</span> <span class='ocrx_word' id='word_1_285' title='bbox 1407 3783 1491 3829; x_wconf 90' lang='grc' dir='ltr'>τις</span> <span class='ocrx_word' id='word_1_286' title='bbox 1524 3766 1731 3822; x_wconf 88' lang='grc' dir='ltr'>τούτων</span> <span class='ocrx_word' id='word_1_287' title='bbox 1775 3772 1999 3837; x_wconf 72' lang='grc' dir='ltr'>στυγνὸς</span> 
     </span>
    </p>
   </div>
   <div class='ocr_carea' id='block_1_39' title="bbox 423 3854 1995 3935">
    <p class='ocr_par' dir='ltr' id='par_1_39' title="bbox 423 3854 1995 3935">
     <span class='ocr_line' id='line_1_39' title="bbox 423 3854 1995 3935; baseline 0.004 -27"><span class='ocrx_word' id='word_1_288' title='bbox 423 3855 522 3908; x_wconf 80' lang='grc' dir='ltr'>καὶ</span> <span class='ocrx_word' id='word_1_289' title='bbox 545 3855 812 3925; x_wconf 75' lang='grc' dir='ltr'>κατηφὴς,</span> <span class='ocrx_word' id='word_1_290' title='bbox 841 3854 1229 3926; x_wconf 88' lang='grc' dir='ltr'>ἀποτεθνηκὼς</span> <span class='ocrx_word' id='word_1_291' title='bbox 1257 3856 1362 3909; x_wconf 82' lang='grc' dir='ltr'>ὑπὸ</span> <span class='ocrx_word' id='word_1_292' title='bbox 1385 3857 1482 3928; x_wconf 84' lang='grc' dir='ltr'>τῆς</span> <span class='ocrx_word' id='word_1_293' title='bbox 1503 3858 1741 3928; x_wconf 80' lang='grc' dir='ltr'>ἀθυμίας</span> <span class='ocrx_word' id='word_1_294' title='bbox 1763 3863 1995 3935; x_wconf 84' lang='grc' dir='ltr'>περιῄει,</span> 
     </span>
    </p>
   </div>
   <div class='ocr_carea' id='block_1_40' title="bbox 422 3944 1995 4024">
    <p class='ocr_par' dir='ltr' id='par_1_40' title="bbox 422 3944 1995 4024">
     <span class='ocr_line' id='line_1_40' title="bbox 422 3944 1995 4024; baseline 0.006 -27"><span class='ocrx_word' id='word_1_295' title='bbox 422 3945 522 3999; x_wconf 68' lang='grc' dir='ltr'>καλ⁵</span> <span class='ocrx_word' id='word_1_296' title='bbox 552 3944 761 3997; x_wconf 80' lang='grc' dir='ltr'>πολλῶν</span> <span class='ocrx_word' id='word_1_297' title='bbox 791 3945 890 4015; x_wconf 83' lang='grc' dir='ltr'>τὴν</span> <span class='ocrx_word' id='word_1_298' title='bbox 915 3947 1092 4000; x_wconf 77' lang='grc' dir='ltr'>αἰτίαν</span> <span class='ocrx_word' id='word_1_299' title='bbox 1127 3947 1566 4020; x_wconf 86' lang='grc' dir='ltr'>πυνθανομένων,</span> <span class='ocrx_word' id='word_1_300' title='bbox 1599 3948 1668 4004; x_wconf 88' lang='grc' dir='ltr'>δι’</span> <span class='ocrx_word' id='word_1_301' title='bbox 1723 3953 1788 4023; x_wconf 82' lang='grc' dir='ltr'>ἢν</span> <span class='ocrx_word' id='word_1_302' title='bbox 1829 3953 1888 4005; x_wconf 90' lang='grc' dir='ltr'>ἐν</span> <span class='ocrx_word' id='word_1_303' title='bbox 1930 3957 1995 4024; x_wconf 84' lang='grc' dir='ltr'>τῇ</span> 
     </span>
    </p>
   </div>
   <div class='ocr_carea' id='block_1_41' title="bbox 419 4036 1996 4114">
    <p class='ocr_par' dir='ltr' id='par_1_41' title="bbox 419 4036 1996 4114">
     <span class='ocr_line' id='line_1_41' title="bbox 419 4036 1996 4114; baseline 0.006 -23"><span class='ocrx_word' id='word_1_304' title='bbox 419 4039 577 4108; x_wconf 82' lang='grc' dir='ltr'>κοινῇ</span> <span class='ocrx_word' id='word_1_305' title='bbox 620 4036 840 4090; x_wconf 90' lang='grc' dir='ltr'>πάντων</span> <span class='ocrx_word' id='word_1_306' title='bbox 885 4037 1187 4108; x_wconf 87' lang='grc' dir='ltr'>ἀνθρώπων</span> <span class='ocrx_word' id='word_1_307' title='bbox 1232 4041 1393 4113; x_wconf 81' lang='grc' dir='ltr'>ἡδονῇ</span> <span class='ocrx_word' id='word_1_308' title='bbox 1439 4043 1599 4112; x_wconf 86' lang='grc' dir='ltr'>μόνος</span> <span class='ocrx_word' id='word_1_309' title='bbox 1654 4045 1828 4114; x_wconf 86' lang='grc' dir='ltr'>ἀλγεῖ,</span> <span class='ocrx_word' id='word_1_310' title='bbox 1879 4047 1996 4101; x_wconf 84' lang='grc' dir='ltr'>οὺδέ</span> 
     </span>
    </p>
   </div>
   <div class='ocr_carea' id='block_1_42' title="bbox 419 4128 1996 4204">
    <p class='ocr_par' dir='ltr' id='par_1_42' title="bbox 419 4128 1996 4204">
     <span class='ocr_line' id='line_1_42' title="bbox 419 4128 1996 4204; baseline 0.006 -21"><span class='ocrx_word' id='word_1_311' title='bbox 419 4131 719 4199; x_wconf 86' lang='grc' dir='ltr'>κατασχεῖν</span> <span class='ocrx_word' id='word_1_312' title='bbox 748 4128 894 4182; x_wconf 80' lang='grc' dir='ltr'>ἔνδον</span> <span class='ocrx_word' id='word_1_313' title='bbox 925 4130 1110 4198; x_wconf 78' lang='grc' dir='ltr'>ἴσχυσε</span> <span class='ocrx_word' id='word_1_314' title='bbox 1137 4131 1198 4184; x_wconf 86' lang='grc' dir='ltr'>τὸ</span> <span class='ocrx_word' id='word_1_315' title='bbox 1223 4133 1455 4201; x_wconf 78' lang='grc' dir='ltr'>χαλεπὸν</span> <span class='ocrx_word' id='word_1_316' title='bbox 1480 4134 1636 4188; x_wconf 86' lang='grc' dir='ltr'>τοῦτο</span> <span class='ocrx_word' id='word_1_317' title='bbox 1664 4138 1856 4204; x_wconf 83' lang='grc' dir='ltr'>πάθος,</span> <span class='ocrx_word' id='word_1_318' title='bbox 1882 4139 1996 4192; x_wconf 84' lang='grc' dir='ltr'>ἀλλ’</span> 
     </span>
    </p>
   </div>
   <div class='ocr_carea' id='block_1_43' title="bbox 422 4220 1997 4296">
    <p class='ocr_par' dir='ltr' id='par_1_43' title="bbox 422 4220 1997 4296">
     <span class='ocr_line' id='line_1_43' title="bbox 422 4220 1997 4296; baseline 0.005 -22"><span class='ocrx_word' id='word_1_319' title='bbox 422 4220 531 4274; x_wconf 78' lang='grc' dir='ltr'>ὑπὸ</span> <span class='ocrx_word' id='word_1_320' title='bbox 560 4221 660 4291; x_wconf 81' lang='grc' dir='ltr'>τῆς</span> <span class='ocrx_word' id='word_1_321' title='bbox 686 4220 997 4290; x_wconf 82' lang='grc' dir='ltr'>τυραννίδος</span> <span class='ocrx_word' id='word_1_322' title='bbox 1029 4221 1124 4274; x_wconf 88' lang='grc' dir='ltr'>τοῦ</span> <span class='ocrx_word' id='word_1_323' title='bbox 1157 4224 1459 4292; x_wconf 86' lang='grc' dir='ltr'>νοσήματος</span> <span class='ocrx_word' id='word_1_324' title='bbox 1503 4226 1878 4296; x_wconf 84' lang='grc' dir='ltr'>κεντούμενος,</span> <span class='ocrx_word' id='word_1_325' title='bbox 1916 4233 1997 4292; x_wconf 86' lang='grc' dir='ltr'>εἰς</span> 
     </span>
    </p>
   </div>
   <div class='ocr_carea' id='block_1_44' title="bbox 421 4310 1993 4389">
    <p class='ocr_par' dir='ltr' id='par_1_44' title="bbox 421 4310 1993 4389">
     <span class='ocr_line' id='line_1_44' title="bbox 421 4310 1993 4389; baseline 0.005 -26"><span class='ocrx_word' id='word_1_326' title='bbox 421 4311 589 4381; x_wconf 80' lang='grc' dir='ltr'>μέσον</span> <span class='ocrx_word' id='word_1_327' title='bbox 620 4311 882 4380; x_wconf 79' lang='grc' dir='ltr'>ἐξήνεγκε</span> <span class='ocrx_word' id='word_1_328' title='bbox 911 4310 1008 4381; x_wconf 84' lang='grc' dir='ltr'>τὴν</span> <span class='ocrx_word' id='word_1_329' title='bbox 1034 4312 1231 4366; x_wconf 60' lang='grc' dir='ltr'>αἰτίαν</span> <span class='ocrx_word' id='word_1_330' title='bbox 1265 4314 1448 4383; x_wconf 81' lang='grc' dir='ltr'>Μυρία</span> <span class='ocrx_word' id='word_1_331' title='bbox 1482 4317 1591 4385; x_wconf 86' lang='grc' dir='ltr'>γάρ</span> <span class='ocrx_word' id='word_1_332' title='bbox 1629 4317 1801 4389; x_wconf 87' lang='grc' dir='ltr'>μέτρα</span> <span class='ocrx_word' id='word_1_333' title='bbox 1847 4320 1993 4372; x_wconf 80' lang='grc' dir='ltr'>σίτου</span> 
     </span>
    </p>
   </div>
   <div class='ocr_carea' id='block_1_45' title="bbox 418 4405 1995 4479">
    <p class='ocr_par' dir='ltr' id='par_1_45' title="bbox 418 4405 1995 4479">
     <span class='ocr_line' id='line_1_45' title="bbox 418 4405 1995 4479; baseline 0.006 -22"><span class='ocrx_word' id='word_1_334' title='bbox 418 4405 779 4475; x_wconf 86' lang='grc' dir='ltr'>κεκτημένος,</span> <span class='ocrx_word' id='word_1_335' title='bbox 822 4406 1006 4475; x_wconf 81' lang='grc' dir='ltr'>φησὶν,</span> <span class='ocrx_word' id='word_1_336' title='bbox 1044 4406 1143 4458; x_wconf 75' lang='grc' dir='ltr'>οὐκ</span> <span class='ocrx_word' id='word_1_337' title='bbox 1185 4405 1289 4474; x_wconf 77' lang='grc' dir='ltr'>ἔχω</span> <span class='ocrx_word' id='word_1_338' title='bbox 1341 4406 1460 4470; x_wconf 88' lang='grc' dir='ltr'>πῶς</span> <span class='ocrx_word' id='word_1_339' title='bbox 1512 4408 1782 4479; x_wconf 84' lang='grc' dir='ltr'>διάθωμαι</span> <span class='ocrx_word' id='word_1_340' title='bbox 1823 4410 1995 4465; x_wconf 89' lang='grc' dir='ltr'>ταῦτα</span> 
     </span>
    </p>
   </div>
   <div class='ocr_carea' id='block_1_46' title="bbox 417 4491 1995 4572">
    <p class='ocr_par' dir='ltr' id='par_1_46' title="bbox 417 4491 1995 4572">
     <span class='ocr_line' id='line_1_46' title="bbox 417 4491 1995 4572; baseline 0.005 -25"><span class='ocrx_word' id='word_1_341' title='bbox 417 4491 759 4567; x_wconf 62' lang='grc' dir='ltr'>λοιπόν.τΑρ’</span> <span class='ocrx_word' id='word_1_342' title='bbox 788 4492 883 4548; x_wconf 78' lang='grc' dir='ltr'>οὖν</span> <span class='ocrx_word' id='word_1_343' title='bbox 907 4495 1099 4549; x_wconf 88' lang='grc' dir='ltr'>τοῦτον</span> <span class='ocrx_word' id='word_1_344' title='bbox 1129 4496 1528 4568; x_wconf 87' lang='grc' dir='ltr'>μακαριοῦμεν,</span> <span class='ocrx_word' id='word_1_345' title='bbox 1560 4501 1684 4553; x_wconf 85' lang='grc' dir='ltr'>είπέ</span> <span class='ocrx_word' id='word_1_346' title='bbox 1712 4517 1823 4569; x_wconf 85' lang='grc' dir='ltr'>μοι,</span> <span class='ocrx_word' id='word_1_347' title='bbox 1856 4504 1995 4572; x_wconf 80' lang='grc' dir='ltr'>ὑπὲρ</span> 
     </span>
    </p>
   </div>
   <div class='ocr_carea' id='block_1_47' title="bbox 414 4583 1995 4658">
    <p class='ocr_par' dir='ltr' id='par_1_47' title="bbox 414 4583 1995 4658">
     <span class='ocr_line' id='line_1_47' title="bbox 414 4583 1995 4658; baseline 0.004 -17"><span class='ocrx_word' id='word_1_348' title='bbox 414 4585 624 4641; x_wconf 90' lang='grc' dir='ltr'>τούτων</span> <span class='ocrx_word' id='word_1_349' title='bbox 662 4587 773 4642; x_wconf 86' lang='grc' dir='ltr'>τῶν</span> <span class='ocrx_word' id='word_1_350' title='bbox 816 4587 1097 4657; x_wconf 77' lang='grc' dir='ltr'>ῥημάτων,</span> <span class='ocrx_word' id='word_1_351' title='bbox 1126 4588 1266 4658; x_wconf 84' lang='grc' dir='ltr'>ὑπὲρ</span> <span class='ocrx_word' id='word_1_352' title='bbox 1295 4583 1369 4643; x_wconf 84' lang='grc' dir='ltr'>ὧν</span> <span class='ocrx_word' id='word_1_353' title='bbox 1405 4590 1796 4646; x_wconf 87' lang='grc' dir='ltr'>καταλεύεσθαι</span> <span class='ocrx_word' id='word_1_354' title='bbox 1833 4595 1995 4647; x_wconf 80' lang='grc' dir='ltr'>αὐτὸν</span> 
     </span>
    </p>
   </div>
   <div class='ocr_carea' id='block_1_48' title="bbox 416 4678 1991 4755">
    <p class='ocr_par' dir='ltr' id='par_1_48' title="bbox 416 4678 1991 4755">
     <span class='ocr_line' id='line_1_48' title="bbox 416 4678 1991 4755; baseline 0.004 -22"><span class='ocrx_word' id='word_1_355' title='bbox 416 4679 551 4743; x_wconf 73' lang='grc' dir='ltr'>ἔδει,</span> <span class='ocrx_word' id='word_1_356' title='bbox 572 4679 663 4732; x_wconf 83' lang='grc' dir='ltr'>τὸν</span> <span class='ocrx_word' id='word_1_357' title='bbox 686 4678 874 4748; x_wconf 85' lang='grc' dir='ltr'>θηρίου</span> <span class='ocrx_word' id='word_1_358' title='bbox 899 4679 1099 4741; x_wconf 78' lang='grc' dir='ltr'>παντὸς</span> <span class='ocrx_word' id='word_1_359' title='bbox 1123 4680 1417 4751; x_wconf 84' lang='grc' dir='ltr'>ὠμότερον,</span> <span class='ocrx_word' id='word_1_360' title='bbox 1444 4682 1537 4735; x_wconf 81' lang='grc' dir='ltr'>τὸν</span> <span class='ocrx_word' id='word_1_361' title='bbox 1559 4684 1737 4737; x_wconf 78' lang='grc' dir='ltr'>κοινὸν</span> <span class='ocrx_word' id='word_1_362' title='bbox 1767 4684 1991 4755; x_wconf 88' lang='grc' dir='ltr'>ἐχθρόν;</span> 
     </span>
    </p>
   </div>
   <div class='ocr_carea' id='block_1_49' title="bbox 414 4770 1992 4844">
    <p class='ocr_par' dir='ltr' id='par_1_49' title="bbox 414 4770 1992 4844">
     <span class='ocr_line' id='line_1_49' title="bbox 414 4770 1992 4844; baseline 0.003 -20"><span class='ocrx_word' id='word_1_363' title='bbox 414 4771 488 4825; x_wconf 88' lang='grc' dir='ltr'>Τί</span> <span class='ocrx_word' id='word_1_364' title='bbox 521 4770 718 4837; x_wconf 87' lang='grc' dir='ltr'>λέγεις,</span> <span class='ocrx_word' id='word_1_365' title='bbox 741 4770 1029 4838; x_wconf 75' lang='grc' dir='ltr'>ἀνθρωπες</span> <span class='ocrx_word' id='word_1_366' title='bbox 1054 4771 1234 4839; x_wconf 64' lang='grc' dir='ltr'>ἀλγεῖ(⁸</span> <span class='ocrx_word' id='word_1_367' title='bbox 1262 4773 1340 4825; x_wconf 85' lang='grc' dir='ltr'>ὅτι</span> <span class='ocrx_word' id='word_1_368' title='bbox 1368 4773 1443 4844; x_wconf 85' lang='grc' dir='ltr'>μὴ</span> <span class='ocrx_word' id='word_1_369' title='bbox 1472 4776 1669 4838; x_wconf 88' lang='grc' dir='ltr'>πάντες</span> <span class='ocrx_word' id='word_1_370' title='bbox 1690 4776 1992 4840; x_wconf 85' lang='grc' dir='ltr'>ἀπώλοντο,</span> 
     </span>
    </p>
   </div>
   <div class='ocr_carea' id='block_1_50' title="bbox 417 4861 1993 4937">
    <p class='ocr_par' dir='ltr' id='par_1_50' title="bbox 417 4861 1993 4937">
     <span class='ocr_line' id='line_1_50' title="bbox 417 4861 1993 4937; baseline 0.005 -24"><span class='ocrx_word' id='word_1_371' title='bbox 417 4861 511 4914; x_wconf 78' lang='grc' dir='ltr'>ἴνα</span> <span class='ocrx_word' id='word_1_372' title='bbox 554 4861 618 4914; x_wconf 80' lang='grc' dir='ltr'>σὺ</span> <span class='ocrx_word' id='word_1_373' title='bbox 655 4862 965 4932; x_wconf 72' lang='grc' dir='ltr'>συναγάγῃς</span> <span class='ocrx_word' id='word_1_374' title='bbox 996 4862 1250 4932; x_wconf 75' lang='grc' dir='ltr'>χρυσίονς</span> <span class='ocrx_word' id='word_1_375' title='bbox 1285 4865 1384 4917; x_wconf 79' lang='grc' dir='ltr'>οὐκ</span> <span class='ocrx_word' id='word_1_376' title='bbox 1415 4865 1655 4936; x_wconf 75' lang='grc' dir='ltr'>ἤκουσας</span> <span class='ocrx_word' id='word_1_377' title='bbox 1693 4869 1746 4920; x_wconf 90' lang='grc' dir='ltr'>τί</span> <span class='ocrx_word' id='word_1_378' title='bbox 1775 4885 1936 4937; x_wconf 86' lang='grc' dir='ltr'>φησιν</span> <span class='ocrx_word' id='word_1_379' title='bbox 1966 4870 1993 4920; x_wconf 88' lang='lat'>6</span> 
     </span>
    </p>
   </div>
   <div class='ocr_carea' id='block_1_51' title="bbox 417 4948 1991 5025">
    <p class='ocr_par' dir='ltr' id='par_1_51' title="bbox 417 4948 1991 5025">
     <span class='ocr_line' id='line_1_51' title="bbox 417 4948 1991 5025; baseline 0.006 -23"><span class='ocrx_word' id='word_1_380' title='bbox 417 4948 698 5019; x_wconf 85' lang='grc' dir='ltr'>Σολομῶν,</span> <span class='ocrx_word' id='word_1_381' title='bbox 750 4950 803 5001; x_wconf 91' lang='lat'>&#39;0</span> <span class='ocrx_word' id='word_1_382' title='bbox 851 4949 1209 5018; x_wconf 78' lang='grc' dir='ltr'>τιμιουλκῶν</span> <span class='ocrx_word' id='word_1_383' title='bbox 1239 4951 1432 5019; x_wconf 83' lang='grc' dir='ltr'>σῖτον,</span> <span class='ocrx_word' id='word_1_384' title='bbox 1473 4954 1991 5025; x_wconf 80' lang='grc' dir='ltr'>δημοκατάρατος;</span> 
     </span>
    </p>
   </div>
   <div class='ocr_carea' id='block_1_52' title="bbox 414 5038 1994 5119">
    <p class='ocr_par' dir='ltr' id='par_1_52' title="bbox 414 5038 1994 5119">
     <span class='ocr_line' id='line_1_52' title="bbox 414 5038 1994 5119; baseline 0.007 -27"><span class='ocrx_word' id='word_1_385' title='bbox 414 5038 557 5092; x_wconf 91' lang='grc' dir='ltr'>ἀλλά</span> <span class='ocrx_word' id='word_1_386' title='bbox 605 5039 872 5110; x_wconf 80' lang='grc' dir='ltr'>περιέρχῃ</span> <span class='ocrx_word' id='word_1_387' title='bbox 922 5041 1098 5103; x_wconf 86' lang='grc' dir='ltr'>κοινὸς</span> <span class='ocrx_word' id='word_1_388' title='bbox 1140 5042 1333 5111; x_wconf 76' lang='grc' dir='ltr'>ἐχθρὸς</span> <span class='ocrx_word' id='word_1_389' title='bbox 1376 5042 1483 5095; x_wconf 87' lang='grc' dir='ltr'>τῶν</span> <span class='ocrx_word' id='word_1_390' title='bbox 1524 5047 1618 5115; x_wconf 82' lang='grc' dir='ltr'>τῆς</span> <span class='ocrx_word' id='word_1_391' title='bbox 1667 5049 1994 5119; x_wconf 74' lang='grc' dir='ltr'>οἰκουμένης</span> 
     </span>
    </p>
   </div>
   <div class='ocr_carea' id='block_1_53' title="bbox 416 5132 1991 5210">
    <p class='ocr_par' dir='ltr' id='par_1_53' title="bbox 416 5132 1991 5210">
     <span class='ocr_line' id='line_1_53' title="bbox 416 5132 1991 5210; baseline 0.006 -25"><span class='ocrx_word' id='word_1_392' title='bbox 416 5132 660 5200; x_wconf 84' lang='grc' dir='ltr'>ἀγαθῶν,</span> <span class='ocrx_word' id='word_1_393' title='bbox 689 5136 781 5187; x_wconf 80' lang='grc' dir='ltr'>καὶ</span> <span class='ocrx_word' id='word_1_394' title='bbox 809 5138 874 5204; x_wconf 81' lang='grc' dir='ltr'>τῇ</span> <span class='ocrx_word' id='word_1_395' title='bbox 904 5135 1180 5205; x_wconf 80' lang='grc' dir='ltr'>φιλοτιμίᾳ</span> <span class='ocrx_word' id='word_1_396' title='bbox 1200 5136 1291 5188; x_wconf 87' lang='grc' dir='ltr'>τοῦ</span> <span class='ocrx_word' id='word_1_397' title='bbox 1315 5138 1585 5191; x_wconf 87' lang='grc' dir='ltr'>Δεσπότου</span> <span class='ocrx_word' id='word_1_398' title='bbox 1611 5140 1709 5208; x_wconf 84' lang='grc' dir='ltr'>τῆς</span> <span class='ocrx_word' id='word_1_399' title='bbox 1740 5143 1991 5210; x_wconf 85' lang='grc' dir='ltr'>οἰκουμέ-</span> 
     </span>
    </p>
   </div>
   <div class='ocr_carea' id='block_1_54' title="bbox 416 5223 1992 5299">
    <p class='ocr_par' dir='ltr' id='par_1_54' title="bbox 416 5223 1992 5299">
     <span class='ocr_line' id='line_1_54' title="bbox 416 5223 1992 5299; baseline 0.006 -23"><span class='ocrx_word' id='word_1_400' title='bbox 416 5240 519 5292; x_wconf 91' lang='grc' dir='ltr'>νης</span> <span class='ocrx_word' id='word_1_401' title='bbox 544 5223 821 5294; x_wconf 83' lang='grc' dir='ltr'>πολέμιος,</span> <span class='ocrx_word' id='word_1_402' title='bbox 850 5228 943 5279; x_wconf 77' lang='grc' dir='ltr'>καὶ</span> <span class='ocrx_word' id='word_1_403' title='bbox 969 5225 1064 5278; x_wconf 89' lang='grc' dir='ltr'>τοῦ</span> <span class='ocrx_word' id='word_1_404' title='bbox 1098 5229 1334 5297; x_wconf 82' lang='grc' dir='ltr'>μαμωνᾶ</span> <span class='ocrx_word' id='word_1_405' title='bbox 1365 5228 1537 5297; x_wconf 84' lang='grc' dir='ltr'>φίλος,</span> <span class='ocrx_word' id='word_1_406' title='bbox 1561 5231 1761 5299; x_wconf 82' lang='grc' dir='ltr'>μᾶλλον</span> <span class='ocrx_word' id='word_1_407' title='bbox 1790 5231 1845 5285; x_wconf 88' lang='grc' dir='ltr'>δε</span> <span class='ocrx_word' id='word_1_408' title='bbox 1869 5232 1992 5285; x_wconf 89' lang='grc' dir='ltr'>δοῦ-</span> 
     </span>
    </p>
   </div>
   <div class='ocr_carea' id='block_1_55' title="bbox 416 5315 1991 5390">
    <p class='ocr_par' dir='ltr' id='par_1_55' title="bbox 416 5315 1991 5390">
     <span class='ocr_line' id='line_1_55' title="bbox 416 5315 1991 5390; baseline 0.006 -23"><span class='ocrx_word' id='word_1_409' title='bbox 416 5315 544 5382; x_wconf 85' lang='grc' dir='ltr'>λος;</span> <span class='ocrx_word' id='word_1_410' title='bbox 570 5315 644 5369; x_wconf 83' lang='grc' dir='ltr'>Οὐ</span> <span class='ocrx_word' id='word_1_411' title='bbox 667 5316 775 5387; x_wconf 84' lang='grc' dir='ltr'>γάρ</span> <span class='ocrx_word' id='word_1_412' title='bbox 803 5317 1102 5386; x_wconf 74' lang='grc' dir='ltr'>ἐκκοπῆναι</span> <span class='ocrx_word' id='word_1_413' title='bbox 1129 5318 1226 5388; x_wconf 79' lang='grc' dir='ltr'>τὴν</span> <span class='ocrx_word' id='word_1_414' title='bbox 1255 5318 1499 5386; x_wconf 82' lang='grc' dir='ltr'>γλῶτταν</span> <span class='ocrx_word' id='word_1_415' title='bbox 1526 5322 1741 5390; x_wconf 83' lang='grc' dir='ltr'>ἐκείνην</span> <span class='ocrx_word' id='word_1_416' title='bbox 1765 5322 1899 5387; x_wconf 74' lang='grc' dir='ltr'>ἔδεις</span> <span class='ocrx_word' id='word_1_417' title='bbox 1931 5327 1991 5377; x_wconf 81' lang='grc' dir='ltr'>οὐ</span> 
     </span>
    </p>
   </div>
   <div class='ocr_carea' id='block_1_56' title="bbox 416 5406 1994 5481">
    <p class='ocr_par' dir='ltr' id='par_1_56' title="bbox 416 5406 1994 5481">
     <span class='ocr_line' id='line_1_56' title="bbox 416 5406 1994 5481; baseline 0.004 -21"><span class='ocrx_word' id='word_1_418' title='bbox 416 5410 531 5477; x_wconf 77' lang='grc' dir='ltr'>γὰρ</span> <span class='ocrx_word' id='word_1_419' title='bbox 565 5406 858 5478; x_wconf 80' lang='grc' dir='ltr'>σϐεσθῆναι</span> <span class='ocrx_word' id='word_1_420' title='bbox 895 5408 994 5478; x_wconf 75' lang='grc' dir='ltr'>τὴν</span> <span class='ocrx_word' id='word_1_421' title='bbox 1030 5409 1251 5479; x_wconf 81' lang='grc' dir='ltr'>καρδίαν</span> <span class='ocrx_word' id='word_1_422' title='bbox 1284 5411 1380 5481; x_wconf 76' lang='grc' dir='ltr'>τὴν</span> <span class='ocrx_word' id='word_1_423' title='bbox 1419 5413 1591 5464; x_wconf 86' lang='grc' dir='ltr'>ταῦτα</span> <span class='ocrx_word' id='word_1_424' title='bbox 1629 5412 1892 5466; x_wconf 80' lang='grc' dir='ltr'>τεκοῦσαν</span> <span class='ocrx_word' id='word_1_425' title='bbox 1926 5416 1994 5467; x_wconf 78' lang='grc' dir='ltr'>τά</span> 
     </span>
    </p>
   </div>
   <div class='ocr_carea' id='block_1_57' title="bbox 421 5496 679 5566">
    <p class='ocr_par' dir='ltr' id='par_1_57' title="bbox 421 5496 679 5566">
     <span class='ocr_line' id='line_1_57' title="bbox 421 5496 679 5566; baseline 0.004 -18"><span class='ocrx_word' id='word_1_426' title='bbox 421 5496 647 5566; x_wconf 74' lang='grc' dir='ltr'>ῥήματα</span> <span class='ocrx_word' id='word_1_427' title='bbox 665 5513 679 5558; x_wconf 86' lang='grc'>;</span> 
     </span>
    </p>
   </div>
   <div class='ocr_carea' id='block_1_58' title="bbox 494 5585 1992 5662">
    <p class='ocr_par' dir='ltr' id='par_1_58' title="bbox 494 5585 1992 5662">
     <span class='ocr_line' id='line_1_58' title="bbox 494 5585 1992 5662; baseline 0.005 -21"><span class='ocrx_word' id='word_1_428' title='bbox 494 5595 566 5658; x_wconf 82' lang='grc' dir='ltr'>η’.</span> <span class='ocrx_word' id='word_1_429' title='bbox 603 5585 755 5653; x_wconf 75' lang='grc' dir='ltr'>Εἶδες</span> <span class='ocrx_word' id='word_1_430' title='bbox 780 5590 897 5653; x_wconf 87' lang='grc' dir='ltr'>πῶς</span> <span class='ocrx_word' id='word_1_431' title='bbox 928 5590 1028 5644; x_wconf 75' lang='grc' dir='ltr'>οὐκ</span> <span class='ocrx_word' id='word_1_432' title='bbox 1060 5591 1281 5660; x_wconf 84' lang='grc' dir='ltr'>ἀφίησιν</span> <span class='ocrx_word' id='word_1_433' title='bbox 1329 5592 1647 5662; x_wconf 84' lang='grc' dir='ltr'>ἀνθρώπους</span> <span class='ocrx_word' id='word_1_434' title='bbox 1683 5591 1821 5648; x_wconf 73' lang='grc' dir='ltr'>εἶναι</span> <span class='ocrx_word' id='word_1_435' title='bbox 1868 5596 1992 5659; x_wconf 73' lang='grc' dir='ltr'>τοὺς</span> 
     </span>
    </p>
   </div>
   <div class='ocr_carea' id='block_1_59' title="bbox 420 5680 1991 5757">
    <p class='ocr_par' dir='ltr' id='par_1_59' title="bbox 420 5680 1991 5757">
     <span class='ocr_line' id='line_1_59' title="bbox 420 5680 1991 5757; baseline 0.004 -25"><span class='ocrx_word' id='word_1_436' title='bbox 420 5680 744 5752; x_wconf 81' lang='grc' dir='ltr'>ἀνθρώπους</span> <span class='ocrx_word' id='word_1_437' title='bbox 787 5684 846 5735; x_wconf 71' lang='grc' dir='ltr'>τὸ</span> <span class='ocrx_word' id='word_1_438' title='bbox 875 5683 1117 5754; x_wconf 85' lang='grc' dir='ltr'>χρυσίον,</span> <span class='ocrx_word' id='word_1_439' title='bbox 1146 5683 1280 5735; x_wconf 87' lang='grc' dir='ltr'>ἀλλά</span> <span class='ocrx_word' id='word_1_440' title='bbox 1308 5683 1468 5754; x_wconf 85' lang='grc' dir='ltr'>θηρία</span> <span class='ocrx_word' id='word_1_441' title='bbox 1498 5687 1588 5738; x_wconf 76' lang='grc' dir='ltr'>καὶ</span> <span class='ocrx_word' id='word_1_442' title='bbox 1610 5685 1895 5757; x_wconf 69' lang='grc' dir='ltr'>δαίμοναςξ</span> <span class='ocrx_word' id='word_1_443' title='bbox 1926 5689 1991 5739; x_wconf 87' lang='grc' dir='ltr'>Τί</span> 
     </span>
    </p>
   </div>
   <div class='ocr_carea' id='block_1_60' title="bbox 426 5770 1984 5847">
    <p class='ocr_par' dir='ltr' id='par_1_60' title="bbox 426 5770 1984 5847">
     <span class='ocr_line' id='line_1_60' title="bbox 426 5770 1984 5847; baseline 0.006 -26"><span class='ocrx_word' id='word_1_444' title='bbox 426 5770 537 5840; x_wconf 71' lang='grc' dir='ltr'>γὰρ</span> <span class='ocrx_word' id='word_1_445' title='bbox 569 5772 631 5824; x_wconf 75' lang='grc' dir='ltr'>ἂν</span> <span class='ocrx_word' id='word_1_446' title='bbox 663 5771 848 5826; x_wconf 84' lang='grc' dir='ltr'>τούτου</span> <span class='ocrx_word' id='word_1_447' title='bbox 892 5773 1085 5838; x_wconf 79' lang='grc' dir='ltr'>γένοιτ’</span> <span class='ocrx_word' id='word_1_448' title='bbox 1109 5772 1172 5826; x_wconf 81' lang='grc' dir='ltr'>ἂν</span> <span class='ocrx_word' id='word_1_449' title='bbox 1208 5772 1558 5844; x_wconf 74' lang='grc' dir='ltr'>ἐλεεινότερον</span> <span class='ocrx_word' id='word_1_450' title='bbox 1588 5776 1680 5830; x_wconf 87' lang='grc' dir='ltr'>τοῦ</span> <span class='ocrx_word' id='word_1_451' title='bbox 1714 5779 1984 5847; x_wconf 85' lang='grc' dir='ltr'>πλουσίου,</span> 
     </span>
    </p>
   </div>
   <div class='ocr_carea' id='block_1_61' title="bbox 1447 366 2738 431">
    <p class='ocr_par' dir='ltr' id='par_1_61' title="bbox 1447 366 2738 431">
     <span class='ocr_line' id='line_1_61' title="bbox 1447 366 2738 431; baseline 0.003 -4"><span class='ocrx_word' id='word_1_452' title='bbox 1447 372 1513 428; x_wconf 81' lang='lat' dir='ltr'>IN</span> <span class='ocrx_word' id='word_1_453' title='bbox 1552 367 1818 430; x_wconf 70' lang='lat' dir='ltr'>EPISTJ</span> <span class='ocrx_word' id='word_1_454' title='bbox 1879 370 1971 428; x_wconf 77' lang='lat' dir='ltr'>AD</span> <span class='ocrx_word' id='word_1_455' title='bbox 2005 369 2165 428; x_wconf 80' lang='lat' dir='ltr'>COR.</span> <span class='ocrx_word' id='word_1_456' title='bbox 2218 366 2459 429; x_wconf 46' lang='lat' dir='ltr'><strong><em>llOMlLQ</em></strong></span> <span class='ocrx_word' id='word_1_457' title='bbox 2500 370 2738 431; x_wconf 74' lang='lat' dir='ltr'>XXXIX.</span> 
     </span>
    </p>
   </div>
   <div class='ocr_carea' id='block_1_62' title="bbox 3595 382 3702 437">
    <p class='ocr_par' dir='ltr' id='par_1_62' title="bbox 3595 382 3702 437">
     <span class='ocr_line' id='line_1_62' title="bbox 3595 382 3702 437; baseline 0.037 -4"><span class='ocrx_word' id='word_1_458' title='bbox 3595 382 3702 437; x_wconf 66' lang='grc' dir='ltr'>ευ.</span> 
     </span>
    </p>
   </div>
   <div class='ocr_carea' id='block_1_63' title="bbox 2128 487 3683 565">
    <p class='ocr_par' dir='ltr' id='par_1_63' title="bbox 2128 487 3683 565">
     <span class='ocr_line' id='line_1_63' title="bbox 2128 487 3683 565; baseline 0.005 -25"><span class='ocrx_word' id='word_1_459' title='bbox 2128 487 2226 541; x_wconf 90' lang='grc' dir='ltr'>τοῦ</span> <span class='ocrx_word' id='word_1_460' title='bbox 2257 490 2377 542; x_wconf 85' lang='grc' dir='ltr'>καθ’</span> <span class='ocrx_word' id='word_1_461' title='bbox 2409 491 2645 561; x_wconf 82' lang='grc' dir='ltr'>ἑκάστην</span> <span class='ocrx_word' id='word_1_462' title='bbox 2675 491 2887 562; x_wconf 79' lang='grc' dir='ltr'>ἡμέραν</span> <span class='ocrx_word' id='word_1_463' title='bbox 2911 489 3204 561; x_wconf 74' lang='grc' dir='ltr'>εὐχομένου</span> <span class='ocrx_word' id='word_1_464' title='bbox 3243 490 3492 559; x_wconf 82' lang='grc' dir='ltr'>γενέσθαι</span> <span class='ocrx_word' id='word_1_465' title='bbox 3525 494 3683 565; x_wconf 77' lang='grc' dir='ltr'>λιμὸν</span> 
     </span>
    </p>
   </div>
   <div class='ocr_carea' id='block_1_64' title="bbox 2131 582 3705 655">
    <p class='ocr_par' dir='ltr' id='par_1_64' title="bbox 2131 582 3705 655">
     <span class='ocr_line' id='line_1_64' title="bbox 2131 582 3705 655; baseline 0.004 -21"><span class='ocrx_word' id='word_1_466' title='bbox 2131 582 2217 634; x_wconf 80' lang='grc' dir='ltr'>ἵνα</span> <span class='ocrx_word' id='word_1_467' title='bbox 2246 582 2394 652; x_wconf 79' lang='grc' dir='ltr'>αὐτῷ</span> <span class='ocrx_word' id='word_1_468' title='bbox 2426 583 2651 653; x_wconf 88' lang='grc' dir='ltr'>γένηται</span> <span class='ocrx_word' id='word_1_469' title='bbox 2696 583 2953 653; x_wconf 86' lang='grc' dir='ltr'>χρυσίον;</span> <span class='ocrx_word' id='word_1_470' title='bbox 2994 583 3103 636; x_wconf 80' lang='lat' dir='ltr'><strong><em>Kal</em></strong></span> <span class='ocrx_word' id='word_1_471' title='bbox 3141 584 3249 655; x_wconf 81' lang='grc' dir='ltr'>γάρ</span> <span class='ocrx_word' id='word_1_472' title='bbox 3280 585 3360 647; x_wconf 88' lang='grc' dir='ltr'>είς</span> <span class='ocrx_word' id='word_1_473' title='bbox 3397 585 3705 640; x_wconf 78' lang='grc' dir='ltr'>τούναντίον</span> 
     </span>
    </p>
   </div>
   <div class='ocr_carea' id='block_1_65' title="bbox 2126 670 3705 748">
    <p class='ocr_par' dir='ltr' id='par_1_65' title="bbox 2126 670 3705 748">
     <span class='ocr_line' id='line_1_65' title="bbox 2126 670 3705 748; baseline 0.004 -24"><span class='ocrx_word' id='word_1_474' title='bbox 2126 670 2276 742; x_wconf 83' lang='grc' dir='ltr'>αὐτῷ</span> <span class='ocrx_word' id='word_1_475' title='bbox 2310 671 2373 725; x_wconf 85' lang='grc' dir='ltr'>τὺ</span> <span class='ocrx_word' id='word_1_476' title='bbox 2407 672 2580 736; x_wconf 86' lang='grc' dir='ltr'>πάθος</span> <span class='ocrx_word' id='word_1_477' title='bbox 2628 673 2975 743; x_wconf 85' lang='grc' dir='ltr'>περιίσταται</span> <span class='ocrx_word' id='word_1_478' title='bbox 2993 672 3200 727; x_wconf 85' lang='grc' dir='ltr'>λοιπόν·</span> <span class='ocrx_word' id='word_1_479' title='bbox 3229 674 3346 728; x_wconf 84' lang='grc' dir='ltr'>οὑδέ</span> <span class='ocrx_word' id='word_1_480' title='bbox 3384 676 3490 747; x_wconf 84' lang='grc' dir='ltr'>γάρ</span> <span class='ocrx_word' id='word_1_481' title='bbox 3523 678 3705 748; x_wconf 82' lang='grc' dir='ltr'>χαίρει</span> 
     </span>
    </p>
   </div>
   <div class='ocr_carea' id='block_1_66' title="bbox 2126 758 3707 836">
    <p class='ocr_par' dir='ltr' id='par_1_66' title="bbox 2126 758 3707 836">
     <span class='ocr_line' id='line_1_66' title="bbox 2126 758 3707 836; baseline 0.004 -21"><span class='ocrx_word' id='word_1_482' title='bbox 2126 765 2190 832; x_wconf 78' lang='grc' dir='ltr'>τῇ</span> <span class='ocrx_word' id='word_1_483' title='bbox 2218 762 2453 834; x_wconf 81' lang='grc' dir='ltr'>ἀφθονίᾳ</span> <span class='ocrx_word' id='word_1_484' title='bbox 2496 764 2595 832; x_wconf 83' lang='grc' dir='ltr'>τῆς</span> <span class='ocrx_word' id='word_1_485' title='bbox 2620 763 2727 816; x_wconf 89' lang='grc' dir='ltr'>τῶν</span> <span class='ocrx_word' id='word_1_486' title='bbox 2757 763 2987 834; x_wconf 86' lang='grc' dir='ltr'>καρπῶν</span> <span class='ocrx_word' id='word_1_487' title='bbox 3014 765 3279 836; x_wconf 75' lang='grc' dir='ltr'>κτήσεως,</span> <span class='ocrx_word' id='word_1_488' title='bbox 3314 766 3448 820; x_wconf 87' lang='grc' dir='ltr'>ἀλλά</span> <span class='ocrx_word' id='word_1_489' title='bbox 3480 767 3547 821; x_wconf 83' lang='grc' dir='ltr'>δι’</span> <span class='ocrx_word' id='word_1_490' title='bbox 3574 758 3707 822; x_wconf 79' lang='grc' dir='ltr'>αὐτὸ</span> 
     </span>
    </p>
   </div>
   <div class='ocr_carea' id='block_1_67' title="bbox 2124 849 3702 929">
    <p class='ocr_par' dir='ltr' id='par_1_67' title="bbox 2124 849 3702 929">
     <span class='ocr_line' id='line_1_67' title="bbox 2124 849 3702 929; baseline 0.004 -24"><span class='ocrx_word' id='word_1_491' title='bbox 2124 854 2225 922; x_wconf 85' lang='grc' dir='ltr'>μὲν</span> <span class='ocrx_word' id='word_1_492' title='bbox 2272 849 2367 907; x_wconf 85' lang='grc' dir='ltr'>οῦν</span> <span class='ocrx_word' id='word_1_493' title='bbox 2416 854 2575 907; x_wconf 89' lang='grc' dir='ltr'>τοῦτο</span> <span class='ocrx_word' id='word_1_494' title='bbox 2623 854 2778 921; x_wconf 87' lang='grc' dir='ltr'>ἀλγεῖ</span> <span class='ocrx_word' id='word_1_495' title='bbox 2807 852 3010 919; x_wconf 76' lang='grc' dir='ltr'>λοιπὸν,</span> <span class='ocrx_word' id='word_1_496' title='bbox 3044 855 3126 907; x_wconf 85' lang='grc' dir='ltr'>ὅτι</span> <span class='ocrx_word' id='word_1_497' title='bbox 3168 854 3372 926; x_wconf 77' lang='grc' dir='ltr'>ἄπειρα</span> <span class='ocrx_word' id='word_1_498' title='bbox 3417 858 3702 929; x_wconf 83' lang='grc' dir='ltr'>κέκτηται.</span> 
     </span>
    </p>
   </div>
   <div class='ocr_carea' id='block_1_68' title="bbox 2121 940 3703 1017">
    <p class='ocr_par' dir='ltr' id='par_1_68' title="bbox 2121 940 3703 1017">
     <span class='ocr_line' id='line_1_68' title="bbox 2121 940 3703 1017; baseline 0.006 -23"><span class='ocrx_word' id='word_1_499' title='bbox 2121 941 2313 995; x_wconf 85' lang='grc' dir='ltr'>Καίτοι</span> <span class='ocrx_word' id='word_1_500' title='bbox 2340 944 2430 997; x_wconf 83' lang='grc' dir='ltr'>τὸν</span> <span class='ocrx_word' id='word_1_501' title='bbox 2464 943 2634 997; x_wconf 81' lang='grc' dir='ltr'>πολλὰ</span> <span class='ocrx_word' id='word_1_502' title='bbox 2673 945 3009 1015; x_wconf 85' lang='grc' dir='ltr'>κεκτημένον</span> <span class='ocrx_word' id='word_1_503' title='bbox 3047 946 3258 1017; x_wconf 83' lang='grc' dir='ltr'>χαίρειν</span> <span class='ocrx_word' id='word_1_504' title='bbox 3298 947 3432 1001; x_wconf 77' lang='grc' dir='ltr'>ἓδει’</span> <span class='ocrx_word' id='word_1_505' title='bbox 3462 940 3615 1014; x_wconf 75' lang='grc' dir='ltr'>οὗτος</span> <span class='ocrx_word' id='word_1_506' title='bbox 3646 950 3703 1003; x_wconf 82' lang='grc' dir='ltr'>δὲ</span> 
     </span>
    </p>
   </div>
   <div class='ocr_carea' id='block_1_69' title="bbox 2120 1032 3700 1109">
    <p class='ocr_par' dir='ltr' id='par_1_69' title="bbox 2120 1032 3700 1109">
     <span class='ocr_line' id='line_1_69' title="bbox 2120 1032 3700 1109; baseline 0.004 -25"><span class='ocrx_word' id='word_1_507' title='bbox 2120 1033 2188 1084; x_wconf 87' lang='grc' dir='ltr'>δι’</span> <span class='ocrx_word' id='word_1_508' title='bbox 2231 1032 2369 1107; x_wconf 1' lang='grc' dir='ltr'>αὐτὸ,</span> <span class='ocrx_word' id='word_1_509' title='bbox 2406 1033 2564 1087; x_wconf 88' lang='grc' dir='ltr'>τοῦτο</span> <span class='ocrx_word' id='word_1_510' title='bbox 2619 1035 2837 1106; x_wconf 81' lang='grc' dir='ltr'>ἀθυμεῖ.</span> <span class='ocrx_word' id='word_1_511' title='bbox 2881 1036 3042 1105; x_wconf 73' lang='grc' dir='ltr'>Ὁρᾷς</span> <span class='ocrx_word' id='word_1_512' title='bbox 3082 1037 3181 1099; x_wconf 81' lang='grc' dir='ltr'>ὅτι,</span> <span class='ocrx_word' id='word_1_513' title='bbox 3221 1037 3358 1109; x_wconf 84' lang='grc' dir='ltr'>ὅπερ</span> <span class='ocrx_word' id='word_1_514' title='bbox 3395 1037 3600 1106; x_wconf 77' lang='grc' dir='ltr'>ἔλεγον,</span> <span class='ocrx_word' id='word_1_515' title='bbox 3640 1040 3700 1091; x_wconf 84' lang='grc' dir='ltr'>οῦ</span> 
     </span>
    </p>
   </div>
   <div class='ocr_carea' id='block_1_70' title="bbox 2118 1123 3703 1199">
    <p class='ocr_par' dir='ltr' id='par_1_70' title="bbox 2118 1123 3703 1199">
     <span class='ocr_line' id='line_1_70' title="bbox 2118 1123 3703 1199; baseline 0.003 -24"><span class='ocrx_word' id='word_1_516' title='bbox 2118 1123 2390 1194; x_wconf 86' lang='grc' dir='ltr'>τοσαύτην</span> <span class='ocrx_word' id='word_1_517' title='bbox 2416 1124 2525 1177; x_wconf 81' lang='grc' dir='ltr'>ἀπὸ</span> <span class='ocrx_word' id='word_1_518' title='bbox 2548 1123 2655 1177; x_wconf 83' lang='grc' dir='ltr'>τῶν</span> <span class='ocrx_word' id='word_1_519' title='bbox 2682 1125 2967 1196; x_wconf 88' lang='grc' dir='ltr'>παρόντων</span> <span class='ocrx_word' id='word_1_520' title='bbox 3002 1125 3336 1194; x_wconf 80' lang='grc' dir='ltr'>καρποῦνται</span> <span class='ocrx_word' id='word_1_521' title='bbox 3376 1128 3476 1198; x_wconf 84' lang='grc' dir='ltr'>τὴν</span> <span class='ocrx_word' id='word_1_522' title='bbox 3506 1129 3703 1199; x_wconf 81' lang='grc' dir='ltr'>ἡδονὴν</span> 
     </span>
    </p>
   </div>
   <div class='ocr_carea' id='block_1_71' title="bbox 2117 1215 3697 1290">
    <p class='ocr_par' dir='ltr' id='par_1_71' title="bbox 2117 1215 3697 1290">
     <span class='ocr_line' id='line_1_71' title="bbox 2117 1215 3697 1290; baseline 0.004 -24"><span class='ocrx_word' id='word_1_523' title='bbox 2117 1217 2167 1267; x_wconf 89' lang='grc' dir='ltr'>οί</span> <span class='ocrx_word' id='word_1_524' title='bbox 2196 1215 2575 1278; x_wconf 87' lang='grc' dir='ltr'>πλουτοῦντες,</span> <span class='ocrx_word' id='word_1_525' title='bbox 2610 1216 2740 1284; x_wconf 80' lang='grc' dir='ltr'>ὅσην</span> <span class='ocrx_word' id='word_1_526' title='bbox 2781 1215 2890 1269; x_wconf 82' lang='grc' dir='ltr'>ἀπὸ</span> <span class='ocrx_word' id='word_1_527' title='bbox 2926 1215 3035 1268; x_wconf 89' lang='grc' dir='ltr'>τῶν</span> <span class='ocrx_word' id='word_1_528' title='bbox 3075 1215 3302 1286; x_wconf 83' lang='grc' dir='ltr'>μηδέπω</span> <span class='ocrx_word' id='word_1_529' title='bbox 3330 1235 3697 1290; x_wconf 87' lang='grc' dir='ltr'>προσγεγενη-</span> 
     </span>
    </p>
   </div>
   <div class='ocr_carea' id='block_1_72' title="bbox 2123 1296 3698 1381">
    <p class='ocr_par' dir='ltr' id='par_1_72' title="bbox 2123 1296 3698 1381">
     <span class='ocr_line' id='line_1_72' title="bbox 2123 1296 3698 1381; baseline 0.004 -23"><span class='ocrx_word' id='word_1_530' title='bbox 2123 1305 2301 1375; x_wconf 83' lang='grc' dir='ltr'>μένων</span> <span class='ocrx_word' id='word_1_531' title='bbox 2329 1296 2662 1376; x_wconf 80' lang='grc' dir='ltr'>ὑπομένουσι</span> <span class='ocrx_word' id='word_1_532' title='bbox 2685 1306 2785 1376; x_wconf 85' lang='grc' dir='ltr'>τὴν</span> <span class='ocrx_word' id='word_1_533' title='bbox 2807 1305 3076 1375; x_wconf 89' lang='grc' dir='ltr'>ἀθυμίαν;</span> <span class='ocrx_word' id='word_1_534' title='bbox 3111 1305 3171 1358; x_wconf 83' lang='grc' dir='ltr'><strong>Ὀ</strong></span> <span class='ocrx_word' id='word_1_535' title='bbox 3197 1307 3307 1378; x_wconf 90' lang='grc' dir='ltr'>γάρ</span> <span class='ocrx_word' id='word_1_536' title='bbox 3330 1309 3477 1361; x_wconf 87' lang='grc' dir='ltr'>σίτου</span> <span class='ocrx_word' id='word_1_537' title='bbox 3504 1312 3698 1381; x_wconf 80' lang='grc' dir='ltr'>μυριά-</span> 
     </span>
    </p>
   </div>
   <div class='ocr_carea' id='block_1_73' title="bbox 2117 1397 3702 1471">
    <p class='ocr_par' dir='ltr' id='par_1_73' title="bbox 2117 1397 3702 1471">
     <span class='ocr_line' id='line_1_73' title="bbox 2117 1397 3702 1471; baseline 0.002 -21"><span class='ocrx_word' id='word_1_538' title='bbox 2117 1399 2215 1462; x_wconf 89' lang='grc' dir='ltr'>δας</span> <span class='ocrx_word' id='word_1_539' title='bbox 2241 1398 2506 1468; x_wconf 88' lang='grc' dir='ltr'>ἀπείρους</span> <span class='ocrx_word' id='word_1_540' title='bbox 2538 1397 2877 1468; x_wconf 87' lang='grc' dir='ltr'>κεκτημένος</span> <span class='ocrx_word' id='word_1_541' title='bbox 2909 1397 3002 1450; x_wconf 89' lang='grc' dir='ltr'>τοῦ</span> <span class='ocrx_word' id='word_1_542' title='bbox 3032 1399 3326 1462; x_wconf 82' lang='grc' dir='ltr'>πεινῶντος</span> <span class='ocrx_word' id='word_1_543' title='bbox 3360 1399 3560 1468; x_wconf 79' lang='grc' dir='ltr'>μᾶλλον</span> <span class='ocrx_word' id='word_1_544' title='bbox 3600 1402 3702 1471; x_wconf 77' lang='grc' dir='ltr'>ἡλι-</span> 
     </span>
    </p>
   </div>
   <div class='ocr_carea' id='block_1_74' title="bbox 2117 1485 3700 1560">
    <p class='ocr_par' dir='ltr' id='par_1_74' title="bbox 2117 1485 3700 1560">
     <span class='ocr_line' id='line_1_74' title="bbox 2117 1485 3700 1560; baseline 0.004 -23"><span class='ocrx_word' id='word_1_545' title='bbox 2117 1500 2205 1553; x_wconf 90' lang='grc' dir='ltr'>γει</span> <span class='ocrx_word' id='word_1_546' title='bbox 2247 1487 2341 1539; x_wconf 78' lang='grc' dir='ltr'>καὶ</span> <span class='ocrx_word' id='word_1_547' title='bbox 2381 1485 2586 1539; x_wconf 78' lang='grc' dir='ltr'>ἔστενε·</span> <span class='ocrx_word' id='word_1_548' title='bbox 2616 1487 2711 1540; x_wconf 78' lang='grc' dir='ltr'>καὶ</span> <span class='ocrx_word' id='word_1_549' title='bbox 2737 1488 2765 1539; x_wconf 91' lang='lat'>6</span> <span class='ocrx_word' id='word_1_550' title='bbox 2794 1486 2893 1556; x_wconf 80' lang='grc' dir='ltr'>μὲν</span> <span class='ocrx_word' id='word_1_551' title='bbox 2919 1485 3017 1557; x_wconf 81' lang='grc' dir='ltr'>την</span> <span class='ocrx_word' id='word_1_552' title='bbox 3053 1487 3363 1556; x_wconf 87' lang='grc' dir='ltr'>ἀναγκαίαν</span> <span class='ocrx_word' id='word_1_553' title='bbox 3395 1487 3533 1559; x_wconf 80' lang='grc' dir='ltr'>ἔχων</span> <span class='ocrx_word' id='word_1_554' title='bbox 3570 1507 3700 1560; x_wconf 83' lang='grc' dir='ltr'>τρο-</span> 
     </span>
    </p>
   </div>
   <div class='ocr_carea' id='block_1_75' title="bbox 2120 1576 3700 1650">
    <p class='ocr_par' dir='ltr' id='par_1_75' title="bbox 2120 1576 3700 1650">
     <span class='ocr_line' id='line_1_75' title="bbox 2120 1576 3700 1650; baseline 0.001 -21"><span class='ocrx_word' id='word_1_555' title='bbox 2120 1578 2228 1648; x_wconf 82' lang='grc' dir='ltr'>φὴν</span> <span class='ocrx_word' id='word_1_556' title='bbox 2296 1576 2658 1646; x_wconf 81' lang='grc' dir='ltr'>ἐστεφανοῦτο</span> <span class='ocrx_word' id='word_1_557' title='bbox 2699 1577 2793 1630; x_wconf 72' lang='grc' dir='ltr'>καὶ</span> <span class='ocrx_word' id='word_1_558' title='bbox 2840 1578 3067 1647; x_wconf 82' lang='grc' dir='ltr'>ἐσκίρτα</span> <span class='ocrx_word' id='word_1_559' title='bbox 3120 1578 3213 1631; x_wconf 73' lang='grc' dir='ltr'>καὶ</span> <span class='ocrx_word' id='word_1_560' title='bbox 3250 1579 3575 1649; x_wconf 79' lang='grc' dir='ltr'>ηὑχαρίστει</span> <span class='ocrx_word' id='word_1_561' title='bbox 3623 1582 3700 1650; x_wconf 79' lang='grc' dir='ltr'>τῷ</span> 
     </span>
    </p>
   </div>
   <div class='ocr_carea' id='block_1_76' title="bbox 2118 1667 3700 1740">
    <p class='ocr_par' dir='ltr' id='par_1_76' title="bbox 2118 1667 3700 1740">
     <span class='ocr_line' id='line_1_76' title="bbox 2118 1667 3700 1740; baseline 0.003 -20"><span class='ocrx_word' id='word_1_562' title='bbox 2118 1667 2257 1739; x_wconf 84' lang='grc' dir='ltr'>Θεῷ·</span> <span class='ocrx_word' id='word_1_563' title='bbox 2287 1671 2315 1721; x_wconf 92' lang='lat'>6</span> <span class='ocrx_word' id='word_1_564' title='bbox 2342 1668 2398 1721; x_wconf 81' lang='grc' dir='ltr'>δὲ</span> <span class='ocrx_word' id='word_1_565' title='bbox 2433 1667 2684 1721; x_wconf 87' lang='grc' dir='ltr'>τοσοῦτον</span> <span class='ocrx_word' id='word_1_566' title='bbox 2712 1670 3046 1739; x_wconf 88' lang='grc' dir='ltr'>κεκτημένος</span> <span class='ocrx_word' id='word_1_567' title='bbox 3084 1667 3434 1740; x_wconf 86' lang='grc' dir='ltr'>ἐδυσχέραινε</span> <span class='ocrx_word' id='word_1_568' title='bbox 3470 1672 3563 1724; x_wconf 72' lang='grc' dir='ltr'>καὶ</span> <span class='ocrx_word' id='word_1_569' title='bbox 3593 1673 3700 1725; x_wconf 86' lang='grc' dir='ltr'>ἀπ-</span> 
     </span>
    </p>
   </div>
   <div class='ocr_carea' id='block_1_77' title="bbox 2118 1755 3698 1832">
    <p class='ocr_par' dir='ltr' id='par_1_77' title="bbox 2118 1755 3698 1832">
     <span class='ocr_line' id='line_1_77' title="bbox 2118 1755 3698 1832; baseline 0.005 -25"><span class='ocrx_word' id='word_1_570' title='bbox 2118 1755 2375 1809; x_wconf 84' lang='grc' dir='ltr'>ολωλέναι</span> <span class='ocrx_word' id='word_1_571' title='bbox 2406 1756 2673 1826; x_wconf 83' lang='grc' dir='ltr'>ἐνόμιζεν.</span> <span class='ocrx_word' id='word_1_572' title='bbox 2708 1759 2823 1811; x_wconf 77' lang='grc' dir='ltr'>Οὐκ</span> <span class='ocrx_word' id='word_1_573' title='bbox 2868 1757 2978 1828; x_wconf 85' lang='grc' dir='ltr'>ἄρα</span> <span class='ocrx_word' id='word_1_574' title='bbox 3026 1759 3315 1828; x_wconf 83' lang='grc' dir='ltr'>περιουσία</span> <span class='ocrx_word' id='word_1_575' title='bbox 3349 1761 3498 1814; x_wconf 72' lang='grc' dir='ltr'>ἐστὶν</span> <span class='ocrx_word' id='word_1_576' title='bbox 3532 1763 3564 1831; x_wconf 90' lang='grc' dir='ltr'>ἡ</span> <span class='ocrx_word' id='word_1_577' title='bbox 3597 1762 3698 1832; x_wconf 81' lang='grc' dir='ltr'>την</span> 
     </span>
    </p>
   </div>
   <div class='ocr_carea' id='block_1_78' title="bbox 2118 1848 3697 1923">
    <p class='ocr_par' dir='ltr' id='par_1_78' title="bbox 2118 1848 3697 1923">
     <span class='ocr_line' id='line_1_78' title="bbox 2118 1848 3697 1923; baseline 0.003 -21"><span class='ocrx_word' id='word_1_578' title='bbox 2118 1848 2314 1919; x_wconf 81' lang='grc' dir='ltr'>ἡδονὴν</span> <span class='ocrx_word' id='word_1_579' title='bbox 2348 1848 2598 1913; x_wconf 89' lang='grc' dir='ltr'>ποιοῦσα,</span> <span class='ocrx_word' id='word_1_580' title='bbox 2640 1848 2776 1902; x_wconf 85' lang='grc' dir='ltr'>ἀλλά</span> <span class='ocrx_word' id='word_1_581' title='bbox 2815 1848 3010 1921; x_wconf 85' lang='grc' dir='ltr'>γνώμη</span> <span class='ocrx_word' id='word_1_582' title='bbox 3046 1850 3362 1921; x_wconf 82' lang='grc' dir='ltr'>φιλόσοφος’</span> <span class='ocrx_word' id='word_1_583' title='bbox 3390 1854 3467 1916; x_wconf 83' lang='grc' dir='ltr'>ὡς</span> <span class='ocrx_word' id='word_1_584' title='bbox 3494 1853 3697 1923; x_wconf 82' lang='grc' dir='ltr'>ταύτης</span> 
     </span>
    </p>
   </div>
   <div class='ocr_carea' id='block_1_79' title="bbox 2118 1939 3700 2011">
    <p class='ocr_par' dir='ltr' id='par_1_79' title="bbox 2118 1939 3700 2011">
     <span class='ocr_line' id='line_1_79' title="bbox 2118 1939 3700 2011; baseline 0.003 -19"><span class='ocrx_word' id='word_1_585' title='bbox 2118 1940 2267 2002; x_wconf 84' lang='grc' dir='ltr'>ἀνευ,</span> <span class='ocrx_word' id='word_1_586' title='bbox 2300 1939 2406 1992; x_wconf 76' lang='grc' dir='ltr'>κᾶν</span> <span class='ocrx_word' id='word_1_587' title='bbox 2430 1940 2499 1992; x_wconf 84' lang='grc' dir='ltr'>τά</span> <span class='ocrx_word' id='word_1_588' title='bbox 2528 1939 2705 1993; x_wconf 86' lang='grc' dir='ltr'>πάντα</span> <span class='ocrx_word' id='word_1_589' title='bbox 2739 1957 2823 2004; x_wconf 91' lang='grc' dir='ltr'>τις</span> <span class='ocrx_word' id='word_1_590' title='bbox 2843 1940 3022 1993; x_wconf 83' lang='grc' dir='ltr'>λαϐὼν</span> <span class='ocrx_word' id='word_1_591' title='bbox 3055 1941 3173 2011; x_wconf 78' lang='grc' dir='ltr'>ἐχῃ,</span> <span class='ocrx_word' id='word_1_592' title='bbox 3202 1943 3278 2005; x_wconf 88' lang='grc' dir='ltr'>ὼς</span> <span class='ocrx_word' id='word_1_593' title='bbox 3306 1944 3521 1996; x_wconf 90' lang='grc' dir='ltr'>πάντων</span> <span class='ocrx_word' id='word_1_594' title='bbox 3548 1945 3700 1997; x_wconf 88' lang='grc' dir='ltr'>ἐστε-</span> 
     </span>
    </p>
   </div>
   <div class='ocr_carea' id='block_1_80' title="bbox 2119 2030 3697 2103">
    <p class='ocr_par' dir='ltr' id='par_1_80' title="bbox 2119 2030 3697 2103">
     <span class='ocr_line' id='line_1_80' title="bbox 2119 2030 3697 2103; baseline 0.003 -19"><span class='ocrx_word' id='word_1_595' title='bbox 2119 2031 2353 2102; x_wconf 85' lang='grc' dir='ltr'>ρημένος</span> <span class='ocrx_word' id='word_1_596' title='bbox 2401 2030 2544 2084; x_wconf 76' lang='grc' dir='ltr'>οὕτω</span> <span class='ocrx_word' id='word_1_597' title='bbox 2576 2031 2913 2086; x_wconf 88' lang='grc' dir='ltr'>διακείσεται</span> <span class='ocrx_word' id='word_1_598' title='bbox 2957 2034 3051 2084; x_wconf 77' lang='grc' dir='ltr'>καὶ</span> <span class='ocrx_word' id='word_1_599' title='bbox 3087 2032 3368 2103; x_wconf 86' lang='grc' dir='ltr'>θρηνὴσει.</span> <span class='ocrx_word' id='word_1_600' title='bbox 3413 2034 3565 2088; x_wconf 74' lang='grc' dir='ltr'>Ἐπεὶ</span> <span class='ocrx_word' id='word_1_601' title='bbox 3599 2035 3697 2088; x_wconf 74' lang='grc' dir='ltr'>καὶ</span> 
     </span>
    </p>
   </div>
   <div class='ocr_carea' id='block_1_81' title="bbox 2114 2113 3696 2195">
    <p class='ocr_par' dir='ltr' id='par_1_81' title="bbox 2114 2113 3696 2195">
     <span class='ocr_line' id='line_1_81' title="bbox 2114 2113 3696 2195; baseline 0.003 -22"><span class='ocrx_word' id='word_1_602' title='bbox 2114 2114 2290 2184; x_wconf 74' lang='grc' dir='ltr'>οὗτος,</span> <span class='ocrx_word' id='word_1_603' title='bbox 2342 2121 2471 2191; x_wconf 70' lang='grc' dir='ltr'>περὶ</span> <span class='ocrx_word' id='word_1_604' title='bbox 2491 2113 2552 2172; x_wconf 76' lang='grc' dir='ltr'>οῦ</span> <span class='ocrx_word' id='word_1_605' title='bbox 2577 2120 2671 2173; x_wconf 87' lang='grc' dir='ltr'>νῦν</span> <span class='ocrx_word' id='word_1_606' title='bbox 2692 2122 2824 2190; x_wconf 85' lang='grc' dir='ltr'>ἡμῖν</span> <span class='ocrx_word' id='word_1_607' title='bbox 2845 2122 2874 2173; x_wconf 88' lang='grc' dir='ltr'>ό</span> <span class='ocrx_word' id='word_1_608' title='bbox 2897 2121 3078 2188; x_wconf 81' lang='grc' dir='ltr'>λόγος,</span> <span class='ocrx_word' id='word_1_609' title='bbox 3102 2123 3151 2174; x_wconf 80' lang='grc' dir='ltr'>εί</span> <span class='ocrx_word' id='word_1_610' title='bbox 3182 2123 3277 2176; x_wconf 76' lang='grc' dir='ltr'>καὶ</span> <span class='ocrx_word' id='word_1_611' title='bbox 3300 2124 3568 2195; x_wconf 81' lang='grc' dir='ltr'>τοσαύτης</span> <span class='ocrx_word' id='word_1_612' title='bbox 3592 2126 3696 2180; x_wconf 86' lang='grc' dir='ltr'>ἀπ-</span> 
     </span>
    </p>
   </div>
   <div class='ocr_carea' id='block_1_82' title="bbox 2116 2207 3686 2288">
    <p class='ocr_par' dir='ltr' id='par_1_82' title="bbox 2116 2207 3686 2288">
     <span class='ocr_line' id='line_1_82' title="bbox 2116 2207 3686 2288; baseline 0.004 -24"><span class='ocrx_word' id='word_1_613' title='bbox 2116 2212 2264 2265; x_wconf 83' lang='grc' dir='ltr'>έδοτο</span> <span class='ocrx_word' id='word_1_614' title='bbox 2297 2212 2462 2282; x_wconf 79' lang='grc' dir='ltr'>τιμῆς</span> <span class='ocrx_word' id='word_1_615' title='bbox 2495 2212 2638 2282; x_wconf 73' lang='grc' dir='ltr'>άπερ</span> <span class='ocrx_word' id='word_1_616' title='bbox 2660 2207 2827 2282; x_wconf 69' lang='grc' dir='ltr'>εἶχεν,</span> <span class='ocrx_word' id='word_1_617' title='bbox 2853 2213 2985 2282; x_wconf 84' lang='grc' dir='ltr'>ὅσης</span> <span class='ocrx_word' id='word_1_618' title='bbox 3018 2211 3289 2278; x_wconf 88' lang='grc' dir='ltr'>ἐϐούλετο,</span> <span class='ocrx_word' id='word_1_619' title='bbox 3318 2214 3477 2269; x_wconf 87' lang='grc' dir='ltr'>πάλιν</span> <span class='ocrx_word' id='word_1_620' title='bbox 3500 2216 3566 2270; x_wconf 81' lang='grc' dir='ltr'>ἂν</span> <span class='ocrx_word' id='word_1_621' title='bbox 3597 2218 3686 2288; x_wconf 75' lang='grc' dir='ltr'>ἦλ-</span> 
     </span>
    </p>
   </div>
   <div class='ocr_carea' id='block_1_83' title="bbox 2113 2303 3695 2376">
    <p class='ocr_par' dir='ltr' id='par_1_83' title="bbox 2113 2303 3695 2376">
     <span class='ocr_line' id='line_1_83' title="bbox 2113 2303 3695 2376; baseline 0.002 -19"><span class='ocrx_word' id='word_1_622' title='bbox 2113 2321 2286 2374; x_wconf 86' lang='grc' dir='ltr'>γησεν</span> <span class='ocrx_word' id='word_1_623' title='bbox 2310 2305 2393 2357; x_wconf 87' lang='grc' dir='ltr'>ὃτι</span> <span class='ocrx_word' id='word_1_624' title='bbox 2419 2303 2496 2374; x_wconf 78' lang='grc' dir='ltr'>μὴ</span> <span class='ocrx_word' id='word_1_625' title='bbox 2522 2303 2788 2368; x_wconf 81' lang='grc' dir='ltr'>πλείονος,</span> <span class='ocrx_word' id='word_1_626' title='bbox 2820 2304 2911 2357; x_wconf 75' lang='grc' dir='ltr'>καὶ</span> <span class='ocrx_word' id='word_1_627' title='bbox 2938 2307 2986 2357; x_wconf 86' lang='grc' dir='ltr'>εί</span> <span class='ocrx_word' id='word_1_628' title='bbox 3025 2305 3268 2369; x_wconf 87' lang='grc' dir='ltr'>πλείονος</span> <span class='ocrx_word' id='word_1_629' title='bbox 3298 2306 3504 2376; x_wconf 76' lang='grc' dir='ltr'>ἴσχυσε,</span> <span class='ocrx_word' id='word_1_630' title='bbox 3533 2309 3695 2362; x_wconf 88' lang='grc' dir='ltr'>πάλιν</span> 
     </span>
    </p>
   </div>
   <div class='ocr_carea' id='block_1_84' title="bbox 2118 2395 3695 2470">
    <p class='ocr_par' dir='ltr' id='par_1_84' title="bbox 2118 2395 3695 2470">
     <span class='ocr_line' id='line_1_84' title="bbox 2118 2395 3695 2470; baseline 0.001 -21"><span class='ocrx_word' id='word_1_631' title='bbox 2118 2396 2183 2449; x_wconf 85' lang='grc' dir='ltr'>ἂν</span> <span class='ocrx_word' id='word_1_632' title='bbox 2215 2395 2410 2467; x_wconf 80' lang='grc' dir='ltr'>ἑτέραν</span> <span class='ocrx_word' id='word_1_633' title='bbox 2450 2395 2716 2466; x_wconf 80' lang='grc' dir='ltr'>ἐζήτησεν</span> <span class='ocrx_word' id='word_1_634' title='bbox 2766 2395 3094 2466; x_wconf 81' lang='grc' dir='ltr'>ὑπερϐολὴν,</span> <span class='ocrx_word' id='word_1_635' title='bbox 3134 2397 3228 2450; x_wconf 75' lang='grc' dir='ltr'>καὶ</span> <span class='ocrx_word' id='word_1_636' title='bbox 3260 2399 3307 2449; x_wconf 85' lang='grc' dir='ltr'>εί</span> <span class='ocrx_word' id='word_1_637' title='bbox 3347 2398 3409 2451; x_wconf 75' lang='grc' dir='ltr'>τὸ</span> <span class='ocrx_word' id='word_1_638' title='bbox 3436 2399 3695 2470; x_wconf 87' lang='grc' dir='ltr'>μέδιμνον</span> 
     </span>
    </p>
   </div>
   <div class='ocr_carea' id='block_1_85' title="bbox 2116 2484 3694 2556">
    <p class='ocr_par' dir='ltr' id='par_1_85' title="bbox 2116 2484 3694 2556">
     <span class='ocr_line' id='line_1_85' title="bbox 2116 2484 3694 2556; baseline 0.004 -18"><span class='ocrx_word' id='word_1_639' title='bbox 2116 2487 2232 2549; x_wconf 77' lang='grc' dir='ltr'>ἐνὸς</span> <span class='ocrx_word' id='word_1_640' title='bbox 2253 2484 2477 2556; x_wconf 86' lang='grc' dir='ltr'>χρυσίου</span> <span class='ocrx_word' id='word_1_641' title='bbox 2506 2485 2732 2550; x_wconf 85' lang='grc' dir='ltr'>διέθετο,</span> <span class='ocrx_word' id='word_1_642' title='bbox 2757 2485 3034 2539; x_wconf 84' lang='grc' dir='ltr'>κάνταῦθα</span> <span class='ocrx_word' id='word_1_643' title='bbox 3063 2486 3376 2540; x_wconf 87' lang='grc' dir='ltr'>διεκόπτετο</span> <span class='ocrx_word' id='word_1_644' title='bbox 3404 2489 3567 2543; x_wconf 88' lang='grc' dir='ltr'>πάλιν</span> <span class='ocrx_word' id='word_1_645' title='bbox 3589 2491 3694 2545; x_wconf 78' lang='grc' dir='ltr'>ὑπὸ</span> 
     </span>
    </p>
   </div>
   <div class='ocr_carea' id='block_1_86' title="bbox 2114 2577 3695 2652">
    <p class='ocr_par' dir='ltr' id='par_1_86' title="bbox 2114 2577 3695 2652">
     <span class='ocr_line' id='line_1_86' title="bbox 2114 2577 3695 2652; baseline 0.004 -24"><span class='ocrx_word' id='word_1_646' title='bbox 2114 2578 2213 2647; x_wconf 80' lang='grc' dir='ltr'>τῆς</span> <span class='ocrx_word' id='word_1_647' title='bbox 2250 2578 2510 2649; x_wconf 87' lang='grc' dir='ltr'>ἀθυμίας,</span> <span class='ocrx_word' id='word_1_648' title='bbox 2545 2579 2627 2631; x_wconf 82' lang='grc' dir='ltr'>ὅτι</span> <span class='ocrx_word' id='word_1_649' title='bbox 2666 2577 2741 2648; x_wconf 83' lang='grc' dir='ltr'>μὴ</span> <span class='ocrx_word' id='word_1_650' title='bbox 2771 2577 2831 2630; x_wconf 78' lang='grc' dir='ltr'>τὸ</span> <span class='ocrx_word' id='word_1_651' title='bbox 2853 2577 3212 2650; x_wconf 84' lang='grc' dir='ltr'>ἡμιμέδιμνον</span> <span class='ocrx_word' id='word_1_652' title='bbox 3232 2580 3488 2634; x_wconf 84' lang='grc' dir='ltr'>τοσούτου</span> <span class='ocrx_word' id='word_1_653' title='bbox 3514 2577 3602 2652; x_wconf 78' lang='grc' dir='ltr'>ἦν.</span> <span class='ocrx_word' id='word_1_654' title='bbox 3631 2583 3695 2635; x_wconf 67' lang='lat' dir='ltr'>Et</span> 
     </span>
    </p>
   </div>
   <div class='ocr_carea' id='block_1_87' title="bbox 2110 2668 3691 2743">
    <p class='ocr_par' dir='ltr' id='par_1_87' title="bbox 2110 2668 3691 2743">
     <span class='ocr_line' id='line_1_87' title="bbox 2110 2668 3691 2743; baseline 0.003 -21"><span class='ocrx_word' id='word_1_655' title='bbox 2110 2669 2168 2722; x_wconf 75' lang='grc' dir='ltr'>δὲ</span> <span class='ocrx_word' id='word_1_656' title='bbox 2192 2670 2267 2740; x_wconf 85' lang='grc' dir='ltr'>μὴ</span> <span class='ocrx_word' id='word_1_657' title='bbox 2302 2670 2452 2740; x_wconf 84' lang='grc' dir='ltr'>παρὰ</span> <span class='ocrx_word' id='word_1_658' title='bbox 2475 2670 2575 2737; x_wconf 84' lang='grc' dir='ltr'>τὴν</span> <span class='ocrx_word' id='word_1_659' title='bbox 2612 2668 2786 2740; x_wconf 86' lang='grc' dir='ltr'>ἀρχὴν</span> <span class='ocrx_word' id='word_1_660' title='bbox 2818 2669 3073 2722; x_wconf 84' lang='grc' dir='ltr'>τοσούτου</span> <span class='ocrx_word' id='word_1_661' title='bbox 3105 2672 3139 2738; x_wconf 82' lang='grc' dir='ltr'>ἡ</span> <span class='ocrx_word' id='word_1_662' title='bbox 3170 2688 3219 2723; x_wconf 87' lang='grc' dir='ltr'>τι</span> <span class='ocrx_word' id='word_1_663' title='bbox 3229 2671 3325 2741; x_wconf 79' lang='grc' dir='ltr'>μὴ,</span> <span class='ocrx_word' id='word_1_664' title='bbox 3364 2673 3440 2743; x_wconf 80' lang='grc' dir='ltr'>μὴ</span> <span class='ocrx_word' id='word_1_665' title='bbox 3477 2672 3691 2743; x_wconf 84' lang='grc' dir='ltr'>θαυμά-</span> 
     </span>
    </p>
   </div>
   <div class='ocr_carea' id='block_1_88' title="bbox 2116 2758 3692 2837">
    <p class='ocr_par' dir='ltr' id='par_1_88' title="bbox 2116 2758 3692 2837">
     <span class='ocr_line' id='line_1_88' title="bbox 2116 2758 3692 2837; baseline -0.003 -24"><span class='ocrx_word' id='word_1_666' title='bbox 2116 2777 2234 2834; x_wconf 85' lang='grc' dir='ltr'>σῃς·</span> <span class='ocrx_word' id='word_1_667' title='bbox 2271 2761 2393 2813; x_wconf 74' lang='grc' dir='ltr'>ἐπεὶ</span> <span class='ocrx_word' id='word_1_668' title='bbox 2428 2761 2521 2813; x_wconf 76' lang='grc' dir='ltr'>καὶ</span> <span class='ocrx_word' id='word_1_669' title='bbox 2549 2761 2598 2811; x_wconf 86' lang='grc' dir='ltr'>οί</span> <span class='ocrx_word' id='word_1_670' title='bbox 2630 2758 2918 2828; x_wconf 85' lang='grc' dir='ltr'>μεθύοντες</span> <span class='ocrx_word' id='word_1_671' title='bbox 2950 2760 3051 2812; x_wconf 80' lang='grc' dir='ltr'>οὐκ</span> <span class='ocrx_word' id='word_1_672' title='bbox 3081 2761 3139 2826; x_wconf 78' lang='grc' dir='ltr'>ἐξ</span> <span class='ocrx_word' id='word_1_673' title='bbox 3174 2762 3347 2832; x_wconf 80' lang='grc' dir='ltr'>ἀρχῆς</span> <span class='ocrx_word' id='word_1_674' title='bbox 3379 2764 3692 2837; x_wconf 79' lang='grc' dir='ltr'>ἐμπίπραν-</span> 
     </span>
    </p>
   </div>
   <div class='ocr_carea' id='block_1_89' title="bbox 2110 2848 3694 2924">
    <p class='ocr_par' dir='ltr' id='par_1_89' title="bbox 2110 2848 3694 2924">
     <span class='ocr_line' id='line_1_89' title="bbox 2110 2848 3694 2924; baseline -0.002 -19"><span class='ocrx_word' id='word_1_675' title='bbox 2110 2868 2224 2917; x_wconf 87' lang='grc' dir='ltr'>ται,</span> <span class='ocrx_word' id='word_1_676' title='bbox 2256 2851 2371 2904; x_wconf 90' lang='grc' dir='ltr'>ἀλλ’</span> <span class='ocrx_word' id='word_1_677' title='bbox 2400 2852 2530 2905; x_wconf 83' lang='grc' dir='ltr'>ὅταν</span> <span class='ocrx_word' id='word_1_678' title='bbox 2552 2848 2748 2902; x_wconf 89' lang='grc' dir='ltr'>πολλοῦ</span> <span class='ocrx_word' id='word_1_679' title='bbox 2773 2849 2866 2901; x_wconf 87' lang='grc' dir='ltr'>τοῦ</span> <span class='ocrx_word' id='word_1_680' title='bbox 2888 2850 3127 2919; x_wconf 83' lang='grc' dir='ltr'>ἀκράτου</span> <span class='ocrx_word' id='word_1_681' title='bbox 3154 2853 3530 2924; x_wconf 77' lang='grc' dir='ltr'>ἐμφορηθῶσι,</span> <span class='ocrx_word' id='word_1_682' title='bbox 3572 2858 3694 2910; x_wconf 76' lang='grc' dir='ltr'>τότε</span> 
     </span>
    </p>
   </div>
   <div class='ocr_carea' id='block_1_90' title="bbox 2114 2936 3693 3012">
    <p class='ocr_par' dir='ltr' id='par_1_90' title="bbox 2114 2936 3693 3012">
     <span class='ocr_line' id='line_1_90' title="bbox 2114 2936 3693 3012; baseline 0.001 -18"><span class='ocrx_word' id='word_1_683' title='bbox 2114 2941 2500 3012; x_wconf 87' lang='grc' dir='ltr'>χαλεπωτέραν</span> <span class='ocrx_word' id='word_1_684' title='bbox 2527 2940 2826 2993; x_wconf 82' lang='grc' dir='ltr'>ἀνάπτουσι</span> <span class='ocrx_word' id='word_1_685' title='bbox 2850 2938 2947 3009; x_wconf 77' lang='grc' dir='ltr'>τὴν</span> <span class='ocrx_word' id='word_1_686' title='bbox 2975 2938 3170 3006; x_wconf 87' lang='grc' dir='ltr'>φλόγα.</span> <span class='ocrx_word' id='word_1_687' title='bbox 3200 2941 3310 2993; x_wconf 84' lang='lat' dir='ltr'><strong><em>Kal</em></strong></span> <span class='ocrx_word' id='word_1_688' title='bbox 3339 2936 3482 2996; x_wconf 74' lang='grc' dir='ltr'>οὗτοι</span> <span class='ocrx_word' id='word_1_689' title='bbox 3510 2944 3693 2997; x_wconf 79' lang='grc' dir='ltr'>τοίνυν</span> 
     </span>
    </p>
   </div>
   <div class='ocr_carea' id='block_1_91' title="bbox 2111 3031 3693 3106">
    <p class='ocr_par' dir='ltr' id='par_1_91' title="bbox 2111 3031 3693 3106">
     <span class='ocr_line' id='line_1_91' title="bbox 2111 3031 3693 3106; baseline -0.006 -18"><span class='ocrx_word' id='word_1_690' title='bbox 2111 3037 2221 3104; x_wconf 82' lang='grc' dir='ltr'>ὅσῳ</span> <span class='ocrx_word' id='word_1_691' title='bbox 2265 3033 2331 3088; x_wconf 84' lang='grc' dir='ltr'>ἂν</span> <span class='ocrx_word' id='word_1_692' title='bbox 2372 3032 2592 3085; x_wconf 88' lang='grc' dir='ltr'>πλείονα</span> <span class='ocrx_word' id='word_1_693' title='bbox 2625 3031 3052 3101; x_wconf 81' lang='grc' dir='ltr'>περιϐάλωνται,</span> <span class='ocrx_word' id='word_1_694' title='bbox 3102 3033 3341 3105; x_wconf 85' lang='grc' dir='ltr'>τοσούτῳ</span> <span class='ocrx_word' id='word_1_695' title='bbox 3384 3038 3440 3089; x_wconf 86' lang='grc' dir='ltr'>ὲν</span> <span class='ocrx_word' id='word_1_696' title='bbox 3483 3037 3693 3106; x_wconf 74' lang='grc' dir='ltr'>μείζονι</span> 
     </span>
    </p>
   </div>
   <div class='ocr_carea' id='block_1_92' title="bbox 2112 3124 3692 3197">
    <p class='ocr_par' dir='ltr' id='par_1_92' title="bbox 2112 3124 3692 3197">
     <span class='ocr_line' id='line_1_92' title="bbox 2112 3124 3692 3197; baseline 0.002 -17"><span class='ocrx_word' id='word_1_697' title='bbox 2112 3127 2290 3197; x_wconf 78' lang='grc' dir='ltr'>ἐνδείᾳ</span> <span class='ocrx_word' id='word_1_698' title='bbox 2315 3124 2692 3185; x_wconf 85' lang='grc' dir='ltr'>καθίστανται,</span> <span class='ocrx_word' id='word_1_699' title='bbox 2718 3125 2811 3177; x_wconf 73' lang='grc' dir='ltr'>καὶ</span> <span class='ocrx_word' id='word_1_700' title='bbox 2838 3126 2884 3176; x_wconf 75' lang='lat' dir='ltr'>oi</span> <span class='ocrx_word' id='word_1_701' title='bbox 2908 3124 3130 3178; x_wconf 86' lang='grc' dir='ltr'>πλείονα</span> <span class='ocrx_word' id='word_1_702' title='bbox 3163 3126 3559 3196; x_wconf 87' lang='grc' dir='ltr'>κερδαίνοντες,</span> <span class='ocrx_word' id='word_1_703' title='bbox 3596 3132 3692 3184; x_wconf 77' lang='grc' dir='ltr'>αὖ-</span> 
     </span>
    </p>
   </div>
   <div class='ocr_carea' id='block_1_93' title="bbox 2111 3214 3690 3291">
    <p class='ocr_par' dir='ltr' id='par_1_93' title="bbox 2111 3214 3690 3291">
     <span class='ocr_line' id='line_1_93' title="bbox 2111 3214 3690 3291; baseline 0.004 -23"><span class='ocrx_word' id='word_1_704' title='bbox 2111 3216 2193 3269; x_wconf 75' lang='grc' dir='ltr'>τοὶ</span> <span class='ocrx_word' id='word_1_705' title='bbox 2228 3215 2463 3285; x_wconf 88' lang='grc' dir='ltr'>μάλιστά</span> <span class='ocrx_word' id='word_1_706' title='bbox 2511 3216 2648 3266; x_wconf 89' lang='grc' dir='ltr'>εἰσιν</span> <span class='ocrx_word' id='word_1_707' title='bbox 2678 3216 2726 3266; x_wconf 85' lang='grc' dir='ltr'>οί</span> <span class='ocrx_word' id='word_1_708' title='bbox 2760 3214 3073 3281; x_wconf 87' lang='grc' dir='ltr'>πενόμενοι.</span> <span class='ocrx_word' id='word_1_709' title='bbox 3107 3214 3256 3287; x_wconf 78' lang='grc'>[575]</span> <span class='ocrx_word' id='word_1_710' title='bbox 3288 3217 3474 3271; x_wconf 88' lang='grc' dir='ltr'>Ταῦτα</span> <span class='ocrx_word' id='word_1_711' title='bbox 3511 3220 3568 3273; x_wconf 82' lang='grc' dir='ltr'>δέ</span> <span class='ocrx_word' id='word_1_712' title='bbox 3599 3238 3690 3291; x_wconf 85' lang='grc' dir='ltr'>μοι</span> 
     </span>
    </p>
   </div>
   <div class='ocr_carea' id='block_1_94' title="bbox 2111 3306 3690 3382">
    <p class='ocr_par' dir='ltr' id='par_1_94' title="bbox 2111 3306 3690 3382">
     <span class='ocr_line' id='line_1_94' title="bbox 2111 3306 3690 3382; baseline 0.004 -22"><span class='ocrx_word' id='word_1_713' title='bbox 2111 3309 2170 3360; x_wconf 78' lang='grc' dir='ltr'>οὐ</span> <span class='ocrx_word' id='word_1_714' title='bbox 2200 3307 2338 3377; x_wconf 86' lang='grc' dir='ltr'>πρὸς</span> <span class='ocrx_word' id='word_1_715' title='bbox 2361 3306 2546 3359; x_wconf 89' lang='grc' dir='ltr'>τοῦτον</span> <span class='ocrx_word' id='word_1_716' title='bbox 2573 3307 2787 3375; x_wconf 70' lang='grc' dir='ltr'>εἴρηται</span> <span class='ocrx_word' id='word_1_717' title='bbox 2816 3307 2993 3375; x_wconf 87' lang='grc' dir='ltr'>μόνον,</span> <span class='ocrx_word' id='word_1_718' title='bbox 3027 3306 3162 3361; x_wconf 89' lang='grc' dir='ltr'>ἀλλά</span> <span class='ocrx_word' id='word_1_719' title='bbox 3186 3311 3280 3362; x_wconf 74' lang='grc' dir='ltr'>καὶ</span> <span class='ocrx_word' id='word_1_720' title='bbox 3304 3310 3439 3382; x_wconf 83' lang='grc' dir='ltr'>πρὸς</span> <span class='ocrx_word' id='word_1_721' title='bbox 3460 3312 3690 3366; x_wconf 76' lang='grc' dir='ltr'>ἕκαστον</span> 
     </span>
    </p>
   </div>
   <div class='ocr_carea' id='block_1_95' title="bbox 2110 3397 3689 3476">
    <p class='ocr_par' dir='ltr' id='par_1_95' title="bbox 2110 3397 3689 3476">
     <span class='ocr_line' id='line_1_95' title="bbox 2110 3397 3689 3476; baseline 0.003 -25"><span class='ocrx_word' id='word_1_722' title='bbox 2110 3400 2217 3451; x_wconf 82' lang='grc' dir='ltr'>τῶν</span> <span class='ocrx_word' id='word_1_723' title='bbox 2246 3399 2314 3452; x_wconf 75' lang='grc' dir='ltr'>τὰ</span> <span class='ocrx_word' id='word_1_724' title='bbox 2348 3397 2577 3452; x_wconf 89' lang='grc' dir='ltr'>τοιαῦτα</span> <span class='ocrx_word' id='word_1_725' title='bbox 2604 3397 2922 3462; x_wconf 86' lang='grc' dir='ltr'>νοσούντων,</span> <span class='ocrx_word' id='word_1_726' title='bbox 2949 3399 3043 3450; x_wconf 75' lang='grc' dir='ltr'>καὶ</span> <span class='ocrx_word' id='word_1_727' title='bbox 3068 3398 3164 3467; x_wconf 77' lang='grc' dir='ltr'>τὴν</span> <span class='ocrx_word' id='word_1_728' title='bbox 3187 3401 3295 3454; x_wconf 90' lang='grc' dir='ltr'>τῶν</span> <span class='ocrx_word' id='word_1_729' title='bbox 3318 3402 3494 3457; x_wconf 84' lang='grc' dir='ltr'>ὠνίων</span> <span class='ocrx_word' id='word_1_730' title='bbox 3523 3422 3575 3456; x_wconf 92' lang='grc' dir='ltr'>τι</span> <span class='ocrx_word' id='word_1_731' title='bbox 3584 3406 3689 3476; x_wconf 72' lang='grc' dir='ltr'>μὴν</span> 
     </span>
    </p>
   </div>
   <div class='ocr_carea' id='block_1_96' title="bbox 2111 3487 3690 3564">
    <p class='ocr_par' dir='ltr' id='par_1_96' title="bbox 2111 3487 3690 3564">
     <span class='ocr_line' id='line_1_96' title="bbox 2111 3487 3690 3564; baseline 0.005 -25"><span class='ocrx_word' id='word_1_732' title='bbox 2111 3489 2509 3550; x_wconf 89' lang='grc' dir='ltr'>ἐπιτεινόντων,</span> <span class='ocrx_word' id='word_1_733' title='bbox 2542 3487 2637 3540; x_wconf 71' lang='grc' dir='ltr'>καὶ</span> <span class='ocrx_word' id='word_1_734' title='bbox 2670 3487 2777 3538; x_wconf 88' lang='grc' dir='ltr'>τῶν</span> <span class='ocrx_word' id='word_1_735' title='bbox 2812 3487 3037 3555; x_wconf 80' lang='grc' dir='ltr'>πλησίον</span> <span class='ocrx_word' id='word_1_736' title='bbox 3070 3490 3169 3558; x_wconf 73' lang='grc' dir='ltr'>τὴν</span> <span class='ocrx_word' id='word_1_737' title='bbox 3202 3491 3391 3546; x_wconf 87' lang='grc' dir='ltr'>πενίαν</span> <span class='ocrx_word' id='word_1_738' title='bbox 3428 3509 3690 3564; x_wconf 87' lang='grc' dir='ltr'>πραγμα-</span> 
     </span>
    </p>
   </div>
   <div class='ocr_carea' id='block_1_97' title="bbox 2110 3579 3688 3656">
    <p class='ocr_par' dir='ltr' id='par_1_97' title="bbox 2110 3579 3688 3656">
     <span class='ocr_line' id='line_1_97' title="bbox 2110 3579 3688 3656; baseline 0.005 -26"><span class='ocrx_word' id='word_1_739' title='bbox 2110 3582 2440 3649; x_wconf 86' lang='grc' dir='ltr'>τευομένων.</span> <span class='ocrx_word' id='word_1_740' title='bbox 2476 3579 2891 3649; x_wconf 81' lang='grc' dir='ltr'>Φιλανθρωπίας</span> <span class='ocrx_word' id='word_1_741' title='bbox 2942 3582 3043 3649; x_wconf 86' lang='grc' dir='ltr'>μὲν</span> <span class='ocrx_word' id='word_1_742' title='bbox 3087 3584 3194 3652; x_wconf 82' lang='grc' dir='ltr'>γάρ</span> <span class='ocrx_word' id='word_1_743' title='bbox 3234 3584 3407 3647; x_wconf 72' lang='grc' dir='ltr'>οὐδεὶς</span> <span class='ocrx_word' id='word_1_744' title='bbox 3450 3585 3688 3656; x_wconf 83' lang='grc' dir='ltr'>οὐδαμοῦ</span> 
     </span>
    </p>
   </div>
   <div class='ocr_carea' id='block_1_98' title="bbox 2111 3670 3686 3746">
    <p class='ocr_par' dir='ltr' id='par_1_98' title="bbox 2111 3670 3686 3746">
     <span class='ocr_line' id='line_1_98' title="bbox 2111 3670 3686 3746; baseline 0.006 -24"><span class='ocrx_word' id='word_1_745' title='bbox 2111 3671 2284 3739; x_wconf 87' lang='grc' dir='ltr'>λόγος·</span> <span class='ocrx_word' id='word_1_746' title='bbox 2318 3670 2590 3741; x_wconf 86' lang='grc' dir='ltr'>πανταχοῦ</span> <span class='ocrx_word' id='word_1_747' title='bbox 2640 3670 2695 3722; x_wconf 83' lang='grc' dir='ltr'>δὲ</span> <span class='ocrx_word' id='word_1_748' title='bbox 2733 3673 2761 3721; x_wconf 91' lang='grc' dir='ltr'><strong>ὁ</strong></span> <span class='ocrx_word' id='word_1_749' title='bbox 2804 3672 2902 3740; x_wconf 82' lang='grc' dir='ltr'>τῆς</span> <span class='ocrx_word' id='word_1_750' title='bbox 2932 3671 3244 3737; x_wconf 81' lang='grc' dir='ltr'>πλεονεξίας</span> <span class='ocrx_word' id='word_1_751' title='bbox 3283 3674 3424 3746; x_wconf 84' lang='grc' dir='ltr'>ἔρως</span> <span class='ocrx_word' id='word_1_752' title='bbox 3465 3675 3559 3730; x_wconf 80' lang='grc' dir='ltr'>ἐπὶ</span> <span class='ocrx_word' id='word_1_753' title='bbox 3591 3679 3686 3731; x_wconf 87' lang='grc' dir='ltr'>τοῦ</span> 
     </span>
    </p>
   </div>
   <div class='ocr_carea' id='block_1_99' title="bbox 2111 3761 3689 3833">
    <p class='ocr_par' dir='ltr' id='par_1_99' title="bbox 2111 3761 3689 3833">
     <span class='ocr_line' id='line_1_99' title="bbox 2111 3761 3689 3833; baseline 0.004 -19"><span class='ocrx_word' id='word_1_754' title='bbox 2111 3761 2303 3833; x_wconf 87' lang='grc' dir='ltr'>καιροῦ</span> <span class='ocrx_word' id='word_1_755' title='bbox 2338 3763 2436 3830; x_wconf 84' lang='grc' dir='ltr'>τῆς</span> <span class='ocrx_word' id='word_1_756' title='bbox 2484 3764 2738 3833; x_wconf 87' lang='grc' dir='ltr'>πράσεως</span> <span class='ocrx_word' id='word_1_757' title='bbox 2781 3762 3009 3826; x_wconf 76' lang='grc' dir='ltr'>πολλοὺς</span> <span class='ocrx_word' id='word_1_758' title='bbox 3045 3763 3250 3831; x_wconf 82' lang='grc' dir='ltr'>ἐξάγει,</span> <span class='ocrx_word' id='word_1_759' title='bbox 3281 3767 3375 3819; x_wconf 77' lang='grc' dir='ltr'>καὶ</span> <span class='ocrx_word' id='word_1_760' title='bbox 3420 3769 3564 3820; x_wconf 90' lang='grc' dir='ltr'>σῖτον</span> <span class='ocrx_word' id='word_1_761' title='bbox 3595 3771 3689 3822; x_wconf 78' lang='grc' dir='ltr'>καὶ</span> 
     </span>
    </p>
   </div>
   <div class='ocr_carea' id='block_1_100' title="bbox 2110 3850 3689 3926">
    <p class='ocr_par' dir='ltr' id='par_1_100' title="bbox 2110 3850 3689 3926">
     <span class='ocr_line' id='line_1_100' title="bbox 2110 3850 3689 3926; baseline 0.004 -21"><span class='ocrx_word' id='word_1_762' title='bbox 2110 3850 2253 3906; x_wconf 77' lang='grc' dir='ltr'>οἶνον</span> <span class='ocrx_word' id='word_1_763' title='bbox 2277 3857 2304 3906; x_wconf 96' lang='lat'>6</span> <span class='ocrx_word' id='word_1_764' title='bbox 2330 3857 2428 3924; x_wconf 86' lang='grc' dir='ltr'>μὲν</span> <span class='ocrx_word' id='word_1_765' title='bbox 2463 3853 2674 3917; x_wconf 82' lang='grc' dir='ltr'>θᾶττον,</span> <span class='ocrx_word' id='word_1_766' title='bbox 2702 3855 2730 3907; x_wconf 89' lang='grc' dir='ltr'>ό</span> <span class='ocrx_word' id='word_1_767' title='bbox 2752 3853 2809 3906; x_wconf 84' lang='grc' dir='ltr'>δὲ</span> <span class='ocrx_word' id='word_1_768' title='bbox 2845 3855 3173 3926; x_wconf 84' lang='grc' dir='ltr'>βραδύτερον</span> <span class='ocrx_word' id='word_1_769' title='bbox 3202 3856 3450 3920; x_wconf 86' lang='grc' dir='ltr'>ἀπέδοτο,</span> <span class='ocrx_word' id='word_1_770' title='bbox 3479 3858 3689 3912; x_wconf 80' lang='grc' dir='ltr'>οὐδέτε-</span> 
     </span>
    </p>
   </div>
   <div class='ocr_carea' id='block_1_101' title="bbox 2112 3946 3687 4018">
    <p class='ocr_par' dir='ltr' id='par_1_101' title="bbox 2112 3946 3687 4018">
     <span class='ocr_line' id='line_1_101' title="bbox 2112 3946 3687 4018; baseline 0.006 -21"><span class='ocrx_word' id='word_1_771' title='bbox 2112 3962 2203 4014; x_wconf 90' lang='grc' dir='ltr'>ρος</span> <span class='ocrx_word' id='word_1_772' title='bbox 2249 3946 2434 4015; x_wconf 87' lang='grc' dir='ltr'>μέντοι</span> <span class='ocrx_word' id='word_1_773' title='bbox 2466 3946 2575 3998; x_wconf 75' lang='grc' dir='ltr'>ἀπὸ</span> <span class='ocrx_word' id='word_1_774' title='bbox 2612 3946 2959 4016; x_wconf 88' lang='grc' dir='ltr'>κηδεμονίας,</span> <span class='ocrx_word' id='word_1_775' title='bbox 2989 3946 3103 4000; x_wconf 86' lang='grc' dir='ltr'>ἀλλ’</span> <span class='ocrx_word' id='word_1_776' title='bbox 3136 3949 3165 4000; x_wconf 90' lang='lat'>6</span> <span class='ocrx_word' id='word_1_777' title='bbox 3194 3948 3313 4018; x_wconf 86' lang='grc' dir='ltr'>μὲν,</span> <span class='ocrx_word' id='word_1_778' title='bbox 3347 3950 3433 4003; x_wconf 81' lang='grc' dir='ltr'>ἴνα</span> <span class='ocrx_word' id='word_1_779' title='bbox 3466 3950 3687 4007; x_wconf 82' lang='grc' dir='ltr'>πλείονα</span> 
     </span>
    </p>
   </div>
   <div class='ocr_carea' id='block_1_102' title="bbox 2107 4035 3681 4111">
    <p class='ocr_par' dir='ltr' id='par_1_102' title="bbox 2107 4035 3681 4111">
     <span class='ocr_line' id='line_1_102' title="bbox 2107 4035 3681 4111; baseline 0.006 -24"><span class='ocrx_word' id='word_1_780' title='bbox 2107 4035 2267 4109; x_wconf 81' lang='grc' dir='ltr'>λάϐῃ,</span> <span class='ocrx_word' id='word_1_781' title='bbox 2280 4040 2309 4089; x_wconf 87' lang='lat'>6</span> <span class='ocrx_word' id='word_1_782' title='bbox 2327 4037 2382 4088; x_wconf 82' lang='grc' dir='ltr'>δὲ</span> <span class='ocrx_word' id='word_1_783' title='bbox 2405 4036 2493 4089; x_wconf 78' lang='grc' dir='ltr'>ἵνα</span> <span class='ocrx_word' id='word_1_784' title='bbox 2510 4037 2584 4107; x_wconf 81' lang='grc' dir='ltr'>μὴ</span> <span class='ocrx_word' id='word_1_785' title='bbox 2598 4038 2823 4103; x_wconf 85' lang='grc' dir='ltr'>ἐλάττω,</span> <span class='ocrx_word' id='word_1_786' title='bbox 2838 4039 3138 4108; x_wconf 85' lang='grc' dir='ltr'>τραπέντος</span> <span class='ocrx_word' id='word_1_787' title='bbox 3154 4040 3425 4095; x_wconf 81' lang='grc' dir='ltr'>αὐτοῦτοῦ</span> <span class='ocrx_word' id='word_1_788' title='bbox 3443 4043 3681 4111; x_wconf 84' lang='grc' dir='ltr'>καρποῦ.</span> 
     </span>
    </p>
   </div>
   <div class='ocr_carea' id='block_1_103' title="bbox 2190 4127 3683 4200">
    <p class='ocr_par' dir='ltr' id='par_1_103' title="bbox 2190 4127 3683 4200">
     <span class='ocr_line' id='line_1_103' title="bbox 2190 4127 3683 4200; baseline 0.003 -19"><span class='ocrx_word' id='word_1_789' title='bbox 2190 4127 2406 4199; x_wconf 82' lang='grc' dir='ltr'>Ἐπειδὴ</span> <span class='ocrx_word' id='word_1_790' title='bbox 2429 4128 2537 4200; x_wconf 88' lang='grc' dir='ltr'>γὰρ</span> <span class='ocrx_word' id='word_1_791' title='bbox 2561 4131 2609 4180; x_wconf 88' lang='grc' dir='ltr'>οί</span> <span class='ocrx_word' id='word_1_792' title='bbox 2638 4128 2854 4192; x_wconf 82' lang='grc' dir='ltr'>πλείους</span> <span class='ocrx_word' id='word_1_793' title='bbox 2888 4132 2949 4182; x_wconf 82' lang='grc' dir='ltr'>ού</span> <span class='ocrx_word' id='word_1_794' title='bbox 2981 4130 3151 4184; x_wconf 79' lang='grc' dir='ltr'>πολὺν</span> <span class='ocrx_word' id='word_1_795' title='bbox 3174 4133 3281 4185; x_wconf 94' lang='grc' dir='ltr'>τῶν</span> <span class='ocrx_word' id='word_1_796' title='bbox 3315 4132 3408 4187; x_wconf 90' lang='grc' dir='ltr'>τοῦ</span> <span class='ocrx_word' id='word_1_797' title='bbox 3439 4133 3575 4186; x_wconf 86' lang='grc' dir='ltr'>Θεοῦ</span> <span class='ocrx_word' id='word_1_798' title='bbox 3601 4135 3683 4186; x_wconf 88' lang='grc' dir='ltr'>νό-</span> 
     </span>
    </p>
   </div>
   <div class='ocr_carea' id='block_1_104' title="bbox 2112 4219 3685 4289">
    <p class='ocr_par' dir='ltr' id='par_1_104' title="bbox 2112 4219 3685 4289">
     <span class='ocr_line' id='line_1_104' title="bbox 2112 4219 3685 4289; baseline 0.003 -16"><span class='ocrx_word' id='word_1_799' title='bbox 2112 4238 2227 4289; x_wconf 91' lang='grc' dir='ltr'>μων</span> <span class='ocrx_word' id='word_1_800' title='bbox 2261 4219 2573 4289; x_wconf 87' lang='grc' dir='ltr'>ποιούμενοι</span> <span class='ocrx_word' id='word_1_801' title='bbox 2606 4219 2786 4287; x_wconf 88' lang='grc' dir='ltr'>λόγον,</span> <span class='ocrx_word' id='word_1_802' title='bbox 2828 4222 3007 4274; x_wconf 85' lang='grc' dir='ltr'>πάντα</span> <span class='ocrx_word' id='word_1_803' title='bbox 3041 4221 3189 4274; x_wconf 76' lang='grc' dir='ltr'>ἔνδον</span> <span class='ocrx_word' id='word_1_804' title='bbox 3226 4222 3685 4288; x_wconf 86' lang='grc' dir='ltr'>κατακλείσαντες</span> 
     </span>
    </p>
   </div>
   <div class='ocr_carea' id='block_1_105' title="bbox 2108 4311 3685 4383">
    <p class='ocr_par' dir='ltr' id='par_1_105' title="bbox 2108 4311 3685 4383">
     <span class='ocr_line' id='line_1_105' title="bbox 2108 4311 3685 4383; baseline 0.005 -20"><span class='ocrx_word' id='word_1_805' title='bbox 2108 4312 2345 4381; x_wconf 74' lang='grc' dir='ltr'>ἔχουσιν,</span> <span class='ocrx_word' id='word_1_806' title='bbox 2375 4312 2575 4381; x_wconf 89' lang='grc' dir='ltr'>ἐτέρως</span> <span class='ocrx_word' id='word_1_807' title='bbox 2619 4311 2818 4373; x_wconf 77' lang='grc' dir='ltr'>αὐτοὺς</span> <span class='ocrx_word' id='word_1_808' title='bbox 2856 4314 2936 4375; x_wconf 85' lang='grc' dir='ltr'>εἰς</span> <span class='ocrx_word' id='word_1_809' title='bbox 2978 4312 3386 4383; x_wconf 82' lang='grc' dir='ltr'>φιλανθρωπίαν</span> <span class='ocrx_word' id='word_1_810' title='bbox 3419 4314 3628 4383; x_wconf 79' lang='grc' dir='ltr'>ἐξάγων</span> <span class='ocrx_word' id='word_1_811' title='bbox 3656 4320 3685 4370; x_wconf 85' lang='grc' dir='ltr'><strong>ὁ</strong></span> 
     </span>
    </p>
   </div>
   <div class='ocr_carea' id='block_1_106' title="bbox 2108 4401 3685 4476">
    <p class='ocr_par' dir='ltr' id='par_1_106' title="bbox 2108 4401 3685 4476">
     <span class='ocr_line' id='line_1_106' title="bbox 2108 4401 3685 4476; baseline 0.003 -23"><span class='ocrx_word' id='word_1_812' title='bbox 2108 4402 2259 4464; x_wconf 73' lang='grc' dir='ltr'>Θεὸς,</span> <span class='ocrx_word' id='word_1_813' title='bbox 2303 4402 2388 4453; x_wconf 84' lang='grc' dir='ltr'>ἴνα</span> <span class='ocrx_word' id='word_1_814' title='bbox 2412 4402 2515 4453; x_wconf 85' lang='grc' dir='ltr'>κᾶν</span> <span class='ocrx_word' id='word_1_815' title='bbox 2545 4401 2762 4474; x_wconf 77' lang='grc' dir='ltr'>ἀνάγκῃ</span> <span class='ocrx_word' id='word_1_816' title='bbox 2789 4419 2842 4453; x_wconf 89' lang='grc' dir='ltr'>τι</span> <span class='ocrx_word' id='word_1_817' title='bbox 2869 4405 3134 4473; x_wconf 80' lang='grc' dir='ltr'>ποιήσωσι</span> <span class='ocrx_word' id='word_1_818' title='bbox 3156 4404 3414 4473; x_wconf 88' lang='grc' dir='ltr'>χρηστὸν,</span> <span class='ocrx_word' id='word_1_819' title='bbox 3440 4406 3685 4476; x_wconf 79' lang='grc' dir='ltr'>μείζονος</span> 
     </span>
    </p>
   </div>
   <div class='ocr_carea' id='block_1_107' title="bbox 2109 4492 3683 4567">
    <p class='ocr_par' dir='ltr' id='par_1_107' title="bbox 2109 4492 3683 4567">
     <span class='ocr_line' id='line_1_107' title="bbox 2109 4492 3683 4567; baseline 0.005 -23"><span class='ocrx_word' id='word_1_820' title='bbox 2109 4494 2309 4563; x_wconf 82' lang='grc' dir='ltr'>ζημίας</span> <span class='ocrx_word' id='word_1_821' title='bbox 2355 4492 2574 4545; x_wconf 85' lang='grc' dir='ltr'>ἐνέϐαλε</span> <span class='ocrx_word' id='word_1_822' title='bbox 2617 4493 2753 4559; x_wconf 81' lang='grc' dir='ltr'>δέος,</span> <span class='ocrx_word' id='word_1_823' title='bbox 2785 4495 2884 4546; x_wconf 81' lang='grc' dir='ltr'>οὐκ</span> <span class='ocrx_word' id='word_1_824' title='bbox 2919 4495 3100 4563; x_wconf 79' lang='grc' dir='ltr'>ἀφιεὶς</span> <span class='ocrx_word' id='word_1_825' title='bbox 3134 4496 3214 4558; x_wconf 88' lang='grc' dir='ltr'>είς</span> <span class='ocrx_word' id='word_1_826' title='bbox 3244 4496 3414 4550; x_wconf 75' lang='grc' dir='ltr'>πολὺν</span> <span class='ocrx_word' id='word_1_827' title='bbox 3441 4497 3683 4567; x_wconf 80' lang='grc' dir='ltr'>διαρκεῖν</span> 
     </span>
    </p>
   </div>
   <div class='ocr_carea' id='block_1_108' title="bbox 2109 4586 3737 4671">
    <p class='ocr_par' dir='ltr' id='par_1_108' title="bbox 2109 4586 3737 4671">
     <span class='ocr_line' id='line_1_108' title="bbox 2109 4586 3737 4671; baseline 0.004 -34"><span class='ocrx_word' id='word_1_828' title='bbox 2109 4586 2299 4655; x_wconf 90' lang='grc' dir='ltr'>χρόνον</span> <span class='ocrx_word' id='word_1_829' title='bbox 2339 4586 2438 4654; x_wconf 79' lang='grc' dir='ltr'>τῆς</span> <span class='ocrx_word' id='word_1_830' title='bbox 2477 4586 2580 4655; x_wconf 82' lang='grc' dir='ltr'>γῆς</span> <span class='ocrx_word' id='word_1_831' title='bbox 2616 4587 2740 4649; x_wconf 79' lang='grc' dir='ltr'>τοὺς</span> <span class='ocrx_word' id='word_1_832' title='bbox 2765 4587 3032 4657; x_wconf 75' lang='grc' dir='ltr'>καρποὺς,</span> <span class='ocrx_word' id='word_1_833' title='bbox 3059 4588 3148 4641; x_wconf 79' lang='grc' dir='ltr'>ἵνα</span> <span class='ocrx_word' id='word_1_834' title='bbox 3183 4587 3289 4641; x_wconf 81' lang='grc' dir='ltr'>κᾶν</span> <span class='ocrx_word' id='word_1_835' title='bbox 3323 4588 3417 4659; x_wconf 83' lang='grc' dir='ltr'>τὴν</span> <span class='ocrx_word' id='word_1_836' title='bbox 3449 4589 3557 4643; x_wconf 74' lang='grc' dir='ltr'>ἀπὸ</span> <span class='ocrx_word' id='word_1_837' title='bbox 3582 4591 3684 4655; x_wconf 67' lang='grc' dir='ltr'>τῆς</span> <span class='ocrx_word' id='word_1_838' title='bbox 3728 4655 3737 4671; x_wconf 46' lang='grc'><strong><em>,</em></strong></span> 
     </span>
    </p>
   </div>
   <div class='ocr_carea' id='block_1_109' title="bbox 2107 4674 3734 4748">
    <p class='ocr_par' dir='ltr' id='par_1_109' title="bbox 2107 4674 3734 4748">
     <span class='ocr_line' id='line_1_109' title="bbox 2107 4674 3734 4748; baseline 0.003 -22"><span class='ocrx_word' id='word_1_839' title='bbox 2107 4675 2314 4744; x_wconf 83' lang='grc' dir='ltr'>φθορᾶς</span> <span class='ocrx_word' id='word_1_840' title='bbox 2331 4674 2626 4738; x_wconf 84' lang='grc' dir='ltr'>δεδοικότες</span> <span class='ocrx_word' id='word_1_841' title='bbox 2648 4674 2870 4745; x_wconf 83' lang='grc' dir='ltr'>βλάϐην,</span> <span class='ocrx_word' id='word_1_842' title='bbox 2899 4675 3142 4747; x_wconf 84' lang='grc' dir='ltr'>προθῶσι</span> <span class='ocrx_word' id='word_1_843' title='bbox 3162 4679 3274 4741; x_wconf 85' lang='grc' dir='ltr'>τοῖς</span> <span class='ocrx_word' id='word_1_844' title='bbox 3294 4678 3567 4748; x_wconf 86' lang='grc' dir='ltr'>δεομένοις</span> <span class='ocrx_word' id='word_1_845' title='bbox 3589 4682 3683 4733; x_wconf 77' lang='grc' dir='ltr'>καὶ</span> <span class='ocrx_word' id='word_1_846' title='bbox 3730 4737 3734 4740; x_wconf 15' lang='grc' dir='ltr'>ς</span> 
     </span>
    </p>
   </div>
   <div class='ocr_carea' id='block_1_110' title="bbox 2106 4767 3677 4838">
    <p class='ocr_par' dir='ltr' id='par_1_110' title="bbox 2106 4767 3677 4838">
     <span class='ocr_line' id='line_1_110' title="bbox 2106 4767 3677 4838; baseline 0.003 -19"><span class='ocrx_word' id='word_1_847' title='bbox 2106 4768 2348 4830; x_wconf 79' lang='grc' dir='ltr'>ἄκοντες,</span> <span class='ocrx_word' id='word_1_848' title='bbox 2398 4767 2540 4838; x_wconf 79' lang='grc' dir='ltr'>άπερ</span> <span class='ocrx_word' id='word_1_849' title='bbox 2583 4768 2722 4820; x_wconf 80' lang='grc' dir='ltr'>οἴκοι</span> <span class='ocrx_word' id='word_1_850' title='bbox 2769 4768 3160 4837; x_wconf 83' lang='grc' dir='ltr'>κατορύξαντες</span> <span class='ocrx_word' id='word_1_851' title='bbox 3201 4769 3427 4838; x_wconf 87' lang='grc' dir='ltr'>τηροῦσι</span> <span class='ocrx_word' id='word_1_852' title='bbox 3470 4770 3677 4832; x_wconf 84' lang='grc' dir='ltr'>κακῶς.</span> 
     </span>
    </p>
   </div>
   <div class='ocr_carea' id='block_1_111' title="bbox 2116 4857 3679 4928">
    <p class='ocr_par' dir='ltr' id='par_1_111' title="bbox 2116 4857 3679 4928">
     <span class='ocr_line' id='line_1_111' title="bbox 2116 4857 3679 4928; baseline 0 -18"><span class='ocrx_word' id='word_1_853' title='bbox 2116 4858 2277 4913; x_wconf 80' lang='grc' dir='ltr'>Ἀλλά</span> <span class='ocrx_word' id='word_1_854' title='bbox 2313 4860 2421 4927; x_wconf 78' lang='grc' dir='ltr'>γὰρ</span> <span class='ocrx_word' id='word_1_855' title='bbox 2455 4860 2547 4911; x_wconf 72' lang='grc' dir='ltr'>καὶ</span> <span class='ocrx_word' id='word_1_856' title='bbox 2590 4859 2727 4926; x_wconf 68' lang='grc' dir='ltr'>μετὰ</span> <span class='ocrx_word' id='word_1_857' title='bbox 2766 4857 2934 4911; x_wconf 88' lang='grc' dir='ltr'>ταῦτα</span> <span class='ocrx_word' id='word_1_858' title='bbox 2964 4858 3106 4913; x_wconf 78' lang='grc' dir='ltr'>οὕτω</span> <span class='ocrx_word' id='word_1_859' title='bbox 3144 4860 3286 4922; x_wconf 86' lang='grc' dir='ltr'>τινές</span> <span class='ocrx_word' id='word_1_860' title='bbox 3324 4861 3462 4913; x_wconf 85' lang='grc' dir='ltr'>εἰσιν</span> <span class='ocrx_word' id='word_1_861' title='bbox 3503 4859 3679 4928; x_wconf 83' lang='grc' dir='ltr'>ἀπλη-</span> 
     </span>
    </p>
   </div>
   <div class='ocr_carea' id='block_1_112' title="bbox 2106 4948 3680 5019">
    <p class='ocr_par' dir='ltr' id='par_1_112' title="bbox 2106 4948 3680 5019">
     <span class='ocr_line' id='line_1_112' title="bbox 2106 4948 3680 5019; baseline 0.001 -17"><span class='ocrx_word' id='word_1_862' title='bbox 2106 4968 2240 5013; x_wconf 88' lang='grc' dir='ltr'>στοι,</span> <span class='ocrx_word' id='word_1_863' title='bbox 2274 4950 2349 5012; x_wconf 87' lang='grc' dir='ltr'>ὼς</span> <span class='ocrx_word' id='word_1_864' title='bbox 2382 4949 2514 5019; x_wconf 82' lang='grc' dir='ltr'>μηδέ</span> <span class='ocrx_word' id='word_1_865' title='bbox 2546 4948 2792 5002; x_wconf 81' lang='grc' dir='ltr'>ἐντεῦθεν</span> <span class='ocrx_word' id='word_1_866' title='bbox 2818 4949 3183 5003; x_wconf 86' lang='grc' dir='ltr'>παιδεύεσθαι.</span> <span class='ocrx_word' id='word_1_867' title='bbox 3210 4951 3401 5003; x_wconf 80' lang='grc' dir='ltr'>Πολλοὶ</span> <span class='ocrx_word' id='word_1_868' title='bbox 3434 4951 3560 5018; x_wconf 86' lang='grc' dir='ltr'>γοῦν</span> <span class='ocrx_word' id='word_1_869' title='bbox 3586 4953 3680 5004; x_wconf 81' lang='grc' dir='ltr'>καὶ</span> 
     </span>
    </p>
   </div>
   <div class='ocr_carea' id='block_1_113' title="bbox 2106 5040 3675 5111">
    <p class='ocr_par' dir='ltr' id='par_1_113' title="bbox 2106 5040 3675 5111">
     <span class='ocr_line' id='line_1_113' title="bbox 2106 5040 3675 5111; baseline 0.001 -17"><span class='ocrx_word' id='word_1_870' title='bbox 2106 5042 2297 5104; x_wconf 88' lang='grc' dir='ltr'>πίθους</span> <span class='ocrx_word' id='word_1_871' title='bbox 2362 5040 2689 5111; x_wconf 76' lang='grc' dir='ltr'>ὁλοκλήρους</span> <span class='ocrx_word' id='word_1_872' title='bbox 2760 5042 3067 5102; x_wconf 83' lang='grc' dir='ltr'>ἐκένωσαν,</span> <span class='ocrx_word' id='word_1_873' title='bbox 3131 5043 3323 5111; x_wconf 84' lang='grc' dir='ltr'>πένητι</span> <span class='ocrx_word' id='word_1_874' title='bbox 3392 5045 3491 5111; x_wconf 86' lang='grc' dir='ltr'>μὲν</span> <span class='ocrx_word' id='word_1_875' title='bbox 3554 5045 3675 5096; x_wconf 73' lang='grc' dir='ltr'>οὖδέ</span> 
     </span>
    </p>
   </div>
   <div class='ocr_carea' id='block_1_114' title="bbox 2105 5132 3675 5206">
    <p class='ocr_par' dir='ltr' id='par_1_114' title="bbox 2105 5132 3675 5206">
     <span class='ocr_line' id='line_1_114' title="bbox 2105 5132 3675 5206; baseline -0.001 -19"><span class='ocrx_word' id='word_1_876' title='bbox 2105 5134 2307 5187; x_wconf 89' lang='grc' dir='ltr'>κύαθον</span> <span class='ocrx_word' id='word_1_877' title='bbox 2339 5133 2541 5195; x_wconf 85' lang='grc' dir='ltr'>δόντες,</span> <span class='ocrx_word' id='word_1_878' title='bbox 2566 5132 2688 5185; x_wconf 85' lang='grc' dir='ltr'>ούδέ</span> <span class='ocrx_word' id='word_1_879' title='bbox 2714 5133 2972 5203; x_wconf 86' lang='grc' dir='ltr'>ἀργυρίου</span> <span class='ocrx_word' id='word_1_880' title='bbox 3016 5135 3130 5195; x_wconf 86' lang='grc' dir='ltr'>τοῖς</span> <span class='ocrx_word' id='word_1_881' title='bbox 3171 5133 3465 5202; x_wconf 85' lang='grc' dir='ltr'>δεομένοις,</span> <span class='ocrx_word' id='word_1_882' title='bbox 3493 5133 3675 5206; x_wconf 80' lang='grc' dir='ltr'>ὀξίνην</span> 
     </span>
    </p>
   </div>
   <div class='ocr_carea' id='block_1_115' title="bbox 2104 5224 3674 5294">
    <p class='ocr_par' dir='ltr' id='par_1_115' title="bbox 2104 5224 3674 5294">
     <span class='ocr_line' id='line_1_115' title="bbox 2104 5224 3674 5294; baseline 0.004 -18"><span class='ocrx_word' id='word_1_883' title='bbox 2104 5226 2162 5277; x_wconf 83' lang='grc' dir='ltr'>δέ</span> <span class='ocrx_word' id='word_1_884' title='bbox 2198 5225 2479 5294; x_wconf 80' lang='grc' dir='ltr'>γινόμενον</span> <span class='ocrx_word' id='word_1_885' title='bbox 2518 5227 2595 5285; x_wconf 83' lang='grc' dir='ltr'>είς</span> <span class='ocrx_word' id='word_1_886' title='bbox 2618 5226 2716 5294; x_wconf 73' lang='grc' dir='ltr'>τὴν</span> <span class='ocrx_word' id='word_1_887' title='bbox 2744 5227 2847 5294; x_wconf 86' lang='grc' dir='ltr'>γῆν</span> <span class='ocrx_word' id='word_1_888' title='bbox 2878 5224 3135 5294; x_wconf 76' lang='grc' dir='ltr'>ῥίψαντες</span> <span class='ocrx_word' id='word_1_889' title='bbox 3164 5224 3397 5288; x_wconf 76' lang='grc' dir='ltr'>ἅπαντα,</span> <span class='ocrx_word' id='word_1_890' title='bbox 3429 5229 3523 5281; x_wconf 71' lang='grc' dir='ltr'>καὶ</span> <span class='ocrx_word' id='word_1_891' title='bbox 3549 5230 3674 5292; x_wconf 74' lang='grc' dir='ltr'>τοὺς</span> 
     </span>
    </p>
   </div>
   <div class='ocr_carea' id='block_1_116' title="bbox 2106 5313 3673 5390">
    <p class='ocr_par' dir='ltr' id='par_1_116' title="bbox 2106 5313 3673 5390">
     <span class='ocr_line' id='line_1_116' title="bbox 2106 5313 3673 5390; baseline 0.003 -23"><span class='ocrx_word' id='word_1_892' title='bbox 2106 5313 2296 5378; x_wconf 88' lang='grc' dir='ltr'>πίθους</span> <span class='ocrx_word' id='word_1_893' title='bbox 2319 5315 2499 5368; x_wconf 83' lang='grc' dir='ltr'>αὑτῶν</span> <span class='ocrx_word' id='word_1_894' title='bbox 2529 5314 3075 5385; x_wconf 80' lang='grc' dir='ltr'>προσδιαφθείραντες</span> <span class='ocrx_word' id='word_1_895' title='bbox 3109 5315 3186 5386; x_wconf 82' lang='grc' dir='ltr'>τῷ</span> <span class='ocrx_word' id='word_1_896' title='bbox 3215 5317 3429 5388; x_wconf 82' lang='grc' dir='ltr'>καρπῷ.</span> <span class='ocrx_word' id='word_1_897' title='bbox 3456 5320 3673 5390; x_wconf 81' lang='grc' dir='ltr'>Ἕτεροι</span> 
     </span>
    </p>
   </div>
   <div class='ocr_carea' id='block_1_117' title="bbox 2105 5405 3668 5478">
    <p class='ocr_par' dir='ltr' id='par_1_117' title="bbox 2105 5405 3668 5478">
     <span class='ocr_line' id='line_1_117' title="bbox 2105 5405 3668 5478; baseline 0.004 -24"><span class='ocrx_word' id='word_1_898' title='bbox 2105 5407 2158 5458; x_wconf 80' lang='grc' dir='ltr'>δὲ</span> <span class='ocrx_word' id='word_1_899' title='bbox 2200 5407 2361 5459; x_wconf 89' lang='grc' dir='ltr'>πάλιν</span> <span class='ocrx_word' id='word_1_900' title='bbox 2403 5406 2519 5459; x_wconf 77' lang='grc' dir='ltr'>οὐδὲ</span> <span class='ocrx_word' id='word_1_901' title='bbox 2562 5405 2738 5477; x_wconf 84' lang='grc' dir='ltr'>μάζης</span> <span class='ocrx_word' id='word_1_902' title='bbox 2778 5407 2905 5475; x_wconf 76' lang='grc' dir='ltr'>μιᾶς</span> <span class='ocrx_word' id='word_1_903' title='bbox 2933 5406 3013 5475; x_wconf 83' lang='grc' dir='ltr'>τῷ</span> <span class='ocrx_word' id='word_1_904' title='bbox 3039 5407 3289 5463; x_wconf 83' lang='grc' dir='ltr'>πεινῶντι</span> <span class='ocrx_word' id='word_1_905' title='bbox 3326 5409 3668 5478; x_wconf 85' lang='grc' dir='ltr'>μεταδόντες,</span> 
     </span>
    </p>
   </div>
   <div class='ocr_carea' id='block_1_118' title="bbox 2107 5500 3670 5572">
    <p class='ocr_par' dir='ltr' id='par_1_118' title="bbox 2107 5500 3670 5572">
     <span class='ocr_line' id='line_1_118' title="bbox 2107 5500 3670 5572; baseline 0.001 -21"><span class='ocrx_word' id='word_1_906' title='bbox 2107 5500 2373 5569; x_wconf 80' lang='grc' dir='ltr'>ὁλόκληρα</span> <span class='ocrx_word' id='word_1_907' title='bbox 2403 5500 2695 5569; x_wconf 84' lang='grc' dir='ltr'>σιτοδοχεῖα</span> <span class='ocrx_word' id='word_1_908' title='bbox 2729 5501 2808 5562; x_wconf 84' lang='grc' dir='ltr'>είς</span> <span class='ocrx_word' id='word_1_909' title='bbox 2842 5501 3085 5569; x_wconf 79' lang='grc' dir='ltr'>ποταμὸν</span> <span class='ocrx_word' id='word_1_910' title='bbox 3118 5501 3367 5572; x_wconf 65' lang='grc' dir='ltr'>ἔρριψαν·</span> <span class='ocrx_word' id='word_1_911' title='bbox 3403 5502 3497 5552; x_wconf 76' lang='grc' dir='ltr'>καὶ</span> <span class='ocrx_word' id='word_1_912' title='bbox 3522 5501 3670 5552; x_wconf 85' lang='grc' dir='ltr'>ἐπει-</span> 
     </span>
    </p>
   </div>
   <div class='ocr_carea' id='block_1_119' title="bbox 2105 5588 3670 5662">
    <p class='ocr_par' dir='ltr' id='par_1_119' title="bbox 2105 5588 3670 5662">
     <span class='ocr_line' id='line_1_119' title="bbox 2105 5588 3670 5662; baseline -0.001 -20"><span class='ocrx_word' id='word_1_913' title='bbox 2105 5592 2167 5662; x_wconf 84' lang='grc' dir='ltr'>δὴ</span> <span class='ocrx_word' id='word_1_914' title='bbox 2217 5589 2310 5642; x_wconf 90' lang='grc' dir='ltr'>τοῦ</span> <span class='ocrx_word' id='word_1_915' title='bbox 2359 5589 2492 5642; x_wconf 80' lang='grc' dir='ltr'>Θεοῦ</span> <span class='ocrx_word' id='word_1_916' title='bbox 2534 5591 2844 5653; x_wconf 85' lang='grc' dir='ltr'>κελεύοντος</span> <span class='ocrx_word' id='word_1_917' title='bbox 2879 5590 3075 5642; x_wconf 81' lang='grc' dir='ltr'>διδόναι</span> <span class='ocrx_word' id='word_1_918' title='bbox 3120 5593 3232 5651; x_wconf 86' lang='grc' dir='ltr'>τοῖς</span> <span class='ocrx_word' id='word_1_919' title='bbox 3268 5588 3540 5656; x_wconf 79' lang='grc' dir='ltr'>δεομένοις</span> <span class='ocrx_word' id='word_1_920' title='bbox 3571 5589 3670 5640; x_wconf 82' lang='grc' dir='ltr'>οὐκ</span> 
     </span>
    </p>
   </div>
   <div class='ocr_carea' id='block_1_120' title="bbox 2105 5677 3668 5751">
    <p class='ocr_par' dir='ltr' id='par_1_120' title="bbox 2105 5677 3668 5751">
     <span class='ocr_line' id='line_1_120' title="bbox 2105 5677 3668 5751; baseline -0.004 -17"><span class='ocrx_word' id='word_1_921' title='bbox 2105 5684 2364 5751; x_wconf 78' lang='grc' dir='ltr'>ἥκουσαν,</span> <span class='ocrx_word' id='word_1_922' title='bbox 2409 5680 2502 5734; x_wconf 86' lang='grc' dir='ltr'>τοῦ</span> <span class='ocrx_word' id='word_1_923' title='bbox 2556 5684 2712 5751; x_wconf 73' lang='grc' dir='ltr'>σητδς</span> <span class='ocrx_word' id='word_1_924' title='bbox 2765 5682 3142 5741; x_wconf 82' lang='grc' dir='ltr'>ἐπιτάττοντος</span> <span class='ocrx_word' id='word_1_925' title='bbox 3193 5678 3285 5730; x_wconf 70' lang='grc' dir='ltr'>καὶ</span> <span class='ocrx_word' id='word_1_926' title='bbox 3334 5678 3555 5737; x_wconf 65' lang='grc' dir='ltr'>ἄκοντες</span> <span class='ocrx_word' id='word_1_927' title='bbox 3609 5677 3668 5729; x_wconf 84' lang='grc' dir='ltr'>τὸ</span> 
     </span>
    </p>
   </div>
   <div class='ocr_carea' id='block_1_121' title="bbox 2105 5767 3669 5847">
    <p class='ocr_par' dir='ltr' id='par_1_121' title="bbox 2105 5767 3669 5847">
     <span class='ocr_line' id='line_1_121' title="bbox 2105 5767 3669 5847; baseline -0.01 -16"><span class='ocrx_word' id='word_1_928' title='bbox 2105 5778 2250 5831; x_wconf 77' lang='grc' dir='ltr'>ἔνδον</span> <span class='ocrx_word' id='word_1_929' title='bbox 2298 5777 2441 5835; x_wconf 73' lang='grc' dir='ltr'>ἅπαν</span> <span class='ocrx_word' id='word_1_930' title='bbox 2490 5778 2815 5847; x_wconf 67' lang='grc' dir='ltr'>ἐξήντλησαν</span> <span class='ocrx_word' id='word_1_931' title='bbox 2867 5778 2943 5837; x_wconf 83' lang='grc' dir='ltr'>εἰς</span> <span class='ocrx_word' id='word_1_932' title='bbox 2999 5774 3274 5828; x_wconf 85' lang='grc' dir='ltr'>ἀπώλειαν</span> <span class='ocrx_word' id='word_1_933' title='bbox 3326 5769 3417 5821; x_wconf 72' lang='grc' dir='ltr'>καὶ</span> <span class='ocrx_word' id='word_1_934' title='bbox 3465 5767 3669 5835; x_wconf 58' lang='grc' dir='ltr'>φθοράν</span> 
     </span>
    </p>
   </div>
  </div>
