4018 6156
370 293 480 349 545

371 404 626 474 ἐσχάτην,
665 404 828 456 πολὺν
865 404 962 474 μὲν
988 403 1077 457 τὸν
1105 405 1338 472 γέλωτα,
1367 406 1565 471 πολλὰς
1589 407 1644 460 δέ
1672 409 1768 472 τὰς
1798 407 1935 476 ἀρὰς

370 496 511 548 κατὰ
539 496 635 564 τῆς
665 495 869 548 ἑαυτῶν
900 493 1136 564 κεφαλῆς
1166 496 1303 565 μετά
1338 497 1435 566 τῆς
1467 496 1666 568 ζημίας
1699 500 1934 551 ἐπισπα-

371 587 596 657 σάμενοι
625 585 846 653 ταύτης.
879 585 988 636 Καὶ
1012 585 1078 638 τὰ
1107 586 1204 655 μὲν
1227 585 1481 652 ἐνταῦθα,
1511 587 1754 641 τοιαῦτα⁶
1791 589 1860 642 τά
1883 588 1938 640 δὲ

367 677 490 729 ἐκεῖ
530 677 612 740 τίς
656 676 998 745 παραστήσει
1054 676 1244 744 λόγος;
1280 679 1488 751 Ὥσπερ
1521 679 1629 749 γὰρ
1667 674 1811 734 οὗτοι
1847 680 1937 732 τὸν

370 766 710 837 σητόϐρωτον
741 764 973 820 ἐνταῦθα
1017 768 1161 819 σῖτον
1209 767 1479 838 ἄχρηστον
1523 770 1812 838 γενόμενον
1858 773 1937 834 εἰς

325 835 334 877 ἶ
369 857 644 927 ποταμοὺς
669 856 973 928 ῥίπτουσιν,
1004 856 1146 910 οὕτω
1180 861 1305 921 τοὺς
1333 859 1503 914 ταῦτα
1534 861 1937 931 ἐργασαμένους

367 945 438 1000 δι’
457 946 588 1000 αὐτὸ
612 946 768 1000 τοῦτο
796 948 1104 1018 ἀχρήστους
1132 949 1452 1018 γενομένους
1485 953 1566 1014 είς
1601 952 1691 1004 τὸν
1718 953 1810 1005 τοῦ
1838 970 1938 1006 πυ-

372 1039 463 1108 ρὸς
486 1037 664 1108 ῥίπτει
695 1039 937 1108 ποταμὸν
969 1040 996 1091 6
1016 1038 1166 1101 Θεὸς.
1197 1040 1462 1113 Καθάπερ
1491 1043 1599 1113 γάρ
1626 1042 1716 1096 τὸν
1745 1046 1886 1096 σῖτον
1909 1046 1938 1096 6

369 1125 468 1195 σὴς
493 1127 586 1182 καὶ
614 1129 641 1179 6
671 1125 905 1196 σκώληξ,
935 1126 1076 1181 οὕτω
1109 1129 1206 1192 τὰς
1227 1129 1431 1184 τούτων
1463 1132 1641 1202 ψυχὰς
1664 1135 1696 1203 ἡ
1720 1133 1939 1204 ὠμότης

369 1215 462 1267 καὶ
494 1217 527 1285 ἡ
551 1215 914 1288 άπανθρωπία
950 1216 1192 1284 διέφαγε.
1217 1218 1432 1272 Τούτων
1459 1220 1514 1272 δὲ
1544 1220 1716 1273 αίτιον
1749 1221 1810 1273 τὸ
1828 1224 1938 1284 τοῖς

368 1304 605 1374 παροῦσι
649 1305 1048 1376 προσηλῶσθαι,
1085 1308 1177 1362 καὶ
1228 1309 1364 1378 πρὸς
1413 1312 1511 1384 τὴν
1549 1311 1692 1382 ζωὴν
1736 1311 1936 1382 ταύτην

369 1394 658 1464 κεχηνέναι
693 1397 880 1466 μόνον·
927 1396 1048 1452 ὅθεν
1091 1399 1183 1452 καὶ
1227 1402 1428 1472 μυρίας
1481 1405 1720 1475 ἀθυμίας
1753 1409 1937 1476 μεστοὶ

366 1485 607 1552 γίνονται
657 1487 707 1538 οἱ
770 1488 1020 1558 τοιοῦτοι.
1088 1491 1205 1545 Κᾶν
1257 1493 1365 1564 γάρ
1407 1495 1583 1550 ὁτιοῦν
1622 1499 1780 1568 εἴπης
1812 1499 1931 1568 ἡδὺ,

369 1577 547 1628 πάντα
585 1577 765 1640 ίκανός
807 1580 954 1635 ἐστιν
986 1583 1244 1649 ἀφανίσαι
1269 1584 1369 1653 τῆς
1395 1586 1648 1656 τελευτῆς
1693 1591 1721 1640 6
1750 1589 1932 1657 φόϐος,

366 1667 460 1720 καὶ
498 1667 760 1739 τέθνηκεν
803 1672 831 1723 6
869 1673 1108 1739 τοιοῦτος
1145 1675 1225 1728 ἔτι
1262 1675 1390 1739 ζῶν.
1428 1677 1538 1730 Καὶ
1580 1677 1640 1731 τὸ
1677 1679 1776 1748 μὲν
1809 1681 1936 1743 τοὺς

366 1757 631 1822 ἀπίστους
659 1760 828 1816 ταῦτα
860 1764 1110 1835 πάσχειν,
1147 1766 1458 1836 θαυμαστὸν
1501 1769 1675 1824 οὐδέν’
1723 1772 1936 1826 δτανδὲ

361 1850 414 1901 οἱ
453 1851 721 1907 τοσούτων
753 1857 1069 1926 μυστηρίων
1102 1859 1554 1926 ἀπολελαυκότες,
1583 1861 1677 1914 καὶ
1701 1857 1937 1918 τοσαῦτα

364 1947 496 2013 περὶ
526 1945 634 1998 τῶν
671 1946 970 2016 μελλόντων
1007 1948 1490 2022 φιλοσοφήσαντες,
1523 1955 1641 2017 τοῖς
1672 1954 1937 2025 παροῦσιν

362 2031 802 2104 ἐμφιλοχωρῶσι,
825 2037 967 2098 τίνος
987 2035 1052 2090 ἂν
1081 2033 1192 2091 εἷεν
1216 2039 1355 2104 ἄξιοι
1381 2039 1735 2110 συγγνώμης;
1768 2042 1936 2098 Πόθεν

359 2117 460 2175 οὖν
480 2122 688 2189 γίνεται
717 2124 778 2176 τὸ
800 2127 914 2188 τοῖς
935 2127 1201 2195 παροῦσιν
1226 2128 1652 2200 ἐμφιλοχωρεῖνς
1686 2131 1819 2184 Ἀπὸ
1842 2132 1935 2186 τοῦ

361 2218 541 2286 τρυφῇ
569 2215 880 2286 προσέχειν,
915 2217 1009 2270 καὶ
1035 2219 1302 2272 λιπαίνειν
1332 2219 1428 2290 τὴν
1457 2220 1656 2292 σάρκα,
1687 2221 1780 2275 καὶ
1805 2223 1936 2293 θρύ-

365 2323 521 2358 πτειν
567 2307 665 2377 τὴν
693 2308 891 2378 ψυχὴν,
927 2308 1020 2362 καὶ
1064 2307 1204 2379 βαρύ
1248 2308 1308 2362 τὸ
1342 2310 1561 2380 φορτίον
1611 2310 1937 2379 ἐργάζεσθαι

364 2397 460 2450 καὶ
503 2396 637 2450 πολύ
667 2397 728 2450 τὸ
763 2398 954 2461 σκότος
992 2397 1087 2451 καὶ
1113 2399 1258 2466 παχὺ
1286 2399 1346 2451 τὸ
1377 2401 1803 2472 παραπέτασμα.
1850 2403 1938 2454 Ἐν

365 2488 476 2557 γὰρ
533 2489 598 2557 τῇ
646 2490 824 2558 τρυφῇ
863 2488 923 2542 τὸ
967 2488 1065 2557 μὲν
1117 2491 1364 2558 κρεῖττον
1419 2489 1718 2557 δουλοῦται,
1769 2493 1831 2544 τὸ
1879 2492 1937 2544 δὲ

365 2581 548 2649 χεῖρον
599 2583 810 2651 κρατεῖ·
872 2582 964 2634 καὶ
1027 2583 1088 2636 τὸ
1157 2584 1254 2653 μὲν
1316 2583 1614 2651 τυφλοῦται
1678 2586 1939 2641 πάντοθεν

367 2667 464 2720 καὶ
525 2664 750 2738 σύρεται
801 2670 1221 2742 πεπηρωμένον,
1274 2671 1334 2724 τὸ
1381 2672 1438 2725 δὲ
1485 2672 1606 2740 ἀγει
1647 2674 1741 2727 καὶ
1784 2691 1940 2746 περι-

370 2759 493 2825 ἀγει
537 2759 836 2830 πανταχοῦ,
882 2762 940 2814 ὲν
974 2761 1122 2833 [376]
1159 2765 1224 2833 τῇ
1259 2763 1368 2816 τῶν
1409 2763 1692 2834 ἀγομένων
1728 2765 1938 2837 ὀφεῖλον

365 2849 584 2904 κεῖσθαι
616 2848 788 2913 τάξει.
829 2852 934 2907 Καὶ
962 2851 1071 2922 γὰρ
1100 2852 1268 2916 πολὺς
1312 2855 1340 2907 6
1379 2853 1672 2925 σύνδεσμος
1700 2857 1799 2928 τῆς
1835 2857 1940 2927 ψυ-

367 2939 471 3008 χῆς
507 2938 642 3010 πρὸς
671 2939 734 2992 τὸ
761 2939 941 3010 σῶμα,
961 2939 1120 2994 τοῦτο
1141 2941 1236 2994 τοῦ
1259 2943 1606 3014 Δημιουργοῦ
1633 2962 1943 3016 μηχανησα.

374 3027 560 3097 μένου,
592 3028 678 3080 ἵνα
698 3028 774 3099 μὴ
787 3029 862 3091 ὼς
880 3029 1158 3101 ἀλλότριον
1178 3031 1310 3083 αὐτὸ
1332 3048 1398 3084 πε
1409 3031 1562 3085 ίθωσί
1577 3049 1724 3098 τινες
1739 3038 1936 3103 μισεῖν.

441 3117 508 3171 θ’.
535 3119 594 3171 'O
613 3117 712 3188 μὲν
733 3118 839 3189 γὰρ
855 3119 985 3182 Θεὸς
1018 3119 1143 3182 τοὺς
1169 3119 1396 3191 ἐχθροὺς
1421 3121 1672 3176 ἐκέλευσε
1698 3124 1890 3192 φιλεῖψ
1910 3127 1940 3178 6

358 3207 428 3262 εδὲ
450 3207 694 3271 διάϐολος
719 3208 968 3261 τοσοῦτον
993 3209 1228 3279 ἴσχυσεν,
1257 3211 1330 3273 ὡς
1359 3212 1454 3266 καὶ
1475 3213 1536 3265 τὸ
1560 3213 1756 3266 οίκείον
1780 3213 1939 3284 σῶμα

367 3296 555 3349 πεῖσαί
581 3313 734 3360 τινας
766 3300 963 3366 μισεῖν.
1000 3298 1169 3351 Ὅταν
1196 3298 1305 3369 γὰρ
1333 3300 1484 3372 εἴπῃ,
1523 3302 1605 3355 ὅτι
1637 3302 1729 3357 τοῦ
1759 3302 1941 3356 διαϐό-

367 3387 461 3439 λου
491 3386 661 3452 ἐστὶν,
703 3387 855 3440 οὐδὲν
887 3388 1014 3442 ἄλλο
1042 3391 1462 3455 κατασκευάζει,
1516 3392 1547 3462 ἢ
1587 3393 1774 3447 τοῦτο·
1802 3394 1937 3466 ὅπερ

367 3478 604 3548 ἐσχάτης
651 3478 920 3550 ληρωδίας
963 3481 1130 3534 ἐστίν.
1160 3483 1224 3534 EE
1257 3482 1366 3554 γάρ
1397 3482 1491 3536 τοῦ
1524 3483 1770 3538 διαϐόλου
1797 3487 1936 3551 ἐστὶ,

365 3569 451 3631 τίς
489 3571 522 3640 ἡ
550 3570 784 3640 τοσαύτη
812 3572 1118 3641 συμφωνία,
1147 3574 1222 3637 ὡς
1252 3575 1555 3646 ἐπιτήδειον
1580 3577 1712 3634 αὐτὸ
1740 3578 1939 3634 πάντο-

368 3659 461 3712 θεν
490 3662 568 3723 εἰς
605 3661 704 3725 τὰς
742 3663 841 3731 τῆς
885 3665 1174 3732 φιλοσόφου
1220 3665 1397 3736 ψυχῆς
1445 3669 1723 3738 ἐνεργείας
1772 3687 1940 3724 κατα-

370 3752 672 3814 σκευάσαι;
717 3753 826 3821 καὶ
864 3756 910 3805 εί
938 3754 1258 3824 ἐπιτήδειον,
1293 3759 1443 3827 φησὶ,
1474 3757 1593 3822 πῶς
1637 3759 1807 3830 αὐτὴν
1848 3777 1940 3813 τυο

367 3841 526 3908 φλοῖ;
580 3839 715 3909 Οὐχὶ
747 3841 808 3893 τὸ
857 3841 1016 3911 σῶμά
1052 3844 1168 3895 ἐστι
1217 3844 1276 3898 τὸ
1313 3846 1544 3914 τυφλοῦν
1594 3847 1692 3918 τὴν
1738 3848 1938 3919 ψυχὴν,

369 3931 568 3998 ἄπαγε,
594 3930 865 4004 ἄνθρωπε,
894 3932 1005 3986 ἀλλ’
1038 3934 1072 4001 ή
1098 3939 1296 4004 τρυφή.
1323 3936 1433 4006 Τῆς
1458 3937 1515 3988 δὲ
1542 3939 1752 4008 τρυφῆς
1779 3939 1942 3994 πόθεν

369 4021 672 4092 ἐφιέμεθα;
709 4022 782 4075 Οὐ
814 4023 972 4095 ’παρά
1002 4023 1064 4076 τὸ
1109 4024 1266 4095 σῶμα
1297 4026 1461 4096 ἔχειν,
1501 4029 1772 4099 οὐδαμῶς.
1805 4031 1942 4086 ἀλλά

367 4115 523 4186 παρά
559 4113 876 4186 προαίρεσιν
927 4116 1188 4188 πονηράν.
1242 4115 1315 4169 Τὸ
1371 4116 1478 4188 γάρ
1531 4117 1690 4189 σῶμα
1737 4121 1942 4191 τροφῆς

369 4209 560 4276 δεῖται,
596 4208 658 4260 οὐ
699 4207 911 4280 τρυφῆς
932 4247 947 4268 ,
981 4208 1042 4261 τὸ
1071 4207 1233 4277 σῶμα
1261 4207 1353 4260 τοῦ
1395 4209 1690 4278 τρέφεσθαι
1730 4210 1938 4282 χρῄζει,

369 4301 489 4370 οὐχὶ
512 4298 607 4355 τοῦ
637 4299 1025 4355 διακόπτεσθαι
1051 4299 1144 4352 καὶ
1183 4299 1446 4372 διαρρεῖν.
1481 4301 1615 4354 Οὐδὲ
1657 4302 1764 4374 γὰρ
1795 4304 1939 4378 ψυχῇ

373 4389 554 4458 μόνον,
598 4389 736 4444 ἀλλὰ
784 4389 880 4446 καὶ
932 4390 1079 4459 αὐτῷ
1131 4388 1209 4460 τῷ
1253 4390 1464 4461 σώματι
1500 4392 1578 4464 τῷ
1624 4398 1943 4469 τρεφομένῳ

370 4475 632 4546 πολέμιον
661 4478 695 4547 ἡ
723 4477 922 4548 τρυφή.
966 4479 1073 4530 Καὶ
1097 4479 1205 4550 γάρ
1234 4479 1622 4553 ἀσθενέστερον
1648 4484 1768 4538 ἀντὶ
1796 4487 1944 4556 ίσχυ-

373 4565 470 4636 ροῦ
509 4566 740 4634 γίνεται,
791 4568 886 4619 καὶ
938 4565 1323 4638 μαλακώτερον
1371 4570 1490 4623 ἀντὶ
1543 4573 1793 4642 στερῤοῦ,
1849 4576 1943 4629 καὶ

371 4659 623 4710 ἐπίνοσον
654 4658 774 4710 ἀντὶ
802 4656 1060 4724 ὐγιεινοῦ,
1089 4659 1185 4710 καὶ
1223 4657 1519 4730 βαρύτερον
1551 4663 1672 4716 ἀντὶ
1716 4665 1940 4735 κούφου,

375 4747 470 4800 καὶ
485 4748 802 4818 ἀραιότερον
823 4747 943 4801 ἀντὶ
964 4748 1191 4812 πυκνοῦ,
1221 4751 1314 4803 καὶ
1335 4751 1556 4821 αἰσχρὸν
1578 4753 1697 4806 ἀντὶ
1718 4754 1940 4825 ὡραίου,

377 4839 470 4891 καὶ
498 4837 893 4910 δυσωδέστερον
925 4839 1046 4892 ἀντὶ
1079 4840 1332 4905 εὐώδους,
1363 4841 1457 4894 καὶ
1493 4842 1797 4915 ἀκάθαρτον
1826 4849 1946 4902 ἀντὶ

377 4928 644 5000 καθαροῦ,
675 4930 768 4982 καὶ
795 4929 1126 5000 περιώδυνον
1159 4932 1279 4984 ἀντὶ
1307 4932 1612 5002 ἀνειμένου,
1649 4937 1744 4989 καὶ
1771 4936 1944 5008 ἄχρη-

380 5036 504 5074 στον
555 5020 676 5074 ἀντὶ
728 5021 1019 5092 χρησίμου,
1073 5022 1167 5075 καὶ
1215 5024 1443 5078 παλαιὸν
1496 5026 1615 5079 ἀντὶ
1653 5028 1794 5095 νέου,
1852 5030 1945 5084 καὶ

383 5111 581 5182 σαθρὸν
631 5113 750 5166 ἀντὶ
793 5113 1034 5184 ἰσχυροῦ,
1085 5117 1179 5170 καὶ
1233 5115 1397 5187 βραδὺ
1434 5121 1526 5172 καὶ
1577 5120 1779 5190 νωθρὸν
1825 5121 1946 5174 ἀντὶ

383 5203 592 5273 ταχέος,
625 5205 718 5257 καὶ
744 5207 912 5276 χωλὸν
943 5208 1064 5261 ἀντὶ
1095 5207 1304 5277 ἀρτίου.
1337 5210 1530 5263 Καίτοι
1561 5212 1608 5264 εί
1639 5212 1731 5266 τοῦ
1766 5214 1947 5268 διαϐό-

379 5291 474 5347 λου
512 5289 601 5364 ῆν,
648 5296 746 5347 οὐκ
773 5299 936 5367 ἐχρῆν
965 5300 1069 5352 ὑπὸ
1104 5301 1213 5353 τῶν
1238 5301 1401 5354 αὐτοῦ
1438 5303 1945 5373 παραϐλάπτεσθαι,

378 5383 478 5456 τῆς
504 5386 700 5450 κακίας
725 5387 886 5456 λέγω.
929 5390 1067 5443 Ἀλλ’
1093 5391 1214 5444 οὐτε
1241 5393 1301 5447 τὸ
1328 5392 1509 5463 σῶμα,
1533 5393 1654 5447 οὐτε
1682 5397 1750 5450 τά
1780 5400 1946 5466 σιτία,

1088 290 1145 344 S.
1191 289 1476 346 JOANNIS
1515 287 2009 346 CIIRYSOSTOM'I
2049 289 2369 347 ARCIIIEP.
2408 293 2964 351 CONSTANTINOP.

3493 299 3605 354 316

2038 406 2163 476 γάρ,
2223 407 2374 478 φησὶ,
2409 407 2504 462 καί
2561 409 2888 478 ἐπαχύνθη,
2943 411 3039 464 καὶ
3082 411 3444 478 ἐπλατύνθη,
3507 414 3605 465 καί

2037 497 2442 552 ἁπελάκτισεν
2488 502 2520 554 ὁ
2553 501 2952 568 ἠγαπημένος.
2992 503 3100 556 Kal
3131 503 3380 572 Σοδόμοις
3412 502 3467 556 δὲ
3518 505 3604 556 ἐν·-

2036 587 2226 643 τεῦθεν
2256 591 2288 660 ή
2325 591 2465 661 ἀρχὴ
2507 591 2614 644 τῶν
2657 593 2936 662 κεραυνῶν
2979 594 3200 646 ἐκείνων
3231 595 3466 662 ἐγένετο.
3497 595 3607 646 Καὶ

2035 680 2193 734 τοῦτο
2238 681 2413 751 δηλῶν
2467 684 2496 736 ὁ
2555 683 2812 754 Ἰεζεκιὴλ
2859 683 3047 752 ἔλεγε·
3097 684 3271 752 Πλὴν
3328 686 3503 739 τοῦτο
3539 687 3606 738 τὸ

2036 772 2311 840 ἀνόμημα
2347 773 2654 841 Σοδόμων,
2685 773 2754 828 ὲν
2793 777 3170 843 ὑπερηφανίᾳ
3204 777 3302 828 καί
3341 777 3410 828 ἑν
3455 780 3610 842 πλη-

2035 862 2235 930 σμονῇ
2264 862 2457 930 ἄρτων
2488 864 2584 918 καὶ
2619 864 2688 918 ἐν
2711 865 3014 931 εὐθηνίαις
3038 865 3416 919 ἐσπατάλων.

2105 953 2204 1006 Διά
2228 953 2385 1008 τοῦτο
2409 955 2501 1009 καὶ
2529 958 2557 1010 ὁ
2575 955 2783 1018 Παῦλος
2805 955 3006 1026 ἔλεγεν
3039 957 3108 1010 Ἠ
3123 957 3180 1009 δὲ
3210 956 3605 1021 σπαταλῶσα,

2037 1039 2199 1106 ζῶσα
2233 1042 2506 1111 τέθνηκε.
2539 1044 2604 1096 Τί
2661 1045 2890 1115 δήποτες
2932 1047 3052 1100 Ὅτι
3105 1044 3293 1117 ὥσπερ
3327 1046 3492 1114 τάφον
3545 1048 3609 1100 τὸ

2037 1133 2197 1203 σῶμα
2233 1135 2518 1208 περιφέρει
2550 1134 2764 1207 μυρίοις
2811 1137 3189 1207 συνδεδεμένον
3219 1140 3432 1199 κακοῖς.
3464 1139 3526 1193 El
3551 1138 3607 1192 δὲ

2034 1219 2095 1272 τὸ
2128 1221 2285 1292 σῶμα
2317 1222 2488 1286 οὕτως
2516 1224 2831 1287 ἀπόλλυται,
2865 1225 2982 1288 πῶς
3018 1227 3051 1296 ἡ
3081 1225 3225 1296 ψυχὴ
3251 1225 3604 1291 διακείσεται,

2036 1311 2203 1364 πόσου
2234 1313 2481 1384 θορύϐου,
2519 1314 2698 1368 πόσων
2743 1315 3018 1384 κυμάτων,
3054 1317 3227 1385 πόσης
3269 1315 3436 1388 ζάλης
3473 1319 3608 1373 ἀνά-

2036 1400 2214 1463 πλεως
2261 1401 2444 1466 έσταις
2488 1404 2586 1456 Διά
2613 1421 2695 1455 τοι
2738 1404 2894 1456 τοῦτο
2939 1404 3077 1474 πρὸς
3120 1407 3297 1458 πάντα
3335 1405 3607 1477 ἄχρηστος

2035 1490 2243 1559 γίνεται
2286 1493 2378 1546 καὶ
2411 1493 2534 1546 οὐτε
2561 1495 2755 1555 είπείν,
2794 1494 2916 1546 οὐτε
2947 1495 3200 1560 ἀκοῦσαι,
3231 1496 3355 1548 οὔτε
3389 1497 3610 1566 βουλεύο

2037 1581 2253 1647 σασθαι,
2300 1581 2424 1636 οὐτε
2470 1600 2524 1635 τι
2575 1582 2779 1653 πρᾶξαι
2807 1583 2916 1636 τῶν
2957 1584 3182 1637 δεόντων
3213 1585 3413 1656 ῥᾳδίως
3442 1587 3607 1657 δυνή-

2037 1688 2218 1731 σεται·
2277 1673 2392 1726 ἀλλ’
2442 1673 2630 1745 ὥσπερ
2676 1674 3032 1745 κυϐερνήτης,
3090 1675 3360 1745 χειμῶνος
3395 1680 3606 1747 κρατή-

2038 1779 2228 1824 σαντος
2279 1763 2377 1832 τῆς
2423 1764 2637 1834 τέχνης,
2699 1763 2848 1833 αὐτῷ
2874 1763 2954 1834 τῷ
2988 1763 3156 1834 πλοίῳ
3198 1765 3292 1818 καὶ
3332 1768 3445 1828 τοῖς
3483 1768 3607 1818 ἐπι-

2033 1850 2228 1914 ϐάταις
2274 1851 2604 1924 ὑποϐρύχιος
2645 1854 2889 1921 γίνεταιο
2928 1853 3070 1906 οῦτω
3100 1854 3194 1908 καὶ
3221 1857 3254 1924 ἡ
3285 1854 3432 1926 ψυχὴ
3467 1857 3609 1926 μετά

2037 1941 2133 1994 τοῦ
2186 1941 2438 2013 σώματος
2477 1946 2557 2007 είς
2591 1945 2692 2017 τὴν
2723 1943 2963 2016 χαλεπὴν
2991 1945 3090 2015 τῆς
3117 1946 3473 2015 ἀναισθησίας
3504 1965 3608 2002 κα-

2034 2033 2417 2098 ταποντίζεται
2447 2035 2702 2090 ἄϐυσσον.
2740 2037 2850 2089 Καὶ
2877 2036 2985 2104 γὰρ
3014 2035 3266 2106 καθάπερ
3292 2035 3465 2106 μύλην
3487 2037 3609 2091 τινὰ

2034 2124 2134 2194 τὴν
2164 2125 2406 2196 γαστέρα
2435 2127 2568 2196 ἡμῖν
2591 2126 2845 2197 ἐνέθηκεν
2869 2128 2898 2178 6
2937 2127 3091 2192 Θεὸς,
3126 2126 3441 2200 σύμμετρον
3467 2130 3605 2198 αὐτῇ

2035 2214 2261 2285 δύναμιν
2297 2215 2439 2281 δοὺς,
2488 2217 2582 2270 καὶ
2609 2217 2776 2283 τάξας
2808 2215 3003 2286 μέτρον
3037 2216 3219 2288 ῥητὸν,
3268 2218 3404 2287 ὅπερ
3441 2217 3608 2288 αὐτὴν

2038 2305 2186 2359 ἀλεῖν
2224 2307 2307 2359 δεῖ
2337 2307 2456 2360 καθ’
2487 2308 2726 2377 ἑκάστην
2747 2306 2980 2375 ἡμέραν.
3014 2308 3110 2359 Ἂν
3141 2301 3233 2360 οὖν
3260 2323 3345 2368 τις
3373 2306 3609 2380 ἐπιϐάλῃ

2037 2397 2282 2462 πλείονα,
2311 2397 2692 2470 άκατέργαστα
2731 2396 2880 2468 [577]
2911 2397 3175 2466 γενόμενα
3220 2399 3298 2467 τῷ
3328 2399 3492 2450 παντὶ
3519 2398 3608 2449 λυ-

2040 2489 2313 2559 μαίνεται.
2369 2488 2645 2542 Ἐντεῦθεν
2700 2489 2845 2541 νόσοι
2877 2488 2971 2540 καὶ
3009 2486 3288 2540 ἀσθένειαι
3320 2488 3414 2541 καὶ
3439 2489 3609 2558 ἀμορ-

2037 2573 2154 2642 φίαι
2175 2590 2188 2602 ³
2215 2574 2308 2628 καλ⁵
2339 2574 2446 2644 γὰρ
2472 2574 2572 2626 οὐκ
2588 2573 2836 2625 ἐπίνοσον
2867 2572 3046 2642 μόνον,
3079 2571 3215 2626 ἀλλά
3245 2575 3339 2626 καὶ
3371 2575 3608 2644 αἰσχρὰν

2037 2666 2185 2716 ποιεῖ
2234 2665 2267 2734 ή
2319 2664 2498 2734 τρυφὴ
2541 2662 2638 2733 τὴν
2681 2663 2875 2734 καλήν.
2931 2663 3102 2715 Ὅταν
3151 2661 3260 2733 γὰρ
3317 2662 3610 2734 ἐρεύγηται

2039 2754 2278 2822 συνεχῶς
2310 2753 2470 2823 ἀηδῆ,
2507 2754 2601 2805 καὶ
2633 2753 2933 2824 σεσηπότος
2966 2753 3109 2807 οἴνου
3134 2755 3290 2826 πνέῃ,
3322 2759 3417 2808 καὶ
3449 2755 3609 2808 πλέον

2036 2840 2130 2894 τοῦ
2153 2841 2362 2904 δέοντος
2393 2842 2762 2912 ἐρυθαίνηται,
2793 2843 2994 2896 καὶτὸν
3022 2844 3367 2914 προσήκοντα
3392 2847 3609 2914 γυναικὶ

2041 2932 2245 3004 ῥυθμὸν
2273 2933 2578 3005 διαφθείρῃ,
2620 2935 2714 2987 καὶ
2758 2933 2855 3005 τὴν
2897 2935 3194 3005 εὐκοσμίαν
3239 2936 3480 3010 ἀπολέσῃ
3507 2939 3609 2992 πᾶ·

2040 3039 2159 3087 σαν,
2207 3024 2300 3075 καὶ
2344 3023 2593 3096 πλαδαρὰ
2629 3023 2727 3093 μὲν
2769 3023 2970 3096 ήσάρξ
3012 3026 3249 3097 γίνηται,
3283 3026 3513 3098 ὕφαιμοι
3552 3029 3610 3082 δὲ

2039 3113 2132 3166 καὶ
2169 3114 2552 3184 διατεταμέναι
2599 3117 2654 3166 αί
2695 3115 3032 3186 βλεφαρίδες,
3083 3117 3178 3170 καὶ
3226 3119 3403 3189 πάχος
3451 3119 3610 3173 πλέον

2038 3203 2131 3258 τοῦ
2193 3204 2426 3269 δέοντος,
2483 3205 2579 3257 καὶ
2636 3205 2975 3274 πολυσαρκία
3031 3210 3292 3280 περιττήο
3358 3210 3605 3280 ἐννόησον

2040 3296 2178 3366 πόση
2216 3295 2424 3364 γίνεται
2465 3295 2712 3349 ἐντεῦθεν
2757 3297 2939 3367 ἀηδία.
2998 3297 3139 3364 Ἐγὼ
3169 3298 3226 3350 δὲ
3273 3298 3368 3352 καὶ
3415 3297 3606 3368 ίατρῶν

2038 3389 2246 3457 ῆκουσα
2271 3388 2556 3457 λεγόντων,
2586 3388 2668 3441 ὅτι
2697 3388 2924 3450 πολλοὺς
2947 3388 3040 3440 καὶ
3065 3388 3199 3458 πρὸς
3223 3388 3354 3458 ὕψος
3382 3389 3610 3458 ἀναδρα-

2043 3480 2161 3548 μεῖν
2193 3480 2225 3549 ἡ
2254 3476 2436 3550 τρυφὴ
2478 3477 2714 3548 μάλιστα
2741 3476 3000 3530 ἐκώλυσε.
3037 3477 3143 3529 Τοῦ
3173 3477 3279 3544 γάρ
3305 3477 3612 3548 πνεύματος

2039 3569 2440 3638 ἐγκοπτομένου
2487 3567 2564 3637 τῷ
2611 3566 2805 3637 πλήθει
2843 3565 2948 3618 τῶν
2996 3567 3483 3637 καταϐαλλομένων
3521 3570 3613 3620 καὶ

2040 3660 2168 3730 περὶ
2202 3659 2300 3730 τὴν
2341 3659 2545 3714 τούτων
2583 3658 2846 3730 ἐργασίαν
2895 3659 3320 3729 ἀσχολουμένου,
3364 3661 3501 3731 ὅπερ
3531 3662 3610 3722 είς

2041 3747 2268 3820 αὔξησιν
2314 3749 2422 3802 ἔδει
2469 3751 2794 3820 προχωρεῖν,
2842 3748 3001 3802 τοῦτο
3035 3749 3338 3804 δαπανᾶται
3387 3752 3468 3813 είς
3510 3749 3604 3818 τήν

2039 3839 2148 3892 τῶν
2198 3839 2466 3910 περιττῶν
2514 3839 2793 3910 ἐργασίαν.
2827 3839 2892 3891 Τί
2924 3839 2988 3893 ἀν
3011 3857 3095 3903 τις
3133 3840 3275 3894 εἴποι
3302 3841 3397 3903 τάς
3414 3840 3602 3892 ποδαλ-

2040 3928 2186 3997 γίας,
2224 3931 2285 3983 τὺ
2318 3933 2494 4001 ῥεῦμα
2528 3932 2589 3986 τὸ
2614 3929 2890 4000 πανταχοῦ
2919 3930 3287 4001 πλανώμενον,
3315 3932 3410 3990 τὰς
3441 3931 3604 3994 ἀλλας

2041 4021 2229 4084 νόσους
2265 4023 2360 4083 τὰς
2398 4022 2666 4084 ἐντεῦθεν,
2713 4025 2810 4094 τὴν
2857 4023 3139 4092 βδελυρίαν
3167 4024 3414 4091 ἄπασαν;
3447 4023 3608 4077 Οὐδὲν

2042 4111 2150 4185 γὰρ
2194 4111 2366 4176 οὕτως
2421 4113 2605 4185 ἀηδὲς,
2645 4113 2723 4177 ὡς
2767 4115 2904 4184 γυνὴ
2953 4114 3124 4168 πολλά
3154 4115 3465 4186 σιτουμένη.
3516 4116 3610 4168 Διά

2039 4202 2198 4257 τοῦτο
2241 4205 2297 4257 ἐν
2344 4207 2464 4267 ταῖς
2517 4205 2840 4275 πενομέναις
2886 4205 3104 4259 πλείονα
3149 4206 3248 4276 τὴν
3304 4207 3608 4278 εὐμορφίαν

2044 4295 2142 4349 ίδοι
2180 4313 2264 4358 τις
2310 4293 2397 4361 ἂν,
2431 4295 2540 4349 τῶν
2587 4295 3012 4366 περιττωμάτων
3044 4296 3481 4366 ἀναλισκομένων
3517 4299 3610 4350 καὶ

2041 4386 2162 4455 οὐχὶ
2192 4385 2736 4456 προσπεπλασμένων
2757 4388 2968 4452 αὐταῖς,
2999 4387 3169 4456 πηλοῦ
3191 4404 3331 4452 τινος
3356 4387 3606 4459 περιττοῦ

2042 4475 2218 4546 δίκην,
2239 4478 2363 4548 εἰκῆ
2387 4478 2482 4530 καὶ
2517 4477 2714 4546 μάτην.
2749 4476 2811 4528 Ἦ
2840 4477 2946 4549 γὰρ
2972 4479 3309 4549 καθημερινῇ
3334 4479 3608 4548 γυμνασία

2042 4565 2137 4618 καὶ
2182 4566 2232 4617 οί
2277 4567 2428 4620 πόνοι
2455 4567 2549 4620 καὶ
2591 4568 2646 4619 αἱ
2690 4566 3058 4637 ταλαιπωρίαι
3101 4570 3194 4622 καὶ
3231 4571 3262 4638 ή
3299 4569 3609 4640 σύμμετρος

2042 4655 2289 4728 τράπεζα
2329 4659 2419 4710 καὶ
2460 4659 2493 4728 ή
2531 4657 2651 4728 λιτὴ
2688 4657 2868 4712 δίαιτα
2911 4659 3110 4730 πολλὴν
3144 4661 3240 4730 μὲν
3283 4661 3475 4724 αὐταῖς
3511 4661 3606 4731 τὴν

2044 4747 2276 4812 εὐεξίαν,
2305 4748 2501 4819 πολλὴν
2527 4749 2583 4800 δὲ
2625 4749 2876 4802 ἐντεῦθεν
2902 4753 2996 4804 καὶ
3026 4753 3127 4820 τὴν
3160 4751 3308 4819 ὥραν
3340 4752 3608 4822 παρέχου-

2046 4857 2149 4893 σιν.
2177 4839 2240 4893 El
2274 4839 2330 4892 δέ
2361 4838 2457 4909 τὴν
2490 4839 2681 4912 ἡδονὴν
2710 4840 2809 4909 τῆς
2837 4842 3050 4912 τρυφῆς
3076 4841 3277 4909 λέγοις,
3321 4841 3482 4913 μέχρι
3512 4845 3607 4912 τῆς

2045 4931 2322 5001 φάρυγγος
2361 4930 2530 5000 αὐτὴν
2563 4931 2816 5000 εὑρήσεις
2853 4931 3033 5001 μόνον.
3080 4933 3245 5002 Ὀμοῦ
3274 4950 3332 4986 τε
3375 4950 3485 5002 γαρ
3511 4932 3606 5003 τὴν

2043 5022 2292 5091 γλῶτταν
2321 5022 2564 5093 παρῆλθε
2591 5022 2683 5074 καὶ
2704 5022 2950 5092 ἀπέπτη,
2981 5023 3179 5086 πολλὰς
3204 5025 3484 5092 ἐναφιεῖσα
3515 5023 3608 5085 τὰς

2045 5113 2255 5183 ἀηδίας.
2292 5113 2383 5183 Μὴ
2413 5113 2520 5183 γάρ
2547 5129 2638 5182 μοι
2680 5113 3108 5180 κατακειμένους
3138 5115 3296 5182 μόνον
3326 5117 3450 5177 τούς
3480 5130 3608 5183 τρυ-

2048 5206 2263 5275 φῶντας
2300 5205 2434 5277 ἴδῃς,
2457 5204 2569 5258 ἀλλ’
2595 5205 2726 5256 ὅταν
2748 5206 2943 5267 αὐτοὺς
2970 5205 3302 5268 ἀναστάντας
3329 5205 3464 5277 ίδης,
3491 5206 3604 5257 τότε

2046 5298 2549 5371 παρακολούθησον,
2586 5299 2678 5350 καί
2712 5295 2834 5364 ὄψει
2865 5295 3069 5367 θηρίων
3125 5297 3323 5365 μᾶλλον
3372 5298 3463 5348 καὶ
3492 5295 3610 5348 ἀλό-

2046 5409 2180 5460 γων,
2243 5391 2276 5460 ἦ
2338 5391 2641 5460 ἀνθρώπων
2696 5388 2946 5458 σώματα.
3007 5389 3166 5456 Ὀψει
3216 5389 3325 5458 γὰρ
3372 5388 3612 5460 καρηϐα-

379 5474 475 5527 τοῦ
503 5475 770 5540 διαϐόλου,
817 5476 932 5529 ἀλλ’
978 5480 1013 5549 ἡ
1047 5480 1222 5550 τρυφὴ
1259 5482 1415 5551 μόνη.
1457 5482 1554 5535 Διά
1603 5484 1710 5556 γὰρ
1746 5487 1949 5559 ταύτης
2051 5484 2298 5553 ροῦντας,
2328 5479 2782 5548 διατεινομένους,
2818 5476 3246 5546 συνδεδεμένους,
3286 5477 3474 5546 κλίνης
3501 5476 3611 5528 δεο-

381 5565 449 5620 τά
485 5567 648 5640 μυρία
701 5571 730 5622 6
773 5569 1007 5642 πονηρὸς
1059 5571 1267 5638 δαίμων
1317 5573 1522 5636 ἐκεῖνος
1568 5576 1721 5628 ἀνύει
1767 5582 1944 5635 κακά·

383 5657 523 5713 οὕτω
571 5661 739 5733 δῆμον
789 5661 1082 5735 ὁλόκληρον
1116 5663 1558 5736 ἐξετραχήλισεν·
1621 5667 1944 5742 Ἐλιπάνθη

2052 5573 2244 5640 μένους
2276 5571 2365 5623 καὶ
2399 5569 2686 5639 στρωμνῆς
2731 5567 2824 5620 καὶ
2855 5565 3079 5637 ἡσυχίας
3104 5564 3327 5634 πολλῆς,
3359 5566 3452 5618 καὶ
3485 5562 3611 5617 καθ-

2052 5668 2194 5738 άπερ
2243 5667 2298 5719 ἐν
2344 5663 2621 5734 κλυδωνίῳ
2683 5661 2860 5731 πολλῷ
2895 5660 3348 5731 ταραττομένους,
3380 5661 3474 5714 καὶ
3506 5659 3608 5712 τῶν
