4018 6156
417 424 531 484 315-

419 549 666 596 mentume
689 541 831 598 tinea
857 544 909 598 et
934 544 1131 599 vermis
1154 582 1172 610 ,
1220 542 1291 598 ita
1319 543 1541 598 istorum
1584 546 1792 600 animas
1819 545 1998 601 exedit

417 631 707 688 crudelitas
736 643 791 689 et
821 635 1197 689 inhumanitas.
1243 635 1443 690 Horum
1474 645 1651 691 autem
1681 652 1840 692 causa
1869 646 1952 693 est
1977 680 1992 704 ,

415 721 560 788 quod
587 723 694 778 sint
717 723 864 778 afﬁxi
894 725 1272 794 prmsentihus,
1296 736 1349 780 et
1375 727 1439 781 ad
1469 727 1630 782 vitam
1658 730 1828 784 solum
1859 746 1996 800 prae-

412 822 623 867 sentem
656 813 861 870 inhient
886 835 898 871 :
923 817 1066 871 unde
1104 819 1268 873 ctiam
1311 818 1368 872 fit
1397 828 1457 873 ut
1485 819 1688 890 ingenti
1714 822 1854 890 pleni
1883 823 1992 878 sint

406 903 573 957 animi
602 907 940 976 aegritudine.
970 909 1101 964 Nam
1136 912 1344 966 etiamsi
1373 913 1584 982 quidvis
1621 915 1912 983 jucundum
1937 927 1992 973 et

405 1007 570 1051 suave
596 998 795 1053 dixeris
818 1039 832 1064 ,
863 1002 929 1056 ad
957 1003 1134 1056 omnia
1162 1003 1390 1059 delenda
1415 1006 1613 1060 sufficit
1643 1019 1816 1063 metus
1841 1026 1987 1064 mor-

376 1085 474 1138 ‘tis
505 1103 520 1141 :
548 1088 641 1156 qui
679 1100 990 1147 autemest
1031 1093 1365 1163 hujusmodi,
1409 1106 1490 1151 est
1533 1107 1774 1155 mortuus
1812 1101 1985 1157 adhuc

401 1177 608 1233 vivens.
641 1181 705 1234 Et
743 1183 886 1252 quod
935 1185 1240 1243 infidelibus
1286 1190 1500 1259 quidem
1546 1192 1660 1247 haec
1696 1194 1979 1262 accidant,

400 1283 508 1322 non
552 1280 636 1324 est
674 1273 912 1330 mirum:
940 1277 1153 1344 quando
1197 1287 1374 1335 autem
1414 1281 1471 1344 ii,
1513 1284 1604 1352 qui
1649 1294 1726 1339 tot
1755 1295 1806 1339 et
1836 1294 1981 1342 tanta

401 1371 762 1430 perceperunt
801 1369 1052 1437 mysteria
1098 1379 1150 1425 et
1198 1371 1267 1426 de
1307 1372 1497 1428 futuris
1527 1384 1632 1428 tam
1661 1377 1829 1432 multa
1855 1387 1980 1434 sunt

397 1451 788 1523 phi1050pbati,
818 1457 977 1514 rebus
1005 1464 1352 1530 praesentibus
1374 1466 1572 1522 addicti
1603 1468 1654 1522 in
1682 1470 1761 1524 eis
1783 1471 1976 1526 luben-

399 1550 482 1596 ter
522 1555 835 1614 versentur,
863 1564 1092 1619 quanam
1137 1553 1335 1610 fuerint
1361 1556 1508 1627 digni
1534 1560 1734 1614 venia?
1773 1562 1876 1628 Qui
1916 1563 1975 1618 fit

395 1640 601 1698 autem,
633 1637 772 1705 quod
803 1639 1051 1697 lubenter
1080 1658 1360 1703 versentur
1390 1648 1445 1703 in
1477 1651 1864 1719 praesentibus?
1891 1655 1967 1710 Ex

391 1737 460 1775 eo
483 1725 625 1793 quod
650 1726 954 1786 incumbant
975 1733 1200 1801 deliciis,
1220 1752 1433 1794 carnem
1457 1743 1716 1811 saginent,
1735 1747 1966 1804 animam

393 1813 643 1886 frangant
667 1835 728 1874 ac
755 1823 1018 1890 molliant,
1048 1836 1103 1881 et
1124 1844 1290 1898 grave
1312 1845 1448 1886 onus
1475 1833 1718 1900 reddant,
1745 1839 1962 1894 multas-

392 1919 496 1973 que
529 1909 775 1966 tenebras
802 1923 854 1968 et
882 1929 1123 1972 crassum
1169 1921 1344 1976 velum
1383 1923 1693 1981 obtendant.
1733 1927 1865 1985 Nam
1909 1931 1962 1986 in

389 1993 596 2050 deliciis
626 2001 840 2069 quidem
871 2002 943 2069 id,
972 2009 1112 2076 quod
1133 2020 1217 2065 est
1241 2013 1453 2078 melius,
1484 2016 1741 2086 redigitur
1763 2020 1814 2074 in
1838 2036 1960 2076 ser-

382 2085 641 2155 vitutem;
673 2092 812 2160 quod
841 2104 924 2148 est
949 2107 1127 2154 autem
1157 2101 1326 2170 pejus,
1351 2085 1679 2162 dominatum
1709 2109 1958 2168 obtinet:

377 2179 432 2224 et
475 2174 602 2230 illud
643 2181 856 2248 quidem
890 2185 1122 2256 undique
1148 2202 1474 2262 excmcatur,
1506 2213 1863 2272 maucumque
1892 2218 1957 2260 ae

374 2265 619 2320 mutilum
649 2271 901 2340 trahitur;
923 2274 1023 2331 hoc
1051 2288 1228 2335 autem
1258 2283 1310 2336 in
1338 2301 1528 2342 omnes
1553 2301 1736 2360 partes
1762 2295 1871 2363 agit
1900 2303 1956 2349 et

371 2357 706 2429 circumagit,
727 2377 846 2419 cum
867 2366 1092 2426 deberet
1116 2381 1238 2428 esse
1260 2375 1310 2429 in
1336 2376 1457 2432 loco
1478 2389 1532 2434 et
1553 2381 1744 2438 ordine
1764 2399 1952 2442 eorum

366 2459 491 2514 qua:
517 2460 761 2520 aguntur.
784 2454 878 2516 Est
893 2459 1036 2513 enim
1060 2473 1308 2534 magnum
1327 2469 1519 2524 anima:
1539 2471 1806 2529 vinculum
1829 2491 1950 2533 cum

361 2553 616 2610 corpore,
642 2544 802 2615 idque
824 2551 1060 2617 providit
1082 2563 1137 2608 et
1163 2562 1464 2625 procuravit
1487 2561 1696 2632 Opifex,
1721 2583 1787 2623 ne
1810 2578 1949 2624 tatu-

349 2813 514 2868 bolus
537 2825 714 2873 autem
743 2829 946 2878 tantum
974 2831 1172 2896 potuit,
1223 2843 1281 2888 ut
1320 2841 1648 2905 persuaserit
1672 2844 1940 2915 aliquibus

347 2908 517 2960 etiam
551 2923 706 2963 suum
732 2928 927 2982 corpus
958 2917 1152 2975 odisse.
1179 2919 1312 2979 Nam
1343 2930 1557 2996 quando
1582 2932 1711 2988 dicit
1737 2936 1788 2991 id
1819 2953 1940 2995 esse

345 2996 590 3064 diaboli,
625 3001 755 3058 nihil
786 3006 929 3061 aliud
960 3025 1116 3079 quam
1148 3011 1248 3070 hoc
1294 3019 1482 3086 prohat
1508 3039 1523 3077 :
1555 3026 1695 3093 quod
1725 3035 1808 3081 est
1836 3044 1935 3084 ex-

345 3090 510 3145 tremi
538 3090 735 3148 delirii.
766 3094 820 3150 Si
849 3099 989 3153 enim
1017 3112 1097 3158 est
1120 3104 1351 3174 diaboli,
1376 3112 1494 3180 quis
1523 3090 1607 3168 est
1629 3115 1933 3186 hujusmodi

342 3192 647 3236 consensus
677 3192 732 3238 et
759 3190 1042 3244 concordia
1061 3234 1075 3258 ,
1105 3204 1163 3249 ut
1200 3196 1251 3251 id
1283 3199 1472 3256 reddat
1500 3207 1647 3260 omni
1689 3223 1753 3263 ex
1781 3221 1934 3278 parte

341 3279 534 3342 aptum
577 3275 644 3330 ad
694 3280 1037 3345 operationes
1083 3287 1308 3354 animae,
1340 3307 1460 3360 qua:
1491 3303 1704 3354 tenetur
1745 3275 1927 3358 studio

339 3365 743 3436 philosOphiae?
780 3371 850 3426 At
896 3374 941 3428 si
986 3383 1099 3441 est,
1153 3379 1350 3451 inquit,
1399 3397 1612 3456 aptum,
1660 3395 1931 3462 quomodo

341 3453 496 3508 illam
517 3470 750 3515 exczccat
767 3461 790 3514 ?
810 3463 925 3518 Non
942 3475 1022 3520 est
1043 3483 1239 3538 corpus
1259 3475 1401 3543 quod
1416 3491 1653 3536 excmcat
1667 3485 1923 3556 animam,

344 3545 528 3612 absit,
553 3551 647 3603 sed
675 3551 898 3609 deliciae.
940 3557 1169 3615 Delicias
1211 3574 1390 3620 autem
1421 3569 1690 3627 undenam
1720 3581 1928 3647 appeti-

344 3636 508 3690 mus?
552 3637 668 3694 Non
699 3645 881 3714 utique
909 3661 978 3701 ex
1025 3665 1122 3716 eo,
1171 3655 1312 3722 quod
1359 3671 1554 3727 corpus
1599 3661 1920 3736 habeamus,

339 3725 436 3779 sed
470 3743 536 3781 ex
566 3743 730 3797 prava
773 3733 926 3790 liberi
971 3739 1180 3794 arbitrii
1225 3744 1512 3802 electione.
1541 3749 1747 3823 Corpus
1777 3760 1919 3813 enim

335 3824 460 3886 eget
489 3817 781 3889 alimento,
828 3841 932 3880 non
985 3828 1222 3899 deliciis;
1273 3848 1468 3906 corpus
1499 3854 1634 3910 Opus
1651 3817 1825 3902 habet
1861 3860 1921 3906 ut

331 3906 543 3974 alatur,
576 3925 684 3965 non
722 3924 780 3968 ut
825 3916 1150 3989 infringatur
1179 3932 1232 3978 et
1270 3925 1495 3984 diffluat.
1537 3906 1728 4004 Neque
1773 3941 1915 3995 enim

331 3999 526 4054 anima:
556 4009 762 4058 tantum
784 4045 800 4070 ,
841 4009 933 4063 sed
964 4011 1126 4066 etiam
1167 4014 1265 4084 ipsi
1294 4021 1505 4088 corpori
1535 4024 1677 4093 quod
1707 4027 1870 4084 alitur
1895 4073 1910 4098 ,

330 4086 514 4144 hostes
544 4102 672 4148 sunt
696 4093 922 4154 deliciae.
941 4098 1070 4154 Nam
1099 4117 1195 4171 pro
1223 4086 1443 4163 robusto
1474 4111 1533 4165 fit
1553 4086 1902 4188 imbecillius,

329 4193 426 4246 pro
457 4182 617 4237 firmo
646 4186 894 4254 mollius,
938 4201 1037 4259 pro
1066 4194 1266 4250 salubri
1299 4198 1780 4278 valetudinarium,
1815 4228 1911 4280 pro

326 4269 430 4325 levi
457 4275 697 4344 gravius,
722 4293 818 4348 pro
840 4280 1010 4338 denso
1036 4287 1230 4354 rarius,
1257 4296 1312 4344 et
1337 4299 1489 4362 turpe
1514 4311 1613 4364 pro
1639 4300 1906 4374 formoso,

323 4373 376 4418 et
403 4381 504 4434 pro
535 4368 672 4425 bene
711 4373 888 4428 olente
936 4376 1093 4447 pejus
1137 4379 1290 4437 olens
1318 4398 1383 4438 ac
1412 4386 1653 4444 fmtidum
1674 4433 1688 4457 ,
1717 4406 1772 4449 et
1811 4412 1910 4465 pro

324 4460 526 4512 mundo
556 4461 887 4522 immundum
909 4509 923 4534 ,
953 4479 1007 4526 et
1031 4471 1220 4530 dolore
1244 4477 1502 4546 agitatum
1524 4497 1622 4551 pro
1642 4489 1870 4547 remisso
1888 4533 1902 4557 ,

323 4547 515 4605 inutile
547 4568 646 4621 pro
671 4558 821 4622 utili,
853 4571 1007 4616 vetus
1029 4579 1126 4632 pro
1157 4579 1332 4634 novo,
1366 4574 1638 4641 putridum
1666 4593 1763 4647 pro
1794 4579 1904 4636 for-

323 4638 396 4704 ti,
434 4641 754 4714 tardumque
779 4659 833 4704 et
863 4651 1027 4709 hebes
1078 4671 1174 4726 pro
1203 4638 1409 4729 celeri,
1440 4675 1495 4720 et
1523 4667 1774 4726 claudum
1807 4689 1906 4742 pro

316 4739 466 4784 recto
491 4741 548 4787 et
579 4733 810 4806 integro.
840 4742 999 4812 Atqui
1028 4747 1072 4800 si
1095 4760 1238 4805 esset
1266 4753 1500 4824 diaboli,
1533 4775 1640 4815 non
1683 4776 1898 4835 Oporte-

315 4829 398 4872 ret
437 4821 617 4891 ipsum
647 4827 715 4879 ab
743 4843 809 4883 eo
856 4831 1012 4898 lmdi,
1045 4851 1074 4889 a
1111 4837 1241 4893 vitio
1287 4821 1525 4914 inquam.
1572 4849 1678 4907 Sed
1719 4821 1900 4928 neque

314 4921 512 4978 corpus
532 4951 548 4976 ,
580 4929 754 4985 neque
796 4921 902 4974 cibi
948 4935 1071 4979 sunt
1100 4928 1332 5000 diaboli,
1364 4937 1459 4991 sed
1490 4941 1620 4995 solae
1667 4921 1894 5003 delicim.

312 4995 445 5053 Nam
478 5017 576 5070 per
605 5019 698 5059 eas
741 5011 1032 5068 sceleratus
1062 5017 1150 5072 ille
1191 5018 1402 5078 daemon
1433 5029 1570 5082 mala
1618 5032 1784 5090 efficit
1816 5037 1898 5092 in-

311 5091 663 5146 numerabilis
700 5113 713 5148 :
764 5099 843 5153 sic
894 5105 1147 5173 populum
1181 5109 1444 5182 integrum
1479 5134 1692 5186 pessum
1724 5125 1893 5182 dedit.

311 5173 673 5251 lmpinguatus
701 5197 772 5240 est
796 5192 959 5258 enim,
985 5195 1188 5267 inquit,
1215 5210 1263 5256 et
1321 5205 1583 5274 dilatatus,
1607 5223 1654 5267 et
1678 5219 1893 5272 recalci-

310 5272 458 5324 travit
484 5273 698 5329 dilectus
727 5279 904 5348 (Deut.
930 5287 1018 5340 52.
1051 5290 1162 5358 l5).
1187 5292 1357 5350 Porro
1386 5298 1512 5354 hinc
1541 5272 1754 5376 quoque
1792 5313 1892 5368 So-

1119 5356 1124 5358 .
1557 5356 1754 5376 l""l""
1793 5356 1864 5368 νν

309 5356 486 5416 domis
520 5363 617 5419 fuit
657 5369 870 5427 illorum
902 5375 1179 5436 fulminum
1228 5387 1454 5445 initium.
1489 5394 1642 5460 Quod
1672 5402 1887 5469 quidem

309 5452 620 5518 significans
701 5461 944 5520 Ezechiel
976 5471 1220 5528 dicebat:
1253 5477 1358 5532 Sed
1387 5482 1493 5538 ltwc
1520 5452 1761 5557 iniquilas
1787 5495 1888 5549 So-

310 5543 578 5599 domorum
605 5563 623 5600 :
665 5551 718 5604 in
759 5557 1024 5625 superbia,
1054 5571 1100 5614 et
1129 5564 1180 5617 in
1207 5567 1520 5628 abundantia
1547 5583 1695 5646 panis
1719 5625 1732 5647 ,
1761 5597 1806 5638 et
1833 5587 1887 5640 in

310 5631 455 5686 rebus
497 5643 730 5695 secundis
755 5661 809 5699 se
836 5649 1102 5717 explebant
1144 5655 1336 5712 deliciis
1377 5631 1881 5746 (Earl/ulli:

1384 5723 1393 5731 .
1635 5723 1654 5725 κ
1672 5723 1715 5727 ρ
1843 5723 1881 5746 ,-

383 5723 591 5790 Qumtta
617 5737 751 5789 mala
779 5755 843 5792 ex
876 5741 998 5810 gula
1024 5745 1644 5826 oriantur.-—Propterca
1689 5767 1882 5824 Paulus

309 5825 523 5885 quoque
568 5821 817 5884 diccbat:
867 5831 992 5898 Qun:
1035 5846 1209 5895 autem
1253 5844 1304 5899 in
1350 5821 1541 5904 deliciis
1570 5852 1745 5924 degit,

1299 427 1336 448 ‘
1414 428 1478 484 IN
1515 428 1733 486 EPIST.
1771 429 1793 484 l
1857 430 1950 485 AD
1987 430 2141 490 COR.
2184 435 2411 497 llOMIL.
2457 443 2695 504 XXXIX.

3586 460 3690 522 556

2107 563 2225 606 vena
2273 537 2346 610 es}
2384 572 2581 617 mortua
2620 566 2638 634 (
2662 567 2710 620 l.
2754 567 2889 625 Tim.
2931 573 2984 628 5.
3026 574 3118 645 6).
3179 578 3389 645 Quare?
3422 582 3686 650 Quoniam

2103 647 2413 704 circumfert
2458 668 2655 724 corpus
2709 670 2976 733 tamquam
3020 671 3348 739 sepulcrum,
3377 677 3683 747 colligatum

2101 735 2257 790 malls
2285 738 2783 808 innumerabilibus.
2826 755 2883 809 Si
2929 735 3109 814 autem
3159 777 3355 833 corpus
3395 767 3466 822 ila
3509 772 3681 837 perit,

2100 831 2370 892 quomodo
2397 833 2666 894 afﬁcietur
2693 843 2904 909 anima.
2939 857 3138 917 quanto
3164 831 3431 924 tumultu,
3466 864 3679 930 quantis

2098 914 2349 976 fluctibus
2369 964 2384 988 ,
2417 939 2614 995 quanta
2645 914 2967 1002 tempestate
2991 942 3094 995 erit
3125 946 3360 1000 referta?
3387 914 3676 1020 Propterea

2097 1010 2311 1078 quidem
2340 1026 2485 1072 certe
2505 1021 2570 1074 ad
2601 1026 2780 1103 omnia
2802 1028 2866 1082 sit
2898 1030 3123 1094 inutilis.
3145 1047 3199 1090 et
3229 1053 3328 1092 nec
3354 1039 3556 1110 dicere,
3576 1059 3674 1098 nec

2093 1103 2302 1170 audire,
2330 1123 2504 1179 neque
2525 1100 2833 1174 consultare
2870 1138 3044 1192 neque
3068 1127 3266 1198 aliquid
3297 1148 3456 1202 agere
3479 1151 3667 1194 eorum

2090 1208 2209 1262 quae
2237 1196 2393 1254 decet
2437 1201 2592 1260 facile
2641 1210 2872 1276 poterit:
2904 1214 2997 1268 sed
3041 1196 3180 1273 sicut
3220 1196 3580 1292 gubernator,
3615 1229 3667 1284 si

2089 1289 2380 1355 tempestas
2409 1292 2598 1350 vicerit
2621 1306 2790 1354 artem
2815 1341 2828 1366 ,
2861 1317 2981 1358 cum
3017 1308 3131 1376 ipsa
3160 1289 3295 1367 nave
3336 1321 3388 1369 et
3435 1321 3666 1373 vectori-

2085 1374 2186 1432 bus
2213 1381 2608 1454 submergitur:
2639 1390 2711 1444 ita
2741 1395 2905 1450 etiam
2935 1374 3111 1453 anima
3142 1417 3262 1457 cum
3303 1421 3532 1478 corpore
3559 1411 3656 1466 de-

2082 1473 2344 1541 mergitur
2385 1477 2438 1531 in
2485 1495 2703 1549 gravent
2755 1485 3009 1558 abyssum
3055 1493 3501 1556 insensibilitatis.
3529 1503 3661 1561 Nam

2080 1560 2220 1616 sicut
2245 1568 2529 1634 quamdam
2559 1576 2756 1631 molam
2792 1579 2930 1637 Deus
2972 1585 3128 1641 nobis
3176 1599 3418 1646 ventrem
3447 1593 3686 1662 indidit,.

2077 1653 2199 1709 data
2227 1665 2545 1731 congruenti
2573 1675 2629 1722 ct
2657 1669 2932 1730 moderata
2963 1676 3233 1748 facultate,
3266 1692 3321 1738 et
3349 1696 3494 1742 certa
3521 1703 3657 1744 con-

2075 1745 2258 1801 stituta
2296 1765 2550 1809 mensura
2570 1797 2585 1821 ,
2620 1774 2778 1828 quam
2811 1763 2984 1832 ipsum
3031 1745 3243 1839 oportet
3271 1778 3508 1844 quotidie
3541 1797 3656 1835 mo-

2071 1833 2205 1892 lere.
2230 1839 2288 1894 Si
2313 1842 2431 1912 quis
2457 1860 2587 1916 ergo
2615 1850 2768 1918 plura
2793 1854 3015 1925 injiciat,
3043 1833 3103 1916 ea
3130 1878 3237 1918 non
3263 1833 3506 1924 confecta

2029 1983 2034 1988 ,
2070 1942 2227 1983 verso
2255 1933 2474 1990 exitium
2502 1939 2754 1998 afferunt.
2801 1945 2938 2004 Hinc
2965 1955 3139 2009 morbi
3170 1967 3225 2012 et
3261 1959 3654 2021 imbecillitates

2067 2025 2123 2072 ct
2152 2018 2520 2084 deformitates
2545 2047 2558 2084 :
2593 2049 2701 2089 non
2733 2040 2876 2093 enim
2907 2044 3079 2100 solum
3110 2053 3440 2123 morbidam,
3469 2059 3563 2114 sed
3593 2070 3650 2116 et

2065 2118 2274 2183 turpem
2303 2115 2506 2177 faciunt
2528 2124 2735 2184 deliciae
2760 2147 2879 2187 eam
2910 2152 3029 2207 qua:
3059 2141 3279 2209 pulchra
3301 2115 3438 2205 erat:
3466 2151 3649 2218 Quan-

2061 2202 2132 2258 do
2176 2208 2321 2263 enim
2351 2211 2634 2282 injucunda
2666 2223 2881 2280 assidue
2912 2202 3146 2297 eructat,
3175 2244 3231 2289 et
3260 2240 3528 2306 putridum
3558 2244 3642 2298 vi-

2060 2308 2188 2350 num
2215 2300 2417 2368 spirat,
2450 2313 2506 2360 et
2542 2308 2661 2376 plus
2687 2327 2844 2382 quam
2888 2332 2987 2386 par
3023 2322 3094 2376 sit
3133 2300 3398 2396 rubescit,
3425 2341 3482 2385 et
3510 2347 3638 2389 eum

2058 2386 2148 2454 qui
2177 2389 2389 2446 mulieri
2417 2401 2668 2455 convenit
2696 2416 2942 2463 ornatum
2967 2417 3284 2485 corrumpit,
3316 2434 3640 2494 omnemque

2056 2477 2232 2546 perdit
2259 2482 2508 2541 decorem
2551 2500 2606 2545 et
2652 2493 3024 2568 hone5tatem;
3075 2513 3130 2560 et
3180 2477 3399 2566 flaccida
3422 2477 3636 2582 quidem

2055 2566 2114 2618 fit
2142 2583 2300 2634 caro,
2341 2579 2628 2646 sanguinea
2668 2594 2845 2641 autem
2883 2601 2939 2645 et
2982 2593 3188 2650 intensa
3221 2603 3510 2669 supercilia
3533 2645 3548 2671 ,
3583 2616 3637 2661 et

2054 2659 2226 2728 major
2253 2680 2410 2732 quam
2437 2684 2532 2737 par
2560 2676 2632 2728 sit
2659 2680 2978 2751 crassitudo,
2996 2695 3050 2740 et
3079 2703 3474 2760 supervacanea
3505 2714 3629 2754 car-

2050 2749 2134 2804 nis
2160 2763 2522 2816 excrescentia
2545 2781 2557 2816 :
2581 2767 2753 2836 cogita
2780 2785 2977 2840 quanta
3002 2779 3125 2835 hinc
3155 2784 3226 2837 sit
3251 2784 3548 2844 insuavitas
3573 2802 3630 2846 et

2048 2845 2312 2903 molestia.
2356 2854 2547 2909 Audivi
2594 2875 2807 2931 quoque
2853 2869 3092 2926 medicos
3130 2873 3405 2946 dicentes,
3444 2882 3629 2938 multis

2047 2935 2428 3003 impedimento
2455 2943 2619 3002 fuisse
2645 2949 2866 3010 delicias
2893 2973 2960 3013 ne
2990 2965 3296 3028 proceriore
3316 2980 3496 3024 essent
3517 2981 3627 3027 sta-

2045 3032 2181 3079 tura.
2217 3027 2349 3085 Nam
2370 3048 2492 3090 eum
2519 3035 2868 3100 iutersecetur
2895 3027 3115 3116 spiritus
3157 3059 3496 3122 multitudine
3523 3079 3621 3120 eo-

2042 3130 2159 3171 rum
2202 3135 2320 3190 quae
2349 3125 2690 3200 dejicluutur,
2721 3146 2776 3189 et
2803 3153 3092 3210 occupetur
3121 3146 3174 3200 in
3215 3148 3282 3203 iis
3317 3154 3612 3211 conﬁcien—

2038 3207 2155 3275 dis,
2183 3209 2326 3281 quod
2357 3223 2640 3287 Oportebat
2684 3226 2750 3280 ad
2799 3207 3143 3301 augmentum
3198 3207 3617 3312 procedere,_id

2036 3297 2090 3353 in
2120 3315 2633 3372 supervacaneorum
2662 3316 2947 3377 insumitur
2971 3329 3329 3388 confectione.
3359 3336 3494 3401 Quid
3525 3337 3612 3394 di-

2034 3395 2178 3448 xeris
2207 3396 2277 3450 de
2305 3400 2498 3466 pedum
2527 3404 2802 3466 doloribus
2823 3452 2838 3478 ,
2871 3414 2939 3469 de
2981 3417 3260 3478 rheumate
3288 3395 3431 3495 quod
3461 3429 3644 3486 ober-.

2031 3494 2114 3540 rat
2143 3488 2195 3542 in
2241 3504 2430 3548 omnes
2475 3508 2685 3566 partes,
2715 3505 2842 3572 quid
2869 3507 2936 3562 de
2980 3510 3098 3566 aliis
3127 3517 3329 3571 morbis
3353 3520 3442 3588 qui
3489 3520 3615 3578 hinc

2029 3584 2276 3641 oriuntur
2297 3629 2312 3654 ,
2341 3599 2395 3644 et
2426 3592 2546 3647 aliis
2572 3597 2979 3658 abominandis?
3012 3606 3154 3663 Nihil
3182 3623 3264 3667 est
3290 3617 3431 3670 enim
3457 3634 3612 3688 mque

2029 3674 2374 3742 injucundum
2403 3691 2458 3737 et
2486 3684 2706 3743 insuave
2734 3701 2793 3745 ut
2818 3695 3010 3750 mulier
3036 3737 3052 3763 ,
3085 3717 3203 3768 quae
3230 3707 3396 3760 multa
3423 3723 3608 3766 come-

2027 3765 2126 3818 dit.
2160 3766 2448 3839 PrOpterea
2479 3775 2530 3829 in
2560 3785 2899 3849 pauperculis
2921 3787 3116 3844 videris
3140 3794 3397 3862 majorem
3420 3800 3608 3859 formas

2024 3857 2477 3925 pulchritudinem
2499 3908 2517 3934 ,
2543 3867 2670 3924 dum
2715 3886 3104 3934 consumuntur
3143 3899 3522 3956 excrementa,
3549 3904 3608 3949 et
3653 3936 3659 3942 -

2022 3961 2131 4000 non
2171 3948 2451 4009 adhaerent
2479 3973 2652 4028 neque
2697 3961 2890 4020 frustra
2919 3967 3248 4038 adjiciuntur
3275 3976 3407 4046 ipsis
3434 3980 3605 4038 instar

2019 4037 2116 4092 luti
2140 4049 2544 4110 supervacanei.
2574 4048 2706 4107 Nam
2739 4037 3047 4128 quotidiana
3074 4037 3388 4123 exercitatio
3411 4111 3428 4137 ,
3449 4071 3601 4130 labo-

2016 4145 2126 4198 res,
2155 4131 2476 4194 afllictiones
2496 4182 2511 4204 ,
2544 4157 2729 4200 mensa
2758 4151 3031 4207 moderata
3063 4165 3118 4211 et
3155 4161 3330 4216 tenuis
3354 4163 3477 4219 vitae
3504 4182 3593 4220 ra-

2016 4215 2112 4291 tio,
2145 4229 2370 4286 multam
2391 4233 2469 4287 eis
2496 4239 2737 4304 przebcnt
2767 4242 2958 4298 bonam
2985 4247 3368 4319 habitudinem,
3397 4265 3452 4310 et
3472 4257 3598 4316 hinc

2013 4328 2227 4386 quoque
2257 4337 2502 4392 magnam
2534 4329 3007 4396 pulchritudinem.
3039 4339 3094 4393 Si
3123 4352 3303 4398 autem
3333 4346 3595 4406 obtendas

2012 4403 2324 4465 deliciarqu
2349 4414 2698 4486 voluptatem,
2728 4436 2846 4477 eam
2877 4425 3114 4484 invenies
3136 4433 3311 4488 solum
3339 4450 3506 4506 usque
3526 4441 3592 4496 ad

2009 4497 2186 4564 gulam
2214 4518 2228 4554 :
2257 4517 2379 4557 nam
2423 4507 2582 4562 simul
2607 4518 2766 4582 atque
2795 4515 3026 4586 linguam
3058 4526 3348 4595 praeteriit,
3381 4532 3587 4601 avolat,

2009 4589 2206 4645 multas
2236 4593 2531 4654 imminens
2561 4603 2853 4662 molestias.
2881 4609 2958 4665 Ne
2977 4613 3107 4666 mihi
3134 4617 3275 4671 enim
3307 4620 3479 4675 solum
3501 4638 3591 4678 ac-

2006 4684 2319 4740 cumbentes
2344 4689 2524 4745 videas
2547 4708 2643 4749 eos
2661 4699 2748 4766 qui
2771 4700 2953 4756 vivunt
2973 4703 3034 4783 in,
3049 4705 3276 4774 deliciis,
3304 4712 3397 4766 sed
3419 4729 3587 4783 quan-

2004 4772 2074 4828 do
2106 4776 2300 4832 vidcris
2342 4796 2437 4836 eos
2479 4789 2780 4844 surrexisse
2801 4831 2814 4854 ,
2849 4800 2971 4848 tunc
3012 4778 3271 4867 sequere,
3299 4813 3354 4857 et
3379 4803 3585 4863 videbis

2002 4867 2172 4937 magis
2201 4884 2323 4926 csse
2356 4873 2583 4930 ferarum
2611 4886 2666 4932 et
2691 4879 2966 4939 brutorum
2990 4901 3213 4958 corpora
3233 4932 3249 4958 ,
3292 4909 3450 4963 quam
3483 4897 3582 4951 ho-

2003 4958 2228 5012 minum.
2254 4961 2474 5020 Videbis
2498 4968 2638 5022 enim
2661 4973 2834 5041 capite
2855 4987 3124 5046 gravatos,
3151 4958 3578 5054 pandiculantes,

1999 5049 2283 5120 colligatos
2304 5092 2320 5120 ,
2350 5053 2491 5109 lecto
2533 5073 2669 5129 opus
2697 5063 2991 5136 habentes,
3037 5049 3288 5143 stragulis
3327 5086 3382 5131 et
3412 5082 3576 5136 multa

1997 5141 2176 5210 quiete
2198 5182 2215 5209 ,
2245 5153 2300 5198 et
2329 5153 2599 5217 tamquam
2633 5153 2683 5208 in
2716 5159 2901 5214 multis
2932 5163 3087 5217 undis
3114 5141 3466 5240 fluctibusque
3489 5173 3576 5243 ja-

1996 5240 2170 5286 ctatos
2194 5244 2247 5287 et
2276 5239 2616 5304 perturbatos
2637 5286 2650 5309 ,
2678 5255 2732 5301 et
2760 5248 2824 5302 iis
2853 5251 2945 5319 qui
2967 5266 3183 5311 servent
3204 5274 3338 5328 opus
3369 5239 3573 5319 haben-

1997 5330 2113 5391 tes,
2143 5327 2528 5399 cupientesque
2563 5336 2611 5388 iu
2655 5337 2749 5391 illo
2786 5355 2908 5396 esse
2951 5355 3124 5412 statu,
3173 5350 3378 5423 inquo
3421 5369 3574 5413 erant

1994 5417 2303 5488 priusquam
2334 5423 2817 5498 disrumperentur.
2850 5434 3141 5508 Tamquam
3164 5446 3306 5500 enim
3331 5451 3571 5517 gravidae

1991 5509 2244 5566 mulieres
2264 5553 2278 5578 ,
2310 5515 2379 5569 ita
2401 5522 2604 5586 gravati
2635 5535 2849 5582 ventres
2875 5529 3275 5601 circumferunt,
3299 5548 3354 5593 et
3372 5541 3458 5594 vix
3487 5542 3570 5594 ἰηι-

1989 5602 2334 5671 gradiuntur,
2396 5613 2481 5664 vix
2532 5615 2828 5686 aspiciunt,
2862 5623 2948 5677 vix
3003 5625 3318 5696 loquuntur,
3374 5641 3427 5684 et
3473 5634 3562 5685 vix

1989 5695 2190 5747 omnia.
2221 5698 2375 5762 Quod
2405 5701 2448 5755 si
2479 5715 2763 5777 contigerit
2804 5727 2896 5767 eos
2937 5695 3122 5784 parum
3165 5718 3429 5782 dormire,
3465 5721 3560 5775 ab-

1988 5786 2150 5838 surda
2183 5802 2370 5845 rursus
2401 5794 2578 5850 vident
2598 5804 2801 5856 somnia
2822 5843 2835 5869 ,
2864 5816 2916 5858 et
2944 5807 3135 5860 referta
3159 5808 3283 5862 visis
3313 5810 3559 5867 innume-

1987 5875 2262 5935 rabilibus.
2289 5882 2426 5948 Quid
2452 5901 2638 5942 rursus
2655 5890 2854 5947 leCl‘lS
2879 5894 2942 5948 de
2974 5899 3073 5950 alia
3098 5897 3304 5954 illorum
3329 5902 3553 5970 insania,
