4018 6156
337 328 463 388 357"

338 445 408 498 de
436 459 528 510 re,
576 443 823 514 inquam,
869 444 1138 498 venerea?
1186 442 1317 497 Nam
1346 458 1409 498 ea
1454 457 1666 512 quoque
1707 455 1774 495 ex
1819 439 1922 493 hoc

346 536 495 591 fonte
520 545 733 589 manat:
756 544 810 589 et
837 535 974 590 sicut
1001 534 1125 604 equi
1157 535 1210 588 in
1242 534 1468 589 feminas
1496 532 1676 587 furore
1702 531 1921 601 perciti,

345 629 419 681 ita
447 626 720 683 ebrietatis
749 634 917 681 αδδιτο
957 624 1246 690 stimulati,
1277 639 1464 679 omnes
1509 624 1748 678 insiliunt
1768 664 1782 688 ,
1809 630 1925 677 sto-

346 718 505 773 lidius
541 725 598 773 et
647 717 899 771 furiosius
947 731 1105 786 quam
1139 716 1215 770 illi
1262 715 1631 779 exsultantes,
1662 723 1717 769 et
1760 712 1925 767 multa

344 812 448 865 alia
474 808 724 865 indecore
752 808 1028 872 facientes,
1050 825 1169 879 qua:
1194 807 1345 863 nefas
1373 807 1588 877 quidem
1618 813 1698 862 est
1725 804 1926 858 dicere.

348 901 531 972 Neque
559 901 703 955 enim
749 901 927 955 sciunt
953 915 1014 955 ea
1037 942 1053 964 ,
1085 916 1205 969 quae
1236 900 1514 969 patiuntur
1534 938 1551 960 ,
1598 911 1771 965 neque
1812 908 1933 964 qua:

345 1000 534 1064 agunt.
561 990 666 1048 Sed
695 1007 802 1046 non
828 1000 912 1047 est
949 991 1212 1061 ejusmodi
1241 991 1287 1044 is
1325 990 1415 1059 qui
1446 1003 1553 1042 non
1586 987 1681 1041 dat
1710 1000 1931 1054 operam

348 1085 589 1149 deliciis;
616 1084 714 1140 sed
751 1085 905 1140 sedet
934 1086 985 1137 in
1015 1094 1168 1153 portu
1190 1083 1466 1146 ,aliorum
1493 1080 1683 1133 videns
1714 1075 1936 1131 naufra-

348 1176 462 1246 gia,
490 1184 545 1231 et
568 1191 699 1247 pura
732 1184 1095 1245 perpetuaque
1121 1174 1314 1230 fruitur
1340 1173 1644 1240 voluptate,
1672 1186 1791 1226 eain
1816 1184 1937 1239 quae

1091 326 1148 387 S.
1175 325 1450 387 JOANNIS
1485 317 1956 385 cnnrsosrmﬂ
1993 322 2308 380 ARCHlEP.
2337 323 2865 383 CONSTANTlNDP.

2028 440 2201 496 libero
2229 439 2430 494 homini
2456 440 2708 495 convenit
2735 440 2895 495 vitam
2926 452 3109 508 agens.
3135 437 3262 493 Haec
3283 450 3414 508 ergo
3433 438 3609 493 scien-

2028 543 2145 597 tes,
2175 532 2438 603 fugiamns
2480 533 2618 586 mala
2660 533 2903 586 convivia
2931 530 3243 585 deliciarum
3271 539 3327 586 et
3368 545 3613 585 mensam

2032 636 2312 682 teneamus
2340 633 2560 680 tenuem
2586 643 2599 679 :
2631 635 2687 679 ut
2725 635 2780 680 et
2806 627 2983 679 anima
3022 634 3079 680 et
3105 639 3332 694 corpore
3370 624 3510 679 bene
3538 622 3618 675 af-

2032 717 2178 783 fecti,
2204 731 2421 772 omnem
2450 731 2738 786 operemur
2765 717 3045 778 virtutem,
3077 723 3133 770 et
3157 715 3297 769 bona
3328 714 3504 769 futura
3531 727 3623 767 as—

2033 821 2355 875 sequamur,
2385 807 2553 877 gratia
2585 815 2640 861 et
2670 807 2996 880 benignitate
3028 805 3236 859 Domini
3278 804 3447 859 nostri
3488 803 3621 859 Jesu

2032 897 2270 963 Christi,
2300 897 2516 968 quicum
2547 897 2690 952 Patri
2720 912 2934 966 unaque
2952 896 3175 966 Spiritui
3203 903 3394 950 saneto
3414 895 3619 965 gloria.

2037 989 2354 1058 imperium,
2386 992 2595 1054 honor,
2645 1004 2789 1045 nunc
2836 1000 2891 1043 et
2938 1003 3189 1059 semper,
3237 996 3295 1043 et
3338 988 3392 1042 in
3424 985 3625 1043 saecula

2039 1080 2379 1137 saeculorum.
2410 1079 2605 1135 Amen.

351 1267 3630 1303 Μ

1738 1355 2087 1418 HOMILIA
2130 1354 2268 1415 XL.

354 1505 479 1559 CAP.
527 1500 615 1558 15.
655 1518 708 1557 v.
738 1501 829 1558 29.
871 1503 1071 1572 Alioqui
1100 1502 1224 1572 quid
1267 1503 1449 1573 facient
1488 1500 1574 1567 qui
1618 1497 1940 1567 baptizantur

426 1612 520 1668 pro
549 1597 787 1662 mortuis,
822 1599 867 1651 si
896 1596 1100 1650 omnino
1131 1595 1315 1648 mortui
1343 1610 1445 1647 non
1470 1590 1782 1663 resurgunt?
1818 1589 1939 1659 quid

426 1697 476 1741 et
502 1688 822 1758 baptizantur
847 1703 939 1756 pro
965 1686 1113 1740 illis?
1735 1688 1751 1698 '

430 1782 482 1832 1.
526 1777 974 1833 Marcianistarum
1016 1779 1163 1832 ritus.
1211 1807 1283 1817 —
1330 1774 1485 1830 Aliud
1529 1787 1740 1829 rursum
1785 1782 1945 1842 caput

357 1872 692 1943 aggreditur,
720 1866 1006 1942 aliquando
1034 1870 1247 1941 quidem
1275 1887 1342 1925 ex
1371 1866 1434 1924 iis
1457 1884 1578 1939 quae
1606 1868 1746 1923 Deus
1777 1864 1902 1920 facit
1923 1904 1950 1931 ,.

357 1964 644 2036 aliquando
673 1976 851 2021 autem
880 1980 949 2020 ex
992 1965 1057 2018 iis
1096 1979 1216 2034 qua:
1246 1962 1346 2032 ipsi
1383 1968 1584 2031 agunt,
1620 1958 1852 2029 probans
1881 1952 1969 2011 ea

361 2073 479 2127 qua:
520 2057 789 2113 dicuntur.
831 2057 928 2112 Est
968 2065 1144 2111 autem
1187 2055 1289 2109 hoc
1330 2055 1394 2107 ad
1439 2052 1806 2107 defensionem
1838 2063 1950 2103 non

363 2164 583 2220 parvum
612 2157 984 2219 argumentum
1013 2189 1025 2211 ,
1058 2145 1272 2216 quando
1296 2160 1389 2199 eos
1419 2143 1508 2212 qui
1536 2140 1945 2204 contradicunt,

362 2231 580 2288 adducit
618 2240 781 2286 testes
821 2245 1008 2285 eorum
1048 2244 1169 2299 qua:
1197 2229 1445 2282 dicuntur
1470 2268 1484 2292 ,
1518 2242 1610 2295 per
1638 2239 1700 2280 ea
1728 2238 1846 2293 qua:
1872 2221 1949 2276 fa-

363 2324 532 2379 ciunt.
568 2323 707 2391 Quid
745 2331 828 2377 est
865 2337 993 2391 ergo
1023 2320 1166 2390 quod
1207 2320 1379 2374 dicit?
1421 2333 1490 2372 an
1520 2317 1681 2373 vultis
1720 2315 1949 2387 primum

367 2416 565 2480 dicam,
595 2413 864 2483 quomodo
891 2414 1028 2468 hanc
1053 2413 1339 2467 dictionem
1367 2411 1669 2465 adulteram
1693 2409 1783 2479 qui
1810 2422 1952 2462 mor-

372 2509 441 2562 bo
483 2506 727 2562 laborant
765 2503 1091 2560 Marcionis?
1131 2505 1308 2573 Atque
1348 2503 1460 2558 scio
1498 2501 1712 2573 quidem
1752 2499 1869 2555 fore
1899 2508 1957 2554 ut

370 2602 538 2653 risum
568 2598 789 2652 multum
817 2612 1061 2651 moveam
1085 2611 1099 2661 ;
1130 2611 1315 2650 verum
1342 2596 1503 2650 etiam
1534 2604 1814 2664 propterea
1844 2607 1957 2646 ma-

373 2691 517 2745 xime
544 2690 750 2757 dicam,
774 2695 835 2744 ut
865 2688 1077 2743 illorum
1105 2688 1345 2742 morbum
1371 2687 1538 2757 magis
1565 2683 1796 2755 fugiatis.
1825 2681 1956 2736 Nam

373 2792 654 2853 postquam
670 2782 1082 2838 catechumenus
1098 2779 1359 2852 quispiam
1377 2779 1516 2849 apud
1533 2791 1626 2834 eos
1640 2776 1957 2841 excesserit,

374 2875 477 2930 sub
494 2875 633 2930 lecto
654 2874 847 2928 mortui
870 2873 1134 2927 absconso
1155 2872 1333 2941 aliquo
1354 2871 1586 2936 vivente,
1615 2868 1876 2924 accedunt
1893 2864 1960 2919 ad

379 2975 646 3019 mortuum
687 2973 743 3019 et
785 2965 1125 3033 alloquuntur
1160 2968 1453 3031 rogantque
1488 2961 1686 3016 velitne
1723 2959 1964 3027 accipere

379 3056 700 3125 baptismum
730 3071 745 3109 :
774 3053 966 3109 deinde
1012 3053 1103 3107 illo
1143 3052 1275 3106 nihil
1316 3051 1715 3121 respondente,
1755 3049 1845 3119 qui
1883 3057 1967 3102 est

380 3148 678 3203 absconsus
706 3145 913 3201 inferne
936 3187 951 3212 ,
994 3159 1091 3213 pro
1133 3142 1225 3199 illo
1254 3141 1384 3197 dicit
1412 3157 1472 3197 se
1501 3141 1638 3196 velle
1671 3137 1964 3209 baptizari;

381 3249 439 3295 et
466 3242 544 3295 sic
572 3254 693 3295 eum
724 3234 1003 3309 baptizant'
1028 3252 1123 3307 pro
1149 3251 1215 3291 eo
1242 3235 1332 3305 qui
1358 3233 1628 3297 excessit,
1657 3232 1877 3302 perinde
1905 3245 1970 3285 ac

383 3334 429 3387 si
458 3333 512 3387 in
541 3345 701 3385 scena
730 3330 973 3384 luderent
1004 3346 1016 3382 :
1045 3338 1249 3383 tantum
1277 3327 1441 3380 valuit
1468 3324 1718 3380 diabolus
1743 3323 1797 3378 in
1822 3324 1971 3394 igna-

382 3440 570 3480 vorum
597 3424 808 3479 animis.
837 3422 1038 3478 Deinde
1061 3436 1183 3476 cum
1210 3429 1553 3483 accusantur,
1576 3418 1848 3473 adducunt
1870 3416 1972 3472 hoc

382 3517 606 3572 verbum
628 3556 645 3582 ,
670 3516 911 3570 dicentes
931 3515 1243 3587 Apostolum
1271 3511 1493 3579 dixisse,
1530 3510 1629 3577 Qui
1655 3508 1974 3580 baptizatum-

386 3626 482 3680 pro
503 3611 736 3665 mortuis.
765 3608 1004 3663 Vidistin‘
1025 3621 1269 3677 magnam
1292 3604 1634 3660 irrisionem?
1654 3601 1975 3657 convenitne

388 3702 645 3755 adversus
676 3716 737 3753 ea
773 3699 1112 3766 disceptare?
1152 3697 1266 3767 Ego
1302 3696 1517 3766 quidem
1556 3709 1663 3749 non
1703 3694 1972 3749 arbitror:

392 3795 495 3848 nisi
520 3792 786 3847 disserere
807 3798 1052 3860 oporteat
1073 3805 1195 3844 cum
1222 3789 1523 3843 furentibus
1546 3801 1645 3857 pro
1667 3786 1730 3840 iis
1750 3800 1868 3856 quae
1893 3785 1974 3837 lo—

394 3893 629 3955 quuntur
650 3882 961 3937 delirantes.
1004 3881 1075 3935 Ut
1103 3896 1260 3935 nemo
1286 3891 1464 3936 autem
1493 3882 1734 3948 capiatur
1758 3893 1825 3933 ex
1852 3876 1979 3932 sim-

395 3977 731 4050 plicioribus,
751 3988 971 4028 necesse
986 3983 1068 4028 est
1086 3983 1143 4026 ut
1157 3972 1221 4026 ha
1231 3986 1294 4027 nc
1311 3987 1523 4042 quoque
1540 3970 1977 4041 disceptationem

399 4070 660 4126 adversus
678 4080 772 4123 eos
799 4065 1159 4120 instituamus.
1187 4063 1319 4117 Nam
1341 4064 1383 4117 si
1414 4063 1515 4116 hoc
1540 4061 1742 4117 diceret
1764 4061 1978 4125 Paulus,

400 4178 497 4219 cur
524 4161 757 4216 minatus
786 4167 869 4214 est
894 4157 1035 4213 Deus
1061 4156 1109 4212 ei
1137 4156 1225 4226 qui
1259 4170 1362 4209 non
1394 4154 1730 4222 baptizatur?
1758 4167 1860 4207 non
1888 4168 1983 4221 po-

403 4262 507 4310 test.
535 4252 677 4309 enim
708 4251 821 4305 fieri
851 4258 911 4303 ut
938 4249 1201 4318 quispiam
1233 4246 1485 4316 deinceps
1513 4261 1617 4299 non
1647 4244 1942 4314 baptizetur
1964 4284 1979 4309 ,

398 4348 500 4401 hoc
524 4344 846 4414 excogitato.
893 4340 1104 4410 Alioqui
1137 4354 1264 4392 vero
1303 4353 1406 4393 non
1447 4347 1528 4392 est
1565 4336 1717 4406 culpa
1749 4336 1863 4405 ejus
1892 4335 1981 4405 qui

401 4439 652 4502 excessit,
680 4436 775 4492 sed
800 4436 916 4506 ejus
943 4436 1031 4505 qui
1059 4434 1214 4487 vivit.
1246 4433 1576 4501 Quibusnam
1603 4441 1780 4485 autem
1810 4428 1982 4494 dixit,

403 4528 523 4582 Nisi
551 4526 863 4580 comederitis
888 4541 1092 4578 carnem
1118 4540 1310 4587 meum,
1343 4534 1388 4577 et
1418 4523 1640 4576 biberitis
1668 4539 1834 4576 meum
1861 4538 1985 4574 san-

402 4618 602 4689 guinem
624 4656 638 4680 ,
670 4632 772 4670 non
812 4615 1051 4668 habebitis
1079 4616 1232 4668 vitam
1271 4615 1325 4666 in
1350 4612 1486 4667 vobis
1515 4610 1534 4682 (
1558 4611 1715 4666 Joan.
1744 4611 1796 4665 6.
1829 4612 1896 4666 54
1924 4610 1986 4682 )?

405 4709 613 4763 vivisne
641 4721 707 4760 an
737 4706 964 4760 mortuis
983 4747 997 4769 ,
1031 4705 1116 4761 die
1142 4704 1364 4775 quaeso?
1393 4713 1447 4758 et
1475 4717 1660 4757 rursus
1684 4743 1699 4765 ,
1733 4700 1851 4754 Nisi
1877 4702 1988 4770 quis

401 4808 724 4871 regeneratus
750 4798 901 4867 fuerit
930 4812 992 4850 ex
1017 4813 1147 4866 aqua
1176 4807 1222 4849 et
1254 4795 1451 4863 Spiritu
1473 4835 1488 4857 ,
1514 4811 1615 4846 non
1644 4802 1801 4861 potest
1826 4792 1991 4846 videre

403 4907 614 4961 regnum
644 4889 738 4943 Dei
768 4889 787 4957 (
816 4887 904 4943 Id.
931 4888 985 4943 5.
1015 4889 1048 4942 5
1071 4889 1135 4957 )?
1163 4889 1216 4942 Si
1272 4887 1413 4942 enim
1469 4887 1571 4941 hoc
1625 4886 1948 4955 permittitur
1969 4924 1985 4949 ,

409 4999 507 5037 nec
533 4996 669 5052 Opus
703 4992 787 5037 est
815 4981 1092 5036 voluntate
1120 4989 1175 5034 et
1218 4979 1457 5032 instituto
1483 4978 1600 5047 ejus
1625 4976 1712 5045 qui
1754 4976 1985 5044 accipit,

413 5089 514 5128 nec
539 5088 763 5129 assensu
789 5073 906 5143 ejus
929 5073 1020 5141 qui
1047 5081 1130 5126 est
1154 5071 1205 5125 in
1230 5071 1372 5135 vita;
1400 5070 1525 5139 quid
1550 5076 1690 5123 vetat
1710 5068 1992 5138 quominus

410 5173 466 5217 et
493 5161 690 5216 ethnici
719 5170 772 5217 et
797 5162 965 5217 Judaei
993 5162 1070 5217 sic
1094 5161 1222 5216 fiant
1249 5160 1462 5221 fideles,
1491 5159 1610 5214 aliis
1637 5166 1757 5229 post
1780 5158 1991 5212 illorum

412 5255 691 5308 ili-cessum
718 5267 811 5321 pro
833 5254 938 5306 illis
958 5253 1075 5307 haec
1096 5250 1445 5306 facientibus?
1463 5249 1567 5306 Sed
1591 5264 1658 5305 ne
1676 5264 1991 5304 aranearum

417 5348 550 5398 nias
573 5342 802 5411 amplius
824 5343 1253 5406 eonscindentes,
1280 5343 1509 5396 inaniter
1534 5342 1836 5398 laboremus
1854 5383 1868 5407 ,
1895 5356 1995 5411 age

415 5438 575 5500 hujus
596 5433 847 5489 dictionis
874 5432 979 5486 vim
1003 5434 1347 5502 explicemus.
1377 5433 1512 5499 Quid
1542 5448 1668 5503 ergo
1697 5433 1825 5488 dicit
1852 5432 1993 5487 Pau-

404 5526 541 5582 1us?
569 5526 733 5584 Vobis
761 5527 1014 5596 primum,
1044 5526 1131 5595 qui
1163 5525 1431 5596 mysteriis
1457 5525 1586 5579 estis
1616 5524 1840 5591 initiati,
1872 5524 1994 5579 volo

417 5621 470 5672 in
503 5620 812 5675 memoriam
842 5631 1100 5673 revocare
1125 5630 1243 5670 eam
1273 5614 1561 5669 dictionem
1587 5657 1602 5681 ,
1634 5630 1791 5685 quam
1820 5616 1872 5668 in
1904 5616 1992 5670 illa

416 5725 634 5781 vespera
667 5711 856 5781 iubent
890 5725 985 5766 vos
1024 5708 1200 5765 dicere
1240 5709 1331 5779 qui
1374 5709 1627 5777 mysterio
1668 5707 1907 5773 initiant,
1941 5717 1995 5763 et

2050 1505 2176 1552 tunc
2199 1496 2325 1567 quid
2350 1496 2492 1552 dicat
2521 1496 2716 1553 Paulus
2743 1499 3021 1569 explicabo
3049 1521 3063 1556 :
3091 1504 3169 1560 sic
3197 1508 3338 1562 enim
3368 1510 3471 1566 hoc
3497 1526 3637 1582 quo-

2047 1600 2154 1656 que
2182 1587 2334 1641 vobis
2361 1588 2464 1641 erit
2504 1587 2809 1644 dilucidius.
2842 1590 2974 1645 Nam
3023 1604 3142 1663 post
3181 1599 3280 1650 alia
3310 1604 3486 1656 omnia
3529 1605 3639 1659 hoc

2050 1680 2293 1735 addimus
2319 1721 2333 1745 ,
2362 1681 2503 1751 quod
2548 1698 2691 1738 nunc
2730 1684 2860 1739 dicit
2904 1686 3117 1742 Paulus.
3161 1690 3231 1745 Et
3263 1694 3388 1748 volo
3415 1696 3641 1766 quidem

2049 1783 2234 1842 aperte
2265 1773 2366 1827 hoc
2389 1773 2567 1829 dicere
2596 1792 2609 1828 :
2640 1782 2751 1829 non
2776 1777 2946 1832 audeo
2972 1788 3150 1837 autem
3182 1794 3400 1854 propter
3422 1802 3517 1843 eos
3545 1790 3639 1857 qui

2052 1880 2158 1917 non
2188 1874 2312 1919 sunt
2339 1865 2530 1920 initiati
2563 1885 2575 1920 :
2605 1867 2638 1921 ii
2666 1869 2809 1923 enim
2839 1872 3226 1939 expositionem
3257 1878 3410 1932 nobis
3436 1878 3644 1935 faciunt

2052 1953 2430 2021 difficiliorem,
2454 1964 2514 2010 ut
2536 1957 2625 2027 qui
2653 1972 2750 2012 nos
2774 1971 2965 2030 cogant
2985 1963 3069 2017 vel
3095 1980 3199 2019 non
3228 1975 3412 2036 aperte
3434 1970 3641 2031 dicere.

2055 2057 2147 2100 aut
2185 2047 2263 2101 eis
2306 2063 2498 2101 arcana
2538 2051 2838 2106 enuntiare.
2881 2052 2984 2108 Sed
3018 2066 3191 2110 tamen
3222 2058 3394 2113 dicam
3419 2102 3440 2126 ,
3464 2062 3645 2130 quoad

2056 2139 2173 2209 ejus
2198 2153 2228 2192 a
2255 2154 2342 2194 me
2367 2137 2481 2193 fieri
2512 2141 2725 2209 poterit,
2755 2151 2895 2199 tecte
2920 2156 2976 2200 et
2997 2146 3330 2205 adumbrate.
3360 2151 3493 2206 Nam
3523 2164 3649 2221 post

2058 2232 2403 2302 mysticorum
2432 2233 2644 2287 illorum
2671 2243 2728 2290 et
2752 2237 3066 2293 terribilium
3089 2240 3375 2297 verborum
3399 2247 3651 2301 enuntia-

2060 2324 2280 2391 tionem,
2309 2333 2364 2379 et
2392 2325 2688 2382 horrendas
2717 2331 2928 2399 regulas
2956 2332 3286 2403 dogmatum,
3313 2353 3434 2406 qua:
3456 2353 3489 2393 e
3512 2340 3652 2394 casio

2061 2425 2184 2469 sunt
2213 2415 2466 2480 demissa,
2510 2417 2616 2473 hoc
2651 2434 2862 2490 quoque
2900 2422 2953 2476 in
2984 2421 3090 2479 ﬁne
3113 2425 3359 2482 addimus
3382 2467 3399 2491 ,
3432 2427 3654 2498 quando

2061 2522 2247 2563 sumus
2287 2508 2584 2580 baptizandi
2611 2552 2625 2577 ,
2648 2510 2899 2581 jubentes
2928 2513 3108 2570 dicere
3129 2558 3147 2582 ,
3174 2517 3350 2573 Credo
3381 2521 3435 2574 in
3464 2535 3653 2575 resur-

2063 2600 2354 2655 rectionem
2402 2610 2735 2657 mortuorum
2765 2620 2779 2657 :
2807 2613 2862 2658 et
2904 2605 2956 2660 in
3004 2605 3105 2662 hac
3152 2607 3257 2663 fide
3293 2611 3653 2680 baptizamur.

2065 2691 2350 2761 Postquam
2380 2693 2522 2748 enim
2554 2693 2655 2748 hoc
2681 2696 2909 2751 confessi
2952 2712 3136 2753 sumus
3172 2715 3292 2755 cum
3333 2702 3454 2757 aliis
3477 2744 3495 2768 ,
3526 2713 3657 2758 tunc

2065 2781 2398 2837 demittimur
2427 2784 2479 2836 in
2508 2785 2709 2839 fontem
2745 2800 3019 2841 sacrorum
3050 2788 3265 2844 illorum
3304 2791 3653 2848 fluentorum.

2069 2873 2182 2927 lfoc
2207 2887 2336 2944 ergo
2365 2873 2418 2927 in
2447 2876 2759 2929 memoriam
2794 2891 3056 2934 revocans
3085 2878 3297 2935 dicebat
3326 2881 3527 2937 Paulus
3545 2923 3563 2947 ,
3595 2884 3659 2938 Si

2068 2980 2171 3017 non
2200 2974 2272 3019 est
2297 2965 2616 3030 resurrectio,
2646 2982 2736 3019 cur
2763 2965 3035 3038 baptizari;
3064 2986 3158 3039 pro
3186 2973 3440 3028 mortuis?
3467 2974 3520 3028 id
3549 2985 3658 3041 est,

2073 3070 2172 3125 pro
2195 3057 2530 3125 corporibus.
2563 3056 2791 3128 Propter
2818 3059 2919 3115 hoc
2944 3061 3087 3115 enim
3113 3062 3433 3132 baptizaris,
3460 3067 3660 3120 mortui

2073 3147 2316 3216 corporis
2355 3147 2581 3202 credens
2626 3151 3071 3207 resurrectionem
3097 3192 3117 3219 ,
3143 3169 3339 3223 nempe
3365 3156 3508 3225 quod
3548 3172 3659 3210 non

2074 3246 2288 3294 maneat
2313 3247 2601 3293 mortuum.
2633 3239 2698 3293 Et
2725 3249 2779 3294 tu
2805 3242 3019 3311 quidem
3047 3258 3143 3312 per
3168 3246 3331 3299 verba
3356 3246 3487 3300 dicis
3510 3260 3658 3300 mor-

2077 3338 2288 3384 tuorum
2316 3330 2760 3385 resurrectionem
2789 3350 2803 3384 :
2831 3334 3082 3389 sacerdos
3107 3345 3285 3391 autem
3314 3349 3580 3407 tamquam
3605 3338 3663 3392 in

2079 3419 2304 3489 quadam
2336 3418 2584 3490 imagine,
2614 3436 2733 3490 qua:
2762 3422 3034 3478 credidisti
3063 3434 3116 3480 et
3145 3441 3238 3494 per
3266 3428 3425 3483 verba
3452 3442 3514 3483 es
3537 3444 3669 3483 con-

2079 3510 2253 3566 fessus
2277 3552 2291 3578 ,
2326 3511 2485 3566 etiam
2517 3526 2613 3581 per
2643 3527 2730 3567 res
2760 3512 2903 3582 ipsas
2929 3515 3183 3570 ostendit.
3215 3518 3441 3585 Quando
3464 3522 3671 3590 absque

2081 3603 2233 3672 signo
2256 3601 2460 3667 credis,
2488 3611 2616 3658 tunc
2643 3602 2737 3658 tibi
2765 3605 2924 3658 etiam
2952 3607 3155 3674 praebet
3181 3608 3390 3678 signum
3418 3611 3672 3681 :quando

2082 3711 2202 3764 qua:
2247 3704 2333 3749 tua
2376 3703 2502 3750 sunt
2544 3695 2735 3750 feceris
2759 3738 2773 3762 ,
2816 3705 2943 3754 tunc
2984 3699 3126 3755 Deus
3162 3716 3375 3772 quoque
3407 3712 3459 3758 te
3494 3704 3673 3760 reddit

2082 3784 2392 3841 certiorem.
2438 3784 2762 3851 Quomodo?
2811 3786 2915 3841 Per
2956 3804 3167 3858 aquam.
3219 3791 3482 3860 Baptizari
3526 3796 3671 3850 enim

2086 3886 2141 3930 et
2163 3876 2421 3947 demergi,
2453 3877 2645 3933 deinde
2674 3894 2886 3933 sursum
2919 3896 3159 3937 remeare
3188 3892 3238 3937 et
3268 3900 3565 3956 emergere,
3590 3896 3674 3941 est

2086 3967 2386 4040 symbolum
2422 3983 2517 4023 seu
2554 3969 2761 4038 signum
2794 3970 3083 4026 descensus
3126 3973 3193 4028 ad
3237 3975 3437 4031 inferos
3466 3985 3524 4031 et
3552 3978 3675 4031 inde

2087 4075 2360 4115 ascensus.
2391 4061 2748 4127 Quamobrem
2779 4061 2973 4117 Paulus
2999 4079 3209 4135 quoque
3237 4067 3562 4136 baptismum
3590 4083 3673 4122 se—

2089 4152 2329 4221 pulcrum
2366 4161 2554 4217 vocat,
2592 4152 2820 4208 dicens:
2851 4154 3142 4227 Cousepulti
3177 4158 3310 4211 enim
3348 4175 3524 4214 sumus
3562 4176 3676 4214 cum

2088 4244 2180 4298 illo
2200 4261 2289 4314 per
2306 4244 2608 4315 baptismum
2628 4248 2680 4299 in
2700 4256 2908 4301 mortem
2926 4248 3104 4319 (Rom.
3127 4251 3180 4307 6.
3201 4251 3283 4321 4).
3306 4252 3386 4307 Ex
3411 4267 3481 4308 eo
3499 4264 3677 4310 autem

2091 4350 2205 4390 rem
2234 4333 2466 4390 futuram
2496 4351 2706 4406 quoque
2735 4337 2861 4392 facit
2888 4339 3230 4408 credibilem,
3260 4357 3571 4410 corporum,
3599 4346 3679 4399 in-

2090 4443 2274 4498 quam,
2299 4428 2767 4484 resurrectionem.
2796 4429 2889 4485 Est
2916 4433 3057 4486 enim
3085 4416 3241 4503 longe
3264 4433 3435 4504 majus
3460 4447 3677 4504 peccata

2092 4520 2314 4586 delere,
2360 4535 2517 4589 quam
2567 4534 2761 4588 corpus
2809 4521 3090 4577 suscitare.
3139 4524 3205 4578 Et
3247 4525 3350 4579 hoc
3391 4527 3680 4580 enuntians

2092 4610 2338 4667 Christus
2359 4611 2568 4666 dicebat
2592 4630 2605 4663 :
2633 4612 2768 4679 Quid
2788 4613 2929 4667 enim
2951 4624 3022 4667 est
3051 4615 3254 4685 facilius
3278 4616 3464 4681 dicere,
3492 4618 3683 4673 Remit—

2096 4711 2273 4756 tuntur
2301 4702 2388 4754 tibi
2414 4711 2639 4771 peccata,
2665 4719 2730 4756 an
2756 4703 2941 4767 dicere,
2976 4702 3119 4758 Tolle
3142 4705 3440 4775 grabbatum
3465 4716 3607 4760 tuum
3635 4716 3682 4760 et

2096 4793 2298 4846 ambula
2346 4792 2573 4863 (Matth.
2604 4792 2657 4847 9.
2685 4793 2738 4847 5.
2764 4794 2796 4847 6
2820 4794 2879 4864 )?
2918 4793 3050 4848 illud
3081 4795 3333 4864 quidem,
3361 4798 3573 4867 inquit,
3602 4804 3683 4851 est

2095 4885 2367 4940 difficilius
2393 4901 2407 4936 :
2433 4885 2682 4954 quoniam
2710 4894 2884 4939 autem
2916 4885 2965 4937 id
2996 4887 3171 4940 minus
3195 4888 3435 4953 creditis,
3462 4901 3520 4944 ut
3544 4888 3679 4961 quod

2097 4992 2207 5031 non
2233 4976 2302 5030 sit
2330 4975 2548 5030 evidens
2572 5016 2588 5042 ,
2620 4984 2673 5030 et
2698 4974 2839 5045 quod
2879 4984 2964 5030 est
2995 4976 3202 5031 facilius
3229 4994 3326 5046 pro
3350 4979 3555 5033 difficili
3586 4981 3681 5032 ha-

2098 5068 2271 5132 betis,
2315 5082 2506 5137 nempe
2549 5075 2829 5136 potestatis
2871 5082 3007 5121 meze
3045 5070 3445 5132 ostensionem;
3488 5086 3556 5125 ne
3586 5071 3683 5122 hoc

2099 5159 2312 5229 quidem
2338 5157 2588 5212 indicium
2617 5157 2875 5212 recuSabo
2906 5159 3058 5212 vobis
3086 5159 3365 5213 exhibere.
3397 5158 3541 5212 Tunc
3565 5159 3680 5211 dicit

2102 5251 2402 5322 parulytico,
2429 5250 2614 5320 Surge,
2645 5249 2765 5303 tolle
2788 5250 2971 5303 lectum
2997 5262 3159 5316 tuum,
3182 5263 3229 5305 et
3251 5250 3378 5305 uade
3403 5253 3458 5304 in
3482 5252 3684 5305 domum

2102 5353 2262 5395 tuam.

2170 5433 2225 5486 2.
2268 5432 2336 5486 Ει
2372 5430 2641 5501 quomodo
2678 5441 2755 5486 est
2782 5472 2798 5496 ,
2840 5433 3049 5501 inquies
3071 5475 3084 5493 .
3126 5432 3344 5486 difficile
3366 5474 3382 5499 ,
3415 5447 3541 5487 cum
3586 5431 3683 5485 hoc

2101 5524 2307 5592 possint
2328 5521 2502 5577 facere
2524 5532 2576 5576 et
2600 5537 2753 5592 reges
2775 5533 2829 5576 et
2852 5523 3153 5592 principes?
3177 5523 3452 5577 adulteros
3473 5523 3613 5575 enim
3632 5528 3686 5573 et

2104 5614 2398 5669 homicidas
2423 5614 2498 5668 illi
2526 5613 2819 5668 dimittunt.
2847 5613 3031 5681 Ludis,
3055 5630 3088 5668 ο
3114 5613 3295 5677 homo,
3325 5613 3445 5669 hanc
3470 5614 3679 5668 dicens:

2105 5724 2225 5761 nam
2275 5722 2420 5763 SOIUS
2465 5707 2680 5778 quidem
2722 5707 2863 5762 Deus
2901 5716 3075 5777 potest
3114 5712 3331 5775 peccata
3369 5706 3685 5761 remittere;
