4018 6156
314 465 691 533 διασωζόντων
726 466 1032 538 δεομένους,
1068 465 1165 521 καὶ
1199 465 1603 537 ἐπιθυμοῦντας
1633 467 1732 536 τῆς
1781 482 1893 520 και

315 560 634 621 ταστάσεως
663 558 895 628 ἐκείνης,
942 558 1000 611 ἐν
1103 556 1301 629 πρὶν-ἢ
1331 558 1694 629 διαρῥαγῆναι
1721 553 1887 629 ἦσαν.

316 650 590 722 Καθάπερ
608 650 715 720 γὰρ
740 650 795 703 αἱ
820 649 1049 702 κύουσαι
1070 647 1185 702 τῶν
1206 647 1504 718 γυναικῶν,
1529 647 1673 701 οὕτω
1695 646 1888 718 βαρού-

319 758 475 810 μενοι
511 739 611 804 τάς
644 739 918 810 γαστέρας
968 738 1375 810 περιφέρονται,
1427 738 1522 791 καὶ
1565 737 1717 807 μόλις
1765 739 1887 791 ἐπι-

318 832 582 893 ϐαίνουσι,
609 832 702 884 καὶ
733 829 887 900 μόλις
915 829 1194 900 βλέπουσι,
1229 830 1323 882 καὶ
1355 828 1507 899 μόλις
1537 828 1884 898 φθέγγονται.

316 925 413 976 καὶ
445 922 623 977 πάντα
672 921 844 991 μόλις.
887 923 985 973 Ἂν
1012 920 1069 973 δὲ
1111 919 1307 991 μικρὸν
1334 919 1529 981 αὐτοὺς
1556 918 1695 989 τύχῃ
1720 935 1889 972 κατα-

314 1013 553 1085 δαρθεῖν,
585 1012 843 1084 ὀνείρατα
872 1011 1036 1066 πάλιν
1079 1012 1257 1066 ἄτοπα
1287 1011 1380 1064 καὶ
1409 1010 1620 1081 μυρίων
1651 1010 1889 1081 γέμοντα

316 1103 628 1174 φαντασιῶν
659 1103 850 1173 ὁρῶσι.
876 1103 943 1155 Τί
975 1102 1043 1156 ἀν
1063 1118 1148 1166 τις
1170 1102 1313 1154 εἴποι
1339 1100 1438 1171 τὴν
1466 1101 1658 1171 ἑτέραν
1682 1100 1888 1154 τούτων

224 1188 227 1190 ’
320 1193 538 1263 μανίαν,
559 1192 659 1263 τὴν
678 1191 786 1244 τῶν
807 1190 1136 1261 ἀφροδισίων
1162 1188 1336 1258 λέγω;
1362 1189 1470 1243 Καὶ
1493 1189 1603 1261 γὰρ
1627 1190 1723 1243 καὶ⁷
1748 1187 1889 1260 αῦτη

314 1284 416 1346 τὰς
445 1284 627 1352 πηγὰς
664 1281 918 1336 ἐντεῦθεν
963 1281 1077 1353 ἔχει
1095 1299 1111 1315 ’
1146 1281 1239 1335 κα)⁵
1267 1279 1513 1353 καθάπερ
1542 1281 1697 1335 ἵπποι
1725 1280 1890 1349 θηλυ-

319 1377 531 1443 μανείς,
577 1372 722 1426 οὕτω
777 1371 856 1444 τῷ
898 1373 1098 1443 οἴστρῳ
1144 1370 1244 1441 τῆς
1302 1369 1473 1441 μέθης
1519 1369 1895 1439 κεντούμενοι,

319 1465 490 1517 πᾶσιν
544 1463 900 1534 ἐπιπηδῶσιν,
960 1462 1296 1534 ἀλογώτερον
1358 1461 1455 1516 καὶ
1523 1461 1895 1534 μανικώτερον

317 1553 545 1609 ἐκείνων
568 1554 915 1627 σκιρτῶντες,
943 1552 1226 1610 καὶπολλὰ
1248 1553 1413 1625 ἕτερα
1435 1550 1890 1625 ἀσχημονοῦντες,

1401 349 1477 406 IN.
1506 348 1727 406 EPIST.
1768 349 1790 405 1
1860 348 1954 403 AD
1989 348 2149 405 COR.
2189 336 2425 404 HOMIL.
2465 344 2577 399 XL.

3460 333 3575 394 διε

1991 465 2026 520 ἃ
2057 465 2191 537 μηδέ
2230 465 2403 518 εἰπεῖν
2449 461 2628 530 θέμις.
2661 458 2797 513 Οὖδέ
2826 459 2934 530 75:9
2970 458 3117 510 ἴσασι
3147 449 3336 506 λοιπδν
3363 447 3487 503 οὗτε
3530 448 3575 503 ἃ

1993 557 2318 627 πάσχουσιν,
2351 552 2474 608 οὔτε
2507 553 2551 607 ἃ.
2569 553 2922 624 πράττουσιν.
2970 547 3111 602 Ἀλλ’
3142 545 3298 615 οὐχ.ό
3337 542 3413 614 μὴ
3437 558 3579 612 τρυ...
3622 552 3625 555 ν

1992 647 2131 717 φῶν,
2152 646 2412 709 τοιοῦτος’
2441 644 2555 699 ἀλλ’
2580 646 2645 696 ἐν
2660 643 2838 715 λιμένι
2858 642 3093 712 κάθηται
3111 637 3181 691 τὰ
3205 636 3408 705 ἐτέρων
3429 630 3570 703 ὀρῶν

1993 739 2250 807 ναυάγια,
2272 737 2367 793 καὶ
2387 737 2581 807 ἡδονῆς
2606 735 2871 790 ἀπολαύει
2896 731 3142 803 καθαρᾶς
3171 728 3267 783 καὶ
3291 722 3567 795 διαρκοῦς,

1991 831 2091 899 τὴν
2120 830 2388 900 ἐλευθέρῳ
2419 829 2805 898 προσήκουσαν
2837 825 2982 896 ζωὴν
3018 820 3237 894 μετιών.
3264 818 3431 873 Ταῦτ⁹
3476 811 3570 869 οὗν

1996 919 2151 992 [578]
2173 918 2398 985 ειδότες,
2436 915 2699 988 φύγωμεν
2726 917 2795 970 τὰ
2823 917 3038 987 πονηρὰ
3061 913 3161 976 τῆς
3191 909 3408 981 τρυφῆς
3429 922 3572 975 συμ-

1995 1009 2178 1074 πόσια,
2216 1010 2313 1063 καὶ
2339 1009 2493 1079 λιτῆς
2519 1007 2874 1078 ἀντεχώμεθα
2898 1004 3201 1077 τραπέζης,
3237 1002 3323 1053 ἵνα
3350 998 3445 1052 καὶ
3471 995 3569 1065 τὴν

1993 1098 2169 1171 ψυχὴν
2199 1098 2293 1153 καὶ⁸
2323 1097 2386 1151 16
2417 1096 2575 1168 σῶμα
2602 1092 2661 1150 εὖ
2702 1094 3057 1165 διακείμενοι,
3092 1090 3274 1144 πᾶσάν
3305 1104 3364 1142 τε
3404 1088 3570 1155 ἐργα-

1998 1189 2222 1260 σώμεθα
2285 1188 2505 1260 ἀρετὴν,
2551 1189 2647 1242 καὶ
2692 1187 2801 1239 τῶν
2864 1184 3168 1257 μελλόντων
3223 1178 3570 1247 ἐπιτύχωμεν

1994 1280 2234 1350 ἀγαθῶν,
2264 1280 2447 1351 χάριτι
2488 1280 2583 1332 καὶ
2612 1276 2995 1349 φιλανθρωπίᾳ
3028 1272 3122 1327 τοῦ
3166 1269 3372 1342 Κυρίου
3411 1264 3575 1337 ἡμῶν

2007 1371 2182 1442 Ἰησοῦ
2229 1369 2490 1441 Χριστοῦ,
2536 1369 2656 1440 μεθ’
2709 1362 2771 1422 οῦ
2825 1366 2903 1436 τῷ
2949 1365 3127 1437 Πατρὶ
3160 1363 3276 1433 ἅμα
3325 1358 3404 1429 τῷ
3432 1354 3573 1425 ἁγίῳ

1995 1462 2276 1533 Πνεύματι
2319 1462 2467 1527 δόξα,
2497 1461 2719 1531 κράτος,
2772 1458 2926 1529 τιμὴ,
2956 1458 3051 1511 νῦν
3084 1457 3179 1510 καὶ
3213 1454 3320 1519 ἀεὶ,
3363 1449 3458 1505 καὶ
3492 1448 3584 1511 είς

1996 1553 2125 1616 τοὺς
2150 1552 2352 1615 αίῶνας
2383 1551 2490 1605 τῶν
2529 1551 2759 1605 αἰώνων.
2809 1549 3001 1620 Ἀμήν.

1805 1786 2047 1840 ΟΜΙΛΙΑ
2086 1787 2176 1840 Μ’.

336 1901 496 1957 Ἐπεὶ
533 1902 592 1955 τί
625 1902 992 1969 ποιήσουσιν
1037 1905 1094 1957 οἱ
1119 1899 1539 1970 βαπτιζόμενοι
1586 1901 1737 1967 ὑπὲρ
1770 1900 1888 1970 τῶν

390 1970 638 2038 νεκρῶν,
668 1974 720 2026 ει
753 1968 907 2039 ὅλως
936 1972 1138 2040 νεκροὶ
1174 1973 1289 2040 οὐκ
1312 1968 1635 2040 ἐγείρονται
1651 1987 1672 2035 ;
1707 1970 1765 2023 τί
1790 1968 1889 2023 καί

382 2041 770 2105 βαπτίζονται
794 2044 949 2110 ὑπὲρ
974 2039 1093 2095 τῶν
1117 2039 1378 2109 νεκρῶν-ς

385 2156 451 2203 α’.
485 2152 691 2224 Ἐτέρῳ
719 2154 881 2207 πάλιν
912 2156 1180 2226 ἐπιχειρεῖ
1214 2152 1513 2225 κεφαλαίῳ,
1537 2155 1666 2209 ποτέ
1697 2155 1795 2224 μὲν
1824 2154 1884 2221 ἐξ

312 2228 390 2287 ὧν
416 2239 445 2288 6
469 2236 600 2301 Θεὸς
629 2242 791 2305 ποιεῖ,
826 2240 956 2292 ποτὲ
985 2240 1040 2292 δὲ
1072 2240 1133 2304 ἐξ
1168 2239 1345 2292 αὐτῶν
1365 2233 1438 2294 ὧν
1459 2240 1781 2310 πράττουσι,
1814 2239 1884 2293 τά

311 2316 585 2387 λεγόμενα
614 2322 1054 2384 κατασκευάζων.
1088 2321 1163 2374 Ού
1194 2321 1389 2393 μικρὸν
1423 2321 1478 2375 δέ
1509 2323 1603 2375 καὶ
1625 2322 1784 2376 τοῦτο
1811 2325 1890 2385 είς

312 2402 646 2472 συνηγορίαν
666 2402 958 2474 δικαίωμα,
981 2404 1111 2457 ὅταν
1130 2405 1256 2468 τοὺς
1286 2405 1670 2472 ἀντιλέγοντας
1695 2406 1892 2469 αὐτοὺς

312 2483 606 2554 μάρτυρας
635 2486 950 2558 παραγάγῃ,
985 2486 1052 2539 δι’
1074 2480 1150 2538 ὧν
1176 2486 1415 2550 ποιοῦσι,
1435 2487 1545 2540 τῶν
1564 2488 1890 2557 λεγομένων.

310 2566 382 2618 Τί
414 2563 507 2620 οὖν
536 2570 684 2622 ἐστιν
713 2569 740 2621 ὃ
771 2585 974 2636 φησιν;
1007 2569 1038 2638 ἢ
1065 2568 1316 2638 βούλεσθε
1346 2568 1562 2638 πρῶτον
1594 2570 1752 2636 εἴπω,
1777 2569 1896 2633 πῶς

309 2650 685 2717 παραποιοῦσι
714 2650 814 2721 τὴν
848 2651 1007 2720 ῥῆσιν
1040 2652 1246 2719 ταύτην
1273 2651 1323 2702 οἱ
1345 2650 1414 2704 τὰ
1453 2652 1776 2721 Μαρκίωνος
1804 2668 1895 2704 νο-

311 2731 570 2799 σοῦντες;
624 2734 734 2787 Καὶ
785 2729 905 2787 οἶδα
943 2733 1042 2803 μὲν
1068 2735 1150 2788 ὅτι
1200 2734 1367 2789 πολὺν
1413 2736 1619 2807 κινήσω
1661 2735 1894 2803 γέλωτα,

309 2813 460 2884 πλὴν
488 2814 626 2868 ἀλλά
654 2815 753 2869 καὶ
779 2815 868 2869 διὰ
892 2814 1055 2868 τοῦτο
1083 2814 1318 2885 μάλιστα
1346 2815 1476 2886 ἐρῶ.
1515 2817 1600 2870 ἵνα
1633 2815 1894 2888 μειζόνως

308 2896 498 2948 αὐτῶν
527 2896 736 2966 φύγητε
764 2899 865 2967 τὴν
886 2898 1062 2953 νόσον.
1107 2899 1357 2953 Ἐπειδὰν
1387 2899 1496 2966 γάρ
1521 2917 1602 2962 τις
1625 2901 1894 2971 κατηχού-

313 2994 481 3046 μενος
508 2978 722 3052 ἀπέλθῃ
752 2981 885 3052 παρ’
905 2981 1110 3045 αὐτοῖς,
1135 2980 1226 3035 τόν
1261 2980 1437 3046 ζῶντα
1465 2982 1570 3034 ὑπὸ
1589 2981 1685 3051 τὴν
1706 2982 1895 3053 κλίνην

309 3059 414 3113 τιιῦ
453 3061 905 3133 τετελευτηκότος
947 3062 1273 3133 κρύψαντες,
1312 3064 1567 3135 προσίασι
1601 3064 1678 3135 τῷ
1718 3064 1896 3134 νεκρῷ

311 3141 412 3191 καί
434 3138 776 3209 διαλέγονται
817 3142 911 3195 καὶ
944 3141 1328 3206 πυνθάνονται,
1365 3144 1414 3195 εί
1448 3142 1689 3212 βούλοιτο
1709 3142 1894 3196 λαϐεῖν

309 3223 375 3274 τὸ
414 3221 699 3293 βάπτισμα
719 3240 732 3251 ·
765 3218 885 3278 εἶτα
919 3223 1131 3278 ἐκείνου
1178 3225 1347 3294 μηδὲν
1387 3226 1840 3297 ἀποκρινομένου,
1867 3226 1897 3278 6

311 3308 702 3377 κεκρυμμένος
741 3307 987 3363 κάτωθεν
1041 3309 1156 3361 ἀντ’
1207 3309 1417 3362 ἐκείνου
1474 3311 1658 3382 φησὶν,
1711 3311 1791 3363 ὄτι
1831 3309 1896 3380 δὴ

316 3389 567 3457 βούλοιτο
601 3390 992 3462 βαπτισθῆναν
1027 3393 1121 3446 καὶ
1165 3391 1305 3446 οὕτω
1341 3392 1692 3462 βαπτίζουσιν
1735 3393 1896 3446 αὐτὸν

316 3472 445 3524 ἀντὶ
475 3472 569 3525 τοῦ
617 3472 964 3539 ἀπελθόντος,
1001 3474 1251 3545 καθάπερ
1279 3476 1373 3528 ἐπὶ
1397 3474 1494 3543 τῆς
1522 3476 1727 3545 σκηνῆς
1767 3474 1895 3527 παί-

321 3552 512 3615 ζοντες
534 3569 548 3583 ·
579 3555 825 3609 τοσοῦτον
857 3555 1048 3626 ἴσχυσε
1090 3560 1208 3619 ταῖς
1230 3558 1337 3610 τῶν
1369 3555 1627 3627 ῥᾳθύμων
1652 3555 1850 3626 ψυχαῖς
1868 3557 1898 3608 6

319 3635 595 3699 διάϐολος.
648 3634 780 3693 Εἶτα
828 3640 1235 3711 ἐγκαλούμενοι,
1278 3641 1426 3693 τουτὶ
1482 3640 1789 3710 παράγουσι
1837 3639 1898 3692 16

321 3718 484 3788 ῥῆμα
513 3718 782 3787 λέγοντες,
832 3723 915 3776 ὅτι
969 3725 1063 3777 καὶ
1107 3725 1135 3775 6
1179 3721 1501 3783 Ἀπόστολος
1549 3722 1789 3792 εἴρηκεν
1832 3724 1921 3775 Οί.

310 3801 741 3872 ,βαπτιζόμενοι
773 3806 921 3871 ὑπὲρ
949 3806 1067 3859 τῶν
1086 3804 1335 3873 νεκρῶν.
1370 3801 1517 3868 Εἶδες
1540 3806 1633 3858 16v
1658 3805 1896 3874 καταγέ-

316 3884 468 3939 λωτα
497 3886 590 3939 τὸν
612 3886 806 3954 πολύν;
826 3884 914 3960 ἆρ’
934 3885 1026 3943 οῦν
1051 3889 1186 3961 πρὸς
1209 3889 1382 3942 ταῦτα
1413 3890 1687 3942 ἀντειπεῖν
1710 3887 1894 3956 ἀξιον;

317 3973 434 4023 Οὐκ
474 3970 651 4039 ἔγωγε
689 3967 876 4043 οἷμαιο
909 3975 1049 4044 πλὴν
1081 3975 1129 4026 εί
1162 3972 1235 4044 μὴ
1270 3974 1498 4036 καὶτοῖς
1531 3973 1894 4043 μαινομένοις,

317 4055 461 4125 ὑπὲρ
491 4048 567 4107 ὧν
604 4057 1012 4124 παραπαίοντες
1049 4056 1397 4125 φθέγγονται,
1421 4057 1762 4124 διαλέγεσθαι
1794 4058 1890 4112 δεῖ.

318 4138 439 4191 ἰνα
473 4139 532 4191 δὲ
570 4140 759 4208 μηδεὶς
779 4140 888 4193 τῶν
913 4140 1116 4210 σφόδρα
1138 4140 1515 4211 ἁφελεστέρων
1552 4140 1682 4211 ἁλῷ,
1725 4143 1893 4212 ἀναγ-

318 4223 481 4274 καῖον
521 4221 811 4290 ὑπομεῖναι
857 4223 952 4276 καὶ
994 4222 1092 4292 τὴν
1123 4223 1258 4291 πρὸς
1287 4222 1509 4285 τούτους
1553 4224 1891 4295 ἀντίρῥησιν.

318 4303 382 4355 Et
415 4304 530 4373 γὰρ
553 4302 713 4357 τοῦτο
754 4304 907 4372 ἔλεγε
949 4304 1182 4368 Παῦλος,
1219 4303 1362 4368 τίνος
1388 4304 1574 4357 ἕνεκεν
1601 4307 1895 4378 ἠπείλησεν

317 4387 346 4437 6
385 4385 523 4447 Θεὸς
562 4384 641 4454 τῷ
692 4385 767 4456 μὴ
822 4387 1221 4457 βαπτιζομένῳ.
1266 4387 1341 4440 Οὐ
1369 4386 1476 4457 γὰρ
1523 4386 1637 4439 ἐστι
1674 4388 1797 4441 τινὰ
1818 4390 1891 4460 μὴ

320 4467 689 4537 βαπτισθῆναι
722 4470 905 4523 λοιπὸν
940 4469 1315 4539 ἐπινοηθέντος
1370 4469 1586 4522 τούτου·
1619 4469 1794 4533 ἄλλως
1839 4472 1898 4525 δὲ

316 4550 379 4602 16
403 4549 661 4621 ἔγκλημα
682 4551 864 4605 οὐκέτι
894 4553 1044 4623 παρὰ
1070 4553 1160 4607 τὸν
1179 4553 1482 4607 ἀπελθόντα
1506 4553 1734 4621 γίνεται,
1763 4553 1898 4607 ἀλλὰ

316 4633 470 4703 παρά
516 4633 607 4685 τὸν
654 4634 853 4697 ζῶντα.
886 4635 1008 4689 Τίσι
1057 4636 1113 4689 δὲ
1147 4636 1350 4704 ἔλεγεν,
1400 4635 1536 4689 Ἐὰν
1551 4636 1638 4704 μὴ
1670 4634 1900 4705 φάγητέ

311 4732 432 4784 μου
457 4714 579 4783 τὴν
606 4716 822 4784 σάρκα,
845 4717 944 4773 καὶ
972 4718 1147 4785 πίητέ
1164 4736 1281 4787 μου
1311 4718 1378 4771 τό
1404 4714 1567 4788 αἷμα,
1593 4722 1703 4773 οὐκ
1730 4719 1899 4787 ἔχετε

319 4796 474 4866 ζωὴν
498 4800 570 4852 ἐν
587 4799 860 4867 ἑαυτοῐς;
888 4803 1000 4866 τοῖς
1027 4802 1213 4868 ζῶσιν,
1240 4802 1272 4871 ἢ
1294 4804 1407 4865 τοῖς
1434 4802 1895 4873 τετελευτηκόσιν,

320 4882 440 4935 εἰπέ
481 4900 612 4949 μοι,
662 4886 757 4936 καὶ
784 4884 984 4947 πάλιν,
1026 4886 1126 4939 Ἂν
1166 4884 1250 4953 μή
1295 4903 1385 4950 τις
1429 4885 1810 4953 ἀναγεννηθῆ
1830 4886 1900 4951 ἐξ

322 4964 545 5029 ὕδατος
564 4966 662 5019 καὶ
694 4968 1059 5036 Πνεύματος,
1086 4969 1158 5020 οὐ
1185 4967 1434 5020 δύναται
1468 4968 1617 5022 ἰδεῖν
1639 4968 1757 5036 τὴν
1780 4970 1897 5031 βα-

318 5050 567 5103 σιλείαν
601 5049 708 5102 τοῦ
746 5049 932 5110 Θεοῦ;
969 5049 1035 5102 Εἰ
1074 5049 1183 5119 γὰρ
1215 5048 1372 5101 τοῦτο
1423 5051 1655 5118 ἐφεῖται,
1702 5052 1796 5104 καὶ
1832 5051 1894 5104 οὐ

317 5135 479 5199 χρεία
519 5129 745 5201 γνώμης
782 5131 882 5198 τῆς
908 5130 1001 5183 τοῦ
1032 5130 1417 5202 λαμϐάνοντος,
1467 5133 1588 5185 οὐδὲ
1618 5149 1895 5200 συγκατα-

319 5213 529 5277 θέσεως
564 5215 662 5284 τῆς
702 5216 761 5266 ἐν
793 5214 869 5284 τῷ
906 5213 1026 5286 ζῇν,
1058 5215 1111 5268 τί
1145 5215 1341 5269 κωλύει
1377 5217 1469 5269 καὶ
1503 5216 1770 5287 Ἕλληνας
1798 5219 1894 5270 καὶ

330 5295 626 5358 Ἰουδαίους
653 5296 795 5349 οὕτω
823 5297 1075 5364 γενέσθαι
1109 5299 1352 5363 πιστοὺς,
1391 5298 1591 5369 ἐτέρων
1633 5299 1770 5368 μετά
1801 5300 1898 5370 τὴν

320 5379 582 5448 τελευτὴν
633 5378 854 5433 ἐκείνων
904 5380 1044 5451 ὑπὲρ
1090 5380 1314 5435 ἐκείνων
1360 5381 1531 5436 ταῦτα
1565 5380 1897 5450 ποιούντων;

333 5461 475 5513 Ἀλλ’
528 5461 618 5513 ἴνα
657 5460 732 5531 μὴ
776 5461 1033 5515 ἐπιπλέον
1080 5463 1149 5515 τά
1193 5463 1478 5533 ἀραχνίδια
1512 5464 1897 5529 διακόπτοντες

325 5545 801 5612 ματαιοπονῶρεν,
857 5543 990 5614 φέρε
1037 5542 1135 5611 τῆς
1171 5544 1381 5615 ῥήσεως
1416 5546 1621 5615 ταύτης
1653 5548 1752 5617 τὴν
1801 5546 1895 5600 δύ-

321 5643 492 5696 ναμιν
533 5625 690 5698 [579]
746 5626 880 5696 ὑμῖν
925 5623 1345 5694 ἀναπτύξωμεν.
1405 5625 1470 5678 Τί
1522 5623 1615 5680 οὖν
1671 5645 1840 5698 φησιν
1877 5631 1906 5682 ό

324 5716 574 5783 Παῦλοςς
599 5718 825 5788 Πρῶτον
844 5717 899 5770 δὲ
921 5718 1235 5786 ἀναμνῆσαι
1260 5717 1524 5787 βούλομαι
1544 5720 1670 5784 τοὺς
1694 5738 1907 5791 μεμνη-

329 5812 531 5881 μένους
569 5812 714 5880 ὑμᾶς
751 5812 987 5882 ῥήσεως,
1025 5809 1091 5880 ἥν
1120 5807 1259 5863 κηατά
1286 5809 1383 5881 τὴν
1416 5810 1655 5880 ἑσπέραν
1690 5811 1906 5881 ἐκείνην
2004 5802 2358 5871 ἀνδροφόνους
2414 5804 2636 5873 ἀφιᾶσιν
2690 5804 2909 5856 ἐκεῖνοι.
2974 5798 3230 5862 Παίζεις,

1994 1899 2044 1951 οί
2083 1898 2571 1969 μυσταγωγοῦντες
2607 1892 2752 1968 ὑμᾶς
2794 1896 2972 1965 λέγειν
3001 1895 3303 1960 κελεύουσι,
3334 1894 3428 1949 καὶ
3452 1893 3587 1946 τότε

1995 1981 2105 2052 ἐρῶ
2144 1981 2238 2036 καὶ
2275 1981 2337 2035 16
2377 1981 2473 2035 τοῦ
2515 1979 2764 2034 Παύλου’
2802 1979 2946 2033 οὕτω
2987 1982 3096 2050 γὰρ
3130 1980 3259 2049 ὑμῖν
3290 1977 3384 2031 καὶ
3414 1974 3576 2029 τοῦτο

1995 2066 2148 2119 ἐσται
2179 2064 2532 2135 σαφέστερον.
2579 2063 2734 2116 Μετά
2783 2063 2891 2132 γὰρ
2937 2063 3005 2115 τά
3034 2063 3165 2116 ἄλλα
3200 2063 3377 2116 πάντα
3413 2058 3571 2112 τοῦτο

1995 2148 2382 2219 προστίθεμεν,
2427 2148 2462 2201 ό
2487 2147 2582 2201 νῦν
2628 2149 2656 2200 6
2706 2146 2917 2209 Παῦλος
2960 2146 3131 2214 λέγει.
3165 2147 3276 2198 Καὶ
3312 2143 3577 2214 βούλομαι

2000 2233 2100 2304 μὲν
2126 2233 2314 2301 σαφῶς
2340 2233 2470 2287 αὐτὸ
2501 2235 2697 2297 εἰπεῖν,
2727 2233 2787 2285 ού
2815 2229 2998 2300 τολμῶ
3022 2231 3079 2283 δὲ
3102 2229 3190 2284 διὰ
3216 2230 3339 2290 τοὺς
3395 2226 3572 2296 ἀμυή-

1997 2334 2121 2379 τους
2142 2331 2156 2346 '
2186 2312 2331 2370 οὗτοι
2356 2316 2464 2387 γὰρ
2488 2315 2900 2387 δυσκολωτέραν
2943 2315 3074 2385 ἡμῖν
3107 2312 3318 2366 ποιοῦσι
3357 2309 3456 2380 τὴν
3484 2308 3571 2374 ἐξ·

1998 2400 2219 2470 ήγησιν,
2249 2400 2653 2467 ἀναγκάζοντες
2681 2398 2714 2470 ἢ
2744 2400 2818 2470 μὴ
2843 2397 3022 2465 λέγειν
3051 2397 3258 2465 σαφῶς,
3288 2394 3321 2465 ἢ
3358 2395 3438 2455 είς
3476 2391 3574 2446 αύ-

1997 2482 2123 2546 τοῦς
2151 2483 2405 2554 ἐκφέρειν
2428 2482 2497 2535 τά
2516 2482 2825 2553 ἀπόρῥητα.
2858 2479 3005 2552 Πλὴν
3032 2480 3145 2532 ἀλλ’
3178 2479 3253 2541 ὡς
3279 2477 3343 2531 ἀν
3363 2471 3478 2537 οἷός
3511 2489 3579 2526 τε

1998 2558 2064 2627 ὦ,
2092 2566 2571 2635 συνεσκιασμένως
2604 2563 2737 2635 ἐρῶ.
2782 2562 2939 2617 Μετά
2975 2563 3078 2634 γὰρ
3102 2563 3203 2633 τὴν
3233 2558 3576 2628 ἀπαγγελίαν

1997 2646 2107 2701 τῶν
2141 2648 2419 2717 μυστικῶν
2465 2648 2727 2719 ῥημάτων
2780 2647 3003 2700 ἐκείνων
3044 2646 3139 2698 καὶ
3177 2643 3444 2714 φοϐερῶν,
3480 2642 3576 2694 καὶ

2000 2733 2126 2796 τοὺς
2156 2734 2418 2802 φρικτοὺς
2445 2734 2677 2795 κανόνας
2703 2732 2814 2785 τῶν
2843 2733 2908 2784 ἐκ
2938 2730 3031 2784 τοῦ
3055 2727 3284 2799 οὐρανοῦ
3313 2742 3572 2795 κατενεχ-

2001 2816 2202 2869 θέντων
2236 2815 2542 2886 δογμάτων,
2585 2815 2680 2869 καὶ
2717 2814 2876 2875 τοῦτο
2917 2813 3053 2884 πρὸς
3081 2812 3158 2882 τῷ
3182 2811 3326 2865 τέλει
3350 2808 3576 2881 προστίσ-

2001 2898 2187 2967 θεμεν,
2222 2898 2347 2951 ὅταν
2377 2897 2658 2968 μέλλωμεν
2690 2896 2996 2967 βαπτίζειν,
3022 2895 3334 2956 κελεύοντες
3368 2894 3571 2960 λέγειν,

2000 2982 2082 3035 ὅτι
2110 2981 2358 3034 Πιστεύω
2388 2983 2469 3044 είς
2495 2979 2704 3052 νεκρῶν
2728 2979 3045 3043 ἀνάστασιν,
3072 2978 3165 3032 καὶ
3190 2978 3284 3030 ἐπὶ
3302 2980 3367 3047 τῇ
3395 2975 3575 3028 πίστει

2000 3064 2173 3138 ταύτῃ
2208 3063 2601 3135 βαπτιζόμεθα.
2632 3063 2786 3118 Μετὰ
2825 3063 2932 3135 γὰρ
2960 3062 3019 3116 τὸ
3058 3061 3388 3132 ὁμολογῆσαι
3415 3058 3595 3113 τοῦτο⁴

2005 3150 2147 3220 μετὰ
2178 3149 2287 3202 τῶν
2313 3148 2508 3212 ἀλλων,
2542 3149 2663 3202 τότε
2699 3148 3000 3219 καθιέμεθα
3020 3148 3099 3211 είς
3126 3146 3223 3219 τὴν
3258 3145 3438 3216 πηγὴν
3465 3143 3574 3199 τῶν

2005 3232 2165 3305 ἱερῶν
2190 3232 2445 3303 ναμάτων
2475 3231 2718 3286 ἐκείνων.
2753 3231 2924 3285 Τοῦτο
2942 3232 3122 3285 τοίνυν
3143 3230 3573 3302 ἀναμιμνήσκων

2001 3316 2031 3367 6
2062 3314 2274 3379 Παῦλος
2317 3314 2536 3383 ἔλεγεν·
2576 3316 2645 3367 El
2670 3313 2757 3383 μὴ
2786 3315 2959 3368 ἐστιν
2984 3312 3337 3377 ἀνάστασις.
3373 3312 3432 3364 τί
3471 3309 3590 3363 καῖ

1996 3398 2254 3467 βαπτίζῃ
2284 3398 2433 3466 ὑπὲρ
2452 3396 2572 3450 τῶν
2588 3397 2816 3463 νεκρῶν
2828 3413 2847 3460 ;
2862 3397 3129 3459 τουτέστι,
3153 3396 3262 3449 τῶν
3282 3395 3569 3464 σωμάτων.

2003 3481 2113 3535 Καὶ
2158 3480 2269 3550 γὰρ
2309 3481 2402 3533 ἐπὶ
2438 3479 2613 3547 τούτῳ
2668 3478 2923 3551 βαπτίζῃ,
2957 3478 3053 3533 τοῦ
3093 3477 3288 3550 νεκροῦ
3324 3475 3581 3547 σώματος

2002 3563 2298 3617 ἀνάστασιν
2339 3561 2628 3622 πιστεύων,
2673 3562 2754 3613 ὅτι
2799 3562 2982 3614 οὐκέτι
3033 3562 3183 3632 μένει
3220 3559 3432 3629 νεκρόν.
3462 3558 3581 3612 Καὶ

2005 3646 2068 3698 σὺ
2106 3646 2204 3715 μὲν
2244 3643 2332 3697 διὰ
2357 3642 2465 3695 τῶν
2502 3644 2761 3714 ῥημάτων
2786 3642 2966 3711 λέγεις
3006 3642 3216 3710 νεκρῶν
3241 3643 3536 3695 ἀνάστασιν
3555 3656 3571 3671 ο

2002 3728 2032 3779 6
2059 3727 2116 3782 δὲ
2146 3727 2347 3798 ἱερεὺς,
2377 3726 2565 3797 ὥσπερ
2598 3728 2656 3780 ἐν
2690 3727 2859 3781 εικόνι
2893 3727 3019 3792 τινὶ,
3061 3728 3206 3797 ἀπερ
3248 3725 3577 3785 ἐπίστευσας

2003 3809 2098 3863 καὶ
2138 3809 2226 3862 διὰ
2252 3808 2362 3863 τῶν
2395 3809 2654 3881 ῥημάτων
2682 3808 3057 3879 ὡμολόγησας,
3081 3805 3328 3863 δείκνυσί
3366 3824 3450 3860 σοι
3478 3806 3575 3859 καὶ

2001 3891 2091 3945 διὰ
2127 3884 2236 3946 τῶν
2280 3891 2619 3963 πραγμάτων
2658 3892 2858 3946 αὐτῶν.
2912 3894 3079 3946 Ὅταν
3124 3890 3293 3964 χωρὶς
3344 3888 3573 3959 σημείου

2003 3974 2284 4046 πιστεύῃς,
2312 3975 2433 4029 τότε
2473 3992 2553 4029 σοι
2584 3976 2678 4029 καὶ
2705 3975 2767 4028 16
2810 3978 3035 4046 σημεῖον
3063 3974 3316 4047 παρέχεν
3353 3973 3479 4026 ὅταν
3507 3971 3574 4023 τά

2003 4059 2202 4113 σαυτοῦ
2254 4060 2507 4133 ποιήσῃς,
2550 4060 2671 4114 τότε
2726 4060 2820 4113 καὶ
2868 4060 3060 4129 ὁοθεός
3116 4076 3174 4112 σε
3215 4057 3570 4129 πληροφορεῖ.

2002 4142 2127 4206 Πῶς
2151 4142 2245 4197 καὶ
2271 4143 2378 4198 τίνι
2410 4143 2627 4214 τρόπῳ;
2652 4141 2751 4197 Διά
2772 4141 2867 4196 τοῦ
2901 4141 3108 4205 ὓδατος.
3141 4142 3214 4193 T6
3240 4140 3348 4211 γάρ
3377 4138 3572 4208 90.111!-

2002 4225 2189 4289 ζεσοαι
2234 4228 2329 4281 καὶ
2383 4226 2769 4290 καταδύεσθαι,
2823 4220 2943 4278 εἶτα
3002 4223 3303 4283 ἀνανεύειν,
3351 4220 3454 4290 τῆς
3493 4222 3574 4283 είς

2002 4307 2127 4378 ᾅδου
2173 4308 2528 4371 καταϐάσεώς
2586 4311 2701 4360 ἐστι
2752 4306 3021 4376 σύμϐολον
3075 4305 3167 4358 καὶ
3217 4306 3317 4373 τῆς
3365 4301 3575 4355 ἐκεῖθεν

2001 4390 2212 4443 ἀνόδου.
2260 4390 2351 4442 Διὸ
2395 4391 2490 4443 καὶ
2515 4390 2686 4458 τάφον
2713 4390 2774 4442 16
2808 4389 3089 4458 βάπτισμα
3117 4388 3145 4439 ό
3183 4385 3389 4446 Παῦλος
3421 4384 3577 4437 καλεί

2000 4474 2195 4543 λέγων·
2240 4474 2668 4543 Συνετάφημεν
2707 4471 2820 4530 οὖν
2866 4474 3026 4538 αὐτῷ
3064 4472 3161 4526 διὰ
3203 4472 3308 4526 τοῦ
3351 4472 3572 4536 βαπτί-

2001 4572 2229 4624 σματος
2265 4559 2351 4622 είς
2379 4556 2486 4609 τὸν
2519 4556 2797 4611 θάνατον.
2839 4558 2972 4613 Ἀπὸ
2998 4556 3188 4611 τούτου
3220 4556 3314 4610 καὶ
3352 4555 3413 4609 16
3444 4554 3576 4625 μέλ-

2003 4638 2092 4691 λον
2133 4638 2444 4703 ἀξιόπιστον
2488 4642 2652 4705 ποιεῖ,
2696 4639 2805 4693 τῶν
2850 4641 3118 4710 σωμάτων
3150 4639 3291 4707 λέγω
3318 4637 3417 4708 τὴν
3441 4638 3574 4691 ἀνάο

2004 4738 2209 4775 στασιν.
2261 4722 2367 4775 Τοῦ
2405 4722 2512 4794 γάρ
2548 4723 2706 4793 σῶμα
2736 4723 3036 4793 ἀναστῆσαι
3083 4722 3262 4792 πολλῷ
3296 4722 3477 4793 μεῖζον
3513 4720 3583 4774 16

2001 4807 2374 4878 ἁμαρτήματα
2402 4807 2685 4875 ἀφανίσαι.
2716 4808 2825 4861 Καὶ
2847 4806 3005 4860 τοῦτο
3023 4808 3051 4860 6
3073 4806 3307 4877 Χριστὸς
3334 4807 3573 4873 ἀποφαι-

1995 4889 2238 4959 νόμενος,
2264 4891 2449 4959 ἔλεγεν
2464 4906 2478 4922 ο
2520 4892 2581 4945 Τί
2605 4891 2716 4961 γάρ
2735 4891 2906 4945 ἐστιν
2929 4890 3338 4959 εὐκοπώτερον
3359 4888 3569 4953 εἰπεῖν,

2006 4977 2319 5046 Ἀφέωνταί
2360 4991 2461 5032 σοι
2506 4981 2565 5032 αὶ
2613 4978 2911 5046 ἁμαρτίαι,
2937 4977 2975 5046 ἢ
3011 4976 3222 5043 εἰπεῖν,
3252 4969 3433 5043 ’Ἆρον
3464 4973 3573 5026 τὸν

1992 5061 2325 5128 κράϐϐατόν
2372 5078 2510 5128 σου,
2558 5063 2657 5116 καὶ
2697 5062 3039 5131 περιπάτει;
3095 5061 3167 5113 T6
3233 5059 3331 5130 μὲν
3379 5058 3571 5109 δυσκο-

1991 5142 2229 5214 λώτερον
2279 5146 2476 5206 ἐκεῖνο,
2538 5145 2733 5214 φησίνο
2793 5143 2980 5213 ἐπειδὴ
3032 5143 3090 5196 δὲ
3147 5142 3425 5194 ἀπιστεῖτε
3475 5139 3570 5193 ἀτε

2001 5224 2179 5295 ἀδήλῳ
2198 5225 2332 5286 ὄντι,
2362 5225 2458 5278 καὶ
2490 5225 2549 5278 16
2573 5226 2939 5295 εὐκολώτερον
2969 5223 3089 5279 ἀντὶ⁸
3116 5223 3373 5277 δυσκόλου
3404 5224 3573 5275 ποιεῖ-

2003 5307 2098 5359 σθε
2140 5308 2237 5375 τῆς
2279 5308 2417 5378 ἐμῆς
2443 5306 2724 5376 δυνάμεως
2764 5307 3058 5372 ἀπόδειξιν,
3096 5300 3405 5360 οὐδὲτοῦτο
3433 5322 3574 5373 παρα

1999 5391 2296 5459 αιτήσομαι
2369 5393 2671 5461 παρασχεῖν
2725 5390 2854 5460 ὑμῖν
2880 5388 2940 5442 16
2971 5389 3188 5460 δεῖγμα.
3224 5391 3363 5444 Τότε
3408 5388 3572 5456 λέγει

1999 5470 2080 5536 τῷ
2101 5473 2509 5540 παραλυτικῷο
2551 5471 2846 5542 Ἐγερθεὶς
2872 5465 3020 5541 ἆρον
3049 5474 3165 5540 τὴν
3185 5476 3402 5538 κλίνην
3429 5486 3567 5526 σου.

1995 5555 2093 5607 καὶ
2124 5555 2312 5623 ὕπαγε
2348 5558 2433 5620 εἰς
2459 5556 2564 5609 τὸν
2584 5552 2752 5609 οἶκόν
2770 5572 2906 5609 σου.

2075 5636 2140 5705 β’.
2167 5638 2281 5690 Καὶ
2310 5637 2424 5700 πῶς
2457 5637 2614 5691 τοῦτο
2640 5638 2914 5705 δύσκολον,
2938 5638 3121 5707 φησὶν,
3144 5639 3273 5690 ὅταν
3295 5631 3386 5686 καὶ
3414 5634 3566 5700 βασι-

2000 5718 2153 5771 λεῦσι
2180 5721 2275 5773 καὶ
2313 5721 2539 5792 ἄρχουσι
2579 5722 2802 5775 δυνατὸν
2830 5716 2901 5792 ﬁ;
2941 5721 3036 5774 καὶ
3079 5718 3185 5786 γὰρ
3219 5712 3438 5785 μοιχοὺς
3472 5710 3567 5763 καί

3287 5792 3562 5859 ἄνθρωπε,
