4018 6156
395 239 511 299 369

402 360 580 414 ταῦτα
612 360 803 427 λέγων’
833 363 1207 433 ἁμαρτήματα
1255 364 1354 434 μὲν
1403 364 1514 435 γάρ
1563 364 1778 433 ἀφεῖναι
1829 363 1975 434 μόνῳ

402 453 522 525 Θεῷ
565 454 786 507 δυνατόν
814 471 825 484 ·
860 454 1119 524 ἄρχοντες
1154 456 1217 508 δὲ
1258 440 1356 509 καὶ
1393 456 1657 526 βασιλεῖς,
1704 456 1809 511 κᾶν
1859 473 1979 527 μοι·

402 546 553 613 χοῦς,
580 545 683 598 κᾶν
711 545 1069 615 ἀνδροφόνους
1091 546 1294 616 ἀφῶσι,
1318 549 1420 619 τῆς
1447 549 1546 619 μὲν
1575 549 1849 613 κολάσεως
1879 548 1983 618 τῆς

404 633 689 703 παρούσης
707 634 1390 712 ἀπαλλάττουσι,[58θ]τὴν
1415 640 1472 694 δὲ
1498 642 1775 712 ἁμαρτίαν
1799 639 1979 694 αὐτῶν

404 726 504 778 οὑκ
518 724 925 796 ἐκκαθαίρουσι’
944 728 1047 784 κάν
1062 732 1143 795 είς
1157 732 1330 803 ἀρχάς
1345 734 1593 802 ἀγάγωσι
1608 735 1735 798 τοὺς
1750 734 1979 803 ἀφεθέν-

401 834 522 880 τας,
549 818 655 873 κᾶν
686 819 856 890 αὑτὴν
891 822 1229 893 περιϐάλωσι
1258 825 1357 895 τὴν
1400 826 1717 897 ἁλουργίδα,
1772 826 1876 880 κᾶν
1918 825 1980 879 τὸ

401 908 639 980 διάδημα
686 911 974 979 ἐπιθῶσιν,
1003 914 1143 969 ἀλλά
1167 915 1430 987 βασιλέας
1480 917 1579 986 μὲν
1620 918 1883 988 ἐποίησαν
1912 914 1983 970 ἂν

401 998 568 1061 οὑτω,
601 1000 700 1070 τῆς
729 1000 786 1054 δὲ
829 1003 1108 1074 ἁμαρτίας
1152 1007 1254 1059 οὑκ
1297 1007 1364 1062 ἂν
1416 1007 1818 1079 ἠλευθέρωσανο
1847 1006 1981 1072 Θεὸς

401 1089 512 1160 γὰρ
542 1091 702 1162 μόνος
732 1092 893 1147 τοῦτο
925 1096 1091 1149 ποιεῖ.
1124 1098 1189 1150 Ὃ
1213 1096 1279 1168 δὴ
1312 1098 1407 1152 καὶ
1444 1101 1504 1152 ἐν
1537 1098 1614 1169 τῷ
1643 1096 1853 1169 λουτρῷ
1881 1099 1981 1169 τῆς

404 1181 827 1251 παλιγγενεσίας
876 1184 1195 1257 ἐργάζεται⁸
1244 1191 1417 1260 αὐτῆς
1461 1192 1574 1262 γὰρ
1616 1191 1849 1246 ἀπτεται
1878 1191 1981 1260 τῆς

402 1272 580 1343 ψυχῆς
629 1276 662 1344 ἡ
717 1276 899 1345 χάρις,
952 1278 1208 1333 κάκεῖθεν
1260 1281 1559 1354 πρόρριζον
1618 1284 1834 1353 ἀνασπᾷ
1880 1283 1980 1352 τὴν

406 1364 700 1435 ἁμαρτίαν.
737 1369 835 1421 Διὰ
867 1369 932 1439 δὴ
961 1369 1123 1423 τοῦτο
1149 1370 1241 1424 τοῦ
1282 1372 1380 1441 μὲν
1411 1373 1516 1426 ὑπὸ
1578 1375 1845 1444 βασιλέως
1877 1376 1983 1441 ἀφ·-

407 1455 619 1521 εθέντος
642 1458 903 1528 ρυπῶσαν
926 1460 1023 1531 τὴν
1043 1460 1225 1532 ψυχὴν
1273 1464 1423 1517 ἔστιν
1474 1466 1621 1531 ἰδεῖν,
1667 1465 1767 1534 τὴν
1789 1465 1846 1519 δὲ
1884 1465 1981 1518 τοῦ

410 1545 797 1616 βαπτισθέντος
829 1551 1034 1617 οὐκέτι,
1067 1553 1182 1605 ἀλλ’
1209 1553 1390 1607 αὑτῶν
1424 1555 1533 1609 τῶν
1558 1556 1800 1627 ἡλιακῶν
1830 1555 1983 1608 ἀκτί-

407 1653 514 1689 νων
541 1637 953 1710 καθαρωτέραν,
990 1643 1085 1694 καὶ
1113 1643 1204 1696 οἵα
1233 1643 1294 1708 ἐξ
1329 1644 1506 1714 ἀρχῆς
1534 1646 1859 1715 γεννηθεῖσα
1887 1641 1978 1716 ἦν,

409 1729 610 1800 μᾶλλον
632 1730 688 1783 δὲ
713 1731 806 1784 καὶ
827 1733 1043 1802 ἐκείνης
1068 1734 1276 1806 ἀμείνω
1301 1736 1504 1807 πολλῷ⁸
1541 1738 1676 1790 Πνεύ
1686 1756 1854 1808 ματος
1876 1738 1982 1809 γὰρ

405 1821 672 1877 ἀπολαύει
698 1823 792 1877 τοῦ
831 1823 1169 1895 πανταχόθεν
1198 1826 1368 1898 αὑτὴν
1399 1827 1699 1899 πυροῦντπ
1747 1830 1843 1883 καὶ
1884 1829 1983 1900 τὴν

404 1916 717 1986 ἁγιωσύνην
784 1917 1170 1982 ἐπιτείνοντος.
1237 1920 1348 1973 Καὶ
1409 1920 1600 1992 ὥσπερ
1666 1921 1884 1992 σίδηρον
1948 1921 1982 1991 ἢ

406 2006 607 2078 χρυσὸν
653 2007 1040 2078 ἀναχωνεύων,
1096 2009 1336 2081 καθαρὸν
1387 2012 1482 2064 καὶ
1533 2012 1722 2066 καινὸν
1775 2013 1985 2067 ἀνωθεν

406 2103 599 2164 ποιεῖς’
627 2099 772 2155 οὑτω
806 2101 870 2172 δὴ
902 2103 997 2154 καὶ
1033 2101 1096 2154 τὸ
1130 2103 1356 2174 Πνεῦμα
1397 2105 1458 2158 τὸ
1502 2105 1656 2173 ἀγιον
1708 2103 1897 2175 ὥσπερ
1928 2108 1985 2159 ὲν

407 2193 761 2264 χωνευτηρίῳ
796 2193 876 2262 τῷ
921 2192 1261 2265 βαπτίσματι
1290 2196 1633 2265 ἀναχωνεῦον
1662 2197 1858 2266 αὑτὴν,
1891 2198 1986 2249 καὶ

407 2285 660 2341 δαπανῶν
688 2285 757 2339 τὰ
786 2286 1191 2361 ἁμαρτήματα,
1230 2287 1455 2358 χρυσίου
1504 2288 1705 2351 παντὸς
1739 2290 1983 2361 καθαροῦ

408 2375 796 2446 καθαρώτερον
833 2359 1183 2428 ἀποστίλϐειν
1238 2378 1673 2448 παρασκευάζει.
1726 2379 1836 2433 Καὶ
1884 2359 1986 2450 τὴν

408 2465 516 2519 τῶν
552 2465 823 2536 σωμάτων
868 2464 927 2517 δὲ
980 2465 1278 2519 ἀνάστασιν
1326 2466 1641 2532 ἀξιόπιστον
1689 2469 1986 2524 κάντεῦθεν

411 2572 492 2609 σοι
525 2555 691 2610 πάλιν
708 2555 984 2610 δείκνυσιν
1011 2554 1200 2613 οὖσαν.
1243 2556 1461 2631 Ἐπειδὴ
1506 2560 1617 2632 γὰρ
1660 2562 1694 2632 ἡ
1742 2562 1986 2631 ἁμαρτία

406 2648 502 2701 τὸν
533 2647 763 2702 θάνατον
785 2649 1070 2719 εἰσήγαγε,
1099 2650 1201 2719 τῆς
1228 2650 1385 2723 ῥίζης
1422 2650 1801 2724 ξηρανθείσης,
1832 2653 1987 2706 οὐδὲν

407 2737 489 2790 δεῖ
536 2736 724 2791 λοιπὸν
778 2739 1145 2809 ἀμφιδάλλειν
1177 2741 1319 2811 ὑπὲρ
1365 2740 1464 2813 τῆς
1503 2740 1597 2797 τοῦ
1628 2742 1846 2814 καρποῦ
1883 2744 1988 2797 ἀπ-

407 2826 622 2892 ωλείας.
649 2828 750 2882 Διά
779 2829 937 2883 τοῦτο
965 2833 1234 2903 πρότερον
1263 2832 1434 2887 εἰπὼν
1459 2834 1746 2906 ἁμαρτιῶν
1771 2834 1985 2903 ἄφεσιν,

409 2923 531 2975 τότε
561 2922 845 2991 ὁμολογεῖς
873 2923 971 2976 καὶ
992 2920 1205 2994 νεκρῶν
1234 2925 1551 2992 ἀνάστασιν,
1584 2926 1840 2980 ἐντεῦθεν
1887 2925 1985 2979 καὶ

410 3008 490 3076 είς
522 3014 699 3066 ἐκεῖνο
724 3015 1250 3084 χειραγωγούμενος.
1299 3009 1436 3067 Εἶτα
1463 3016 1648 3086 ἐπειδὴ
1689 3016 1790 3070 οὑκ
1829 3017 1990 3089 ἀρκεῖ

409 3094 474 3156 τδ
498 3099 671 3171 ὄνομα
701 3100 801 3171 τῆς
832 3101 1182 3166 ἀναστάσεως
1207 3101 1382 3168 δεῖξαι
1411 3096 1474 3156 τδ
1499 3106 1607 3157 πᾶν
1645 3104 1854 3175 (πολλοὶ
1880 3104 1989 3175 γὰρ

415 3194 744 3257 ἀναστάντες
772 3193 935 3248 πάλιν
979 3194 1246 3265 ἀπῆλθον,
1276 3195 1352 3260 ὡς
1379 3197 1430 3249 οί
1457 3198 1517 3250 ὲν
1546 3198 1611 3268 τῇ
1644 3197 1881 3269 Παλαιᾷ,
1915 3197 1991 3261 ὡς

411 3281 689 3356 Λάζαρος,
711 3282 785 3347 ὡς
819 3284 871 3337 οἱ
908 3286 966 3338 ὲν
994 3285 1071 3355 τῷ
1100 3284 1276 3356 καιρῷ
1312 3285 1410 3341 τοῦ
1452 3286 1748 3359 σταυροῦ),
1776 3287 1990 3341 κελεύει

414 3374 619 3444 λέγειν,
654 3375 768 3430 Καὶ
796 3377 877 3440 είς
905 3375 1053 3446 ζωὴν
1085 3374 1324 3442 αἰώνιον,
1375 3376 1464 3432 ἵνα
1512 3382 1712 3449 μηκέτι
1756 3379 1991 3434 θάνατον

416 3468 736 3540 ὑποπτεύσῃ
760 3485 847 3533 τις
876 3467 1015 3539 μετά
1041 3468 1143 3539 τὴν
1176 3467 1475 3521 ἀνάστασιν
1505 3470 1744 3541 ἐκείνην.
1771 3470 1992 3525 Τούτων

413 3561 597 3615 τοίνυν
627 3559 738 3614 τῶν
764 3559 1026 3631 ῥημάτων
1058 3558 1490 3629 ἀναμιμνήσκων
1523 3558 1552 3609 6
1585 3559 1797 3625 Παῦλός
1834 3577 1987 3631 φησι·

348 3689 351 3691 ι
420 3654 486 3708 Τί
508 3653 878 3719 ποιήσουσιν
894 3652 951 3704 οι
972 3648 1394 3719 ,βαπτιζόμενοι
1421 3648 1575 3718 ὑπὲρ
1592 3650 1711 3703 τῶν
1730 3651 1992 3721 νεκρῶν;

417 3745 482 3797 El
510 3743 619 3814 γὰρ
649 3742 725 3812 μὴ
757 3741 905 3794 ἔστιν
933 3738 1249 3803 ἀνάστασις,
1283 3740 1436 3811 φησὶ,
1473 3741 1646 3812 σκηνὴ
1678 3740 1747 3794 τά
1771 3745 1994 3813 ῥήματα

417 3834 614 3888 ταῦτα’
642 3834 690 3886 εί
726 3831 802 3902 μὴ
830 3831 978 3884 ἐστιν
1003 3830 1324 3895 ἀνάστασις,
1356 3832 1473 3896 πῶς
1506 3833 1706 3897 αὑτοὺς
1736 3834 1995 3904 πείθομεν

419 3923 720 3987 πιστεύειν,
787 3921 933 3992 ἅπερ
997 3921 1061 3975 οὑ
1129 3922 1418 3993 διδόαμεν;
1472 3923 1662 3995 ῶσπερ
1710 3924 1777 3978 ἂν
1817 3925 1872 3977 εί
1912 3942 1997 3988 τις

422 4013 661 4069 κελεέων
692 3995 1075 4084 γραμματεῖον
1104 4012 1361 4067 ἐκθέσθαι
1393 4014 1474 4067 ὅτι
1501 4013 1563 4066 τὸ
1592 4015 1686 4068 καὶ
1718 4014 1779 4069 τὸ
1812 4014 1995 4080 ἔλαϐε,

427 4104 627 4175 μηκέτι
651 4104 762 4175 δῴη
793 4103 863 4157 τὰ
885 4103 1256 4174 ἐγγραφέντα,
1293 4099 1413 4157 εἶτα
1450 4103 1591 4174 μετά
1626 4104 1725 4172 τὴν
1758 4105 2000 4174 ὑπογρα-

422 4201 531 4271 φὴν
561 4200 820 4271 ἀπαιτοίη
872 4199 941 4252 τά
991 4197 1445 4269 ἐγγεγραμμένα.
1497 4197 1563 4250 Τί
1616 4198 1725 4268 γὰρ
1780 4199 1999 4269 ποιήσει

423 4292 609 4347 λοιπὸν
636 4293 666 4346 ὁ
698 4291 1043 4362 ὑπογράψας,
1071 4288 1371 4344 ὑπεύθυνον
1404 4290 1505 4360 μὲν
1530 4288 1721 4342 ἑαυτὸν
1746 4289 1998 4361 ποιήσας,

423 4387 485 4439 οὑ
519 4384 697 4439 λαϐὼν
728 4384 786 4438 δὲ
807 4386 952 4454 ἅπερ
981 4382 1335 4454 ὡμολόγησεν
1356 4382 1667 4452 είληφέναι;
1695 4381 1867 4435 Τοῦτο
1890 4381 2003 4452 γὰρ

424 4476 519 4529 καὶ
548 4472 781 4529 ἐνταῦθα
807 4474 957 4543 λέγει
986 4476 1114 4546 περὶ
1139 4473 1246 4528 τῶν
1276 4471 1718 4544 βαπτιζομένων.
1746 4472 1813 4525 Τί
1845 4476 2002 4542 ποιή-

427 4582 610 4619 σουσιν
659 4567 709 4618 οἱ
757 4565 1170 4637 βαπτιζόμενοι,
1218 4567 1405 4638 φησὶν,
1456 4560 1872 4636 ὑπογράψαντες
1902 4565 2000 4634 μὲν

424 4656 718 4709 ἀνάστασιν
776 4656 1045 4725 σωμάτων
1098 4656 1331 4729 νεκρῶν,
1385 4656 1447 4709 οὑ
1500 4655 1870 4725 λαμϐάνοντες
1920 4654 1997 4717 δὲ,

425 4746 541 4800 ἀλλ’
569 4743 950 4815 ἀπατώμενοι;
981 4745 1034 4799 τί
1064 4747 1122 4800 δὲ
1150 4748 1287 4813 ὅλως
1313 4748 1406 4801 καὶ
1434 4747 1533 4819 τῆς
1557 4746 1847 4817 ὁμολογίας
1875 4746 2002 4799 ταύ-

425 4854 526 4907 της
556 4836 683 4899 ἐδει,
710 4838 758 4890 εί
777 4837 839 4889 τδ
863 4837 1023 4907 ἔργον
1050 4836 1127 4911 μὴ
1154 4841 1366 4905 εἴπετος
1396 4841 1459 4894 Τί
1480 4840 1577 4894 καὶ
1600 4837 1774 4908 ἡμεῖς
1797 4838 2000 4892 κινδυ-

427 4927 683 4998 νεύομεν
714 4927 921 4983 πᾶσαν
953 4928 1147 4997 ὥραν;
1182 4931 1320 4985 Καθ’
1350 4931 1581 5000 ἡμέραν
1610 4929 1999 4999 ἀποθνήσκω,

432 5020 506 5089 νὴ
566 5020 681 5088 τὴν
716 5020 1011 5091 ὑμετέραν
1043 5023 1365 5091 καύχησιν,
1398 5021 1480 5089 ἡν
1508 5022 1628 5093 ἔχω
1669 5023 1740 5077 ἐν
1772 5023 2004 5092 Χριστῷ

442 5112 669 5179 Ἰησοῦ.
705 5113 850 5183 Ὅρα
877 5114 1039 5168 πάλιν
1075 5114 1237 5168 πόθεν
1281 5116 1550 5185 ἐπιχειρεῖ
1591 5116 2001 5170 κατασκευάσαι

431 5202 493 5255 τὸ
522 5202 717 5272 δόγμα,
762 5205 870 5258 ἀπὸ
911 5205 1008 5275 τῆς
1034 5205 1245 5268 οἰκείας
1270 5206 1475 5275 ψήφου,
1509 5204 1711 5274 μᾶλλον
1740 5205 1795 5258 δὲ
1819 5206 1878 5258 οὑ
1905 5209 2006 5276 τῆς

433 5293 602 5348 αὑτοῦ
637 5294 818 5363 μόνον,
866 5294 1000 5348 ἀλλά
1049 5298 1143 5350 καὶ
1169 5297 1267 5366 τῆς
1308 5296 1415 5349 τῶν
1439 5296 1642 5350 λοιπῶν
1670 5297 2004 5351 ὰτωστόλων.

436 5388 513 5441 Οὑ
547 5386 741 5458 μικρὸν
766 5386 825 5439 δὲ
854 5387 949 5440 καλ⁸
978 5386 1134 5441 τοῦτο
1162 5388 1225 5441 τὸ
1245 5389 1369 5451 τοὺς
1390 5388 1742 5452 διδασκάλους
1766 5389 2007 5456 εἰσάγειν

443 5478 649 5550 σφόδρα
680 5477 1289 5550 πεπληροφορημένους,
1339 5479 1434 5532 καὶ
1483 5478 1642 5533 τοῦτο
1692 5479 2006 5543 δεικνύντας

438 5570 498 5620 οὐ
532 5566 621 5622 διὰ
653 5567 827 5637 λόγων
858 5569 1038 5639 μόνον,
1073 5567 1210 5623 ἀλλά
1241 5568 1334 5622 καὶ
1370 5569 1438 5622 δι’
1471 5570 1651 5623 αὐτῶν
1704 5572 1812 5625 τῶν
1867 5589 2007 5642 πρα-

438 5660 680 5726 γμάτων.
705 5661 799 5716 Διά
826 5661 888 5735 δὴ
910 5661 1066 5716 τοῦτο
1100 5662 1159 5716 οὑ
1195 5660 1338 5731 λέγει
1371 5659 1574 5729 ἁπλῶς,
1606 5663 1685 5716 ὅτι
1707 5662 1817 5717 Καὶ
1850 5664 2008 5734 ἡμεῖς

1136 245 1194 301 S.
1233 246 1518 302 JOANMS
1556 241 2052 302 CHRYSOSTOMI
2093 244 2413 303 ARCHIEP.
2455 242 3015 307 CONSTANTINOP.

2081 365 2444 436 πεπείσμεθα·
2475 368 2596 421 οὐδὲ
2657 368 2804 441 [381]
2858 368 2969 442 γὰρ
3028 367 3190 438 ήρκει
3246 366 3406 421 τοῦτο
3467 368 3653 422 πεῖσαι

2082 456 2264 526 μόνον’
2290 457 2425 510 ἀλλὰ
2450 459 2547 511 καὶ
2570 460 2671 529 τὴν
2700 459 2791 513 διὰ
2831 459 2941 512 τῶν
2993 457 3335 530 πραγμάτων
3382 454 3655 523 ἀπόδειξιν

2080 549 2400 619 παρέχεται’
2426 550 2502 613 ὡς
2527 549 2595 604 ἂν
2625 552 2674 603 εί
2703 551 2877 620 ἔλεγε,
2893 551 3133 621 Ῥήμασι,
3158 550 3336 604 ταῦτα
3361 546 3651 621 ὁμολογεῖν

2079 641 2231 695 οὐδὲν
2263 641 2392 704 ίσως
2415 643 2545 712 ὑμῖν
2574 642 2723 696 δοκεῖ
2750 640 3059 714 θαυμαστὸν
3088 638 3248 697 εἶναι·
3277 645 3327 696 εί
3350 636 3406 696 δὲ
3438 646 3537 696 καὶ
3556 642 3655 715 τὴν

2080 733 2187 785 ἀπὸ
2219 732 2328 784 τῶν
2356 732 2533 804 ἔργων
2560 734 2690 806 ὑμῖν
2724 736 3102 807 παράσχοιμεν
3150 735 3356 806 φωνὴν,
3408 736 3464 788 τί
3517 735 3656 806 πρὸς

2080 823 2236 876 τοῦτ’)
2261 823 2443 895 ἔχοιτε
2483 826 2793 892 ἀντειπεῖν;
2840 827 3135 881 ⁹Ακούσατε
3164 827 3368 890 τοίνυν,
3400 826 3521 891 πῶς
3554 828 3652 880 καὶ

2080 913 2168 968 διὰ
2188 914 2298 967 τῶν
2320 914 2584 967 κινδύνων
2629 915 2803 969 ταὺτα
2844 916 2966 970 καθ’
3014 901 3252 986 ε’κάστην
3278 915 3656 988 ὁμολογοῦμεν

2079 1006 2178 1075 τὴν
2205 1006 2441 1075 ἡμέραν.
2475 1006 2586 1060 Kal
2612 1006 2714 1060 οὑκ
2740 1003 3096 1076 εἷπεν,Ἐγὼ,
3131 1005 3270 1072 ἀλλ’,
3299 1002 3515 1077 Ἡμεῖς,
3547 1018 3657 1059 πα-

2084 1096 2445 1167 ραλαμϐάνων
2495 1097 2705 1162 πάντας
2760 1098 2896 1169 ὁμοῦ
2957 1100 3084 1163 τοὺς
3146 1098 3500 1163 ἀποστόλους,
3559 1098 3656 1152 καὶ

2080 1187 2255 1260 ταύτῃ
2281 1189 2590 1261 μετριάζων
2612 1206 2673 1243 τε
2706 1190 2800 1246 καὶ
2831 1186 3141 1258 ἀξιόπιστον
3166 1191 3336 1246 ποιῶν
3355 1191 3446 1245 τὸν
3472 1191 3654 1259 λόγον.

2083 1276 2150 1328 Τί
2176 1276 2284 1348 γὰρ
2314 1277 2379 1330 ἂν
2406 1277 2581 1349 ἔχοιτε
2616 1278 2827 1348 είπεῖν;
2859 1282 2942 1335 ὅτι
2964 1280 3269 1353 ἀπατῶμεν
3301 1282 3447 1353 ὑμᾶς
3476 1281 3654 1336 ταῦτα

2083 1367 2469 1439 κηρύττοντες,
2502 1370 2597 1424 καὶ
2640 1371 2947 1439 κενοδοξίας
2988 1373 3174 1427 ἕνεκεν
3212 1374 3659 1444 δογματίζομεν;

2097 1459 2234 1513 Ἀλλ’
2264 1462 2365 1515 οὐκ
2409 1463 2541 1516 ἐῶσι
2590 1461 2764 1517 ταῦτα
2814 1465 3147 1534 ψηφίζεσθαι
3200 1468 3250 1519 οἱ
3286 1465 3540 1521 κίνδυνοι*
3572 1467 3660 1529 τίς

2085 1550 2193 1621 γὰρ
2218 1551 2283 1606 ἂν
2306 1552 2477 1607 ἕλοιτο
2501 1554 2831 1609 κινδυνεύειν
2867 1548 3132 1625 διηνεκῶς
3169 1556 3291 1626 εἱκῆ
3318 1556 3413 1611 καὶ
3445 1558 3654 1626 μάτην;

2085 1643 2175 1695 Διὸ
2204 1644 2300 1696 καὶ
2342 1643 2515 1711 ἐλεγε’
2553 1646 2615 1698 Τί
2648 1645 2743 1697 καὶ
2781 1646 2953 1713 ἡμεῖς
2989 1640 3420 1715 κινδυνεύομεν
3450 1647 3659 1702 πᾶσαν

2082 1733 2277 1801 ὥραν;
2312 1734 2375 1786 Εἰ
2401 1734 2510 1804 γὰρ
2540 1736 2633 1787 καὶ
2668 1735 2840 1788 ἓλοιτό
2866 1752 2951 1800 τις
2999 1736 3087 1789 διὰ
3140 1738 3468 1804 κενοδοξίαν,
3511 1736 3662 1801 ἀπαξ

2085 1824 2178 1877 καὶ
2205 1823 2453 1895 δεύτερον
2478 1823 2635 1878 τοῦτο
2667 1827 2976 1897 αἱρήσεται,
3007 1829 3125 1899 οὐχὶ
3172 1830 3349 1883 πάντα
3380 1829 3473 1882 τὸν
3520 1830 3656 1899 βίον,

2086 1916 2337 1986 καθάπερ
2387 1918 2570 1986 ἡμεῖς’
2601 1918 2763 1986 ἡμεῖς
2815 1917 2927 1988 γὰρ
2974 1919 3071 1990 τὴν
3128 1918 3271 1990 ζωὴν
3324 1921 3544 1974 ἅπασαν
3578 1923 3659 1985 είς

2084 2006 2244 2060 τοῦτο
2292 2006 2769 2076 κατεστησάμεθα.
2829 2011 2967 2063 Καθ’
2994 2007 3222 2076 ἡμέραν
3273 2009 3661 2075 ἀποθνήσκω,

2084 2098 2164 2166 νὴ
2195 2097 2311 2166 τὴν
2336 2096 2629 2166 ὑμετέραν
2676 2100 3002 2167 καύχησιν,
3034 2099 3114 2168 ἣν
3145 2100 3264 2169 ἔχω
3308 2100 3380 2154 ἐν
3428 2100 3660 2169 Χριστῷ

2099 2189 2324 2258 Ἰησοῦ
2362 2192 2630 2260 καύχησιν
2661 2190 2896 2243 ἐνταῦθα
2924 2191 3023 2261 τὴν
3045 2190 3229 2244 αὑτῶν
3250 2191 3540 2261 προκοπὴν
3570 2190 3683 2243 λὲοη
3740 2175 3745 2179 ί

2085 2296 2218 2348 γων.
2258 2279 2475 2350 Ἐπειδὴ
2510 2280 2621 2349 γὰρ
2674 2279 2905 2344 πολλοὺς
2966 2279 3135 2344 ἔδειξε
3189 2280 3319 2345 τοὺς
3375 2280 3660 2344 κινδύνους

2085 2371 2264 2433 ὄντας,
2291 2370 2377 2423 ἵνα
2410 2370 2485 2441 μὴ
2519 2368 2646 2443 δόξῃ
2674 2369 2750 2433 ὡς
2778 2370 3184 2441 ἀποδυρόμενος
3224 2369 3400 2425 ταῦτα
3454 2372 3659 2441 λέγειν,

2087 2463 2163 2515 Οὑ
2191 2462 2351 2533 μόνον
2375 2464 2477 2516 οὑκ
2502 2461 2673 2531 ἀλγῶ,
2700 2462 2885 2533 φησὶν,
2917 2461 3053 2515 ἀλλά
3101 2464 3196 2515 καὶ
3243 2463 3537 2535 καυχῶμαι
3583 2463 3662 2535 τῷ

2085 2553 2258 2607 ταῦτα
2284 2554 2516 2623 πάσχειν
2542 2553 2682 2625 ὑπὲρ
2716 2552 2893 2623 ὑμῶν.
2947 2553 3118 2623 Διπλῆ
3166 2553 3223 2607 δὲ
3269 2554 3662 2625 ἐναδρύνεσθαί

2087 2662 2241 2715 φησι,
2277 2646 2371 2698 καὶ
2423 2644 2505 2715 τῷ
2538 2645 2605 2697 δι’
2631 2646 2830 2709 αὐτοὺς
2882 2645 3236 2712 κινδυνεύειν,
3298 2646 3504 2718 καὶτῷ
3532 2647 3663 2720 ὁρᾷν

2086 2738 2284 2800 αὐτοὺς
2332 2737 2685 2799 ἐπιδιδόντας.
2720 2733 2853 2790 Εῐτα
2906 2738 2967 2791 τὸ
3001 2738 3148 2808 αὐτῷ
3204 2739 3435 2809 σύνηθες
3469 2740 3664 2803 ποιῶν,

2088 2827 2277 2899 ἐπειδὴ
2316 2828 2527 2897 μεγάλα
2551 2827 2877 2897 ἐφθέγξατο,
2910 2829 3196 2899 ἀμφότερα
3250 2829 3540 2899 ἀνατίθησι
3591 2829 3667 2897 τῷ

2089 2919 2327 2989 Χριστῷ.
2348 2918 2473 2981 Πῶς
2495 2917 2552 2972 δὲ
2567 2918 2905 2989 ἀποθνήσκει
2929 2918 3051 2973 καθ’
3070 2921 3308 2989 ἑκάστην
3324 2920 3564 2991 ἡμέραν;
3587 2921 3666 2990 Τῇ

2089 3008 2368 3080 προθυμίᾳ
2384 3008 2477 3061 καὶ⁵
2492 3006 2570 3079 τῷ
2591 3007 3029 3079 παρεσκευάσθαι
3048 3007 3183 3077 πρὸς
3198 3006 3375 3060 τοῦτο.
3397 3007 3509 3060 Καὶ
3525 3006 3668 3069 τινος

2088 3104 2274 3157 ἕνεκεν
2301 3101 2476 3157 ταῦτα
2506 3101 2686 3170 λέγει;
2722 3100 2891 3156 Πάλιν
2913 3101 3004 3155 τὸν
3040 3101 3168 3171 περὶ
3194 3100 3295 3169 τῆς
3320 3099 3668 3161 ἀναστάσεως

2090 3199 2185 3251 καὶ
2215 3195 2305 3251 διὰ
2336 3194 2543 3249 τούτων
2591 3191 3021 3255 κατασκευάζων
3072 3191 3251 3260 λόγον.
3302 3192 3400 3254 Τίς
3439 3191 3547 3260 γάρ
3595 3189 3665 3242 ἂν

2091 3291 2285 3353 ἕλοιτο,
2311 3289 2464 3356 φησι,
2495 3287 2783 3348 τοσούτους
2814 3283 3107 3354 ὑπομένειν
3131 3281 3415 3344 θανάτους,
3433 3279 3667 3333 ἀναστά-

2094 3399 2231 3445 σεως
2281 3381 2382 3434 οὑκ
2411 3378 2580 3449 οὑσης
2625 3376 2748 3431 οὐδὲ
2803 3375 2951 3447 ζωῆς
2987 3378 3125 3446 μετὰ
3152 3374 3359 3441 ταύτας
3389 3375 3454 3428 Εἰ
3484 3374 3594 3444 γὰρ
3619 3374 3668 3426 οῖ

2092 3474 2442 3537 πιστεύοντες
2470 3474 2536 3543 τῇ
2562 3471 2881 3529 ἀναστάσει,
2921 3469 3075 3540 μόλις
3101 3467 3167 3523 ἂν
3189 3469 3329 3538 ὑπὲρ
3355 3467 3530 3537 αὑτῆς
3560 3485 3670 3521 κιν-

2092 3564 2427 3637 δυνεύσαιεν,
2457 3564 2506 3617 εἰ
2544 3562 2620 3633 μὴ
2655 3562 2861 3633 σφόδρα
2896 3556 3008 3614 εἷεν
3032 3561 3289 3630 γενναῖοισ
3319 3559 3502 3629 πολλῷ
3538 3556 3671 3627 μᾶλ-

2093 3658 2183 3711 λον
2226 3659 2256 3711 6
2300 3656 2375 3728 μὴ
2405 3652 2700 3716 πιστεύων,
2736 3654 2921 3724 φησὶν,
2951 3653 3052 3706 οὒκ
3084 3651 3151 3706 ἂν
3179 3651 3352 3704 ἕλοιτο
3381 3648 3668 3711 τοσούτους

2094 3745 2388 3816 ὑπομένειν
2430 3743 2714 3807 θανάτους,
2768 3743 2862 3795 καὶ
2911 3741 3054 3795 οὕτω
3095 3740 3388 3811 χαλεπούς.
3419 3738 3525 3792 Kal
3556 3737 3662 3808 γάρ

2095 3838 2237 3893 κατά
2263 3837 2454 3908 μικρὸν
2484 3837 2587 3905 ὅρα
2618 3835 2789 3903 πόσην
2814 3836 3047 3887 ποιεῖται
3068 3833 3168 3901 τὴν
3197 3830 3445 3903 αὔξησιν.
3481 3825 3661 3892 Εἶπεν,

2095 3930 2178 3984 ὅτι
2204 3927 2669 3996 Κινδυνεύομεν,
2716 3924 3076 3994 προσέθηκεν,
3110 3924 3193 3977 ὅτι
3233 3920 3450 3978 Πᾶσαν
3487 3918 3665 3988 ὥραν,

2097 4016 2237 4085 εἶτα,
2263 4021 2347 4074 ὅτι
2370 4018 2513 4073 Καθ’
2568 4017 2818 4086 ἡμέραν,
2871 4013 3012 4081 εἶτα,
3066 4017 3149 4070 ὅτι
3196 4015 3284 4082 οὑ,
3337 4010 3665 4074 Κινδυνεύω,

2101 4112 2281 4184 μόνον,
2323 4110 2513 4180 φησὶν,
2558 4107 2694 4161 ἀλλά
2737 4106 2854 4170 καὶ,
2891 4107 3271 4177 Ἀποθνὴσκω.
3319 4105 3570 4158 Δεῖκνυσι
3606 4100 3669 4172 δὴ

2096 4201 2280 4255 λοιπὸν
2306 4202 2398 4254 καὶ
2427 4199 2706 4261 ποσαποὺς
2733 4197 3017 4262 θανάτους,
3041 4197 3184 4251 οὑτω
3206 4196 3405 4265 λέγων·
3429 4197 3497 4249 El
3526 4193 3671 4249 κατὰ

2099 4294 2413 4362 ἄνθρωπον
2461 4288 2910 4360 ἐθηριομάχησα
2959 4290 3031 4344 ἐν
3079 4290 3329 4359 Ἐφέσῳ,
3360 4288 3421 4343 τί
3461 4305 3563 4358 μοι
3606 4286 3670 4340 τὸ

2100 4386 2320 4457 ὄφελος
2336 4401 2357 4451 ;

2168 4487 2240 4550 γ’.
2282 4479 2348 4532 Τί
2379 4480 2548 4544 ἐστιν,
2591 4478 2661 4531 El
2698 4475 2848 4530 κατὰ
2893 4474 3207 4543 ἄνθρωπον
3220 4491 3243 4541 ;
3280 4473 3446 4528 Ὅσον
3482 4471 3543 4526 τὸ
3594 4471 3671 4533 είς

2101 4571 2422 4642 ἀνθρώπους
2448 4566 2603 4643 ἧκον,
2646 4567 3079 4639 ἐθηριομάχησα.
3110 4566 3176 4619 Τί
3214 4566 3344 4636 γὰρ,
3382 4566 3432 4618 εί
3474 4566 3504 4619 6
3545 4563 3672 4624 Θεὸς

2101 4658 2378 4732 ἐξήρπασέ
2412 4676 2477 4730 με
2508 4658 2618 4711 τῶν
2645 4657 2903 4712 κινδύνων
2923 4674 2939 4723 ;
2982 4658 3143 4712 Ὥστε
3178 4660 3208 4711 6
3257 4656 3495 4726 μάλιστα
3539 4654 3673 4723 ὑπὲρ

2102 4750 2304 4804 τούτων
2350 4749 2578 4819 ὀφείλων
2629 4750 2922 4820 μεριμνᾷν,
2973 4747 3084 4817 ἐγώ
3139 4749 3255 4818 εἰμι
3306 4749 3336 4800 6
3391 4746 3673 4807 τοσούτους

2104 4840 2381 4903 κινδύνους
2408 4838 2714 4910 ὑπομένων,
2766 4840 2861 4892 καὶ
2916 4839 3188 4908 μηδεμίαν
3240 4838 3468 4908 μηδέπω
3498 4833 3672 4891 λαϐὼν

2104 4932 2361 5003 ἀμοιϐήν.
2395 4932 2458 4983 Εἰ
2492 4931 2601 5002 γάρ
2636 4929 2712 5001 μὴ
2752 4929 3114 5000 παραγίνεται
3145 4932 3174 4983 6
3214 4929 3318 4997 τῆς
3355 4929 3674 4987 ἀντιδόσεως

2107 5024 2314 5097 καιρὸς,
2341 5022 2477 5077 ἀλλά
2511 5023 2671 5094 μέχρι
2697 5020 2792 5075 τοῦ
2823 5021 3094 5092 παρόντος
3120 5021 3190 5074 τὰ
3208 5020 3459 5089 ἡμέτερα
3485 5017 3675 5086 συγκέ-

2106 5115 2371 5177 κλεισται,
2396 5116 2557 5186 ἡμεῖς
2579 5115 2637 5167 ἐν
2669 5112 2876 5184 μείζονι
2909 5113 3084 5184 ζημία
3111 5111 3298 5181 ἐσμέν.
3349 5110 3543 5181 Ὑμεῖς
3581 5108 3675 5178 μὲν

2106 5208 2214 5275 γάρ
2243 5207 2538 5269 ἀκινδύνως
2587 5205 2965 5267 ἐπιστεύσατε,
2999 5205 3161 5274 ἡμεῖς
3198 5203 3257 5256 δὲ
3299 5202 3422 5256 καθ’
3444 5201 3675 5270 ἑκάστην

2109 5297 2455 5368 σφαττόμεθα
2484 5296 2584 5367 τὴν
2625 5295 2861 5366 ἡμέραν.
2903 5286 3091 5349 Ταῦτα
3120 5292 3177 5347 δὲ
3209 5294 3430 5348 ἅπαντα
3472 5293 3672 5361 ἔλεγεν.

2106 5390 2205 5445 οὑκ
2237 5387 2422 5457 ἐπειδὴ
2448 5389 2547 5440 οὑκ
2572 5384 2716 5457 εἶχεν
2739 5386 2928 5456 ὄφελος
2956 5386 3048 5439 καὶ
3071 5386 3128 5439 ἐν
3151 5384 3301 5455 αὑτῷ
3327 5383 3404 5455 τῷ
3429 5384 3675 5454 πάσχειν,

2107 5478 2241 5532 ἀλλά
2264 5478 2351 5532 διά
2377 5476 2475 5548 τὴν
2505 5477 2610 5531 τῶν
2641 5478 2851 5531 πολλῶν
2880 5477 3185 5541 ἀσθένειαν,
3208 5476 3303 5529 καὶ
3324 5476 3469 5530 ὥστε
3488 5474 3676 5535 αὑτοὺς

2110 5572 2188 5635 είς
2224 5569 2316 5622 τὸν
2342 5570 2469 5637 περὶ
2505 5569 2601 5639 τῆς
2652 5569 3001 5634 ἀναστάσεως
3033 5567 3182 5641 [582]
3216 5569 3473 5639 στηρίξαι
3502 5568 3670 5635 λόγον·

2113 5664 2210 5716 οὑκ
2230 5661 2415 5734 ἐπειδὴ
2443 5661 2600 5725 αὑτὸς
2625 5661 2713 5715 ἐπὶ
2738 5662 2912 5733 μισθῷ
2946 5662 3177 5733 ἔτρεχεν·
3203 5659 3452 5730 ἀρκοῦσα
3484 5660 3589 5731 γάρ
3613 5652 3678 5727 ἦν
