4018 6156
323 326 326 334 λ
354 294 459 352 389

357 409 625 482 principes
649 415 830 464 autem
856 414 913 461 et
939 414 1113 475 reges,
1138 400 1351 458 etiamsi
1377 400 1648 456 dimittant
1673 405 1728 453 et
1752 398 1934 452 absol-

332 513 483 556 vant
505 499 778 555 adulteros
799 506 854 554 et
879 494 1173 552 homicidas
1192 532 1208 560 ,
1235 508 1265 548 a
1291 490 1539 562 prtcscnti
1564 489 1776 560 quidem
1805 489 1938 542 libe-

355 603 479 649 rant
503 592 784 662 supplicio,
805 602 991 644 eorum
1012 594 1190 642 autem
1218 592 1495 656 peceatum
1517 597 1623 637 non
1645 580 1936 636 emundant

354 695 412 741 et
456 685 702 753 erpiaut;
750 689 805 735 et
845 680 890 734 si
935 678 1185 733 dimissos
1227 675 1441 746 quidem
1485 673 1827 743 provexerint
1868 669 1934 724 ad

353 778 724 846 magistratus,
757 782 810 826 et
835 771 917 827 vel
947 771 1059 841 ipsa
1090 768 1361 823 induerint
1390 779 1622 836 purpura
1647 804 1661 829 ,
1690 773 1743 817 et
1770 765 1936 831 impo-

353 868 558 923 suerint
592 865 672 919 eis
707 862 988 925 diadema;
1031 875 1188 930 reges
1226 859 1442 929 quidem
1480 857 1560 911 sic
1597 855 1876 918 fecerunt,
1904 868 1935 908 a

353 957 585 1028 peccatis
610 965 790 1011 autem
817 966 924 1009 non
954 953 1249 1007 liberarum
1278 966 1292 1006 :
1322 949 1469 1003 solus
1495 948 1637 1003 enim
1669 948 1807 1001 Deus
1836 945 1936 999 hoc

352 1050 497 1104 facit.
527 1047 679 1114 Quod
711 1045 930 1116 quidem
965 1052 1219 1111 operatur
1251 1041 1304 1095 in
1346 1040 1555 1094 lavacro
1577 1037 1938 1105 regeneratio-

352 1141 437 1195 nis
462 1156 477 1193 :
500 1141 672 1210 ipsam
701 1139 843 1193 enim
873 1136 1108 1190 animam
1139 1133 1304 1203 tangit
1331 1132 1496 1201 gratia
1515 1170 1532 1196 ,
1561 1140 1615 1183 et
1638 1130 1782 1183 illinc
1807 1142 1937 1198 peo-

353 1245 531 1288 catum
563 1231 748 1287 evellit
784 1229 1060 1285 radicitus.
1103 1227 1386 1296 Propterea
1416 1224 1532 1293 ejus
1561 1220 1774 1292 quidem
1800 1264 1814 1289 ,
1843 1222 1935 1292 qui

352 1337 436 1381 est
463 1325 718 1380 dimissus
745 1336 774 1375 a
806 1335 933 1391 rege
957 1360 972 1386 ,
1001 1319 1268 1374 sordidam
1297 1315 1477 1371 videre
1510 1316 1631 1370 licet
1658 1314 1891 1369 animam
1917 1330 1932 1366 :

354 1419 473 1487 ejus
512 1424 688 1470 autem
726 1414 815 1483 qui
858 1422 939 1468 est
979 1412 1270 1481 baptizatus
1294 1450 1309 1473 ,
1340 1408 1557 1462 minime
1580 1447 1596 1473 ,
1625 1407 1719 1462 sed
1761 1407 1934 1475 ipsum

354 1510 486 1564 solis
509 1505 674 1562 radiis
699 1506 985 1574 puriorem,
1006 1511 1063 1557 et
1080 1503 1250 1573 qualis
1272 1501 1369 1555 fuit
1390 1508 1641 1569 generata
1663 1500 1731 1554 ab
1751 1497 1932 1564 initio;

357 1601 467 1654 imo
498 1611 630 1652 vero
656 1594 745 1650 illa
781 1607 993 1665 queque
1031 1593 1188 1662 longe
1226 1592 1503 1646 meliorem
1531 1607 1545 1642 :
1575 1589 1766 1643 fruitur
1793 1588 1934 1642 enim

358 1691 561 1761 Spiritu
598 1689 687 1758 qui
728 1702 844 1742 eam
870 1685 1016 1740 omni
1047 1700 1114 1739 ex
1152 1689 1302 1753 parte
1342 1681 1633 1736 inﬂammat
1656 1721 1670 1745 ,
1698 1688 1751 1735 et
1779 1688 1938 1749 auget

359 1782 718 1839 sanctitatem.
745 1780 813 1835 Et
835 1780 973 1832 sicut
997 1792 1184 1832 aurum
1210 1784 1303 1830 aut
1325 1785 1600 1845 argentum
1625 1772 1933 1837 refundens,

363 1891 553 1947 purum
579 1882 634 1928 et
657 1887 851 1927 novum
879 1869 1011 1925 facis
1033 1869 1209 1923 denuo
1237 1883 1252 1922 ι
1281 1868 1351 1921 ita
1375 1867 1533 1921 etiam
1560 1865 1787 1934 Spiritus
1812 1877 1937 1919 san-

359 1942 474 2023 ctus
499 1969 549 2020 in
580 1964 839 2033 baptismo
867 1971 1131 2030 tamquam
1159 1960 1212 2013 in
1240 1958 1454 2012 fornace
1478 1970 1595 2011 eam
1622 1952 1932 2019 refundens,

352 2073 410 2115 et
449 2066 661 2129 peccata
702 2068 1025 2110 consumens
1049 2094 1064 2119 ,
1106 2050 1268 2107 efﬁcit
1306 2059 1366 2104 ut
1403 2048 1594 2120 quovis
1632 2058 1765 2101 auro
1802 2058 1936 2116 puro

351 2151 540 2221 purius
589 2147 806 2217 fulgeat.
863 2145 1101 2213 Itemque
1146 2154 1434 2211 corporum
1482 2136 1936 2193 resurrectionem

352 2241 481 2294 hinc
506 2253 717 2309 quoque
756 2249 942 2291 rursus
989 2234 1081 2288 tibi
1127 2232 1251 2288 facit
1290 2245 1411 2287 esse
1436 2230 1772 2285 credibilem.
1801 2228 1933 2282 Nam

346 2332 620 2401 quoniam
646 2339 919 2398 peccatum
959 2333 1184 2380 mortem
1214 2324 1434 2389 intulit,
1464 2322 1728 2377 exsiccata
1756 2321 1937 2377 radice

350 2439 457 2476 ttou
484 2431 569 2475 est
592 2421 820 2488 amplius
841 2416 1192 2472 dubitandum
1219 2415 1287 2469 de
1311 2413 1515 2468 fructus
1539 2412 1776 2467 interitu.
1804 2411 1939 2465 Pro-

346 2524 530 2583 pterea
559 2525 679 2565 cum
711 2510 857 2578 prius
886 2508 1118 2563 dixisses
1147 2505 1520 2559 remissionem
1555 2510 1893 2572 peccatorum
1919 2541 1936 2567 ,

347 2616 481 2659 tunc
499 2599 774 2656 conﬁteris
793 2598 955 2652 etiam
980 2608 1312 2650 mortuorum
1333 2590 1796 2654 resurrectionem,
1818 2591 1939 2645 hinc

344 2697 412 2750 ad
444 2694 574 2749 illud
595 2692 878 2747 deductus.
906 2688 1103 2743 Deinde
1124 2688 1374 2757 quoniam
1399 2699 1507 2739 non
1527 2683 1723 2737 sufﬁcit
1743 2697 1937 2737 nomen

344 2784 762 2844 resurrectionis
782 2783 851 2837 ad
872 2782 1178 2836 universum
1195 2777 1584 2833 ostendendum
1602 2776 1772 2847 (multi
1792 2777 1936 2831 enim

343 2880 439 2949 qui
473 2883 879 2932 resurrexerant
902 2887 1089 2927 rursus
1113 2877 1479 2931 excesserunt,
1507 2878 1564 2923 ttt
1587 2869 1675 2938 qui
1705 2882 1939 2923 resurre-

345 2979 550 3027 xerunt
579 2969 631 3023 in
657 2967 860 3031 Veteri,
888 2972 947 3019 ut
970 2964 1222 3029 Lazarus,
1252 2971 1311 3017 ut
1332 2962 1422 3031 qui
1454 2971 1694 3031 tempore
1718 2960 1935 3031 crucis),

343 3063 503 3132 jubet
525 3060 707 3115 dicere
730 3096 746 3125 ,
774 3059 842 3112 Et
870 3057 920 3110 in
950 3057 1110 3110 vitam
1142 3066 1398 3110 teternam
1421 3093 1437 3117 ,
1471 3068 1538 3107 ne
1566 3054 1685 3123 quis
1713 3053 1940 3122 amplius

347 3154 657 3222 suspicetur
697 3158 925 3206 mortem
971 3159 1094 3219 post
1139 3148 1606 3202 resurrectionem.
1649 3145 1775 3200 Haec
1812 3161 1941 3216 ergo

349 3247 518 3302 verba
550 3246 602 3298 itt
631 3244 944 3298 memoriam
976 3255 1239 3296 revocans
1264 3240 1459 3294 Paulus
1486 3240 1617 3294 dicit
1649 3256 1661 3292 :
1693 3239 1832 3306 Quid
1861 3244 1943 3309 [ac

350 3341 490 3391 cient
526 3337 612 3405 qui
647 3336 968 3405 baptizantur
1002 3349 1095 3401 pro
1135 3332 1378 3385 mortuis?
1416 3332 1547 3385 Nam
1586 3330 1631 3385 si
1670 3346 1776 3385 non
1815 3338 1899 3386 est
1922 3371 1939 3397 ,

355 3427 537 3497 inquit
555 3467 570 3492 ,
601 3425 936 3488 resurrectio,
968 3424 1082 3477 haec
1109 3423 1269 3477 verba
1301 3424 1455 3491 plane
1484 3431 1610 3476 sunt
1637 3421 1794 3476 ludus
1820 3437 1942 3477 see-

357 3525 537 3576 uicus.
566 3519 623 3574 Si
650 3535 751 3573 non
774 3528 857 3574 est
880 3516 1234 3581 resurrectio,
1259 3514 1528 3585 quomodo
1553 3515 1631 3568 eis
1656 3512 1943 3569 suademus

354 3623 422 3670 ut
450 3608 677 3664 credant
702 3624 819 3680 quae
847 3622 951 3664 non
981 3606 1209 3662 damus?
1237 3614 1296 3659 tit
1324 3606 1369 3659 si
1404 3604 1527 3674 quis
1558 3604 1753 3673 jubeus
1781 3603 1945 3659 edere

359 3700 677 3761 schednlam
731 3700 872 3771 quod
923 3699 1026 3755 hoc
1079 3708 1137 3754 et
1188 3696 1318 3752 illud
1373 3696 1676 3765 acceperit,
1728 3695 1945 3750 minime

354 3795 571 3852 dederit
611 3809 733 3864 qua:
776 3793 834 3848 itt
875 3808 940 3848 ea
983 3793 1180 3861 scripta
1221 3799 1383 3855 sunt;
1428 3788 1621 3843 deinde
1668 3798 1945 3858 postquam

355 3888 663 3957 subscripta
707 3887 869 3942 fuerit
908 3884 1201 3949 scbedula,
1243 3882 1428 3951 exigat
1469 3895 1588 3950 quae
1630 3880 1681 3933 in
1720 3893 1781 3933 ea
1822 3886 1947 3932 sunt

354 3980 580 4049 scripta.
606 3977 744 4044 Quid
767 3977 909 4030 enim
930 3975 1000 4030 de
1018 3984 1215 4029 caetero
1242 3974 1399 4028 faciet
1422 3972 1466 4027 is
1485 3971 1577 4043 qui
1598 3969 1941 4038 subscripsit,

354 4089 484 4127 cum
511 4086 573 4125 se
597 4070 813 4140 quidem
840 4067 1137 4122 debitorem
1164 4065 1522 4129 constituerit,
1550 4080 1656 4118 non
1683 4062 1948 4132 acceperit

356 4174 540 4218 autem
569 4176 632 4216 ea
657 4178 778 4231 qua:
807 4158 1084 4214 confessus
1113 4165 1196 4212 est
1224 4171 1284 4210 se
1308 4155 1620 4224 accepisse?
1663 4153 1775 4208 Hoc
1803 4152 1943 4208 enim

357 4255 446 4311 hic
472 4268 689 4323 quoque
712 4251 842 4307 dicit
864 4251 932 4305 de
956 4251 1020 4304 iis
1043 4249 1132 4318 qui
1157 4249 1493 4317 baptizantur
1516 4261 1531 4299 :
1554 4245 1689 4312 Quid
1717 4244 1944 4309 facient,

358 4347 577 4417 inquies
595 4386 610 4411 ,
638 4345 728 4414 qui
759 4345 1097 4413 baptizantur
1115 4381 1129 4407 ,
1158 4340 1249 4410 qui
1277 4339 1707 4405 subscripserunt
1735 4336 1947 4404 quidem

359 4439 817 4495 resurrectionem
846 4446 1174 4490 mortuorum
1204 4444 1489 4499 corporum
1510 4469 1526 4494 ,
1554 4444 1659 4483 non
1690 4428 1952 4496 recipiunt

361 4543 545 4588 autem
566 4570 584 4597 ,
615 4530 711 4585 sed
741 4526 1114 4599 decipiuntur?
1145 4523 1270 4594 quid
1298 4523 1517 4578 omnino
1545 4529 1660 4576 erat
1688 4536 1823 4590 opus
1852 4518 1950 4574 hac

362 4625 707 4682 confessione
726 4662 743 4688 ,
775 4623 819 4676 si
861 4636 951 4675 res
976 4634 1083 4674 non
1114 4615 1472 4687 sequebatur?
1501 4614 1590 4669 50.
1628 4612 1760 4679 Quid
1789 4621 1835 4665 et
1860 4626 1954 4664 nos

364 4717 719 4786 periclitamur
744 4714 882 4767 omni
922 4711 1088 4765 liora?
1129 4710 1221 4764 5i.
1252 4706 1489 4773 Quotidie
1525 4705 1715 4758 morior
1750 4712 1954 4772 propter

363 4822 587 4862 vestrum
628 4805 881 4875 gloriam,
909 4818 1062 4873 quam
1104 4800 1261 4854 habeo
1300 4800 1354 4851 in
1397 4797 1596 4851 Christo
1633 4794 1779 4849 Jesu.
1826 4793 1955 4847 Vide

365 4913 561 4954 rursus
592 4896 858 4950 nudenam
886 4895 1080 4963 dogma
1121 4890 1459 4962 aggrediatur
1498 4889 1726 4957 probare
1749 4927 1763 4950 ,
1795 4903 1825 4941 a
1856 4900 1956 4940 suo

368 4990 659 5061 suffragio;
684 4990 794 5042 imo
818 5001 944 5042 vero
967 5002 1071 5040 non
1097 4986 1268 5040 solum
1293 4994 1411 5049 suo,
1434 4982 1525 5036 sed
1547 4983 1706 5036 etiam
1731 4989 1957 5035 caetero-

370 5101 490 5139 rurn
511 5081 900 5151 apostolorum.
926 5081 1019 5134 Est
1037 5086 1212 5132 autem
1236 5077 1335 5131 hoc
1354 5086 1565 5145 quoque
1586 5086 1689 5127 non
1714 5086 1955 5141 parvum,

371 5177 647 5231 adducere
687 5173 934 5228 doctores
976 5172 1066 5242 qui
1104 5170 1171 5224 de
1207 5181 1276 5223 eo
1301 5168 1455 5222 valde
1484 5175 1687 5220 certam
1730 5163 1961 5218 habeant

376 5266 781 5337 persuasionem
806 5303 822 5331 ,
853 5271 910 5319 et
941 5262 1043 5317 hoc
1080 5275 1190 5316 non
1228 5260 1401 5315 solum
1432 5257 1612 5311 verbis
1635 5296 1651 5321 ,
1681 5254 1774 5309 scd
1800 5254 1960 5308 etiam

375 5359 541 5414 rebus
577 5356 884 5413 ostendant.
928 5356 1214 5424 Promerea
1244 5367 1348 5407 non
1382 5351 1514 5406 dicit
1546 5348 1790 5403 absolute
1812 5388 1826 5411 ,
1856 5345 1963 5399 Nos

376 5462 597 5520 quoque
641 5448 694 5503 id
743 5447 1000 5502 habemus
1043 5457 1382 5514 persuasum;
1430 5455 1604 5513 neque
1649 5441 1792 5496 enim
1835 5439 1965 5492 satis

376 5552 497 5599 erat
538 5542 642 5598 hoc
668 5542 841 5597 solum
872 5537 1224 5611 persuadere;
1270 5537 1364 5592 sed
1394 5537 1552 5591 etiam
1579 5550 1676 5605 per
1703 5550 1793 5589 res
1822 5537 1966 5602 ipsas

379 5632 1126 5690 exhibetdemonstratinnem
1149 5646 1161 5682 :
1186 5628 1409 5698 perinde
1433 5642 1495 5681 ac
1510 5627 1555 5681 si
1582 5627 1807 5681 diceret:
1829 5626 1965 5679 Ver-

383 5727 465 5782 bis
508 5725 621 5782 htcc
662 5725 905 5782 conﬁteri
942 5722 1072 5778 nihil
1106 5721 1256 5778 vobis
1297 5720 1431 5776 forte
1466 5719 1672 5774 videtur
1707 5735 1823 5776 esse
1861 5720 1959 5774 uti-

1405 284 1474 342 ΚΝ
1511 278 1724 342 EPiST.
1764 278 1786 339 Ι
1848 281 1942 338 AD
1976 278 2134 337 COR.
2178 276 2410 337 HOMIL.
2453 281 2567 340 XL.

3518 288 3626 351 350

2039 396 2299 463 randum;
2339 399 2388 453 si
2426 410 2603 456 autem
2642 400 2802 456 etiam
2836 416 2866 455 a
2903 387 3072 459 rebus
3100 390 3233 473 ipsis
3258 412 3443 463 vocem
3472 409 3626 465 vobis

2038 487 2427 557 exhibeamus,
2468 490 2595 561 quid
2642 491 2708 546 ad
2756 493 2872 548 lucc
2917 494 3163 563 poteritis
3215 496 3626 552 contradicere?

2039 577 2234 632 Audite
2253 593 2384 650 ergo
2403 582 2672 649 quomodo
2690 582 2849 638 etiam
2877 596 2970 651 per
2996 585 3229 655 pericula
3252 584 3366 642 haec
3387 588 3625 657 quotidie

2039 668 2410 724 conﬁteamur.
2439 672 2504 726 Et
2531 688 2638 726 non
2666 672 2834 739 dixit,
2866 673 3002 747 Ego,
3034 677 3128 733 sed
3146 719 3160 742 ,
3187 677 3318 744 Nos,
3346 693 3624 737 assumens

2039 772 2226 814 omnes
2256 762 2413 815 simul
2440 765 2735 832 apostolos,
2766 775 2820 821 et
2847 780 2908 821 ea
2940 770 3146 822 ratione
3170 771 3413 825 modeste
3439 785 3501 827 se
3527 786 3625 841 ge-

2010 874 2013 879 ‹
2039 862 2167 904 rens
2189 892 2205 917 ,
2237 865 2300 906 ac
2328 852 2433 908 ﬁde
2461 854 2677 924 dignam
2720 858 2918 912 faciens
2954 860 3274 915 orationem.
3313 861 3449 929 Quid
3480 865 3625 918 enim

2037 941 2220 999 dicere
2260 946 2582 1015 potueritis?
2610 948 2750 1017 quod
2785 963 2881 1004 vos
2917 948 3247 1021 decipiemus
3284 951 3399 1009 hate
3426 955 3623 1025 prandi-

2038 1044 2259 1100 cantes,
2305 1044 2361 1091 et
2414 1046 2632 1107 propter
2685 1038 2897 1093 inanem
2939 1041 3161 1110 gloriam
3217 1042 3334 1098 haec
3373 1044 3622 1114 dogmata

2039 1128 2373 1184 statuamus?
2420 1128 2526 1185 Sed
2569 1132 2705 1185 hanc
2744 1134 3063 1187 sententiam
3104 1132 3246 1189 ferre
3291 1150 3397 1189 non
3441 1137 3624 1191 sinunt

2039 1220 2272 1288 pericula
2304 1236 2318 1272 :
2347 1222 2469 1291 quis
2506 1223 2658 1277 enim'
2690 1237 2783 1277 sua
2827 1234 3019 1294 sponte
3058 1227 3288 1281 voluerit
3332 1227 3526 1284 frustra
3565 1237 3623 1284 et

2039 1319 2242 1365 temere
2269 1310 2417 1367 adire
2445 1313 2722 1382 pericula?
2752 1313 2821 1369 Et
2860 1314 2981 1371 ideo
3007 1316 3219 1373 dicebat
3240 1359 3255 1383 ,
3292 1316 3429 1387 Quid
3454 1330 3503 1374 et
3530 1337 3623 1375 nos

2038 1403 2384 1470 periclitamur
2410 1405 2547 1459 omni
2577 1406 2744 1462 liora?
2784 1407 2916 1463 Nam
2944 1418 3000 1465 et
3039 1412 3083 1464 si
3110 1412 3231 1482 quis
3260 1421 3479 1482 prepter
3505 1413 3624 1468 ina-

2038 1508 2159 1548 nem
2183 1495 2405 1564 gloriam
2432 1496 2536 1551 ltoc
2557 1508 2652 1552 Sua
2679 1509 2870 1568 sponte
2894 1499 3136 1570 elegerit,
3162 1502 3327 1559 semel
3350 1514 3404 1559 et
3430 1504 3622 1561 iterum

2036 1587 2140 1642 hoc
2176 1586 2368 1654 faciet,
2401 1604 2510 1644 non
2552 1592 2697 1646 omni
2739 1600 2980 1663 tempore
3013 1595 3151 1650 sicut
3182 1612 3280 1651 nos
3309 1614 3321 1650 :
3350 1612 3450 1654 nos
3477 1599 3619 1654 enim

2034 1685 2203 1731 tutam
2233 1679 2395 1732 vitam
2437 1678 2559 1734 huic
2599 1681 2675 1736 rei
2704 1682 3023 1738 addicimus.
3057 1685 3293 1753 Quotidie
3320 1690 3508 1744 morior
3534 1679 3626 1761 per

2036 1778 2249 1822 uestram
2290 1771 2641 1840 gloriatiouem
2664 1814 2679 1837 ,
2718 1791 2869 1844 quam
2914 1774 3070 1831 habeo
3112 1779 3167 1833 in
3210 1775 3410 1835 Christo
3451 1781 3621 1849 Iesu;

2037 1860 2406 1929 gloriationetn
2440 1863 2734 1921 hic.dicens
2760 1881 2947 1921 eorum
2979 1868 3294 1937 profectum.
3323 1870 3455 1926 Nam
3481 1889 3622 1945 quo-

2036 1951 2179 2005 niam
2208 1954 2369 2008 muita
2396 1956 2630 2011 ostendit
2657 1972 2777 2013 esse
2802 1959 3069 2029 pericula;
3097 1978 3164 2018 ne
3188 1964 3456 2021 videretur
3483 1977 3621 2021 tam-

2036 2056 2195 2112 quam
2237 2043 2442 2099 deﬂens
2483 2047 2597 2102 hare
2633 2047 2812 2105 dicere
2835 2091 2851 2117 ,
2880 2050 2995 2107 Non
3035 2054 3240 2117 solum,
3275 2056 3482 2126 inquit,
3515 2072 3623 2114 non

2036 2132 2228 2198 doleo,
2263 2134 2359 2189 sed
2390 2136 2549 2189 etiam
2577 2136 2777 2206 glorior
2801 2140 2941 2210 quod
2980 2156 3078 2211 pro
3101 2142 3254 2199 vobis
3287 2144 3402 2200 haec
3429 2148 3620 2216 patiar.

2038 2225 2243 2294 Duplici
2274 2234 2451 2281 autem
2481 2228 2688 2285 ratione
2718 2246 2777 2286 se
2803 2233 2932 2288 dicit
2956 2234 3206 2304 gloriari,
3238 2245 3292 2294 et
3321 2240 3472 2309 quod
3494 2257 3623 2311 pro-

2038 2326 2156 2386 pter
2184 2319 2328 2386 ipsos
2353 2321 2583 2388 pericula
2614 2322 2789 2386 adeat,
2819 2333 2873 2379 et
2896 2327 3037 2396 quod
3068 2329 3215 2398 ipsos
3242 2332 3419 2387 videat
3449 2334 3625 2390 incre-

2036 2418 2275 2463 mentum
2316 2411 2611 2481 suscipere.
2655 2410 2857 2470 Deinde
2894 2418 3095 2473 faciens
3138 2420 3189 2475 ld
3230 2424 3371 2492 quod
3412 2434 3492 2481 cst
3521 2426 3625 2481 sibi

2037 2500 2274 2566 solitum,
2293 2502 2544 2570 quoniam
2566 2518 2755 2575 magna
2778 2515 2861 2561 est
2880 2508 3145 2578 loquutus,
3170 2523 3391 2585 tttraque
3411 2516 3627 2571 Christo

2040 2592 2241 2647 tribuit.
2270 2592 2549 2660 Quomodo
2573 2606 2750 2650 autem
2774 2601 3000 2654 moritur
3020 2603 3291 2671 quotidie?
3316 2607 3490 2662 Animi
3513 2609 3627 2663 ala-

2037 2684 2247 2749 critate,
2278 2692 2332 2751 et
2357 2684 2497 2754 quod
2527 2686 2593 2739 ad
2620 2686 2721 2741 hoc
2744 2686 2812 2742 sit
2839 2699 3072 2757 paratus.
3105 2692 3174 2747 Et
3198 2708 3294 2749 cur
3321 2696 3436 2753 htec
3464 2696 3627 2753 dicit?

2037 2777 2246 2831 Rursus
2283 2790 2382 2846 per
2420 2776 2534 2831 haec
2563 2791 2778 2848 quoque
2818 2781 3140 2837 confirmans
3169 2786 3311 2855 quod
3337 2788 3532 2843 dicitur
3559 2788 3628 2843 de

2041 2868 2455 2922 resurrectione.
2485 2867 2615 2934 Quis
2639 2870 2803 2937 enim,
2834 2872 3020 2942 inquit,
3051 2877 3270 2946 elegerit
3298 2888 3402 2934 tatn
3433 2880 3627 2934 multas

2040 2961 2223 3015 subire
2266 2968 2503 3029 mortes,
2534 2962 2580 3016 si
2618 2976 2688 3019 ne
2724 2964 2794 3018 sit
2827 2965 3040 3035 quidem
3082 2980 3264 3038 postea
3305 2974 3628 3030 resurrectio

2040 3067 2214 3121 neque
2241 3054 2389 3108 vita?
2429 3052 2560 3109 Nam
2599 3055 2645 3111 si
2690 3057 2781 3125 qui
2824 3059 3053 3115 credunt
3088 3064 3466 3121 resurrectioni
3492 3109 3506 3132 ,
3534 3067 3623 3121 vix

2041 3159 2140 3214 pro
2167 3157 2229 3200 ea
2259 3143 2496 3215 pericula
2525 3143 2755 3201 adierint
2783 3148 2882 3203 nisi
2912 3152 3018 3205 sint
3049 3151 3214 3210 fortes
3245 3172 3309 3212 ae
3335 3157 3581 3228 generosi
3608 3174 3621 3211 :

2041 3237 2209 3291 multo
2235 3238 2402 3308 magis
2427 3238 2472 3292 is
2497 3240 2584 3308 qui
2611 3254 2716 3293 non
2738 3242 2927 3307 credit,
2954 3259 3058 3300 non
3088 3254 3194 3301 tam
3221 3249 3416 3305 multas
3441 3258 3495 3305 et
3517 3259 3625 3302 tam

2041 3343 2229 3398 graves
2253 3344 2317 3384 ac
2338 3330 2585 3385 difﬁciles
2607 3342 2807 3386 mortes
2828 3334 3067 3405 elegerit.
3093 3336 3303 3393 Etenim
3325 3339 3445 3394 vide
3465 3354 3629 3410 quatt-

2046 3435 2153 3477 tum
2177 3425 2426 3492 paulatim
2444 3422 2601 3479 faciat
2617 3426 3021 3482 incrementum.
3045 3427 3210 3495 Dixit,
3233 3430 3627 3498 Pcriclitamur;

2043 3515 2284 3582 addidit,
2328 3514 2481 3569 Omni
2522 3516 2685 3579 hora;
2718 3517 2951 3584 deinde,
2989 3518 3267 3588 Quotidie;
3306 3534 3487 3594 postea
3522 3541 3628 3581 non

2044 3610 2215 3664 solum
2256 3608 2423 3673 dicit,
2470 3609 2786 3676 Periclitor,
2830 3610 2925 3664 sed
2969 3613 3154 3680 etiam,
3179 3614 3391 3670 Morior.
3430 3617 3631 3674 Deinde

2045 3698 2278 3754 Ostendit
2302 3707 2355 3752 et
2381 3707 2509 3768 quot
2535 3712 2756 3762 mortes.
2783 3700 2861 3755 sic
2884 3701 3069 3757 dicens
3099 3722 3112 3759 :
3141 3704 3231 3760 '52.
3266 3706 3327 3762 Si
3354 3710 3629 3762 secundum

2046 3791 2296 3845 hominem
2321 3791 2389 3843 ad
2414 3791 2597 3844 bestias
2618 3791 2839 3862 pugnavi
2864 3790 3072 3863 Ephesi,
3096 3796 3220 3864 quid
3243 3798 3368 3851 milii
3392 3790 3633 3869 prodest?

2117 3883 2170 3938 5.
2209 3882 2345 3951 Quid
2374 3893 2489 3948 est,
2521 3880 2582 3938 Si
2607 3883 2883 3937 secundum
2921 3886 3217 3941 hominem?
3243 3889 3396 3957 Quod
3423 3891 3489 3944 ad
3521 3891 3620 3945 ho-

2046 3977 2219 4031 mines
2246 3976 2457 4040 attinet,
2504 3975 2732 4046 pugnavi
2775 3992 2896 4031 cum
2939 3977 3146 4034 bestiis.
3199 3980 3339 4048 Quid
3392 3984 3535 4038 enim
3585 3984 3633 4041 si

2046 4083 2135 4124 me
2167 4068 2305 4123 Deus
2334 4068 2530 4137 eripuit
2566 4082 2594 4121 a
2623 4069 2916 4136 periculis?
2953 4068 3132 4136 Quare
3158 4073 3245 4142 qui
3276 4088 3371 4142 pro
3399 4073 3481 4128 his
3511 4091 3629 4129 ma-

2046 4161 2191 4215 xime
2219 4158 2390 4215 debeo
2416 4173 2538 4214 esse
2564 4158 2844 4225 sollicitus,
2891 4176 2992 4230 ego
3021 4175 3161 4226 sum,
3195 4163 3286 4233 qui
3320 4172 3425 4217 tam
3466 4165 3633 4221 multa

2049 4253 2288 4307 sustineo
2333 4251 2589 4320 pericula,
2634 4260 2689 4305 et
2726 4252 2902 4306 adhuc
2931 4253 3127 4307 nullam
3155 4255 3337 4324 accepi
3374 4272 3631 4311 remune-

2049 4343 2333 4397 rationem.
2378 4340 2509 4394 Nam
2540 4342 2583 4393 si
2610 4354 2714 4393 non
2747 4341 2968 4395 advenit
3002 4353 3211 4411 tempus
3239 4343 3632 4400 remuneratio-

2052 4435 2158 4498 nis,
2186 4433 2278 4487 sed
2309 4433 2446 4486 intra
2490 4446 2728 4500 praesens
2757 4440 2966 4500 tempus
2998 4447 3085 4487 res
3128 4440 3326 4488 nostrae
3356 4445 3480 4489 sunt
3507 4453 3637 4492 con-

2052 4527 2234 4588 clusae,
2265 4539 2363 4578 nos
2384 4523 2553 4593 majus
2583 4523 2838 4577 damnum
2864 4525 3113 4592 patimur.
3142 4522 3274 4581 Nam
3299 4544 3395 4582 vos
3421 4530 3635 4599 quidem

2053 4617 2184 4672 citra
2230 4615 2522 4684 periculum
2566 4613 2869 4669 credidistis
2915 4633 2927 4667 :
2972 4630 3070 4669 nos
3111 4627 3288 4672 autem
3340 4631 3637 4677 mactantur

2055 4706 2309 4777 quotidie.
2345 4703 2471 4761 Haec
2490 4714 2667 4759 autent
2697 4706 2874 4760 omnia
2901 4705 3131 4773 diccbat,
3166 4721 3270 4761 non
3301 4712 3550 4779 quoniam
3580 4714 3634 4771 in

2058 4797 2307 4870 patiendo
2336 4801 2535 4854 nullam
2564 4798 2787 4852 haberet
2814 4796 3118 4865 utilitatem,
3148 4800 3241 4853 sed
3266 4813 3483 4871 propter
3511 4806 3639 4859 mul-

2060 4905 2233 4948 torum
2272 4890 2716 4950 imbecillitatem,
2746 4897 2801 4942 et
2827 4894 2886 4942 ut
2914 4889 3059 4958 ipsos
3097 4893 3444 4948 confirmaret
3475 4895 3526 4948 in
3552 4913 3640 4949 ra-

2061 4987 2205 5039 tione
2233 4981 2640 5037 resurrectionis
2674 5000 2686 5032 ε
2719 4994 2826 5033 non
2858 4980 3001 5049 quod
3028 4982 3142 5050 ipse
3163 4995 3405 5039 curreret
3426 4998 3644 5057 propter

2063 5076 2362 5131 mercedem
2394 5093 2406 5127 :
2433 5078 2549 5127 erat
2591 5071 2732 5126 enim
2767 5073 3038 5127 sufﬁciens
3065 5072 3114 5126 ei
3146 5078 3541 5145 remuneratio,
3590 5080 3643 5135 id

2064 5169 2238 5222 facere
2266 5163 2407 5235 quod
2434 5164 2541 5217 Deo
2568 5162 2818 5230 placeret.
2864 5164 3219 5229 Quamobrem
3247 5164 3405 5220 etiam
3431 5170 3645 5239 quando

2065 5258 2213 5324 dicit,
2247 5256 2306 5311 Si
2327 5261 2380 5308 in
2405 5255 2500 5307 hac
2526 5255 2626 5306 vita
2653 5269 2914 5321 speramus
2938 5256 2992 5306 in
3021 5253 3218 5309 Christo
3248 5266 3464 5325 tantum,
3495 5262 3646 5314 mise-

2065 5349 2329 5403 rabiliores
2366 5347 2595 5399 omnibus
2623 5344 2908 5396 hominibus
2936 5359 3132 5398 sumus.
3170 5347 3344 5403 Etiam
3382 5351 3492 5405 illic
3532 5367 3653 5403 rur-

2068 5452 2162 5494 sus
2188 5446 2404 5508 propter
2430 5435 2572 5499 illos,
2620 5443 2678 5488 ut
2721 5445 2864 5488 metu
2902 5434 3059 5505 hujus
3091 5437 3320 5493 miseriae
3350 5456 3538 5494 eorum
3579 5439 3650 5491 de

2069 5532 2463 5589 resurrectione
2506 5527 2738 5598 exagitet
2782 5527 3207 5583 incredulitatem
3229 5570 3243 5594 ,
3276 5538 3331 5584 ct
3366 5530 3430 5582 ad
3464 5543 3651 5581 eorum

2071 5623 2483 5681 imbecillitatem
2509 5636 2568 5675 se
2595 5619 2915 5684 demittcns,
2947 5619 3025 5673 sic
3047 5619 3283 5688 loquitur
3313 5635 3325 5668 :
3363 5619 3459 5670 list
3504 5616 3649 5669 enim

2070 5731 2255 5786 magna
2298 5727 2536 5779 merces,
2585 5711 2799 5766 Christo
2831 5708 3045 5779 placere
3086 5709 3137 5762 in
3168 5706 3415 5760 omnibus
3449 5701 3651 5756 :etiam
