4018 6156
377 206 475 263 351

377 328 580 396 absque
624 315 1087 378 remuneratione,
1129 323 1319 380 magna
1364 318 1446 362 est
1487 319 1694 360 merces
1732 309 1956 371 propter

380 421 551 486 ipsum
584 415 731 470 adire
757 410 1012 483 pericula.
1054 406 1113 462 Si
1140 403 1327 457 mortui
1351 417 1452 454 non
1476 407 1744 468 resurgunt
1763 436 1779 460 ,
1810 413 1957 450 man-

379 515 622 566 ducemus
657 517 703 562 et
739 506 966 561 bibamus
1004 514 1024 555 :
1063 515 1175 552 cras
1203 498 1335 551 enim
1365 494 1654 548 moriemur.
1693 490 1807 546 Hoc
1844 489 1954 558 jam

378 603 597 657 verbum
625 608 706 652 est
733 593 1030 650 irridentis.
1051 587 1407 657 Quamobrem
1431 597 1537 636 non
1564 581 1668 636 huc
1687 595 1751 635 ex
1773 594 1833 635 se
1855 578 1955 632 ad-

380 691 550 758 duxit,
581 689 672 746 sed
702 679 1343 756 magniloquentissimum
1376 672 1687 744 prophetam
1710 669 1957 741 produxit

380 784 592 846 Isaiam,
618 780 707 849 qui
735 778 802 834 de
847 777 912 830 iis
934 817 948 839 ,
977 772 1064 842 qui
1089 784 1303 825 omnem
1326 779 1540 821 sensum
1566 763 1766 818 doloris
1795 775 1959 816 exue-

381 882 509 929 runt
534 881 588 928 et
617 877 742 925 sunt
770 864 1052 937 deplorati,
1075 860 1288 916 dicebat
1322 857 1437 911 haec
1472 854 1633 909 verba
1667 871 1680 906 :
1717 853 1815 919 Qui
1844 868 1956 904 ma-

380 975 517 1020 ctant
544 964 730 1018 vitulos
753 970 800 1014 et
824 958 1115 1024 sacriﬁcant
1151 969 1285 1017 oves,
1329 959 1384 1004 ut
1414 963 1589 1002 carnes
1616 945 1879 1000 comedunt
1911 954 1957 998 et

379 1062 550 1114 vinum
572 1058 739 1110 bibant
769 1071 787 1110 τ
813 1053 896 1124 qui
917 1052 1108 1115 dicunt,
1134 1045 1468 1102 Comedamus
1493 1051 1538 1096 et
1563 1042 1820 1103 bibamus;
1846 1054 1958 1091 cras

379 1152 516 1206 enim
543 1148 836 1201 moriemur.
873 1141 1000 1196 llaec
1037 1148 1154 1194 sunt
1189 1147 1366 1206 aperta
1403 1136 1458 1188 in
1503 1134 1710 1186 auribus
1751 1130 1957 1184 Domini

381 1239 613 1296 Sabaoth
643 1253 662 1292 :
695 1245 741 1290 et
765 1251 866 1288 non
897 1232 1177 1285 remittetur
1205 1227 1341 1280 vobis
1371 1226 1464 1278 hoc
1494 1234 1768 1294 peccatum,
1800 1219 1958 1273 donec

381 1330 582 1402 [ueritis
627 1325 814 1380 mortui
852 1323 1025 1393 (Isai.
1049 1321 1140 1374 22.
1172 1319 1258 1373 15.
1295 1317 1362 1370 14
1386 1317 1428 1384 ).
1484 1313 1543 1370 Si
1579 1322 1757 1366 autem
1799 1311 1956 1366 venia

380 1433 508 1477 tunc
532 1420 744 1474 fuerunt
772 1415 960 1486 privati
987 1413 1077 1481 qui
1116 1411 1231 1463 haec
1267 1407 1550 1471 dicebant,
1582 1406 1752 1459 multo
1784 1403 1956 1472 magis

381 1515 436 1569 in
464 1513 656 1582 gratia.
691 1507 890 1562 Deinde
911 1520 979 1560 ne
998 1503 1325 1572 asperiorem
1355 1497 1606 1553 redderet
1634 1497 1953 1560 orationem,

381 1621 489 1659 non
511 1601 741 1670 amplius
772 1598 1088 1652 immoratur
1111 1593 1162 1645 in
1183 1589 1504 1643 adductione
1530 1587 1596 1640 ad
1627 1586 1954 1650 absurdum;

380 1696 476 1751 sed
523 1695 819 1748 orationem
862 1701 1050 1743 rursus
1087 1684 1351 1746 convertit
1395 1679 1462 1734 ad
1507 1679 1954 1743 exhortationem,

380 1789 602 1842 dicens:
637 1785 725 1841 53.
777 1782 951 1836 Nolite
973 1778 1149 1834 seduci
1177 1792 1195 1829 :
1222 1781 1556 1843 corrumpunt
1595 1772 1751 1826 bonos
1795 1787 1959 1824 mores

381 1878 634 1947 colloquia
673 1889 852 1945 prava.
901 1870 1025 1925 Haec
1072 1876 1250 1922 autem
1289 1865 1523 1928 dicebat,
1557 1863 1713 1917 simul
1741 1861 1954 1930 quidem

381 1983 475 2023 eos
500 1969 775 2021 insectans
796 1971 1066 2031 tamquam
1093 1957 1432 2026 insipientes;
1466 1955 1635 2008 bonos
1655 1951 1798 2006 enim
1817 1951 1961 2005 beni-

379 2073 482 2129 gna
526 2072 589 2111 ac
633 2055 746 2110 miti
787 2051 1144 2123 appellatione
1189 2047 1275 2101 hic
1298 2043 1637 2114 signiﬁcavit,
1684 2043 1776 2111 qui
1803 2042 1959 2096 facile

384 2156 609 2220 possunt
634 2146 809 2214 decipi
836 2162 850 2209 ;
878 2143 1164 2210 simulque,
1189 2145 1444 2208 quantum
1476 2135 1666 2204 potuit,
1697 2148 1793 2202 pro
1821 2147 1963 2201 prte-

382 2241 696 2298 cedentibus
758 2238 886 2306 ipsis
928 2233 1138 2288 veniam
1189 2227 1528 2291 concedens,
1574 2234 1630 2280 et
1673 2225 1958 2278 maximam

383 2345 588 2403 partem
616 2329 900 2386 criminum
925 2326 992 2379 ab
1016 2323 1094 2377 eis
1123 2320 1436 2392 propulsans
1461 2325 1515 2370 et
1539 2318 1590 2371 in
1621 2317 1757 2370 alios
1788 2327 1961 2369 trans-

384 2425 586 2490 ferens,
639 2429 697 2474 ut
725 2419 823 2472 hac
844 2430 1056 2486 quoque
1086 2413 1293 2466 ratione
1317 2425 1411 2465 eos
1436 2407 1731 2462 attraheret
1753 2407 1818 2461 ad
1843 2422 1957 2477 pa;-

383 2514 680 2570 nitentiam.
709 2508 860 2576 Quod
904 2507 1066 2561 etiam
1094 2505 1148 2558 in
1189 2501 1425 2572 Epistula
1455 2501 1522 2555 ad
1551 2500 1765 2556 Galatas
1797 2499 1958 2567 facit,

381 2607 570 2660 dicens
603 2622 617 2656 :
649 2602 747 2667 Qui
781 2609 948 2652 autem
977 2612 1060 2650 vos
1089 2593 1374 2654 conturbat,
1418 2591 1634 2662 portabit
1665 2590 1958 2661 judicium,

383 2697 610 2765 quisquis
637 2693 723 2746 ille
743 2691 806 2744 sit
827 2687 969 2759 (Gal.
993 2683 1181 2753 5.10).
1215 2683 1303 2738 5i.
1333 2681 1585 2752 Evigilate
1601 2682 1765 2751 juste,
1794 2690 1843 2734 et
1869 2697 1962 2734 no-

384 2791 473 2844 lite
499 2802 723 2856 peccare.
742 2784 1034 2851 Tamquam
1062 2779 1226 2833 ebriis
1255 2776 1384 2830 dicit
1415 2784 1468 2829 et
1493 2773 1812 2828 furentibus.
1829 2773 1960 2828 Nam

385 2880 565 2933 omnia
585 2865 752 2930 'simul
797 2882 852 2927 et
897 2879 1114 2940 repente
1157 2884 1188 2923 e
1229 2867 1477 2921 manibus
1517 2865 1734 2934 ejicere,
1781 2865 1961 2919 ebrio-

384 2985 503 3024 rum
545 2975 663 3023 erat
701 2973 756 3019 et
788 2963 1097 3027 furentium,
1145 2974 1212 3014 eo
1264 2958 1406 3029 quod
1451 2972 1559 3012 non
1599 2957 1827 3027 amplius
1875 2957 1959 3011 vi-

385 3061 549 3114 deant
582 3072 700 3127 qua:
740 3056 1024 3116 viderunt,
1058 3065 1229 3120 neque
1274 3049 1496 3104 credant
1543 3049 1609 3102 iis
1647 3063 1766 3117 qua:
1814 3049 1962 3118 prius

384 3150 617 3206 confessi
649 3155 791 3202 sunt.
843 3144 979 3212 Quid
1028 3152 1112 3199 est
1157 3151 1361 3200 autem.
1393 3141 1586 3194 Juste?
1621 3141 1701 3196 Ad
1737 3141 1788 3194 id
1819 3142 1961 3210 quod

382 3241 636 3298 conducit
672 3248 726 3295 et
769 3246 848 3292 est
883 3237 1031 3291 utile.
1083 3235 1176 3288 Est
1203 3235 1346 3287 enim
1378 3233 1575 3301 injuste
1613 3232 1865 3302 evigilare
1909 3241 1965 3286 et

384 3333 704 3404 expergisci,
749 3328 960 3400 quando
999 3325 1260 3396 quiSpiam
1291 3324 1736 3378 fucritexcitatus
1762 3323 1827 3376 ad
1871 3324 1964 3377 de-

385 3428 694 3482 trimentum
723 3437 835 3476 sum
861 3421 1074 3475 animae.
1125 3419 1290 3473 Recte
1328 3427 1507 3471 autem
1547 3416 1752 3470 addidit
1791 3417 1917 3470 illud
1943 3457 1959 3484 ,

387 3518 562 3572 Nolite
594 3529 835 3584 peccare,
880 3509 1171 3566 ostendens
1215 3507 1358 3577 quod
1393 3507 1517 3560 hinc
1563 3507 1671 3560 sint
1715 3506 1844 3576 ipsis
1871 3522 1962 3561 se-

384 3610 525 3663 mina
557 3603 960 3660 incredulitatis.
996 3600 1108 3654 lloc
1140 3613 1352 3667 quoque
1391 3597 1514 3650 alibi
1557 3597 1715 3651 tacite
1753 3597 1961 3666 signiti-

382 3708 507 3763 cat,
546 3695 685 3765 quod
731 3697 838 3745 vita
875 3701 1125 3758 corrupta
1171 3689 1306 3742 mala
1356 3689 1537 3758 gignat
1580 3687 1827 3758 dogmata
1863 3705 1876 3742 :
1908 3697 1964 3742 ut

383 3787 597 3857 quando
639 3784 804 3848 dicit,
855 3780 1026 3834 Radix
1067 3780 1291 3832 omnium
1318 3781 1566 3831 malorum
1594 3789 1667 3832 est
1700 3781 1914 3833 avaritia
1942 3796 1960 3833 :

383 3894 534 3948 quant
561 3876 765 3944 quidam
794 3880 1081 3942 appetentes
1107 3872 1457 3923 aberrauerunt
1491 3888 1523 3923 a
1551 3872 1652 3938 [ide
1696 3874 1791 3942 (1.
1826 3872 1957 3925 Tim.

384 3970 440 4025 6.
478 3968 604 4038 10).
652 3965 800 4020 Multi
848 3964 990 4018 enim
1040 3962 1180 4016 male
1219 3962 1317 4015 sibi
1348 3963 1570 4026 conscii,
1599 3977 1696 4017 nec
1722 3965 1965 4019 volentes

384 4062 516 4116 dare
547 4071 753 4129 poenas,
784 4055 852 4109 ab
892 4053 994 4108 hoc
1027 4063 1170 4107 metu
1201 4051 1464 4105 lmduntur
1493 4052 1547 4105 in
1587 4052 1688 4108 ﬁde
1716 4069 1962 4110 resurre-

384 4152 615 4216 ctiouis;
647 4149 786 4203 sicut
826 4146 860 4201 ii
898 4144 1108 4214 quidem
1140 4152 1286 4198 certe
1315 4143 1405 4212 qui
1434 4143 1597 4198 multa
1625 4154 1679 4198 et
1706 4148 1963 4213 praaclara

383 4253 530 4300 recte
557 4248 857 4313 gesserunt,
889 4235 1125 4307 quotidie
1151 4235 1374 4305 cupiunt
1409 4235 1591 4290 videre
1620 4237 1765 4292 illum
1796 4237 1959 4293 diem.

384 4333 741 4405 Ignorantiam
768 4330 900 4384 enim
936 4326 1034 4381 Dei
1057 4326 1265 4395 quidam
1295 4327 1511 4392 habent;
1547 4328 1616 4380 ad
1641 4329 1886 4398 pudorem
1910 4332 1963 4386 id

382 4427 520 4479 vobis
546 4425 678 4477 dico.
708 4421 840 4476 Vide
869 4419 1134 4489 quomodo
1170 4434 1355 4473 rursus
1379 4420 1602 4475 crimina
1631 4422 1881 4478 transfert
1910 4425 1962 4479 in

383 4517 538 4570 alios.
588 4513 702 4566 Non
749 4513 890 4566 enim
937 4511 1106 4575 dixit,
1156 4509 1372 4564 Habetis
1421 4511 1797 4581 ignorantiam,
1841 4517 1960 4579 sed,

385 4602 741 4673 Ignorantiam
769 4601 975 4669 quidam
1001 4600 1202 4654 habent.
1253 4599 1383 4652 Nam
1410 4616 1514 4653 non
1544 4602 1764 4658 credere
1786 4619 1964 4660 resur-

387 4691 616 4747 rectioui
635 4732 651 4756 ,
677 4699 759 4744 est
783 4689 899 4758 ejus
923 4690 1015 4758 qui
1055 4706 1162 4744 non
1192 4689 1346 4744 valde
1371 4689 1472 4744 scit
1501 4690 1962 4761 inexpugnabilem

388 4787 484 4840 Dei
518 4785 764 4837 virtutem
796 4793 852 4838 et
888 4781 953 4835 ad
993 4783 1171 4836 omnia
1201 4782 1577 4838 sufﬁcientem.
1611 4783 1740 4838 Nam
1770 4786 1815 4840 si
1845 4803 1965 4856 qua:

387 4886 512 4932 sunt
547 4875 673 4931 fecit
696 4891 760 4930 ex
789 4875 853 4929 iis
882 4888 1001 4944 quae
1030 4889 1134 4928 non
1166 4885 1336 4940 erant,
1380 4877 1550 4931 multo
1579 4879 1748 4946 magis
1769 4881 1965 4948 poterit

386 4969 622 5022 excitare
646 4975 700 5021 ct
727 4966 1007 5020 restituere
1034 4979 1096 5019 ea
1119 4981 1236 5033 qua:
1275 4976 1400 5020 sunt
1426 4967 1704 5022 dissoluta.
1737 4970 1802 5024 Et
1826 4986 1964 5040 quo-

389 5059 530 5110 niam
561 5072 656 5112 eos
677 5058 1022 5111 vehementer
1061 5055 1233 5125 tetigit
1256 5066 1311 5111 et
1337 5073 1678 5128 summopere
1712 5075 1808 5117 eos
1841 5077 1966 5116 car-

387 5148 514 5218 psit,
541 5149 940 5218 reprehcndcns
969 5163 1064 5203 eos
1101 5149 1170 5203 de
1205 5150 1456 5220 ingluvie,
1484 5151 1551 5206 de
1576 5155 1872 5222 ignorantia
1910 5165 1966 5211 et

387 5249 608 5310 stupore
634 5256 648 5299 :
693 5241 940 5310 mitigans
970 5257 1032 5296 ea
1066 5258 1186 5312 quae
1211 5242 1352 5298 dieta
1381 5254 1523 5309 sunt,
1549 5246 1678 5300 dicit
1707 5265 1721 5300 :
1752 5248 1833 5300 Ad
1861 5265 1973 5315 pu-

387 5331 563 5384 dorem
588 5330 726 5384 vobis
753 5331 964 5400 loquor;
1010 5332 1112 5387 hoc
1141 5343 1243 5397 est,
1295 5342 1352 5387 ut
1379 5336 1668 5406 corrigam,
1719 5347 1776 5391 ut
1806 5338 1966 5393 redu-

386 5438 526 5487 cam,
556 5436 615 5476 ut
643 5437 740 5477 vos
779 5422 978 5492 pudore
1023 5424 1198 5477 affecti
1248 5425 1544 5482 reddamini
1576 5429 1843 5483 meliores.
1874 5430 1964 5485 Ti-

391 5514 521 5564 quit
547 5514 688 5567 enim
729 5530 794 5569 uc
817 5555 831 5582 ,
860 5513 904 5568 si
934 5513 1050 5584 plus
1074 5528 1231 5583 quam
1259 5529 1354 5584 par
1383 5526 1524 5572 esset
1550 5533 1639 5572 eos
1665 5521 1927 5574 aecuisset
1949 5563 1962 5588 ,

386 5602 673 5660 resilirent.

1048 190 1106 248 S.
1142 187 1416 248 JOANNIS
1439 183 1918 242 CHRYSOSTOMI
1952 181 2265 242 ARCﬂlEP.
2305 187 2833 248 CONSTANTINOP.

3529 195 3650 252 δεῖ

2129 304 2183 357 4.
2229 304 2367 372 Quos
2409 305 2605 363 Paulus
2645 309 2906 379 increpare
2933 309 3221 364 intenderit.
3248 310 3397 365 Divos
3416 327 3482 366 ea:
3499 313 3640 368 alio-

2057 411 2172 447 rum
2190 397 2396 464 jactura
2427 398 2564 452 dives
2583 399 3034 468 eﬂicitur.—-Hzcc
3063 411 3240 456 autem
3267 403 3644 460 existimemus

2057 503 2166 542 non
2198 490 2302 545 illis
2325 491 2478 558 solis,
2505 466 2768 546 sed-nunc
2791 508 3003 563 quoque
3032 493 3172 548 dicta
3203 510 3325 550 esse
3351 466 3676 564 omnibus,’

2056 579 2146 648 qui
2176 580 2366 634 eodem
2408 581 2596 636 morbo
2623 583 2863 638 laborant
2885 626 2899 648 ,
2930 592 2985 638 et
3021 599 3246 654 quorum
3279 587 3381 638 vita
3411 595 3494 641 est
3515 603 3644 642 cor-

2057 680 2231 740 rupta.
2270 670 2386 725 Non
2416 673 2557 726 enim
2602 673 2636 727 ii
2667 674 2838 727 solum
2873 674 2961 743 qui
3003 675 3138 729 mala
3175 675 3374 730 habent
3408 677 3640 748 dogmav

2058 767 2109 812 ta
2129 801 2142 823 ,
2174 760 2268 815 sed
2301 762 2338 815 ii
2365 763 2525 816 etiam
2555 764 2644 832 qui
2669 764 2916 832 gravibus
2944 774 3192 819 tenemur
3216 768 3450 834 peccatis
3470 809 3484 832 ,
3509 779 3645 823 sunt

2056 853 2188 906 ebrii
2239 862 2292 907 et
2335 853 2624 922 desipiunt.
2654 855 3007 923 Quamobrem
3036 857 3141 910 illis
3185 873 3396 928 quoque
3431 859 3638 914 dictmn

2059 942 2218 998 fuerit
2244 944 2396 1010 illud,
2431 945 2688 1016 Evigilate
2714 961 2808 1001 seu
2835 948 3296 1017 expergiscimini;
3323 961 3379 1004 et
3403 953 3639 1007 maxime

2059 1034 2124 1089 iis
2151 1037 2238 1105 qui
2267 1046 2392 1090 sunt
2417 1039 2618 1108 gravati
2645 1047 2868 1095 veterno
2889 1041 3146 1105 avaritias,
3177 1041 3240 1093 iis
3265 1043 3354 1110 qui
3390 1042 3639 1110 improbe

2060 1127 2294 1194 rapiunt.
2326 1127 2420 1182 Est
2452 1129 2593 1182 enim
2625 1128 2761 1183 bona
2789 1130 2993 1197 rapina,
3027 1145 3220 1199 nempe
3258 1131 3442 1200 rapina
3470 1134 3636 1187 cado-

2058 1232 2176 1271 rum
2208 1233 2324 1286 qua:
2347 1219 2477 1271 nihil
2509 1218 2670 1273 lazdit.
2698 1219 2830 1273 Nam
2859 1220 2912 1273 in
2943 1221 3180 1288 pecuniis
3203 1221 3415 1284 quidem
3451 1225 3639 1291 nequit

2059 1308 2172 1360 ﬁeri
2199 1319 2256 1361 ut
2284 1309 2545 1377 quispiam
2572 1309 2764 1364 evadat
2788 1310 2937 1363 dives
2956 1352 2968 1374 ,
3003 1311 3102 1365 nisi
3132 1311 3269 1365 alius
3291 1313 3435 1380 prius
3464 1312 3636 1369 factus

2060 1397 2128 1450 sit
2157 1412 2389 1466 pauper;
2443 1399 2492 1452 in
2537 1400 2899 1469 Spiritualibus
2946 1411 3125 1456 autem
3172 1417 3278 1456 non
3307 1403 3377 1456 ita
3404 1414 3506 1468 est,
3540 1407 3634 1458 scd

2060 1494 2228 1541 totum
2259 1489 2587 1543 contrariqu
2619 1506 2632 1542 :
2669 1489 2781 1544 ﬁeri
2813 1506 2919 1545 non
2949 1500 3126 1560 potest
3156 1502 3212 1546 ut
3251 1495 3512 1563 quispiam
3545 1495 3641 1552 ﬁat

2057 1577 2207 1632 dives
2231 1619 2249 1643 ,
2295 1579 2397 1634 nisi
2438 1580 2664 1634 alterum
2709 1581 2898 1636 fecerit
2937 1582 3254 1650 opulentum.
3295 1602 3308 1638 :
3357 1586 3562 1640 etenim
3590 1588 3637 1642 si

2057 1669 2254 1722 nemini
2296 1670 2591 1738 profueris,
2635 1687 2739 1725 non
2770 1673 2968 1741 poteris
2993 1673 3132 1727 cftici
3160 1675 3466 1742 opulentus.
3499 1676 3640 1732 Nam

2058 1758 2112 1813 in
2139 1761 2506 1828 corporalibus
2525 1762 2737 1830 quidem
2765 1766 3000 1832 erogatio
3020 1764 3182 1819 efﬁcit
3202 1766 3636 1836 diminutionem;

2059 1851 2113 1904 in
2143 1853 2511 1921 spiritualibus
2551 1865 2726 1908 autem
2770 1857 3008 1925 erogatio
3053 1868 3309 1925 operatur
3354 1859 3638 1914 abundan.

2061 1943 2186 1996 tiam
2209 1985 2225 2009 ,
2254 1952 2309 1998 et
2337 1960 2443 1998 non
2476 1945 2798 2014 impertiisse
2818 1987 2833 2011 ,
2887 1947 2989 2001 hoc
3015 1948 3234 2002 multam
3262 1950 3474 2004 conficit
3507 1967 3644 2020 pau-

2062 2042 2320 2102 pertatem
2360 2045 2415 2088 et
2450 2034 2610 2089 infert
2652 2038 2892 2092 ultimum
2929 2039 3265 2107 supplicium.
3314 2040 3425 2095 Hoc
3453 2054 3637 2097 autem

2059 2125 2293 2180 ostendit
2318 2126 2362 2180 is
2386 2127 2474 2196 qui
2505 2126 2694 2182 infodit
2720 2129 2997 2185 talentum.
3021 2131 3230 2185 Etenim
3257 2134 3346 2201 qui
3374 2136 3639 2190 rationem

2060 2215 2222 2272 habet
2261 2221 2554 2289 Sapientiae,
2584 2229 2639 2274 et
2675 2221 2766 2274 alii
2800 2224 3076 2290 impertiit,
3124 2234 3281 2294 auget
3307 2227 3527 2296 copias,
3581 2239 3644 2282 ut

2062 2310 2148 2376 qui
2180 2310 2372 2364 multos
2399 2309 2586 2365 fecerit
2609 2313 2915 2381 sapientes:
2939 2315 3026 2383 qui
3052 2327 3228 2370 autem
3255 2316 3398 2371 domi
3419 2318 3636 2374 abscon-

2060 2401 2157 2466 dit,
2181 2405 2414 2472 seipsum
2443 2405 2670 2473 privavit
2697 2407 2888 2476 copiis,
2924 2415 2980 2460 ut
3008 2410 3096 2477 qui
3133 2425 3236 2462 non
3266 2411 3464 2478 pararit
3495 2415 3643 2467 mul—

2060 2502 2236 2548 torum
2287 2496 2591 2552 utilitatem.
2638 2498 2846 2552 Rursus
2893 2500 2981 2568 qui
3027 2500 3127 2552 alia
3174 2500 3334 2555 habet
3383 2501 3544 2570 dona,
3591 2507 3646 2558 si

2061 2588 2257 2642 multos
2295 2592 2589 2654 curaverit,
2644 2591 2985 2660 ampliﬁcavit
3032 2591 3372 2648 donationem
3403 2613 3417 2650 :
3443 2605 3498 2649 et
3540 2612 3648 2653 nec

2062 2682 2371 2750 erogatinne
2413 2681 2510 2735 fuit
2553 2682 2668 2751 ipse
2713 2684 3042 2744 exinanitus,
3089 2691 3145 2738 et
3175 2685 3372 2740 multos
3402 2687 3650 2755 implevit

2063 2772 2323 2840 Spirituali
2354 2772 2664 2829 donatione.
2695 2774 2763 2828 Et
2791 2775 2844 2828 in
2877 2774 3125 2828 omnibus
3152 2777 3518 2844 spiritualibus
3546 2777 3642 2833 ﬁr-

2061 2878 2148 2916 ma
2177 2874 2228 2917 et
2255 2863 2462 2917 stabilis
2493 2874 2770 2932 permanet
2795 2865 2912 2920 btec
2933 2865 3135 2935 regula.
3168 2865 3244 2920 Ita
3279 2867 3440 2922 etiam
3469 2870 3644 2927 inre-

2062 2970 2189 3026 gno,
2218 2955 2309 3024 qui
2340 2955 2421 3008 sui
2450 2956 2595 3026 regni
2627 2957 2824 3011 multos
2848 2957 3022 3013 reddit
3050 2960 3332 3029 participes
3351 3002 3368 3027 ,
3402 2961 3500 3015 hac
3523 2979 3650 3017 rur-

2063 3061 2153 3101 sus
2176 3047 2379 3100 ratione
2408 3062 2473 3101 eo
2505 3047 2620 3115 ipse
2644 3048 2814 3117 magis
2835 3046 3040 3103 fruetur
3068 3067 3080 3101 :
3109 3051 3198 3119 qui
3226 3063 3401 3106 autem
3430 3053 3646 3109 nullum

2062 3140 2240 3195 studet
2269 3140 2468 3195 habere
2490 3140 2692 3194 socium
2714 3154 2777 3194 ac
2804 3141 3133 3210 participem,
3169 3142 3284 3211 ipse
3310 3158 3514 3212 quoque
3539 3159 3646 3197 ex-

2063 3231 2205 3286 cidet
2231 3246 2260 3284 a
2287 3233 2493 3300 magnis
2523 3231 2629 3286 illis
2653 3231 2826 3286 bonis.
2883 3231 2938 3286 Si
2969 3233 3109 3287 enim
3135 3233 3389 3302 sapientia
3419 3234 3641 3290 sensilia

2064 3335 2168 3375 non
2192 3321 2527 3376 consumitur
2553 3321 3028 3377 innumerabilibus
3052 3323 3386 3393 rapientibus
3403 3367 3418 3390 ,
3463 3341 3651 3397 neque

2063 3410 2253 3464 artifex
2283 3412 2479 3464 multos
2504 3410 2744 3466 efﬁciens
2770 3413 3002 3468 artiﬁces
3031 3415 3202 3484 perdit
3227 3425 3398 3470 artem
3431 3435 3444 3469 ε
3473 3421 3645 3474 multo

2063 3504 2232 3571 magis
2276 3503 2364 3571 qui
2419 3518 2637 3572 regnum
2686 3505 2858 3572 rapit,
2909 3507 3086 3559 minus
3114 3506 3242 3562 illud
3268 3523 3373 3562 non
3403 3507 3641 3576 efﬁciet,

2063 3594 2157 3648 sed
2189 3605 2312 3647 tunc
2338 3595 2491 3649 nobis
2517 3595 2750 3665 majores
2769 3605 2928 3651 erunt
2949 3598 3168 3665 divitiae,
3201 3600 3414 3670 quando
3439 3602 3644 3658 multos

2063 3685 2129 3739 ad
2163 3685 2215 3739 id
2255 3687 2641 3741 vocaverimus.
2668 3687 2956 3756 Rapiamus
2982 3705 3111 3760 ergo
3134 3707 3197 3748 ea
3223 3707 3342 3762 qua:
3367 3707 3469 3746 non
3498 3707 3638 3747 con-

2063 3785 2345 3830 sumuntur
2364 3818 2378 3841 ,
2421 3776 2512 3831 sed
2540 3777 2666 3830 dum
2696 3779 2974 3847 rapiuntur
3001 3783 3167 3850 magis
3192 3782 3464 3836 abundant
3490 3799 3506 3839 :
3535 3798 3636 3838 ra-

2065 3866 2274 3933 piamus
2297 3881 2358 3920 ea
2387 3881 2504 3935 quae
2530 3867 2732 3921 nullum
2762 3868 2961 3924 habent
2996 3871 3434 3928 calumniatorem
3453 3914 3470 3939 ,
3514 3876 3644 3930 nul-

2065 3958 2175 4012 lum
2215 3958 2304 4027 qui
2341 3957 2596 4013 invideat.
2629 3959 2842 4016 Etenim
2883 3961 2928 4015 si
2974 3963 3093 4016 auri
3143 3963 3292 4017 locus
3341 3973 3485 4019 esset
3513 3979 3645 4034 per-

2064 4065 2258 4103 ennem
2303 4049 2507 4103 habens
2557 4051 2757 4104 fontem
2806 4052 3205 4115 scaturieutem,
3259 4062 3315 4108 et
3360 4069 3428 4108 eo
3470 4055 3644 4127 magis

2065 4141 2330 4207 afﬂueret,
2359 4158 2465 4212 quo
2494 4144 2660 4212 magis
2681 4143 3085 4210 exhauriretur;
3125 4146 3261 4200 alius
3289 4155 3468 4202 autem
3498 4157 3646 4202 esset

2065 4237 2214 4293 locus
2235 4237 2437 4292 habens
2467 4238 2771 4292 thesaurum
2803 4238 3060 4297 infossum
3087 4257 3099 4289 :
3127 4255 3192 4294 ex
3223 4249 3343 4293 utro
3369 4241 3532 4296 velles
3556 4240 3644 4295 di-

2068 4336 2272 4384 tescere
2292 4331 2316 4380 ’ἰ
2340 4343 2407 4381 an
2438 4344 2542 4383 non
2573 4343 2638 4383 ex
2663 4328 2792 4383 illo?
2829 4329 2925 4384 Est
2951 4339 3097 4385 certe
3126 4331 3487 4400 perspicuum.
3534 4330 3648 4387 Sed

2065 4435 2135 4474 ne
2161 4419 2336 4474 verbis
2367 4419 2468 4474 hoc
2491 4420 2662 4474 solum
2690 4419 3022 4490 elﬁugamus,
3049 4421 3191 4490 quod
3215 4421 3416 4475 dictum
3447 4430 3530 4477 est
3551 4437 3646 4477 co-

2065 4513 2229 4584 gitate
2267 4515 2322 4566 in
2361 4528 2484 4567 aere
2508 4523 2564 4568 et
2583 4513 2637 4566 in
2667 4513 2781 4568 sole
2813 4531 2828 4566 :
2860 4528 2922 4568 ea
2950 4515 3093 4568 enim
3119 4514 3400 4584 rapiuntur
3425 4515 3495 4569 ab
3523 4530 3647 4569 om-

2067 4608 2246 4669 nibus,
2288 4613 2343 4660 et
2369 4620 2556 4660 omnes
2587 4605 2851 4674 implent:
2885 4605 2980 4660 sed
3017 4606 3133 4661 haec
3173 4606 3385 4676 quidem
3427 4614 3651 4661 manent

2067 4697 2283 4763 similia,
2311 4711 2341 4750 a
2368 4695 2665 4751 fruentibus
2691 4705 2745 4750 et
2765 4711 2870 4750 non
2896 4697 3194 4752 fruentibus
3228 4712 3334 4753 non
3363 4697 3646 4752 diminuta.

2068 4790 2220 4858 Quod
2247 4797 2423 4843 autem
2447 4788 2554 4842 dixi
2582 4797 2663 4843 est
2691 4789 2860 4843 multo
2885 4788 3079 4858 majus.
3117 4788 3232 4843 Non
3271 4789 3414 4844 enim
3465 4797 3652 4844 manet

2068 4881 2260 4938 similis
2309 4880 2598 4949 spiritualis
2645 4881 2941 4950 sapientia,
2993 4881 3040 4935 si
3078 4880 3428 4936 distribuatur
3455 4891 3511 4936 et
3537 4895 3648 4936 non

2069 4972 2437 5038 distribuatur,
2482 4971 2576 5026 sed
2626 4973 2796 5042 magis
2825 4980 3046 5043 augetur
3080 4973 3127 5027 si
3166 4972 3532 5028 distribuatur.
3590 4971 3650 5028 Si

2069 5065 2189 5133 quis
2213 5074 2390 5117 autem
2421 5077 2529 5116 non
2558 5061 2696 5117 ferat
2724 5078 2788 5116 ea
2817 5079 2936 5132 quae
2965 5063 3106 5117 dicta
3149 5072 3311 5127 sunt,
3341 5063 3434 5118 sed
3473 5061 3655 5117 adhuc

2069 5173 2248 5213 rerum
2275 5157 2343 5212 ad
2371 5158 2572 5211 victum
2599 5156 2980 5225 pertinentium
3007 5154 3198 5210 afﬁxus
3225 5155 3295 5208 sit
3321 5155 3535 5224 inopim,
3585 5169 3655 5208 ea

2070 5263 2190 5317 qua:
2213 5247 2474 5302 diminuta
2503 5255 2624 5300 sunt
2652 5245 2901 5316 rapiens;
2933 5245 2985 5299 in
3015 5245 3118 5299 hoc
3146 5258 3358 5314 quoque
3385 5257 3572 5298 rursus
3595 5244 3652 5297 in

2071 5341 2382 5396 memoriam
2431 5346 2648 5393 revocet
2696 5353 2904 5392 manum
2953 5336 3297 5399 alimentum,
3367 5345 3422 5389 et
3466 5335 3658 5390 timeat

2073 5431 2376 5500 exemplum
2406 5428 2673 5498 supplicii.
2693 5428 2846 5496 Quod
2873 5428 3014 5483 enim
3040 5426 3091 5480 in
3114 5425 3204 5480 illo
3229 5424 3526 5490 accidebat,
3550 5425 3660 5478 hoc

2074 5525 2233 5578 ctiam
2281 5523 2458 5578 videre
2507 5523 2629 5578 licet
2673 5521 2725 5577 in
2768 5522 2832 5578 iis
2876 5520 2962 5592 qui
3004 5533 3143 5574 nunc
3189 5517 3654 5587 superabundant.
