4018 6156
488 259 597 312 35⁸5

486 371 582 422 ἐπὶ
607 368 702 423 τοῦ
729 369 880 440 ἡλίου
899 385 913 400 ⁸
942 365 1115 422 ταῦτα
1151 366 1259 437 γὰρ
1297 362 1601 436 ἀρπάζεται
1635 361 1787 434 παρά
1813 361 2054 424 πάντων,

485 477 581 514 και
609 460 814 523 πάντας
846 460 1042 529 πληροῖ
1067 473 1080 487 ⁸
1107 455 1248 510 ἀλλά
1275 455 1445 509 ταῦτα
1478 456 1597 525 μὲν,
1639 455 1733 507 καὶ
1761 451 2060 506 ἀπολαυόν-

483 569 594 605 των
624 555 718 606 καὶ
753 550 826 621 μὴ
873 549 1280 610 ἀπολαυόντων,
1313 548 1475 616 ὃμοια
1514 546 1664 616 μένει
1701 543 1775 615 μὴ
1810 531 2060 596 ἐλαττούξ

485 659 643 711 μενα.
681 644 746 694 Ὃ
773 642 830 694 δὲ
858 640 968 709 ἐγὼ
999 635 1174 702 εἷ’πον,
1221 638 1400 708 πολλῷ
1435 636 1619 708 μεῖζόν
1648 639 1815 689 ἐστιν.
1846 636 1920 688 Οὐ
1951 635 2059 705 γάρ

481 733 641 801 ὁμοία
672 733 820 802 μένει
852 735 884 804 ἡ
918 732 1261 801 πνευματικὴ
1295 731 1454 798 σοφία
1486 728 1824 797 διαδιδομένη
1854 728 1951 779 καὶ
1982 727 2057 797 μὴ

481 821 845 892 διαδιδομένη,
877 821 992 874 ἀλλ’
1025 820 1249 885 αὔξεται
1279 821 1478 889 μᾶλλον
1501 818 1862 887 διαδιδομένη.
1908 815 1973 869 Εἰ
1997 816 2056 868 δέ

479 933 569 979 τις
600 916 700 968 οὐκ
733 916 986 984 ἀνέχεται
1037 915 1146 966 τῶν
1191 913 1516 984 εἰρημένων,
1563 912 1679 966 ἀλλ’
1707 910 1789 964 ἔτι
1836 909 1903 980 τῇ
1951 909 2060 962 τῶν

483 1005 752 1075 βιωτικῶν
780 1005 1120 1075 προστέτηκε
1151 1005 1311 1075 πενίᾳ
1337 1004 1600 1074 ἁρπάζων
1631 1002 1698 1056 τὰ
1729 1001 2058 1070 ἐλαττούμε-

479 1113 568 1155 να,
602 1097 705 1148 κάν
764 1096 939 1166 τούτῳ
973 1095 1134 1149 πάλιν
1173 1093 1668 1165 ἀναμιμνησκέσθω
1711 1093 1814 1162 τῆς
1855 1093 2060 1162 τροφῆς

480 1187 576 1239 τοῦ
625 1187 819 1257 μάννα,
861 1189 956 1240 καὶ
995 1187 1266 1255 φοϐείσθω
1292 1189 1354 1239 τὸ
1384 1185 1732 1254 παράδειγμα
1769 1184 1868 1253 τῆς
1909 1184 2061 1236 κολά-

481 1292 640 1337 σεως.
679 1277 857 1346 Ὅπερ
905 1276 1013 1344 γὰρ
1056 1275 1142 1328 ἐπ’
1175 1275 1391 1344 ἐκείνης
1441 1274 1740 1338 συνέϐαινε,
1771 1274 1927 1326 τοῦτο
1965 1273 2061 1325 καὶ

481 1363 573 1414 ἐπὶ
591 1362 700 1414 τῶν
719 1362 1188 1416 πλεονεκτούντων
1202 1362 1298 1417 νῦν
1317 1362 1567 1415 ἐκϐαῖνον
1590 1362 1736 1415 ἔστιν
1756 1363 1973 1415 ἰδεῖν.Τί
2002 1363 2058 1414 δὲ

477 1443 600 1495 τότε
624 1446 901 1498 συνέϐαινε
917 1463 931 1511 ;
947 1445 1236 1514 Σκώληκες
1256 1444 1449 1516 ἔϐρυον
1471 1445 1578 1498 ἀπὸ
1593 1447 1689 1515 τῆς
1723 1445 2056 1510 πλεονεξίας.

549 1553 719 1606 Τοῦτο
765 1553 860 1605 καὶ
899 1552 998 1606 νῦν
1039 1553 1249 1621 γίνεται
1289 1553 1382 1604 ἐπὶ
1421 1551 1644 1605 τούτων.
1679 1552 1765 1617 ,Τὸ
1811 1554 1910 1620 μὲν
1949 1550 2057 1621 γάρ

479 1644 678 1715 μέτρον
702 1643 803 1711 τῆς
852 1642 1061 1712 τροφῆς
1097 1642 1158 1693 τὸ
1185 1640 1318 1693 αὐτὸ
1357 1640 1562 1694 ἅπασι·
1600 1638 1730 1707 μίαν
1773 1637 1882 1706 γάρ
1917 1637 2057 1707 πλη-

478 1735 680 1805 ροῦμεν
699 1733 946 1803 γαστέρα
969 1750 982 1762 ⁸
1013 1735 1046 1803 ἡ
1088 1732 1145 1784 δὲ
1190 1732 1396 1801 κόπρος
1423 1731 1575 1799 παρά
1609 1730 1692 1782 σοὶ
1741 1729 1942 1781 πλείων
1978 1728 2057 1798 τῷ

473 1826 770 1896 τρυφῶντι.
808 1825 918 1878 Καὶ
969 1824 1220 1893 καθάπερ
1263 1826 1379 1876 ἐκεῖ
1418 1827 1475 1876 ἐν
1505 1824 1626 1885 ταῖς
1666 1822 1869 1884 οῑκίαις
1905 1822 1954 1874 οἰ
1996 1821 2056 1873 τὸ

475 1916 639 1967 πλέον
666 1914 759 1967 τοῦ
799 1915 1184 1984 νενομισμένου
1215 1913 1582 1980 συλλέγοντες,
1613 1912 1671 1963 οὐ
1715 1911 1894 1981 μάννα
1925 1927 2056 1962 συν-

471 2006 629 2074 ⁴ἦγον,
669 2006 806 2059 ἀλλά
849 2005 1136 2074 σκώληκας
1181 2005 1397 2067 πλείους
1443 2005 1535 2056 καὶ
1573 2003 1871 2072 σηπεδόνα⁸
1912 2001 2056 2055 οὕτω

475 2095 546 2163 δὴ
573 2095 668 2146 καὶ
684 2094 746 2145 ἐν
774 2095 840 2162 τῇ
866 2095 1047 2162 τρυφῇ
1087 2095 1181 2144 καὶ
1217 2095 1274 2143 ἐν
1321 2094 1386 2161 τῇ
1424 2091 1726 2161 πλεονεξίᾳ,
1755 2090 1815 2143 οὑ
1844 2089 2052 2160 τροφὴν

473 2185 716 2252 πλείονα,
742 2185 879 2237 ἀλλά
905 2185 1112 2256 φθορὰν
1143 2185 1361 2238 πλείονα
1392 2185 1716 2252 συνάγουσιν
1745 2182 1796 2234 οἰ
1824 2198 2054 2252 γαστρι-

474 2275 691 2344 ζόμενοι
719 2278 812 2329 καὶ
840 2277 1150 2345 μεθύοντες.
1205 2276 1342 2328 Ἀλλ’
1371 2277 1520 2346 ὅμως
1564 2274 1808 2343 τοσούτῳ
1837 2274 2053 2344 χείρους

473 2363 698 2416 ἐκείνων
723 2365 770 2414 οί
791 2363 906 2428 νῦν,
925 2365 1032 2432 ὅσῳ
1055 2366 1252 2416 ἐκεῖνοι
1286 2365 1383 2432 μέν
1414 2361 1559 2426 ἅπαξ
1579 2362 1839 2424 παθόντες
1870 2361 2048 2426 τοῦτο,

473 2449 987 2519 ἐσωφρονίσθησαν·
1023 2446 1165 2504 οῦτοι
1194 2450 1250 2504 δὲ
1278 2448 1400 2501 καθ’
1435 2449 1672 2518 ἑκάστην
1711 2448 1924 2519 ἡμέραν
1959 2449 2051 2500 τὸν

475 2539 734 2609 σκώληκα
759 2539 946 2592 τοῦτον
977 2541 1185 2594 ἐκείνου
1221 2539 1400 2610 πολλῷ
1426 2541 1802 2610 χαλεπώτερον
1843 2542 1924 2601 εἰς
1951 2539 2051 2602 τάς

472 2630 650 2691 οἰκίας
677 2630 775 2692 τὰς
797 2631 1004 2684 ἑαυτῶν
1030 2631 1361 2699 εἰσάγοντες,
1386 2631 1510 2684 οὕτε
1538 2631 1900 2696 αἰσθάνονται,
1927 2629 2050 2682 οὐτε

472 2720 841 2792 κορέννυνται.
881 2722 1004 2774 ’Ότι
1036 2722 1144 2790 γὰρ
1179 2721 1355 2774 ταῦτα
1375 2722 1603 2784 ἐκείνοις
1625 2721 1768 2774 ἔοικε
1800 2722 1940 2775 κατά
1959 2721 2050 2774 τὸν

469 2812 572 2880 τῆς
612 2812 1000 2882 ματαιοπονίας
1049 2812 1205 2880 λόγον
1285 2814 1370 2883 (τῇ
1421 2813 1530 2883 γάρ
1580 2815 1820 2884 τιμωρία
1869 2811 2049 2882 πολλῴ

468 2905 640 2958 ταῦτα
676 2905 1074 2976 χαλεπώτερα),
1113 2907 1362 2960 ἐντεῦθεν
1395 2908 1606 2960 σκόπει.
1635 2908 1754 2960 Τίνι
1783 2908 1892 2978 γάρ
1929 2908 2047 2960 δια-

471 2996 628 3066 φέρει
662 2999 690 3049 ὁ
722 2997 977 3060 πλούσιος
1023 2997 1114 3049 τοῦ
1155 2999 1412 3068 πένητος;
1457 2999 1553 3068 οὐχ
1595 2997 1653 3050 ἐν
1698 2997 1856 3068 σῶμα
1891 3015 2047 3068 περι-

469 3087 687 3151 ϐάλλεις
736 3089 795 3140 οὐ
842 3088 971 3158 μίαν
1011 3088 1199 3158 τρέφει
1246 3089 1526 3158 γαστέρα;
1577 3089 1684 3142 τίνι
1728 3086 1820 3143 οὖν
1854 3089 2046 3144 πλεον-

469 3181 671 3241 εκτεῖς
723 3179 852 3241 Ταῖς
900 3179 1164 3250 φροντίσι,
1221 3178 1298 3248 τῷ
1349 3179 1707 3244 δαπανᾶσθαι,
1775 3181 1852 3250 τῷ
1907 3199 2049 3253 παρ-

470 3267 691 3322 ακούειν
718 3269 873 3334 Θεοῦ,
900 3269 976 3339 τῷ
1016 3270 1349 3342 διαφθείρειν
1382 3271 1480 3341 τὴν
1509 3273 1706 3343 σάρκα,
1741 3273 1818 3342 τῷ
1849 3275 2048 3345 λυμαί-

469 3359 658 3411 νεσθαι
682 3360 780 3429 τὴν
812 3359 1010 3430 ψυχήν.
1043 3360 1229 3413 Ταῦτα
1270 3361 1378 3433 γάρ
1420 3365 1585 3426 ἐστιν,
1620 3359 1701 3426 οἷς
1730 3365 2048 3420 πλεονεκτεῖ

466 3449 560 3502 τὸν
587 3449 830 3521 πένητα⁸
883 3452 957 3515 ὡς
991 3452 1044 3504 εί
1077 3469 1141 3520 γε
1185 3453 1412 3517 πολλοὺς
1455 3454 1695 3525 ἐπλήρου
1747 3458 2042 3529 γαστέρας,

465 3542 604 3610 τάχα
636 3559 688 3594 τι
719 3544 812 3594 καὶ
854 3541 1032 3610 λέγειν
1078 3541 1243 3613 εἶχεν,
1291 3539 1401 3597 οἷον
1428 3545 1509 3597 ὅτι
1547 3546 1746 3598 πλείων
1796 3550 1829 3618 ἡ
1866 3549 2043 3618 χρεία,

466 3634 563 3686 καὶ
595 3634 792 3703 μείζων
827 3635 859 3703 ή
899 3635 998 3704 τῆς
1042 3636 1289 3704 δαπάνης
1326 3636 1560 3706 ἀνάγκη.
1614 3638 1778 3691 Ἀλλά
1813 3642 1906 3692 καὶ
1950 3641 2046 3693 νῦν

466 3723 670 3793 έχουσι,
700 3726 884 3794 φησιν,
916 3728 1110 3790 εἰπεῖν,
1146 3728 1228 3779 ὅτι
1253 3728 1454 3791 πολλάς
1486 3729 1775 3800 πληροῦσι,
1801 3732 1899 3796 τὰς
1933 3731 2045 3785 τῶν

465 3816 712 3877 οἰκετῶν,
743 3817 840 3879 τὰς
862 3816 970 3870 τῶν
1003 3817 1417 3885 θεραπαινίδων.
1462 3819 1602 3872 Ἀλλ’
1631 3824 1692 3873 οὑ
1723 3823 1909 3892 χρείας
1939 3825 2045 3876 ἐνε-

468 3922 582 3969 κεν,
613 3906 737 3958 οὐδὲ
783 3905 1193 3976 φιλανθρωπίας
1225 3909 1382 3961 τοῦτο
1423 3911 1628 3977 γίνεται
1655 3954 1669 3976 ,
1709 3913 1844 3966 ἀλλά
1874 3913 2042 3982 τύφου

469 3994 650 4064 μόνον.
672 3993 796 4046 ὅθεν
807 3995 918 4047 οὐδ’
935 3995 1000 4047 ἂν
1015 3996 1302 4066 άνάσχοιτό
1318 4015 1398 4060 τις
1413 3999 1510 4068 τῆς
1534 4001 1828 4070 ἀπολογίας
1841 4003 2040 4059 αὐτῶν.

537 4155 598 4202 ε’.
630 4148 730 4201 Διά
755 4148 808 4201 τί
838 4147 946 4220 γάρ
971 4149 1196 4213 πολλοὺς
1219 4148 1329 4220 ἔχει
1351 4150 1565 4215 οἰκέτας
1585 4169 1600 4216 ;
1618 4153 1828 4225 Ὥσπερ
1849 4155 1958 4227 γὰρ
1985 4159 2043 4211 ἐν

469 4241 702 4310 ἱματίοις
727 4241 825 4311 τὴν
849 4244 1036 4312 χρείαν
1064 4240 1282 4294 διώκειν
1312 4241 1394 4294 δεῖ
1421 4243 1600 4312 μόνον,
1627 4248 1718 4298 καὶ
1749 4248 1807 4299 ἐν
1838 4250 2043 4315 τραπέ-

465 4333 554 4407 ζῃ,
585 4333 727 4386 οὑτω
755 4333 850 4387 καὶ
869 4337 926 4386 ἐν
956 4333 1214 4397 οἰκέταις.
1249 4336 1344 4399 Τίς
1376 4333 1468 4390 οὖν
1506 4338 1539 4407 ἡ
1571 4338 1767 4408 χρείας
1797 4341 1911 4392 Οὐκ
1951 4339 2042 4392 έσ-

461 4444 547 4480 τιν
573 4427 822 4497 οὐδεμία.
856 4427 967 4480 Καὶ
992 4429 1100 4499 γάρ
1139 4429 1221 4480 ἐνὶ
1251 4429 1341 4482 τὸν
1376 4430 1471 4483 ἕνα
1501 4431 1740 4501 χρῆσθαι
1774 4434 2042 4506 δεσπότην

460 4519 646 4588 οἰκέτῃ
675 4519 833 4588 μόνον
865 4520 1057 4590 ἐχρῆν⁸
1093 4521 1293 4590 μᾶλλον
1316 4521 1373 4575 δὲ
1401 4523 1608 4577 καὶδύο
1643 4527 1740 4579 καὶ
1773 4531 1918 4598 τρεῖς
1954 4530 2040 4582 δε-

466 4611 667 4672 σπότας
701 4611 780 4662 ἐνὶ
807 4610 1012 4681 οἰκέτῃ.
1050 4613 1114 4663 Εἰ
1146 4611 1203 4664 δὲ
1251 4611 1388 4684 βαρὺ
1423 4614 1600 4680 τοῦτο,
1632 4617 1882 4688 ἐννόησον
1914 4623 2042 4684 τοὺς

461 4700 580 4752 οὐδέ
615 4699 708 4752 ἕνα
733 4699 975 4769 ἔχοντας,
1000 4703 1092 4756 καὶ
1128 4704 1502 4776 εὐκολωτέρας
1528 4707 1901 4774 ἀπολαύοντας
1954 4713 2040 4765 θε-

463 4790 692 4860 ραπείας
726 4807 738 4820 ⁸
770 4793 864 4844 καὶ
893 4792 999 4861 γὰρ
1021 4793 1319 4864 αὐτάρκεις
1348 4799 1414 4868 τῇ
1444 4797 1690 4870 διακονίᾳ
1730 4804 1795 4873 τῇ
1827 4804 2038 4857 ἑαυτῶν

461 4880 716 4949 ἐποίησεν
755 4881 784 4932 ό
825 4881 980 4945 Θεὸς,
1022 4883 1220 4951 μᾶλλον
1250 4885 1306 4937 δὲ
1342 4887 1436 4938 καὶ
1462 4890 1527 4958 τῇ
1557 4890 1650 4941 τοῦ
1693 4891 1938 4962 πλησίον.
1973 4895 2037 4947 Εἰ

460 4969 517 5021 δὲ
537 4969 804 5032 ἀπιστεῖς,
840 4971 1002 5024 ἀκουε
1031 4972 1242 5025 Παύλου
1291 4975 1539 5044 λέγοντος
1577 4993 1592 5008 ⁸
1649 4981 1780 5045 Ταῖς
1811 4985 2038 5050 χρείαις

454 5078 594 5128 μου,
637 5061 736 5114 καί
765 5061 917 5133 [585]
959 5063 1081 5129 τοῖς
1109 5059 1251 5119 οὖσι
1283 5069 1410 5136 μετ’
1459 5069 1606 5138 ἐμοῦ
1647 5075 2040 5143 ὑπηρέτησαν

457 5154 518 5203 αἰ
547 5153 741 5220 χεῖρες
775 5151 974 5212 αὗται.
1027 5153 1161 5211 Εἶτα
1203 5160 1231 5211 ό
1269 5159 1368 5229 μὲν
1397 5161 1494 5232 τῆς
1528 5165 1853 5237 οἰκουμένης
1891 5168 2036 5222 διδάα

461 5246 655 5308 σκαλος
681 5247 773 5300 καὶ
801 5248 907 5300 τῶν
932 5249 1175 5320 οὐρανῶν
1203 5252 1352 5318 ἄξιος
1385 5254 1485 5306 οὐκ
1535 5257 1797 5325 ᾐσχύνετο
1825 5259 2039 5329 μυρίοις

459 5338 744 5406 ὑπηρετῶν
774 5356 787 5369 ⁸
823 5341 886 5394 σὺ
918 5340 995 5405 δέ,
1038 5343 1086 5393 εἰ
1124 5343 1199 5411 μὴ
1229 5343 1430 5406 πολλὰς
1471 5346 1790 5416 περιφέρεις
1837 5350 2036 5420 ἀνδρα-

457 5429 633 5482 πόδων
659 5430 880 5498 ἀγέλας,
907 5433 1130 5501 αἰσχρὸν
1163 5430 1298 5485 εἶναι
1331 5434 1590 5503 νομίζεις,
1631 5439 1731 5491 οὐκ
1768 5439 1922 5503 εἰδὼς
1952 5443 2034 5495 ὃτι

455 5519 612 5572 τοῦτο
640 5521 737 5590 μὲν
764 5517 856 5574 οὖν
883 5523 1117 5590 μάλιστά
1154 5524 1270 5576 ἐστι
1306 5523 1366 5576 τὺ
1408 5529 1765 5598 καταισχῦνόν
1791 5549 1878 5597 aa;
1925 5534 2036 5586 Καὶ

459 5612 565 5680 γὰρ
587 5610 675 5663 διὰ
717 5610 872 5663 τοῦτο
915 5613 1004 5664 καὶ
1050 5614 1238 5683 χεῖρας
1284 5615 1415 5685 ἡμῖν
1463 5617 1659 5672 ἔδωκεν
1702 5622 1729 5672 ὀ
1769 5623 1900 5686 Θεὸς
1941 5626 2031 5680 καὶ

1201 251 1257 306 S.
1293 245 1577 304 JOANNIS
1613 239 2099 299 CHRYSOSTOMI
2141 237 2463 299 ARCHIEP.
2505 239 3056 304 CONSTANTINOP.

3637 252 3766 309 εει

2166 358 2356 422 πόδας,
2406 360 2492 413 ἵνα
2539 361 2612 432 μὴ
2657 353 2903 433 δεώμεθα
2945 362 3188 416 οἰκετῶν.
3217 361 3354 416 Οὑδέ
3399 363 3506 437 γὰρ
3553 368 3766 439 χρείας

2159 446 2345 501 ἕνεκεν
2373 449 2433 502 τὸ
2480 451 2588 503 τῶν
2633 451 2834 506 δούλων
2874 454 3174 524 ἐπεισήχθη
3227 455 3419 523 γένος,
3455 457 3578 511 ἐπεὶ⁵
3606 462 3766 530 μετά-

2161 539 2253 594 τοῦ
2300 541 2470 612 Ἀδὰμ
2506 543 2750 614 ἐπλάσθη
2790 544 2856 597 ἂν
2898 546 2993 598 καὶ
3028 547 3214 610 δοῦλος
3253 563 3268 578 ⁸
3305 547 3422 602 ἀλλ’
3462 551 3756 624 ἁμαρτίας

2162 632 2277 683 ἐστί
2301 632 2361 685 τὸ
2390 635 2685 702 ἐπιτίμιον,
2723 635 2818 689 καὶ
2858 637 2957 707 τῆς
2999 638 3287 706 παρακοῆς
3319 641 3351 710 ὴ
3390 640 3631 707 κόλασις.
3687 645 3750 696 Ὀ

2161 723 2217 776 δὲ
2247 726 2480 794 Χριστὸς
2521 717 2983 798 παραγενόμενος,
3017 729 3112 781 καὶ
3154 729 3311 781 τοῦτο
3354 729 3544 785 ἔλυσεν
3569 755 3581 765 ·
3639 733 3750 788 Ἐν

2160 814 2272 882 γὰρ
2300 817 2529 884 Χριστῷ
2569 817 2773 884 Ἰησοῦ
2802 821 2913 871 οὐκ
2936 819 3068 872 ἐστι
3094 819 3316 886 δοῦλος
3345 820 3488 874 οὐδὲ
3507 821 3750 878 ἐλεύθε-

2154 919 2285 970 ρος.
2313 907 2472 958 Ὥστε
2495 899 2594 960 οὐκ
2617 909 2912 976 ἀναγκαῖον
2941 909 3002 962 τὸ
3029 908 3214 963 δοῦλον
3244 910 3389 981 ἔχειν
3411 929 3425 943 ⁸
3466 914 3515 965 εἰ
3559 914 3616 968 δέ
3645 916 3746 968 καὶ

2162 995 2478 1061 ἀναγκαῖον,
2511 997 2607 1051 ἕνα
2632 1015 2734 1050 που
2771 999 2950 1067 μόνον,
2987 999 3019 1069 ἢ
3067 999 3129 1052 τὸ
3167 1000 3301 1053 πολὺ
3350 1001 3628 1073 δεύτερον.
3676 1003 3745 1055 Τί

2164 1083 2508 1154 βούλεταιτά
2551 1089 2730 1159 σμήνη
2769 1089 2878 1141 τῶν
2923 1088 3183 1153 οἰκετῶν;
3229 1089 3496 1160 Καθάπερ
3538 1092 3646 1162 γὰρ
3692 1094 3745 1145 οἰ

2164 1176 2579 1246 προϐατοπῶλαι
2619 1181 2712 1231 καὶ
2735 1181 2784 1232 οἰ
2827 1179 3305 1251 σωματοκάπηλοι,
3336 1181 3508 1246 οὕτως
3551 1186 3610 1236 ἐν
3640 1183 3744 1253 βα·-

2161 1265 2373 1335 λανείῳ,
2425 1267 2597 1331 οὕτως
2637 1270 2696 1322 ἐν
2735 1271 2910 1342 ἀγορᾷ
2946 1272 3222 1342 περιίασιν
3260 1273 3311 1324 οἰ
3358 1273 3739 1338 πλουτοῦντες.

2163 1355 2309 1425 Πλὴν
2337 1355 2450 1408 ἀλλ’
2471 1359 2622 1412 οὐδὲν
2661 1359 3125 1431 ἀκριϐολογοῦμαι
3151 1374 3166 1391 ⁸
3199 1361 3340 1416 ἔστω
3375 1380 3457 1416 σοι
3492 1364 3586 1418 καί
3625 1365 3744 1418 δεύ·

2160 1460 2316 1515 τερος
2343 1446 2560 1514 οἰκέτης
2589 1465 2602 1478 ⁸
2633 1449 2680 1500 εἰ
2707 1449 2762 1501 δὲ
2787 1449 3013 1514 πολλοὺς
3039 1451 3312 1520 συνάγεις,
3341 1453 3402 1506 οὑ
3433 1453 3746 1524 φιλανθρω-

2161 1537 2293 1600 πίας
2318 1537 2502 1591 ἐνεκεν
2537 1539 2694 1592 τοῦτο
2734 1545 2928 1608 ποιεῖς,
2977 1543 3112 1596 άλλά
3148 1543 3522 1616 θρυπτόμενος
3545 1563 3560 1578 ⁸
3590 1547 3738 1609 ἐπεὶ,

2161 1630 2209 1680 εἰ
2247 1629 2562 1699 κηδόμενος,
2597 1632 2799 1702 μηδένα
2819 1635 2896 1695 εἰς
2924 1634 3200 1689 διακονίαν
3229 1636 3614 1708 ἀπασχολήσῃς
3639 1638 3746 1708 τὴν

2163 1719 2283 1786 σὴν,
2318 1718 2431 1770 ἀλλ’
2453 1719 2748 1789 ἀγοράσας,
2787 1721 2882 1774 καὶ
2902 1723 3097 1792 τέχνας
3128 1723 3347 1790 διδάξας
3371 1725 3513 1778 ὥστε
3542 1729 3742 1796 ἀρκεῖν

2148 1809 2393 1873 ἐαυτοίς,
2421 1809 2556 1878 ἄφες
2593 1811 2930 1882 ἐλευθέρους.
2973 1809 3140 1866 Ὅταν
3184 1815 3240 1868 δὲ
3272 1817 3561 1887 μαστίξῃς,
3607 1819 3752 1870 ὅταν

2157 1897 2446 1968 δεσμεύῃς,
2493 1898 2675 1951 οὐκέτι
2715 1901 3122 1971 φιλανθρωπίας
3153 1904 3209 1956 τὸ
3246 1903 3422 1974 ἔργον.
3462 1907 3569 1957 Καὶ
3617 1901 3745 1959 οἶδα

2161 1987 2258 2054 μὲν
2284 1987 2364 2038 ὃτι
2399 1989 2652 2056 φορτικός
2673 1991 2790 2058 εἰμι
2813 1993 2925 2054 τοῖς
2957 1992 3243 2046 ἀκούουσιν
3266 2010 3281 2024 ⁸
3305 1993 3440 2046 ἀλλά
3458 1994 3509 2046 τί
3537 1995 3702 2048 πάθω
3724 2014 3746 2060 ;

2157 2077 2249 2139 Εἰς
2278 2077 2433 2130 τοῦτο
2459 2081 2664 2148 κεῖμαι,
2705 2081 2800 2133 καὶ
2839 2081 2899 2134 οὐ
2929 2084 3206 2154 παύσομαι
3247 2084 3418 2138 ταῦτα
3442 2085 3636 2152 λέγων,
3671 2087 3744 2140 άν

2155 2186 2216 2222 τε
2241 2169 2464 2238 γένηταί
2481 2187 2533 2222 τι
2559 2169 2742 2234 πλέον,
2766 2172 2830 2224 ἄν
2854 2189 2914 2224 τε
2942 2175 3129 2244 μηδέν.
3157 2171 3222 2227 Τί
3245 2176 3353 2246 γάρ
3378 2191 3458 2228 σοι
3485 2175 3738 2245 βούλεται

2154 2263 2214 2314 τὸ
2254 2261 2430 2314 σοϐεῖν
2476 2263 2567 2315 ἐπὶ
2602 2263 2701 2334 τῆς
2753 2264 2989 2334 ἀγορᾶς;
3034 2267 3107 2337 μὴ
3149 2265 3258 2337 γὰρ
3295 2269 3498 2336 μεταξὺ
3527 2267 3740 2337 θηρίων

2156 2355 2499 2422 περιπατεῖς,
2530 2355 2610 2408 ὅτι
2645 2356 2970 2420 ἀπελαύνεις
2993 2360 3120 2421 τοὺς
3155 2360 3610 2429 ἐντυγχάνοντας;
3641 2360 3736 2429 Μὴ

2155 2445 2395 2516 φοϐηθῇς
2416 2462 2429 2476 ⁸
2458 2444 2633 2510 οὐδεὶς
2651 2448 2836 2501 δάκνει
2860 2449 2967 2502 τῶν
2993 2451 3350 2520 προσιόντων,
3382 2452 3476 2504 καὶ
3508 2450 3736 2521 πλησίον

2155 2553 2239 2588 σοι
2289 2535 2628 2606 βαδιζόντων.
2689 2539 2828 2591 Ἀλλ’
2869 2539 3025 2610 ὓϐριν
3068 2544 3174 2611 ἡγῇ
3228 2541 3289 2594 τὸ
3328 2543 3465 2612 μετά
3514 2543 3736 2594 πάντων

2156 2626 2538 2697 συμϐαδίζεινς
2575 2629 2688 2681 Καὶ
2722 2630 2894 2700 πόσης
2919 2631 3092 2684 ταῦτα
3129 2632 3346 2701 μανίας,
3376 2633 3545 2701 πόσης
3577 2649 3734 2703 τερα-

2152 2717 2400 2783 τωδείας,
2433 2719 2523 2770 τὸν
2571 2719 2670 2789 μὲν
2699 2721 2862 2774 ἰππον
2907 2722 3132 2793 πλησίον
3163 2725 3430 2794 ἑπόμενον
3463 2726 3536 2796 μὴ
3580 2726 3736 2795 νομί-

2153 2809 2268 2872 ζειν
2290 2809 2475 2881 φέρειν
2520 2810 2696 2882 ὓϐριν,
2728 2813 3011 2880 ἄνθρωπον
3056 2815 3135 2882 δὲ,
3173 2817 3329 2887 εἰμὴ
3374 2817 3480 2870 ἀπὸ
3525 2819 3733 2888 μυρίων

2153 2899 2433 2954 ἐλαύνοιτο
2460 2902 2712 2970 σταδίων,
2739 2906 3118 2976 καταισχύνειν
3145 2908 3427 2977 ήγεῖσθαι;
3469 2910 3533 2960 Τί
3562 2911 3614 2962 δὲ
3637 2911 3733 2962 καὶ

2151 2991 2347 3054 παῖδας
2383 2993 2710 3063 ῥαϐδούχους
2742 2995 2905 3065 ἔχεις,
2937 2998 3012 3059 ὡς
3030 2997 3235 3061 δούλοις
3262 2999 3600 3069 κεχρημένος
3617 3003 3733 3063 τοῖς

2151 3083 2478 3152 ἐλευθέροις,
2509 3085 2712 3154 μᾶλλον
2739 3085 2794 3138 δὲ
2819 3085 2981 3150 αὐτὸς
3009 3087 3208 3150 παντὸς
3237 3089 3558 3160 ἀτιμότερον
3583 3092 3733 3143 οἰκέ-

2151 3193 2244 3229 του
2267 3174 2374 3238 ζῶν
2399 3192 2413 3241 ;
2444 3177 2538 3229 καὶ
2554 3177 2662 3247 γὰρ
2685 3179 2884 3241 παντὸς
2902 3179 3282 3250 εὐτελέστερος
3310 3181 3515 3234 οἰκέτου
3546 3182 3574 3232 ό
3595 3198 3730 3233 τοσ-

2150 3267 2310 3321 οῦτον
2365 3271 2678 3340 περιφέρων
2707 3269 2893 3339 τῦφον.
2928 3272 3025 3325 Διά
3056 3273 3213 3326 τοῦτο
3243 3273 3362 3326 οὐδὲ
3383 3273 3601 3343 δψονται
3630 3274 3734 3342 τὴν

2149 3356 2320 3419 όντως
2357 3356 2668 3427 ἐλευθερίαν
2704 3359 2755 3410 οί
2787 3357 2865 3428 τῷ
2911 3359 3134 3430 χαλεπῷ
3165 3360 3341 3430 τούτῳ
3391 3361 3730 3414 καταδουλώ-

2148 3463 2342 3509 ’σαντες
2375 3447 2601 3511 ἑαυτοὺς
2629 3448 2811 3502 πάθει.
2847 3449 2910 3500 Εἰ
2934 3449 3042 3519 γὰρ
3075 3449 3399 3503 ἀπελαύνειν
3425 3451 3604 3520 βούλει
3634 3451 3729 3504 καὶ

2152 3539 2352 3602 σοϐεῖν,
2396 3540 2470 3609 μὴ
2491 3539 2618 3602 τοὺς
2651 3540 2992 3612 προσιόντας,
3029 3540 3161 3594 ἀλλά
3187 3540 3280 3595 τὸν
3320 3541 3490 3609 τῦφον
3520 3541 3728 3594 ἀπέλα-

2152 3647 2242 3682 σον
2265 3647 2279 3662 ⁸
2315 3630 2389 3700 μὴ
2425 3630 2514 3683 διὰ
2555 3629 2648 3683 τοῦ
2692 3630 2901 3696 παιδὸς,
2940 3632 3074 3684 ἀλλά
3105 3632 3192 3685 διὰ
3225 3633 3453 3686 σεαυτοῦ
3484 3647 3498 3662 ⁸
3532 3633 3606 3702 μὴ
3654 3633 3722 3702 τῇ

2153 3721 2379 3790 μάστιγι
2408 3719 2600 3792 ταύτῃ,
2650 3721 2789 3774 ἀλλά
2817 3724 2884 3793 τῇ
2918 3726 3284 3793 πνευματικῇ.
3320 3722 3432 3776 Νῦν
3472 3724 3569 3792 μὲν
3611 3723 3722 3794 γάρ

2151 3829 2246 3864 σου
2291 3815 2321 3866 ὁ
2373 3816 2501 3876 παῖς
2550 3813 2844 3868 ἀπελαύνει
2889 3817 3014 3878 τοὺς
3061 3815 3503 3884 συμϐαδίζοντας,
3553 3816 3616 3869 σὲ
3662 3815 3728 3868 δὲ

2149 3899 2353 3951 ἀνωθεν
2394 3902 2427 3970 ἡ
2468 3901 2696 3954 ἀπόνοια
2727 3903 3098 3974 αἰσχρότερον,
3135 3905 3166 3974 ἦ
3209 3905 3423 3974 οἰκέτης
3459 3905 3550 3958 τὸν
3585 3905 3727 3976 πληο

2151 3991 2286 4043 σίον.
2323 3992 2421 4044 Ἂν
2445 3991 2503 4044 δὲ
2535 3993 2643 4046 ἀπὸ
2669 3993 2761 4046 τοῦ
2798 3995 2965 4047 ἵππου
3004 3997 3268 4060 καταϐὰς.
3317 3996 3513 4068 ἐλάσῃς
3551 3998 3726 4070 αὐτὴν

2147 4081 2237 4134 διά
2266 4083 2364 4152 τῆς
2389 4085 2911 4155 ταπεινοφροσύνης,
2945 4086 3274 4158 ὑψηλότερον
3312 4087 3510 4158 καθεδῇ
3545 4088 3639 4142 καὶ
3665 4091 3728 4140 ἐν

2150 4171 2358 4241 μείζονι
2390 4175 2585 4228 σαυτὸν
2625 4176 2990 4245 καταστήσεις
3030 4179 3184 4246 τιμῇ,
3227 4176 3379 4229 οὐδὲν
3407 4177 3502 4229 τοῦ
3533 4177 3724 4240 παιδὸς

2146 4264 2228 4325 εἰς
2259 4262 2417 4316 τοῦτο
2448 4264 2718 4334 δεόμενος.
2752 4266 2916 4319 Ὅταν
2939 4265 3047 4337 γὰρ
3073 4267 3288 4336 μέτριος
3311 4268 3602 4337 γενόμενος
3623 4286 3724 4337 χα-

2149 4354 2250 4423 μαὶ
2285 4354 2528 4425 βαδίζῃς,
2554 4355 2645 4407 ἐπὶ
2669 4354 2763 4408 τοῦ
2797 4357 3072 4425 ὀχήματος
3105 4358 3302 4428 καθεδῇ
3329 4361 3430 4428 τῆς
3472 4375 3723 4411 ταπεινο-

2147 4445 2421 4515 φροσύνης
2445 4446 2538 4499 τοῦ
2568 4447 2728 4517 μέχρι
2758 4449 2868 4501 τῶν
2897 4450 3142 4518 οὐρανῶν
3175 4466 3235 4502 σε
3269 4451 3582 4516 ἀνάγοντος,
3623 4449 3720 4503 τοῦ

2146 4539 2381 4607 πτηνοὺς
2409 4537 2624 4607 ἔχοντος
2672 4541 2906 4604 ἵππους⁸
2947 4541 3012 4595 ἂν
3041 4543 3097 4594 δὲ
3140 4541 3432 4595 ἀποπεσὼν
3484 4542 3716 4606 ἐκείνου,

2144 4630 2224 4692 εἰς
2249 4628 2309 4680 τὸ
2338 4630 2436 4699 τῆς
2463 4629 2610 4703 [586]
2635 4632 2955 4696 ἀλαζονείας
2988 4633 3250 4704 μεταϐῇς,
3278 4634 3385 4686 τῶν
3410 4634 3584 4704 χαμαὶ
3621 4651 3719 4686 συ-

2149 4719 2389 4788 ρομένων
2420 4721 2670 4792 ἐρπετῶν
2692 4724 2846 4777 οὐδὲν
2874 4725 3096 4794 ἄμεινον
3132 4720 3424 4786 διάκεισαι,
3458 4724 3591 4776 ἀλλά
3623 4725 3719 4776 καὶ

2143 4809 2470 4881 ἀθλιώτερον
2499 4812 2677 4884 πολλῷ
2702 4814 2797 4867 καὶ
2820 4814 3198 4886 ἐλεεινότερον.
3243 4815 3381 4876 Τοὺς
3405 4815 3504 4884 μὲν
3531 4815 3641 4884 γὰρ
3683 4817 3716 4884 ἡ

2143 4901 2238 4954 τοῦ
2271 4902 2522 4972 σώματος
2548 4907 2797 4975 πήρωσις
2827 4905 2968 4959 οὑτω
2997 4905 3400 4974 καταναγκάζει
3435 4904 3714 4974 σύρεσθαι,

2144 4991 2204 5045 σὲ
2231 4993 2288 5045 δὲ
2321 4995 2353 5062 ἡ
2387 4993 2487 5063 τῆς
2510 4995 2828 5060 ἀλαζονείας
2849 4997 3020 5060 νόσος.
3049 4998 3159 5050 Καὶ
3187 4997 3294 5066 γὰρ
3330 4997 3455 5062 Πᾶς
3483 5000 3514 5051 ὀ
3541 4996 3721 5065 ὑψῶν

2139 5084 2376 5149 ἑαυτὸν,
2414 5087 2568 5156 φησί,
2601 5089 3130 5154 ταπεινωθήσεται.
3176 5090 3272 5142 "lv‘
3293 5085 3388 5142 οῦν
3417 5091 3491 5158 μὴ
3525 5104 3721 5140 ταπειο

2140 5175 2421 5245 νωθῶμεν,
2444 5177 2580 5231 ἀλλά
2599 5179 2923 5250 ὑψωθῶμεν,
2952 5183 3044 5234 ἐπὶ
3069 5181 3128 5234 τὸ
3150 5181 3278 5249 ῦψος
3309 5180 3550 5249 ἔλθωμεν
3573 5181 3720 5232 ἐκεῖ-

2140 5284 2218 5321 νο.
2246 5269 2402 5322 Οὕτω
2424 5272 2532 5340 γὰρ
2563 5273 2656 5324 καὶ
2702 5273 3009 5328 ἀνάπαυσιν
3036 5274 3341 5344 εὑρήσομεν
3372 5274 3492 5334 ταῖς
3516 5270 3721 5340 ψυχαῖς

2140 5360 2295 5429 ἡμῶν
2325 5363 2463 5414 κατά
2482 5363 2572 5414 τὸν
2600 5361 2741 5416 θεῖον
2771 5363 3037 5435 χρησμὸν,
3085 5365 3178 5416 καὶ
3204 5364 3305 5432 τῆς
3337 5361 3576 5432 ἀληθοῦς
3624 5361 3721 5412 καὶ

2138 5449 2478 5520 ὑψηλοτάτης
2511 5451 2904 5522 ἐπιτευξόμεθα
2929 5456 3093 5522 τιμῆς
3115 5468 3126 5480 ⁸
3155 5448 3223 5521 ἧς
3255 5451 3465 5518 γένοιτο
3504 5453 3722 5513 πάντας

2137 5541 2283 5607 ἡμᾶς
2342 5542 2636 5611 ἐπιτυχεῖν,
2694 5545 2874 5616 χάριτι
2910 5546 3005 5599 καὶ
3058 5541 3463 5612 φιλανθρωπίᾳ,
3509 5541 3608 5596 καὶ
3652 5541 3722 5595 τά

2139 5631 2284 5700 ἑξῆς.
