4018 6156
176 263 264 318 553
1189 233 1257 292 ΙΝ
1294 231 1513 294 EPIST.
1553 230 1574 285 Ι
1641 228 1734 288 AD
1773 226 1927 285 COR.
1969 225 2204 283 HOMIL.
2247 225 2360 283 XL.

179 372 294 441 Quid
316 378 486 426 autem
515 375 639 421 tunc
667 356 975 416 accidebat?
1019 355 1099 410 Ex
1120 368 1198 410 eo.
1211 350 1356 423 quod
1380 346 1718 419 superabun-

178 466 331 528 dabat,
359 458 632 518 scatebant
659 467 886 510 vermes.

239 552 534 608 Deliciarum
587 551 781 617 fructus
825 541 1078 609 corruptio
1127 544 1226 591 est.
1254 561 1330 575 -—-
1357 533 1467 588 Hoc
1512 544 1726 602 quoque

175 659 302 700 nunc
315 643 363 698 in
382 643 466 696 his
483 638 802 708 experimur.
827 628 1079 687 Alimenti
1101 629 1245 683 enim
1268 637 1519 680 mensura
1535 621 1725 676 eadem

171 747 248 792 est
272 733 542 795 omnibus;
570 743 732 786 unum
761 724 904 780 enim
934 730 1177 776 ventrem
1222 717 1508 786 implcmus
1539 731 1553 768 :
1585 711 1727 782 apud

173 838 223 888 te
247 833 433 887 autem,
461 821 548 890 qui
579 817 812 888 expleris
836 812 1065 876 deliciis,
1096 817 1176 865 est
1207 807 1325 878 plus
1345 804 1624 860 stercoris.
1660 802 1727 855 Et

172 915 298 970 sicut
319 913 420 967 illic
443 912 497 965 in
525 907 775 964 domibus
800 904 888 974 qui
919 903 1037 973 plus
1060 898 1399 968 mlligebant,
1429 910 1586 966 quam
1613 900 1732 948 erat

174 1005 521 1068 constitutum,
565 1015 676 1055 non
715 1010 912 1051 manna
950 989 1364 1063 congregabant,
1415 988 1509 1042 sed
1554 987 1732 1057 plures

171 1112 365 1153 vermes
388 1106 442 1154 et
471 1091 809 1165 putredinem
838 1106 852 1142 :
877 1089 949 1145 ita
980 1085 1140 1140 etiam
1173 1084 1225 1137 in
1250 1080 1457 1137 deliciis
1485 1087 1540 1134 et
1561 1079 1612 1132 in
1641 1093 1734 1132 su-

168 1185 577 1258 perabundantia
603 1198 709 1237 non
732 1180 851 1250 plus
877 1176 1137 1240 alimenti,
1159 1172 1256 1228 sed
1285 1173 1403 1241 plus
1428 1170 1732 1237 corruptio-

166 1282 242 1335 nis
269 1283 588 1348 congregant
625 1273 716 1344 qui
745 1270 921 1330 ventri
951 1267 1228 1335 indulgent
1275 1274 1331 1318 et
1377 1261 1731 1328 inebriantur.

166 1373 268 1434 Sed
293 1381 466 1432 tamen
496 1369 586 1437 qui
630 1380 771 1425 nunc
815 1372 960 1428 sunt,
1006 1369 1152 1417 tanto
1195 1365 1322 1413 sunt
1363 1355 1468 1412 illis
1501 1356 1734 1424 pejores.

167 1463 300 1533 quod
327 1462 416 1518 illi
446 1459 662 1530 quidem
702 1457 805 1511 hoc
842 1453 1012 1510 semel
1041 1451 1205 1522 passi,
1249 1448 1493 1519 castigati
1535 1447 1644 1500 sint
1681 1455 1736 1500 et

167 1556 263 1610 sibi
306 1551 680 1624 temperarint;
721 1548 808 1604 isti
833 1555 1013 1602 autem
1037 1543 1276 1614 quotidie
1317 1541 1458 1596 hunc
1498 1553 1738 1594 vermem

168 1649 254 1702 illo
283 1646 450 1700 multo
477 1640 801 1713 graviorem,
846 1637 902 1690 in
939 1635 1130 1691 domos
1157 1647 1282 1689 suas
1311 1630 1736 1695 introducentes,

167 1752 334 1806 neque
356 1734 594 1790 sentiunt
617 1743 790 1799 neque
818 1727 1097 1786 satiantur.
1128 1723 1262 1780 Nam
1289 1722 1433 1793 quod
1467 1723 1583 1777 haec
1633 1721 1740 1776 illis

166 1829 272 1882 sint
295 1824 507 1891 similia,
542 1820 684 1892 quod
710 1819 775 1876 ad
805 1818 980 1876 inanis
1009 1817 1212 1872 laboris
1253 1816 1444 1870 attinet
1476 1814 1740 1868 rationem

166 1916 449 1986 (supplicio
476 1913 618 1971 enim
643 1910 759 1970 huic
781 1917 908 1966 Sunt
939 1907 1110 1964 multo
1138 1905 1430 1976 graviora),
1461 1904 1584 1958 hinc
1610 1919 1743 1959 con-

164 2009 354 2063 sidera.
385 2005 442 2060 in
471 2017 579 2075 quo
621 2003 767 2061 enim
795 1999 974 2054 differt
999 1998 1152 2054 dives
1177 2011 1210 2052 a
1241 1996 1513 2067 paupere?
1560 2010 1740 2051 nonne

165 2113 324 2153 unum
351 2095 523 2154 induit
550 2107 769 2163 corpus,
820 2104 1002 2152 nonne
1047 2103 1210 2143 unum
1237 2087 1331 2142 alit
1357 2086 1640 2144 ventrem?
1685 2086 1740 2141 in

163 2207 268 2261 quo
296 2203 420 2260 ergo
446 2188 563 2259 plus
583 2183 852 2244 abundat?
878 2181 934 2240 In
964 2177 1433 2243 sollicitudinibus,
1456 2179 1508 2234 in
1539 2192 1740 2232 consu-

165 2282 376 2346 mendo,
407 2281 460 2334 in
486 2294 550 2335 eo
575 2275 717 2348 quod
741 2276 853 2332 Deo
880 2287 989 2334 non
1021 2277 1206 2343 pareat
1239 2279 1293 2326 et
1317 2269 1557 2334 obediat,
1591 2269 1645 2322 in
1675 2283 1742 2323 eo

164 2372 308 2444 quod
333 2386 550 2430 carnem
578 2373 912 2437 corrumpat,
955 2365 1010 2420 in
1034 2377 1103 2419 eo
1127 2361 1270 2433 quod
1294 2361 1489 2415 animae
1516 2360 1742 2414 exitium

167 2463 368 2520 aﬂ‘erat.
395 2462 522 2516 Hmc
539 2460 680 2518 enim
703 2465 828 2515 sunt
855 2470 938 2521 ea,
963 2455 1017 2509 in
1043 2452 1236 2525 quibus
1259 2452 1375 2521 plus
1401 2451 1562 2506 habet
1581 2465 1742 2520 quam

167 2569 384 2626 pauper.
422 2552 554 2609 Nam
601 2551 649 2603 si
701 2547 898 2602 multos
941 2543 1188 2614 impleret
1233 2552 1475 2604 ventres,
1521 2541 1747 2596 haberet

167 2647 395 2701 fortasse
435 2641 636 2710 aliquid
667 2639 811 2710 quod
852 2638 1075 2704 diceret,
1115 2649 1308 2705 nempe
1348 2634 1591 2703 pluribus
1624 2649 1746 2690 esse

167 2753 322 2810 opus,
370 2748 423 2793 et
470 2744 715 2803 sumptus
759 2730 1014 2800 majorem
1063 2742 1187 2784 esse
1225 2727 1626 2782 necessitatem.
1679 2730 1747 2780 At

169 2844 310 2883 nunc
338 2841 569 2899 quoque,
595 2824 786 2894 inquit,
817 2821 1019 2877 habent
1044 2818 1186 2889 quod
1226 2819 1425 2885 dicant,
1455 2818 1597 2888 quod
1625 2817 1745 2888 plu-

167 2934 257 2974 res
286 2919 540 2988 impleant
572 2925 812 2980 ventres,
845 2925 1039 2981 nempe
1063 2910 1385 2967 famulorum
1429 2919 1484 2965 et
1525 2910 1747 2963 ancilla-

168 3026 309 3068 rum.
338 3009 443 3070 Sed
473 3024 577 3066 non
605 3022 673 3068 ex
702 3003 1027 3062 necessitate
1052 3015 1226 3072 neque
1248 3012 1469 3072 prepter
1505 3001 1751 3070 benigni-

169 3113 334 3162 tatem
380 3111 436 3161 et
482 3099 866 3157 humanitatem
913 3095 1017 3156 hoc
1055 3095 1135 3159 fit,
1179 3094 1276 3148 sed
1318 3093 1491 3148 solum
1535 3103 1751 3164 propter

168 3193 362 3250 fastum
395 3202 449 3246 et
472 3192 774 3261 superbiam
809 3206 822 3243 :
856 3187 1001 3248 unde
1029 3200 1130 3243 nec
1168 3184 1378 3243 admitti
1411 3194 1605 3254 potest.

241 3287 295 3341 5.
337 3285 609 3342 Serrorum
649 3281 918 3337 multitudo
945 3280 1274 3348 vituperatur.
1321 3275 1510 3332 Contra
1546 3293 1632 3331 eos
1659 3279 1748 3349 qui

166 3392 291 3429 cum
313 3373 621 3444 famulorum
647 3373 845 3441 agmine
869 3368 1126 3425 incedunt.
1151 3395 1228 3412 -—
1251 3367 1362 3421 Cur
1388 3367 1530 3422 enim
1557 3371 1752 3421 multos

165 3464 341 3519 habet
364 3461 665 3515 ministros?
691 3461 840 3518 Sicut
861 3461 1006 3518 enim
1035 3460 1092 3516 in
1119 3458 1358 3516 vestibus
1384 3466 1439 3512 et
1465 3458 1519 3511 in
1567 3473 1751 3512 mensa

169 3556 326 3610 solus
372 3567 501 3606 usus
543 3560 625 3610 est
649 3550 1024 3618 attendendus,
1072 3552 1144 3607 ita
1180 3550 1340 3604 etiam
1372 3548 1426 3602 in
1467 3549 1747 3603 ministris.

169 3644 306 3711 Quis
353 3650 436 3696 est
475 3655 604 3710 ergo
645 3639 811 3694 usus?
838 3639 1023 3696 Nullus
1048 3641 1300 3709 penitus:
1334 3654 1440 3694 uno
1484 3640 1626 3693 enim
1672 3640 1754 3693 fa-

171 3737 322 3791 mulo
344 3750 508 3790 unum
534 3733 812 3792 dominum
841 3732 1015 3788 solum
1043 3734 1115 3788 uti
1143 3742 1437 3802 oporteret,
1465 3732 1550 3786 vel
1579 3733 1754 3802 potius

171 3828 311 3886 duos
338 3837 394 3882 et
420 3835 528 3880 tres
556 3825 802 3881 dominos
842 3837 949 3879 uno
979 3822 1195 3882 famulo.
1223 3821 1278 3878 Si
1321 3833 1498 3878 autem
1529 3823 1630 3877 hoc
1673 3832 1756 3878 est

170 3933 355 3988 grave,
386 3917 557 3988 cogita
587 3931 681 3972 eos
717 3917 808 3987 qui
833 3916 1040 3971 nullum
1072 3914 1290 3979 habent,
1321 3914 1546 3970 faciliori
1569 3922 1751 3968 autem

170 4019 230 4065 et
273 4008 592 4076 expeditiori
623 4007 872 4062 fruuntur
897 4006 1198 4066 ministerio
1227 4023 1241 4059 :
1271 4006 1410 4061 Deus
1453 4007 1596 4062 enim
1627 4006 1755 4061 fecit

172 4117 274 4157 eos
299 4103 390 4172 qui
417 4101 725 4158 sufficerent
753 4114 871 4164 suo,
895 4099 1003 4156 imo
1024 4113 1154 4154 vero
1179 4107 1233 4152 et
1256 4098 1486 4166 proximi
1517 4099 1756 4153 ministe-

173 4195 280 4248 rio.
320 4193 379 4248 Si
420 4203 599 4248 autem
639 4206 747 4245 non
786 4189 983 4254 credis,
1026 4189 1150 4244 audi
1193 4187 1413 4242 Paulum
1450 4188 1752 4244 dicentem:

173 4283 230 4338 Ν
235 4283 580 4338 ecessitatibus
601 4281 744 4348 meis,
769 4291 815 4336 et
840 4279 904 4334 iis
927 4279 1011 4348 qui
1033 4293 1226 4334 meeum
1247 4286 1385 4344 sunt,
1408 4279 1755 4334 ministrarent

174 4376 257 4428 lue
293 4390 478 4427 manus
507 4372 641 4444 (Act.
671 4371 762 4427 20.
790 4371 902 4438 54).
933 4368 1149 4426 Siccine
1179 4368 1342 4426 totius
1369 4367 1583 4438 quidem
1610 4370 1758 4424 orbis

171 4469 374 4521 doctor
411 4473 468 4520 et
494 4465 684 4534 dignus
717 4463 862 4518 caelis
901 4477 1010 4522 non
1054 4460 1408 4518 erubescebat
1450 4461 1760 4515 ministrare

171 4555 658 4614 innumerabilibus
682 4571 698 4621 ;
741 4563 796 4608 tu
825 4563 1004 4610 autem
1030 4562 1184 4623 turpe
1207 4567 1330 4612 esse
1357 4552 1531 4618 ducis,
1574 4554 1619 4607 si
1651 4568 1760 4608 non

172 4647 532 4706 circumferas
580 4645 775 4702 multos
819 4661 1008 4716 greges
1055 4645 1466 4715 mancipiorum,
1510 4645 1759 4700 nesciens

172 4739 399 4808 quidem
439 4738 542 4793 hoc
567 4751 687 4794 esse
723 4737 866 4805 quod
905 4746 957 4792 te
984 4739 1216 4792 maximo
1258 4736 1426 4792 afficit
1453 4735 1762 4794 dedecore?

176 4829 474 4900 Propterea
501 4829 646 4886 enim
671 4827 819 4884 dedit
848 4828 1000 4883 nobis
1021 4830 1162 4884 Deus
1184 4836 1241 4884 et
1268 4843 1456 4882 manus
1496 4837 1550 4887 ct
1576 4830 1761 4898 pedes,

176 4937 243 4976 ne
274 4936 416 4994 opus
446 4920 767 4977 haberemus
796 4918 1024 4973 famulis.
1065 4919 1251 4989 Neque
1294 4919 1440 4976 enim
1486 4933 1573 4985 eo,
1617 4922 1758 4987 quod

177 5023 326 5070 esset
355 5028 516 5084 opus,
548 5011 909 5068 introductum
935 5011 1032 5066 fuit
1054 5027 1221 5080 genus
1246 5009 1601 5075 famulorum;
1636 5026 1758 5066 nam

177 5106 385 5176 alioqui
415 5119 539 5161 cum
570 5103 777 5158 Adamo
805 5109 1016 5156 creatus
1048 5101 1235 5157 fuisset
1263 5102 1489 5157 famulus
1514 5116 1530 5165 ;
1561 5101 1655 5156 sed
1683 5109 1765 5155 est

177 5213 344 5271 piens
370 5197 578 5272 peccati
603 5205 658 5253 et
685 5194 885 5250 mulcta
903 5192 1294 5250 inobedientite.
1320 5191 1563 5251 Christus
1587 5200 1765 5248 autem

3301 228 3410 285 '5'“

1828 358 1949 398 enm
1980 342 2304 408 advenisset,
2337 342 2438 397 hoc
2466 355 2680 411 quoque
2716 339 2877 395 solvit
2910 339 3088 396 :Nam
3116 342 3170 395 in
3212 340 3416 397 Chiin

1828 431 1956 489 Iesu
1977 450 2078 489 non
2108 444 2181 489 est
2219 450 2394 489 servus
2420 449 2579 502 neque
2603 433 2728 487 liber
2757 432 2955 503 (Galat.
2986 435 3049 490 3-
3071 433 3189 505 28).
3219 434 3418 502 Quam-

1831 524 2018 579 obrem
2049 540 2155 578 non
2183 532 2266 578 est
2289 538 2510 578 necesse
2537 523 2734 578 habere
2757 537 2972 578 servum
2999 542 3013 579 :
3039 526 3085 580 si
3115 534 3292 580 autem
3317 540 3418 579 ne-

1830 630 1985 670 cesse
1999 625 2102 679 est,
2127 631 2312 678 unum,
2341 623 2438 668 aut
2459 614 2746 683 plurimum
2764 615 2919 671 duos.
2942 615 3081 684 Quid
3107 615 3208 670 sibi
3230 616 3415 672 volunt

1831 707 2077 762 examina
2099 705 2502 760 ministrorum?
2522 705 2654 759 Nam
2681 707 2821 760 sicut
2845 708 2933 774 qui
2955 707 3191 761 vendunt
3211 721 3338 763 oves
3361 716 3419 762 et

1834 799 1922 866 qni
1949 811 2172 866 corpora
2217 805 2616 866 cauponantur;
2650 796 2720 854 ita
2762 797 2817 851 in
2861 798 3077 863 balneo,
3109 799 3182 852 ita
3215 799 3270 854 in
3298 800 3418 853 foro

1835 889 2132 959 procedunt
2175 898 2228 944 et
2272 889 2474 944 obeunt
2501 889 2716 944 divites.
2759 889 2866 945 Sed
2907 905 3118 945 summo
3141 891 3262 960 jure
3307 907 3418 946 non

1835 995 1935 1050 ago
1962 998 1978 1037 :
2006 981 2077 1036 sit
2101 979 2192 1035 tibi
2213 981 2372 1034 etiam
2393 979 2664 1035 secundus
2689 979 2970 1035 minister:
2999 980 3044 1035 si
3068 991 3246 1037 autem
3269 983 3414 1036 mul-

1838 1083 1923 1130 tos
1948 1086 2265 1144 congregas,
2297 1087 2403 1126 non
2433 1072 2534 1127 hoc
2552 1071 2686 1127 facis
2711 1072 3051 1142 benignitatis
3080 1082 3136 1128 et
3163 1073 3416 1127 humani-

1839 1169 1962 1223 tatis
1999 1181 2182 1232 causa,
2225 1165 2321 1221 sed
2361 1166 2469 1220 tuis
2510 1166 2752 1222 serviens
2793 1165 3019 1220 deliciis.
3050 1165 3184 1220 Nam
3230 1165 3276 1220 si
3315 1166 3419 1222 hoc

1837 1260 1969 1316 facis
1989 1273 2174 1313 eorum
2195 1272 2379 1313 curam
2402 1271 2616 1328 gerens,
2640 1258 2693 1312 in
2717 1266 2810 1312 tuo
2834 1257 3132 1311 ministerio
3155 1257 3422 1312 neminem

1837 1368 2091 1424 occupes,
2121 1354 2217 1410 sed
2267 1369 2389 1409 cum
2435 1352 2634 1407 emeris
2671 1360 2726 1406 et
2766 1359 2910 1406 artes
2941 1351 3190 1405 docueris
3219 1359 3277 1404 ut
3321 1351 3426 1406 sibi

1838 1445 2109 1500 sufﬁciant
2137 1445 2205 1500 ad
2235 1445 2432 1500 victum
2463 1442 2780 1514 parandum,
2809 1457 2903 1496 eos
2929 1441 3263 1496 manumitte.
3291 1439 3424 1496 Cum

1839 1547 2018 1593 autem
2047 1535 2228 1608 ﬂagris
2269 1536 2467 1602 credas,
2515 1550 2637 1590 cum
2685 1535 2737 1589 in
2765 1534 2978 1589 vincula
3007 1534 3283 1602 conjicias,
3317 1550 3426 1589 non

1827 1641 1924 1686 est
1952 1631 2135 1700 utique
2160 1643 2296 1700 opus
2319 1628 2422 1683 hoc
2461 1627 2829 1681 humanitatis.
2861 1625 2930 1680 Et
2957 1625 3070 1680 scio
3096 1625 3312 1695 quidem
3341 1641 3428 1680 me

1840 1738 1962 1778 esse
1987 1723 2272 1777 molestum
2307 1719 2640 1776 auditoribus
2675 1719 2809 1774 :sed
2839 1717 2968 1788 quid
3011 1718 3205 1788 agam?
3237 1718 3292 1774 In
3324 1719 3429 1775 hoc

1842 1815 2046 1885 positus
2085 1829 2228 1880 sum,
2273 1829 2450 1884 neque
2495 1812 2720 1867 cessabo
2749 1811 2866 1866 hare
2903 1811 3107 1878 dicere,
3154 1813 3268 1867 sive
3297 1814 3427 1882 quid

1845 1908 2128 1978 profecere
2172 1909 2288 1963 sive
2318 1922 2447 1962 non.
2478 1905 2617 1972 Quid
2645 1905 2789 1961 enim
2820 1904 2922 1960 sibi
2953 1904 3065 1958 vult
3095 1906 3146 1958 in
3178 1905 3294 1958 foro
3333 1921 3428 1959 sn-

1842 2003 2008 2073 perbe
2037 2001 2324 2058 incedere?
2347 2014 2474 2054 num
2502 1999 2640 2052 inter
2667 1997 2809 2052 feras
2850 1996 3115 2062 ambulas,
3147 1997 3289 2066 quod
3329 1997 3430 2051 ob-

1842 2097 1962 2151 vios
1989 2095 2266 2164 expellas?
2308 2094 2385 2148 Ne
2431 2094 2653 2157 timeas;
2701 2090 2880 2144 nullus
2914 2098 2963 2143 te
2995 2089 3203 2143 mordet
3243 2105 3432 2144 eorum

1843 2189 1934 2259 qui
1971 2187 2254 2251 accedunt,
2297 2195 2351 2241 et
2380 2199 2546 2255 prope
2588 2193 2638 2237 te
2681 2182 3020 2252 gradiuntur.
3068 2182 3137 2235 At
3182 2182 3432 2251 injuriam

1845 2278 2122 2334 existimas
2147 2277 2308 2334 simul
2334 2275 2586 2332 incedere
2608 2290 2729 2329 cum
2759 2272 3046 2328 omnibus?
3075 2273 3142 2328 Et
3167 2289 3324 2344 quam
3353 2284 3436 2330 est

1847 2374 1950 2429 hoc
2007 2376 2277 2438 insanum,
2332 2387 2491 2443 quam
2539 2371 2927 2442 prodigiosum,
2968 2385 3164 2440 equum
3212 2368 3431 2439 quidem

1847 2481 2014 2535 prope
2056 2474 2372 2534 sequentem
2401 2479 2505 2517 non
2535 2463 2848 2517 existimare
2894 2461 3086 2516 afferre
3136 2461 3431 2531 injuriam;

1850 2554 2119 2608 hominem
2150 2564 2349 2616 autem,
2381 2553 2483 2607 nisi
2514 2553 2693 2606 multis
2724 2553 2968 2622 abigatur
2997 2551 3204 2616 stadiis,
3238 2563 3431 2620 putare

1850 2647 2116 2702 dedecore
2141 2646 2392 2702 afficere?
2418 2645 2555 2713 Quid
2583 2660 2712 2701 vero
2739 2645 2966 2700 famulos
2996 2643 3161 2699 habes
3191 2644 3431 2710 lictores,

1851 2739 2034 2792 liberis
2066 2748 2221 2792 utens
2269 2746 2544 2805 tamquam
2575 2737 2781 2799 servis;
2815 2738 2921 2789 imo
2946 2749 3075 2788 vero
3103 2735 3218 2802 ipse
3248 2734 3438 2804 quovis

1850 2844 2008 2885 servo
2036 2830 2220 2884 vivens
2265 2826 2708 2896 ignominiosius?
2751 2837 2834 2880 est
2875 2826 3017 2880 enim
3048 2825 3238 2894 quovis
3277 2840 3439 2879 servo

1851 2920 2009 2974 vilior
2047 2926 2103 2975 et
2153 2919 2560 2988 ignominiosior
2610 2918 2698 2986 qui
2753 2927 2954 2970 tantum
3004 2913 3313 2970 circumfert
3350 2916 3434 2970 fa~

1853 3021 2015 3065 stum.
2043 3005 2336 3082 Propterea
2363 3025 2464 3066 nec
2493 3025 2672 3063 veram
2696 3008 2952 3062 videbunt
2988 3008 3311 3072 libertatem,
3341 3010 3432 3078 qui

1851 3117 1912 3158 se
1953 3103 2076 3158 huic
2114 3103 2262 3172 gravi
2307 3102 2470 3156 animi
2501 3102 2632 3155 vitio
2660 3101 3049 3168 manciparunt.
3094 3101 3150 3155 Si
3180 3102 3321 3154 enim
3357 3103 3438 3156 vis

1853 3195 2143 3264 expellere,
2185 3193 2525 3263 superbeque
2563 3199 2618 3246 et
2658 3191 2938 3257 magnifice
2990 3191 3259 3256 incedere,
3323 3207 3430 3245 non

1854 3285 2192 3352 accedentes,
2234 3283 2330 3338 sed
2365 3283 2558 3336 fastum
2603 3283 2845 3349 expelle;
2885 3296 2988 3334 non
3019 3297 3113 3350 per
3154 3281 3433 3350 famulum,

1855 3375 1948 3429 sed
1971 3389 2068 3444 per
2088 3376 2344 3444 teipsum;
2371 3388 2474 3425 non
2495 3373 2596 3425 hoc
2616 3372 2848 3439 ﬂagello.
2882 3370 2976 3424 sed
2999 3373 3284 3438 Spirituali.
3309 3372 3439 3426 Nam

1856 3481 2000 3519 nunc
2031 3465 2246 3534 quidem
2275 3462 2506 3518 famulus
2549 3471 2674 3515 tuus
2714 3460 2941 3528 expellit
2990 3475 3082 3513 eos
3128 3462 3220 3529 qui
3263 3471 3437 3516 tecum

1857 3558 2152 3621 incedunt;
2187 3563 2240 3609 te
2266 3563 2442 3610 autem
2473 3553 2540 3606 ab
2567 3552 2678 3606 alto
2704 3551 3004 3620 arrogantia
3034 3551 3187 3621 pellit
3216 3555 3439 3622 turpius,

1856 3664 2014 3719 quam
2045 3647 2274 3702 famulus
2300 3647 2626 3715 proximum.
2657 3645 2713 3698 Si
2742 3655 2921 3697 autem
2949 3644 3016 3697 ab
3045 3659 3184 3713 equo
3214 3645 3439 3699 (lescen-

1856 3741 1992 3795 dens
2015 3754 2133 3793 eam
2154 3737 2398 3807 abegeris
2425 3751 2524 3807 per
2553 3735 2930 3799 humilitatem,
2963 3736 3123 3790 altius
3147 3737 3359 3792 sedebis
3386 3749 3440 3794 et

1858 3833 1912 3888 in
1957 3831 2149 3902 majori
2193 3829 2398 3885 honore
2441 3830 2669 3896 teipsuin
2717 3827 3032 3893 conStitues,
3084 3827 3150 3882 ad
3191 3828 3292 3883 hoc
3335 3845 3441 3886 non

1857 3938 1993 3994 opus
2035 3924 2238 3978 habens
2275 3919 2494 3977 famulo.
2525 3918 2750 3987 Quando
2793 3919 2934 3974 enim
2977 3921 3251 3974 modestus
3293 3920 3438 3975 humi

1859 4014 2098 4081 incedes,
2122 4011 2336 4070 sedebis
2357 4013 2410 4066 in
2435 4026 2598 4066 curru
2626 4009 2959 4074 humilitatis,
2980 4011 3068 4081 qui
3099 4020 3151 4066 te
3181 4013 3231 4066 in
3254 4014 3441 4068 carlum

1860 4107 2021 4172 tollit,
2049 4105 2135 4175 qui
2167 4118 2334 4174 equos
2364 4103 2526 4157 habet
2550 4101 2723 4156 alatos
2757 4119 2771 4155 :
2804 4102 2886 4155 sin
2917 4113 3095 4155 autem
3139 4103 3206 4156 ab
3233 4103 3323 4156 illo
3349 4119 3437 4157 ce-

1860 4201 2075 4266 cideris,
2117 4207 2174 4253 et
2216 4199 2267 4251 in
2308 4196 2628 4266 arrogantiae
2670 4209 2886 4248 currum
2930 4195 3226 4259 transieris,
3273 4195 3444 4249 nihilo

1862 4291 2052 4346 melius
2081 4288 2329 4343 afficieris
2354 4301 2514 4357 quam
2542 4293 2818 4353 serpentes
2854 4283 2999 4336 humi
3033 4293 3302 4351 repentes,
3337 4285 3446 4338 imo

1865 4398 1994 4437 vero
2039 4381 2209 4436 multo
2237 4379 2397 4433 vilius
2423 4387 2478 4432 et
2507 4375 2884 4430 miserabilius.
2913 4372 3044 4427 Nam
3083 4373 3202 4428 illos
3232 4375 3442 4444 quidem

1864 4478 1940 4530 sic
1970 4483 2182 4546 reptare
2209 4472 2352 4542 cogit
2370 4469 2637 4524 mutilatio
2657 4467 2921 4534 corporis,
2947 4474 2996 4519 te
3023 4473 3199 4519 autem
3229 4467 3448 4520 morbus

1866 4567 2203 4635 arrogantiae.
2239 4561 2420 4618 Omnis
2445 4563 2586 4616 enim
2616 4560 2701 4630 qui
2729 4575 2782 4614 se
2805 4557 3022 4624 extollit,
3055 4559 3245 4627 inquit,
3279 4559 3446 4611 Immi-

1868 4657 2070 4710 liabitur
2114 4654 2331 4725 (Matth.
2358 4651 2598 4722 25.19.).
2646 4650 2724 4706 Ne
2772 4665 2901 4720 ergo
2941 4649 3306 4717 humilieinur,
3349 4651 3443 4704 sed

1868 4750 2208 4817 extollantur,
2237 4749 2514 4802 veniamus
2537 4746 2603 4800 ad
2633 4745 2775 4799 illam
2801 4744 3155 4798 altitudinem.
3185 4744 3272 4797 Sic
3301 4745 3444 4797 enim

1869 4843 2200 4897 inveniemus
2254 4841 2451 4895 nostris
2506 4838 2698 4891 animis
2759 4839 3013 4906 quietem,
3064 4837 3454 4890 convenienter

1870 4935 2051 4988 divino
2089 4933 2329 4998 oraculo,
2376 4944 2672 4998 verumque
2721 4938 2777 4982 et
2824 4929 3141 4982 altissimum
3191 4928 3452 4981 honorem

1871 5040 2301 5095 consequemur:
2332 5037 2492 5091 quem
2537 5021 2691 5074 detur
2733 5019 2889 5074 nobis
2930 5019 3177 5074 omnibus
3216 5021 3451 5088 assequi,

1872 5119 2039 5188 gratia
2066 5125 2121 5172 et
2145 5115 2491 5185 benignitate,
2521 5119 2625 5165 etc.
