4018 6156
516 273 626 327 355

1215 260 1279 317 s.
1310 254 1598 316 ‘JOANNIS
1628 248 2100 310 cunvsosroni
2138 243 2454 303 metuar.
2495 243 3029 303 CONSTANTINOP.
3697 255 3816 313 355

517 401 2501 441 __________________________..__.________

1829 477 2179 540 HOMILIA
2223 474 2384 535 XLI.

519 646 647 702 CAP.
679 645 765 700 1-5.
797 659 848 696 ν.
877 642 966 698 55.
991 640 1097 700 Sed
1119 638 1251 694 dicet
1288 635 1472 706 aliquis
1501 632 1807 701 :Quomodo
1831 635 2100 699 resurgunt

592 737 778 791 mortui
792 737 818 791 7
840 735 978 804 quali
1006 741 1174 786 autem
1200 745 1412 798 corpore
1434 725 1678 780 veniunt?
1701 723 1790 779 56.
1825 721 1850 776 Ι
1857 723 2098 791 nsipiens,

592 838 647 882 tu
674 829 810 898 quod
833 827 1072 890 seminus,
1096 839 1199 878 non
1220 823 1522 888 viviﬁcatur,
1546 817 1644 871 nisi
1668 817 1810 883 prius
1837 813 2102 866 moriatur.

597 921 649 976 1.
692 921 824 974 Cum
852 919 1046 988 ubique
1083 916 1227 970 mitis
1251 924 1304 970 el.
1333 913 1548 966 humilis
1584 910 1654 964 sit
1678 907 1986 978 Apostolus,
2017 905 2103 959 hic

523 1011 716 1067 acriori
748 1010 912 1063 utitur
936 1009 1198 1072 oratione,
1228 1012 1446 1074 propter
1493 999 1876 1056 absurditatem
1908 1011 2099 1051 eorum

523 1103 616 1172 qui
641 1098 1099 1155 contradicebant.
1127 1095 1312 1166 Neque
1339 1104 1514 1148 tamen
1558 1099 1641 1146 est
1665 1088 1766 1142 hoc
1795 1095 2104 1153 contentus,

525 1193 622 1247 sed
644 1200 698 1245 et
732 1193 970 1245 rationes
994 1187 1212 1242 adducit
1234 1194 1290 1241 et
1319 1183 1583 1253 exempla,
1611 1196 1676 1236 ea
1707 1181 1915 1234 ratione
1943 1178 2104 1232 etiam

525 1297 790 1352 quemque
815 1279 971 1334 valde
995 1276 1388 1333 contentiosum
1416 1273 1737 1342 reprimens.
1763 1269 1833 1324 Et
1860 1268 2107 1337 superius

527 1373 744 1443 quidem
773 1371 902 1425 dicit
933 1387 946 1423 :
981 1368 1234 1436 Quoniam
1260 1382 1347 1436 per
1371 1365 1624 1418 hominem
1645 1378 1800 1424 mors,
1828 1370 1874 1414 et
1903 1375 1995 1429 per
2019 1357 2110 1412 lto-

528 1463 716 1516 minem
752 1461 1050 1514 resurrectio
1077 1474 1097 1512 :
1126 1458 1211 1510 hic
1239 1470 1366 1510 vero
1411 1453 1573 1508 solvit
1599 1451 1962 1521 objectionem
1987 1463 2110 1518 quas

528 1555 689 1608 liebat
715 1568 744 1605 a
766 1551 1034 1623 gentibus.
1070 1548 1200 1602 Vide
1224 1556 1404 1600 autem
1432 1558 1620 1598 rursus
1649 1541 1922 1612 quomodo
1950 1539 2110 1594 dimi-

529 1654 659 1698 nuat
684 1641 1076 1697 vehementiam
1129 1635 1586 1706 reprehensionis.
1617 1632 1732 1688 Non
1757 1632 1894 1686 dixit
1939 1631 2104 1695 enim,

534 1735 642 1790 Sed
673 1733 901 1788 fortasse
938 1730 1160 1794 dicetis;
1193 1727 1288 1782 sed
1314 1742 1435 1781 eum
1462 1725 1551 1794 qui
1582 1721 1904 1778 contradicit
1933 1720 2112 1790 posuit

534 1826 830 1892 indefinite,
863 1839 929 1879 ne
958 1825 1128 1877 libere
1153 1829 1207 1876 et
1233 1821 1441 1874 acriore
1468 1827 1626 1872 utens
1652 1816 1916 1880 oratione,
1950 1812 2106 1868 audi-

536 1927 683 1972 tores
713 1915 869 1972 valde
895 1914 1233 1985 percelleret.
1268 1911 1424 1966 Ponit
1447 1918 1627 1964 autem
1649 1907 1782 1962 duas
1809 1906 2104 1963 dubitatio-

533 2024 651 2075 nes,
683 2008 827 2063 modi
865 2004 1277 2062 resurrecﬁonis
1320 2011 1376 2058 et
1401 1999 1672 2070 qualitatis
1697 2012 2005 2068 corporum.
2036 1997 2114 2051 De

533 2101 778 2168 utrisque
802 2098 945 2153 enim
981 2095 1295 2151 dubitabant
1321 2093 1562 2148 dicentes
1589 2106 1607 2147 :
1638 2090 1918 2156 Quomodo
1943 2088 2116 2143 susci-

533 2201 676 2246 tatur
698 2189 750 2244 id
766 2188 907 2259 quod
925 2195 1008 2242 est
1033 2185 1388 2241 dissolutum?
1415 2193 1492 2250 et,
1518 2182 1632 2250 Quo
1650 2197 1861 2252 corpore
1876 2179 2116 2234 veniunt?

533 2283 671 2353 Quid
695 2292 777 2337 est
805 2289 1006 2344 autem,
1041 2278 1153 2345 Quo
1183 2276 1431 2346 corpore?
1451 2274 1654 2343 Nempe
1684 2273 1786 2327 hoc
1808 2271 1950 2343 quod
1979 2271 2118 2326 inte-

535 2375 646 2439 riit,
674 2370 814 2441 quod
843 2369 1019 2439 periit,
1061 2383 1130 2422 an
1171 2367 1352 2436 aliquo
1389 2365 1538 2420 alio?
1569 2364 1776 2419 Deinde
1820 2361 2115 2417 ostendens

537 2463 681 2535 quod
721 2475 826 2516 non
857 2465 1101 2528 quaerant
1128 2473 1212 2522 ea,
1246 2455 1315 2511 de
1344 2455 1534 2525 quibus
1573 2455 1863 2519 dubitatur,
1911 2453 2009 2509 sed
2052 2466 2116 2506 ea

539 2570 658 2625 qua:
687 2553 738 2606 in
779 2551 1028 2605 confesso
1055 2556 1200 2613 sunt,
1245 2547 1421 2601 acrius
1448 2544 1685 2602 occurrit
1712 2543 1897 2599 dicens
1933 2560 1947 2596 :
1975 2540 2118 2594 Insi-

539 2647 704 2716 piens,
732 2653 785 2696 tu
812 2641 948 2712 quod
975 2640 1217 2706 seminus,
1259 2655 1360 2692 non
1389 2637 1692 2704 uiuiﬁcatur,
1721 2635 1821 2690 nisi
1860 2642 2119 2687 mortuum

542 2739 714 2809 fuerit.
745 2733 897 2802 Quod
929 2748 1026 2788 nos
1053 2745 1265 2802 quoque
1289 2727 1524 2785 solemus
1554 2729 1728 2784 facere
1753 2742 1880 2798 erga
1895 2741 2003 2782 eos
2029 2727 2120 2796 qui

541 2827 917 2884 contradicunt
945 2826 1011 2880 iis
1035 2825 1102 2880 de
1129 2823 1322 2893 quibus
1368 2830 1598 2878 constat.
1631 2821 1698 2876 Et
1734 2836 1830 2876 cur
1868 2835 1976 2874 non
2007 2827 2122 2873 sta-

545 2922 643 2976 tim
692 2920 932 2990 confugit
975 2917 1044 2973 ad
1087 2917 1181 2972 Dei
1223 2913 1576 2985 potestatem?
1619 2912 1882 2982 Quoniam
1909 2911 2126 2968 disserit

545 3027 671 3068 cum
700 3009 1006 3064 inﬁdelibus
1035 3025 1048 3061 :
1080 3023 1202 3062 nam
1231 3005 1444 3077 quando
1471 3006 1633 3061 verba
1660 3005 1790 3060 facit
1814 2999 1957 3074 apud
1985 3003 2121 3060 fide-

546 3107 648 3172 les,
698 3118 805 3158 non
847 3100 1138 3156 admodum
1186 3113 1321 3169 Opus
1368 3098 1530 3153 habet
1571 3097 1886 3152 ratiociniis.
1930 3096 2125 3164 Quam-

546 3198 732 3252 obrem
754 3209 876 3250 cum
902 3193 1025 3248 alibi
1046 3191 1292 3258 dixisset,
1318 3190 1722 3260 Transﬁgurabit
1746 3205 1932 3259 corpus
1957 3189 2126 3242 humi-

548 3291 707 3345 litatis
743 3297 939 3355 vestrm,
969 3297 1025 3339 ut
1051 3285 1115 3339 sit
1142 3285 1462 3354 configurata
1498 3281 1699 3353 corpori
1742 3281 1988 3336 claritatis
2022 3296 2128 3335 suto

548 3381 812 3452 (Philipp.
844 3381 899 3434 3.
928 3376 1045 3448 2i),
1067 3384 1124 3432 et
1140 3375 1466 3431 ostendisset
1494 3374 1696 3444 aliquid
1716 3373 1948 3443 amplius
1967 3388 2128 3443 quam

546 3475 618 3527 sit
665 3469 1022 3533 resurrectio;
1056 3482 1161 3521 non
1193 3466 1372 3537 posuit
1395 3465 1664 3534 exempla,
1710 3463 1808 3520 sed
1835 3479 1934 3534 pro
1976 3463 2126 3518 omni

547 3563 1003 3621 demonstratione
1027 3559 1122 3616 Dei
1148 3567 1468 3629 potestatem
1518 3557 1744 3613 adduxit
1770 3557 1824 3611 in
1870 3555 2126 3622 medium,

552 3657 758 3712 addens
801 3663 856 3710 et
900 3654 1128 3708 dicens:
1159 3651 1452 3706 Secundum
1499 3650 1845 3719 operationem
1889 3651 1999 3720 ejus
2043 3649 2130 3719 qui

553 3749 710 3819 possit
734 3745 978 3814 subjicere
999 3742 1094 3796 sibi
1119 3742 1312 3795 omnia.
1335 3741 1431 3794 llic
1453 3750 1630 3796 autem
1658 3740 1934 3794 ratiocinia
1958 3740 2127 3808 ponit.

550 3837 686 3892 Nam
731 3834 982 3903 quoniam
1033 3831 1135 3885 hoc
1157 3830 1505 3885 confirmavit
1551 3847 1616 3885 ex
1663 3829 1972 3900 Scripturis,
2015 3829 2132 3885 lucc

556 3943 769 3998 quoque
793 3923 942 3980 addit
968 3938 1030 3978 ex
1059 3923 1384 3977 abundantia
1410 3938 1536 3992 erga
1566 3938 1660 3977 eos
1685 3925 1775 3992 qui
1805 3940 1911 3978 non
1939 3933 2133 3992 parent

559 4017 868 4090 Scripturis,
917 4025 969 4070 et
991 4014 1119 4069 dicit
1151 4032 1163 4068 :
1201 4012 1470 4083 (nsipiens.
1495 4023 1547 4066 tu
1575 4015 1710 4082 quod
1753 4016 1990 4068 seminus.
2020 4013 2135 4068 Hoc

556 4120 658 4176 est,
689 4109 840 4179 Apud
867 4109 1092 4177 teipsum
1122 4105 1310 4159 horum
1338 4105 1502 4159 habes
1529 4104 1918 4174 probationem,
1950 4121 2045 4174 per
2072 4121 2134 4161 ea

560 4221 682 4278 qua:
718 4204 848 4258 facis
872 4200 1130 4272 quoﬁdie,
1173 4208 1227 4253 et
1256 4197 1432 4252 adhuc
1475 4197 1738 4266 ambigis?
1762 4196 2054 4268 Propterea
2085 4209 2137 4254 te

561 4313 696 4353 voco
741 4294 1104 4364 insipientem,
1137 4288 1278 4360 quod
1325 4289 1536 4359 ignores
1585 4304 1650 4344 ea
1688 4303 1809 4359 qua:
1853 4303 1884 4342 a
1916 4297 1969 4344 te
2005 4290 2139 4343 ﬁunt

563 4387 834 4461 quotidie;
880 4393 1082 4439 etcum
1128 4381 1245 4451 ipse
1281 4381 1355 4433 sis
1382 4379 1560 4449 Opifex
1603 4379 2040 4444 resurrectionis,
2070 4379 2136 4433 de

563 4482 676 4536 Deo
713 4478 942 4533 dubitas.
982 4474 1271 4543 Propterea
1317 4485 1437 4526 cum
1467 4485 1656 4541 magna
1685 4471 1821 4526 dixit
1869 4470 2134 4541 emphasi,

567 4570 646 4623 Tu
666 4567 800 4638 quod
827 4565 1043 4619 seminus
1070 4579 1088 4617 :
1114 4572 1169 4617 tu
1201 4563 1290 4632 qui
1317 4577 1376 4616 es
1403 4563 1644 4617 mortalis
1671 4572 1724 4617 et
1745 4564 1906 4632 peris.
1933 4563 1998 4617 Et
2022 4563 2141 4618 vide

570 4657 837 4731 quomodo
869 4665 1046 4710 utatur
1071 4654 1390 4710 dictionibus
1416 4653 1652 4722 subjecto
1679 4665 1993 4724 argumento
2014 4670 2144 4711 con-

569 4746 905 4821 gruentibus.
945 4743 1067 4797 Non
1107 4746 1389 4814 vivi/icatur
1434 4743 1598 4810 enim,
1633 4745 1821 4815 inquit,
1867 4747 1966 4799 nisi
2002 4763 2143 4800 mor-

570 4852 713 4894 tuum
741 4837 913 4910 fuerit.
947 4835 1183 4904 Propriis
1231 4837 1374 4890 enim
1404 4837 1666 4890 seminum
1713 4837 1918 4892 relictis
1948 4839 2142 4894 dictio-

570 4932 748 4995 nibus,
782 4941 972 4996 nempe
993 4926 1278 4996 germinat,
1307 4927 1544 4995 pullulat,
1577 4931 1839 4997 putrescit
1865 4939 1919 4986 et
1947 4931 2144 4986 dissol-

575 5027 756 5091 vitur;
801 5021 1072 5092 adaptavil.
1100 5035 1192 5074 eas
1219 5037 1336 5089 qua:
1365 5024 1511 5075 carni
1561 5035 1755 5077 nostra:
1800 5025 2142 5089 conveniunt,

573 5129 768 5183 nempe
802 5111 1101 5182 Vivificatur
1148 5119 1204 5166 et
1248 5110 1508 5164 Mortuum
1535 5113 1706 5182 fuerit,
1746 5114 1888 5183 quod
1930 5114 2148 5182 quidem

577 5222 683 5261 non
713 5213 796 5260 est
820 5207 1091 5274 proprium
1132 5205 1416 5268 seminum,
1461 5203 1554 5258 sed
1594 5219 1901 5274 corporum.
1936 5206 2002 5260 Et
2043 5221 2150 5259 non

574 5297 756 5352 dixit:
791 5296 1078 5364 Postquam
1121 5306 1388 5349 mortuum
1438 5296 1615 5358 fuerit.
1649 5297 1812 5361 vivit;
1847 5298 1961 5362 sed,
2008 5297 2150 5367 quod

575 5397 659 5443 est
701 5387 895 5456 majus,
924 5397 1203 5456 propterea
1232 5388 1378 5452 vivit,
1412 5388 1663 5456 quoniam
1710 5391 1954 5442 moritur.
1989 5388 2153 5444 Vides

575 5483 739 5554 quod,
778 5483 916 5534 sicut
960 5480 1266 5549 frequenter
1294 5481 1434 5546 dico,
1469 5483 1762 5536 orationem
1795 5498 2008 5552 semper
2034 5499 2154 5537 ver-

577 5587 653 5632 tat
699 5559 766 5630 ini
800 5575 1147 5629 contrarium.
1198 5573 1348 5643 Quod
1377 5576 1520 5630 enim
1568 5576 1643 5629 illi
1692 5592 1796 5630 non
1837 5578 2155 5648 resurgendi

579 5667 883 5724 statuebant
909 5680 1030 5724 esse
1067 5666 1347 5745 indicium,
1393 5666 1495 5722 hoc
1522 5667 1648 5722 facit
1690 5682 1808 5724 esse
1838 5678 2037 5726 certam
2070 5686 2158 5725 re-

2213 623 2460 694 surgendi
2488 625 2998 684 demonstrationem
3028 645 3044 684 :
3077 629 3328 684 dicebant
3374 629 3520 686 enim
3555 645 3664 690 non
3709 649 3809 690 re-

2211 729 2452 784 surgere,
2483 718 2738 786 quoniam
2763 727 2848 774 est
2876 729 3168 774 mortuum.
3198 721 3337 788 Quid
3364 730 3546 777 autem
3573 726 3810 794 opponit

2211 805 2344 859 ille?
2367 807 2528 876 Atqui
2550 809 2595 862 si
2614 824 2720 863 non
2741 819 2885 864 esset
2908 821 3201 878 mortuum,
3233 828 3340 868 non
3371 816 3802 871 resurrexisset:

2211 905 2266 950 et
2293 908 2572 967 propterea
2603 902 2850 971 resurgit,
2899 904 3149 972 quoniam
3194 912 3280 958 est
3320 917 3613 960 mortuum.
3646 907 3806 963 Sicut

2212 991 2356 1046 enim
2395 992 2643 1048 Christus
2687 996 2924 1064 apertius
2972 996 3025 1050 id
3068 997 3244 1065 ipsum
3288 1000 3547 1063 ostendit.
3581 1002 3800 1070 dicens,

2216 1079 2445 1136 Granum
2471 1086 2734 1154 frumenti,
2773 1087 2816 1139 si
2855 1088 3042 1140 cadens
3078 1089 3131 1140 in
3165 1097 3351 1142 terram
3391 1107 3493 1144 non
3538 1103 3804 1148 mortuum

2214 1175 2387 1244 fuerit,
2412 1175 2581 1242 ipsum
2610 1177 2771 1230 solum
2792 1188 2958 1232 manet
2986 1193 3006 1230 :
3033 1179 3113 1232 sin
3134 1189 3302 1232 autem
3329 1192 3584 1236 mortuum
3613 1186 3801 1252 fuerit.

2213 1265 2429 1319 multum
2468 1265 2689 1336 fructum
2728 1266 2877 1334 affert
2924 1266 3104 1338 (Joan.
3135 1270 3239 1333 ΑΞ.
3268 1270 3365 1335 24)
3395 1288 3410 1322 :
3435 1272 3584 1328 illinc
3628 1276 3798 1329 etiam

2215 1355 2412 1411 Paulus
2458 1357 2679 1413 trahens
2723 1360 3065 1429 exemplum,
3115 1376 3220 1416 non
3269 1362 3591 1419 dixit:Non
3637 1365 3796 1432 vivit,

2214 1449 2333 1513 sed,
2362 1449 2486 1503 Non
2526 1451 2846 1518 uiviﬁcatur;
2891 1465 3078 1506 rursus
3107 1452 3203 1507 Dei
3250 1468 3529 1509 assumens
3556 1464 3799 1526 potesta-

2215 1549 2346 1602 tem,
2373 1550 2430 1595 et
2456 1542 2747 1596 ostendens
2771 1542 2916 1612 quod
2956 1559 3067 1598 non
3112 1553 3304 1598 natura
3337 1554 3514 1613 terrae,
3549 1550 3647 1603 sed
3677 1550 3799 1618 ipse

2217 1631 2528 1687 universum
2555 1641 2828 1701 operatur.
2862 1633 2928 1688 Et
2965 1649 3063 1688 cur
3087 1651 3193 1689 non
3222 1636 3442 1693 adduxit
3475 1639 3529 1692 in
3556 1640 3798 1695 medium

2215 1720 2270 1776 id
2293 1723 2434 1791 quod
2464 1731 2580 1777 erat
2607 1724 3012 1780 convenientius
3055 1735 3110 1780 et
3155 1728 3324 1796 magis
3356 1731 3654 1798 proprium,
3704 1747 3797 1786 sea

2215 1827 2359 1877 men,
2403 1813 2640 1883 inquam,
2675 1814 3005 1872 humanum?
3033 1831 3156 1870 nam
3187 1827 3336 1873 ortus
3361 1834 3576 1890 quoque
3615 1832 3804 1878 noster

2215 1902 2406 1973 incipit
2428 1919 2459 1957 a
2488 1907 2834 1975 corruptione
2853 1908 2991 1962 sicut
3014 1919 3068 1964 et
3096 1905 3363 1965 frumenti.
3391 1911 3662 1980 Quoniam
3689 1931 3797 1970 non

2217 1994 2481 2050 sunthaec
2509 1999 2678 2065 paria,
2719 1999 2815 2054 sed
2843 2000 2944 2055 hoc
2969 2011 3052 2056 est
3076 2002 3268 2073 majus.
3297 2003 3499 2069 Quaerit
3524 2007 3673 2060 enim
3702 2009 3802 2062 ali-

2215 2086 2346 2155 quid
2378 2087 2660 2158 integrum,
2694 2091 2836 2160 quod
2861 2104 3269 2164 corrumpatur;
3302 2096 3431 2153 illud
3457 2106 3640 2153 autem
3671 2115 3793 2169 pars

2219 2184 2338 2230 erat
2369 2195 2380 2230 :
2408 2179 2756 2248 quamobrem
2798 2181 2901 2236 hoc
2948 2183 3100 2238 affert
3146 2185 3203 2240 in
3247 2187 3510 2244 medium.
3553 2190 3803 2261 Alioquin

2217 2276 2397 2323 autem
2439 2269 2568 2324 illud
2604 2270 2817 2340 quidem
2847 2274 3089 2342 procedit
3132 2289 3162 2329 a
3193 2276 3432 2344 vivente,
3479 2289 3534 2335 et
3585 2281 3640 2335 in
3669 2298 3802 2338 ven-

2221 2368 2358 2416 trem
2379 2362 2564 2417 incidit
2587 2365 2883 2420 viventem:
2913 2367 2999 2421 hic
3026 2368 3205 2424 autem
3227 2385 3335 2426 non
3363 2372 3418 2426 iu
3438 2386 3678 2441 carnem,
3707 2377 3802 2431 sed

2221 2454 2276 2509 in
2305 2462 2501 2511 terram
2529 2459 2786 2513 sementis
2813 2458 3078 2528 dejicitur,
3124 2471 3178 2517 et
3225 2463 3279 2517 in
3323 2479 3443 2519 eam
3471 2466 3801 2534 dissolvitur,

2222 2545 2363 2600 sicut
2389 2562 2582 2618 corpus
2613 2559 2904 2604 mortuum.
2945 2552 3307 2617 Quamobrem
3349 2555 3448 2611 hac
3476 2573 3689 2628 quoque
3718 2577 3803 2615 ra-

2224 2639 2368 2695 tione
2393 2649 2510 2695 erat
2531 2642 2835 2712 exemplum
2872 2644 3298 2702 convenientius.
3328 2649 3419 2703 57.
3451 2648 3517 2703 Et
3541 2653 3626 2720 qui
3650 2655 3800 2706 semi-

2225 2741 2334 2797 nat,
2363 2749 2464 2786 non
2498 2748 2686 2802 corpus
2723 2733 2859 2804 quod
2885 2738 3114 2804 futurum
3143 2746 3218 2790 est
3258 2739 3493 2793 seminat.
3525 2740 3660 2796 Nam
3685 2758 3803 2813 qua:

2228 2823 2376 2891 prius
2405 2822 2622 2891 quidem
2651 2823 2792 2878 dicta
2821 2833 2966 2892 sunt,
2997 2834 3242 2896 spectant
3265 2827 3332 2882 ad
3359 2829 3645 2887 dicendum
3668 2848 3802 2903 quo-

2227 2914 2388 2969 modo
2438 2923 2760 2984 resurgant;
2807 2915 2910 2971 hoc
2949 2925 3128 2973 autem
3169 2919 3237 2973 ad
3278 2919 3629 2976 dubitandum
3681 2938 3801 2978 cum

2228 3006 2369 3076 quali
2393 3021 2619 3077 corpore
2641 3009 2880 3064 veniant.
2909 3008 3049 3076 Quid
3091 3019 3175 3065 est
3220 3021 3422 3080 autem,
3455 3013 3578 3069 Non
3620 3032 3802 3087 corpus

2228 3097 2361 3163 quod
2380 3097 2608 3165 futurum
2633 3108 2704 3153 est
2723 3100 2976 3154 seminas?
3002 3100 3120 3155 Non
3145 3102 3350 3172 spicam
3380 3105 3664 3176 integram,
3699 3121 3804 3162 non

2230 3187 2554 3244 frumentum
2583 3204 2794 3245 recens.
2823 3190 2922 3246 Hic
2959 3192 3102 3246 enim
3135 3209 3243 3249 non
3266 3195 3492 3264 amplius
3529 3196 3599 3250 ad
3625 3211 3807 3252 resur-

2231 3279 2527 3335 rectionem
2553 3290 2761 3350 spectat
2787 3283 2979 3349 oratio,
3003 3282 3098 3339 sed
3127 3284 3194 3339 ad
3217 3285 3429 3340 modum
3457 3290 3806 3344 resurrectio-

2233 3371 2336 3436 nis,
2363 3371 2661 3441 cujusmodi
2703 3383 2787 3428 est
2813 3388 3010 3442 corpus
3037 3375 3180 3445 quod
3219 3385 3303 3431 est
3341 3386 3803 3433 resurrecturum:

2233 3478 2427 3534 nempe
2463 3479 2534 3518 an
2559 3464 2688 3532 tale,
2726 3479 2796 3518 an
2824 3465 3017 3520 melius
3064 3475 3120 3520 et
3146 3466 3384 3534 clarius;
3434 3477 3488 3523 et
3516 3469 3583 3524 ab
3621 3471 3806 3526 eodem

2233 3554 2479 3624 exemplo
2511 3556 2673 3609 sumit
2702 3563 3007 3625 utrumque,
3036 3556 3330 3613 ostendens
3357 3559 3502 3629 quod
3543 3560 3595 3615 id
3623 3561 3693 3616 sit
3717 3575 3810 3616 re-

2233 3656 2597 3701 surrecturum
2623 3646 2790 3700 multo
2816 3647 3024 3700 melius.

2303 3739 2358 3792 2.
2393 3738 2580 3792 Contra
2609 3739 2867 3792 Itwreticos
2889 3741 2975 3810 qui
3002 3739 3234 3794 dicebant
3267 3742 3409 3795 aliud
3433 3757 3614 3809 corpus
3639 3758 3814 3797 resur-

2235 3846 2371 3900 gere.
2396 3860 2467 3870 —-
2492 3829 2599 3886 Sed
2625 3830 2862 3885 haeretici
2883 3830 3016 3885 nihil
3042 3830 3234 3886 horum
3261 3832 3616 3901 intelligentes
3645 3835 3816 3889 insul-

2238 3929 2382 3985 tant,
2410 3928 2486 3974 .et
2527 3920 2710 3975 dicunt
2747 3936 2762 3972 :
2802 3923 3044 3977 Alterum
3072 3937 3266 3993 corpus
3291 3923 3468 3989 cadit,
3497 3932 3551 3979 et
3579 3925 3811 3981 alterum

2237 4011 2490 4081 resurgit.
2521 4011 2804 4078 Quomodo
2829 4026 2958 4083 ergo
2984 4015 3346 4070 resurrecﬁo‘l
3369 4014 3484 4084 ejus
3507 4015 3652 4070 enim
3673 4017 3814 4086 quod

2239 4103 2432 4158 cecidit
2460 4111 2566 4166 (est
2604 4105 2948 4158 resurrectio.
2994 4103 3094 4159 Ubi
3142 4115 3226 4160 est
3266 4115 3445 4161 autem
3489 4106 3817 4163 admirabilis

2241 4197 2332 4251 illa
2352 4205 2407 4252 et
2431 4210 2548 4266 quae
2576 4195 2887 4264 opinionem
2913 4205 3131 4266 superat
3176 4197 3437 4253 adversus
3478 4207 3703 4253 mortem
3741 4201 3820 4254 vi-

2241 4291 2409 4345 ctoria
2437 4328 2452 4353 ,
2481 4290 2526 4342 si
2557 4287 2699 4343 aliud
2729 4288 2874 4343 cadit
2912 4298 2967 4343 et
3007 4287 3151 4343 aliud
3181 4290 3450 4360 resurgit?
3479 4305 3650 4359 neque
3678 4292 3819 4345 enim

2241 4380 2334 4436 illa
2355 4381 2534 4449 utique
2553 4389 2803 4436 cernetur
2821 4379 3118 4436 reddidisse
3137 4381 3403 4449 captivum
3429 4381 3570 4450 quod
3596 4383 3817 4450 accepit.

2243 4471 2522 4539 Quomodo
2548 4481 2725 4527 autem
2757 4474 2820 4528 iis
2844 4488 2963 4542 qua:
2985 4471 3126 4526 dicta
3154 4481 3279 4526 sunt
3303 4473 3620 4527 convenerit
3635 4487 3818 4528 exeni-

2249 4573 2436 4642 plum?
2465 4587 2570 4626 non
2594 4571 2738 4626 enim
2760 4573 2860 4626 alia
2881 4571 3097 4642 quidem
3127 4570 3426 4626 seminatur
3443 4571 3694 4631 essentia.
3721 4572 3820 4626 alia

2247 4674 2424 4719 autem
2455 4664 2705 4734 resurgit,
2737 4663 2832 4718 sed
2872 4663 3056 4718 eadem
3085 4662 3290 4718 melior.
3336 4663 3443 4718 Sed
3472 4677 3644 4732 neque
3668 4660 3822 4715 Chri-

2249 4764 2364 4809 stus
2393 4753 2532 4810 idem
2562 4769 2755 4823 corpus
2784 4755 3095 4822 susceperit,
3122 4754 3214 4823 qui
3242 4752 3338 4808 luit
3375 4753 3619 4823 primitiae
3645 4767 3824 4806 resur-

2248 4848 2488 4918 gentium
2513 4863 2528 4912 ;
2557 4846 2651 4902 sed
2673 4888 2688 4912 ,
2716 4847 3004 4901 secundum
3030 4861 3127 4901 vos
3151 4888 3167 4913 ,
3199 4846 3332 4902 illud
3356 4847 3567 4917 quidem
3597 4845 3788 4914 abjecit
3806 4885 3825 4911 ,

2251 4941 2461 4995 etiamsi
2491 4939 2624 4994 nihil
2651 4948 2963 5007 peccasset,
2996 4939 3205 5009 accepit
3249 4948 3428 4993 autem
3466 4939 3629 4992 aliud.
3675 4936 3830 4992 Unde

2253 5046 2381 5100 ergo
2406 5031 2587 5085 aliud?
2613 5045 2736 5084 nam
2767 5029 2866 5084 hoc
2889 5029 3102 5099 quidem
3133 5043 3200 5083 ex
3239 5029 3465 5098 virgine,
3498 5027 3623 5082 illud
3649 5036 3829 5080 autem

2255 5121 2430 5176 unde?
2461 5119 2641 5174 Viden‘
2666 5120 2732 5173 ad
2767 5129 3014 5188 quantam
3045 5117 3430 5173 absurditatem
3465 5117 3710 5172 devoluta
3748 5127 3834 5171 est

2257 5211 2468 5267 oratio?
2496 5211 2603 5266 Cur
2627 5211 2771 5265 enim
2812 5211 3046 5264 ostendit
3072 5211 3270 5282 ﬁguras
3293 5220 3349 5265 et
3391 5209 3610 5280 vestigia
3649 5208 3834 5261 clavo-

2260 5303 2417 5357 rum?
2446 5317 2622 5356 annon
2663 5302 2764 5354 hoc
2786 5302 2968 5355 volens
2994 5302 3282 5356 ostendere
3304 5341 3318 5363 ,
3352 5299 3483 5354 illud
3513 5300 3683 5367 ipsum
3713 5314 3836 5354 esse

2263 5395 2403 5464 quod
2433 5395 2573 5448 cruci
2602 5394 2700 5448 fuit
2723 5395 2966 5459 alﬁrum,
2994 5403 3053 5450 et
3076 5396 3249 5464 ipsum
3277 5393 3676 5449 resurrexissc?
3699 5393 3838 5460 Quid

2263 5490 2361 5543 sibi
2393 5489 2503 5542 vult
2524 5504 2736 5557 quoque
2763 5488 2928 5557 figura
2951 5487 3134 5543 Jonze?
3163 5503 3268 5540 non
3295 5487 3440 5541 enim
3463 5487 3598 5540 alius
3625 5487 3840 5555 quidem

2266 5582 2364 5635 fuit
2395 5581 2676 5648 absorptus
2699 5621 2714 5646 ,
2742 5581 2879 5634 alius
2913 5589 3091 5634 autem
3119 5579 3169 5632 in
3203 5586 3399 5631 terram
3422 5579 3629 5645 eiectus
3655 5577 3840 5632 Jonas.

2265 5671 2400 5740 Quid
2432 5672 2588 5728 etiam
2617 5669 2860 5738 dicebat,
2889 5668 3079 5729 Solvite
3108 5667 3352 5738 templum
3382 5669 3498 5734 hoc,
3536 5679 3581 5723 et
3611 5671 3661 5723 in
3684 5668 3842 5722 tribus
