4018 6156
329 376 439 435 $55

1371 356 1442 414 IN
1480 352 1705 413 EPIST.
1742 351 1767 409 1
1828 348 1922 409 AD
1959 345 2120 404 COR.
2166 341 2406 400 IIOMIL.
2442 340 2588 397 XLI.

3464 336 3576 395 556

337 468 3565 530 Μ*

1762 566 2019 624 ῸΜιΛιΔ
2058 562 2195 616 MA'.

345 681 511 739 Ἀλλ’
535 680 663 752 ἐρεῖ
674 696 782 746 τις,
816 676 946 742 Πῶς
977 672 1302 752 ἐγείρονται
1328 665 1607 752 οιγεκροί
1623 662 1813 752 ξ’ποίῳ

981 729 1028 823 ;.’
1054 729 1302 823 ’Ᾰφροη
1331 739 1414 793 σὺ
1447 737 1479 792 ὃ
1506 729 1794 805 σπείρεις,
1836 729 1912 782 οὺ

280 886 290 893 ,
408 811 795 888 ζωοποιεῖταὶ,
814 817 923 871 ἐὰν
941 813 1029 885 μὴ
1058 811 1355 878 ἀποθάνῃ.

298 915 335 985 ’ᾏ
406 933 482 982 Δα’.
513 925 758 994 Ἥμερος
788 915 864 971 ὢν
889 914 1094 985 σφόδρα
1124 912 1222 965 καὶ
1254 905 1567 994 ταπεινὸς
1590 897 1913 994 ’ἀπόστολος

321 989 636 1084 ξπανταχοῦ,
652 989 885 1063 ἐνταῦθα
904 1003 997 1056 καὶ
1017 997 1454 1072 πληκτικὼτερον
1468 993 1546 1063 τῷ
1558 992 1704 1061 λόγῳ
1714 989 1916 1084 ’κέχρη-

321 1064 441 1172 ἶσῖξζ
459 1064 671 1172 τήν
697 1095 928 1151 ἀτοπίαν
976 1091 1084 1146 τῶν
1111 1064 1524 1157 ἀντιλεγόντων.
1556 1083 1632 1136 Οὑ
1666 1081 1774 1151 μὴν
1807 1080 1913 1148 ἀρ-

322 1163 519 1277 ἲκεῖται
544 1163 742 1259 τούτῳ,
767 1185 901 1240 ἀλλά
926 1183 1040 1277 ,καὶ
1064 1180 1358 1277 λογισμοὺς
1384 1177 1479 1231 καὶ
1495 1172 1915 1277 παραδείγματα

341 1287 545 1357 τίθησι,
579 1282 675 1337 καὶ
716 1278 809 1332 τὸν
834 1275 1043 1345 σφόδρα
1082 1271 1384 1342 φιλόνεικον
1618 1265 1917 1357 χειρούμε-

344 1348 468 1438 νος..
487 1371 597 1426 Kal
617 1367 875 1435 ἀνωτέρω
910 1363 1010 1433 μέν
1038 1373 1222 1430 φησιν’
1240 1355 1478 1423 Ἐπειδὴ
1500 1353 1573 1407 δι’
1598 1348 1915 1418 ἀνθρώπου

340 1468 381 1520 ὀ
396 1462 675 1524 θάνατος,
701 1457 800 1511 καὶ
816 1454 893 1508 δι’
908 1449 1222 1519 ἀνθρώπου
1247 1447 1286 1515 ἢ
1308 1445 1663 1508 ἀνάστασις·
1680 1438 1919 1495 ἐνταῦθα

344 1556 407 1610 δὲ
435 1551 706 1608 ἀντίθεσιν
733 1548 853 1600 λύει
879 1547 1010 1616 παρ’
1060 1541 1330 1611 Ἐλλήνων
1355 1536 1745 1605 εἰσαγομένην.
1804 1531 1919 1583 Kal

342 1647 455 1719 ὅρα
478 1641 596 1706 πῶς
615 1640 776 1694 πάλιν
805 1634 1171 1703 ὑποτέμνεται
1189 1629 1251 1682 τὸ
1281 1621 1915 1719 σφοδρὸν-τὴςδιαϐολῆς.

352 1714 430 1790 Πὺ
465 1736 573 1805 γὰρ
623 1727 800 1794 εἶπεν,
860 1726 998 1779 Ἀλλ’
1031 1722 1161 1785 ἴσως
1208 1721 1404 1789 ἐρεῖτε,
1472 1716 1586 1769 ἀλλ’
1619 1714 1921 1782 ἀδιόριστον

350 1825 570 1880 τέθεικε
611 1822 703 1874 τὸν
731 1816 1097 1884 ἀντιλέγοντα,
1153 1810 1241 1863 ἵνα
1294 1810 1434 1879 μετά
1469 1805 1654 1869 ἀδείας
1683 1818 1922 1870 καταφο-

348 1916 501 1988 ρικῷ
520 1911 805 1988 χρώμενες
844 1905 923 1977 τῷ
967 1906 1131 1973 λόγῳ»
1178 1900 1259 1970 μὴ
1314 1899 1517 1969 σφόδρα
1575 1895 1922 1988 πλήξῃξίτοῖξς

356 1978 674 2067 ἀκούοντας*
710 1978 802 2055 κτλ
824 1999 1006 2069 τίθησι
1031 1996 1124 2049 δύο
1153 1992 1253 2054 τάς
1281 1992 1672 2062 ὲπαπορήσεις,
1691 1986 1783 2041 τοῦ
1802 1986 1925 2057 τρό-

356 2116 462 2156 που
516 2096 617 2164 τῆς
647 2092 1028 2155 ἀναστάσεως,
1057 2088 1153 2141 καὶ
1179 2088 1282 2158 τῆς
1306 2086 1589 2154 ποιότητος
1613 2080 1725 2135 τῶν
1745 2080 1927 2150 σωμά-

352 2205 488 2243 των.
542 2186 657 2239 Καὶ
706 2183 816 2252 7&9
860 2179 991 2250 περὶ
1025 2177 1352 2248 ἀμφοτέρων
1380 2174 1620 2244 ἠπόρουν
1653 2170 1921 2239 λέγοντες·

352 2278 484 2341 Πῶς
516 2274 788 2344 ἐγείρεται
825 2271 885 2323 τὸ
915 2268 1195 2334 διαλυθέν;
1224 2267 1342 2333 καὶ,
1374 2266 1531 2331 Ποίφ
1575 2262 1804 2330 σώματι
1829 2259 1926 2327 ἕρ-

354 2381 566 2438 χονται
589 2380 608 2427 ;
647 2360 786 2416 Τίδέ
814 2361 953 2422 ἐστι,
978 2358 1137 2424 Ποίῳ
1170 2355 1437 2425 σώματις
1497 2348 1621 2406 Οἷον
1650 2350 1826 2421 τούτῳ
1849 2348 1930 2419 τῷ

359 2456 638 2529 φθαρέντι,
671 2451 750 2523 τῷ
778 2448 1099 2512 ἀπολωλότι,
1130 2447 1165 2518 ἡ
1194 2447 1366 2516 ἑτέρῳ
1384 2444 1530 2511 τινί;
1557 2441 1691 2496 Εἶτα
1717 2442 1931 2503 δεικνὺς

358 2549 444 2606 ὅτι
463 2548 523 2602 οὑ
555 2544 628 2599 τά
656 2538 1103 2614 ἀμφιϐαλλόμενα
1150 2536 1425 2607 ζητοῦσιν,
1471 2533 1610 2589 ἀλλά
1634 2533 1703 2586 τά
1727 2532 1933 2602 ὡμολο-

361 2637 612 2709 γημένα,
690 2631 894 2693 εὑθέως
946 2628 1393 2699 πληκτικώτερον
1452 2626 1669 2695 ἀπαντᾷ
1736 2625 1928 2692 λέγων·

371 2729 619 2795 ’Λςορον,
682 2721 767 2775 σὺ
815 2718 847 2773 ὃ
901 2718 1173 2785 σπείρεις
1218 2718 1291 2769 οὑ
1313 2714 1688 2779 ζωοποιεῖται,
1722 2714 1831 2767 ἐὰν
1845 2713 1932 2781 μὴ

360 2813 655 2882 ἀποθάνῃ.
687 2811 865 2880 Ὅπερ
893 2809 984 2861 καὶ
1006 2808 1169 2877 ἡμεῖς
1202 2804 1472 2875 είώθαμεν
1514 2805 1687 2857 ποιεῖν
1712 2802 1935 2856 ἐπὶτῶν

365 2908 478 2968 τοῖς
505 2900 944 2974 ὡμολογημένοις
975 2897 1381 2966 ἀντιλεγόντων.
1422 2895 1533 2949 Kal
1560 2894 1704 2958 τίνος
1749 2893 1936 2947 ’ένεκεν

367 2994 467 3049 οὑκ
499 2993 700 3056 εὑθέως
754 2991 847 3043 ἐπὶ
878 2989 978 3060 τὴν
1015 2987 1246 3057 δύναμιν
1281 2985 1375 3039 τοῦ
1408 2984 1543 3037 Θεοῦ
1580 2984 1889 3053 κατέφυγεν
1917 3000 1935 3050 ;

364 3086 494 3159 ξὈτι
523 3083 770 3146 ἀπίστοις
800 3080 1126 3147 διαλέγεται.
1166 3078 1333 3131 Ὅταν
1364 3076 1464 3146 μὲν
1512 3073 1622 3146 γὰρ
1653 3075 1789 3145 πρὸς
1845 3092 1938 3127 πι-

368 3176 529 3239 στοὺς
559 3171 709 3243 αὑτῷ
740 3174 768 3225 ὁ
790 3171 950 3239 λόγος
974 3167 1032 3242 ᾗ,
1080 3169 1140 3221 οὑ
1166 3168 1371 3239 σφόδρα
1419 3167 1592 3220 δεῖται
1638 3165 1936 3236 λογισμῶν.

366 3266 569 3336 Διόπερ
630 3261 799 3317 εἰπὼν
856 3258 1117 3330 ἀλλαχοῦ,
1172 3260 1254 3313 ὅτι
1307 3258 1830 3326 Μετασχηματίσει
1874 3258 1942 3309 τὸ

371 3356 543 3426 σῶμα
561 3354 668 3423 τῆς
689 3350 1098 3416 ταπεινώσεως
1118 3348 1286 3419 ὑμῶν
1305 3351 1392 3414 είς
1414 3347 1478 3401 τὸ
1498 3347 1777 3418 γενέσθαι
1792 3348 1943 3415 σύμ-

369 3463 604 3519 μορφον
623 3448 703 3511 τῷ
732 3445 954 3514 σώματι
978 3442 1089 3511 τῆς
1108 3441 1300 3510 δόξης
1322 3440 1530 3501 αὑτοῦ,
1575 3439 1669 3493 καὶ
1703 3438 1865 3492 πλέον
1889 3455 1943 3490 τι

376 3543 479 3609 τῆς
501 3537 843 3599 ἀναστάσεως
875 3533 1267 3604 ἐνδειξάμενος,
1302 3533 1364 3585 οὑ
1417 3532 1629 3585 τέθεικε
1683 3530 1944 3602 παραδεί-

378 3643 587 3699 γματα,
619 3624 733 3678 ἀλλ’
754 3623 877 3677 ἀντὶ
921 3622 1102 3693 πάσης
1137 3620 1469 3684 ἀποδείξεως
1521 3617 1616 3672 τοῦ
1671 3619 1808 3671 Θεοῦ
1846 3619 1945 3687 τὴν

370 3717 609 3787 δύναμιν
633 3716 714 3777 είς
761 3712 922 3784 μέσον
947 3714 1122 3784 ήγαγε
1149 3709 1412 3783 προσθεὶς
1438 3711 1537 3763 καὶ
1565 3708 1757 3773 εἰπὼν,
1788 3710 1947 3763 Κατὰ

375 3806 495 3874 τὴν
517 3805 822 3874 ἐνέργειας⁴
846 3804 950 3856 τοῦ
976 3802 1272 3857 δύνασθαι
1304 3799 1495 3854 αὐτόν
1523 3798 1621 3852 καὶ
1648 3798 1947 3862 ὑποτάξαι

376 3896 540 3961 αὐτῷ
570 3896 641 3950 τὰ
662 3894 879 3948 πάντα.
925 3893 1191 3948 Ἐνταῦθα
1236 3892 1293 3945 δὲ
1327 3892 1420 3945 καὶ
1440 3890 1731 3960 λογισμοὺς
1787 3893 1945 3944 κινεῖ.

393 3989 611 4060 Ἐπειδὴ
643 3989 752 4059 7&9
794 3987 905 4041 ἀπὸ
949 3985 1059 4039 τῶν
1112 3984 1348 4055 Γραφῶν
1385 3984 1517 4037 αὐτὸ
1554 3981 1947 4045 κατεσκεύασε,

381 4081 476 4135 καὶ
498 4080 671 4133 ταῦτα
707 4076 1066 4148 προστίθησιν
1119 4078 1186 4131 ὲκ
1230 4074 1552 4146 περιουσίας
1582 4072 1772 4125 λοιπὸν
1809 4072 1948 4140 πρὸς

382 4172 505 4233 τοὺς
530 4170 592 4221 οὑ
612 4166 964 4235 πειθομένους
1001 4161 1151 4236 [587]
1189 4164 1309 4225 ταῖς
1339 4163 1605 4232 Γραφαῖς,
1638 4160 1730 4213 καί
1762 4174 1944 4230 φησιν’

387 4261 633 4328 Ἀφρον,
665 4256 745 4312 σὺ
785 4255 817 4308 ὃ
863 4255 1150 4322 σπείρεις.
1200 4251 1480 4315 Τουτέστι,
1537 4252 1693 4319 Παρά
1748 4249 1948 4303 σαυτοῦ

383 4349 482 4420 τὴν
541 4347 817 4413 ἀπόδειξιν
863 4346 1007 4415 έχεις
1043 4344 1272 4405 τούτων,
1306 4342 1375 4395 δι’
1418 4336 1493 4394 ὧν
1522 4341 1780 4412 πράττεις
1829 4342 1949 4395 καθ’

383 4441 624 4508 ἑκάστην
674 4438 906 4508 ἡμέραν,
964 4436 1059 4489 καὶ
1093 4432 1454 4503 ἀμφιϐάλλεις
1491 4430 1605 4497 En;
1644 4432 1742 4483 Διά
1779 4431 1954 4484 ταῦτά

389 4549 449 4585 σε
475 4533 682 4602 ἄφρονα
724 4528 895 4593 καλῶ,
922 4528 1003 4581 ὅτι
1036 4526 1104 4579 τά
1135 4525 1256 4579 καθ’
1286 4525 1502 4595 ἡμέραν
1559 4524 1662 4577 ὑπὸ
1692 4523 1785 4576 σοῦ
1807 4525 1952 4591 γινό-

389 4639 528 4694 μενα
552 4622 785 4688 ἀγνοεῖς,
805 4620 899 4672 καὶ
921 4619 1082 4680 αὑτὸς
1120 4616 1454 4688 δημιουργὸς
1504 4614 1855 4678 ἀναστάσεως
1876 4613 1953 4668 ὣν

388 4711 516 4783 περὶ
527 4709 664 4765 Θεοῦ
694 4709 1071 4780 ἀμφιϐάλλεις.
1108 4709 1198 4760 Διὸ
1223 4708 1426 4780 σφόδρα
1448 4706 1793 4778 ἐμφαντικῶς
1817 4702 1957 4770 εἷπε,

388 4803 475 4857 Σὺ
503 4801 536 4855 ὃ
556 4800 847 4867 σπείρεις,
879 4801 941 4853 σὺ
979 4801 1008 4851 ὁ
1040 4797 1230 4867 θνητὸς
1290 4800 1385 4851 καὶ
1410 4797 1803 4868 ἀπολλύμενος.
1850 4798 1963 4850 Καὶ

389 4894 492 4964 ὃρα
521 4891 636 4955 πῶς
667 4894 787 4954 ταῖς
817 4890 1023 4956 λέξεσιν
1055 4888 1271 4951 οἰκείως
1298 4891 1364 4958 τῇ
1398 4889 1733 4961 ὑποκειμένῃ
1764 4888 1963 4960 κέχρη-

388 5001 480 5036 ται
502 4982 778 5036 ὑποθέσει.
799 4983 882 5033 Οὺ
909 4977 1268 5040 ζωοποιεῖται
1329 4978 1458 5048 7&9,
1489 4979 1674 5048 φησὶν,
1723 4978 1833 5032 ἐὰν
1872 4979 1961 5047 μὴ

389 5073 687 5140 ἀποθάνῃ.
724 5072 837 5135 Τάς
891 5072 999 5142 γὰρ
1026 5070 1232 5132 οίκείας
1265 5068 1442 5134 λέξεις
1473 5068 1580 5121 τῶν
1635 5070 1965 5139 σπερμάτων

393 5168 577 5236 ἀφεὶς,
603 5161 715 5217 οἷον
747 5163 807 5214 τὸ
848 5162 1157 5232 βλαστάνει,
1197 5161 1292 5213 καὶ
1326 5160 1543 5228 φύεται,
1575 5161 1671 5212 καὶ
1706 5162 1963 5230 σήπεται,

394 5261 489 5313 καὶ
512 5256 815 5317 διαλύεται,
838 5255 936 5319 τὰς
968 5253 1331 5322 καταλλήλους
1364 5253 1574 5323 ἥρμοσε
1631 5254 1694 5320 τῇ
1718 5253 1879 5320 σαρκὶ
1900 5256 1964 5325 τῇ

396 5352 666 5423 ἡμετέρᾳ,
702 5349 763 5401 τὸ
791 5346 1165 5400 Ζωοποιεῐται
1228 5346 1320 5397 καὶ
1358 5343 1675 5410 Ἀποθάνῃ,
1711 5344 1847 5413 ὅπερ
1906 5345 1967 5395 οὑ

396 5444 730 5516 σπερμάτων
759 5439 961 5509 κυρίως
987 5436 1155 5497 ἐστὶν,
1185 5435 1319 5486 ἁλλά
1365 5435 1654 5503 σωμάτων.
1710 5433 1820 5484 Καὶ
1872 5434 1971 5486 οὑκ

398 5531 576 5601 εἴπεν,
593 5535 673 5585 ὅτι
704 5531 859 5585 Μετά
874 5530 934 5582 τὸ
950 5528 1243 5580 ἀποθανεῖν
1266 5524 1356 5595 ζῇ,
1378 5525 1513 5588 ἀλλ’,
1543 5524 1570 5575 ὃ
1596 5525 1777 5593 μεῖζόν
1803 5526 1970 5591 ἐστιν,

398 5626 608 5680 ὅτιΔιά
638 5623 799 5676 τοῦτο
849 5622 914 5692 ζῇ
944 5661 959 5686 ,
1017 5617 1205 5686 ἐπειδὴ
1260 5615 1615 5684 ἀποθνήσκει.
1655 5616 1815 5686 Ὁρᾷς
1867 5617 1971 5683 ὅτι,

399 5718 538 5786 ὅπερ
577 5714 667 5768 ἀεὶ
697 5713 856 5780 λέγω,
900 5713 982 5774 εἰς
1016 5705 1324 5764 τούναντίον
1372 5705 1457 5758 ἀεὶ
1489 5707 1806 5778 περιτρέπει
1831 5719 1855 5747 α
1882 5708 1973 5759 τὸν

466 5823 494 5853 ⁸
521 5817 785 5883 Lrgebatur
801 5818 1066 5879 προτρέπει.

2009 652 2191 719 λόγον.
2226 649 2296 704 Ὀ
2328 648 2440 719 7&9
2498 645 2777 700 ἐποιοῦντο
2808 646 3006 698 ἐκεῖνοι
3038 642 3343 713 τεκμήριον
3373 640 3468 696 τοῦ
3508 643 3586 713 μή

2010 740 2351 803 ἀνίστασθαι,
2383 737 2540 792 τοῦτο
2562 737 2658 791 τοῦ
2688 734 3008 790 ἀνίστασθαι
3025 736 3260 787 ποιεῖται
3288 732 3582 798 ἀπόδειξιν·

2009 834 2106 888 καὶ
2131 832 2240 902 γὰρ
2271 831 2457 897 ἔλεγον
2485 830 2584 883 οὒκ
2622 827 2959 891 ἀνίστασθαι,
2991 823 3181 894 ἐπειδὴ
3212 822 3475 877 ἀπέθανε.
3522 821 3589 875 Τί

2010 919 2103 977 οὖν
2136 922 2300 986 αὑτὸς
2329 920 2692 991 ἀντιστρέψας
2745 918 2915 989 φησί;
2959 915 3072 970 Kal
3116 914 3223 984 μὴν
3249 915 3300 966 εί
3337 912 3412 985 μὴ
3479 914 3590 966 ἀπο

2014 1011 2226 1075 έθανεν,
2275 1012 2378 1064 οὑκ
2421 1009 2488 1065 ἀν
2519 1012 2758 1079 ἀνέστη·
2809 1006 2905 1060 καὶ
2959 1004 3049 1058 διά
3080 1003 3239 1057 τοῦτο
3285 1003 3593 1065 ἀνίσταται,

2013 1104 2202 1174 ἐπειδὴ
2230 1101 2489 1156 ἀπέθανε.
2525 1098 2913 1169 Καθάπεργάρ
2932 1099 2960 1150 ὁ
2991 1094 3224 1166 Χριστὸς
3254 1095 3594 1163 σαφέστερον

2014 1194 2146 1247 αὑτὸ
2186 1193 2343 1247 τοῦτο
2374 1192 2706 1245 ἐνδείκνυται
2735 1188 2929 1258 λέγων·
2975 1187 3042 1239 '0
3097 1187 3321 1250 κόκκος
3348 1185 3457 1238 τοῦ
3497 1183 3595 1237 σί-

2022 1301 2155 1351 του,
2191 1284 2298 1337 ὲὰν
2321 1281 2529 1337 πεσὼν
2554 1283 2643 1346 είς
2664 1279 2781 1345 τὴν
2800 1277 2919 1348 τῆν
2954 1276 3041 1347 μὴ
3089 1273 3383 1343 ἀποθάνῃ,
3414 1274 3596 1341 αὐτὸς

2019 1374 2205 1442 μόνος
2225 1372 2413 1440 μένει·
2448 1369 2559 1423 ἐὰν
2601 1367 2671 1421 δέ
2688 1364 2983 1432 ἀποθάνῃ,
2998 1364 3199 1417 πολὺν
3241 1363 3474 1430 καρπόν
3493 1363 3597 1429 φέ-

2020 1479 2145 1530 ρει·
2198 1461 2407 1515 ἐκεῖθεν
2457 1461 2551 1515 xal
2576 1462 2605 1513 ό
2645 1457 2857 1521 Παῦλος
2910 1455 2975 1509 τὸ
3028 1455 3384 1526 παράδειγμα
3436 1453 3599 1506 τοῦτο

2018 1555 2271 1619 ἑλκύσας,
2299 1555 2399 1607 οὑκ
2422 1548 2598 1618 εἶπεν,
2628 1552 2709 1603 ὅτι
2733 1549 2808 1602 υὺ
2830 1547 2919 1619 ζῇ,
2952 1547 3089 1611 ἀλλ’,
3107 1548 3191 1600 Οὐ
3215 1544 3596 1609 ζωοποιεῖται,

2018 1644 2185 1699 πάλιν
2217 1643 2313 1696 τοῦ
2365 1642 2501 1696 Θεοῦ
2541 1641 2640 1712 τὴν
2697 1638 2926 1709 δύναμιν
2974 1636 3444 1709 παραλαμϐάνων,
3500 1636 3599 1690 καὶ

2017 1737 2230 1798 δεικνὺς
2254 1737 2340 1788 ὅτι
2372 1735 2472 1802 οὑχ
2491 1735 2524 1803 ἡ
2547 1732 2642 1802 τῆς
2664 1731 2767 1801 γῆς
2794 1728 2977 1799 φύσις,
3033 1727 3149 1779 ἀλλ’
3182 1726 3344 1790 αὑτὸ,
3375 1727 3437 1779 τὸ
3491 1728 3601 1781 πᾶν

2022 1823 2337 1894 ἐργάζεται.
2381 1821 2493 1875 Καὶ
2522 1818 2574 1871 τί
2603 1819 2802 1889 δήποτε
2852 1818 2951 1887 οὑχ
2975 1817 3112 1886 ὅπερ
3146 1815 3476 1886 οἰκειότερον
3510 1811 3600 1885 ἦν.

2024 1914 2189 1967 τοῦτο
2237 1914 2446 1982 ήγαγεν
2473 1910 2554 1973 εἰς
2580 1909 2764 1979 μέσον,
2795 1907 2855 1960 τὸ
2883 1908 3103 1977 σπέρμα
3128 1904 3271 1973 λέγω
3303 1905 3363 1957 τὸ
3389 1905 3603 1977 ἀνθρώ-

2028 2021 2218 2069 πινον;
2246 1997 2357 2057 Kal
2383 2004 2491 2072 7&9
2518 2002 2611 2054 καὶ
2633 2002 2664 2070 ἡ
2684 1998 2930 2070 ἡμετέρα
2960 1999 3215 2067 γέννησις
3251 1998 3359 2053 ἀπὸ
3398 1998 3603 2068 φθορᾶς

2030 2092 2486 2167 ἀρχεται,ὥσπερ
2521 2094 2555 2161 ἡ
2588 2090 2680 2143 τοῦ
2708 2090 2876 2145 σίτου.
2914 2090 3034 2142 Ὅτι
3067 2090 3167 2141 οὑκ
3196 2084 3269 2159 ἦν
3302 2088 3435 2153 ἴσον,
3465 2090 3604 2142 ἀλλά

2026 2185 2190 2239 τοῦτο
2212 2185 2394 2238 πλέον.
2439 2182 2764 2253 Ὀλόκληρον
2818 2181 2926 2251 γάρ
2957 2198 3007 2233 τι
3038 2179 3193 2251 ζητεῖ
3223 2181 3602 2252 φθειρόμενον,

2032 2276 2210 2329 ἐκεῖνο
2241 2274 2298 2327 δὲ
2323 2272 2488 2344 μέρος
2507 2268 2806 2343 ἦν’διόπερ
2822 2270 2982 2324 τοῦτο
3003 2271 3083 2334 είς
3110 2271 3274 2339 μέσον
3302 2270 3445 2340 ἄγει.
3481 2273 3608 2324 ’Λλ-

2032 2365 2142 2429 λως
2167 2366 2246 2427 δὲ,
2286 2367 2465 2419 έκεῖνο
2498 2365 2598 2433 μὲν
2626 2365 2718 2417 καὶ
2748 2363 2853 2416 ἀπὸ
2881 2362 3081 2426 ζῶντος
3108 2364 3343 2434 πρόεισι,
3396 2365 3491 2418 καὶ
3526 2367 3608 2427 είς

2036 2455 2216 2520 ζῶσαν
2238 2455 2499 2525 ἐμπίπτει
2525 2454 2790 2524 γαστέρα·
2818 2453 3051 2508 ἐνταῦθα
3084 2455 3140 2507 δὲ
3174 2456 3275 2508 οὑκ
3301 2458 3379 2519 εἰς
3406 2456 3609 2525 σάρκα,

2035 2544 2153 2598 ἀλλ’
2185 2547 2265 2607 είς
2290 2544 2389 2615 τὴν
2417 2544 2519 2614 γῆν
2541 2547 2571 2598 ό
2591 2545 2791 2615 σπόρος
2818 2544 3239 2610 καταϐάλλεται,
3280 2547 3375 2599 xal
3402 2547 3482 2609 είς
3508 2549 3609 2600 αὑ-

2036 2636 2138 2705 τήν
2154 2635 2456 2698 διαλύεται,
2487 2636 2737 2706 καθάπερ
2790 2636 2850 2688 τὸ
2882 2635 3039 2707 σῶμα
3068 2637 3130 2689 τὸ
3178 2639 3458 2709 τεθνηκός.
3520 2640 3615 2690 Διὸ

2039 2726 2134 2779 καὶ
2161 2726 2331 2797 ταύτῃ
2363 2726 2687 2796 οίκειότερον
2716 2722 2786 2796 ἦν
2816 2726 2876 2777 τὸ
2901 2726 3224 2795 ὑπόδειγμα.
3258 2727 3412 2781 Καὶὸ
3441 2728 3615 2780 σπεί-

2032 2834 2183 2886 ρων,
2209 2819 2282 2872 οὐ
2308 2817 2375 2870 τὸ
2393 2817 2565 2886 σῶμα
2597 2816 2664 2869 τὸ
2695 2817 3107 2885 γενησόμενον
3130 2817 3381 2885 σπείρει.
3406 2817 3489 2869 Τά
3514 2819 3613 2888 μὲν

2041 2909 2151 2979 γάρ
2187 2907 2495 2978 ἔμπροσθεν
2520 2907 2806 2978 είρημένα,
2867 2908 3004 2977 πρὸς
3036 2906 3098 2959 τὸ
3118 2906 3297 2976 λέγειν
3321 2909 3438 2971 πῶς
3467 2909 3614 2975 ὲγεί-

2048 3016 2251 3070 ρονταν
2278 2998 2439 3052 τοῦτο
2473 2999 2551 3061 δὲ,
2608 2998 2745 3069 πρὸς
2791 2998 2855 3051 τὸ
2907 2998 3187 3069 διαπορεῖν
3211 2997 3349 3069 ποίῳ
3400 3000 3616 3070 σώματι

2040 3089 2313 3162 ἔρχονται.
2347 3091 2411 3142 Τί
2439 3091 2497 3142 δέ
2529 3094 2697 3156 ἐστιν,
2745 3091 2828 3143 Οὐ
2875 3090 2942 3142 τὸ
2969 3088 3142 3159 σῶμα
3179 3089 3245 3142 τὸ
3295 3092 3620 3158 γενησόμε-

2046 3197 2160 3234 νον
2195 3181 2498 3248 σπείρεις;
2550 3181 2626 3233 Οὐ
2686 3180 2887 3250 στάχυν
2932 3179 3246 3250 ὁλόκληρον,
3299 3181 3420 3234 οὑδὲ
3472 3182 3620 3234 σῖτον

2048 3271 2188 3324 νέον.
2233 3271 2495 3325 Ἐνταῦθα
2519 3271 2627 3341 γὰρ
2655 3272 2838 3324 οὐκέτι
2869 3271 3002 3341 πρὸς
3026 3272 3125 3342 τὴν
3165 3273 3463 3325 ἀνάστασιν
3484 3273 3513 3324 ό
3535 3272 3622 3324 λό-

2048 3379 2163 3432 γος,
2191 3362 2327 3416 ἀλλά
2362 3363 2498 3434 πρὸς
2525 3364 2616 3415 τὸν
2648 3364 2847 3432 τρόπον
2871 3362 2970 3431 τῆς
2984 3363 3355 3429 ἀναστάσεως,
3372 3364 3619 3417 ποταπὸν

2047 3452 2110 3505 τὸ
2141 3452 2299 3522 σῶμα
2320 3452 2381 3505 τὸ
2414 3452 2603 3522 μέλλον
2628 3451 2968 3517 ἀνίστασθαι,
3034 3448 3146 3505 οἷον
3177 3456 3225 3505 εί
3276 3453 3535 3517 τοιοῦτον,
3586 3455 3623 3524 ἡ

2054 3543 2263 3614 βέλτιον
2317 3544 2410 3596 καὶ
2434 3543 2831 3613 λαμπρότερον·
2883 3543 2980 3595 καὶ
3036 3544 3322 3614 ἀμφότερα
3370 3544 3482 3596 ἀπὸ
3524 3544 3623 3597 τοῦ

2052 3632 2219 3687 αὑτοῦ
2276 3633 2674 3703 ὑποδείγματος
2712 3631 3000 3702 λαμϐάνει,
3055 3632 3270 3695 δεικνὺς
3311 3633 3395 3684 ὅτι
3442 3633 3625 3705 πολλῷ

2055 3724 2286 3795 βέλτιον.

2125 3813 2191 3882 β’.
2209 3813 2348 3866 Ἀλλ’
2372 3812 2421 3866 οί
2445 3812 2712 3884 αἱρετικοὶ
2734 3812 2899 3883 μηδὲν
2914 3812 3119 3865 τούτων
3135 3813 3406 3877 συνιέντες
3426 3815 3596 3884 ἐπιπη
3609 3844 3628 3858 -

2050 3905 2203 3971 δῶσι,
2235 3905 2329 3959 καὶ
2355 3904 2626 3973 λέγουσιν,
2675 3905 2758 3957 ὅτι
2786 3904 3017 3974 Ἕτερον
3063 3903 3220 3974 σῶμα
3259 3904 3485 3972 πίπτει,
3529 3908 3625 3958 καὶ

2052 3997 2239 4068 ἕτερον
2266 3997 2424 4068 σῶμα
2452 3997 2754 4050 ἀνίσταται.
2801 3995 2926 4058 Πῶς
2979 3990 3075 4049 οῦν
3130 3997 3465 4063 ἀνάστασις;
3529 3997 3625 4050 τοῦ

2053 4088 2163 4158 γὰρ
2194 4085 2342 4158 [588]
2401 4087 2657 4148 πεσόντος
2715 4087 2921 4158 ἐστὶνὴ
2954 4088 3268 4151 ἀνάστασις.
3322 4089 3432 4142 Ποῦ
3463 4088 3520 4141 δὲ
3562 4090 3623 4141 τὸ

2049 4179 2363 4250 θαυμαστὸν
2383 4181 2478 4232 καὶ
2511 4178 2814 4249 παράδοξον
2848 4178 2989 4232 κατά
3015 4179 3107 4232 τοῦ
3134 4180 3364 4233 θανάτου
3392 4180 3623 4250 νικητή-

2059 4272 2251 4341 ριον,εί
2287 4270 2414 4324 ἄλλο
2441 4270 2650 4332 πίπτει,
2681 4270 2775 4322 καὶ
2803 4268 2932 4322 ἄλλο
2965 4270 3277 4333 ἀνίσταται;
3313 4269 3495 4321 οὑκέτι
3520 4270 3631 4339 γὰρ

2058 4362 2355 4431 φανήσεται
2382 4363 2586 4421 ἐκεῖνος
2613 4359 2846 4418 ἀποδοὺς
2873 4359 3008 4427 ὅπερ
3036 4357 3227 4410 ἔλαϐεν
3255 4356 3625 4426 αἰχμάλωτον.

2059 4451 2184 4514 Πῶς
2211 4451 2267 4503 δὲ
2299 4452 2360 4502 τὸ
2385 4450 2685 4519 ὑπόδειγμα
2704 4449 2995 4518 ἀρμόσειεν
3027 4448 3093 4501 ἂν
3115 4449 3224 4510 τοῖς
3279 4449 3401 4518 είρη
3410 4446 3590 4516 μένοις
3615 4467 3629 4511 ;

2057 4544 2118 4595 οὑ
2147 4543 2255 4612 γὰρ
2282 4541 2417 4610 ἄλλη
2456 4542 2553 4611 μὲν
2575 4542 2731 4594 οὐσία
2765 4542 3066 4609 σπείρεται,
3089 4539 3222 4610 ἄλλη
3249 4536 3305 4591 δὲ
3329 4538 3631 4608 ἐγείρεται,

2057 4624 2171 4678 ἀλλ’
2212 4626 2245 4694 ἡ
2274 4623 2411 4693 αὑτὴ
2443 4623 2685 4693 βελτίων.
2750 4622 2942 4675 Ἔσται
2988 4622 3045 4674 δὲ
3074 4622 3194 4675 οὑδὲ
3235 4621 3263 4673 ό
3288 4620 3521 4692 Χριστὸς
3573 4623 3636 4674 τὸ

2058 4707 2189 4761 αὑτὸ
2213 4705 2372 4776 σῶμα
2397 4705 2727 4777 ἀνειληφὼς,
2764 4704 2986 4776 ἀπαρχὴ
3006 4704 3114 4757 τῶν
3136 4705 3513 4774 ἀνισταμένων
3544 4722 3637 4772 γε-

2058 4799 2303 4865 νόμενος’
2332 4798 2468 4851 ἀλλά
2486 4797 2609 4851 καθ’
2641 4798 2786 4868 ὑμᾶς
2808 4798 2984 4849 ἐκεῖνο
3015 4795 3113 4865 μὲν
3135 4795 3349 4867 ἔρριψε,
3373 4796 3548 4850 καίτοι
3572 4813 3637 4864 γε

2059 4890 2212 4943 οὐδὲν
2250 4891 2596 4960 ἡμαρτηκὸς,
2638 4890 2824 4960 ἓτερον
2858 4889 2917 4941 δὲ
2964 4888 3175 4941 ἔλαϐεν.
3231 4889 3403 4942 Πόθεν
3440 4889 3546 4958 ἄρα
3575 4890 3637 4942 τὸ

2061 4982 2245 5050 ἓτερον
2271 4999 2285 5046 ;
2315 4980 2474 5033 τοῦτο
2505 4979 2604 5049 μὲν
2636 4981 2745 5049 γὰρ
2770 4982 2834 5033 ὲκ
2858 4980 3337 5050 παρθένου,ὲκεῖνο
3355 4980 3412 5031 δὲ
3443 4980 3637 5044 πόθεν;

2074 5070 2236 5141 Ὁρᾷς
2268 5072 2347 5133 εἰς
2371 5071 2504 5139 ὅσην
2537 5070 2768 5123 ἀτοπίαν
2794 5073 2822 5124 ό
2852 5072 3009 5139 λόγος
3038 5069 3354 5138 ἐξεκυλίσθη
3384 5086 3398 5131 ;
3453 5072 3550 5123 Διά
3584 5072 3638 5124 τί

2064 5162 2174 5232 γὰρ
2204 5162 2298 5213 καὶ
2324 5160 2453 5222 τοὺς
2481 5160 2684 5222 τύπους
2725 5161 2965 5212 δείκνυσι
2995 5162 3104 5212 τῶν
3136 5161 3315 5230 ἦλων;
3344 5158 3464 5228 οὐχὶ
3481 5159 3639 5213 τοῦτο

2065 5253 2341 5316 ἀποδεῖξαι
2368 5252 2572 5315 θέλωνι,
2602 5252 2683 5304 ὃτι
2709 5252 2840 5303 αὑτὸ
2870 5252 3043 5304 ἐκεῖνό
3070 5254 3183 5304 ἐστι
3236 5253 3298 5303 τὺ
3345 5251 3638 5304 ἀνασκολο-

2070 5345 2278 5412 πισθὲν,
2313 5345 2405 5397 καὶ
2435 5343 2566 5395 αὑτὸ
2617 5342 2779 5395 πάλιν
2833 5343 3066 5412 ἀνέστη;
3125 5344 3188 5395 Τί
3220 5344 3274 5395 δὲ
3305 5344 3396 5396 καὶ
3423 5347 3451 5397 ό
3472 5344 3639 5405 τύπος

2072 5438 2318 5509 βούλεται
2351 5435 2497 5504 αὑτῴ
2526 5437 2553 5487 ὁ
2576 5435 2668 5487 τοῦ
2713 5436 2866 5487 Ἰωνᾶ
2888 5451 2901 5499 ;
2926 5436 2985 5487 οὑ
3018 5437 3126 5506 γὰρ
3151 5436 3320 5505 δήπου
3354 5436 3513 5496 ἄλλος
3540 5435 3639 5503 μὲν

2073 5528 2368 5596 κατεπόθη,
2401 5525 2554 5588 ἄλλος
2592 5526 2647 5578 δὲ
2678 5527 2757 5589 εἰς
2789 5528 2889 5597 τὴν
2921 5527 3025 5596 γῆν
3050 5526 3308 5597 ἐξηνέχθη
3348 5527 3550 5586 Ἰωνᾶς.
3574 5524 3639 5574 Τί

2073 5622 2128 5675 δὲ
2151 5621 2243 5674 καὶ
2274 5619 2447 5685 ἔλεγε,
2482 5618 2718 5672 Λύσατε
2747 5621 2854 5672 τὸν
2869 5619 3019 5672 ναὸν
3044 5619 3279 5680 τοῦτον,
3312 5617 3405 5668 καὶ
3434 5617 3503 5667 ὲν
3525 5628 3641 5677 τρι-

2076 5714 2181 5767 σὶιν
2204 5712 2448 5780 ἡμέραις
2475 5712 2654 5782 ἐγερῶ
2671 5712 2891 5773 αὐτόιπ
2912 5711 3001 5763 τὸν
3029 5710 3135 5778 7&9
3163 5709 3421 5775 λυόμενον
3450 5703 3638 5767 δηλον-

2078 5805 2158 5857 ότι
2190 5804 2377 5859 τοῦτον
2413 5807 2506 5859 καὶ
2541 5806 2751 5872 ἀνίστη.
2801 5803 2891 5854 Διὸ
2923 5803 3017 5854 καὶ
3057 5794 3439 5869 προσέθηκενό
3475 5791 3638 5857 εὐαγ-
