4018 6156
445 265 551 323 557

446 380 722 452 γελιστὴςρ,
761 379 844 432 ὅτι
884 371 1140 436 Ἐκεῖνος
1152 369 1230 423 δὲ
1257 367 1431 437 ἔλεγε
1452 363 1587 434 περὶ
1602 362 1712 417 τοῦ
1737 358 1888 452 ναοῦ
1907 354 2015 410 τοῦ

1107 251 1167 307 s.
1202 246 1491 307 JOANNIS
1526 214 2043 302 cunvsosmm

2153 229 2373 288 CHIEP.
2416 228 2967 288 CONSTANTINOP.

3586 226 3689 282 358

2119 368 2258 420 νης,
2288 350 2390 406 καί
2445 351 2602 418 άλλη
2639 351 2791 416 δόξα
2822 349 3108 419 ἀστέρων·
3151 345 3349 415 ἀστὴρ
3375 346 3486 416 γὰρ
3513 346 3690 402 ἀστός

446 439 723 544 σώματοςζ
780 465 991 522 αὐτοῦ.
1048 462 1115 515 Τί
1159 456 1252 514 οῦν
1292 475 1477 531 φησιν,
1534 458 1616 510 Οὐ
1653 454 1721 508 τὸ
1754 450 1924 520 σῶμα
1952 448 2017 503 τὸ
2112 457 2224 509 ρος
2240 439 2788 544 διαρέρῖιένδόξῃ.

446 542 857 636 γενησόμενον
878 555 1176 624 σπείρειςς
1205 550 1521 615 Τουτέστιν,
1546 546 1608 603 οὐ
1636 545 1727 598 τὸν
1755 542 2016 611 ἀσταχυνο

447 631 544 711 τεαὶ
572 654 681 723 γὰρ
713 650 877 712 αὐτός
897 648 1037 711 ἐστι,
1063 644 1159 699 καὶ
1189 644 1290 697 οὐκ
1342 639 1524 702 αὐτός’
1550 635 1744 723 αὐτδςῌ
1764 634 1883 703 μὲν,
1939 631 2021 723 ὅτι

446 745 586 815 αὐτὴ
613 745 647 814 ἡ
674 741 851 795 οὐσία·
886 739 989 792 οὐκ
1015 736 1175 799 αὐτὸς
1205 734 1286 797 δὲ,
1320 732 1402 785 ὅτι
1428 727 1650 800 βελτίων
1688 716 1866 785 οὗτος,
1925 719 2023 789 τῆς

450 839 550 911 μὲν
574 813 749 901 αὐτῆς
786 832 973 894 οὐσίας
1011 826 1300 897 μενούσης,
1328 823 1573 895 μείζονος
1602 819 1660 871 δὲ
1695 817 1793 886 τῆς
1831 813 2024 911 εὐπρε-

449 904 611 990 πείας
641 923 958 994 γινομένης,
982 920 1076 973 καὶ
1107 915 1294 972 καινοῦ
1318 913 1412 968 τοῦ
1437 909 1605 967 αὐτοῦ
1633 904 2015 975 ἀνισταμένου⁸

448 1019 640 1087 ἐπειδὴ
661 1017 712 1069 εί
738 1014 814 1084 μὴ
841 1013 998 1066 τοῦτο
1017 1006 1105 1081 ἦν,
1141 1008 1263 1065 οὐδὲ
1291 1003 1642 1065 ἀναστάσεως
1690 998 1819 1062 ἔδει,
1852 997 1901 1048 εἰ
1948 995 2024 1087 μὴ

453 1085 662 1182 βέλτιον
699 1105 1021 1161 ἀνίστασθαι
1048 1099 1263 1171 ἔμελλε.
1303 1097 1368 1150 Τί
1393 1095 1499 1166 γὰρ
1526 1093 1620 1147 καὶ
1646 1091 1901 1182 καθῃρεζ
1926 1085 2025 1182 τὴν

450 1174 649 1262 οἰκίαν,
678 1200 727 1250 εἰ
768 1197 843 1267 μὴ
865 1191 1251 1264 λαμπροτέραν
1282 1186 1472 1258 ἔμελλε
1498 1182 1832 1251 οἱκοδομεῖν;
1859 1174 2028 1267 Τοῦτο

452 1290 634 1345 τοίνυν
824 1265 952 1348 τοὺς
979 1281 1297 1354 νομίζοντας
1322 1278 1423 1347 τὴν
1443 1275 1611 1345 αὐτὴν
1652 1269 1789 1325 εἶναι
1823 1265 2028 1360 φθορὰν

457 1379 630 1438 εἶπεν.
657 1358 812 1443 Εἶτα,
839 1379 924 1431 ἵνα
952 1377 1027 1448 μὴ
1054 1374 1182 1429 ἄλλο
1212 1389 1296 1434 τις
1331 1370 1493 1427 πάλιν
1518 1364 1839 1434 ὑποπτεύσῃ
1868 1358 2028 1428 σῶμα

457 1471 704 1528 ἐντεῦθεν
720 1468 992 1542 εἰρῆσθαι,
1015 1462 1421 1536 παραμυθεῖται
1446 1459 1507 1512 τὸ
1535 1458 1783 1526 αἴνιγμα,
1807 1451 1902 1506 καὶ
1929 1449 2029 1505 αὐ-

457 1565 549 1627 τὸς
565 1560 855 1633 ἐρμηνεύει
876 1558 938 1610 τὸ
959 1555 1270 1627 εἰρημένον,
1289 1552 1362 1622 μὴ
1382 1548 1678 1620 συγχωρῶν
1699 1545 1777 1616 τῷ
1791 1542 2028 1633 ἀκροατῇ

380 1713 389 1723 _
457 1630 703 1724 ἀλλαχοῦ
724 1648 1007 1720 περιάγειν
1043 1645 1143 1716 τὴν
1173 1642 1386 1697 ἔννοιαν
1416 1641 1513 1709 τὴν
1537 1636 1805 1692 ἐντεῦθεν.
1925 1630 2034 1724 τοί-

459 1757 556 1798 νυν
572 1720 656 1793 δεῖ
675 1737 785 1792 τῶν
811 1736 1093 1807 ἡμετέρων
1123 1732 1335 1800 λόγων;
1413 1729 1677 1783 Ἄκουσον
1719 1722 1885 1778 αὐτοῦ
1944 1720 2034 1773 λέ-

459 1847 649 1903 γοντος
672 1830 768 1883 καὶ
789 1824 1187 1898 ἑρμηνεύοντος
1233 1820 1287 1876 τί
1335 1822 1499 1876 ἐστιν’
1531 1819 1616 1872 Οὐ
1645 1816 1713 1871 τὸ
1743 1813 1917 1883 σῶμα
1965 1811 2035 1867 τὸ

459 1922 872 1995 γενησόμενον
932 1915 1223 1984 σπείρεις.
1284 1911 1499 1977 Εὐθέως
1556 1909 1668 1980 γὰρ
1735 1906 2034 1995 ἐπήγαγεν,

476 1992 654 2069 Ἀλλὰ
669 2009 901 2082 γυμνὸν
928 2009 1156 2062 κόκκον
1173 2007 1227 2060 εί
1257 2004 1427 2072 τύχοι
1447 2001 1642 2063 σίτου,
1676 1997 1716 2066 ἢ
1738 2012 1900 2060 τινος
1920 1992 2039 2082 τῶν

464 2106 751 2161 τοιούτων
776 2099 1151 2169 σπερμάτων.
1187 2093 1501 2157 Τουτέστιν,
1536 2090 1611 2145 Οὐ
1668 2087 1731 2140 τὸ
1774 2084 1935 2155 σῶμα
1977 2080 2040 2134 τὸ

466 2192 850 2266 γενησόμενον·
881 2185 992 2242 οἷον
1012 2188 1111 2256 οὐχ
1137 2185 1282 2241 οὕτω
1299 2199 1364 2236 πε
1373 2178 1778 2252 ρισεὸλημένον,
1800 2174 1920 2266 οὐδὲ
1941 2190 2042 2266 κα·-

467 2262 650 2357 λάμην
692 2282 885 2354 ἔχοντα
922 2279 1016 2333 καὶ
1044 2275 1358 2346 ἀνθέρικας,
1402 2269 1578 2326 Ἀλλά
1623 2265 1857 2337 γυμνὸν
1904 2262 2042 2357 κόκξ

469 2354 685 2443 κον,εὶ
711 2375 886 2440 τύχοι
918 2370 1114 2433 σίτου,
1144 2366 1184 2435 ἦ
1233 2382 1397 2430 τινος
1450 2361 1569 2416 τῶν
1597 2359 1902 2416 τοιούτων.
1933 2354 2045 2410 Καὶ

472 2471 507 2524 ὁ
538 2466 683 2532 Θεὸς
714 2463 876 2529 αὐτῷ
904 2460 1113 2515 δίδωσι
1144 2456 1337 2526 σῶμα,
1355 2453 1552 2519 καθὼς
1580 2450 1867 2520 ἠθέλησε.
1913 2447 2042 2509 Ναὶ,

471 2559 659 2631 φησὶν,
690 2555 805 2610 ἀλλ’
839 2556 955 2608 ἐκεῖ
981 2555 1081 2624 τῆς
1112 2550 1326 2619 φύσεως
1372 2546 1434 2598 τὸ
1486 2545 1647 2615 ἔργον
1682 2542 1815 2597 ἐστί.
1878 2539 2045 2631 Ποίας

475 2630 689 2724 φύσεως
708 2689 724 2713 ,
759 2646 881 2702 εἰπέ
906 2662 1029 2717 μοις
1081 2646 1177 2699 καὶ
1199 2642 1311 2712 γὰρ
1343 2643 1436 2695 καὶ
1461 2642 1576 2694 ἐκεῖ
1611 2637 1673 2690 τὸ
1725 2635 1834 2688 πᾶν
1859 2633 1887 2685 ὁ
1915 2630 2048 2724 Θεος

476 2720 789 2814 ἐργάζεται,
824 2735 923 2806 οὐχ
968 2736 1001 2804 ὴ
1033 2733 1194 2803 φύσις
1221 2732 1341 2787 οὐδὲ
1366 2733 1399 2802 ὴ
1426 2731 1497 2800 γῆ
1524 2729 1646 2782 οὐδὲ
1667 2729 1697 2780 ό
1727 2725 1903 2799 ὐετός.
1933 2720 2051 2814 Διόξ

477 2812 584 2905 περ
619 2832 716 2886 καὶ
740 2828 903 2890 αὐτὸς
928 2825 1099 2880 ταῦτα
1124 2823 1320 2894 δηλῶν,
1354 2822 1450 2877 καὶ
1482 2819 1590 2891 γῆν
1627 2818 1723 2873 καὶ
1747 2814 1900 2870 ὑετὸν
1954 2812 2053 2874 καὶ

478 2926 617 2997 ἀέρα
639 2925 732 2977 καὶ
761 2921 911 2992 ἥλιον
941 2920 1034 2974 καὶ
1067 2921 1254 2988 χεῖρας
1303 2913 1614 2983 γεωργικὰς
1633 2911 1813 2980 ἀφεὶς,
1844 2907 2054 2978 ἐπήγα-

479 3034 596 3086 γεν,
611 3015 694 3067 ὅτι
714 3013 777 3065 '0
791 3010 936 3075 Θεὸς
951 3007 1112 3072 αὐτῷ
1127 3006 1331 3063 δίδωσι
1350 3003 1541 3073 σῶμα,
1559 3001 1752 3066 καθὼς
1766 2998 2051 3086 ἠθέλησε.

480 3083 577 3173 Μὴ
625 3101 802 3153 τοίνυν
859 3091 1229 3169 περιεργάζου
1259 3092 1394 3162 μηδὲ
1441 3086 1912 3159 πολυπραγμόνει,
1938 3083 2055 3145 πῶς

486 3195 583 3247 καὶ
601 3190 709 3244 τίνι
729 3187 936 3259 τρόπῳ,
961 3185 1090 3237 ὅταν
1109 3180 1243 3235 Θεοῦ
1271 3181 1504 3251 δύναμιν
1533 3180 1629 3233 καὶ
1660 3177 1870 3247 θέλημα
1890 3173 2056 3230 ἀκού-

490 3301 609 3360 σῃς.
641 3282 750 3339 Καὶ
779 3280 1016 3344 ἑκάστῳ
1033 3275 1152 3331 τῶν
1173 3273 1528 3344 σπερμάτων
1568 3271 1635 3325 τὸ
1663 3270 1818 3325 ἴδιον
1866 3266 2055 3336 σῶμα.

487 3358 602 3434 Ποῦ
640 3373 819 3428 τοίνυν
839 3370 901 3423 τὸ
925 3369 1239 3439 ἀλλότριον;
1275 3367 1337 3419 τὸ
1361 3365 1470 3435 γάρ
1495 3363 1623 3418 ἴδιον
1652 3358 2061 3415 δίδωσιν.Ὥστε

489 3468 616 3522 ὅταν
640 3463 898 3536 λέγῃ,οὑ
931 3459 1000 3514 τὸ
1032 3459 1441 3530 γενησόμενον
1483 3454 1774 3523 σπείρεις,
1812 3451 1875 3505 οὐ
1904 3448 2062 3505 τοῦτο

489 3557 663 3626 λέγει,
698 3555 780 3607 ὅτι
803 3550 938 3621 άλλη
961 3551 1081 3605 ἀντὶ
1104 3548 1268 3619 ἄλλης
1285 3546 1471 3608 οὐσίας
1498 3545 1806 3605 ἀνίσταται,
1844 3540 1956 3597 ἀλλ’
1979 3539 2062 3593 ὅτι

495 3646 642 3720 [389]
662 3645 906 3715 βελτίων,
929 3643 1010 3695 ὅτι
1035 3639 1414 3710 λαμπροτέρα.
1450 3634 1721 3699 Ἐκάστῳ
1750 3631 1881 3701 γὰρ,
1904 3626 2062 3720 φησὶ,

491 3738 613 3795 τῶν
634 3734 990 3804 σπερμάτων
1006 3731 1075 3785 τὸ
1099 3730 1254 3784 ἴδιον
1271 3727 1459 3797 σῶμα.
1475 3724 1754 3781 Ἐντεῦθεν
1768 3723 1955 3779 λοιπὸν
1970 3719 2065 3772 καὶ

491 3831 592 3901 τὴν
618 3826 880 3897 διαφορὰν
907 3824 1117 3891 εἰσάγει
1141 3821 1241 3890 τῆς
1264 3820 1386 3875 τότε
1407 3817 1669 3889 ἐσομένης
1692 3814 2061 3875 ἀναστάσεως.

493 3918 588 3989 Μὴ
620 3916 749 3985 γὰρ,
781 3913 967 3983 ἐπειδὴ
999 3914 1145 3972 σῖτος
1169 3909 1452 3978 σπείρεται
1485 3907 1581 3961 καὶ
1612 3905 1810 3968 πάντες
1829 3903 2065 3972 στάχυες

497 4007 837 4080 ἀνέρχονται,
870 4003 959 4057 διά
987 4000 1146 4055 τοῦτο
1197 3999 1425 4072 νομίσῃς
1455 3997 1550 4051 καὶ
1575 3998 1634 4050 ἐν
1658 3999 1724 4067 τῇ
1771 3993 2065 4049 ἀναστάσει

501 4097 770 4169 ἰσοτιμίαν
791 4092 950 4149 εἶναι.
978 4093 1224 4148 Μάλιστα
1250 4091 1349 4162 μὲν
1378 4090 1486 4160 γὰρ
1513 4088 1637 4143 οὐδὲ
1666 4090 1723 4141 ἐν
1752 4089 1865 4149 τοῖς
1901 4085 2067 4154 σπέρ-

501 4209 635 4264 μασι
654 4191 755 4262 μία
775 4187 951 4254 τάξις,
981 4185 1119 4241 ἀλλά
1142 4185 1211 4241 τὰ
1242 4184 1340 4255 μὲν
1368 4181 1690 4254 τιμιώτερα,
1717 4181 1786 4234 τὰ
1814 4180 1872 4234 δὲ
1903 4196 2069 4232 κατα·

495 4281 772 4351 δεέστερα.
798 4277 889 4331 Διὸ
909 4277 1005 4331 καὶ
1037 4274 1340 4344 ἐπήγαγεν,
1380 4271 1646 4338 Ἑκάστφ
1669 4269 1737 4341 τὸ
1777 4268 1932 4323 Ζδιον
1953 4267 2070 4322 σῶ-

493 4389 598 4442 μα.
623 4372 769 4442 Πλὴν
793 4369 910 4425 ἀλλ’
935 4370 1035 4422 οὐκ
1064 4368 1318 4436 ἀρκεῖται
1345 4364 1540 4439 τούτῳ,
1591 4362 1706 4419 ἀλλ’
1736 4360 1931 4433 ἑτέραν
1968 4358 2068 4430 ζη-

497 4462 857 4534 τεϊδιαφοράν
895 4458 1119 4530 μείζονα
1171 4457 1266 4510 καὶ
1309 4454 1668 4527 σαφεστέραν.
1696 4454 1814 4507 Ἷνα
1859 4452 1970 4523 γάρ
1994 4449 2070 4521 μὴ

499 4552 759 4614 ἀκούσας,
791 4552 927 4619 ὅπερ
963 4548 1123 4618 ἔφην,
1154 4548 1239 4600 ὅτι
1263 4545 1462 4607 πάντες
1496 4544 1832 4605 ἀνίστανται,
1861 4542 2071 4605 πάντας

500 4640 808 4694 τῶναύτῶν
854 4638 1149 4695 ἀπολαύειν
1185 4636 1433 4708 νομίσῃς,
1478 4633 1914 4704 προκατεὰὶλετο
1971 4632 2071 4702 μὲν

505 4729 602 4784 καὶ
637 4731 696 4784 ἐν
723 4731 834 4791 τοῖς
853 4728 1164 4800 ἔμπροσθεν
1188 4729 1289 4794 τῆς
1321 4725 1528 4788 ἐννοίας
1552 4724 1756 4793 ταύτης
1789 4725 1859 4776 τὰ
1908 4723 2074 4793 σπέρ-

512 4836 678 4891 ματα,
714 4817 901 4871 εἰπών’
925 4818 1224 4883 Ἕκαστος
1248 4815 1319 4870 δὲ
1333 4816 1404 4870 ἐν
1420 4812 1498 4879 τῷ
1525 4813 1651 4879 ίδίφ
1673 4812 1940 4882 τάγματι.
1959 4810 2076 4882 Ἐρ-

508 4909 733 4980 γάζεται
754 4909 811 4962 δὲ
832 4909 963 4963 αὐτὸ
990 4909 1318 4980 σαφέστερον
1347 4909 1440 4961 καὶ
1454 4906 1687 4961 ἐνταῦθα
1704 4905 1864 4960 πάλιν
1879 4904 2074 4973 λέγων*

504 5005 589 5059 οὐ
620 4999 789 5057 πᾶσα
815 5001 975 5068 σὰρξ
1005 5000 1045 5067 ἡ
1073 4999 1227 5064 αὐτὴ
1254 4999 1431 5067 σάρξ.
1459 4998 1524 5051 Τί
1546 4998 1689 5067 λέγω
1719 4996 1850 5068 γὰρ,
1890 4998 2073 5068 φησὶν,

509 5094 603 5147 ἐπί
621 5092 730 5148 τῶν
760 5093 1122 5164 σπερμάτων;
1158 5090 1377 5144 ἐπὶτῶν
1415 5092 1681 5161 σωμάτων
1711 5089 2078 5160 γυμνάσωμεν

511 5183 646 5238 αὐτὸ
673 5184 851 5246 τοῦτο,
870 5185 1001 5254 περὶ
1028 5176 1104 5237 ὧν
1130 5183 1160 5235 ὁ
1187 5181 1341 5249 λόγος
1363 5182 1492 5251 ἡμῖν
1513 5180 1628 5234 νῦν.
1660 5181 1749 5233 Διὸ
1766 5180 1859 5233 καὶ
1887 5179 2081 5246 ἐπάγει

511 5271 712 5340 λέγων·
742 5273 933 5338 ’Ἄλλη
958 5273 1073 5339 μὲν
1096 5270 1253 5339 σὰρξ
1287 5270 1629 5338 ἀνθρώπων,
1653 5267 1811 5336 ἄλλη
1846 5268 1913 5321 δὲ
1942 5284 2081 5332 κτη-

512 5359 658 5422 νῶν,
705 5358 803 5412 καί
837 5357 995 5425 άλλη
1028 5356 1303 5423 πτηνῶν,
1363 5355 1461 5408 καὶ
1512 5356 1671 5421 ἄλλη
1703 5354 1942 5422 ἰχθύων.
1970 5352 2079 5405 Καὶ

513 5447 759 5519 σώματα
806 5444 1151 5515 ἐπουράνια,
1201 5445 1297 5497 καὶ
1347 5443 1589 5513 σώματα
1634 5444 1881 5511 ἐπίγεια·
1941 5442 2081 5497 ἀλλ’

514 5538 685 5606 ἑτέρα
705 5535 820 5607 μὲν
836 5537 873 5604 ἠ
900 5535 1018 5588 τῶν
1036 5533 1409 5600 ἐπουρανίων
1438 5532 1606 5597 δόξα,
1632 5532 1802 5601 ἑτέρα
1822 5531 1890 5585 δὲ
1908 5532 1946 5598 ἠ
1967 5530 2085 5586 τῶν

514 5629 808 5703 ἐπιγείων*
838 5626 997 5695 άλλη
1023 5624 1170 5690 δόξα
1190 5625 1501 5694 ἡλίου,καί
1537 5626 1694 5694 άλλη
1722 5625 1870 5691 δόξα
1896 5625 2080 5691 σελή-

2190 538 2259 600 γ’.
2278 531 2388 587 Καὶ
2402 531 2454 584 τί
2469 529 2715 600 βούλεται
2738 528 2886 597 αὐτῷ
2903 528 3058 582 ταυτί
3072 527 3140 580 τά
3159 527 3224 597 ρή
3235 544 3380 597 ματα
3397 527 3569 592 ;τίνος
3580 528 3696 582 Eve—

2121 638 2215 676 κεν
2231 622 2295 674 ἐκ
2318 621 2419 691 τῆς
2442 622 2791 684 ἀναστάσεως
2812 620 2914 688 τῆς
2941 617 3048 672 τῶν
3079 617 3347 688 σωμάτων
3365 620 3445 682 εἰς
3457 617 3547 673 τὸν
3571 619 3696 690 περὶ

2121 712 2364 783 ἀστέρων
2418 711 2513 764 καὶ
2544 711 2698 782 ἡλίου
2742 709 2897 778 λόγον
2944 707 3236 773 ὲξέπεσεν;
3268 709 3382 762 Οὐκ
3415 708 3693 774 ἐξέπεσεν,

2121 802 2245 857 οὐδὲ
2273 803 2562 874 ἀπερράγη
2582 802 2683 870 τῆς
2709 800 3035 863 ὑποθέσεως,
3054 800 3253 869 ἄπαγε,
3281 799 3396 853 ἀλλ’
3421 799 3503 853 ἐτι
3531 800 3700 870 αὐτῆς

2121 894 2325 965 ἔχεται.
2374 895 2592 963 Ἐπειδὴ
2614 894 2723 964 γὰρ
2751 893 2840 947 τὸν
2872 892 3121 962 περὶτῆς
3158 892 3511 957 ἀναστάσεως
3564 909 3700 945 κατὰ

2125 987 2390 1045 εσκεύασε
2411 987 2587 1055 λόγον,
2617 986 2856 1039 δείκνυσι
2888 984 3073 1037 λοιπὸν
3094 985 3176 1036 ὅτι
3204 983 3373 1053 πολλὴ
3396 984 3496 1054 τῆς
3542 983 3699 1052 δόξης

2125 1080 2247 1133 τότε
2269 1080 2303 1149 ἡ
2321 1077 2570 1147 διαφορά,
2588 1079 2636 1130 εἰ
2650 1076 2790 1146 καὶὴ
2819 1076 3112 1138 ἀνάστασις
3137 1074 3257 1145 μία·
3291 1075 3388 1133 καὶ
3406 1075 3605 1144 διαιρεῖ
3620 1078 3701 1139 είς

2126 1171 2223 1227 δύο
2249 1171 2311 1223 τὸ
2332 1170 2440 1225 πᾶν
2465 1169 2627 1232 τέως,
2649 1170 2730 1231 είς
2749 1168 2820 1221 τά
2866 1168 3168 1238 ἐπουράνια
3226 1167 3322 1219 καὶ
3361 1166 3429 1219 τά
3459 1167 3697 1233 ἐπίγεια.

2130 1263 2253 1316 Ὅτι
2281 1261 2378 1331 μὲν
2415 1261 2524 1331 γάρ
2548 1261 2616 1314 τά
2650 1258 2880 1329 σώματα
2918 1259 3224 1321 ἀνίσταται,
3268 1255 3435 1321 ἔδειξε
3483 1256 3571 1311 διά
3605 1255 3699 1310 τοῦ

2131 1354 2300 1405 σίτου⁸
2326 1353 2410 1406 ὅτι
2441 1353 2497 1405 δέ
2522 1352 2621 1405 οὐκ
2655 1353 2713 1404 ἐν
2745 1354 2811 1421 τῇ
2843 1350 2980 1420 αὐτῇ
3021 1348 3145 1418 δόξῃ
3172 1347 3353 1402 πάντα
3374 1386 3389 1413 ,
3433 1347 3702 1401 δείκνυσιν

2132 1443 2401 1497 ἐντεῦθεν.
2450 1443 2659 1512 ’Ὠσπερ
2712 1440 2821 1511 γὰρ
2870 1440 2934 1494 τὸ
2988 1442 3236 1493 ἀπιστεῖν
3274 1441 3341 1510 τῇ
3408 1438 3703 1493 ἀναστάσει

2135 1534 2359 1598 ὑπτίους
2382 1536 2544 1598 ποιεῖ,
2565 1532 2707 1586 οὕτω
2727 1532 2889 1586 πάλιν
2911 1530 3190 1603 ῥᾳθύμους
3208 1531 3270 1585 τὸ
3296 1530 3540 1601 νομίζειν
3575 1532 3703 1585 πάν-

2133 1643 2234 1690 τας
2258 1625 2367 1681 τῶν
2397 1623 2576 1678 αὐτῶν
2591 1623 2891 1689 ἀξιοῦσθαι.
2925 1623 3124 1692 Διόπερ
3158 1622 3443 1694 ἀμφότερα
3460 1623 3704 1694 διορθοῦ·

2135 1733 2246 1770 ταν
2275 1716 2370 1770 καὶ
2388 1714 2457 1768 τά
2485 1715 2585 1785 μὲν
2606 1716 2790 1778 ἐντοῖς
2822 1713 3130 1786 ἔμπροσθεν
3168 1715 3460 1786 ἀπήρτισε,
3514 1715 3704 1768 τούτου

2135 1810 2193 1863 δὲ
2208 1810 2433 1880 ἄρχεται
2460 1808 2574 1861 νῦν·
2604 1808 2697 1861 καὶ
2726 1808 2962 1878 ποιήσας
2979 1807 3072 1859 δύο
3099 1807 3356 1877 τάγματα
3394 1805 3623 1860 δικαίων
3646 1821 3707 1859 τε

2136 1902 2234 1954 καὶ
2260 1898 2620 1971 ἁμαρτωλῶν,
2657 1899 2796 1952 αὐτὰ
2820 1897 2893 1951 τά
2913 1897 3008 1952 δύο
3039 1897 3214 1951 ταῦτα
3242 1898 3319 1961 εἰς
3350 1895 3520 1950 πολλά
3543 1897 3710 1951 πάλιν

2136 1992 2467 2062 κατατέμνει
2487 1992 2649 2064 μέρη,
2681 1991 2893 2055 δεικνὺς
2929 1991 3009 2044 ὅτι
3028 1990 3153 2044 οὐτε
3171 1990 3364 2043 δίκαιοι
3397 1990 3491 2043 καὶ
3523 1990 3712 2056 ἀμαρ-

2138 2084 2297 2139 τωλοὶ
2323 2083 2432 2138 τῶν
2453 2083 2632 2137 αὐτῶν
2651 2082 2956 2149 τεύξονται,
2989 2080 3118 2135 οὐτε
3170 2081 3367 2135 δίκαιοι
3401 2080 3605 2143 πάντες
3631 2079 3712 2132 δι-

2141 2176 2316 2239 καίοις
2343 2174 2562 2245 ὁμοίως,
2605 2172 2730 2227 οὔτε
2767 2173 3078 2244 ἁμαρτωλοὶ
3137 2171 3504 2244 ἁμαρτωλοῖς.
3560 2169 3713 2225 Ποιεϊ

2140 2266 2322 2321 τοίνυν
2347 2263 2568 2334 πρώτην
2592 2264 2719 2336 μίαν
2759 2264 2933 2335 τομὴν
2949 2264 3176 2318 δικαίων
3224 2263 3322 2317 καὶ
3369 2262 3711 2334 ἁμαρτωλῶν

2143 2357 2336 2425 λέγων*
2361 2353 2609 2424 Σώματα
2652 2354 2997 2422 ἐπουράνια,
3041 2354 3141 2409 καί
3183 2351 3430 2423 σώματα
3459 2353 3708 2422 ἐπίγεια
3773 2409 3777 2413 ,

2144 2448 2232 2502 διά
2263 2446 2360 2518 μὲν
2379 2446 2489 2499 τῶν
2515 2445 2772 2515 ἐπιγείων
2784 2445 3006 2509 τούτους
3022 2445 3408 2515 αἰνιττόμενος,
3423 2444 3513 2499 διὰ
3530 2444 3589 2499 δὲ
3609 2443 3714 2498 τῶν

2146 2537 2487 2609 ἐπουρανίων
2515 2536 2774 2598 ἐκείνως.
2812 2532 2944 2589 Είτα
2989 2535 3171 2589 λοιπὸν
3215 2534 3325 2588 τῶν
3375 2534 3714 2607 ἁμαρτωλῶν

2147 2628 2412 2699 διαφορὰν
2446 2627 2579 2699 πρὸς
2609 2626 2962 2698 ἁμαρτωλοὺς
2982 2624 3421 2693 είσάγει,λέγωνο
3451 2627 3535 2678 οὐ
3555 2623 3718 2679 πᾶσα

2150 2720 2306 2790 σὰρξ
2320 2722 2359 2788 ἡ
2390 2721 2541 2788 αὐτὴ
2571 2718 2729 2787 σάρξ
2735 2735 2750 2751 ⁸
2777 2718 2935 2773 ἀλλὰ
2958 2717 3116 2786 ἄλλη
3146 2716 3261 2786 μὲν
3296 2718 3543 2786 ἰχθύων,
3562 2718 3719 2784 άλλη

2150 2811 2220 2865 δὲ
2251 2809 2496 2878 πτηνῶν
2528 2810 2628 2864 καί
2672 2807 2930 2878 κτηνῶν.
2975 2808 3168 2863 Καίτοι
3233 2808 3412 2862 πάντα
3470 2807 3718 2878 σώματα,

2153 2902 2291 2957 ἀλλά
2315 2903 2383 2955 τά
2420 2902 2518 2971 μὲν
2543 2905 2601 2954 ἐν
2634 2901 2859 2967 πλείονι,
2888 2900 2956 2953 τά
2982 2899 3040 2953 δὲ
3074 2899 3131 2952 ἐν
3168 2898 3412 2953 ἐλάττονι
3457 2898 3719 2967 εὐτελείᾳ.

2156 2995 2267 3047 Καὶ
2304 2997 2362 3046 ἐν
2384 2992 2496 3064 ζωῇ
2517 2992 2575 3044 δέ
2622 2991 2838 3062 ὁμοίως,
2880 2991 2976 3043 καὶ
3024 2992 3082 3044 ἐν
3106 2990 3242 3063 αὐτῇ
3276 2991 3345 3063 τῇ
3390 2989 3720 3058 κατασκευῇ.

2159 3087 2267 3139 Καὶ
2286 3084 2455 3139 εἰπὼν
2474 3083 2650 3150 τοῦτο,
2700 3083 2979 3137 ἀνασαίνει
3025 3082 3187 3136 πάλιν
3238 3083 3321 3146 εἰς
3367 3081 3463 3135 τὸν
3496 3079 3728 3149 οὐρανὸν

2159 3171 2350 3239 λέγων’
2377 3171 2569 3235 ’Ἄλλη
2596 3165 2742 3239 [590]
2782 3164 2931 3229 δόξα
2978 3166 3179 3233 ἡλίου,
3234 3165 3335 3219 καί
3377 3164 3536 3230 ἄλλη
3573 3161 3727 3224 δόξα

2159 3259 2448 3326 σελήνης.
2475 3259 2685 3328 Ὥσπερ
2704 3257 2812 3325 γάρ
2835 3258 2892 3309 ἐν
2921 3258 3033 3320 τοῖς
3068 3256 3337 3324 ἐπιγείοις
3372 3251 3589 3322 σώμασι
3610 3251 3727 3303 δια-

2162 3343 2324 3414 φορὰ,
2355 3341 2495 3395 οὑτω
2521 3342 2613 3394 καὶ
2634 3342 2690 3393 ἐν
2720 3342 2828 3403 τοῖς
2856 3337 3217 3408 ἐπουρανίοις,
3239 3339 3333 3392 καὶ
3355 3334 3608 3407 διαφορὰ,
3633 3334 3730 3403 οὐχ

2163 3436 2198 3504 ἡ
2229 3432 2486 3504 τυχοῦσα,
2535 3430 2670 3484 ἁλλά
2695 3429 2790 3483 καὶ
2823 3428 2985 3499 μέχρι
3037 3428 3147 3481 τῶν
3184 3427 3449 3497 ἐσχάτων.
3501 3425 3580 3479 Οὐ
3624 3424 3731 3493 γὰρ

2164 3527 2303 3598 ἡλίῳ
2327 3525 2462 3596 πρὸς
2488 3522 2743 3598 σελήνην,
2794 3522 2916 3574 οὐδέ
2954 3519 3150 3590 σελήνῃ
3174 3519 3310 3588 πρὸς
3352 3517 3589 3588 ἀστέρας
3620 3516 3732 3568 δια-

2165 3597 2308 3688 φορά
2334 3614 2513 3685 μόνον,
2543 3611 2679 3666 ἀλλά
2696 3597 2790 3663 καὶ
2811 3611 3044 3680 ἄστρασι
3083 3608 3220 3677 πρὸς
3257 3604 3515 3676 ἀστέρας.
3538 3605 3603 3657 Εἰ
3623 3603 3731 3674 γὰρ

2165 3708 2259 3761 καὶ
2286 3706 2460 3760 πάντα
2490 3704 2546 3757 ἐν
2570 3700 2804 3770 οὐρανῷ,
2839 3700 2975 3755 ἀλλά
2998 3699 3068 3753 τὰ
3102 3698 3204 3769 μὲν
3255 3696 3514 3759 πλείονος,
3552 3695 3623 3747 τά
3675 3694 3733 3747 δὲ

2165 3800 2445 3860 ἐλάττονος
2464 3795 2676 3866 μετέχει
2693 3792 2870 3864 δόξης.
2892 3793 2956 3845 Τί
2972 3792 3152 3845 τοίνυν
3178 3788 3423 3843 ἐντεῦθεν
3445 3803 3734 3856 καταμαν-

2167 3891 2398 3958 θάνομεν
2426 3905 2441 3953 ;
2468 3886 2590 3939 Ὀτι
2627 3888 2685 3939 εί·
2703 3886 2798 3938 καὶ
2823 3887 2882 3938 ἐν
2910 3882 3155 3954 βασιλείᾳ
3188 3883 3404 3942 πάντες,
3437 3877 3501 3931 οὐ
3526 3877 3736 3941 πάντες

2166 3983 2276 4036 τῶν
2296 3979 2475 4033 αὐτῶν
2506 3977 2920 4031 ἀπολαύσονται·
2948 3975 3044 4028 καὶ
3069 3974 3118 4025 εί
3141 3973 3339 4033 πάντες
3376 3971 3434 4022 ἐν
3459 3968 3657 4039 γεέννῃ
3685 3968 3734 4019 οἱ

2170 4069 2505 4145 ἁμαρτωλοὶ,
2532 4070 2596 4123 οὐ
2623 4068 2821 4130 πάντες
2852 4067 2921 4119 τά
2951 4065 3089 4121 αὐτὰ
3114 4060 3465 4133 ὑπομενοῦσι.
3499 4059 3593 4113 Διὸ
3643 4060 3736 4113 καὶ

2120 4163 2127 4171 ’
2168 4167 2469 4236 ἐπήγαγεν*
2494 4160 2670 4214 Οὕτω
2713 4159 2811 4213 καὶ
2853 4157 2892 4225 ἡ
2936 4157 3270 4221 ἀνάστασις
3307 4153 3429 4208 τῶν
3481 4149 3732 4220 νεκρῶν.

2173 4254 2358 4317 οὕτω,
2387 4251 2534 4317 πῶς;
2591 4250 2681 4303 Ἐν
2701 4247 2936 4317 διαφορᾷ
2973 4244 3164 4315 πολλῇ.
3199 4240 3334 4299 Είτα
3359 4241 3520 4310 ἀφεὶς
3552 4238 3736 4293 τοῦτον

2168 4345 2261 4398 τὸν
2286 4343 2442 4411 λόγον
2466 4342 2540 4405 ὡς
2566 4328 2872 4411 ἀρκούντως
2903 4334 3306 4404 ἀποδειχθέντα,
3334 4331 3499 4385 πάλιν
3529 4331 3617 4384 ἐπ’
3640 4329 3737 4382 αὐ-

2171 4437 2270 4508 τὴν
2301 4439 2398 4506 τῆς
2446 4433 2792 4492 ἀναστάσεως
2829 4427 2928 4496 τὴν
2958 4425 3232 4490 ἀπόδειξιν
3271 4424 3366 4477 καὶ
3395 4423 3488 4477 τὸν
3539 4420 3738 4492 τρόπον

2173 4533 2412 4605 ἔρχεται,
2436 4528 2627 4596 λέγων·
2648 4523 2954 4591 Σπείρεται
2979 4519 3050 4571 ἐν
3093 4513 3303 4586 φθορᾷ,
3342 4513 3628 4582 ἐτειρεται
3671 4511 3740 4562 ἐν

2176 4602 2499 4692 ἀφθαρσίᾳ.
2517 4618 2626 4671 Καὶ
2639 4616 2735 4670 θέα
2752 4614 2987 4668 σύνεσιψ
3006 4608 3129 4662 Ἐπὶ
3153 4607 3252 4676 μὲν
3272 4605 3383 4658 τῶν
3412 4602 3740 4673 σπερμάτων

2175 4714 2255 4785 τῷ
2274 4713 2381 4766 τῶν
2411 4709 2676 4778 σωμάτων
2705 4707 2973 4776 ἐχρήσατο
3003 4701 3224 4771 ὀνόματι
3251 4697 3442 4765 λέγων·
3491 4696 3573 4748 οὐ
3609 4692 3740 4754 ζωο-

2176 4804 2447 4869 ποιεῖται,
2477 4800 2585 4855 ὲὰν
2611 4799 2698 4868 μὴ
2727 4795 3020 4864 ἀποθάνῃ·
3049 4792 3142 4847 ἐπὶ
3178 4792 3235 4846 δὲ
3249 4790 3357 4844 τῶν
3385 4788 3652 4859 σωμάτων
3674 4787 3737 4853 τῇ

2175 4897 2284 4951 τῶν
2312 4894 2639 4967 σπερμάτων
2669 4889 3005 4962 προσηγορίᾳ
3024 4929 3038 4951 ,
3084 4886 3261 4954 λέγων
3282 4899 3297 4913 ·
3330 4882 3639 4949 Σπείρεται
3676 4878 3743 4931 ὲν

2179 4986 2388 5059 φθορᾷ,
2417 4984 2700 5055 ἐγείρεται
2728 4982 2796 5035 ἐν
2820 4978 3144 5049 ἀφθαρσίᾳ,
3192 4976 3306 5030 Οὐκ
3356 4968 3500 5037 εἷπε,
3526 4971 3742 5032 Φύεται,

2182 5082 2269 5135 ἵνα
2304 5077 2379 5150 μὴ
2428 5076 2525 5146 τῆς
2570 5074 2670 5144 γῆς
2702 5072 2859 5142 ἔργον
2911 5068 3169 5142 νομίσῃς,
3210 5066 3347 5131 ἀλλ’,
3408 5064 3742 5133 Ἔγείρετιίι.

2182 5170 2398 5239 Σποράν
2428 5166 2484 5221 δὲ
2505 5163 2757 5227 ἐνταῦθα,
2789 5161 2850 5215 οὐ
2881 5160 2979 5230 τὴν
3034 5160 3247 5228 γένεσιν
3276 5155 3433 5227 ἡμῶν
3465 5154 3613 5223 λέγει
3650 5150 3745 5219 τὴν

2183 5264 2240 5314 ἐν
2266 5261 2465 5331 μήτρᾳ,
2490 5256 2625 5310 ἀλλά
2645 5256 2743 5326 τὴν
2766 5253 2941 5326 ταφὴν
2968 5251 3064 5323 τὴν
3093 5251 3150 5302 ἐν
3178 5252 3244 5320 τῇ
3267 5252 3336 5319 γῇ
3366 5246 3477 5299 τῶν
3504 5245 3749 5298 τετελευ-

2182 5352 2424 5423 τηκότων
2464 5347 2753 5416 σωμάτων,
2806 5344 2905 5415 τὴν
2948 5342 3208 5401 διάλυσιν,
3257 5338 3355 5409 τὴν
3384 5338 3610 5407 τέφραν.
3664 5331 3752 5386 Διὸ

2185 5441 2372 5507 εἰπὼν,
2410 5440 2715 5506 Σπείρεται
2749 5438 2819 5490 ἐν
2843 5431 3052 5504 φθορᾷ,
3100 5431 3387 5500 ἐγείρεται
3435 5430 3506 5481 ὲν
3533 5428 3753 5496 ἀφθαρ-

2185 5533 2310 5600 σίᾳ,
2341 5530 2608 5601 ἐπήγαγε·
2640 5528 2946 5593 Σπείρεται
2976 5524 3047 5577 ἐν
3076 5519 3379 5588 ἁτιμίᾳ.Τί
3409 5513 3754 5589 γάρείδεχθέ-

2192 5642 2377 5696 στερον
2422 5619 2613 5692 νεκροῦ
2656 5616 3033 5688 διαρῥυέντοςς
3092 5609 3407 5682 Ἐγείρεται
3454 5609 3526 5662 ἐν
3583 5603 3756 5668 δόξῃ.
