4018 6156
304 452 408 509 357

304 566 477 620 diebus
505 563 731 623 excitabo
769 564 931 635 ipsum
963 563 1161 639 (Joau.
1185 562 1241 616 εὶ.
1274 563 1360 617 19.
1387 561 1451 615 21
1482 559 1502 631 )
1526 562 1548 613 ?
1577 575 1697 614 nam
1745 555 1885 626 quod

303 656 719 722 dissolvebatur,
743 656 794 710 id
819 656 1027 710 scilicet
1049 654 1323 710 excitavit.
1351 651 1714 720 Quamobrem
1742 647 1889 703 addi-

305 750 385 802 dit
419 748 743 818 evangelista
760 788 778 812 ,
807 745 907 801 Ille
934 756 1099 800 autent
1135 744 1331 799 (licebat
1359 745 1423 798 de
1450 743 1636 813 templo
1663 743 1742 797 sui
1769 757 1888 795 cor-

305 840 463 909 poris.
493 839 628 907 Quid
663 855 788 909 ergo
813 839 975 902 dicit,
1013 838 1135 891 Non
1161 853 1348 907 corpus
1375 834 1510 907 quod
1546 840 1771 905 futurum
1815 842 1889 887 est

301 930 558 986 seminus?
587 928 696 983 Hoc
736 938 856 993 est,
898 944 1004 983 non
1035 929 1238 999 spicam
1269 944 1283 980 :
1313 935 1397 981 est
1435 927 1576 981 enim
1602 925 1787 978 eadem
1834 933 1888 978 et

306 1037 410 1074 non
437 1021 624 1076 eadem
658 1041 672 1077 :
697 1020 887 1077 eadem
909 1020 1149 1091 quidem,
1177 1018 1431 1088 quioniam
1461 1016 1648 1070 eadem
1679 1023 1762 1068 est
1799 1028 1859 1067 es

304 1110 503 1174 scotia;
533 1124 637 1164 non
660 1110 875 1171 eadem,
918 1110 1169 1180 quoniam
1198 1109 1312 1162 ιιι-ο
1337 1118 1418 1161 est
1455 1107 1662 1167 nielior,
1696 1104 1884 1159 eadem

303 1203 514 1272 quidem
541 1212 793 1257 manente
815 1203 1049 1257 essentia
1069 1243 1086 1268 ,
1116 1201 1303 1270 majori
1333 1208 1509 1254 autent
1539 1198 1675 1252 facta
1707 1197 1889 1265 specie

303 1311 365 1350 ac
390 1295 608 1357 decore,
638 1310 764 1349 cum
789 1311 929 1348 nova
956 1296 1027 1349 sit
1062 1314 1075 1350 :
1099 1294 1346 1365 qutmiam
1373 1294 1471 1346 nisi
1499 1290 1603 1344 hoc
1628 1296 1789 1349 esset,
1820 1301 1888 1342 ne

300 1397 447 1445 esset
468 1389 685 1459 quidem
708 1390 1053 1454 resurrectio,
1080 1388 1185 1443 nisi
1215 1396 1357 1441 esset
1387 1385 1580 1438 melius
1609 1393 1886 1436 resurrec-

305 1489 446 1534 tura.
492 1481 600 1535 Cur
638 1479 779 1534 enim
810 1479 1025 1534 domum
1053 1487 1197 1533 esset
1223 1478 1530 1541 diruturus,
1564 1474 1662 1528 nisi
1692 1473 1890 1542 Splen—

303 1570 568 1625 didiorem
596 1581 740 1625 esset
778 1569 1183 1625 mdiiicatorus?
1222 1569 1331 1623 lloc
1368 1569 1530 1637 igitur
1569 1566 1704 1621 dixit
1743 1564 1889 1629 illis,

304 1664 396 1732 qui
423 1663 799 1716 existittlubtnt
828 1662 1074 1717 eumdem
1107 1676 1227 1716 esse
1256 1659 1532 1713 interitum
1583 1672 1647 1711 ac
1685 1671 1890 1709 corrui

308 1755 565 1823 ptioncm.
593 1754 795 1809 Deinde
823 1769 890 1808 ne
916 1755 1175 1823 quispiam
1203 1765 1385 1806 rursus
1402 1750 1735 1805 existimaret
1764 1746 1889 1800 hinc

305 1844 508 1898 dictum
533 1859 656 1900 esse
698 1844 842 1898 aliud
884 1858 1078 1912 corpus
1103 1884 1117 1908 ,
1148 1843 1331 1897 datum
1374 1842 1599 1910 a-nigma
1642 1838 1806 1903 lenit,
1835 1844 1890 1891 et

309 1938 694 2006 interpretatur
719 1936 862 2006 quod
894 1937 1094 1990 dictum
1134 1944 1237 1996 est,
1269 1949 1378 1987 non
1410 1932 1713 1985 concedens
1739 1927 1890 1982 audi-

304 2031 407 2083 tori
451 2042 510 2083 ut
554 2038 785 2083 mentem
830 2029 937 2083 alio
968 2026 1275 2083 transferat.
1325 2025 1460 2093 Quid
1518 2036 1647 2093 ergo
1690 2020 1888 2075 nostris

297 2134 438 2190 opus
467 2128 552 2174 est
576 2119 790 2173 verbis?
813 2119 947 2173 Audi
973 2120 1165 2188 ipsum,
1188 2119 1276 2187 qui
1303 2117 1371 2170 (Ιὶι
1395 2118 1452 2181 it,
1472 2114 1598 2184 quid
1628 2114 1697 2168 sit
1725 2113 1890 2166 inter-

299 2222 601 2279 pretantem
642 2229 655 2264 :
692 2211 812 2266 Non
867 2228 1051 2281 corpus
1093 2211 1227 2278 quod
1258 2210 1485 2278 futurum
1532 2218 1603 2262 est
1647 2206 1883 2260 seminus.

295 2305 489 2360 Statim
516 2306 658 2360 enim
687 2305 962 2375 subjunxit
995 2303 1141 2359 τερα
1178 2303 1372 2357 nudum
1402 2317 1655 2370 granum,
1688 2307 1739 2351 ut
1762 2314 1886 2368 puta

294 2398 475 2463 tritici,
504 2407 592 2451 aut
618 2398 837 2463 alicuius
875 2396 1169 2465 ltujusmodi
1208 2395 1456 2448 seminum
1508 2392 1619 2445 lioc
1648 2398 1749 2451 est,
1780 2402 1885 2442 non

291 2502 494 2556 corpus
522 2485 666 2558 quod
695 2495 780 2542 est
816 2484 1053 2539 futurum
1076 2527 1089 2550 ,
1122 2499 1312 2553 nempe
1354 2500 1458 2536 non
1487 2484 1565 2535 sic
1592 2483 1840 2533 vestitum
1867 2517 1883 2542 ,

292 2595 469 2649 neque
526 2581 760 2634 cultnum
801 2577 1006 2632 babens
1043 2585 1097 2630 et
1126 2576 1316 2629 aristas
1350 2590 1363 2627 :
1412 2573 1516 2627 Sed
1551 2571 1738 2624 nudum
1768 2584 1888 2639 gra-

290 2689 436 2737 num,
456 2684 513 2726 ut
534 2683 657 2743 puta
680 2672 872 2738 tritici,
901 2681 987 2724 aut
1015 2670 1236 2740 alicujus
1262 2668 1403 2722 exiis
1429 2682 1543 2737 qua:
1561 2676 1675 2720 sunt
1701 2664 1884 2733 hujus-

288 2765 452 2819 ntodi.
504 2765 594 2821 58.
642 2764 780 2818 Deus
827 2774 999 2817 autem
1043 2762 1132 2815 dat
1181 2762 1259 2815 illi
1290 2775 1476 2829 corpus
1535 2760 1663 2812 sicut
1704 2756 1881 2810 voluit.

286 2856 451 2911 Certe
475 2897 490 2921 ,
524 2857 731 2926 inquit;
765 2855 859 2910 sed
892 2855 997 2908 illic
1023 2864 1104 2908 est
1141 2868 1275 2922 Opus
1304 2864 1529 2906 naturw.
1561 2849 1727 2919 Cujus
1751 2890 1764 2911 ,
1798 2848 1906 2905 dic.

287 2966 501 3020 (priuso,
535 2949 778 3003 natura)?
823 2963 944 3002 nam
983 2948 1094 3002 illic
1134 2958 1347 3017 quoque
1395 2945 1533 2998 Deus
1596 2942 1884 2996 labriCaIur

289 3041 607 3095 universum
636 3081 650 3103 ,
693 3054 800 3093 non
839 3048 1029 3092 natura
1072 3051 1244 3107 neque
1286 3046 1427 3088 terra
1464 3048 1640 3102 neque
1682 3032 1875 3101 pluvia.

287 3132 655 3200 Quamobrem
701 3131 819 3199 ipse
851 3129 963 3184 hare
1010 3130 1319 3199 significans
1342 3169 1356 3191 ,
1384 3127 1609 3182 dimissa
1633 3134 1777 3181 terra
1829 3134 1881 3179 et

288 3240 420 3280 aere
449 3235 504 3279 et
544 3223 726 3293 pluvia
750 3204 805 3278 et
832 3222 1183 3292 agricolarum
1224 3220 1468 3274 manibus
1498 3263 1511 3281 ,
1545 3220 1816 3290 subjnnxit
1865 3236 1878 3271 :

288 3311 432 3371 Deus
459 3316 548 3370 dat
580 3316 660 3369 illi
691 3330 876 3385 corpus
908 3316 1033 3369 sicut
1069 3314 1245 3368 voluit.
1285 3313 1404 3367 Noli
1445 3328 1574 3384 ergo
1610 3314 1883 3384 inquirere

289 3419 345 3462 et
381 3407 634 3478 indagare
659 3406 926 3478 quomodo
948 3417 1005 3461 et
1027 3420 1253 3476 quanam
1281 3409 1509 3471 ratione,
1540 3423 1662 3460 eum
1695 3406 1882 3460 audie-

294 3499 370 3552 ris
416 3496 510 3550 Dei
540 3498 823 3565 potentiam
868 3507 921 3553 et
948 3499 1296 3551 voluntatem.
1332 3496 1397 3550 Et
1442 3499 1708 3567 illllt'ithlle
1733 3499 1883 3551 semi-

295 3606 420 3641 num
468 3590 725 3658 proprium
768 3604 970 3659 corpus.
1000 3590 1100 3647 Ubi
1148 3604 1276 3659 ergo
1306 3590 1575 3644 alienum?
1603 3591 1692 3643 (lat
1737 3592 1879 3644 enim

294 3681 595 3750 proprium.
628 3684 977 3748 Quamobrem
1009 3683 1222 3754 quando
1247 3683 1396 3749 dicit,
1432 3682 1548 3736 Nan
1579 3682 1712 3753 quod
1737 3684 1879 3753 futu-

291 3790 411 3827 rum
454 3785 526 3827 est
554 3777 802 3839 seminus,
834 3792 935 3830 non
984 3776 1086 3831 hoc
1114 3775 1276 3841 dicit,
1305 3775 1445 3846 quod
1486 3776 1587 3827 alia
1634 3789 1730 3842 pro
1775 3774 1881 3828 alia

292 3876 543 3936 resurgat
567 3869 820 3929 ess‘entia,
846 3869 936 3922 sed
960 3868 1101 3937 quod
1129 3868 1334 3928 melior,
1365 3866 1505 3936 quod
1531 3857 1878 3935 splendidior.

294 3956 583 4026 Unicuique
617 3961 749 4013 enim
787 3963 1034 4013 seminum
1073 3962 1334 4029 pt-Opriunt
1368 3977 1571 4029 corpus.
1611 3958 1743 4013 ilinc
1767 3959 1880 4028 jam

292 4051 588 4104 introducit
616 4053 775 4105 etiam
806 4053 1159 4106 dill‘ercntiam
1191 4054 1602 4108 resurrectiOuis
1647 4063 1770 4108 tunc
1800 4051 1882 4108 fu-

296 4158 448 4196 mraa.
482 4140 561 4196 Ne
588 4143 728 4196 enim
750 4182 767 4206 ,
797 4145 1047 4214 quoniam
1080 4145 1373 4198 seminatur
1395 4160 1577 4199 semen
1602 4157 1660 4200 et
1694 4161 1883 4201 milites

295 4236 594 4290 nsi-eadunt
634 4237 796 4305 Spicze
820 4278 836 4303 ,
871 4245 1152 4306 propterea
1182 4239 1457 4293 existimes
1488 4252 1668 4308 parem
1717 4240 1880 4295 etiam

297 4328 557 4384 tumorem
587 4341 709 4383 esse
727 4329 776 4382 in
801 4329 1214 4385 resurrectione.
1242 4326 1455 4384 Etenim
1489 4346 1555 4385 ne
1582 4332 1633 4385 in
1658 4333 1882 4387 semini-

298 4420 395 4474 lms
413 4421 631 4490 quidem
653 4435 788 4475 unus
809 4430 890 4475 est
913 4421 1078 4475 ordo:
1099 4420 1229 4475 Nam
1252 4423 1352 4476 alia
1369 4420 1582 4492 quidem
1603 4435 1725 4477 sunt
1748 4439 1885 4491 prac-

293 4515 552 4566 stantiora
568 4520 622 4566 ct
637 4513 961 4576 honestiora,
976 4513 1077 4567 alia
1093 4529 1218 4568 vero
1235 4515 1498 4569 deteriora
1520 4534 1533 4569 ε
1548 4530 1713 4585 quare
1724 4517 1882 4570 etiam

294 4605 617 4674 subjunxit:
652 4605 719 4658 Et
760 4607 1028 4672 unicuique
1068 4608 1334 4677 prOprium
1379 4622 1582 4678 corpus.
1617 4604 1882 4664 Czcterum

294 4712 399 4752 non
422 4708 507 4754 est
535 4698 635 4751 hoc
662 4708 965 4765 contentus,
991 4699 1084 4755 sed
1106 4698 1262 4754 aliam
1286 4701 1477 4770 quierit
1501 4700 1879 4766 differentium,

294 4790 554 4860 majorem
587 4802 641 4845 et
672 4788 1111 4846 manifestiorem.
1143 4788 1272 4847 Nam
1303 4808 1369 4849 ne
1398 4808 1518 4848 cum
1546 4795 1842 4850 audivisses
1864 4832 1879 4858 ,

293 4880 432 4934 sicut
453 4881 587 4944 dixi,
618 4881 758 4950 quod
783 4896 970 4935 omnes
997 4891 1294 4953 resurgant,
1327 4885 1665 4938 existimares
1693 4900 1881 4939 ttlltllCS

294 4971 483 5025 eadem
518 4972 771 5041 eoosequi
802 4982 853 5025 et
883 4972 1067 5026 iisdem
1105 4972 1235 5039 frtti,
1268 4973 1411 5043 prius
1431 4976 1642 5044 quidem
1670 4975 1800 5045 jecil
1831 4977 1883 5028 in

297 5065 725 5131 praecedentibus
780 5066 984 5119 semina
1040 5064 1197 5133 lmjus
1248 5067 1568 5131 sententiae,
1623 5067 1810 5123 dicens
1865 5084 1880 5121 :

300 5158 656 5230 Unusquisque
684 5167 850 5212 autem
874 5159 925 5211 in
947 5158 1154 5228 proprio
1179 5158 1372 5211 ordine.
1401 5158 1547 5212 Facit
1572 5168 1748 5213 autem
1782 5160 1879 5214 hoc

293 5250 534 5317 apertius
562 5249 647 5302 hic
677 5263 890 5319 quoque
937 5262 1145 5316 rursus,
1172 5246 1356 5302 dicens
1385 5266 1396 5301 :
1430 5249 1517 5302 59.
1565 5248 1681 5303 Non
1722 5254 1882 5306 omnis

296 5359 415 5396 caro
441 5342 618 5395 eadem
647 5358 784 5396 caro.
813 5342 949 5408 Quid
978 5342 1119 5395 enim
1141 5381 1156 5406 ,
1203 5342 1405 5410 inquit,
1429 5342 1550 5397 dico
1578 5342 1628 5396 in
1661 5345 1872 5399 semiui-

300 5436 433 5489 Ims'.’
464 5437 565 5489 hoc
609 5436 779 5505 ipsum
825 5433 1087 5503 agitemus
1132 5430 1289 5486 etiam
1335 5436 1385 5487 in
1429 5435 1777 5502 corporibus,
1819 5437 1885 5489 de

296 5527 486 5592 quibus
530 5541 558 5577 a
599 5527 753 5577 nobis
790 5539 931 5577 nunc
961 5526 1148 5592 agitur.
1184 5523 1540 5588 Quamobrem
1566 5525 1835 5595 subjungit
1864 5567 1879 5590 ,

296 5618 481 5671 dicens
512 5634 524 5670 ι
561 5618 667 5670 Sed
696 5616 800 5670 alia
823 5616 1023 5685 quidem
1052 5631 1168 5667 caro
1195 5625 1264 5668 est
1291 5616 1568 5679 hominum,
1597 5614 1697 5670 alia
1719 5628 1884 5672 autem

297 5725 553 5772 pecorum,
597 5710 706 5761 alia
737 5708 1032 5767 volucrum,
1064 5704 1168 5758 alia
1197 5714 1363 5758 autem
1402 5708 1632 5775 piscium.
1682 5710 1767 5763 40.
1820 5710 1884 5764 Et

297 5813 510 5866 corpora
541 5798 766 5851 ca’lestia
785 5841 799 5863 ,
828 5808 873 5851 et
899 5813 1111 5861 corpora
1133 5797 1383 5849 terrestria
1413 5813 1429 5848 :
1457 5797 1546 5849 sed
1568 5797 1666 5849 alia
1688 5801 1882 5865 quitlen

298 5891 571 5944 rtt’lestium
607 5891 770 5958 gloria
796 5932 810 5952 ,
856 5891 957 5942 alia
998 5898 1160 5940 autem
1191 5890 1497 5941 terrestriurr.‘
1527 5903 1544 5940 .'
1572 5888 1656 5942 Η.
1687 5887 1787 5942 alio
1814 5902 1886 5944 πλε

642 5984 908 6041 ΡΑΤΙιΟι.
958 5985 1070 6041 lin.
1122 5985 1271 6042 LXI.

1328 443 1397 505 lN
1435 442 1647 504 nrtsr.
1692 395 1867 501 ιἈι)
1903 443 2057 502 con.
2104 442 2336 504 llOMlL.
2379 443 2516 505 xu.

3470 450 3578 513 338

1996 558 2160 629 gloria
2185 561 2328 626 solis,
2357 571 2405 615 et
2442 562 2546 616 alia
2571 570 2643 617 est
2670 562 2836 635 gloria
2867 563 3001 618 lente
3019 606 3034 632 ,
3064 574 3111 619 ct
3139 566 3243 621 alia
3272 568 3432 640 gloria
3463 577 3581 628 stel-

1995 649 2161 703 larum
2191 664 2209 704 :
2235 651 2383 706 stella
2412 652 2547 706 enim
2585 669 2616 706 a
2640 652 2787 709 stella
2817 655 2986 722 iii/fert
3014 658 3068 710 in
3096 655 3282 728 gloria.

2065 740 2121 794 3.
2164 740 2229 795 Et
2288 741 2415 811 quid
2444 741 2544 797 sibi
2593 743 2779 800 volunt
2819 745 2933 802 Iure
2975 748 3184 804 verba?
3230 765 3460 821 quanam
3510 755 3578 810 de

1994 842 2153 883 causa
2179 845 2208 883 a
2238 833 2631 889 resurrectione
2658 849 2945 907 corpormu
2972 839 3172 895 excidit
3198 842 3248 896 in
3277 844 3576 902 ora'ione'm

1994 922 2062 976 de
2090 921 2263 977 steiiis
2288 934 2342 979 et
2384 924 2538 981 sole?
2565 925 2680 983 Non
2710 929 2908 985 excidit
2928 970 2944 997 ,
2979 948 3151 1002 neque
3185 936 3445 993 abductus
3482 940 3579 997 fuit

1993 1015 2060 1067 ab
2099 1027 2413 1085 argumento
2434 1057 2450 1084 ,
2479 1020 2647 1087 absit,
2675 1022 2768 1075 sed
2813 1022 2864 1077 in
2893 1038 2958 1079 eo
2989 1025 3163 1083 adhuc
3202 1028 3387 1086 lueret.
3441 1033 3575 1089 Nam

1993 1107 2246 1172 quoniam
2273 1108 2518 1175 probavit
2546 1111 2687 1181 quod
2714 1111 2912 1168 dictum
2939 1124 3023 1170 est
3051 1116 3119 1173 de
3144 1124 3540 1180 resurrectione
3561 1168 3576 1190 ,

1992 1197 2225 1250 ostendit
2260 1199 2403 1266 jam,
2452 1201 2593 1270 quod
2644 1210 2769 1256 tunc
2809 1203 3002 1260 futurae
3045 1207 3229 1277 gloria:
3272 1224 3462 1282 magna
3509 1218 3580 1271 sit

1993 1286 2291 1343 ditiorentia
2314 1330 2330 1355 ,
2360 1291 2458 1344 etsi
2488 1306 2590 1346 una
2620 1302 2703 1347 est
2729 1297 3054 1352 resurrectio
3087 1316 3101 1352 :
3134 1309 3190 1354 et
3218 1301 3269 1355 in
3299 1304 3407 1358 duo
3434 1305 3577 1364 luteo

1995 1377 2093 1431 rim
2128 1379 2315 1435 dividit
2343 1381 2682 1450 universum,
2715 1399 2909 1456 nempe
2937 1388 2990 1443 in
3032 1390 3269 1448 ca'lestia
3300 1404 3353 1449 et
3380 1406 3578 1455 terres-

1998 1467 2119 1522 tria.
2146 1466 2278 1524 Nam
2308 1472 2450 1542 quod
2497 1488 2722 1544 corpora
2750 1478 2966 1546 quidem
3000 1492 3314 1554 resurgant,
3346 1490 3582 1544 ostcmlit

1996 1573 2090 1627 per
2120 1561 2445 1618 frumentum
2496 1583 2511 1622 :
2554 1566 2695 1637 quod
2735 1579 2913 1625 autem
2956 1584 3061 1628 neu
3091 1577 3270 1631 (illiilla
3309 1577 3359 1632 in
3390 1582 3577 1638 eadem

1994 1651 2182 1720 gloria.
2203 1652 2325 1708 hinc
2345 1656 2597 1712 ostendit.
2612 1658 2760 1714 Sicut
2774 1662 2914 1715 enim
2942 1679 3047 1718 non
3069 1660 3291 1722 credere
3308 1682 3580 1728 resurrec-

1996 1743 2147 1808 ti0ni,
2175 1747 2393 1814 supinos
2414 1746 2575 1803 facit:
2605 1750 2675 1804 ita
2698 1753 2856 1807 etiam
2881 1756 3209 1827 negligentes
3230 1765 3399 1816 reddit
3423 1775 3475 1818 et
3492 1781 3609 1819 so.-

1994 1836 2219 1901 cordes,
2245 1838 2553 1895 existimare
2590 1854 2778 1897 omnes
2803 1844 2989 1899 eadem
3026 1849 3279 1922 consequi
3308 1860 3361 1907 et
3387 1849 3573 1910 iisdem

1997 1923 2117 1978 frui.
2145 1926 2501 1993 Quamobrem
2538 1940 2819 2002 utrumque
2854 1937 3073 2008 Corrigit
3100 1956 3112 1991 :
3137 1950 3191 1994 et
3226 1943 3327 1995 alia
3358 1946 3574 2014 quidem

1993 2015 2220 2071 absolvit
2241 2018 2291 2070 in
2316 2020 2756 2090 praecedentibus,
2781 2024 2847 2079 ab
2873 2026 2973 2081 llOC
2991 2038 3166 2085 autem
3190 2048 3329 2087 mmc
3354 2036 3532 2105 incipit
3558 2058 3570 2092 :

1993 2120 2046 2165 ct
2066 2128 2185 2165 cum
2210 2114 2343 2167 tluos
2368 2114 2582 2171 feciSset
2602 2118 2818 2175 ordines
2834 2120 3098 2190 justorum
3118 2134 3171 2179 et
3190 2139 3530 2196 peccatorum
3555 2173 3571 2195 ,

1994 2200 2091 2255 hos
2110 2204 2251 2271 ipsos
2272 2220 2456 2260 rursus
2477 2210 2687 2262 secatin
2704 2210 2887 2280 plures
2905 2223 3107 2281 partes:
3128 2218 3416 2273 ostendens
3432 2223 3572 2291 quod

1993 2307 2167 2363 neque
2186 2295 2335 2365 justi,
2358 2313 2529 2367 neque
2547 2311 2852 2368 peccatores
2870 2305 3056 2360 eadem
3078 2321 3450 2379 assequentur;
3479 2331 3573 2369 ne-

1990 2400 2095 2453 que
2117 2386 2238 2454 justi
2265 2400 2453 2443 euntes
2474 2391 2658 2446 eadem
2679 2392 2935 2465 qumjusli
2958 2398 3249 2469 alii,neque
3265 2414 3574 2472 peccatores

1990 2474 2181 2529 eadem
2200 2491 2316 2546 quae
2330 2491 2661 2548 peccatores.
2687 2478 2978 2557 Facitergo
2997 2489 3224 2556 primum
3264 2508 3420 2548 unam
3449 2510 3570 2551 sec-

1990 2565 2186 2620 tionem
2197 2569 2462 2636 justorum
2476 2579 2526 2626 et
2538 2584 2824 2642 peccaturo
2833 2594 2879 2629 ιιι
2888 2578 3342 2653 ,diccns:Corpora
3354 2586 3573 2642 rwlestia

1987 2667 2033 2709 et
2051 2672 2265 2727 corpora
2282 2664 2561 2728 terrestria;
2577 2681 2673 2734 per
2697 2670 2967 2723 terrestria
2989 2672 3204 2742 quidem
3224 2675 3322 2732 bos
3334 2678 3571 2736 subindi-

1987 2760 2240 2819 cans,pcr
2254 2752 2488 2808 cmlestia
2505 2764 2683 2811 autem
2704 2756 2843 2814 illos.
2866 2761 3069 2819 Deinde
3089 2764 3156 2821 de
3177 2776 3375 2825 caetero
3401 2771 3571 2830 intro-

1984 2839 2133 2895 ducit
2158 2840 2513 2900 ditl‘erentiam
2540 2858 2882 2917 peccatorum
2895 2867 2922 2905 a
2938 2858 3326 2925 peccatoribus,
3345 2860 3565 2919 dicens:

1989 2930 2110 2986 Non
2137 2936 2300 2988 omnis
2324 2952 2444 2991 caro
2467 2939 2641 2992 cadent
2665 2957 2785 2995 caro
2800 2982 2815 3009 ,
2839 2943 2929 2997 sed
2949 2945 3054 2999 alia
3083 2948 3284 3017 quidem
3311 2952 3524 3022 piscium
3550 2997 3566 3021 ,
3643 2965 3652 2973 ·

1985 3025 2088 3079 alia
2112 3036 2279 3081 autem
2300 3028 2557 3084 volucrum
2579 3040 2625 3085 et
2647 3049 2905 3103 pecorum.
2929 3038 3087 3107 Atqui
3108 3051 3232 3096 sunt
3250 3044 3426 3099 omnia
3448 3060 3570 3102 cor-

1986 3134 2136 3188 pora,
2161 3121 2253 3176 sed
2275 3122 2379 3177 alia
2407 3123 2621 3194 quidem
2666 3127 2848 3183 viliora
2870 3137 2926 3185 et
2960 3130 3273 3202 abjectlora,
3312 3135 3416 3191 alia
3441 3151 3569 3195 Vero

1985 3211 2179 3265 minus.
2209 3211 2264 3267 in
2291 3214 2394 3268 vita
2419 3230 2634 3287 quoque
2654 3214 2902 3275 similiter
2921 3232 2974 3276 et
2993 3222 3045 3277 in
3072 3224 3260 3280 eadem
3292 3231 3569 3284 constitu-

1985 3306 2147 3358 tione.
2173 3306 2237 3359 ιςι
2260 3320 2379 3360 cum
2409 3309 2510 3363 hoc
2530 3308 2774 3374 dixisset,
2796 3313 3040 3370 ascendit
3062 3331 3248 3372 rursus
3274 3317 3326 3373 in
3347 3320 3565 3386 caelum,

1983 3394 2164 3451 dicens
2187 3414 2200 3451 :
2226 3398 2341 3452 Alia
2364 3398 2527 3470 gloria
2541 3402 2682 3467 solis,
2709 3412 2755 3456 et
2778 3405 2883 3457 alia
2896 3407 3062 3475 gloria
3083 3409 3236 3464 tunc.
3259 3408 3568 3469 Sicutenim

1986 3488 2034 3541 in
2056 3490 2397 3544 terrestribus
2430 3493 2743 3562 corporibus
2768 3504 2851 3550 est
2876 3496 3201 3566 diﬂ‘erentia,
3230 3501 3299 3556 ita
3326 3504 3489 3558 etiam
3514 3507 3565 3559 in

1982 3580 2281 3635 caelestibus
2295 3590 2381 3636 est
2395 3582 2716 3651 diil‘erentia,
2729 3600 2898 3656 eaque
2910 3603 3015 3642 non
3029 3591 3280 3659 vulgaris,
3294 3595 3387 3650 sed
3407 3597 3567 3651 etiam

1984 3672 2230 3739 usquead
2253 3682 2512 3730 extrema.
2532 3675 2645 3729 Non
2663 3676 2836 3732 solum
2853 3679 2994 3733 enim
3012 3691 3095 3736 est
3110 3681 3408 3743 dilferentia
3438 3690 3568 3746 solis

1982 3776 2011 3814 a
2029 3762 2171 3828 luna,
2193 3779 2365 3834 neque
2382 3764 2768 3834 lunwastellis,
2787 3770 2880 3824 sed
2898 3770 3059 3826 etiam
3086 3773 3359 3832 stellarqu
3382 3794 3411 3833 a
3438 3783 3570 3837 stel-

1985 3854 2066 3908 lis.
2087 3848 2217 3908 Nam
2235 3855 2444 3913 etiamsi
2466 3859 2642 3912 omnia
2667 3860 2775 3915 sint
2804 3863 2857 3915 in
2882 3862 3034 3929 caelo,
3058 3864 3160 3920 alia
3193 3877 3367 3924 tamen
3397 3874 3568 3943 majo-

1984 3960 2116 4012 rem,
2132 3947 2234 4005 alia
2254 3963 2380 4002 vero
2396 3949 2655 4006 minorem
2673 3950 2871 4008 habent
2887 3954 3130 4024 gloriam.
3145 3958 3279 4026 Quid
3298 3976 3426 4033 ergo
3443 3965 3568 4019 llllli:

1982 4036 2275 4095 discimus?
2294 4040 2444 4107 Quod
2462 4043 2668 4099 etiamsi
2691 4060 2879 4101 omnes
2901 4047 3008 4101 sint
3037 4049 3088 4102 in
3120 4065 3303 4121 regno,
3323 4068 3429 4109 non
3452 4071 3568 4111 om-

1985 4146 2078 4185 nes
2104 4142 2279 4187 tamen
2316 4134 2503 4189 eadem
2532 4148 2934 4207 consequentur
2962 4149 3017 4195 et
3041 4142 3229 4197 iisdem
3282 4144 3563 4204 fruentur:

1984 4224 2191 4278 etiamsi
2234 4238 2426 4279 omnes
2470 4238 2779 4296 peccatores
2818 4232 2869 4286 in
2914 4232 3195 4302 gehenna,
3246 4251 3352 4292 non
3378 4253 3569 4296 omnes

1985 4316 2169 4370 eadem
2217 4317 2575 4372 sustinebunt.
2609 4319 2675 4373 Et
2735 4321 2855 4376 ideo
2910 4323 3185 4392 subjuuxit
3231 4342 3244 4378 :
3276 4327 3365 4382 42.
3395 4328 3485 4384 Sic
3521 4343 3567 4385 et

1985 4407 2282 4461 resurrectio
2337 4415 2687 4466 mortuorum.
2749 4412 2868 4480 Sic,
2924 4419 3235 4486 quomodo?
3292 4422 3346 4478 in
3406 4423 3568 4477 multa

1985 4497 2309 4552 dili‘erentia.
2358 4499 2560 4554 Deinde
2610 4499 2712 4555 hac
2762 4510 3032 4571 tamquam
3080 4506 3297 4573 probata
3346 4509 3567 4568 dimissa

1985 4590 2246 4653 oratione,
2270 4606 2457 4645 rursus
2477 4592 2620 4646 venit
2645 4591 2711 4646 ad
2739 4592 3248 4653 demonstrationem
3271 4610 3326 4655 et
3350 4604 3565 4660 modum

1989 4684 2155 4752 ipsius
2209 4685 2646 4748 resurrectionis,
2681 4684 2909 4739 dicens:
2944 4686 3242 4744 Seminatur
3285 4693 3338 4747 in
3387 4711 3562 4749 corru-

1986 4776 2179 4842 ptione,
2214 4784 2382 4846 surget
2411 4776 2462 4828 in
2490 4776 2884 4843 incorruptione.
2936 4777 3065 4833 Vide
3104 4790 3279 4836 autem
3325 4786 3564 4854 pruden-

1988 4867 2112 4920 tiam
2147 4884 2158 4918 :
2195 4867 2246 4919 in
2279 4867 2576 4921 seminilms
2604 4867 2820 4935 quidem
2856 4883 2984 4923 usus
3009 4879 3093 4924 est
3124 4874 3343 4929 nomine
3372 4891 3566 4947 Corpo-

1987 4973 2126 5019 rum,
2157 4957 2340 5012 dicens
2390 4975 2402 5010 :
2456 4956 2575 5009 Non
2608 4958 2921 5023 vivi/iratur,
2955 4961 3053 5014 nisi
3093 4964 3244 5033 fuerit
3280 4978 3572 5034 mortuum;

1989 5047 2038 5101 iu
2067 5049 2384 5117 Corporibus
2407 5058 2583 5100 autem
2612 5050 2971 5118 appellatione
2992 5054 3258 5108 seminum
3287 5097 3303 5121 ,
3332 5057 3521 5114 (lit-ens
3553 5080 3567 5115 :

1993 5141 2280 5194 Seminutur
2306 5140 2358 5192 in
2383 5141 2734 5206 corruptione,
2763 5145 2920 5213 surgit
2946 5146 2998 5198 in
3026 5146 3422 5217 incorruptione.
3452 5152 3568 5212 Non

1988 5233 2113 5285 .l‘wit
2133 5275 2147 5297 ,
2178 5232 2443 5293 Nascitur,
2472 5248 2539 5285 ne
2567 5235 2841 5288 existimes
2883 5252 3002 5290 esse
3044 5253 3178 5306 opus
3211 5249 3401 5306 terrae,
3446 5248 3565 5312 sed,

1996 5325 2189 5394 Surgit.
2221 5323 2641 5379 Seminationem
2664 5335 2843 5380 autem
2883 5327 2966 5381 hic
2993 5329 3154 5393 dicit,
3188 5349 3292 5388 non
3334 5348 3568 5392 nostram

1988 5419 2036 5467 iu
2082 5417 2299 5468 ittatrice
2329 5415 2760 5484 generationem,
2801 5418 2892 5471 sed
2921 5418 3293 5479 defunctorum
3339 5428 3389 5480 in
3428 5439 3570 5482 terra

1988 5510 2336 5577 sepulturam,
2380 5507 2824 5572 dissolutiOuem,
2884 5510 3139 5567 cinerem.
3211 5516 3567 5582 Quamobrem

1988 5619 2106 5656 cum
2135 5603 2391 5667 dixisset,
2427 5601 2719 5657 Sentinatur
2748 5603 2801 5655 in
2838 5608 3193 5673 corruptione,
3225 5610 3383 5676 surgit
3413 5608 3464 5658 in
3492 5609 3570 5660 in-

1989 5695 2328 5763 corruptione,
2362 5693 2641 5762 snbjunxit
2673 5712 2685 5747 :
2717 5695 2807 5749 45.
2839 5695 3131 5750 Seminatur
3159 5701 3208 5750 in
3235 5696 3565 5765 ignobilitate.

1990 5789 2125 5856 Quid
2154 5791 2294 5844 enim
2323 5798 2405 5845 est
2435 5789 2549 5843 visu
2576 5790 2779 5858 turpius
2803 5805 2960 5858 quam
2987 5806 3181 5856 corpus
3212 5788 3350 5856 quod
3385 5789 3559 5839 disso.

1996 5891 2156 5938 ίιιειιιι,
2185 5888 2300 5941 p51?
2334 5888 2509 5953 Surgit
2544 5882 2598 5932 ιιι
2626 5883 2788 5949 {/lm'iu
2820 5897 2833 5930 .'
2869 5881 3145 5930 seminatur
3172 5881 3222 5929 in
3258 5879 3558 5943 inﬁrmitate.

3122 5970 3197 6025 ‘23
