4018 6156
392 334 495 390 559

394 446 636 505 Nondum
657 441 797 497 enim
817 447 944 493 sunt
966 435 1176 504 triginta
1197 430 1334 492 dies,
1355 435 1408 482 et
1435 425 1590 495 periit
1609 420 1912 476 universum
1938 433 1953 470 :

396 554 497 595 nec
543 542 716 605 potest
750 542 876 585 caro
919 540 978 580 se
1017 522 1329 583 continere,
1388 529 1571 605 neque
1613 507 1956 605 unum-diem

395 600 608 687 durare.
640 622 815 694 Surgit
837 616 892 674 in
916 618 1112 671 uirtute.
1144 612 1294 666 Tunc
1334 608 1481 663 enim
1528 604 1644 675 ejus
1688 600 1818 694 nihil
1850 613 1962 694 Asu-

376 721 598 794 .pcrerit
652 690 936 786 reliquum.
1003 708 1293 776 Propterea
1333 711 1392 757 et
1436 699 1543 754 illis
1595 710 1730 766 Opus
1778 690 1962 794 habuit

1092 319 1152 374 S.
1184 312 1456 373 JOANNIS
1491 302 1964 367 CIIRYSOSTOMI
2007 299 2315 356 ARCIIlEP.
2356 300 2886 358 CONSTANTINOP.

3532 307 3636 362 390

2067 414 2197 469 hens
2241 414 2561 469 sententiam
2591 430 2710 483 quas
2733 414 2975 485 procedit
2998 428 3028 466 a
3051 413 3212 468 relms
3234 454 3251 481 ,
3277 414 3636 472 testimonium

2066 502 2322 558 ferentem
2363 503 2577 572 Optima:
2624 505 2717 559 Dei
2761 504 3233 568 administrationi,
3268 515 3322 559 et
3348 507 3638 563 ostendens

2065 593 2206 663 quod
2223 608 2311 648 res
2329 603 2524 647 nostra:
2544 607 2756 663 semper
2778 593 3071 664 procedunt
3090 593 3157 647 ad
3177 594 3228 649 id
3251 595 3395 665 quod
3421 606 3507 651 est
3526 613 3635 654 me-

2068 685 2171 738 lius
2189 699 2252 739 ae
2268 684 2605 754 praestantius
2636 701 2649 738 :
2673 684 2830 738 simul
2861 685 3029 740 etiam
3055 682 3179 739 hinc
3195 699 3409 755 quoque
3427 687 3476 741 ei
3500 690 3640 757 quod

396 774 679 882 asapia,
710 774 786 862 ne
808 802 958 859 multi
990 774 1433 857 haec—audientes,
1460 802 1654 856 nempe
1680 782 1819 855 quod
1851 796 1968 834 snr-
2068 774 2604 882 dicitiidemiacieos.
2625 774 2755 829 Nam
2768 775 2812 829 si
2833 790 2953 882 quae
2969 775 3308 831 suntminora
3325 790 3642 882 evenerunt,

399 911 531 975 gunt
558 880 614 956 in
641 894 1037 966 incorruptione
1082 895 1139 943 et
1161 885 1330 957 gloria
1369 880 1657 975 et‘virtut-e
1677 916 1693 940 ,
1724 880 1969 944 putarent

402 966 788 1062 resurgentium
819 982 1013 1039 nullam
1044 992 1164 1033 esse
1192 970 1565 1031 diifcrentiatn.
1611 966 1742 1021 Nam
1778 977 1970 1062 omnes

404 1056 616 1153 quidem
644 1083 944 1146 resurgunt,
972 1084 1025 1127 et
1050 1071 1103 1124 in
1130 1069 1322 1122 virtute
1342 1073 1396 1117 ct
1423 1064 1474 1117 in
1501 1056 1898 1152 incorruptione
1918 1061 1973 1106 et

407 1175 459 1228 in
491 1169 658 1241 gloria
690 1169 786 1221 hac
813 1159 1222 1229 incorruptionis
1242 1197 1258 1221 ,
1286 1168 1393 1208 non
1421 1160 1592 1204 tamen
1623 1159 1810 1200 omnes
1830 1157 1975 1244 ejus-

384 1263 530 1318 rdem
555 1257 773 1314 honoris
797 1262 852 1309 et
870 1250 1188 1307 securitatis.
1216 1245 1308 1321 1M.
1344 1242 1638 1298 Seminatur
1663 1251 1846 1305 corpus
1865 1242 1976 1285 ani-

410 1351 559 1415 male,
586 1346 746 1418 surgit
777 1359 958 1403 corpus
987 1336 1267 1408 spirituale.
1301 1331 1392 1386 Est
1419 1345 1599 1396 corpus
1634 1325 1885 1386 animale,
1931 1331 1978 1374 et

387 1451 482 1497 .est
507 1455 689 1509 corpus
727 1432 1007 1504 spirituale.
1052 1427 1190 1496 Quid
1222 1422 1395 1478 dicis?
1424 1420 1526 1474 hoc
1575 1426 1758 1509 autem
1804 1425 1981 1509 nonne

417 1542 500 1589 est
525 1504 840 1600 spirituale?
882 1520 1169 1593 Spirituale
1212 1509 1595 1603 quidermsed
1635 1506 1764 1603 illud
1812 1504 1978 1603 multo

419 1597 605 1692 magis.
636 1617 765 1673 Nam
793 1629 931 1670 nunc
955 1611 1168 1682 quidem
1195 1619 1337 1673 saepe
1366 1601 1539 1656 avolat
1565 1597 1789 1692 Spiritus
1811 1597 1982 1648 sancti

417 1688 578 1767 multa
623 1706 789 1778 gratia
826 1702 1088 1772 aliquibus
1120 1710 1309 1765 magna
1350 1688 1694 1764 peccantibus
1715 1727 1730 1752 ,
1759 1693 1812 1778 et
1842 1697 1985 1752 prte-

400 1810 571 1858 sente
597 1775 806 1868 quoque
833 1793 1021 1863 spiritu
1052 1788 1262 1849 animae,
1302 1782 1479 1835 avolat
1519 1778 1625 1868 vita
1667 1775 1880 1837 carnis;
1927 1778 1985 1826 et

421 1890 560 1961 quod
602 1867 683 1942 est
718 1879 1052 1954 huiusmodi,
1096 1877 1296 1944 absque
1336 1872 1436 1924 hoc
1479 1877 1563 1923 est
1612 1867 1768 1967 inane
1813 1872 1985 1962 :tunc

422 1991 597 2035 autem
630 1992 736 2031 non
766 1975 870 2038 sic,
895 1969 987 2026 sed
1030 1973 1287 2038 perpetuo
1334 1967 1611 2032 permanet
1643 1971 1693 2009 in
1720 1967 1881 2008 carne
1901 1967 1989 2020 Ju-

428 2083 654 2134 storum,
685 2076 740 2121 et
778 2065 893 2134 ejus
919 2062 1021 2116 erit
1049 2066 1285 2129 potestas
1310 2062 1365 2108 et
1402 2050 1681 2119 imperium
1733 2052 1995 2115 prteseute

423 2175 635 2232 quoque
662 2158 857 2211 anima.
888 2156 993 2208 Aut
1019 2150 1160 2205 enim
1202 2146 1306 2201 tale
1332 2142 1456 2214 quid
1490 2137 1878 2232 subindicavit,

414 2226 562 2307 .cens
591 2246 902 2319 Spirituale;
927 2249 1020 2297 aut
1052 2238 1194 2309 quod
1230 2236 1464 2290 futurum
1492 2231 1562 2285 sit
1588 2230 1757 2285 levius
1783 2236 1838 2282 et
1866 2226 1995 2319 sub-

428 2344 592 2405 tilius,
615 2348 670 2392 et
696 2335 837 2407 quod
870 2333 1033 2402 possit
1068 2329 1228 2385 etiam
1260 2325 1378 2379 vehi
1411 2324 1464 2377 in
1495 2337 1654 2385 aere;
1688 2319 1770 2374 vel
1816 2318 1995 2387 potius

430 2443 730 2499 utrumque.
764 2426 818 2480 Si
849 2436 1025 2478 autem
1055 2435 1158 2475 non
1185 2417 1360 2472 credis
1385 2415 1432 2470 ei
1463 2413 1603 2485 quod
1629 2412 1846 2474 dicitur,
1876 2408 1999 2462 vide

430 2534 655 2592 Cul‘pura
686 2514 918 2572 celestia
960 2526 1079 2581 qua:
1108 2518 1229 2563 sunt
1252 2517 1356 2561 tam
1388 2504 1664 2575 splendida
1706 2512 1757 2556 et
1787 2500 2001 2555 durabi-

431 2615 523 2675 lia,
563 2619 618 2666 et
647 2613 955 2678 permanent
1005 2605 1056 2656 in
1094 2599 1396 2656 conditione
1434 2612 1537 2649 non
1567 2593 1912 2656 senesceudi;
1954 2600 2007 2645 et

435 2704 559 2758 hinc
586 2698 710 2756 cred
725 2713 774 2760 c,
806 2694 944 2765 quod
973 2694 1109 2747 Deus
1134 2698 1307 2760 potest
1328 2688 1498 2741 facere
1525 2687 1636 2740 lure
1660 2698 1869 2754 quoque
1889 2696 2008 2736 cor-

428 2791 703 2862 ruptibilia
751 2782 1168 2855 incorruptibilia
1223 2780 1334 2834 fieri
1363 2819 1377 2843 ,
1446 2787 1501 2832 et
1574 2777 1742 2829 multo
1789 2775 2006 2827 meliora

350 2874 358 2882 ’
436 2888 502 2940 iis
527 2900 643 2954 quae
671 2889 979 2936 cermmtur.
1011 2875 1105 2930 45.
1138 2873 1282 2928 Sicut
1307 2870 1548 2940 scriptum
1577 2879 1647 2921 est
1674 2883 1692 2921 :
1726 2868 1918 2920 Factus
1939 2875 2011 2920 est

424 2976 626 3045 .primus
651 2971 797 3025 homo
819 2972 870 3021 in
897 2966 1118 3019 animant
1144 2962 1422 3025 viventem;
1449 2959 1746 3012 nouissimus
1778 2957 1939 3009 Adam
1961 2957 2013 3008 in

443 3064 675 3132 spiritum
717 3058 1066 3125 viviﬁcantem.
1108 3054 1265 3119 Atqui
1314 3048 1448 3104 illud
1491 3047 1703 3117 quidem
1759 3048 2010 3115 scriptum

442 3165 522 3211 est
555 3151 707 3224 (Gen.
731 3148 786 3203 ‘2.
814 3149 904 3217 7),
934 3146 1036 3200 hoc
1059 3151 1238 3197 autem
1267 3156 1372 3194 non
1394 3149 1478 3193 est
1527 3139 1779 3205 scriptum
1826 3153 1839 3189 :
1882 3149 2013 3204 quo-

432 3244 612 3299 .modo
633 3253 761 3310 ergo
784 3237 919 3293 dixit
938 3275 955 3302 ,
982 3234 1239 3305 Scriptum
1268 3241 1335 3285 est
1353 3231 1379 3285 .9
1404 3231 1445 3283 A
1475 3244 1652 3283 rerum
1698 3237 1888 3282 eventu
1919 3226 2019 3280 hoc

450 3337 825 3403 interpretatus
857 3346 869 3381 :
897 3325 1035 3397 quod
1069 3323 1206 3378 solet
1240 3320 1455 3374 assidue
1509 3318 1707 3373 facere.
1737 3318 1829 3371 Est
1876 3320 2017 3370 enim

452 3427 538 3479 hic
564 3437 679 3478 mos
709 3419 982 3491 propheta:
1010 3431 1023 3468 :
1054 3413 1251 3470 etenim
1290 3410 1584 3468 Jerusalem
1627 3408 1890 3463 civitatem
1931 3408 2018 3473 jn-

456 3518 616 3572 stitite
651 3512 945 3570 videndam
970 3509 1085 3564 fore
1114 3506 1246 3562 dixit
1277 3507 1531 3575 propheta
1565 3502 1746 3572 (Zuclt.
1777 3503 1830 3557 8.
1858 3502 1936 3571 5),
1969 3510 2022 3555 et

453 3623 558 3664 non
586 3617 667 3662 est
690 3613 899 3660 vocata.
927 3599 1063 3668 Quid
1090 3597 1251 3669 ergo?
1273 3596 1534 3649 falsumne
1563 3594 1694 3648 dixit
1728 3590 2024 3662 propheta?

454 3700 795 3768 Nequaquam
827 3709 842 3748 :
871 3707 991 3746 nam
1020 3691 1160 3743 illam
1190 3687 1405 3758 quidem
1434 3687 1511 3741 sic
1548 3685 1842 3739 vocamlam
1891 3683 2025 3736 dixit

459 3805 553 3859 per
581 3800 757 3841 rerum
797 3790 1067 3838 eventmu.
1096 3779 1364 3831 Christum
1405 3792 1617 3846 quoque
1654 3776 1787 3829 dixit
1829 3789 2014 3828 vocan-

442 3881 584 3933 dum
615 3873 1014 3931 Emmanuelem
1047 3867 1198 3936 (Isai.
1226 3869 1277 3921 7.
1312 3864 1434 3936 it);
1462 3877 1515 3920 et
1555 3881 1653 3921 nec
1683 3867 1795 3935 ipse
1819 3880 2028 3934 quoque

463 3970 541 4023 sic
579 3974 665 4021 est
693 3972 933 4023 vocatus,
966 3958 1060 4013 sed
1089 3972 1176 4011 res
1206 3957 1334 4026 ipsa:
1364 3956 1502 4010 hanc
1531 3970 1716 4009 vocem
1756 3956 2025 4009 emittunt.

448 4064 536 4118 ita
554 4059 638 4113 hic
647 4068 859 4127 quoque
870 4047 1229 4105 Nouissimam
1236 4046 1351 4098 dam
1369 4047 1419 4098 in
1432 4046 1663 4114 spiritum
1681 4047 2026 4113 viviﬁcantem.

530 4152 584 4204 4.
610 4148 733 4201 llaec
769 4151 944 4198 autem
971 4139 1124 4206 dixit,
1158 4147 1214 4191 ut
1239 4137 1435 4200 discas,
1489 4136 1629 4206 quod
1659 4145 1711 4190 et
1741 4137 1860 4189 vita:
1889 4153 2029 4205 pne-

415 4296 421 4302 _
466 4239 633 4296 sentis
660 4245 713 4291 ct
738 4233 926 4288 futura:
949 4230 1057 4300 jam
1089 4235 1351 4282 venerunt
1375 4226 1525 4296 signa
1553 4235 1605 4280 et
1637 4226 1875 4296 pignora:
1908 4242 2034 4295 pra:-

467 4330 634 4385 sentis
663 4325 875 4397 quidem
925 4320 1114 4382 Adam,
1145 4317 1334 4373 futurae
1378 4325 1556 4371 autem
1600 4315 1863 4371 Christus.
1902 4317 2032 4371 Nam

468 4421 717 4493 quonam
748 4429 868 4486 qua:
914 4421 1038 4467 sunt
1089 4410 1312 4465 meliora
1363 4409 1513 4477 ponit
1546 4409 1597 4461 in
1634 4423 1762 4477 Spe,
1806 4411 2038 4464 ostendit

464 4510 785 4583 principium
812 4507 920 4577 jam
938 4503 1203 4565 evenisse,
1223 4513 1277 4555 et
1299 4502 1529 4555 radicem
1559 4510 1613 4555 ct
1646 4502 1844 4557 famem
1871 4519 2034 4573 appa-

477 4602 667 4656 ruisse.
691 4597 746 4652 Si
769 4604 944 4649 autem
962 4594 1110 4648 radix
1132 4602 1180 4647 et
1202 4591 1320 4646 fons
1342 4601 1423 4645 est
1438 4592 1683 4645 omnibus
1704 4592 2036 4661 manifestus,

478 4689 606 4745 nihil
624 4698 705 4742 est
725 4684 1073 4740 dubitandum
1094 4682 1161 4737 de
1183 4681 1459 4736 fructibus.
1477 4680 1543 4733 Et
1558 4680 1677 4735 ideo
1697 4682 1849 4748 dicit,
1866 4682 2044 4736 Navis-

477 4781 632 4834 simus
662 4776 825 4830 Adam
854 4776 906 4828 in
936 4774 1170 4844 spiritum
1214 4773 1656 4840 uiviﬁcantentwt
1675 4774 1799 4827 alibi
1829 4790 2043 4845 qu0que

479 4872 628 4936 dicit,
666 4867 950 4936 Viuiﬁcabit
979 4865 1210 4919 mortalia
1228 4880 1441 4935 corpora
1464 4874 1625 4918 vestra
1647 4883 1736 4935 per
1751 4868 2045 4922 inhabitan-

479 4976 579 5017 tem
605 4960 856 5032 Spiritum
885 4958 940 5011 in
968 4953 1302 5025 vobis(Rom.
1321 4956 1374 5009 8.
1398 4956 1506 5026 il).
1539 4956 1635 5010 Est
1662 4956 2046 5027 ergoSpiritus

474 5053 770 5110 uiviiicare.
796 5049 997 5105 Deinde
1019 5062 1088 5103 ne
1109 5047 1370 5117 quispiam
1396 5046 1633 5113 diceret,
1664 5048 1773 5104 Cur
1793 5063 1919 5106 sunt
1947 5067 2047 5106 au-

472 5146 707 5215 tiquiora
748 5158 809 5197 ea
851 5158 969 5211 qua:
1012 5149 1137 5194 sunt
1182 5138 1404 5208 pejora;
1440 5148 1495 5193 et
1531 5154 1651 5209 quae
1679 5152 1801 5196 sunt
1834 5143 2047 5213 quidem

482 5235 878 5299 animalia,tota
908 5242 1223 5297 evenerunt,
1240 5239 1559 5287 nectantum
1580 5248 1746 5303 usque
1770 5234 1835 5289 ad
1864 5238 2052 5306 primi-

486 5327 611 5389 tias,
631 5341 749 5395 qua:
771 5332 953 5378 autem
975 5324 1293 5391 spiritualia,
1322 5338 1426 5377 non
1454 5323 1553 5379 nisi
1583 5338 1748 5394 usque
1775 5326 1840 5379 ad
1871 5329 2054 5395 primi-

488 5416 624 5470 tias?
648 5412 875 5469 ostendit
897 5413 1173 5482 utriu-que
1193 5413 1449 5482 principia
1466 5413 1534 5467 ita
1562 5412 1725 5469 fuisse
1742 5417 2051 5473 constituta.

482 5509 573 5563 ιθ.
604 5506 711 5562 Sed
753 5523 853 5559 mm
898 5505 1077 5574 prius,
1123 5504 1314 5572 inquit,
1361 5505 1496 5573 quod
1552 5507 1817 5575 spirituale
1842 5520 1934 5570 est.
1964 5511 2054 5566 sed

485 5598 618 5667 quod
645 5597 907 5651 animule:
947 5595 1128 5648 deinde
1169 5593 1308 5665 quod
1346 5594 1629 5664 spirituale.
1664 5597 1777 5651 Non
1809 5600 1938 5654 dicit
1960 5617 2053 5657 au-

487 5697 616 5753 tem,
641 5705 829 5760 quare,
872 5688 966 5745 sed
993 5697 1072 5743 est
1115 5696 1398 5742 contentus
1430 5687 1522 5741 Dei
1552 5690 1885 5748 ordinatione
1908 5736 1922 5758 ,
1960 5698 2053 5749 ha-

2071 867 2238 921 multo
2250 867 2416 936 magis
2443 882 2562 936 qua:
2587 875 2711 920 sunt
2743 867 2962 921 meliora
2991 875 3117 921 sunt
3138 869 3515 936 exspectanda.

2144 958 2336 1011 Μονευὶ
2356 975 2454 1012 non
2478 958 2624 1011 nimis
2649 959 2873 1030 lugendi,
2895 959 2985 1013 sed
3011 959 3240 1029 precibus
3277 970 3324 1014 et
3352 961 3495 1016 bouis
3522 977 3641 1033 ope-

2073 1048 2210 1102 ribus
2247 1048 2484 1118 juvandi.
2533 1077 2602 1088 -—
2646 1048 2779 1102 Cum
2823 1064 2953 1119 ergo
2988 1047 3223 1103 futurum
3264 1051 3420 1106 situt
3455 1053 3649 1107 talibus

2078 1140 2315 1194 fruamur
2339 1139 2515 1204 bonis,
2539 1155 2642 1195 nos
2671 1142 2722 1194 in
2746 1141 2856 1196 hoc
2897 1140 3086 1195 ordine
3135 1141 3481 1207 collocemus,
3502 1153 3558 1198 et
3581 1160 3648 1199 ne

2079 1229 2370 1285 deﬂeamus
2391 1246 2484 1285 eos
2509 1232 2597 1300 qui
2623 1230 2906 1295 excedunt,
2935 1230 3029 1286 sed
3068 1245 3164 1286 eos
3199 1233 3290 1300 qui
3321 1233 3481 1286 vitam
3514 1235 3652 1288 male

2082 1322 2290 1376 ﬁniunt.
2323 1321 2452 1376 Nam
2474 1330 2529 1376 et
2549 1322 2781 1392 agricola
2800 1335 2918 1377 cum
2948 1321 3145 1376 viderit
3167 1321 3385 1376 dissolvi
3417 1322 3653 1379 frumen-

2084 1422 2221 1479 tum,
2246 1428 2350 1466 non
2375 1414 2716 1477 lamentatur,
2749 1411 2841 1466 sed
2866 1412 3120 1480 quamdiu
3150 1412 3367 1481 quidem
3399 1414 3545 1469 videt
3568 1429 3656 1468 so-

2084 1503 2247 1558 lidum
2267 1518 2485 1557 manere
2507 1503 2558 1555 in
2584 1513 2746 1564 terra,
2771 1512 2986 1557 veretur
3011 1505 3481 1570 etcontremiscit;
3515 1512 3655 1574 post~

2086 1608 2243 1662 quam
2270 1601 2446 1647 autem
2478 1591 2636 1645 fuerit
2659 1590 2996 1659 dissolutum,
3020 1592 3255 1646 la-tatur.
3281 1593 3493 1646 Initium
3516 1594 3655 1648 enim

2091 1683 2279 1737 futura:
2304 1683 2560 1737 sementis
2585 1691 2667 1735 est
2696 1682 2996 1736 dissolutio.
3049 1683 3137 1738 Sic
3160 1698 3265 1738 nos
3292 1700 3505 1753 quoque
3536 1696 3659 1739 tunc

2093 1775 2354 1839 laetemur,
2381 1788 2502 1827 cum
2516 1774 2785 1829 ceciderit
2818 1773 3007 1827 domus
3029 1773 3079 1827 in
3112 1788 3269 1843 quam
3310 1776 3455 1829 cadit
3482 1777 3666 1831 interi-

2096 1875 2221 1931 tus,
2272 1865 2484 1934 quando
2525 1866 2684 1920 honto
2724 1864 2885 1920 fuerit
2915 1867 3225 1920 seminatus.
3269 1866 3374 1922 Nec
3401 1868 3616 1921 mireris
3638 1911 3662 1933 ,

2096 1959 2137 2011 si
2160 1958 2485 2025 sepulturam
2514 1956 2715 2009 vocarit
2741 1966 3035 2010 sementem
3061 1971 3077 2020 ;
3111 1969 3172 2010 ea
3197 1956 3334 2010 enim
3363 1966 3445 2010 est
3471 1957 3665 2010 melior

2096 2048 2371 2101 sementis.
2399 2046 2526 2101 Nam
2551 2047 2623 2100 illi
2655 2048 2870 2116 quidem
2897 2046 3137 2101 succedit
3167 2062 3314 2102 mors
3337 2058 3391 2101 et
3412 2047 3660 2109 labores,

2098 2140 2333 2210 pericula
2360 2149 2413 2195 et
2434 2155 2576 2193 cura:
2610 2157 2622 2191 :
2652 2139 2775 2193 huic
2816 2148 3016 2203 autem,
3040 2138 3084 2192 si
3107 2149 3251 2195 recte
3279 2139 3555 2207 vivamus,
3582 2155 3672 2193 eo-

2098 2247 2248 2285 ronm
2275 2239 2331 2285 ct
2361 2235 2573 2299 prmmia
2597 2246 2611 2283 :
2645 2239 2698 2284 et
2722 2230 2796 2283 illi
2820 2229 3031 2299 quidem
3060 2231 3331 2299 corruptio
3351 2246 3414 2285 ac
3432 2232 3674 2286 interitus

2104 2334 2159 2378 et
2188 2337 2363 2383 mors;
2394 2321 2517 2375 huic
2534 2330 2710 2375 autem
2744 2321 2959 2374 interitu
3005 2335 3210 2385 carere,
3258 2321 3589 2394 ineorruptio
3621 2333 3677 2377 (Et

2106 2414 2496 2479 immortalitas,
2518 2421 2574 2468 et
2600 2412 2737 2466 bona
2768 2411 3171 2466 innumerabilia
3203 2430 3217 2468 :
3252 2413 3302 2467 in
3335 2413 3425 2467 illa
3455 2418 3676 2469 semina-

2110 2505 2251 2560 tione
2300 2514 2423 2558 sunt
2453 2503 2766 2573 complexus
2813 2512 2868 2558 et
2905 2503 3202 2571 voluptates
3247 2513 3297 2558 et
3339 2520 3596 2570 somnus;
3626 2507 3677 2559 in

2110 2594 2207 2649 hac
2233 2603 2411 2649 autem
2443 2610 2542 2646 vox
2573 2593 2746 2647 solum
2774 2607 2807 2648 e
2832 2593 2979 2647 caelis
3006 2593 3341 2649 descendens
3361 2636 3378 2661 ,
3410 2606 3466 2650 et
3503 2597 3678 2649 otunia

2111 2684 2263 2739 simul
2294 2693 2513 2753 repente
2543 2684 2907 2752 perﬁciuntur.
2939 2683 3001 2736 Et
3033 2684 3120 2752 qui
3147 2684 3402 2753 resurgit,
3428 2700 3537 2739 non
3568 2702 3677 2738 am-

2106 2777 2251 2846 plius
2275 2774 2524 2842 deinceps
2542 2773 2823 2827 adducitur
2844 2772 2909 2827 ad
2939 2774 3098 2827 vitam
3127 2773 3470 2839 laboriosam,
3499 2775 3596 2829 sed
3611 2777 3685 2848 ad

2115 2883 2232 2921 eam
2263 2866 2403 2919 unde
2435 2865 2616 2935 cliugit
2642 2864 2817 2928 dolor,
2852 2865 3024 2918 luctus
3050 2875 3105 2917 et
3133 2864 3382 2934 gemitus.
3418 2865 3473 2920 Si
3505 2876 3683 2920 autent

2116 2958 2482 3015 defensionem
2533 2955 2763 3025 requiris
2783 2963 2839 3009 et
2869 2955 3238 3023 patrocinium,
3293 2966 3350 3010 et
3401 2966 3683 3026 propterea

2118 3049 2285 3102 virum
2312 3046 2499 3113 deﬂes,
2527 3046 2753 3116 confuge
2778 3046 2842 3099 ad
2874 3046 3112 3100 onmium
3138 3056 3482 3103 communem
3512 3060 3690 3119 patro.

2121 3156 2267 3206 num,
2284 3137 2639 3204 defensorem,
2658 3146 2980 3192 servatorem
3007 3145 3062 3191 et
3082 3138 3468 3193 benefactorem
3493 3140 3683 3205 Demu,

2119 3233 2186 3286 ad
2238 3230 2645 3300 inexpugnabile
2694 3229 2945 3281 auxilium
2970 3269 2985 3295 ,
3015 3227 3081 3282 ad
3128 3228 3284 3285 facile
3304 3237 3357 3284 et
3384 3243 3690 3299 promptum

2123 3322 2508 3392 adiumentum,
2540 3320 2605 3373 ad
2638 3330 2944 3390 perpetuam
2999 3336 3119 3391 qua:
3172 3335 3388 3392 semper
3417 3331 3474 3376 et
3500 3322 3696 3392 ubique

2123 3415 2275 3469 adest
2304 3413 2708 3484 protectionem.
2739 3427 2836 3472 nos
2860 3412 3090 3486 undique
3113 3411 3460 3470 munientem.
3481 3418 3543 3466 At
3573 3428 3697 3469 con-

2125 3507 2350 3564 suetudo
2381 3523 2465 3562 res
2491 3520 2572 3563 est
2596 3508 2964 3563 desiderabilis
2984 3518 3036 3563 et
3062 3508 3325 3563 amabilis.
3353 3507 3468 3576 Ego
3487 3522 3699 3576 quoque

2129 3604 2179 3656 id
2200 3602 2347 3666 scio;
2378 3600 2471 3654 sed
2498 3602 2540 3654 si
2571 3601 2762 3655 rationi
2793 3611 2995 3673 motum
3021 3601 3183 3654 animi
3237 3603 3577 3656 commiseris
3600 3643 3616 3665 .
3645 3610 3701 3655 et

2126 3692 2271 3761 apud
2305 3702 2355 3746 te
2386 3693 2715 3761 reputaveris
2761 3691 2880 3760 quis
2902 3693 2971 3744 sit
2999 3691 3088 3761 qui
3124 3693 3365 3762 accepit,
3400 3703 3452 3746 et
3475 3693 3615 3761 quod
3647 3693 3695 3745 si

2133 3784 2251 3837 l'orti
2273 3784 2451 3836 animo
2481 3783 2684 3845 tuleris,
2716 3783 2825 3836 Deo
2855 3794 3086 3837 mentem
3120 3793 3280 3838 totam
3307 3783 3464 3837 oditrs
3493 3784 3697 3837 sacriﬁ-

2131 3876 2268 3928 cium
2295 3891 2310 3939 ;
2344 3873 2486 3927 hunc
2512 3888 2722 3943 quoque
2778 3872 2992 3927 ﬂuctuat
3035 3875 3237 3943 poteris
3265 3874 3447 3936 vitare,
3477 3884 3532 3927 et
3556 3875 3703 3942 quod

2130 3974 2345 4035 tempus
2393 3964 2595 4029 efﬁcit,
2627 3964 2730 4019 hoc
2780 3964 2935 4020 faciet
2986 3965 3340 4035 phiIOSophia.
3383 3963 3477 4020 Sin
3523 3978 3704 4018 autem

2134 4055 2313 4109 mollis
2354 4054 2517 4109 fueris
2536 4067 2589 4108 et
2610 4067 2917 4121 enervatus,
2973 4065 3213 4123 tenuiore
3260 4056 3469 4124 quidem
3499 4054 3711 4109 desinet

2138 4147 2300 4200 animi
2333 4146 2691 4214 perturbatio,
2726 4147 2818 4201 tibi
2849 4156 3025 4200 autem
3056 4147 3253 4201 nullam
3280 4148 3471 4201 ail'eret
3510 4163 3710 4202 merce-

2140 4238 2284 4293 dem.
2315 4238 2447 4293 Cum
2472 4237 2553 4291 his
2583 4238 2877 4291 rationibus
2906 4237 3097 4308 collige
3122 4238 3283 4291 etiam
3315 4237 3561 4306 exentpla
3596 4253 3710 4306 qua:

2143 4341 2266 4387 sunt
2291 4334 2341 4385 in
2366 4331 2612 4400 prmscnti
2642 4332 2768 4397 vita,
2796 4346 2914 4400 (ιικη
2940 4341 3061 4383 sunt
3085 4331 3135 4382 iu
3164 4329 3358 4385 divinis
3384 4330 3708 4397 Scripturis:

2143 4424 2315 4492 cogita
2344 4422 2484 4491 quod
2515 4420 2783 4473 Abraham
2812 4434 2965 4475 suum
2985 4420 3245 4488 jugulavit
3266 4420 3516 4485 lilium,et
3545 4436 3715 4491 neque

2148 4513 2294 4568 ﬂevit
2338 4528 2512 4581 neque
2540 4513 2758 4567 verbum
2789 4514 2966 4567 emisit
3012 4511 3307 4582 acerbum(
3338 4511 3545 4567 Geuﬁ‘z
3580 4514 3616 4581 ).
3651 4513 3718 4564 At

2150 4607 2259 4665 ille.
2292 4605 2519 4673 inquies,
2567 4614 2683 4657 erat
2713 4604 3005 4658 Abraham.
3052 4604 3214 4674 Atqui
3241 4614 3297 4657 tu
3327 4614 3549 4657 vocatus
3577 4619 3634 4658 es
3664 4614 3719 4657 ut

2151 4697 2351 4766 majora
2379 4704 2528 4764 septa
2553 4694 2920 4749 transcendas.
2945 4693 3047 4750 Job
3067 4705 3244 4749 autem
3279 4703 3482 4748 tantum
3507 4694 3718 4763 quidem

2151 4790 2342 4852 doluit,
2400 4796 2654 4858 quantum
2683 4797 2766 4842 est
2799 4798 3217 4843 consentaneum
3261 4799 3470 4857 patrem
3528 4788 3721 4843 liberos

2154 4889 2453 4945 amantem,
2482 4889 2535 4933 et
2565 4895 2806 4950 magnam
2851 4894 3031 4933 curam
3070 4889 3347 4949 gerentem
3395 4894 3583 4934 eertum
3636 4879 3724 4948 qui

2160 4979 2522 5025 excesserant.
2552 4970 2682 5024 Nam
2710 4985 2828 5040 quae
2875 4983 2974 5022 nos
3017 4971 3231 5039 quidem
3276 4985 3417 5025 nunc
3456 4969 3682 5024 facimus
3707 5008 3724 5033 ,

2161 5072 2282 5115 sum
2314 5062 2649 5115 inimicorum
2672 5070 2725 5115 et
2755 5060 3007 5115 hostium.
3057 5060 3237 5129 Neque
3274 5062 3439 5126 enim,
3473 5062 3517 5115 si
3548 5063 3730 5130 aliquo

2161 5152 2210 5203 in
2235 5153 2433 5221 regiam
2473 5152 2702 5204 abducto
2729 5159 2783 5204 et
2805 5163 3063 5204 coronato
3090 5153 3369 5221 pSangt-res
3396 5163 3447 5205 et
3472 5153 3732 5208 lamenta-

2160 5243 2315 5308 reris,
2363 5250 2416 5295 te
2455 5242 2679 5295 dixerim
2706 5258 2823 5295 esse
2852 5243 3092 5297 coronati
3134 5245 3385 5305 amicum.
3440 5245 3534 5299 sed
3586 5244 3734 5298 valde

2162 5336 2434 5390 iuimicmn
2464 5347 2518 5389 et
2540 5337 2767 5389 hostem.
2816 5337 2884 5389 At
2913 5350 3018 5389 non
3059 5335 3202 5389 illum
3226 5376 3244 5402 ,
3273 5337 3502 5405 inquies,
3541 5338 3696 5408 lugeo
3717 5377 3733 5402 ,

2163 5428 2255 5480 sed
2290 5443 2375 5480 me
2419 5427 2612 5495 ipsum.
2644 5426 2750 5481 Sed
2775 5442 2948 5495 neque
2980 5427 3082 5481 hoc
3108 5436 3191 5481 est
3217 5430 3468 5494 amantis,
3505 5429 3643 5484 velle
3672 5430 3736 5483 il-

2166 5517 2274 5571 lum
2301 5527 2520 5586 propter
2543 5525 2595 5571 te
2615 5517 2734 5586 angi
2767 5528 2820 5572 et
2843 5518 3025 5572 vexati
3052 5527 3105 5572 ct
3135 5518 3337 5572 incerto
3370 5519 3551 5575 futuro
3580 5520 3734 5589 suhjio

2166 5610 2235 5672 ci,
2264 5624 2382 5662 cum
2416 5609 2553 5663 adsit
2582 5609 2828 5663 coronari
2861 5620 2915 5663 et
2941 5610 3005 5663 ad
3034 5624 3117 5678 po:
3132 5617 3241 5661 tum
3268 5609 3530 5675 tendere;
3575 5612 3737 5664 autin

2169 5702 2298 5755 mari
2318 5700 2527 5770 jactari,
2555 5715 2676 5756 cum
2705 5700 2859 5755 liceat
2886 5714 3004 5755 esse
3027 5700 3076 5753 in
3104 5707 3277 5769 portu.
3324 5700 3392 5754 At
3419 5701 3625 5771 nescio,
3659 5700 3739 5753 in-
