4018 6156
329 403 441 464 359

331 519 640 590 Σπείρετιιι
665 520 734 574 ἐν
761 520 1060 589 ἀσθενείᾳ.
1093 515 1259 574 Οὔπω
1284 517 1390 592 γάρ
1429 520 1630 592 ἡμέραι
1663 519 1912 590 τριάκον-

332 629 422 674 τα,
465 612 558 666 καὶ
599 613 662 666 τὸ
683 613 790 666 πᾶν
841 613 1106 667 ἀπώλετο·
1152 614 1246 666 καὶ
1288 615 1586 684 κατασχεῖν
1641 611 1840 684 ἑαυτὴν
1880 613 1912 682 ἡ

335 701 474 774 σὰρξ
511 702 572 757 ού
601 703 843 768 δύναται,
881 702 1002 758 οῦδὲ
1029 703 1168 773 πρὸς
1207 701 1337 774 μίαν
1389 703 1625 774 ἀρκέσαι
1670 702 1908 774 ἡμέραν.

345 790 664 860 Ἐγείρεται
681 791 1037 863 ἐνδυνάμει.
1065 790 1202 845 Τότε
1228 791 1338 864 γὰρ
1362 789 1531 854 αὑτοῦ
1555 790 1710 846 οὐδὲν
1761 808 1914 862 περι-

332 881 488 938 έσται
506 882 707 938 λοιπόν.
731 884 831 938 Διά
843 883 909 956 δὴ
923 883 1082 938 τοῦτο
1097 884 1190 940 καὶ
1207 883 1432 939 ἐκείνων
1449 883 1644 955 ἐδεήθη
1658 885 1768 938 τῶν
1781 885 1916 938 ὑπο-

326 973 658 1044 δειγμάτων,
691 975 779 1029 ῐνα
810 976 889 1050 μὴ
919 975 1096 1032 ταῦτα
1124 975 1414 1040 ἀκούοντες
1461 974 1668 1040 πολλοὶ,
1735 976 1816 1030 ὄτι
1858 977 1915 1028 ὲν

330 1064 610 1140 ἀφθαρσίᾳ
637 1067 734 1122 καὶ
761 1066 889 1140 δόξῃ
919 1069 1014 1123 καὶ
1039 1067 1270 1140 δυνάμει
1291 1067 1616 1140 ἐγείρονται,
1649 1067 1913 1138 νομίσωσι

334 1159 606 1230 μηδεμίαν
643 1153 784 1214 εἶναι
807 1159 1075 1232 διαφοράν
1117 1160 1229 1215 τῶν
1268 1160 1666 1232 ἀνισταμένων.
1705 1160 1916 1224 Πάντες

333 1249 433 1320 μὲν
452 1249 562 1320 γὰρ
583 1249 927 1316 ἀνίστανται,
959 1253 1054 1306 καὶ
1087 1253 1144 1307 ἐν
1173 1251 1401 1324 δυνάμει
1425 1251 1522 1308 καὶ
1550 1253 1608 1305 ἐν
1629 1249 1914 1323 ἀφθαρσίᾳ

328 1341 430 1395 καὶ
466 1343 524 1394 ἐν
549 1339 675 1412 δόξῃ
695 1341 870 1414 ταύτῃ
905 1345 971 1416 τῇ
1000 1343 1102 1415 τῆς
1145 1343 1477 1414 ἀφθαρσίας,
1507 1345 1568 1398 οὐ
1602 1344 1792 1415 μέντοι
1815 1345 1913 1414 τῆς

330 1435 500 1505 τιμῆς
529 1434 631 1504 τῆς
661 1434 833 1506 αὐτῆς
862 1436 983 1490 οὐδὲ
1009 1437 1108 1508 τῆς
1135 1435 1436 1504 ἀσφαλείας
1478 1436 1702 1500 πάντες.
1741 1437 1916 1490 Σπεί-

322 1539 494 1592 ρεται
515 1523 686 1594 σῶμα
703 1525 986 1595 ψυχικὸν,
999 1526 1280 1598 ἐγείρεται
1296 1526 1470 1598 σῶμα
1489 1529 1912 1598 πνευματικόν.

339 1615 507 1669 Ἔστι
528 1614 698 1686 σῶμα
717 1619 1004 1686 ψυχικὸν,
1023 1617 1120 1673 καί
1142 1619 1278 1674 ἔστι
1293 1617 1466 1687 σῶμα
1487 1620 1909 1689 πνευματικόν.

325 1704 401 1758 ’Τί
431 1704 639 1774 λέγεις;
696 1707 854 1762 τοῦτο
897 1709 954 1762 δὲ
985 1710 1046 1762 ού
1074 1710 1477 1780 πνευματικόνς
1540 1709 1914 1781 Πνευματικδν

334 1795 459 1866 μὲν,
493 1795 608 1850 ἀλλ’
637 1799 814 1851 ἐκεῖνο
845 1799 1024 1870 πολλῷ
1057 1799 1240 1855 πλέον.
1272 1801 1387 1855 Νῦν
1420 1801 1520 1872 μὲν
1557 1802 1664 1872 γάρ
1685 1801 1780 1856 καὶ
1809 1801 1914 1870 άφ-

339 1887 560 1942 ίπταται
587 1887 684 1942 τοῦ
713 1889 1027 1962 Πνεύματος
1062 1891 1156 1946 τοῦ
1185 1892 1345 1962 ἁγίου
1389 1893 1653 1956 πολλάκις
1681 1895 1714 1966 η
1746 1892 1913 1964 πολλὴ

338 1979 516 2048 χάρις,
535 1981 956 2052 ἁμαρτανόντων
978 1983 1191 2053 μεγάλα
1211 1982 1394 2048 τινῶν,
1413 1985 1507 2038 καὶ
1536 1983 1631 2038 τοῦ
1661 1984 1910 2055 πνεύμα-

331 2085 424 2131 τος
441 2067 497 2120 δὲ
520 2071 788 2140 παρόντος
813 2070 914 2142 τῆς
941 2070 1120 2142 ψυχῆς
1145 2073 1178 2144 ἡ
1201 2072 1316 2144 ζωὴ
1338 2071 1438 2142 τῆς
1460 2073 1659 2144 σαρκός
1677 2089 1692 2104 ο
1727 2071 1822 2125 καὶ
1851 2071 1912 2125 τὸ

327 2159 540 2214 τοιοῦτο
570 2161 724 2214 κενόν
750 2164 868 2216 ἐστι
892 2163 1084 2216 τούτου
1123 2165 1312 2235 χωρίς·
1337 2164 1458 2218 τότε
1487 2165 1544 2218 δὲ
1569 2164 1668 2234 οὐχ
1713 2164 1910 2228 οῦτως,

323 2251 466 2305 ἀλλά
497 2250 760 2323 διηνεκῶς
789 2253 1096 2324 παραμένει
1122 2256 1188 2325 τῇ
1215 2255 1380 2326 σαρκὶ
1400 2254 1508 2307 τῶν
1537 2252 1785 2314 δικαίων,
1817 2253 1913 2304 καὶ

325 2340 496 2394 αὐτοῦ
537 2341 689 2396 ἔσται
712 2344 774 2397 τὸ
801 2345 1000 2416 κράτος
1023 2344 1303 2416 παρούσης
1325 2346 1420 2398 καὶ
1451 2343 1551 2414 τῆς
1599 2344 1800 2415 ψυχῆς.
1839 2341 1912 2396 Ἣ

324 2435 438 2504 γάρ
469 2451 518 2488 τι
549 2435 786 2490 τοιοῦτον
825 2436 1066 2508 ᾐνίξατο,
1094 2435 1287 2502 εἰπὼν,
1316 2436 1747 2506 Πνευματικόν,
1770 2435 1803 2506 ἦ
1830 2435 1913 2488 ὅτι

323 2526 659 2598 κουφότερον
698 2527 852 2582 ἔσται
886 2529 982 2584 καὶ
1018 2529 1368 2602 λεπτότερον,
1418 2531 1514 2584 καὶ
1545 2522 1657 2582 οἷον
1701 2530 1796 2583 καὶ
1825 2527 1912 2580 ἐπ’

323 2621 492 2691 ἀέρος
522 2621 790 2692 ὀχεῖσθαι,
826 2623 1026 2693 μᾶλλον
1061 2623 1118 2677 δὲ
1149 2623 1457 2694 ἀμφότερα.
1493 2621 1556 2677 Εἰ
1577 2623 1635 2676 δὲ
1665 2623 1914 2684 ἀπιστεῖς

321 2711 408 2781 τῷ
429 2710 595 2784 λόγῳ,
615 2713 716 2784 δρα
755 2713 824 2766 τὰ
851 2715 1150 2784 ἐπουράνια
1183 2717 1410 2786 σώματα
1431 2713 1500 2774 τά
1523 2713 1668 2768 οὕτω
1688 2713 1918 2785 λαμπρά

321 2806 424 2859 καὶ
450 2805 648 2876 διαρκῆ
698 2806 838 2870 τέως
870 2807 964 2861 καὶ
995 2808 1052 2860 ἐν
1083 2808 1348 2879 ἀγηράτῳ
1375 2807 1525 2878 λήξει
1567 2807 1912 2878 διαμένοντα,

322 2896 429 2949 καὶ
467 2895 756 2949 πίστευσον
791 2895 1073 2959 ἐντεῦθεν,
1103 2897 1186 2949 ὅτι
1217 2895 1496 2949 δύναταιὸ
1523 2894 1656 2958 Θεὸς
1694 2893 1917 2964 ποιῆσαι

322 2987 426 3039 καὶ
449 2985 623 3040 ταῦτα
655 2987 725 3041 τά
753 2985 966 3060 φθαρτά
995 2987 1246 3058 ἄφθαρτα
1275 2989 1368 3042 καὶ
1395 2989 1574 3060 πολλῷ
1597 2989 1792 3060 βελτίω
1809 2989 1917 3042 τῶν

322 3075 484 3150 [591]
515 3078 832 3150 ὁρωμένων.
859 3079 1022 3132 Οὕτω
1061 3079 1158 3133 καί
1190 3079 1531 3150 γέγραπται·
1577 3082 1850 3150 Ἐγένετο
1883 3084 1916 3138 ὁ

323 3170 563 3240 πρῶτος
619 3169 930 3240 ἅνθρωπος
969 3173 1151 3240 Ἀδὰμ
1204 3176 1292 3238 εἰς
1336 3173 1548 3244 ψυχὴν
1615 3174 1830 3236 ζῶσαν·
1879 3178 1917 3232 δ

324 3265 592 3334 ἔσχατος
625 3263 809 3334 Ἀδὰμ
840 3267 926 3330 εἰς
953 3264 1188 3338 ετξ-εῦμα
1234 3263 1576 3326 ζωοποιοῦν.
1607 3269 1801 3322 Καίτοι
1855 3269 1918 3322 τὸ

330 3358 434 3428 μὲν
473 3357 806 3428 γέγραπται,
842 3357 902 3410 τὸ
925 3357 980 3410 δὲ
1011 3358 1072 3411 ού
1103 3360 1435 3428 γέγραπται·
1468 3360 1586 3425 πῶς
1618 3357 1712 3416 οὖν
1735 3357 1913 3426 εἶπεν,

329 3450 414 3503 ὃτι
433 3449 805 3520 Γέγραπτιιις
851 3451 986 3504 Ἀπὸ
1005 3453 1102 3522 τῆς
1124 3451 1231 3505 τῶν
1262 3453 1604 3524 πραγμάτων
1635 3455 1915 3522 ἐκϐάσεως

332 3540 472 3594 αὐτὸ
503 3542 862 3614 μετέφρασενο
911 3544 1048 3614 ὅπερ
1086 3544 1205 3607 ἔθος
1249 3545 1398 3615 αύτῷ
1447 3547 1688 3617 συνεχῶς
1719 3551 1914 3602 ποιεῖν.

336 3633 450 3687 Καὶ
469 3631 579 3703 γάρ
606 3631 722 3696 ἔθος
741 3633 897 3688 τοῦτο
925 3637 1227 3707 προφήτου.
1256 3633 1364 3690 Καὶ
1381 3637 1490 3708 γάρ
1517 3638 1616 3708 τὴν
1645 3638 1916 3710 Ἰερουσα-

333 3725 448 3796 λὴμ
483 3725 638 3778 πόλιν
667 3725 1009 3800 δικαιοσύνης
1035 3728 1236 3800 ἔφησεν
1276 3731 1304 3782 ὁ
1333 3731 1620 3800 προφήτης
1659 3729 1922 3802 κληθήσε-

332 3819 480 3881 σθαι,
515 3819 610 3871 καὶ
629 3819 730 3871 οὐκ
757 3819 1064 3892 ἐκλήθη.Τί
1093 3816 1216 3886 οὖνς
1251 3821 1522 3892 ἐψεύσατο
1547 3823 1576 3875 ὁ
1600 3824 1916 3894 προφήτης;

327 3909 472 3963 Οὐδα
483 3909 620 3980 μῶς’
649 3909 748 3980 τὴν
764 3909 876 3980 γάρ
897 3909 985 3963 διὰ
1000 3909 1108 3964 τῶν
1131 3911 1476 3982 πραγμάτων
1497 3911 1719 3966 ἔκϐασιν
1745 3913 1914 3982 λέγει.

332 4001 442 4054 Καὶ
507 4000 599 4054 τὸν
633 4000 868 4071 Χριστὸν
917 4001 974 4054 δὲ
1039 4001 1408 4073 Ἐμμανουήλ·
1448 4003 1544 4056 καὶ
1577 4004 1695 4057 οὐδὲ
1756 4004 1918 4067 αὐτὸς

328 4093 474 4148 οὕτω
508 4095 794 4164 κέκληται,
847 4095 984 4148 άλλά
1030 4093 1098 4148 τά
1128 4097 1430 4166 πράγματα
1479 4097 1682 4168 ταύτην
1719 4098 1914 4166 ἀφίησι

329 4185 428 4258 τὴν
459 4187 664 4256 φωνήν.
691 4185 849 4240 Οῦτω
883 4189 976 4240 καὶ
1003 4187 1328 4253 ἐνταῦθα,Ὸ
1349 4188 1610 4259 ἔσχατος
1641 4191 1809 4259 Ἀδὰμ
1827 4193 1916 4256 εἰς

329 4293 444 4332 πνε
453 4278 572 4347 ῡμα
601 4277 948 4338 ζωοποιοῦν.

401 4369 465 4424 δ’.
500 4369 686 4424 Ταῦτα
707 4369 764 4424 δὲ
784 4367 958 4435 εἶπεν,
976 4373 1065 4426 ἵνα
1089 4371 1267 4446 μάθῃς
1287 4373 1368 4426 ὃτι
1393 4375 1486 4426 καὶ
1507 4373 1606 4444 τῆς
1631 4375 1914 4445 παρούσης

330 4460 481 4531 ζωῆς
541 4461 635 4514 καὶ
683 4463 782 4532 τῆς
830 4463 1132 4535 μελλούσης
1161 4464 1230 4518 τά
1260 4463 1505 4534 σύμϐολα
1549 4466 1648 4536 ἤδη
1696 4467 1792 4520 καὶ
1849 4469 1918 4522 τά

330 4553 568 4624 ἐνέχυρα
597 4553 826 4624 ἔφθασε,
852 4557 952 4628 τῆς
983 4557 1083 4628 μὲν
1114 4557 1398 4629 παρούσης
1428 4560 1456 4612 ὁ
1499 4560 1690 4630 Ἀδάμ,
1727 4561 1827 4632 τῆς
1857 4562 1916 4616 δὲ

334 4645 642 4716 μελλούσης
669 4649 700 4700 ὁ
725 4649 978 4719 Χριστός.
1017 4649 1234 4722 Ἐπειδὴ
1260 4651 1370 4722 γάρ
1395 4651 1464 4706 τὰ
1493 4653 1832 4726 χρηστότερα
1859 4657 1916 4708 ὲν

222 4822 226 4826 Ι
331 4737 520 4790 ἐλπίσι
560 4739 762 4808 τίθησι,
789 4741 1028 4795 δείκνυσι
1057 4741 1155 4813 τὴν
1183 4745 1360 4814 ἀρχὴν
1393 4745 1494 4815 ἤδη
1529 4747 1916 4816 ἐκϐεϐηκυῖαν,

333 4830 430 4883 καὶ
455 4831 559 4899 τὴν
593 4831 751 4901 ῥίζαν
780 4833 874 4886 καί¹
897 4833 995 4904 τὴν
1022 4833 1205 4905 πηγὴν
1235 4839 1515 4905 φανεῖσαν.
1542 4837 1604 4892 Εἰ
1635 4838 1691 4891 δὲ
1730 4839 1762 4910 ή
1793 4839 1920 4910 ῥίζα

333 4924 428 4976 καὶ
457 4925 492 4992 ἡ
529 4923 682 4994 πηγὴ
715 4925 851 4978 πᾶσι
882 4925 1202 4996 κατάδηλος,
1225 4928 1374 4980 οὐδὲν
1400 4928 1480 4980 δεῖ
1504 4930 1758 5002 περὶτῶν
1787 4949 1922 5005 καρ-

335 5011 453 5064 πῶν
485 5013 870 5082 ἀμφιϐάλλειν.
909 5015 1000 5068 Διὸ
1029 5015 1195 5084 λέγει’
1233 5017 1288 5068 Ὀ
1323 5018 1582 5086 ἔσχατος
1631 5020 1804 5090 Ἀδὰμ
1833 5025 1920 5088 εὶς

334 5103 579 5172 πνεῦμα
603 5103 946 5166 ζωοποιοῦν·
979 5109 1074 5162 καὶ
1097 5107 1332 5178 ἀλλαχοῦ
1354 5108 1432 5174 δέ,
1453 5111 1820 5180 Ζωοποιήσρι
1847 5117 1922 5168 τὰ

337 5195 528 5261 Θνητά
566 5197 811 5266 σώματα
841 5198 1008 5268 ὑμῶν
1049 5199 1146 5254 διὰ
1183 5198 1290 5254 τοῦ
1321 5199 1703 5270 ἐνοικοῦντος
1733 5206 1920 5262 αὐτοῦ

337 5288 691 5356 Πνεύματος
735 5289 805 5342 ἐν
838 5289 1000 5358 ὑμῖν.
1030 5291 1170 5360 ’Δρα
1205 5291 1298 5344 τοῦ
1335 5291 1652 5362 Πνεύματος
1688 5293 1748 5348 τὺ
1789 5295 1924 5360 ζωο-

339 5380 538 5430 ποιεῖν.
577 5373 708 5430 Εἶτα
742 5379 830 5430 ἵνα
859 5383 932 5450 μή
967 5395 1050 5442 τις
1077 5382 1224 5452 εἴπῃ,
1263 5382 1363 5436 Διά
1395 5383 1446 5436 τί
1473 5385 1818 5457 πρεσϐύτερα
1853 5389 1924 5443 τά

339 5469 582 5540 χείρονα,
616 5472 708 5524 καὶ
743 5472 812 5526 τά
845 5472 944 5542 μὲν
975 5473 1071 5525 ὅλα
1109 5473 1270 5543 ἐξέϐη
1305 5477 1374 5529 τά
1399 5476 1628 5548 ψυχικά,
1661 5481 1720 5532 ού
1761 5481 1922 5552 μέχρι

339 5563 440 5632 τῆς
481 5563 760 5635 ἀπαρχῆς,
789 5565 856 5618 τά
885 5565 940 5618 δὲ
975 5566 1079 5627 ἕως
1112 5566 1213 5636 τῆς
1239 5569 1494 5638 ἀπαρχῆς
1534 5571 1692 5640 μόνον
1720 5584 1744 5612 ει
1769 5591 1782 5639 ;
1812 5575 1924 5627 δείο

407 5725 432 5752 ³¹
456 5725 544 5772 liic
565 5729 786 5787 qua-dam
830 5731 878 5776 in
913 5727 1047 5776 serie
1075 5729 1442 5787 desiderantur,
1476 5743 1586 5788 quae
1612 5730 1682 5778 sic
1725 5735 1921 5782 reslilni

341 5797 494 5846 posse
527 5789 752 5854 "idl_'lllllf
783 5811 793 5838 :
842 5792 922 5839 καὶ
967 5793 1132 5852 τὰμὲν
1156 5793 1244 5839 ὅλα
1287 5793 1417 5848 ἐξέϐη
1465 5793 1521 5838 τὰ
1565 5795 1758 5854 ψυχικά·
1787 5797 1845 5842 τά
1868 5796 1919 5844 δὲ

341 5852 657 5918 (omnum,
699 5853 758 5899 τὰ
782 5855 863 5914 μὲν
891 5854 944 5901 ού
972 5857 1103 5918 μέχρι
1157 5860 1239 5912 τῆς
1283 5855 1511 5916 ἀπαρχῆς,
1539 5852 1593 5901 τὰ
1615 5855 1664 5902 δὲ
1707 5856 1795 5913 ἕως
1836 5864 1920 5914 τῆς

343 5907 566 5970 ἐκαρχῆς
591 5913 750 5972 μόνον.

1382 403 1455 459 1N
1491 400 1710 461 EPIST.
1749 404 1771 459 Ι
1802 401 1894 459 AD
1925 399 2084 461 C0“.
2129 399 2365 460 HOMIL.
2411 397 2544 456 XLI.

3488 399 3594 453 560

2019 536 2208 574 κνυσιν
2241 519 2327 573 ὅτι
2359 519 2454 572 καὶ
2481 520 2535 572 αξ
2561 517 2729 588 ἀρχαὶ
2762 516 3037 588 ἑκατέρων
3073 512 3216 568 οὕτω
3245 512 3593 582 διετάγησαν.

2019 611 2102 664 Οὐ
2141 609 2254 679 γὰρ
2291 607 2546 678 πρῶτον,
2585 609 2743 680 φησὶ,
2777 607 2844 663 τό
2881 604 3306 676 πνευματικὸν.
3335 602 3496 658 ἀλλὰ
3527 601 3592 655 τό

2013 700 2302 771 ψυχικὸν,
2325 700 2533 754 ἔπειτα
2555 701 2620 754 τὸ
2647 698 3072 769 πνευματικόν.
3097 695 3207 750 Καὶ
3227 695 3286 748 ού
3311 693 3478 762 λέγει,
3507 692 3598 747 διά

2011 789 2088 856 τί,
2115 787 2231 844 ἀλλ’
2255 789 2506 860 ἀρκεῖται
2534 791 2600 861 τῇ
2635 787 2731 843 τοῦ
2768 787 2906 842 Θεοῦ
2939 785 3205 852 διατάξει,
3238 783 3338 855 τὴν
3359 782 3469 838 ἀπὸ
3488 781 3598 836 τῶν

2015 879 2358 950 πραγμάτων
2385 879 2564 951 ψῆφον
2591 877 2733 949 ἔχων
2765 875 3156 949 μαρτυροῦσαν
3183 875 3248 946 τῇ
3273 874 3470 946 ἀρίστῃ
3501 868 3597 926 τοῦ

2013 971 2148 1024 Θεοῦ
2176 971 2482 1043 οἰκονομίᾳ,
2509 969 2605 1024 καὶ
2631 970 2845 1032 δεικνὺς
2869 970 2952 1024 ὅτι
2979 967 3074 1022 ἐπὶ
3097 966 3160 1021 τδ
3187 965 3394 1038 βέλτιον
3415 965 3505 1018 ἀεὶ
3529 963 3600 1018 τά

2011 1061 2262 1134 ἡμέτερα
2294 1063 2566 1133 πρόεισιν,
2607 1064 2728 1134 άμα
2767 1059 3063 1116 κάντεῦθεν
3109 1059 3474 1131 πιστούμενος
3505 1056 3598 1111 τὸν

2019 1153 2190 1223 οόγον.
2221 1155 2284 1208 El
2323 1153 2434 1227 γάρ
2471 1153 2543 1210 τά
2573 1155 2832 1210 ἐλάττονα
2857 1151 3042 1224 ἐξέϐη,
3079 1151 3262 1223 πολλῷ
3293 1151 3493 1222 μᾶλλον
3529 1151 3599 1204 τά

2018 1243 2212 1314 βελτίω
2243 1245 2550 1318 προσδοκᾷν
2573 1247 2701 1318 χρη.

2099 1327 2252 1381 Ἐπεὶ
2290 1323 2385 1382 οῦν
2425 1328 2685 1383 τοιούτων
2729 1327 2998 1400 μέλλομεν
3028 1326 3323 1381 ἀπολαύειν
3351 1323 3596 1394 ἀγαθῶν,

2017 1421 2095 1484 εἰς
2134 1420 2340 1491 ταύτην
2371 1421 2600 1484 ἑαυτοὺς
2627 1420 3024 1490 κατατάξωμεν
3047 1419 3148 1490 τὴν
3181 1415 3354 1483 τάξιν,
3395 1417 3490 1470 καὶ
3521 1415 3596 1487 μὴ

2016 1511 2297 1584 κλαίωμεν
2336 1514 2465 1578 τοὺς
2500 1513 2788 1579 ἀπιόντας,
2823 1512 2960 1568 ἀλλά
2985 1512 3112 1575 τοὺς
3153 1509 3338 1574 κακῶς
3364 1509 3458 1563 τὸν
3483 1509 3598 1579 βίον

2015 1605 2406 1672 καταλύοντας.
2449 1605 2604 1660 Ἐπεὶ
2629 1607 2727 1664 καὶ
2757 1606 3026 1678 γεωργδς,
3056 1607 3186 1660 ὅταν
3221 1605 3306 1677 ἴδῃ
3339 1607 3431 1658 τὸν
3453 1605 3600 1658 σῖτον

2015 1695 2382 1770 διαλυόμενον,
2409 1699 2470 1752 ού
2503 1698 2710 1770 θρηνεῖ,
2739 1698 2856 1754 ἀλλ’
2883 1699 2990 1762 ἕως
3020 1696 3120 1768 μὲν
3157 1695 3225 1750 ἂν
3253 1695 3430 1769 βλέπῃ
3473 1711 3598 1748 στε-

2019 1791 2138 1861 ρεὸν
2160 1793 2219 1844 ἐν
2247 1795 2314 1864 τῇ
2346 1794 2417 1864 γῇ
2444 1793 2694 1863 μένοντα,
2715 1791 2918 1847 δέδοικε
2944 1791 3040 1846 καὶ
3059 1790 3271 1862 τρέμει·
3297 1787 3518 1843 ἐπειδάν
3539 1785 3600 1840 δὲ

2018 1883 2103 1956 ἴδῃ
2147 1879 2488 1948 διαλυθέντα,
2527 1884 2732 1955 χαίρει.
2783 1883 2952 1956 Ἀρχὴ
2997 1883 3108 1954 γὰρ
3147 1883 3248 1952 τῆς
3295 1879 3601 1953 μελλούσης

2016 1977 2223 2048 σπορᾶς
2262 1979 2294 2048 ἠ
2325 1975 2592 2042 διάλυσις.
2624 1977 2782 2031 (ID-uo
2816 1976 2912 2031 καὶ
2941 1977 3103 2048 ἡμεῖς
3129 1976 3250 2030 τότε
3294 1973 3596 2046 χαίρωμεν.

2011 2067 2140 2122 ὅταν
2165 2069 2306 2142 πέσῃ
2341 2071 2374 2140 ἡ
2397 2070 2542 2124 οἰκία
2563 2071 2596 2141 η
2619 2069 2858 2141 φθαρτή,
2881 2069 3011 2123 ὅταν
3037 2071 3219 2142 σπαρῇ
3241 2071 3270 2124 ό
3291 2067 3596 2139 ἄνθρωπος.

2011 2160 2123 2214 Καὶ
2156 2159 2230 2231 μὴ
2255 2160 2563 2234 θαυμάσῃς,
2593 2163 2644 2215 εἰ
2675 2161 2883 2232 σπορὰν
2902 2161 3001 2230 τὴν
3022 2161 3202 2232 ταφὴν
3231 2159 3478 2214 ἐκάλεσεο
3503 2163 3600 2212 καὶ

2011 2253 2120 2324 γὰρ
2152 2251 2290 2322 αῦτη
2326 2253 2602 2324 βελτίωνὴ
2635 2254 2834 2325 σπορά.
2881 2253 3132 2324 Ἐκείνην.
3162 2255 3261 2324 μὲν
3287 2253 3396 2326 γάρ
3425 2253 3601 2307 διαδέ-

2012 2361 2195 2416 χονται
2225 2345 2448 2400 θάνατοι
2477 2347 2574 2400 καὶ
2599 2345 2756 2400 πόνοι
2783 2345 2882 2400 καὶ
2911 2345 3147 2400 κίνδυνοι
3170 2347 3267 2401 καὶ
3295 2344 3598 2416 φροντίδες,

2013 2436 2216 2508 ταύτην
2249 2437 2329 2500 δὲ,
2359 2438 2426 2492 ἀν
2457 2437 2634 2511 ὀρθῶς
2658 2437 2883 2510 βιῶμεν,
2926 2440 3180 2508 στέφανοι
3213 2439 3308 2493 καὶ
3347 2438 3597 2511 βραδεῖα·
3705 2419 3722 2435 ’

2015 2529 2108 2583 καὶ
2134 2529 2234 2600 τὴν
2276 2530 2396 2598 μὲν,
2411 2528 2588 2603 φθορά
2609 2531 2703 2584 καὶ
2723 2529 2976 2596 θάνατος,
3008 2529 3160 2604 [59Ξ1
3191 2531 3290 2604 τὴν
3309 2531 3368 2585 δὲ
3390 2531 3598 2601 ἀφθαρο

2017 2621 2106 2674 σία
2140 2621 2234 2676 καὶ
2261 2622 2533 2676 ἀθανασία
2583 2623 2682 2677 καὶ
2715 2623 2788 2678 τὰ
2825 2623 2994 2695 μυρία
3025 2622 3228 2692 ἀγαθά’
3265 2623 3356 2676 ἐπ’
3385 2622 3602 2693 ἐκείνης

2015 2714 2113 2778 τῆς
2155 2715 2364 2784 σπορᾶς
2410 2712 2725 2784 συμπλοκαὶ
2779 2713 2876 2768 καὶ
2921 2714 3111 2784 ἡδοναὶ
3149 2715 3246 2770 καὶ
3281 2714 3468 2779 ὕπνος,
3511 2715 3604 2769 ἐπὶ

2014 2803 2221 2874 ταύτης
2241 2805 2297 2858 δὲ
2321 2805 2476 2876 φωνὴ
2503 2805 2664 2876 μόνον
2692 2808 2758 2859 ἐκ
2778 2805 2888 2860 τῶν
2911 2806 3156 2878 οὐρανῶν
3177 2807 3602 2872 καταϐαίνουσα,

2016 2895 2112 2949 καὶ
2141 2897 2318 2950 πάντα
2345 2896 2559 2967 ἀθρόως
2586 2897 3012 2968 τελεσφορεῖται.
3047 2899 3159 2952 Καὶ
3186 2899 3216 2952 ό
3242 2899 3604 2970 ἀνιστάμενος

2018 2987 2204 3042 οὐκέτι
2230 2987 2420 3042 λοιπὸν
2447 2989 2538 3040 ἐπὶ
2567 2988 2681 3059 βίον
2710 2989 2906 3057 ἄγεται
2933 2988 3296 3060 πολύμοχθον,
3329 2989 3444 3044 ἀλλ’
3473 2990 3603 3045 ἔνθα

2020 3077 2232 3148 ἀπέδρα
2279 3079 2440 3150 ὀδύνη
2490 3081 2584 3134 καὶ
2633 3079 2778 3150 λύπη
2819 3082 2913 3134 καὶ
2946 3081 3272 3151 στεναγμός.
3313 3082 3375 3134 Εἰ
3414 3081 3471 3136 δὲ
3512 3084 3606 3137 καὶ

2019 3172 2356 3242 προστασίαν
2384 3171 2688 3241 ἐπιζητεῖς,
2717 3172 2812 3226 καὶ
2843 3171 2928 3226 διὰ
2964 3171 3123 3226 τοῦτο
3149 3171 3370 3244 θρηνεῖς
3396 3174 3489 3228 τὸν
3514 3175 3605 3230 ἀν-

2017 3261 2138 3332 δρα,
2175 3262 2272 3314 ἐπὶ
2302 3261 2394 3314 τὸν
2428 3262 2605 3316 κοινὸν
2639 3264 2860 3318 πάντων
2889 3263 3206 3334 προστάτην
3243 3265 3339 3318 καὶ
3383 3266 3604 3337 σωτῆρα

2017 3350 2113 3404 καὶ
2153 3351 2448 3428 εὐεργέτην
2494 3351 2781 3420 κατάφυγε
2816 3353 2911 3405 τὸν
2938 3351 3092 3417 Θεὸν,
3125 3355 3218 3406 ἐπὶ
3263 3355 3360 3425 τὴν
3393 3355 3606 3426 ἄμαχον

2020 3443 2355 3512 συμμαχίαν,
2376 3442 2468 3494 ἐπὶ
2489 3443 2588 3511 τὴν
2610 3441 2831 3496 εὔκολον
2855 3443 3127 3514 βοήθειαν,
3151 3445 3246 3498 ἐπὶ
3277 3445 3377 3514 τὴν
3403 3445 3598 3513 διαρκῆ

2021 3531 2228 3599 σκέπην
2285 3531 2385 3600 τὴν
2437 3530 2714 3600 πανταχοῦ
2777 3532 3060 3600 παροῦσαν
3107 3535 3201 3586 καὶ
3265 3535 3603 3605 πανταχόθεν

2018 3621 2164 3690 ἡμᾶς
2187 3619 2548 3690 τειχίζουσαν,
2580 3620 2751 3691 ἀλλ’ἢ
2791 3623 3051 3693 συνήθεια
3083 3622 3334 3676 ποθεινὸν
3367 3625 3461 3676 καὶ
3501 3627 3603 3678 ὲπ-
3669 3642 3674 3648 ·

2019 3709 2267 3780 ἐραστον.
2297 3707 2428 3764 Οἶδα
2463 3711 2637 3780 κάγώ’
2675 3711 2790 3766 ἀλλ’
2818 3714 2884 3767 ἂν
2917 3714 3222 3786 ἐπιτρέψῃς
3253 3714 3332 3786 τῷ
3357 3715 3604 3788 λογισμῷ

2016 3801 2078 3854 τὸ
2104 3801 2295 3865 πάθος,
2334 3803 2428 3856 καὶ
2463 3801 2654 3875 λογίσῃ
2689 3805 2827 3875 πρὸς
2857 3806 3058 3878 ἑαυτὴν
3084 3807 3169 3870 τίς
3201 3808 3231 3858 ό
3257 3807 3460 3870 λαϐὼν,
3507 3810 3606 3864 καί

2016 3893 2099 3946 ὅτι
2127 3893 2391 3963 γενναίως
2425 3895 2667 3964 ἐνεγκὼν
2703 3896 2898 3953 θυσίαν
2926 3898 3024 3970 τὴν
3053 3897 3281 3970 γνώμην
3310 3899 3604 3970 ἀναφέρεις

2017 3984 2094 4056 τῷ
2125 3984 2264 4057 Θεῷ,
2303 3988 2398 4040 καὶ
2424 3987 2584 4042 τοῦτο
2613 3987 2675 4042 τὸ
2703 3989 2856 4060 κῦμα
2889 3991 3094 4064 δυνήσῃ
3131 3992 3473 4064 διαδραμεῖν,
3509 3998 3605 4048 καὶ⁴

2016 4079 2152 4151 ὅπερ
2181 4080 2210 4132 ό
2245 4080 2434 4152 χρόνος
2456 4079 2771 4153 ἐργάζεται,
2791 4083 2950 4137 τοῦτο
2977 4087 3010 4156 ή
3039 4085 3328 4156 φιλοσοφία
3362 4089 3600 4156 ποιήσει’

2017 4171 2084 4224 ἂν
2111 4171 2168 4224 δὲ
2189 4173 2700 4246 καταμαλακισθῇς,
2727 4175 2878 4246 λήξει
2905 4175 3008 4246 μὲν
3030 4177 3104 4247 τῷ
3123 4178 3298 4248 χρόνῳ
3321 4179 3382 4232 τὸ
3405 4179 3602 4243 πάθος,

2020 4263 2102 4315 σοί
2120 4264 2177 4316 δὲ
2200 4264 2389 4318 ούδένα
2409 4264 2503 4317 τὴν
2527 4265 2722 4336 μισθὸν
2749 4267 2907 4320 οῖσει.
2930 4267 3085 4320 Μετά
3111 4268 3169 4320 δὲ
3195 4268 3302 4322 τῶν
3329 4269 3602 4340 λογισμῶν

2017 4353 2218 4420 τούτων
2242 4355 2338 4408 καὶ
2363 4357 2784 4427 παραδείγματα
2815 4357 3061 4425 σύλλεγε,
3091 4357 3160 4411 τὰ
3188 4361 3246 4411 ἐν
3271 4359 3349 4428 τῷ
3372 4361 3601 4431 παρόντι

2020 4445 2140 4516 βίῳ,
2158 4446 2227 4500 τά
2247 4447 2304 4499 ἐν
2324 4449 2444 4511 ταῖς
2465 4447 2636 4512 θείαις
2650 4448 2918 4518 Γραφαῖςο
2943 4449 3194 4518 ἐννόησον
3209 4453 3290 4506 ὅτι
3306 4451 3602 4525 δι’Λϐραάμ

2018 4537 2328 4606 κατέσφαξε
2375 4539 2466 4593 τὸν
2511 4539 2624 4592 υἱὸν
2664 4539 2978 4610 τὸναύτοῦ,
3011 4540 3108 4594 καὶ
3137 4541 3262 4596 οὔτε
3301 4540 3604 4617 ἐδάκρυσεν

2018 4625 2143 4680 οὔτε
2181 4629 2378 4700 πικρὸν
2412 4630 2563 4702 ῥῆμα
2596 4630 2870 4698 ἐξέϐαλεν.
2917 4630 3059 4684 Ἀλλ’
3086 4633 3293 4698 ἐκεῖνος
3325 4635 3598 4708 Ἀϐραάμ,

2021 4721 2206 4792 φησὶν,
2245 4717 2332 4794 ἦν.
2375 4724 2484 4776 Kal
2517 4723 2624 4796 μὴν
2657 4725 2723 4778 σὺ
2765 4725 2859 4778 ἐπὶ
2895 4725 3118 4795 μείζονα
3147 4725 3384 4798 ἐκλήθης
3421 4729 3601 4800 σκάμ-

2023 4831 2190 4884 ματα.
2225 4815 2284 4868 '0
2304 4813 2362 4868 δὲ
2395 4815 2518 4868 Ἰὼϐ
2537 4815 2743 4887 ἤλγησε
2775 4817 3183 4886 μὲν,·τοσοῦτον
3201 4817 3280 4884 δὲ,
3307 4820 3431 4874 ὅσον
3452 4821 3604 4884 εἰκὸς

2021 4904 2234 4976 πατέρα
2267 4905 2560 4974 φιλόπαιδα
2590 4907 2686 4960 καὶ
2727 4905 2933 4977 σφόδρα
2962 4907 3260 4980 κηδόμενον
3295 4910 3403 4964 τῶν
3435 4912 3602 4966 ἀπελ-

2022 4997 2242 5051 θόντων·
2274 4997 2349 5056 ὡς
2374 4997 2409 5052 ά
2431 5015 2493 5066 γε
2521 4999 2616 5051 νῦν
2644 4999 2906 5070 ποιοῦμεν
2935 5001 3116 5072 ἡμεῖς,
3150 5003 3360 5074 ἐχθρῶν
3385 5005 3478 5058 καὶ
3503 5023 3600 5060 πο-

2021 5089 2224 5158 λεμίων
2250 5089 2418 5142 ἐστίν.
2450 5089 2587 5143 Οὐδὲ
2617 5089 2748 5162 γὰρ,
2779 5092 2831 5144 εί
2850 5108 2995 5156 τινος
3029 5095 3110 5158 εἰς
3143 5094 3389 5164 βασίλεια
3413 5097 3603 5151 ἀπενε·

2021 5178 2244 5249 χθέντος
2269 5179 2363 5232 καὶ
2388 5181 2824 5248 στεφανωθέντος
2855 5182 3084 5247 ἔκοπτες
3109 5183 3304 5239 σαυτὸν
3329 5187 3422 5240 καὶ
3449 5189 3604 5262 ἐθρήα

2021 5287 2154 5338 νεις,
2189 5271 2341 5341 φίλον
2361 5271 2426 5326 ἀν
2457 5289 2518 5324 σε
2543 5271 2635 5326 τοῦ
2661 5273 3102 5342 στεφανωθέντος
3136 5275 3272 5348 ἔφην
3304 5271 3466 5342 εῐνσι,
3487 5279 3602 5334 ἀλλ’

2023 5365 2218 5437 ἐχθρὸν
2253 5361 2456 5434 σφόδρα
2495 5363 2590 5416 καὶ
2627 5363 2904 5433 πολέμιον.
2949 5365 3090 5419 Ἀλλ’
3122 5367 3242 5422 οὐδὲ
3277 5367 3372 5423 νῦν
3399 5371 3604 5424 ἐκεῖνον

2027 5455 2230 5528 θρηνῶ,
2281 5455 2468 5524 φησιν,
2509 5455 2624 5508 ἀλλ’
2671 5457 2925 5528 ἐμαυτόν.
2979 5459 3118 5512 Ἀλλ’
3153 5462 3273 5514 οὐδὲ
3317 5462 3474 5515 τοῦτο
3517 5481 3605 5530 φιο

2025 5549 2263 5612 λοῦντος,
2292 5547 2352 5601 τὸ
2387 5547 2560 5600 θέλειν
2613 5548 2694 5602 ἔτι
2737 5550 3030 5619 ἐναγώνιον
3081 5549 3219 5607 εἶναι
3268 5555 3474 5606 ἐκεῖνον
3518 5553 3606 5608 διά

2029 5643 2225 5693 σαυτὸν
2278 5641 2371 5692 καὶ
2413 5641 2735 5696 ὑποκεῖσθαι
2785 5645 2850 5714 τῇ
2901 5643 3094 5714 ἀδηλίᾳ
3146 5643 3238 5696 τοῦ
3293 5641 3604 5711 μέλλοντος,

2028 5731 2200 5802 παρὸν
2226 5729 2615 5798 στεφανοῦσθαι
2647 5735 2738 5786 καὶ
2775 5738 3130 5804 προσορμείν,
3166 5733 3197 5802 ἣ
3228 5731 3486 5794 πελάγιον
3513 5747 3605 5782 σα-

2029 5824 2226 5884 λεύειν,
2263 5822 2380 5889 ἐξὸν
2403 5824 2459 5876 ἐν
2481 5823 2658 5896 λιμένι
2688 5822 2848 5880 εἶναι.
2893 5827 3030 5878 Ἀλλ’
3060 5826 3159 5876 ούκ
3177 5820 3291 5876 οἶδα
3315 5822 3407 5872 ποῖ
3433 5823 3605 5890 κεγώ-

2027 5932 2184 5988 ρηκε,
2237 5917 2390 5986 φησί.
2439 5916 2536 5970 Διά
2583 5917 2634 5969 τί
2667 5918 2765 5969 οὐκ
2805 5911 2982 5980 οἷδαςς
3024 5916 3140 5967 εἰπέ
3186 5929 3306 5983 μοι’
3345 5911 3452 5964 εἴτε
3500 5913 3603 5983 ’,θίςρ
