  <div class='ocr_page' id='page_1' title='image "/cluster/home/n/w/nwhite01/storage/ocr_20150623/61/mdp.39015008622618/368.png"; bbox 0 0 4018 6156; ppageno 0'>
   <div class='ocr_carea' id='block_1_1' title="bbox 145 25 1391 86">
    <p class='ocr_par' dir='ltr' id='par_1_1' title="bbox 145 25 1391 86">
     <span class='ocr_line' id='line_1_1' title="bbox 145 25 1391 86; baseline -0.014 -15"><span class='ocrx_word' id='word_1_1' title='bbox 145 25 1391 86; x_wconf 49' lang='grc' dir='ltr'><em>Ἀ</em></span> 
     </span>
    </p>
   </div>
   <div class='ocr_carea' id='block_1_2' title="bbox 326 361 422 415">
    <p class='ocr_par' dir='ltr' id='par_1_2' title="bbox 326 361 422 415">
     <span class='ocr_line' id='line_1_2' title="bbox 326 361 422 415; baseline 0 -1"><span class='ocrx_word' id='word_1_2' title='bbox 326 361 422 415; x_wconf 70' lang='lat' dir='ltr'><strong>Z’uiil</strong></span> 
     </span>
    </p>
   </div>
   <div class='ocr_carea' id='block_1_3' title="bbox 1344 314 2547 392">
    <p class='ocr_par' dir='ltr' id='par_1_3' title="bbox 1344 314 2547 392">
     <span class='ocr_line' id='line_1_3' title="bbox 1344 314 2547 392; baseline -0.017 0"><span class='ocrx_word' id='word_1_3' title='bbox 1344 333 1408 392; x_wconf 73' lang='lat' dir='ltr'><strong>IN</strong></span> <span class='ocrx_word' id='word_1_4' title='bbox 1450 330 1662 388; x_wconf 79' lang='lat' dir='ltr'><strong>EPIST.</strong></span> <span class='ocrx_word' id='word_1_5' title='bbox 1706 328 1723 380; x_wconf 88' lang='lat' dir='ltr'><strong>l</strong></span> <span class='ocrx_word' id='word_1_6' title='bbox 1788 324 1878 380; x_wconf 78' lang='lat' dir='ltr'><strong>Al)</strong></span> <span class='ocrx_word' id='word_1_7' title='bbox 1917 321 2071 377; x_wconf 69' lang='grc' dir='ltr'><strong>(ΞΟΠ.</strong></span> <span class='ocrx_word' id='word_1_8' title='bbox 2117 317 2345 374; x_wconf 73' lang='grc' dir='ltr'><strong>Ηυλιιι.</strong></span> <span class='ocrx_word' id='word_1_9' title='bbox 2387 314 2547 372; x_wconf 71' lang='lat' dir='ltr'><strong>XLII.</strong></span> 
     </span>
    </p>
   </div>
   <div class='ocr_carea' id='block_1_4' title="bbox 3490 310 3593 365">
    <p class='ocr_par' dir='ltr' id='par_1_4' title="bbox 3490 310 3593 365">
     <span class='ocr_line' id='line_1_4' title="bbox 3490 310 3591 345; baseline 0.02 -2"><span class='ocrx_word' id='word_1_10' title='bbox 3490 310 3591 345; x_wconf 58' lang='lat' dir='ltr'><strong>res</strong></span> 
     </span>
     <span class='ocr_line' id='line_1_5' title="bbox 3491 339 3593 365; baseline -0.029 0"><span class='ocrx_word' id='word_1_11' title='bbox 3491 339 3593 365; x_wconf 61' lang='grc' dir='ltr'><strong>υυο</strong></span> 
     </span>
    </p>
   </div>
   <div class='ocr_carea' id='block_1_5' title="bbox 1148 427 1167 447">
    <p class='ocr_par' dir='ltr' id='par_1_5' title="bbox 1148 427 1167 447">
     <span class='ocr_line' id='line_1_6' title="bbox 1148 427 1167 447; baseline 0 0"><span class='ocrx_word' id='word_1_12' title='bbox 1148 427 1167 447; x_wconf 52' lang='grc' dir='ltr'><strong>ἢ</strong></span> 
     </span>
    </p>
   </div>
   <div class='ocr_carea' id='block_1_6' title="bbox 335 442 1948 545">
    <p class='ocr_par' dir='ltr' id='par_1_6' title="bbox 335 442 1905 545">
     <span class='ocr_line' id='line_1_7' title="bbox 335 442 1905 545; baseline -0.025 -15"><span class='ocrx_word' id='word_1_13' title='bbox 335 480 502 545; x_wconf 66' lang='lat' dir='ltr'><strong>quies,</strong></span> <span class='ocrx_word' id='word_1_14' title='bbox 556 484 664 543; x_wconf 85' lang='lat' dir='ltr'><strong>quo</strong></span> <span class='ocrx_word' id='word_1_15' title='bbox 696 467 809 525; x_wconf 89' lang='lat' dir='ltr'><strong>ivit.</strong></span> <span class='ocrx_word' id='word_1_16' title='bbox 864 462 973 518; x_wconf 84' lang='lat' dir='ltr'><strong>Cur</strong></span> <span class='ocrx_word' id='word_1_17' title='bbox 1030 442 1350 514; x_wconf 83' lang='lat' dir='ltr'><strong>neseis?dic</strong></span> <span class='ocrx_word' id='word_1_18' title='bbox 1400 446 1566 511; x_wconf 83' lang='lat' dir='ltr'><strong>mihi;</strong></span> <span class='ocrx_word' id='word_1_19' title='bbox 1619 442 1905 545; x_wconf 48' lang='lat' dir='ltr'><strong>namfive</strong></span> 
     </span>
    </p>
   </div>
   <div class='ocr_carea' id='block_1_7' title="bbox 2057 442 3592 545">
    <p class='ocr_par' dir='ltr' id='par_1_7' title="bbox 2057 449 3592 523">
     <span class='ocr_line' id='line_1_8' title="bbox 2057 449 3592 523; baseline -0.005 -14"><span class='ocrx_word' id='word_1_20' title='bbox 2057 465 2067 509; x_wconf 68' lang='grc' dir='ltr'><strong>ι</strong></span> <span class='ocrx_word' id='word_1_21' title='bbox 2116 455 2337 509; x_wconf 85' lang='lat' dir='ltr'><strong>habebis</strong></span> <span class='ocrx_word' id='word_1_22' title='bbox 2363 469 2487 508; x_wconf 90' lang='lat' dir='ltr'><strong>eum</strong></span> <span class='ocrx_word' id='word_1_23' title='bbox 2524 466 2665 508; x_wconf 88' lang='lat' dir='ltr'><strong>nunc</strong></span> <span class='ocrx_word' id='word_1_24' title='bbox 2691 452 2859 523; x_wconf 82' lang='lat' dir='ltr'><strong>magis</strong></span> <span class='ocrx_word' id='word_1_25' title='bbox 2890 449 2983 506; x_wconf 89' lang='lat' dir='ltr'><strong>tibi</strong></span> <span class='ocrx_word' id='word_1_26' title='bbox 3015 449 3382 521; x_wconf 78' lang='lat' dir='ltr'><strong>providentem</strong></span> <span class='ocrx_word' id='word_1_27' title='bbox 3432 465 3592 518; x_wconf 86' lang='lat' dir='ltr'><strong>quam</strong></span> 
     </span>
    </p>
   </div>
   <div class='ocr_carea' id='block_1_8' title="bbox 336 534 1907 628">
    <p class='ocr_par' dir='ltr' id='par_1_8' title="bbox 336 534 1907 628">
     <span class='ocr_line' id='line_1_9' title="bbox 336 534 1907 628; baseline -0.025 -5"><span class='ocrx_word' id='word_1_28' title='bbox 336 534 660 628; x_wconf 37' lang='lat' dir='ltr'><strong>recte&#39;viiiit,</strong></span> <span class='ocrx_word' id='word_1_29' title='bbox 685 563 798 616; x_wconf 87' lang='lat' dir='ltr'><strong>sive</strong></span> <span class='ocrx_word' id='word_1_30' title='bbox 822 570 996 617; x_wconf 85' lang='lat' dir='ltr'><strong>secus,</strong></span> <span class='ocrx_word' id='word_1_31' title='bbox 1025 559 1110 607; x_wconf 91' lang='lat' dir='ltr'><strong>est</strong></span> <span class='ocrx_word' id='word_1_32' title='bbox 1130 545 1469 604; x_wconf 85' lang='lat' dir='ltr'><strong>manifestum</strong></span> <span class='ocrx_word' id='word_1_33' title='bbox 1501 555 1607 608; x_wconf 88' lang='lat' dir='ltr'><strong>quo</strong></span> <span class='ocrx_word' id='word_1_34' title='bbox 1637 536 1705 589; x_wconf 92' lang='lat' dir='ltr'><strong>sit</strong></span> <span class='ocrx_word' id='word_1_35' title='bbox 1727 534 1907 587; x_wconf 90' lang='lat' dir='ltr'><strong>abitu-</strong></span> 
     </span>
    </p>
   </div>
   <div class='ocr_carea' id='block_1_9' title="bbox 336 626 1910 726">
    <p class='ocr_par' dir='ltr' id='par_1_9' title="bbox 336 626 1910 726">
     <span class='ocr_line' id='line_1_10' title="bbox 336 626 1910 726; baseline -0.024 -13"><span class='ocrx_word' id='word_1_36' title='bbox 336 676 448 715; x_wconf 88' lang='lat' dir='ltr'><strong>rus.</strong></span> <span class='ocrx_word' id='word_1_37' title='bbox 474 626 702 726; x_wconf 81' lang='lat' dir='ltr'><strong>Propter</strong></span> <span class='ocrx_word' id='word_1_38' title='bbox 734 653 835 706; x_wconf 84' lang='lat' dir='ltr'><strong>hoc</strong></span> <span class='ocrx_word' id='word_1_39' title='bbox 865 650 1062 715; x_wconf 89' lang='lat' dir='ltr'><strong>ipsum,</strong></span> <span class='ocrx_word' id='word_1_40' title='bbox 1092 641 1321 711; x_wconf 90' lang='lat' dir='ltr'><strong>inquies,</strong></span> <span class='ocrx_word' id='word_1_41' title='bbox 1355 636 1568 705; x_wconf 79' lang='lat' dir='ltr'><strong>plango,</strong></span> <span class='ocrx_word' id='word_1_42' title='bbox 1593 626 1752 726; x_wconf 62' lang='lat' dir='ltr'><strong>quod</strong></span> <span class='ocrx_word' id='word_1_43' title='bbox 1779 637 1910 726; x_wconf 68' lang='lat' dir='ltr'><strong>pec-</strong></span> 
     </span>
    </p>
   </div>
   <div class='ocr_carea' id='block_1_10' title="bbox 337 715 1911 806">
    <p class='ocr_par' dir='ltr' id='par_1_10' title="bbox 337 715 1911 806">
     <span class='ocr_line' id='line_1_11' title="bbox 337 715 1911 806; baseline -0.025 0"><span class='ocrx_word' id='word_1_44' title='bbox 337 762 490 806; x_wconf 88' lang='lat' dir='ltr'><strong>calor</strong></span> <span class='ocrx_word' id='word_1_45' title='bbox 534 715 783 804; x_wconf 61' lang='lat' dir='ltr'><strong>escessit.</strong></span> <span class='ocrx_word' id='word_1_46' title='bbox 827 740 952 795; x_wconf 76' lang='lat' dir='ltr'><strong>Ila-c</strong></span> <span class='ocrx_word' id='word_1_47' title='bbox 992 742 1116 790; x_wconf 88' lang='lat' dir='ltr'><strong>sunt</strong></span> <span class='ocrx_word' id='word_1_48' title='bbox 1147 737 1438 800; x_wconf 69' lang='lat' dir='ltr'><strong>prmtextus</strong></span> <span class='ocrx_word' id='word_1_49' title='bbox 1460 734 1509 777; x_wconf 92' lang='lat' dir='ltr'><strong>et</strong></span> <span class='ocrx_word' id='word_1_50' title='bbox 1535 720 1747 789; x_wconf 84' lang='lat' dir='ltr'><strong>effugia.</strong></span> <span class='ocrx_word' id='word_1_51' title='bbox 1779 715 1911 770; x_wconf 81' lang='lat' dir='ltr'><strong>Nam</strong></span> 
     </span>
    </p>
   </div>
   <div class='ocr_carea' id='block_1_11' title="bbox 341 815 1912 908">
    <p class='ocr_par' dir='ltr' id='par_1_11' title="bbox 341 815 1912 908">
     <span class='ocr_line' id='line_1_12' title="bbox 341 815 1912 908; baseline -0.025 -13"><span class='ocrx_word' id='word_1_52' title='bbox 341 843 384 895; x_wconf 75' lang='lat' dir='ltr'><strong>si</strong></span> <span class='ocrx_word' id='word_1_53' title='bbox 436 846 712 908; x_wconf 81' lang='lat' dir='ltr'><strong>pmpterea</strong></span> <span class='ocrx_word' id='word_1_54' title='bbox 733 846 856 887; x_wconf 91' lang='lat' dir='ltr'><strong>cum</strong></span> <span class='ocrx_word' id='word_1_55' title='bbox 878 821 1174 884; x_wconf 76' lang='lat' dir='ltr'><strong>excesserit</strong></span> <span class='ocrx_word' id='word_1_56' title='bbox 1200 822 1385 890; x_wconf 87' lang='lat' dir='ltr'><strong>lugeas</strong></span> <span class='ocrx_word' id='word_1_57' title='bbox 1408 857 1422 881; x_wconf 91' lang='lat'><strong>,</strong></span> <span class='ocrx_word' id='word_1_58' title='bbox 1470 815 1741 867; x_wconf 86' lang='lat' dir='ltr'><strong>viventem</strong></span> <span class='ocrx_word' id='word_1_59' title='bbox 1789 818 1912 860; x_wconf 88' lang='lat' dir='ltr'><strong>eum</strong></span> 
     </span>
    </p>
   </div>
   <div class='ocr_carea' id='block_1_12' title="bbox 341 899 1912 986">
    <p class='ocr_par' dir='ltr' id='par_1_12' title="bbox 341 899 1912 986">
     <span class='ocr_line' id='line_1_13' title="bbox 341 899 1912 986; baseline -0.022 -1"><span class='ocrx_word' id='word_1_60' title='bbox 341 899 719 986; x_wconf 80' lang='lat' dir='ltr'><strong>transformare</strong></span> <span class='ocrx_word' id='word_1_61' title='bbox 746 932 799 978; x_wconf 88' lang='lat' dir='ltr'><strong>et</strong></span> <span class='ocrx_word' id='word_1_62' title='bbox 818 920 1142 977; x_wconf 79' lang='lat' dir='ltr'><strong>concinnare</strong></span> <span class='ocrx_word' id='word_1_63' title='bbox 1173 922 1227 968; x_wconf 91' lang='lat' dir='ltr'><strong>et</strong></span> <span class='ocrx_word' id='word_1_64' title='bbox 1255 922 1582 978; x_wconf 84' lang='lat' dir='ltr'><strong>componere</strong></span> <span class='ocrx_word' id='word_1_65' title='bbox 1608 899 1912 970; x_wconf 82' lang='lat' dir='ltr'><strong>Oportebat.</strong></span> 
     </span>
    </p>
   </div>
   <div class='ocr_carea' id='block_1_13' title="bbox 338 993 1916 1088">
    <p class='ocr_par' dir='ltr' id='par_1_13' title="bbox 338 993 1916 1088">
     <span class='ocr_line' id='line_1_14' title="bbox 338 993 1916 1088; baseline -0.023 -11"><span class='ocrx_word' id='word_1_66' title='bbox 338 1021 445 1078; x_wconf 85' lang='lat' dir='ltr'><strong>Sed</strong></span> <span class='ocrx_word' id='word_1_67' title='bbox 470 1028 525 1073; x_wconf 94' lang='lat' dir='ltr'><strong>tu</strong></span> <span class='ocrx_word' id='word_1_68' title='bbox 553 1033 673 1088; x_wconf 73' lang='lat' dir='ltr'><strong>qua:</strong></span> <span class='ocrx_word' id='word_1_69' title='bbox 702 1022 789 1068; x_wconf 92' lang='lat' dir='ltr'><strong>tua</strong></span> <span class='ocrx_word' id='word_1_70' title='bbox 810 1020 934 1067; x_wconf 88' lang='lat' dir='ltr'><strong>sunt</strong></span> <span class='ocrx_word' id='word_1_71' title='bbox 960 1009 1156 1076; x_wconf 89' lang='lat' dir='ltr'><strong>ubique</strong></span> <span class='ocrx_word' id='word_1_72' title='bbox 1177 1000 1487 1059; x_wconf 84' lang='lat' dir='ltr'><strong>consideras</strong></span> <span class='ocrx_word' id='word_1_73' title='bbox 1513 1004 1569 1051; x_wconf 86' lang='lat' dir='ltr'><strong>et</strong></span> <span class='ocrx_word' id='word_1_74' title='bbox 1595 993 1686 1048; x_wconf 88' lang='lat' dir='ltr'><strong>tibi</strong></span> <span class='ocrx_word' id='word_1_75' title='bbox 1719 1004 1916 1061; x_wconf 83' lang='lat' dir='ltr'><strong>propo-</strong></span> 
     </span>
    </p>
   </div>
   <div class='ocr_carea' id='block_1_14' title="bbox 343 1092 1918 1178">
    <p class='ocr_par' dir='ltr' id='par_1_14' title="bbox 343 1092 1918 1178">
     <span class='ocr_line' id='line_1_15' title="bbox 343 1092 1918 1178; baseline -0.023 -11"><span class='ocrx_word' id='word_1_76' title='bbox 343 1114 446 1178; x_wconf 84' lang='lat' dir='ltr'><strong>nis,</strong></span> <span class='ocrx_word' id='word_1_77' title='bbox 478 1126 585 1165; x_wconf 85' lang='lat' dir='ltr'><strong>non</strong></span> <span class='ocrx_word' id='word_1_78' title='bbox 611 1121 729 1177; x_wconf 65' lang='lat' dir='ltr'><strong>quae</strong></span> <span class='ocrx_word' id='word_1_79' title='bbox 760 1104 922 1158; x_wconf 85' lang='lat' dir='ltr'><strong>illius.</strong></span> <span class='ocrx_word' id='word_1_80' title='bbox 951 1100 1008 1155; x_wconf 89' lang='lat' dir='ltr'><strong>Si</strong></span> <span class='ocrx_word' id='word_1_81' title='bbox 1040 1107 1218 1152; x_wconf 89' lang='lat' dir='ltr'><strong>autem</strong></span> <span class='ocrx_word' id='word_1_82' title='bbox 1249 1092 1410 1148; x_wconf 87' lang='lat' dir='ltr'><strong>etiam</strong></span> <span class='ocrx_word' id='word_1_83' title='bbox 1438 1094 1684 1158; x_wconf 82' lang='lat' dir='ltr'><strong>peccator</strong></span> <span class='ocrx_word' id='word_1_84' title='bbox 1730 1094 1918 1137; x_wconf 77' lang='lat' dir='ltr'><strong>exces-</strong></span> 
     </span>
    </p>
   </div>
   <div class='ocr_carea' id='block_1_15' title="bbox 341 1172 1917 1272">
    <p class='ocr_par' dir='ltr' id='par_1_15' title="bbox 341 1172 1917 1272">
     <span class='ocr_line' id='line_1_16' title="bbox 341 1172 1917 1272; baseline -0.023 -12"><span class='ocrx_word' id='word_1_85' title='bbox 341 1172 744 1272; x_wconf 36' lang='lat' dir='ltr'><strong>sit,-pr0pterea</strong></span> <span class='ocrx_word' id='word_1_86' title='bbox 790 1195 951 1250; x_wconf 88' lang='lat' dir='ltr'><strong>etiam</strong></span> <span class='ocrx_word' id='word_1_87' title='bbox 982 1189 1151 1244; x_wconf 78' lang='lat' dir='ltr'><strong>laetari</strong></span> <span class='ocrx_word' id='word_1_88' title='bbox 1180 1189 1407 1255; x_wconf 79' lang='lat' dir='ltr'><strong>oportet,</strong></span> <span class='ocrx_word' id='word_1_89' title='bbox 1442 1177 1582 1249; x_wconf 91' lang='lat' dir='ltr'><strong>quod</strong></span> <span class='ocrx_word' id='word_1_90' title='bbox 1611 1172 1917 1229; x_wconf 86' lang='lat' dir='ltr'><strong>interscissa</strong></span> 
     </span>
    </p>
   </div>
   <div class='ocr_carea' id='block_1_16' title="bbox 342 1265 1922 1362">
    <p class='ocr_par' dir='ltr' id='par_1_16' title="bbox 342 1265 1922 1362">
     <span class='ocr_line' id='line_1_17' title="bbox 342 1265 1922 1362; baseline -0.022 -11"><span class='ocrx_word' id='word_1_91' title='bbox 342 1265 475 1351; x_wconf 70' lang='lat' dir='ltr'><strong>sunt</strong></span> <span class='ocrx_word' id='word_1_92' title='bbox 518 1265 733 1362; x_wconf 81' lang='lat' dir='ltr'><strong>peccata</strong></span> <span class='ocrx_word' id='word_1_93' title='bbox 758 1296 813 1342; x_wconf 88' lang='lat' dir='ltr'><strong>et</strong></span> <span class='ocrx_word' id='word_1_94' title='bbox 833 1286 964 1339; x_wconf 88' lang='lat' dir='ltr'><strong>vitio</strong></span> <span class='ocrx_word' id='word_1_95' title='bbox 1009 1281 1138 1336; x_wconf 85' lang='lat' dir='ltr'><strong>nihil</strong></span> <span class='ocrx_word' id='word_1_96' title='bbox 1188 1276 1426 1347; x_wconf 86' lang='lat' dir='ltr'><strong>adjecit;</strong></span> <span class='ocrx_word' id='word_1_97' title='bbox 1459 1282 1547 1334; x_wconf 89' lang='lat' dir='ltr'><strong>et,</strong></span> <span class='ocrx_word' id='word_1_98' title='bbox 1577 1266 1755 1339; x_wconf 89' lang='lat' dir='ltr'><strong>quoad</strong></span> <span class='ocrx_word' id='word_1_99' title='bbox 1804 1265 1922 1334; x_wconf 88' lang='lat' dir='ltr'><strong>ejus</strong></span> 
     </span>
    </p>
   </div>
   <div class='ocr_carea' id='block_1_17' title="bbox 348 1358 1923 1457">
    <p class='ocr_par' dir='ltr' id='par_1_17' title="bbox 348 1358 1923 1457">
     <span class='ocr_line' id='line_1_18' title="bbox 348 1358 1923 1457; baseline -0.021 -14"><span class='ocrx_word' id='word_1_100' title='bbox 348 1389 462 1443; x_wconf 87' lang='lat' dir='ltr'><strong>fieri</strong></span> <span class='ocrx_word' id='word_1_101' title='bbox 485 1358 684 1457; x_wconf 75' lang='lat' dir='ltr'><strong>potest,</strong></span> <span class='ocrx_word' id='word_1_102' title='bbox 713 1382 761 1436; x_wconf 90' lang='lat' dir='ltr'><strong>ei</strong></span> <span class='ocrx_word' id='word_1_103' title='bbox 791 1389 1128 1435; x_wconf 85' lang='lat' dir='ltr'><strong>succurrere,</strong></span> <span class='ocrx_word' id='word_1_104' title='bbox 1162 1386 1266 1425; x_wconf 92' lang='lat' dir='ltr'><strong>non</strong></span> <span class='ocrx_word' id='word_1_105' title='bbox 1308 1365 1581 1438; x_wconf 85' lang='lat' dir='ltr'><strong>lacrymis,</strong></span> <span class='ocrx_word' id='word_1_106' title='bbox 1609 1360 1703 1415; x_wconf 90' lang='lat' dir='ltr'><strong>sed</strong></span> <span class='ocrx_word' id='word_1_107' title='bbox 1746 1358 1923 1429; x_wconf 81' lang='lat' dir='ltr'><strong>preci-</strong></span> 
     </span>
    </p>
   </div>
   <div class='ocr_carea' id='block_1_18' title="bbox 348 1451 1919 1545">
    <p class='ocr_par' dir='ltr' id='par_1_18' title="bbox 348 1451 1919 1545">
     <span class='ocr_line' id='line_1_19' title="bbox 348 1451 1919 1545; baseline -0.023 -9"><span class='ocrx_word' id='word_1_108' title='bbox 348 1482 469 1543; x_wconf 86' lang='lat' dir='ltr'><strong>bus,</strong></span> <span class='ocrx_word' id='word_1_109' title='bbox 486 1451 997 1545; x_wconf 40' lang='lat' dir='ltr'><strong>supplicationibus</strong></span> <span class='ocrx_word' id='word_1_110' title='bbox 1015 1507 1036 1535; x_wconf 87' lang='lat'><strong>,</strong></span> <span class='ocrx_word' id='word_1_111' title='bbox 1074 1460 1432 1532; x_wconf 80' lang='lat' dir='ltr'><strong>elcemosynis</strong></span> <span class='ocrx_word' id='word_1_112' title='bbox 1458 1467 1511 1512; x_wconf 92' lang='lat' dir='ltr'><strong>et</strong></span> <span class='ocrx_word' id='word_1_113' title='bbox 1539 1451 1919 1511; x_wconf 82' lang='lat' dir='ltr'><strong>oblationibus.</strong></span> 
     </span>
    </p>
   </div>
   <div class='ocr_carea' id='block_1_19' title="bbox 349 1542 1925 1626">
    <p class='ocr_par' dir='ltr' id='par_1_19' title="bbox 349 1542 1925 1626">
     <span class='ocr_line' id='line_1_20' title="bbox 349 1542 1925 1626; baseline -0.02 0"><span class='ocrx_word' id='word_1_114' title='bbox 349 1542 466 1626; x_wconf 84' lang='lat' dir='ltr'><strong>Non</strong></span> <span class='ocrx_word' id='word_1_115' title='bbox 493 1542 785 1621; x_wconf 34' lang='lat' dir='ltr'><strong>sunt—enim</strong></span> <span class='ocrx_word' id='word_1_116' title='bbox 818 1561 933 1615; x_wconf 83' lang='lat' dir='ltr'><strong>lnec</strong></span> <span class='ocrx_word' id='word_1_117' title='bbox 961 1568 1159 1613; x_wconf 80' lang='lat' dir='ltr'><strong>temere</strong></span> <span class='ocrx_word' id='word_1_118' title='bbox 1180 1552 1501 1622; x_wconf 79' lang='lat' dir='ltr'><strong>excogitata,</strong></span> <span class='ocrx_word' id='word_1_119' title='bbox 1524 1560 1701 1614; x_wconf 89' lang='lat' dir='ltr'><strong>neque</strong></span> <span class='ocrx_word' id='word_1_120' title='bbox 1728 1542 1925 1597; x_wconf 81' lang='lat' dir='ltr'><strong>frustra</strong></span> 
     </span>
    </p>
   </div>
   <div class='ocr_carea' id='block_1_20' title="bbox 357 1633 1927 1728">
    <p class='ocr_par' dir='ltr' id='par_1_20' title="bbox 357 1633 1927 1728">
     <span class='ocr_line' id='line_1_21' title="bbox 357 1633 1927 1728; baseline -0.021 -11"><span class='ocrx_word' id='word_1_121' title='bbox 357 1675 546 1717; x_wconf 91' lang='lat' dir='ltr'><strong>eorum</strong></span> <span class='ocrx_word' id='word_1_122' title='bbox 571 1657 660 1728; x_wconf 91' lang='lat' dir='ltr'><strong>qui</strong></span> <span class='ocrx_word' id='word_1_123' title='bbox 693 1656 1038 1709; x_wconf 76' lang='lat' dir='ltr'><strong>excesserunt</strong></span> <span class='ocrx_word' id='word_1_124' title='bbox 1066 1649 1116 1701; x_wconf 92' lang='lat' dir='ltr'><strong>in</strong></span> <span class='ocrx_word' id='word_1_125' title='bbox 1142 1644 1335 1701; x_wconf 81' lang='lat' dir='ltr'><strong>divinis</strong></span> <span class='ocrx_word' id='word_1_126' title='bbox 1370 1637 1644 1711; x_wconf 82' lang='lat' dir='ltr'><strong>mysteriis</strong></span> <span class='ocrx_word' id='word_1_127' title='bbox 1683 1633 1927 1690; x_wconf 87' lang='lat' dir='ltr'><strong>memini-</strong></span> 
     </span>
    </p>
   </div>
   <div class='ocr_carea' id='block_1_21' title="bbox 353 1733 1927 1816">
    <p class='ocr_par' dir='ltr' id='par_1_21' title="bbox 353 1733 1927 1816">
     <span class='ocr_line' id='line_1_22' title="bbox 353 1733 1927 1816; baseline -0.02 -10"><span class='ocrx_word' id='word_1_128' title='bbox 353 1765 493 1816; x_wconf 86' lang='lat' dir='ltr'><strong>mus,</strong></span> <span class='ocrx_word' id='word_1_129' title='bbox 526 1758 580 1802; x_wconf 92' lang='lat' dir='ltr'><strong>et</strong></span> <span class='ocrx_word' id='word_1_130' title='bbox 605 1761 700 1816; x_wconf 88' lang='lat' dir='ltr'><strong>pro</strong></span> <span class='ocrx_word' id='word_1_131' title='bbox 721 1744 852 1815; x_wconf 86' lang='lat' dir='ltr'><strong>ipsis</strong></span> <span class='ocrx_word' id='word_1_132' title='bbox 878 1739 1196 1801; x_wconf 86' lang='lat' dir='ltr'><strong>accedimus,</strong></span> <span class='ocrx_word' id='word_1_133' title='bbox 1228 1741 1478 1805; x_wconf 84' lang='lat' dir='ltr'><strong>rogantes</strong></span> <span class='ocrx_word' id='word_1_134' title='bbox 1492 1733 1704 1801; x_wconf 85' lang='lat' dir='ltr'><strong>Agnum</strong></span> <span class='ocrx_word' id='word_1_135' title='bbox 1727 1738 1927 1796; x_wconf 90' lang='lat' dir='ltr'><strong>propo-</strong></span> 
     </span>
    </p>
   </div>
   <div class='ocr_carea' id='block_1_22' title="bbox 356 1816 1931 1907">
    <p class='ocr_par' dir='ltr' id='par_1_22' title="bbox 356 1816 1931 1907">
     <span class='ocr_line' id='line_1_23' title="bbox 356 1816 1931 1907; baseline -0.018 -10"><span class='ocrx_word' id='word_1_136' title='bbox 356 1845 541 1903; x_wconf 88' lang='lat' dir='ltr'><strong>situm,</strong></span> <span class='ocrx_word' id='word_1_137' title='bbox 593 1838 683 1907; x_wconf 91' lang='lat' dir='ltr'><strong>qui</strong></span> <span class='ocrx_word' id='word_1_138' title='bbox 736 1833 918 1890; x_wconf 89' lang='lat' dir='ltr'><strong>mundi</strong></span> <span class='ocrx_word' id='word_1_139' title='bbox 974 1837 1249 1901; x_wconf 85' lang='lat' dir='ltr'><strong>peccatum</strong></span> <span class='ocrx_word' id='word_1_140' title='bbox 1298 1824 1451 1888; x_wconf 86' lang='lat' dir='ltr'><strong>tulit;</strong></span> <span class='ocrx_word' id='word_1_141' title='bbox 1485 1821 1579 1877; x_wconf 88' lang='lat' dir='ltr'><strong>sed</strong></span> <span class='ocrx_word' id='word_1_142' title='bbox 1623 1827 1681 1873; x_wconf 89' lang='lat' dir='ltr'><strong>ut</strong></span> <span class='ocrx_word' id='word_1_143' title='bbox 1705 1819 1827 1872; x_wconf 90' lang='lat' dir='ltr'><strong>inde</strong></span> <span class='ocrx_word' id='word_1_144' title='bbox 1855 1816 1931 1871; x_wconf 85' lang='lat' dir='ltr'><strong>eis</strong></span> 
     </span>
    </p>
   </div>
   <div class='ocr_carea' id='block_1_23' title="bbox 359 1907 1929 2003">
    <p class='ocr_par' dir='ltr' id='par_1_23' title="bbox 359 1907 1929 2003">
     <span class='ocr_line' id='line_1_24' title="bbox 359 1907 1929 2003; baseline -0.018 -14"><span class='ocrx_word' id='word_1_145' title='bbox 359 1936 534 2003; x_wconf 88' lang='lat' dir='ltr'><strong>aliqua</strong></span> <span class='ocrx_word' id='word_1_146' title='bbox 563 1931 632 1984; x_wconf 89' lang='lat' dir='ltr'><strong>sit</strong></span> <span class='ocrx_word' id='word_1_147' title='bbox 657 1926 996 1984; x_wconf 84' lang='lat' dir='ltr'><strong>consolatio:</strong></span> <span class='ocrx_word' id='word_1_148' title='bbox 1031 1937 1203 1991; x_wconf 88' lang='lat' dir='ltr'><strong>neque</strong></span> <span class='ocrx_word' id='word_1_149' title='bbox 1233 1920 1329 1973; x_wconf 88' lang='lat' dir='ltr'><strong>abs</strong></span> <span class='ocrx_word' id='word_1_150' title='bbox 1360 1932 1419 1971; x_wconf 91' lang='lat' dir='ltr'><strong>re</strong></span> <span class='ocrx_word' id='word_1_151' title='bbox 1457 1917 1501 1968; x_wconf 91' lang='lat' dir='ltr'><strong>is</strong></span> <span class='ocrx_word' id='word_1_152' title='bbox 1527 1912 1619 1983; x_wconf 91' lang='lat' dir='ltr'><strong>qui</strong></span> <span class='ocrx_word' id='word_1_153' title='bbox 1654 1911 1827 1965; x_wconf 80' lang='lat' dir='ltr'><strong>adstat</strong></span> <span class='ocrx_word' id='word_1_154' title='bbox 1848 1907 1929 1961; x_wconf 91' lang='lat' dir='ltr'><strong>al-</strong></span> 
     </span>
    </p>
   </div>
   <div class='ocr_carea' id='block_1_24' title="bbox 361 2004 1923 2085">
    <p class='ocr_par' dir='ltr' id='par_1_24' title="bbox 361 2004 1923 2085">
     <span class='ocr_line' id='line_1_25' title="bbox 361 2004 1923 2085; baseline -0.019 -4"><span class='ocrx_word' id='word_1_155' title='bbox 361 2027 461 2081; x_wconf 81' lang='lat' dir='ltr'><strong>tari</strong></span> <span class='ocrx_word' id='word_1_156' title='bbox 480 2068 493 2085; x_wconf 83' lang='lat'><strong>.</strong></span> <span class='ocrx_word' id='word_1_157' title='bbox 524 2024 648 2078; x_wconf 87' lang='lat' dir='ltr'><strong>dum</strong></span> <span class='ocrx_word' id='word_1_158' title='bbox 679 2016 985 2074; x_wconf 87' lang='lat' dir='ltr'><strong>veneranda</strong></span> <span class='ocrx_word' id='word_1_159' title='bbox 1026 2020 1351 2083; x_wconf 78' lang='lat' dir='ltr'><strong>peraguntur</strong></span> <span class='ocrx_word' id='word_1_160' title='bbox 1378 2006 1652 2079; x_wconf 88' lang='lat' dir='ltr'><strong>mysteria,</strong></span> <span class='ocrx_word' id='word_1_161' title='bbox 1680 2004 1880 2057; x_wconf 89' lang='lat' dir='ltr'><strong>clamat</strong></span> <span class='ocrx_word' id='word_1_162' title='bbox 1910 2017 1923 2053; x_wconf 88' lang='lat'><strong>:</strong></span> 
     </span>
    </p>
   </div>
   <div class='ocr_carea' id='block_1_25' title="bbox 357 2092 1929 2179">
    <p class='ocr_par' dir='ltr' id='par_1_25' title="bbox 357 2092 1929 2179">
     <span class='ocr_line' id='line_1_26' title="bbox 357 2092 1929 2179; baseline -0.018 -5"><span class='ocrx_word' id='word_1_163' title='bbox 357 2121 462 2175; x_wconf 78' lang='lat' dir='ltr'><strong>Pro</strong></span> <span class='ocrx_word' id='word_1_164' title='bbox 487 2114 737 2172; x_wconf 90' lang='lat' dir='ltr'><strong>omnibus</strong></span> <span class='ocrx_word' id='word_1_165' title='bbox 778 2112 869 2179; x_wconf 92' lang='lat' dir='ltr'><strong>qui</strong></span> <span class='ocrx_word' id='word_1_166' title='bbox 903 2110 952 2163; x_wconf 92' lang='lat' dir='ltr'><strong>in</strong></span> <span class='ocrx_word' id='word_1_167' title='bbox 983 2108 1195 2163; x_wconf 80' lang='lat' dir='ltr'><strong>Christo</strong></span> <span class='ocrx_word' id='word_1_168' title='bbox 1244 2102 1610 2161; x_wconf 90' lang='lat' dir='ltr'><strong>dormierunt,</strong></span> <span class='ocrx_word' id='word_1_169' title='bbox 1641 2105 1693 2150; x_wconf 93' lang='lat' dir='ltr'><strong>ct</strong></span> <span class='ocrx_word' id='word_1_170' title='bbox 1751 2095 1814 2148; x_wconf 91' lang='lat' dir='ltr'><strong>iis</strong></span> <span class='ocrx_word' id='word_1_171' title='bbox 1842 2092 1929 2162; x_wconf 92' lang='lat' dir='ltr'><strong>qui</strong></span> 
     </span>
    </p>
   </div>
   <div class='ocr_carea' id='block_1_26' title="bbox 356 2188 1933 2281">
    <p class='ocr_par' dir='ltr' id='par_1_26' title="bbox 356 2188 1933 2281">
     <span class='ocr_line' id='line_1_27' title="bbox 356 2188 1933 2281; baseline -0.018 -15"><span class='ocrx_word' id='word_1_172' title='bbox 356 2209 607 2281; x_wconf 83' lang='lat' dir='ltr'><strong>proipsis</strong></span> <span class='ocrx_word' id='word_1_173' title='bbox 629 2203 901 2259; x_wconf 85' lang='lat' dir='ltr'><strong>celebrant</strong></span> <span class='ocrx_word' id='word_1_174' title='bbox 943 2198 1245 2254; x_wconf 87' lang='lat' dir='ltr'><strong>memorias.</strong></span> <span class='ocrx_word' id='word_1_175' title='bbox 1297 2193 1428 2247; x_wconf 87' lang='lat' dir='ltr'><strong>Nam</strong></span> <span class='ocrx_word' id='word_1_176' title='bbox 1452 2191 1495 2244; x_wconf 90' lang='lat' dir='ltr'><strong>si</strong></span> <span class='ocrx_word' id='word_1_177' title='bbox 1520 2205 1616 2258; x_wconf 90' lang='lat' dir='ltr'><strong>pro</strong></span> <span class='ocrx_word' id='word_1_178' title='bbox 1660 2188 1790 2257; x_wconf 83' lang='lat' dir='ltr'><strong>ipsis</strong></span> <span class='ocrx_word' id='word_1_179' title='bbox 1828 2199 1933 2239; x_wconf 90' lang='lat' dir='ltr'><strong>non</strong></span> 
     </span>
    </p>
   </div>
   <div class='ocr_carea' id='block_1_27' title="bbox 360 2280 1939 2356">
    <p class='ocr_par' dir='ltr' id='par_1_27' title="bbox 360 2280 1939 2356">
     <span class='ocr_line' id='line_1_28' title="bbox 360 2280 1939 2356; baseline -0.017 0"><span class='ocrx_word' id='word_1_180' title='bbox 360 2280 555 2356; x_wconf 77' lang='lat' dir='ltr'><strong>fierent</strong></span> <span class='ocrx_word' id='word_1_181' title='bbox 581 2291 1142 2355; x_wconf 80' lang='lat' dir='ltr'><strong>commemoratiunes,</strong></span> <span class='ocrx_word' id='word_1_182' title='bbox 1190 2302 1257 2340; x_wconf 91' lang='lat' dir='ltr'><strong>ne</strong></span> <span class='ocrx_word' id='word_1_183' title='bbox 1285 2285 1399 2338; x_wconf 62' lang='lat' dir='ltr'><strong>htec</strong></span> <span class='ocrx_word' id='word_1_184' title='bbox 1425 2282 1642 2353; x_wconf 86' lang='lat' dir='ltr'><strong>quidem</strong></span> <span class='ocrx_word' id='word_1_185' title='bbox 1673 2280 1811 2333; x_wconf 91' lang='lat' dir='ltr'><strong>dicta</strong></span> <span class='ocrx_word' id='word_1_186' title='bbox 1852 2289 1939 2331; x_wconf 88' lang='lat' dir='ltr'><strong>es-</strong></span> 
     </span>
    </p>
   </div>
   <div class='ocr_carea' id='block_1_28' title="bbox 359 2369 1935 2447">
    <p class='ocr_par' dir='ltr' id='par_1_28' title="bbox 359 2369 1935 2447">
     <span class='ocr_line' id='line_1_29' title="bbox 359 2369 1935 2447; baseline -0.016 0"><span class='ocrx_word' id='word_1_187' title='bbox 359 2402 502 2447; x_wconf 90' lang='lat' dir='ltr'><strong>sent.</strong></span> <span class='ocrx_word' id='word_1_188' title='bbox 523 2388 639 2444; x_wconf 87' lang='lat' dir='ltr'><strong>Non</strong></span> <span class='ocrx_word' id='word_1_189' title='bbox 665 2395 789 2441; x_wconf 90' lang='lat' dir='ltr'><strong>sunt</strong></span> <span class='ocrx_word' id='word_1_190' title='bbox 816 2383 956 2439; x_wconf 90' lang='lat' dir='ltr'><strong>enim</strong></span> <span class='ocrx_word' id='word_1_191' title='bbox 989 2396 1076 2436; x_wconf 83' lang='lat' dir='ltr'><strong>res</strong></span> <span class='ocrx_word' id='word_1_192' title='bbox 1106 2391 1304 2433; x_wconf 76' lang='lat' dir='ltr'><strong>noStrae</strong></span> <span class='ocrx_word' id='word_1_193' title='bbox 1326 2375 1437 2430; x_wconf 88' lang='lat' dir='ltr'><strong>ludi</strong></span> <span class='ocrx_word' id='word_1_194' title='bbox 1470 2373 1709 2438; x_wconf 88' lang='lat' dir='ltr'><strong>scenici,</strong></span> <span class='ocrx_word' id='word_1_195' title='bbox 1751 2369 1892 2425; x_wconf 85' lang='lat' dir='ltr'><strong>absit</strong></span> <span class='ocrx_word' id='word_1_196' title='bbox 1919 2385 1935 2421; x_wconf 90' lang='lat'><strong>:</strong></span> 
     </span>
    </p>
   </div>
   <div class='ocr_carea' id='block_1_29' title="bbox 357 2467 1442 2539">
    <p class='ocr_par' dir='ltr' id='par_1_29' title="bbox 357 2467 1442 2539">
     <span class='ocr_line' id='line_1_30' title="bbox 357 2467 1442 2539; baseline -0.017 -1"><span class='ocrx_word' id='word_1_197' title='bbox 357 2485 477 2539; x_wconf 76' lang='lat' dir='ltr'><strong>[nec</strong></span> <span class='ocrx_word' id='word_1_198' title='bbox 503 2480 643 2535; x_wconf 90' lang='lat' dir='ltr'><strong>enim</strong></span> <span class='ocrx_word' id='word_1_199' title='bbox 672 2480 801 2531; x_wconf 89' lang='lat' dir='ltr'><strong>litmt</strong></span> <span class='ocrx_word' id='word_1_200' title='bbox 826 2472 1165 2529; x_wconf 86' lang='lat' dir='ltr'><strong>ordinatione</strong></span> <span class='ocrx_word' id='word_1_201' title='bbox 1189 2467 1442 2538; x_wconf 85' lang='lat' dir='ltr'><strong>Spiritus.</strong></span> 
     </span>
    </p>
   </div>
   <div class='ocr_carea' id='block_1_30' title="bbox 433 2555 1941 2640">
    <p class='ocr_par' dir='ltr' id='par_1_30' title="bbox 433 2555 1941 2640">
     <span class='ocr_line' id='line_1_31' title="bbox 433 2555 1941 2640; baseline -0.017 -9"><span class='ocrx_word' id='word_1_202' title='bbox 433 2577 486 2632; x_wconf 84' lang='lat'><strong>5.</strong></span> <span class='ocrx_word' id='word_1_203' title='bbox 515 2574 606 2628; x_wconf 85' lang='lat' dir='ltr'><strong>Eis</strong></span> <span class='ocrx_word' id='word_1_204' title='bbox 631 2586 760 2640; x_wconf 88' lang='lat' dir='ltr'><strong>ergo</strong></span> <span class='ocrx_word' id='word_1_205' title='bbox 787 2582 945 2639; x_wconf 80' lang='lat' dir='ltr'><strong>Opem</strong></span> <span class='ocrx_word' id='word_1_206' title='bbox 990 2566 1223 2619; x_wconf 75' lang='lat' dir='ltr'><strong>[eramus</strong></span> <span class='ocrx_word' id='word_1_207' title='bbox 1245 2600 1260 2624; x_wconf 93' lang='lat'><strong>,</strong></span> <span class='ocrx_word' id='word_1_208' title='bbox 1287 2569 1343 2614; x_wconf 91' lang='lat' dir='ltr'><strong>et</strong></span> <span class='ocrx_word' id='word_1_209' title='bbox 1372 2555 1941 2612; x_wconf 84' lang='lat' dir='ltr'><strong>commemorationem</strong></span> 
     </span>
    </p>
   </div>
   <div class='ocr_carea' id='block_1_31' title="bbox 359 2645 1937 2732">
    <p class='ocr_par' dir='ltr' id='par_1_31' title="bbox 359 2645 1937 2732">
     <span class='ocr_line' id='line_1_32' title="bbox 359 2645 1937 2732; baseline -0.016 -9"><span class='ocrx_word' id='word_1_210' title='bbox 359 2682 549 2723; x_wconf 84' lang='lat' dir='ltr'><strong>eorum</strong></span> <span class='ocrx_word' id='word_1_211' title='bbox 582 2673 919 2732; x_wconf 88' lang='lat' dir='ltr'><strong>peragamus.</strong></span> <span class='ocrx_word' id='word_1_212' title='bbox 949 2657 1003 2710; x_wconf 89' lang='lat' dir='ltr'><strong>Si</strong></span> <span class='ocrx_word' id='word_1_213' title='bbox 1028 2654 1169 2708; x_wconf 90' lang='lat' dir='ltr'><strong>enim</strong></span> <span class='ocrx_word' id='word_1_214' title='bbox 1186 2650 1306 2706; x_wconf 85' lang='lat' dir='ltr'><strong>.lnbi</strong></span> <span class='ocrx_word' id='word_1_215' title='bbox 1333 2650 1470 2704; x_wconf 86' lang='lat' dir='ltr'><strong>lilios</strong></span> <span class='ocrx_word' id='word_1_216' title='bbox 1492 2647 1742 2717; x_wconf 79' lang='lat' dir='ltr'><strong>expiabat</strong></span> <span class='ocrx_word' id='word_1_217' title='bbox 1771 2645 1937 2714; x_wconf 89' lang='lat' dir='ltr'><strong>patris</strong></span> 
     </span>
    </p>
   </div>
   <div class='ocr_carea' id='block_1_32' title="bbox 360 2737 1945 2818">
    <p class='ocr_par' dir='ltr' id='par_1_32' title="bbox 360 2737 1945 2818">
     <span class='ocr_line' id='line_1_33' title="bbox 360 2737 1945 2818; baseline -0.016 -5"><span class='ocrx_word' id='word_1_218' title='bbox 360 2756 684 2813; x_wconf 86' lang='lat' dir='ltr'><strong>sacrificium</strong></span> <span class='ocrx_word' id='word_1_219' title='bbox 717 2769 729 2805; x_wconf 90' lang='lat'><strong>:</strong></span> <span class='ocrx_word' id='word_1_220' title='bbox 761 2748 888 2818; x_wconf 87' lang='lat' dir='ltr'><strong>quid</strong></span> <span class='ocrx_word' id='word_1_221' title='bbox 928 2746 1140 2800; x_wconf 88' lang='lat' dir='ltr'><strong>dubitas</strong></span> <span class='ocrx_word' id='word_1_222' title='bbox 1162 2783 1177 2805; x_wconf 91' lang='lat'><strong>,</strong></span> <span class='ocrx_word' id='word_1_223' title='bbox 1206 2758 1270 2795; x_wconf 91' lang='lat' dir='ltr'><strong>an</strong></span> <span class='ocrx_word' id='word_1_224' title='bbox 1319 2742 1471 2795; x_wconf 86' lang='lat' dir='ltr'><strong>nobis</strong></span> <span class='ocrx_word' id='word_1_225' title='bbox 1498 2754 1595 2809; x_wconf 92' lang='lat' dir='ltr'><strong>pro</strong></span> <span class='ocrx_word' id='word_1_226' title='bbox 1623 2738 1704 2792; x_wconf 90' lang='lat' dir='ltr'><strong>eis</strong></span> <span class='ocrx_word' id='word_1_227' title='bbox 1728 2737 1817 2806; x_wconf 93' lang='lat' dir='ltr'><strong>qui</strong></span> <span class='ocrx_word' id='word_1_228' title='bbox 1844 2751 1945 2789; x_wconf 75' lang='lat' dir='ltr'><strong>ex-</strong></span> 
     </span>
    </p>
   </div>
   <div class='ocr_carea' id='block_1_33' title="bbox 360 2827 1946 2905">
    <p class='ocr_par' dir='ltr' id='par_1_33' title="bbox 360 2827 1946 2905">
     <span class='ocr_line' id='line_1_34' title="bbox 360 2827 1946 2905; baseline -0.016 0"><span class='ocrx_word' id='word_1_229' title='bbox 360 2851 646 2905; x_wconf 83' lang='lat' dir='ltr'><strong>cesserunt</strong></span> <span class='ocrx_word' id='word_1_230' title='bbox 672 2839 1040 2902; x_wconf 79' lang='lat' dir='ltr'><strong>oﬂ&#39;erentibus,</strong></span> <span class='ocrx_word' id='word_1_231' title='bbox 1071 2836 1198 2903; x_wconf 77' lang='lat' dir='ltr'><strong>ipsis</strong></span> <span class='ocrx_word' id='word_1_232' title='bbox 1224 2834 1382 2887; x_wconf 90' lang='lat' dir='ltr'><strong>detur</strong></span> <span class='ocrx_word' id='word_1_233' title='bbox 1406 2832 1579 2901; x_wconf 88' lang='lat' dir='ltr'><strong>aliqua</strong></span> <span class='ocrx_word' id='word_1_234' title='bbox 1604 2827 1900 2883; x_wconf 79' lang='lat' dir='ltr'><strong>consolatio</strong></span> <span class='ocrx_word' id='word_1_235' title='bbox 1924 2827 1946 2879; x_wconf 87' lang='lat'><strong>?</strong></span> 
     </span>
    </p>
   </div>
   <div class='ocr_carea' id='block_1_34' title="bbox 360 2916 1949 2994">
    <p class='ocr_par' dir='ltr' id='par_1_34' title="bbox 360 2916 1949 2994">
     <span class='ocr_line' id='line_1_35' title="bbox 360 2916 1949 2994; baseline -0.016 1"><span class='ocrx_word' id='word_1_236' title='bbox 360 2938 515 2994; x_wconf 85' lang='lat' dir='ltr'><strong>Solet</strong></span> <span class='ocrx_word' id='word_1_237' title='bbox 541 2935 689 2989; x_wconf 87' lang='lat' dir='ltr'><strong>enim</strong></span> <span class='ocrx_word' id='word_1_238' title='bbox 746 2931 887 2985; x_wconf 83' lang='lat' dir='ltr'><strong>Deus</strong></span> <span class='ocrx_word' id='word_1_239' title='bbox 917 2928 1078 2982; x_wconf 87' lang='lat' dir='ltr'><strong>etiam</strong></span> <span class='ocrx_word' id='word_1_240' title='bbox 1108 2925 1229 2978; x_wconf 88' lang='lat' dir='ltr'><strong>aliis</strong></span> <span class='ocrx_word' id='word_1_241' title='bbox 1257 2937 1354 2993; x_wconf 94' lang='lat' dir='ltr'><strong>pro</strong></span> <span class='ocrx_word' id='word_1_242' title='bbox 1379 2922 1497 2975; x_wconf 89' lang='lat' dir='ltr'><strong>aliis</strong></span> <span class='ocrx_word' id='word_1_243' title='bbox 1524 2919 1831 2990; x_wconf 88' lang='lat' dir='ltr'><strong>gratificari.</strong></span> <span class='ocrx_word' id='word_1_244' title='bbox 1881 2916 1949 2970; x_wconf 88' lang='lat' dir='ltr'><strong>Et</strong></span> 
     </span>
    </p>
   </div>
   <div class='ocr_carea' id='block_1_35' title="bbox 369 3009 1945 3084">
    <p class='ocr_par' dir='ltr' id='par_1_35' title="bbox 369 3009 1945 3084">
     <span class='ocr_line' id='line_1_36' title="bbox 369 3009 1945 3084; baseline -0.015 0"><span class='ocrx_word' id='word_1_245' title='bbox 369 3031 479 3084; x_wconf 80' lang='lat' dir='ltr'><strong>hoc</strong></span> <span class='ocrx_word' id='word_1_246' title='bbox 503 3024 824 3081; x_wconf 76' lang='lat' dir='ltr'><strong>oSIendebat</strong></span> <span class='ocrx_word' id='word_1_247' title='bbox 846 3021 1041 3077; x_wconf 84' lang='lat' dir='ltr'><strong>Paulus</strong></span> <span class='ocrx_word' id='word_1_248' title='bbox 1060 3017 1243 3071; x_wconf 87' lang='lat' dir='ltr'><strong>dicens</strong></span> <span class='ocrx_word' id='word_1_249' title='bbox 1274 3034 1288 3070; x_wconf 88' lang='lat'>:</span> <span class='ocrx_word' id='word_1_250' title='bbox 1331 3015 1397 3068; x_wconf 94' lang='lat' dir='ltr'><strong>Ut</strong></span> <span class='ocrx_word' id='word_1_251' title='bbox 1422 3015 1472 3067; x_wconf 88' lang='lat' dir='ltr'><strong>in</strong></span> <span class='ocrx_word' id='word_1_252' title='bbox 1502 3012 1673 3065; x_wconf 80' lang='lat' dir='ltr'><strong>multis</strong></span> <span class='ocrx_word' id='word_1_253' title='bbox 1694 3009 1945 3080; x_wconf 79' lang='lat' dir='ltr'><strong>personis,</strong></span> 
     </span>
    </p>
   </div>
   <div class='ocr_carea' id='block_1_36' title="bbox 362 3101 1953 3190">
    <p class='ocr_par' dir='ltr' id='par_1_36' title="bbox 362 3101 1953 3190">
     <span class='ocr_line' id='line_1_37' title="bbox 362 3101 1953 3190; baseline -0.015 -16"><span class='ocrx_word' id='word_1_254' title='bbox 362 3122 479 3190; x_wconf 74' lang='lat' dir='ltr'><strong>ejus</strong></span> <span class='ocrx_word' id='word_1_255' title='bbox 508 3133 621 3188; x_wconf 77' lang='lat' dir='ltr'><strong>qua:</strong></span> <span class='ocrx_word' id='word_1_256' title='bbox 646 3117 697 3168; x_wconf 89' lang='lat' dir='ltr'><strong>in</strong></span> <span class='ocrx_word' id='word_1_257' title='bbox 715 3113 858 3167; x_wconf 83' lang='lat' dir='ltr'><strong>nobis</strong></span> <span class='ocrx_word' id='word_1_258' title='bbox 883 3120 954 3164; x_wconf 86' lang='lat' dir='ltr'><strong>est</strong></span> <span class='ocrx_word' id='word_1_259' title='bbox 979 3108 1265 3162; x_wconf 75' lang='lat' dir='ltr'><strong>donationis</strong></span> <span class='ocrx_word' id='word_1_260' title='bbox 1290 3121 1378 3176; x_wconf 85' lang='lat' dir='ltr'><strong>per</strong></span> <span class='ocrx_word' id='word_1_261' title='bbox 1399 3105 1583 3157; x_wconf 68' lang='lat' dir='ltr'><strong>&quot;mltos</strong></span> <span class='ocrx_word' id='word_1_262' title='bbox 1603 3101 1780 3173; x_wconf 67' lang='lat' dir='ltr'><strong>gratim</strong></span> <span class='ocrx_word' id='word_1_263' title='bbox 1801 3115 1953 3169; x_wconf 82' lang='lat' dir='ltr'><strong>agun-</strong></span> 
     </span>
    </p>
   </div>
   <div class='ocr_carea' id='block_1_37' title="bbox 366 3195 1951 3279">
    <p class='ocr_par' dir='ltr' id='par_1_37' title="bbox 366 3195 1951 3279">
     <span class='ocr_line' id='line_1_38' title="bbox 366 3195 1951 3279; baseline -0.013 -15"><span class='ocrx_word' id='word_1_264' title='bbox 366 3223 454 3266; x_wconf 87' lang='lat' dir='ltr'><strong>tur</strong></span> <span class='ocrx_word' id='word_1_265' title='bbox 492 3226 585 3279; x_wconf 87' lang='lat' dir='ltr'><strong>pro</strong></span> <span class='ocrx_word' id='word_1_266' title='bbox 633 3207 772 3261; x_wconf 67' lang='lat' dir='ltr'><strong>vobis</strong></span> <span class='ocrx_word' id='word_1_267' title='bbox 814 3204 834 3274; x_wconf 96' lang='lat'>(</span> <span class='ocrx_word' id='word_1_268' title='bbox 862 3205 916 3256; x_wconf 80' lang='lat'><strong>‘2.</strong></span> <span class='ocrx_word' id='word_1_269' title='bbox 945 3198 1064 3256; x_wconf 89' lang='lat' dir='ltr'><strong>Cor.</strong></span> <span class='ocrx_word' id='word_1_270' title='bbox 1097 3199 1150 3252; x_wconf 62' lang='grc' dir='ltr'><strong>ἓ.</strong></span> <span class='ocrx_word' id='word_1_271' title='bbox 1182 3198 1242 3252; x_wconf 78' lang='grc' dir='ltr'>Η</span> <span class='ocrx_word' id='word_1_272' title='bbox 1279 3199 1320 3266; x_wconf 82' lang='grc'><strong>).</strong></span> <span class='ocrx_word' id='word_1_273' title='bbox 1350 3196 1429 3250; x_wconf 87' lang='lat' dir='ltr'><strong>Ne</strong></span> <span class='ocrx_word' id='word_1_274' title='bbox 1457 3195 1757 3262; x_wconf 85' lang='lat' dir='ltr'><strong>nospigeat</strong></span> <span class='ocrx_word' id='word_1_275' title='bbox 1794 3206 1951 3261; x_wconf 89' lang='lat' dir='ltr'><strong>opem</strong></span> 
     </span>
    </p>
   </div>
   <div class='ocr_carea' id='block_1_38' title="bbox 367 3286 1947 3368">
    <p class='ocr_par' dir='ltr' id='par_1_38' title="bbox 367 3286 1947 3368">
     <span class='ocr_line' id='line_1_39' title="bbox 367 3286 1947 3368; baseline -0.016 -9"><span class='ocrx_word' id='word_1_276' title='bbox 367 3306 513 3359; x_wconf 81' lang='lat' dir='ltr'><strong>ferre</strong></span> <span class='ocrx_word' id='word_1_277' title='bbox 544 3302 611 3355; x_wconf 89' lang='lat' dir='ltr'><strong>iis</strong></span> <span class='ocrx_word' id='word_1_278' title='bbox 637 3298 727 3368; x_wconf 91' lang='lat' dir='ltr'><strong>qui</strong></span> <span class='ocrx_word' id='word_1_279' title='bbox 758 3300 1109 3352; x_wconf 83' lang='lat' dir='ltr'><strong>excesserunt</strong></span> <span class='ocrx_word' id='word_1_280' title='bbox 1136 3331 1149 3353; x_wconf 87' lang='lat'><strong>,</strong></span> <span class='ocrx_word' id='word_1_281' title='bbox 1178 3298 1234 3345; x_wconf 89' lang='lat' dir='ltr'><strong>et</strong></span> <span class='ocrx_word' id='word_1_282' title='bbox 1261 3303 1361 3358; x_wconf 91' lang='lat' dir='ltr'><strong>pro</strong></span> <span class='ocrx_word' id='word_1_283' title='bbox 1385 3288 1464 3342; x_wconf 87' lang='lat' dir='ltr'><strong>eis</strong></span> <span class='ocrx_word' id='word_1_284' title='bbox 1492 3286 1684 3339; x_wconf 72' lang='lat' dir='ltr'><strong>olferre</strong></span> <span class='ocrx_word' id='word_1_285' title='bbox 1713 3296 1900 3353; x_wconf 89' lang='lat' dir='ltr'><strong>preces</strong></span> <span class='ocrx_word' id='word_1_286' title='bbox 1932 3298 1947 3332; x_wconf 87' lang='lat'><strong>:</strong></span> 
     </span>
    </p>
   </div>
   <div class='ocr_carea' id='block_1_39' title="bbox 368 3377 1951 3459">
    <p class='ocr_par' dir='ltr' id='par_1_39' title="bbox 368 3377 1951 3459">
     <span class='ocr_line' id='line_1_40' title="bbox 368 3377 1951 3459; baseline -0.014 -9"><span class='ocrx_word' id='word_1_287' title='bbox 368 3405 455 3450; x_wconf 85' lang='lat' dir='ltr'><strong>est</strong></span> <span class='ocrx_word' id='word_1_288' title='bbox 481 3394 624 3448; x_wconf 88' lang='lat' dir='ltr'><strong>enim</strong></span> <span class='ocrx_word' id='word_1_289' title='bbox 649 3387 979 3459; x_wconf 84' lang='lat' dir='ltr'><strong>propositum</strong></span> <span class='ocrx_word' id='word_1_290' title='bbox 1002 3384 1149 3439; x_wconf 88' lang='lat' dir='ltr'><strong>orbis</strong></span> <span class='ocrx_word' id='word_1_291' title='bbox 1175 3393 1333 3436; x_wconf 71' lang='lat' dir='ltr'><strong>terra:</strong></span> <span class='ocrx_word' id='word_1_292' title='bbox 1360 3393 1643 3433; x_wconf 89' lang='lat' dir='ltr'><strong>commune</strong></span> <span class='ocrx_word' id='word_1_293' title='bbox 1666 3377 1951 3446; x_wconf 86' lang='lat' dir='ltr'><strong>piaculum.</strong></span> 
     </span>
    </p>
   </div>
   <div class='ocr_carea' id='block_1_40' title="bbox 375 3474 1957 3553">
    <p class='ocr_par' dir='ltr' id='par_1_40' title="bbox 375 3474 1957 3553">
     <span class='ocr_line' id='line_1_41' title="bbox 375 3474 1957 3553; baseline -0.014 -12"><span class='ocrx_word' id='word_1_294' title='bbox 375 3490 668 3553; x_wconf 75' lang='lat' dir='ltr'><strong>Propterea</strong></span> <span class='ocrx_word' id='word_1_295' title='bbox 702 3481 926 3534; x_wconf 80' lang='lat' dir='ltr'><strong>fidenter</strong></span> <span class='ocrx_word' id='word_1_296' title='bbox 960 3490 1056 3546; x_wconf 88' lang='lat' dir='ltr'><strong>pro</strong></span> <span class='ocrx_word' id='word_1_297' title='bbox 1077 3475 1211 3529; x_wconf 88' lang='lat' dir='ltr'><strong>orbe</strong></span> <span class='ocrx_word' id='word_1_298' title='bbox 1244 3482 1401 3527; x_wconf 67' lang='lat' dir='ltr'><strong>terra:</strong></span> <span class='ocrx_word' id='word_1_299' title='bbox 1430 3480 1553 3524; x_wconf 87' lang='lat' dir='ltr'><strong>tunc</strong></span> <span class='ocrx_word' id='word_1_300' title='bbox 1597 3482 1869 3538; x_wconf 84' lang='lat' dir='ltr'><strong>rogamus,</strong></span> <span class='ocrx_word' id='word_1_301' title='bbox 1901 3474 1957 3521; x_wconf 86' lang='lat' dir='ltr'><strong>et</strong></span> 
     </span>
    </p>
   </div>
   <div class='ocr_carea' id='block_1_41' title="bbox 378 3559 1953 3644">
    <p class='ocr_par' dir='ltr' id='par_1_41' title="bbox 378 3559 1953 3644">
     <span class='ocr_line' id='line_1_42' title="bbox 378 3559 1953 3644; baseline -0.014 -13"><span class='ocrx_word' id='word_1_302' title='bbox 378 3593 508 3631; x_wconf 85' lang='lat' dir='ltr'><strong>eum</strong></span> <span class='ocrx_word' id='word_1_303' title='bbox 563 3573 880 3644; x_wconf 86' lang='lat' dir='ltr'><strong>martyribus</strong></span> <span class='ocrx_word' id='word_1_304' title='bbox 906 3584 999 3624; x_wconf 88' lang='lat' dir='ltr'><strong>eos</strong></span> <span class='ocrx_word' id='word_1_305' title='bbox 1022 3579 1277 3623; x_wconf 80' lang='lat' dir='ltr'><strong>vocamus</strong></span> <span class='ocrx_word' id='word_1_306' title='bbox 1303 3605 1316 3625; x_wconf 86' lang='lat'><strong>,</strong></span> <span class='ocrx_word' id='word_1_307' title='bbox 1346 3579 1468 3617; x_wconf 90' lang='lat' dir='ltr'><strong>cum</strong></span> <span class='ocrx_word' id='word_1_308' title='bbox 1514 3559 1913 3616; x_wconf 86' lang='lat' dir='ltr'><strong>confessoribus</strong></span> <span class='ocrx_word' id='word_1_309' title='bbox 1938 3598 1953 3622; x_wconf 93' lang='lat'><strong>,</strong></span> 
     </span>
    </p>
   </div>
   <div class='ocr_carea' id='block_1_42' title="bbox 377 3660 1956 3724">
    <p class='ocr_par' dir='ltr' id='par_1_42' title="bbox 377 3660 1956 3724">
     <span class='ocr_line' id='line_1_43' title="bbox 377 3660 1956 3724; baseline -0.014 -1"><span class='ocrx_word' id='word_1_310' title='bbox 377 3685 507 3724; x_wconf 89' lang='lat' dir='ltr'><strong>cum</strong></span> <span class='ocrx_word' id='word_1_311' title='bbox 535 3664 913 3720; x_wconf 86' lang='lat' dir='ltr'><strong>sacerdotibus.</strong></span> <span class='ocrx_word' id='word_1_312' title='bbox 933 3660 1138 3715; x_wconf 87' lang='lat' dir='ltr'><strong>Etenim</strong></span> <span class='ocrx_word' id='word_1_313' title='bbox 1158 3672 1325 3711; x_wconf 90' lang='lat' dir='ltr'><strong>unum</strong></span> <span class='ocrx_word' id='word_1_314' title='bbox 1343 3668 1540 3722; x_wconf 89' lang='lat' dir='ltr'><strong>corpus</strong></span> <span class='ocrx_word' id='word_1_315' title='bbox 1552 3665 1740 3705; x_wconf 88' lang='lat' dir='ltr'><strong>omnes</strong></span> <span class='ocrx_word' id='word_1_316' title='bbox 1750 3662 1956 3711; x_wconf 79' lang='lat' dir='ltr'><strong>sumus,</strong></span> 
     </span>
    </p>
   </div>
   <div class='ocr_carea' id='block_1_43' title="bbox 375 3738 1961 3815">
    <p class='ocr_par' dir='ltr' id='par_1_43' title="bbox 375 3738 1961 3815">
     <span class='ocr_line' id='line_1_44' title="bbox 375 3738 1961 3815; baseline -0.015 0"><span class='ocrx_word' id='word_1_317' title='bbox 375 3757 600 3815; x_wconf 82' lang='lat' dir='ltr'><strong>etiamsi</strong></span> <span class='ocrx_word' id='word_1_318' title='bbox 628 3755 738 3809; x_wconf 89' lang='lat' dir='ltr'><strong>sint</strong></span> <span class='ocrx_word' id='word_1_319' title='bbox 779 3752 1011 3807; x_wconf 90' lang='lat' dir='ltr'><strong>membra</strong></span> <span class='ocrx_word' id='word_1_320' title='bbox 1041 3747 1296 3803; x_wconf 88' lang='lat' dir='ltr'><strong>membris</strong></span> <span class='ocrx_word' id='word_1_321' title='bbox 1339 3743 1704 3813; x_wconf 87' lang='lat' dir='ltr'><strong>splendidiora</strong></span> <span class='ocrx_word' id='word_1_322' title='bbox 1729 3758 1743 3796; x_wconf 91' lang='lat'><strong>:</strong></span> <span class='ocrx_word' id='word_1_323' title='bbox 1766 3751 1819 3797; x_wconf 88' lang='lat' dir='ltr'><strong>et</strong></span> <span class='ocrx_word' id='word_1_324' title='bbox 1846 3738 1961 3793; x_wconf 84' lang='lat' dir='ltr'><strong>ﬁeri</strong></span> 
     </span>
    </p>
   </div>
   <div class='ocr_carea' id='block_1_44' title="bbox 376 3834 1960 3921">
    <p class='ocr_par' dir='ltr' id='par_1_44' title="bbox 376 3834 1960 3921">
     <span class='ocr_line' id='line_1_45' title="bbox 376 3834 1960 3921; baseline -0.014 -17"><span class='ocrx_word' id='word_1_325' title='bbox 376 3857 563 3921; x_wconf 87' lang='lat' dir='ltr'><strong>potest</strong></span> <span class='ocrx_word' id='word_1_326' title='bbox 585 3855 646 3901; x_wconf 90' lang='lat' dir='ltr'><strong>ut</strong></span> <span class='ocrx_word' id='word_1_327' title='bbox 674 3845 879 3900; x_wconf 88' lang='lat' dir='ltr'><strong>veniam</strong></span> <span class='ocrx_word' id='word_1_328' title='bbox 911 3844 990 3897; x_wconf 86' lang='lat' dir='ltr'><strong>eis</strong></span> <span class='ocrx_word' id='word_1_329' title='bbox 1025 3841 1170 3895; x_wconf 91' lang='lat' dir='ltr'><strong>omni</strong></span> <span class='ocrx_word' id='word_1_330' title='bbox 1216 3854 1281 3892; x_wconf 80' lang='lat' dir='ltr'><strong>ex</strong></span> <span class='ocrx_word' id='word_1_331' title='bbox 1324 3848 1473 3905; x_wconf 89' lang='lat' dir='ltr'><strong>parte</strong></span> <span class='ocrx_word' id='word_1_332' title='bbox 1515 3834 1860 3888; x_wconf 82' lang='lat' dir='ltr'><strong>conciliemus</strong></span> <span class='ocrx_word' id='word_1_333' title='bbox 1884 3873 1898 3896; x_wconf 93' lang='lat'><strong>,</strong></span> <span class='ocrx_word' id='word_1_334' title='bbox 1930 3845 1960 3882; x_wconf 89' lang='lat' dir='ltr'><strong>a</strong></span> 
     </span>
    </p>
   </div>
   <div class='ocr_carea' id='block_1_45' title="bbox 377 3920 1962 4013">
    <p class='ocr_par' dir='ltr' id='par_1_45' title="bbox 377 3920 1962 4013">
     <span class='ocr_line' id='line_1_46' title="bbox 377 3920 1962 4013; baseline -0.015 -17"><span class='ocrx_word' id='word_1_335' title='bbox 377 3920 661 4013; x_wconf 81' lang='lat' dir='ltr'><strong>precibus,</strong></span> <span class='ocrx_word' id='word_1_336' title='bbox 690 3952 719 3989; x_wconf 90' lang='lat' dir='ltr'><strong>a</strong></span> <span class='ocrx_word' id='word_1_337' title='bbox 748 3935 905 3989; x_wconf 89' lang='lat' dir='ltr'><strong>donis</strong></span> <span class='ocrx_word' id='word_1_338' title='bbox 935 3947 1052 4002; x_wconf 70' lang='lat' dir='ltr'><strong>quae</strong></span> <span class='ocrx_word' id='word_1_339' title='bbox 1085 3945 1180 3999; x_wconf 90' lang='lat' dir='ltr'><strong>pro</strong></span> <span class='ocrx_word' id='word_1_340' title='bbox 1201 3929 1282 3983; x_wconf 89' lang='lat' dir='ltr'><strong>eis</strong></span> <span class='ocrx_word' id='word_1_341' title='bbox 1308 3927 1624 3988; x_wconf 72' lang='lat' dir='ltr'><strong>offeruntur,</strong></span> <span class='ocrx_word' id='word_1_342' title='bbox 1668 3924 1737 3977; x_wconf 92' lang='lat' dir='ltr'><strong>ab</strong></span> <span class='ocrx_word' id='word_1_343' title='bbox 1781 3925 1845 3976; x_wconf 89' lang='lat' dir='ltr'><strong>iis</strong></span> <span class='ocrx_word' id='word_1_344' title='bbox 1872 3920 1962 3991; x_wconf 92' lang='lat' dir='ltr'><strong>qui</strong></span> 
     </span>
    </p>
   </div>
   <div class='ocr_carea' id='block_1_46' title="bbox 375 4013 1967 4100">
    <p class='ocr_par' dir='ltr' id='par_1_46' title="bbox 375 4013 1967 4100">
     <span class='ocr_line' id='line_1_47' title="bbox 375 4013 1967 4100; baseline -0.016 -11"><span class='ocrx_word' id='word_1_345' title='bbox 375 4049 505 4089; x_wconf 90' lang='lat' dir='ltr'><strong>cum</strong></span> <span class='ocrx_word' id='word_1_346' title='bbox 530 4030 662 4100; x_wconf 76' lang='lat' dir='ltr'><strong>ipsis</strong></span> <span class='ocrx_word' id='word_1_347' title='bbox 696 4034 976 4081; x_wconf 88' lang='lat' dir='ltr'><strong>vocantur.</strong></span> <span class='ocrx_word' id='word_1_348' title='bbox 1006 4019 1110 4076; x_wconf 89' lang='lat' dir='ltr'><strong>Cur</strong></span> <span class='ocrx_word' id='word_1_349' title='bbox 1129 4036 1256 4090; x_wconf 88' lang='lat' dir='ltr'><strong>ergo</strong></span> <span class='ocrx_word' id='word_1_350' title='bbox 1278 4016 1470 4072; x_wconf 85' lang='lat' dir='ltr'><strong>doles?</strong></span> <span class='ocrx_word' id='word_1_351' title='bbox 1509 4032 1605 4071; x_wconf 89' lang='lat' dir='ltr'><strong>cur</strong></span> <span class='ocrx_word' id='word_1_352' title='bbox 1634 4015 1782 4083; x_wconf 88' lang='lat' dir='ltr'><strong>luges</strong></span> <span class='ocrx_word' id='word_1_353' title='bbox 1808 4024 1862 4067; x_wconf 90' lang='lat' dir='ltr'><strong>et</strong></span> <span class='ocrx_word' id='word_1_354' title='bbox 1889 4013 1967 4066; x_wconf 85' lang='lat' dir='ltr'><strong>la-</strong></span> 
     </span>
    </p>
   </div>
   <div class='ocr_carea' id='block_1_47' title="bbox 377 4108 1963 4190">
    <p class='ocr_par' dir='ltr' id='par_1_47' title="bbox 377 4108 1963 4190">
     <span class='ocr_line' id='line_1_48' title="bbox 377 4108 1963 4190; baseline -0.016 -6"><span class='ocrx_word' id='word_1_355' title='bbox 377 4124 682 4187; x_wconf 85' lang='lat' dir='ltr'><strong>mentaris,</strong></span> <span class='ocrx_word' id='word_1_356' title='bbox 717 4118 932 4190; x_wconf 84' lang='lat' dir='ltr'><strong>quando</strong></span> <span class='ocrx_word' id='word_1_357' title='bbox 969 4117 1220 4170; x_wconf 82' lang='lat' dir='ltr'><strong>defuncto</strong></span> <span class='ocrx_word' id='word_1_358' title='bbox 1269 4122 1442 4180; x_wconf 87' lang='lat' dir='ltr'><strong>potest</strong></span> <span class='ocrx_word' id='word_1_359' title='bbox 1491 4122 1633 4167; x_wconf 89' lang='lat' dir='ltr'><strong>tanta</strong></span> <span class='ocrx_word' id='word_1_360' title='bbox 1680 4108 1963 4163; x_wconf 87' lang='lat' dir='ltr'><strong>conciliari</strong></span> 
     </span>
    </p>
   </div>
   <div class='ocr_carea' id='block_1_48' title="bbox 377 4200 1968 4281">
    <p class='ocr_par' dir='ltr' id='par_1_48' title="bbox 377 4200 1968 4281">
     <span class='ocr_line' id='line_1_49' title="bbox 377 4200 1968 4281; baseline -0.011 -11"><span class='ocrx_word' id='word_1_361' title='bbox 377 4218 546 4273; x_wconf 78' lang='lat' dir='ltr'><strong>venia</strong></span> <span class='ocrx_word' id='word_1_362' title='bbox 573 4216 596 4269; x_wconf 86' lang='lat'><strong>?</strong></span> <span class='ocrx_word' id='word_1_363' title='bbox 629 4216 697 4266; x_wconf 80' lang='lat' dir='ltr'><strong>At</strong></span> <span class='ocrx_word' id='word_1_364' title='bbox 718 4213 888 4281; x_wconf 88' lang='lat' dir='ltr'><strong>luges,</strong></span> <span class='ocrx_word' id='word_1_365' title='bbox 920 4206 1170 4278; x_wconf 88' lang='lat' dir='ltr'><strong>quoniam</strong></span> <span class='ocrx_word' id='word_1_366' title='bbox 1199 4219 1258 4259; x_wconf 93' lang='lat' dir='ltr'><strong>es</strong></span> <span class='ocrx_word' id='word_1_367' title='bbox 1284 4203 1494 4258; x_wconf 88' lang='lat' dir='ltr'><strong>deserta</strong></span> <span class='ocrx_word' id='word_1_368' title='bbox 1525 4217 1588 4256; x_wconf 91' lang='lat' dir='ltr'><strong>ac</strong></span> <span class='ocrx_word' id='word_1_369' title='bbox 1615 4200 1890 4263; x_wconf 89' lang='lat' dir='ltr'><strong>destituta,</strong></span> <span class='ocrx_word' id='word_1_370' title='bbox 1912 4210 1968 4253; x_wconf 92' lang='lat' dir='ltr'><strong>et</strong></span> 
     </span>
    </p>
   </div>
   <div class='ocr_carea' id='block_1_49' title="bbox 378 4294 1964 4384">
    <p class='ocr_par' dir='ltr' id='par_1_49' title="bbox 378 4294 1964 4384">
     <span class='ocr_line' id='line_1_50' title="bbox 378 4294 1964 4384; baseline -0.017 -14"><span class='ocrx_word' id='word_1_371' title='bbox 378 4309 675 4384; x_wconf 82' lang='lat' dir='ltr'><strong>perdidisti</strong></span> <span class='ocrx_word' id='word_1_372' title='bbox 707 4315 991 4376; x_wconf 90' lang='lat' dir='ltr'><strong>patronum</strong></span> <span class='ocrx_word' id='word_1_373' title='bbox 1018 4315 1085 4354; x_wconf 88' lang='lat' dir='ltr'><strong>ac</strong></span> <span class='ocrx_word' id='word_1_374' title='bbox 1115 4298 1461 4352; x_wconf 83' lang='lat' dir='ltr'><strong>defensorem</strong></span> <span class='ocrx_word' id='word_1_375' title='bbox 1491 4296 1513 4347; x_wconf 86' lang='lat'><strong>?</strong></span> <span class='ocrx_word' id='word_1_376' title='bbox 1543 4294 1646 4348; x_wconf 88' lang='lat' dir='ltr'><strong>Sed</strong></span> <span class='ocrx_word' id='word_1_377' title='bbox 1678 4307 1964 4361; x_wconf 83' lang='lat' dir='ltr'><strong>numquam</strong></span> 
     </span>
    </p>
   </div>
   <div class='ocr_carea' id='block_1_50' title="bbox 381 4385 1973 4463">
    <p class='ocr_par' dir='ltr' id='par_1_50' title="bbox 381 4385 1973 4463">
     <span class='ocr_line' id='line_1_51' title="bbox 381 4385 1973 4463; baseline -0.012 -6"><span class='ocrx_word' id='word_1_378' title='bbox 381 4406 496 4458; x_wconf 83' lang='lat' dir='ltr'><strong>hoc</strong></span> <span class='ocrx_word' id='word_1_379' title='bbox 544 4400 784 4461; x_wconf 76' lang='lat' dir='ltr'><strong>dixeris;</strong></span> <span class='ocrx_word' id='word_1_380' title='bbox 833 4409 1008 4463; x_wconf 88' lang='lat' dir='ltr'><strong>neque</strong></span> <span class='ocrx_word' id='word_1_381' title='bbox 1060 4392 1201 4445; x_wconf 86' lang='lat' dir='ltr'><strong>enim</strong></span> <span class='ocrx_word' id='word_1_382' title='bbox 1256 4390 1418 4442; x_wconf 87' lang='lat' dir='ltr'><strong>Deum</strong></span> <span class='ocrx_word' id='word_1_383' title='bbox 1480 4385 1773 4457; x_wconf 86' lang='lat' dir='ltr'><strong>perdidisti.</strong></span> <span class='ocrx_word' id='word_1_384' title='bbox 1851 4385 1973 4439; x_wconf 89' lang='lat' dir='ltr'><strong>Ideo</strong></span> 
     </span>
    </p>
   </div>
   <div class='ocr_carea' id='block_1_51' title="bbox 377 4473 1971 4564">
    <p class='ocr_par' dir='ltr' id='par_1_51' title="bbox 377 4473 1971 4564">
     <span class='ocr_line' id='line_1_52' title="bbox 377 4473 1971 4564; baseline -0.016 -14"><span class='ocrx_word' id='word_1_385' title='bbox 377 4490 651 4564; x_wconf 83' lang='lat' dir='ltr'><strong>quamdiu</strong></span> <span class='ocrx_word' id='word_1_386' title='bbox 679 4501 800 4542; x_wconf 91' lang='lat' dir='ltr'><strong>eum</strong></span> <span class='ocrx_word' id='word_1_387' title='bbox 830 4483 997 4538; x_wconf 82' lang='lat' dir='ltr'><strong>habes</strong></span> <span class='ocrx_word' id='word_1_388' title='bbox 1019 4523 1035 4547; x_wconf 97' lang='lat'><strong>,</strong></span> <span class='ocrx_word' id='word_1_389' title='bbox 1071 4481 1183 4549; x_wconf 90' lang='lat' dir='ltr'><strong>ipse</strong></span> <span class='ocrx_word' id='word_1_390' title='bbox 1228 4478 1326 4533; x_wconf 83' lang='lat' dir='ltr'><strong>erit</strong></span> <span class='ocrx_word' id='word_1_391' title='bbox 1356 4477 1449 4531; x_wconf 91' lang='lat' dir='ltr'><strong>tibi</strong></span> <span class='ocrx_word' id='word_1_392' title='bbox 1497 4475 1671 4544; x_wconf 82' lang='lat' dir='ltr'><strong>major</strong></span> <span class='ocrx_word' id='word_1_393' title='bbox 1699 4483 1753 4528; x_wconf 88' lang='lat' dir='ltr'><strong>et</strong></span> <span class='ocrx_word' id='word_1_394' title='bbox 1778 4473 1971 4527; x_wconf 91' lang='lat' dir='ltr'><strong>marito</strong></span> 
     </span>
    </p>
   </div>
   <div class='ocr_carea' id='block_1_52' title="bbox 380 4563 1976 4654">
    <p class='ocr_par' dir='ltr' id='par_1_52' title="bbox 380 4563 1976 4654">
     <span class='ocr_line' id='line_1_53' title="bbox 380 4563 1976 4654; baseline -0.018 -11"><span class='ocrx_word' id='word_1_395' title='bbox 380 4563 441 4643; x_wconf 79' lang='lat' dir='ltr'><strong>et</strong></span> <span class='ocrx_word' id='word_1_396' title='bbox 476 4592 635 4654; x_wconf 87' lang='lat' dir='ltr'><strong>patre</strong></span> <span class='ocrx_word' id='word_1_397' title='bbox 656 4588 711 4635; x_wconf 91' lang='lat' dir='ltr'><strong>et</strong></span> <span class='ocrx_word' id='word_1_398' title='bbox 739 4577 846 4631; x_wconf 87' lang='lat' dir='ltr'><strong>filio</strong></span> <span class='ocrx_word' id='word_1_399' title='bbox 875 4584 930 4630; x_wconf 88' lang='lat' dir='ltr'><strong>et</strong></span> <span class='ocrx_word' id='word_1_400' title='bbox 950 4586 1181 4628; x_wconf 89' lang='lat' dir='ltr'><strong>socero:</strong></span> <span class='ocrx_word' id='word_1_401' title='bbox 1223 4584 1347 4624; x_wconf 91' lang='lat' dir='ltr'><strong>nam</strong></span> <span class='ocrx_word' id='word_1_402' title='bbox 1376 4578 1427 4622; x_wconf 91' lang='lat' dir='ltr'><strong>et</strong></span> <span class='ocrx_word' id='word_1_403' title='bbox 1456 4567 1559 4621; x_wconf 88' lang='lat' dir='ltr'><strong>illis</strong></span> <span class='ocrx_word' id='word_1_404' title='bbox 1609 4565 1905 4619; x_wconf 86' lang='lat' dir='ltr'><strong>viventibus</strong></span> <span class='ocrx_word' id='word_1_405' title='bbox 1930 4563 1976 4616; x_wconf 91' lang='lat' dir='ltr'><strong>is</strong></span> 
     </span>
    </p>
   </div>
   <div class='ocr_carea' id='block_1_53' title="bbox 381 4653 1978 4743">
    <p class='ocr_par' dir='ltr' id='par_1_53' title="bbox 381 4653 1978 4743">
     <span class='ocr_line' id='line_1_54' title="bbox 381 4653 1978 4743; baseline -0.019 -9"><span class='ocrx_word' id='word_1_406' title='bbox 381 4653 513 4734; x_wconf 81' lang='lat' dir='ltr'><strong>erat</strong></span> <span class='ocrx_word' id='word_1_407' title='bbox 544 4673 634 4743; x_wconf 89' lang='lat' dir='ltr'><strong>qui</strong></span> <span class='ocrx_word' id='word_1_408' title='bbox 664 4669 913 4724; x_wconf 74' lang='lat' dir='ltr'><strong>faciebat.</strong></span> <span class='ocrx_word' id='word_1_409' title='bbox 937 4664 1136 4720; x_wconf 90' lang='lat' dir='ltr'><strong>omnia.</strong></span> <span class='ocrx_word' id='word_1_410' title='bbox 1174 4661 1301 4716; x_wconf 65' lang='lat' dir='ltr'><strong>llaec</strong></span> <span class='ocrx_word' id='word_1_411' title='bbox 1327 4674 1457 4730; x_wconf 85' lang='lat' dir='ltr'><strong>ergo</strong></span> <span class='ocrx_word' id='word_1_412' title='bbox 1486 4657 1689 4726; x_wconf 76' lang='lat' dir='ltr'><strong>cogita,</strong></span> <span class='ocrx_word' id='word_1_413' title='bbox 1717 4665 1771 4708; x_wconf 88' lang='lat' dir='ltr'><strong>et</strong></span> <span class='ocrx_word' id='word_1_414' title='bbox 1797 4655 1881 4709; x_wconf 90' lang='lat' dir='ltr'><strong>die</strong></span> <span class='ocrx_word' id='word_1_415' title='bbox 1906 4653 1978 4705; x_wconf 86' lang='lat' dir='ltr'><strong>si-</strong></span> 
     </span>
    </p>
   </div>
   <div class='ocr_carea' id='block_1_54' title="bbox 382 4751 1971 4827">
    <p class='ocr_par' dir='ltr' id='par_1_54' title="bbox 382 4751 1971 4827">
     <span class='ocr_line' id='line_1_55' title="bbox 382 4751 1971 4827; baseline -0.01 -10"><span class='ocrx_word' id='word_1_416' title='bbox 382 4780 484 4825; x_wconf 75' lang='lat' dir='ltr'><strong>cut</strong></span> <span class='ocrx_word' id='word_1_417' title='bbox 515 4764 706 4827; x_wconf 78' lang='lat' dir='ltr'><strong>David,</strong></span> <span class='ocrx_word' id='word_1_418' title='bbox 736 4761 985 4815; x_wconf 75' lang='lat' dir='ltr'><strong>Dominus</strong></span> <span class='ocrx_word' id='word_1_419' title='bbox 1013 4755 1320 4811; x_wconf 81' lang='lat' dir='ltr'><strong>illuminatio</strong></span> <span class='ocrx_word' id='word_1_420' title='bbox 1342 4770 1453 4807; x_wconf 88' lang='lat' dir='ltr'><strong>mea</strong></span> <span class='ocrx_word' id='word_1_421' title='bbox 1478 4760 1524 4805; x_wconf 86' lang='lat' dir='ltr'><strong>et</strong></span> <span class='ocrx_word' id='word_1_422' title='bbox 1550 4751 1775 4806; x_wconf 78' lang='lat' dir='ltr'><strong>salvator</strong></span> <span class='ocrx_word' id='word_1_423' title='bbox 1799 4763 1938 4801; x_wconf 88' lang='lat' dir='ltr'><strong>meus</strong></span> <span class='ocrx_word' id='word_1_424' title='bbox 1956 4786 1971 4811; x_wconf 88' lang='lat'><strong>,</strong></span> 
     </span>
    </p>
   </div>
   <div class='ocr_carea' id='block_1_55' title="bbox 380 4841 1981 4931">
    <p class='ocr_par' dir='ltr' id='par_1_55' title="bbox 380 4841 1981 4931">
     <span class='ocr_line' id='line_1_56' title="bbox 380 4841 1981 4931; baseline -0.016 -14"><span class='ocrx_word' id='word_1_425' title='bbox 380 4877 545 4931; x_wconf 82' lang='lat' dir='ltr'><strong>quem</strong></span> <span class='ocrx_word' id='word_1_426' title='bbox 577 4853 756 4908; x_wconf 82' lang='lat' dir='ltr'><strong>timebo</strong></span> <span class='ocrx_word' id='word_1_427' title='bbox 779 4849 948 4924; x_wconf 81' lang='lat' dir='ltr'><strong>(l’sul.</strong></span> <span class='ocrx_word' id='word_1_428' title='bbox 976 4848 1068 4902; x_wconf 73' lang='lat'><strong>26.</strong></span> <span class='ocrx_word' id='word_1_429' title='bbox 1101 4848 1153 4916; x_wconf 84' lang='lat' dir='ltr'><strong>l)</strong></span> <span class='ocrx_word' id='word_1_430' title='bbox 1174 4847 1198 4899; x_wconf 70' lang='grc' dir='ltr'><strong>’Ξ</strong></span> <span class='ocrx_word' id='word_1_431' title='bbox 1216 4847 1321 4907; x_wconf 85' lang='lat' dir='ltr'><strong>die,</strong></span> <span class='ocrx_word' id='word_1_432' title='bbox 1354 4846 1431 4899; x_wconf 86' lang='lat' dir='ltr'><strong>&#39;l&#39;u</strong></span> <span class='ocrx_word' id='word_1_433' title='bbox 1457 4859 1517 4899; x_wconf 89' lang='lat' dir='ltr'><strong>es</strong></span> <span class='ocrx_word' id='word_1_434' title='bbox 1547 4853 1696 4912; x_wconf 86' lang='lat' dir='ltr'><strong>pater</strong></span> <span class='ocrx_word' id='word_1_435' title='bbox 1720 4841 1981 4912; x_wconf 76' lang='lat' dir='ltr'><strong>orphans-</strong></span> 
     </span>
    </p>
   </div>
   <div class='ocr_carea' id='block_1_56' title="bbox 386 4937 1973 5015">
    <p class='ocr_par' dir='ltr' id='par_1_56' title="bbox 386 4937 1973 5015">
     <span class='ocr_line' id='line_1_57' title="bbox 386 4937 1973 5015; baseline -0.013 -8"><span class='ocrx_word' id='word_1_436' title='bbox 386 4969 545 5015; x_wconf 84' lang='lat' dir='ltr'><strong>runt,</strong></span> <span class='ocrx_word' id='word_1_437' title='bbox 581 4946 816 5015; x_wconf 74' lang='lat' dir='ltr'><strong>etjudex</strong></span> <span class='ocrx_word' id='word_1_438' title='bbox 840 4942 1117 4997; x_wconf 88' lang='lat' dir='ltr'><strong>viduarum</strong></span> <span class='ocrx_word' id='word_1_439' title='bbox 1144 4955 1158 5002; x_wconf 93' lang='lat'><strong>;</strong></span> <span class='ocrx_word' id='word_1_440' title='bbox 1187 4949 1240 4992; x_wconf 85' lang='lat' dir='ltr'><strong>et</strong></span> <span class='ocrx_word' id='word_1_441' title='bbox 1268 4938 1382 5003; x_wconf 88' lang='lat' dir='ltr'><strong>ejus</strong></span> <span class='ocrx_word' id='word_1_442' title='bbox 1425 4937 1635 4990; x_wconf 84' lang='lat' dir='ltr'><strong>attrahe</strong></span> <span class='ocrx_word' id='word_1_443' title='bbox 1672 4938 1923 4988; x_wconf 71' lang='lat' dir='ltr'><strong>auxilium</strong></span> <span class='ocrx_word' id='word_1_444' title='bbox 1960 4975 1973 4996; x_wconf 95' lang='lat'><strong>,</strong></span> 
     </span>
    </p>
   </div>
   <div class='ocr_carea' id='block_1_57' title="bbox 384 5031 1417 5061">
    <p class='ocr_par' dir='ltr' id='par_1_57' title="bbox 384 5031 1417 5061">
     <span class='ocr_line' id='line_1_58' title="bbox 384 5031 1417 5061; baseline -0.013 -9"><span class='ocrx_word' id='word_1_445' title='bbox 384 5031 1417 5061; x_wconf 80' lang='lat'><strong>________________.______—</strong></span> 
     </span>
    </p>
   </div>
   <div class='ocr_carea' id='block_1_58' title="bbox 2016 542 3595 617">
    <p class='ocr_par' dir='ltr' id='par_1_58' title="bbox 2016 542 3595 617">
     <span class='ocr_line' id='line_1_59' title="bbox 2016 542 3595 617; baseline -0.004 -19"><span class='ocrx_word' id='word_1_446' title='bbox 2016 551 2179 616; x_wconf 65' lang='lat' dir='ltr'><strong>prius,</strong></span> <span class='ocrx_word' id='word_1_447' title='bbox 2224 564 2330 617; x_wconf 87' lang='lat' dir='ltr'><strong>quo</strong></span> <span class='ocrx_word' id='word_1_448' title='bbox 2378 548 2430 599; x_wconf 91' lang='lat' dir='ltr'><strong>in</strong></span> <span class='ocrx_word' id='word_1_449' title='bbox 2476 546 2733 616; x_wconf 87' lang='lat' dir='ltr'><strong>majorem</strong></span> <span class='ocrx_word' id='word_1_450' title='bbox 2773 544 2987 600; x_wconf 88' lang='lat' dir='ltr'><strong>redacta</strong></span> <span class='ocrx_word' id='word_1_451' title='bbox 3015 557 3076 598; x_wconf 87' lang='lat' dir='ltr'><strong>es</strong></span> <span class='ocrx_word' id='word_1_452' title='bbox 3106 542 3358 612; x_wconf 89' lang='lat' dir='ltr'><strong>inopiam.</strong></span> <span class='ocrx_word' id='word_1_453' title='bbox 3387 542 3447 595; x_wconf 80' lang='lat' dir='ltr'><strong>At</strong></span> <span class='ocrx_word' id='word_1_454' title='bbox 3476 557 3595 610; x_wconf 86' lang='lat' dir='ltr'><strong>per-</strong></span> 
     </span>
    </p>
   </div>
   <div class='ocr_carea' id='block_1_59' title="bbox 2015 632 3597 706">
    <p class='ocr_par' dir='ltr' id='par_1_59' title="bbox 2015 632 3597 706">
     <span class='ocr_line' id='line_1_60' title="bbox 2015 632 3597 706; baseline -0.003 -15"><span class='ocrx_word' id='word_1_455' title='bbox 2015 638 2196 691; x_wconf 78' lang='lat' dir='ltr'><strong>didisti</strong></span> <span class='ocrx_word' id='word_1_456' title='bbox 2230 637 2396 690; x_wconf 83' lang='lat' dir='ltr'><strong>filium</strong></span> <span class='ocrx_word' id='word_1_457' title='bbox 2421 634 2580 691; x_wconf 85' lang='lat' dir='ltr'><strong>?Non</strong></span> <span class='ocrx_word' id='word_1_458' title='bbox 2612 635 2916 706; x_wconf 87' lang='lat' dir='ltr'><strong>perdidisti,</strong></span> <span class='ocrx_word' id='word_1_459' title='bbox 2951 650 3020 690; x_wconf 89' lang='lat' dir='ltr'><strong>ne</strong></span> <span class='ocrx_word' id='word_1_460' title='bbox 3042 634 3191 689; x_wconf 91' lang='lat' dir='ltr'><strong>dicas</strong></span> <span class='ocrx_word' id='word_1_461' title='bbox 3221 651 3234 687; x_wconf 90' lang='lat'>:</span> <span class='ocrx_word' id='word_1_462' title='bbox 3262 650 3349 688; x_wconf 84' lang='lat' dir='ltr'><strong>res</strong></span> <span class='ocrx_word' id='word_1_463' title='bbox 3380 632 3493 687; x_wconf 73' lang='lat' dir='ltr'><strong>lure</strong></span> <span class='ocrx_word' id='word_1_464' title='bbox 3515 642 3597 686; x_wconf 55' lang='lat' dir='ltr'><strong>est</strong></span> 
     </span>
    </p>
   </div>
   <div class='ocr_carea' id='block_1_60' title="bbox 2018 728 3601 811">
    <p class='ocr_par' dir='ltr' id='par_1_60' title="bbox 2018 728 3601 811">
     <span class='ocr_line' id='line_1_61' title="bbox 2018 728 3601 811; baseline -0.001 -27"><span class='ocrx_word' id='word_1_465' title='bbox 2018 744 2259 811; x_wconf 73' lang='lat' dir='ltr'><strong>Soptnns,</strong></span> <span class='ocrx_word' id='word_1_466' title='bbox 2291 746 2395 782; x_wconf 89' lang='lat' dir='ltr'><strong>non</strong></span> <span class='ocrx_word' id='word_1_467' title='bbox 2429 744 2612 794; x_wconf 86' lang='lat' dir='ltr'><strong>utors;</strong></span> <span class='ocrx_word' id='word_1_468' title='bbox 2650 740 2732 784; x_wconf 85' lang='lat' dir='ltr'><strong>est</strong></span> <span class='ocrx_word' id='word_1_469' title='bbox 2761 729 3041 800; x_wconf 83' lang='lat' dir='ltr'><strong>migratio,</strong></span> <span class='ocrx_word' id='word_1_470' title='bbox 3081 745 3185 782; x_wconf 89' lang='lat' dir='ltr'><strong>non</strong></span> <span class='ocrx_word' id='word_1_471' title='bbox 3216 728 3483 798; x_wconf 68' lang='lat' dir='ltr'><strong>perditio;</strong></span> <span class='ocrx_word' id='word_1_472' title='bbox 3518 737 3601 782; x_wconf 87' lang='lat' dir='ltr'><strong>est</strong></span> 
     </span>
    </p>
   </div>
   <div class='ocr_carea' id='block_1_61' title="bbox 2020 814 3598 891">
    <p class='ocr_par' dir='ltr' id='par_1_61' title="bbox 2020 814 3598 891">
     <span class='ocr_line' id='line_1_62' title="bbox 2020 814 3598 891; baseline 0.001 -18"><span class='ocrx_word' id='word_1_473' title='bbox 2020 814 2379 891; x_wconf 67' lang='lat' dir='ltr'><strong>peregrinatio</strong></span> <span class='ocrx_word' id='word_1_474' title='bbox 2408 837 2436 875; x_wconf 92' lang='lat' dir='ltr'><strong>a</strong></span> <span class='ocrx_word' id='word_1_475' title='bbox 2467 821 2826 876; x_wconf 87' lang='lat' dir='ltr'><strong>deterioribus</strong></span> <span class='ocrx_word' id='word_1_476' title='bbox 2847 821 2913 876; x_wconf 91' lang='lat' dir='ltr'><strong>ad</strong></span> <span class='ocrx_word' id='word_1_477' title='bbox 2938 822 3179 875; x_wconf 92' lang='lat' dir='ltr'><strong>meliora.</strong></span> <span class='ocrx_word' id='word_1_478' title='bbox 3227 820 3305 876; x_wconf 77' lang='lat' dir='ltr'><strong>Ne</strong></span> <span class='ocrx_word' id='word_1_479' title='bbox 3337 822 3500 874; x_wconf 89' lang='lat' dir='ltr'><strong>Deum</strong></span> <span class='ocrx_word' id='word_1_480' title='bbox 3526 820 3598 874; x_wconf 89' lang='lat' dir='ltr'><strong>ir-</strong></span> 
     </span>
    </p>
   </div>
   <div class='ocr_carea' id='block_1_62' title="bbox 2021 911 3601 982">
    <p class='ocr_par' dir='ltr' id='par_1_62' title="bbox 2021 911 3601 982">
     <span class='ocr_line' id='line_1_63' title="bbox 2021 911 3601 982; baseline -0.001 -16"><span class='ocrx_word' id='word_1_481' title='bbox 2021 914 2171 977; x_wconf 79' lang='lat' dir='ltr'><strong>rites,</strong></span> <span class='ocrx_word' id='word_1_482' title='bbox 2217 911 2311 967; x_wconf 87' lang='lat' dir='ltr'><strong>sed</strong></span> <span class='ocrx_word' id='word_1_483' title='bbox 2356 912 2534 981; x_wconf 82' lang='lat' dir='ltr'><strong>places</strong></span> <span class='ocrx_word' id='word_1_484' title='bbox 2562 922 2616 967; x_wconf 92' lang='lat' dir='ltr'><strong>et</strong></span> <span class='ocrx_word' id='word_1_485' title='bbox 2645 912 2840 967; x_wconf 87' lang='lat' dir='ltr'><strong>reddas</strong></span> <span class='ocrx_word' id='word_1_486' title='bbox 2880 914 3191 982; x_wconf 90' lang='lat' dir='ltr'><strong>propitium.</strong></span> <span class='ocrx_word' id='word_1_487' title='bbox 3242 913 3374 968; x_wconf 84' lang='lat' dir='ltr'><strong>Nam</strong></span> <span class='ocrx_word' id='word_1_488' title='bbox 3400 914 3444 967; x_wconf 90' lang='lat' dir='ltr'><strong>si</strong></span> <span class='ocrx_word' id='word_1_489' title='bbox 3475 913 3601 967; x_wconf 88' lang='lat' dir='ltr'><strong>forti</strong></span> 
     </span>
    </p>
   </div>
   <div class='ocr_carea' id='block_1_63' title="bbox 2021 1002 3600 1075">
    <p class='ocr_par' dir='ltr' id='par_1_63' title="bbox 2021 1002 3600 1075">
     <span class='ocr_line' id='line_1_64' title="bbox 2021 1002 3600 1075; baseline 0.004 -21"><span class='ocrx_word' id='word_1_490' title='bbox 2021 1002 2201 1055; x_wconf 91' lang='lat' dir='ltr'><strong>animo</strong></span> <span class='ocrx_word' id='word_1_491' title='bbox 2232 1002 2437 1067; x_wconf 91' lang='lat' dir='ltr'><strong>tuleris,</strong></span> <span class='ocrx_word' id='word_1_492' title='bbox 2469 1002 2572 1057; x_wconf 91' lang='lat' dir='ltr'><strong>crit</strong></span> <span class='ocrx_word' id='word_1_493' title='bbox 2624 1003 2748 1059; x_wconf 89' lang='lat' dir='ltr'><strong>hinc</strong></span> <span class='ocrx_word' id='word_1_494' title='bbox 2769 1013 2824 1058; x_wconf 89' lang='lat' dir='ltr'><strong>et</strong></span> <span class='ocrx_word' id='word_1_495' title='bbox 2859 1004 3112 1060; x_wconf 87' lang='lat' dir='ltr'><strong>defuncto</strong></span> <span class='ocrx_word' id='word_1_496' title='bbox 3137 1013 3191 1059; x_wconf 88' lang='lat' dir='ltr'><strong>et</strong></span> <span class='ocrx_word' id='word_1_497' title='bbox 3217 1004 3310 1059; x_wconf 91' lang='lat' dir='ltr'><strong>tibi</strong></span> <span class='ocrx_word' id='word_1_498' title='bbox 3359 1005 3600 1075; x_wconf 63' lang='lat' dir='ltr'><strong>quaedam</strong></span> 
     </span>
    </p>
   </div>
   <div class='ocr_carea' id='block_1_64' title="bbox 2023 1095 3599 1165">
    <p class='ocr_par' dir='ltr' id='par_1_64' title="bbox 2023 1095 3599 1165">
     <span class='ocr_line' id='line_1_65' title="bbox 2023 1095 3599 1165; baseline 0.002 -18"><span class='ocrx_word' id='word_1_499' title='bbox 2023 1095 2318 1150; x_wconf 77' lang='lat' dir='ltr'><strong>consolatio</strong></span> <span class='ocrx_word' id='word_1_500' title='bbox 2355 1113 2368 1150; x_wconf 90' lang='lat'><strong>:</strong></span> <span class='ocrx_word' id='word_1_501' title='bbox 2412 1096 2493 1149; x_wconf 90' lang='lat' dir='ltr'><strong>sin</strong></span> <span class='ocrx_word' id='word_1_502' title='bbox 2525 1104 2709 1149; x_wconf 91' lang='lat' dir='ltr'><strong>contra</strong></span> <span class='ocrx_word' id='word_1_503' title='bbox 2738 1137 2752 1159; x_wconf 89' lang='lat'><strong>,</strong></span> <span class='ocrx_word' id='word_1_504' title='bbox 2784 1096 2919 1149; x_wconf 91' lang='lat' dir='ltr'><strong>iram</strong></span> <span class='ocrx_word' id='word_1_505' title='bbox 2963 1096 3058 1150; x_wconf 91' lang='lat' dir='ltr'><strong>Dei</strong></span> <span class='ocrx_word' id='word_1_506' title='bbox 3113 1095 3281 1165; x_wconf 84' lang='lat' dir='ltr'><strong>magis</strong></span> <span class='ocrx_word' id='word_1_507' title='bbox 3329 1096 3599 1151; x_wconf 87' lang='lat' dir='ltr'><strong>accendis.</strong></span> 
     </span>
    </p>
   </div>
   <div class='ocr_carea' id='block_1_65' title="bbox 2026 1185 3605 1257">
    <p class='ocr_par' dir='ltr' id='par_1_65' title="bbox 2026 1185 3605 1257">
     <span class='ocr_line' id='line_1_66' title="bbox 2026 1185 3605 1257; baseline 0 -16"><span class='ocrx_word' id='word_1_508' title='bbox 2026 1185 2156 1241; x_wconf 79' lang='lat' dir='ltr'><strong>Nam</strong></span> <span class='ocrx_word' id='word_1_509' title='bbox 2188 1187 2231 1240; x_wconf 89' lang='lat' dir='ltr'><strong>si</strong></span> <span class='ocrx_word' id='word_1_510' title='bbox 2258 1201 2415 1240; x_wconf 91' lang='lat' dir='ltr'><strong>servo</strong></span> <span class='ocrx_word' id='word_1_511' title='bbox 2441 1202 2468 1240; x_wconf 91' lang='lat' dir='ltr'><strong>a</strong></span> <span class='ocrx_word' id='word_1_512' title='bbox 2497 1186 2717 1241; x_wconf 89' lang='lat' dir='ltr'><strong>domino</strong></span> <span class='ocrx_word' id='word_1_513' title='bbox 2750 1187 2928 1257; x_wconf 84' lang='lat' dir='ltr'><strong>ﬂagris</strong></span> <span class='ocrx_word' id='word_1_514' title='bbox 2966 1201 3107 1241; x_wconf 66' lang='lat'><strong>03350</strong></span> <span class='ocrx_word' id='word_1_515' title='bbox 3135 1198 3189 1241; x_wconf 91' lang='lat' dir='ltr'><strong>tu</strong></span> <span class='ocrx_word' id='word_1_516' title='bbox 3217 1186 3438 1243; x_wconf 77' lang='lat' dir='ltr'><strong>adstans</strong></span> <span class='ocrx_word' id='word_1_517' title='bbox 3462 1204 3605 1257; x_wconf 61' lang='lat' dir='ltr'><strong>agre</strong></span> 
     </span>
    </p>
   </div>
   <div class='ocr_carea' id='block_1_66' title="bbox 2028 1277 3603 1349">
    <p class='ocr_par' dir='ltr' id='par_1_66' title="bbox 2028 1277 3603 1349">
     <span class='ocr_line' id='line_1_67' title="bbox 2028 1277 3603 1349; baseline 0 -18"><span class='ocrx_word' id='word_1_518' title='bbox 2028 1278 2252 1344; x_wconf 85' lang='lat' dir='ltr'><strong>tuleris,</strong></span> <span class='ocrx_word' id='word_1_519' title='bbox 2301 1277 2575 1332; x_wconf 89' lang='lat' dir='ltr'><strong>dominum</strong></span> <span class='ocrx_word' id='word_1_520' title='bbox 2608 1279 2776 1349; x_wconf 89' lang='lat' dir='ltr'><strong>magis</strong></span> <span class='ocrx_word' id='word_1_521' title='bbox 2826 1287 3011 1332; x_wconf 90' lang='lat' dir='ltr'><strong>contra</strong></span> <span class='ocrx_word' id='word_1_522' title='bbox 3042 1289 3095 1334; x_wconf 89' lang='lat' dir='ltr'><strong>te</strong></span> <span class='ocrx_word' id='word_1_523' title='bbox 3117 1279 3436 1333; x_wconf 86' lang='lat' dir='ltr'><strong>irritaveris.</strong></span> <span class='ocrx_word' id='word_1_524' title='bbox 3484 1279 3603 1333; x_wconf 80' lang='lat' dir='ltr'><strong>Noli</strong></span> 
     </span>
    </p>
   </div>
   <div class='ocr_carea' id='block_1_67' title="bbox 2028 1368 3606 1439">
    <p class='ocr_par' dir='ltr' id='par_1_67' title="bbox 2028 1368 3606 1439">
     <span class='ocr_line' id='line_1_68' title="bbox 2028 1368 3606 1439; baseline 0.001 -17"><span class='ocrx_word' id='word_1_525' title='bbox 2028 1368 2130 1422; x_wconf 84' lang='lat' dir='ltr'><strong>hoc</strong></span> <span class='ocrx_word' id='word_1_526' title='bbox 2157 1368 2353 1434; x_wconf 79' lang='lat' dir='ltr'><strong>facere,</strong></span> <span class='ocrx_word' id='word_1_527' title='bbox 2378 1369 2470 1422; x_wconf 89' lang='lat' dir='ltr'><strong>sed</strong></span> <span class='ocrx_word' id='word_1_528' title='bbox 2494 1383 2591 1439; x_wconf 85' lang='lat' dir='ltr'><strong>age</strong></span> <span class='ocrx_word' id='word_1_529' title='bbox 2612 1369 2833 1439; x_wconf 78' lang='lat' dir='ltr'><strong>gratias,</strong></span> <span class='ocrx_word' id='word_1_530' title='bbox 2849 1378 2905 1423; x_wconf 94' lang='lat' dir='ltr'><strong>ut</strong></span> <span class='ocrx_word' id='word_1_531' title='bbox 2924 1370 3014 1423; x_wconf 90' lang='lat' dir='ltr'><strong>tibi</strong></span> <span class='ocrx_word' id='word_1_532' title='bbox 3041 1385 3253 1439; x_wconf 89' lang='lat' dir='ltr'><strong>quoque</strong></span> <span class='ocrx_word' id='word_1_533' title='bbox 3280 1370 3379 1423; x_wconf 89' lang='lat' dir='ltr'><strong>hac</strong></span> <span class='ocrx_word' id='word_1_534' title='bbox 3400 1373 3606 1424; x_wconf 87' lang='lat' dir='ltr'><strong>ratione</strong></span> 
     </span>
    </p>
   </div>
   <div class='ocr_carea' id='block_1_68' title="bbox 2029 1454 3608 1532">
    <p class='ocr_par' dir='ltr' id='par_1_68' title="bbox 2029 1454 3608 1532">
     <span class='ocr_line' id='line_1_69' title="bbox 2029 1454 3608 1532; baseline 0.001 -17"><span class='ocrx_word' id='word_1_535' title='bbox 2029 1454 2350 1515; x_wconf 86' lang='lat' dir='ltr'><strong>discutiatur</strong></span> <span class='ocrx_word' id='word_1_536' title='bbox 2392 1461 2561 1516; x_wconf 90' lang='lat' dir='ltr'><strong>nubes</strong></span> <span class='ocrx_word' id='word_1_537' title='bbox 2601 1463 2767 1516; x_wconf 89' lang='lat' dir='ltr'><strong>animi</strong></span> <span class='ocrx_word' id='word_1_538' title='bbox 2822 1462 3152 1532; x_wconf 67' lang='lat' dir='ltr'><strong>aegritudinis</strong></span> <span class='ocrx_word' id='word_1_539' title='bbox 3177 1480 3190 1516; x_wconf 88' lang='lat'>:</span> <span class='ocrx_word' id='word_1_540' title='bbox 3220 1462 3307 1516; x_wconf 88' lang='lat' dir='ltr'><strong>dic</strong></span> <span class='ocrx_word' id='word_1_541' title='bbox 3333 1462 3470 1517; x_wconf 80' lang='lat' dir='ltr'><strong>sicut</strong></span> <span class='ocrx_word' id='word_1_542' title='bbox 3518 1464 3608 1517; x_wconf 81' lang='lat' dir='ltr'><strong>ille</strong></span> 
     </span>
    </p>
   </div>
   <div class='ocr_carea' id='block_1_69' title="bbox 2032 1552 3607 1623">
    <p class='ocr_par' dir='ltr' id='par_1_69' title="bbox 2032 1552 3607 1623">
     <span class='ocr_line' id='line_1_70' title="bbox 2032 1552 3607 1623; baseline 0.001 -17"><span class='ocrx_word' id='word_1_543' title='bbox 2032 1553 2237 1617; x_wconf 87' lang='lat' dir='ltr'><strong>beatus,</strong></span> <span class='ocrx_word' id='word_1_544' title='bbox 2260 1552 2507 1606; x_wconf 79' lang='lat' dir='ltr'><strong>Dominus</strong></span> <span class='ocrx_word' id='word_1_545' title='bbox 2535 1552 2693 1620; x_wconf 81' lang='lat' dir='ltr'><strong>dedit,</strong></span> <span class='ocrx_word' id='word_1_546' title='bbox 2727 1553 2972 1607; x_wconf 82' lang='lat' dir='ltr'><strong>Dominus</strong></span> <span class='ocrx_word' id='word_1_547' title='bbox 2998 1553 3201 1607; x_wconf 76' lang='lat' dir='ltr'><strong>abstulit</strong></span> <span class='ocrx_word' id='word_1_548' title='bbox 3223 1572 3237 1610; x_wconf 89' lang='lat'><strong>:</strong></span> <span class='ocrx_word' id='word_1_549' title='bbox 3259 1555 3432 1621; x_wconf 76' lang='lat' dir='ltr'><strong>cogita</strong></span> <span class='ocrx_word' id='word_1_550' title='bbox 3448 1570 3607 1623; x_wconf 89' lang='lat' dir='ltr'><strong>quam</strong></span> 
     </span>
    </p>
   </div>
   <div class='ocr_carea' id='block_1_70' title="bbox 2035 1643 3611 1713">
    <p class='ocr_par' dir='ltr' id='par_1_70' title="bbox 2035 1643 3611 1713">
     <span class='ocr_line' id='line_1_71' title="bbox 2035 1643 3611 1713; baseline 0.001 -17"><span class='ocrx_word' id='word_1_551' title='bbox 2035 1644 2186 1696; x_wconf 89' lang='lat' dir='ltr'><strong>multi</strong></span> <span class='ocrx_word' id='word_1_552' title='bbox 2216 1644 2384 1713; x_wconf 83' lang='lat' dir='ltr'><strong>magis</strong></span> <span class='ocrx_word' id='word_1_553' title='bbox 2441 1644 2549 1698; x_wconf 87' lang='lat' dir='ltr'><strong>Deo</strong></span> <span class='ocrx_word' id='word_1_554' title='bbox 2593 1643 2957 1712; x_wconf 84' lang='lat' dir='ltr'><strong>placentesae</strong></span> <span class='ocrx_word' id='word_1_555' title='bbox 2982 1645 3200 1697; x_wconf 88' lang='lat' dir='ltr'><strong>omnino</strong></span> <span class='ocrx_word' id='word_1_556' title='bbox 3253 1644 3464 1713; x_wconf 88' lang='lat' dir='ltr'><strong>quidem</strong></span> <span class='ocrx_word' id='word_1_557' title='bbox 3513 1645 3611 1697; x_wconf 81' lang='lat' dir='ltr'><strong>lia-</strong></span> 
     </span>
    </p>
   </div>
   <div class='ocr_carea' id='block_1_71' title="bbox 2034 1734 3654 1808">
    <p class='ocr_par' dir='ltr' id='par_1_71' title="bbox 2034 1734 3654 1808">
     <span class='ocr_line' id='line_1_72' title="bbox 2034 1734 3654 1808; baseline 0 -19"><span class='ocrx_word' id='word_1_558' title='bbox 2034 1735 2201 1790; x_wconf 90' lang='lat' dir='ltr'><strong>buere</strong></span> <span class='ocrx_word' id='word_1_559' title='bbox 2230 1736 2386 1799; x_wconf 84' lang='lat' dir='ltr'><strong>filios,</strong></span> <span class='ocrx_word' id='word_1_560' title='bbox 2410 1750 2580 1803; x_wconf 86' lang='lat' dir='ltr'><strong>neque</strong></span> <span class='ocrx_word' id='word_1_561' title='bbox 2607 1737 2779 1793; x_wconf 79' lang='lat' dir='ltr'><strong>vocati</strong></span> <span class='ocrx_word' id='word_1_562' title='bbox 2802 1746 2927 1789; x_wconf 89' lang='lat' dir='ltr'><strong>sunt</strong></span> <span class='ocrx_word' id='word_1_563' title='bbox 2952 1746 3148 1803; x_wconf 87' lang='lat' dir='ltr'><strong>patres.</strong></span> <span class='ocrx_word' id='word_1_564' title='bbox 3174 1734 3356 1807; x_wconf 88' lang='lat' dir='ltr'><strong>Neque</strong></span> <span class='ocrx_word' id='word_1_565' title='bbox 3377 1751 3496 1808; x_wconf 88' lang='lat' dir='ltr'><strong>ego,</strong></span> <span class='ocrx_word' id='word_1_566' title='bbox 3529 1738 3614 1789; x_wconf 91' lang='lat' dir='ltr'><strong>in-</strong></span> <span class='ocrx_word' id='word_1_567' title='bbox 3652 1771 3654 1773; x_wconf 65' lang='grc'><strong>›</strong></span> 
     </span>
    </p>
   </div>
   <div class='ocr_carea' id='block_1_72' title="bbox 2035 1826 3613 1897">
    <p class='ocr_par' dir='ltr' id='par_1_72' title="bbox 2035 1826 3613 1897">
     <span class='ocr_line' id='line_1_73' title="bbox 2035 1826 3613 1897; baseline 0.003 -20"><span class='ocrx_word' id='word_1_568' title='bbox 2035 1827 2168 1897; x_wconf 87' lang='lat' dir='ltr'><strong>quit,</strong></span> <span class='ocrx_word' id='word_1_569' title='bbox 2195 1826 2389 1880; x_wconf 88' lang='lat' dir='ltr'><strong>vellem</strong></span> <span class='ocrx_word' id='word_1_570' title='bbox 2424 1827 2676 1881; x_wconf 84' lang='lat' dir='ltr'><strong>habuisse</strong></span> <span class='ocrx_word' id='word_1_571' title='bbox 2707 1845 2721 1881; x_wconf 89' lang='lat'><strong>:</strong></span> <span class='ocrx_word' id='word_1_572' title='bbox 2778 1827 2969 1882; x_wconf 90' lang='lat' dir='ltr'><strong>melius</strong></span> <span class='ocrx_word' id='word_1_573' title='bbox 2999 1828 3142 1883; x_wconf 90' lang='lat' dir='ltr'><strong>enim</strong></span> <span class='ocrx_word' id='word_1_574' title='bbox 3170 1828 3360 1883; x_wconf 80' lang='lat' dir='ltr'><strong>fuisset</strong></span> <span class='ocrx_word' id='word_1_575' title='bbox 3386 1846 3489 1882; x_wconf 91' lang='lat' dir='ltr'><strong>non</strong></span> <span class='ocrx_word' id='word_1_576' title='bbox 3516 1830 3613 1882; x_wconf 81' lang='lat' dir='ltr'><strong>ba-</strong></span> 
     </span>
    </p>
   </div>
   <div class='ocr_carea' id='block_1_73' title="bbox 2040 1918 3615 1991">
    <p class='ocr_par' dir='ltr' id='par_1_73' title="bbox 2040 1918 3615 1991">
     <span class='ocr_line' id='line_1_74' title="bbox 2040 1918 3615 1991; baseline 0.003 -19"><span class='ocrx_word' id='word_1_577' title='bbox 2040 1918 2215 1972; x_wconf 81' lang='lat' dir='ltr'><strong>bniSSe</strong></span> <span class='ocrx_word' id='word_1_578' title='bbox 2238 1919 2643 1985; x_wconf 77' lang='lat' dir='ltr'><strong>experientiam,</strong></span> <span class='ocrx_word' id='word_1_579' title='bbox 2673 1935 2831 1989; x_wconf 88' lang='lat' dir='ltr'><strong>quam</strong></span> <span class='ocrx_word' id='word_1_580' title='bbox 2858 1928 3135 1990; x_wconf 86' lang='lat' dir='ltr'><strong>postquam</strong></span> <span class='ocrx_word' id='word_1_581' title='bbox 3158 1923 3392 1990; x_wconf 84' lang='lat' dir='ltr'><strong>gustaris</strong></span> <span class='ocrx_word' id='word_1_582' title='bbox 3423 1923 3615 1991; x_wconf 86' lang='lat' dir='ltr'><strong>volup-</strong></span> 
     </span>
    </p>
   </div>
   <div class='ocr_carea' id='block_1_74' title="bbox 2042 2009 3618 2083">
    <p class='ocr_par' dir='ltr' id='par_1_74' title="bbox 2042 2009 3618 2083">
     <span class='ocr_line' id='line_1_75' title="bbox 2042 2009 3618 2083; baseline 0.003 -20"><span class='ocrx_word' id='word_1_583' title='bbox 2042 2019 2222 2074; x_wconf 76' lang='lat' dir='ltr'><strong>tatem,</strong></span> <span class='ocrx_word' id='word_1_584' title='bbox 2256 2012 2322 2064; x_wconf 90' lang='lat' dir='ltr'><strong>ab</strong></span> <span class='ocrx_word' id='word_1_585' title='bbox 2349 2026 2410 2064; x_wconf 82' lang='lat' dir='ltr'><strong>ea</strong></span> <span class='ocrx_word' id='word_1_586' title='bbox 2432 2009 2989 2083; x_wconf 64' lang='lat' dir='ltr'><strong>excidisse.Ne,rogo,</strong></span> <span class='ocrx_word' id='word_1_587' title='bbox 3018 2029 3083 2066; x_wconf 89' lang='lat' dir='ltr'><strong>ne</strong></span> <span class='ocrx_word' id='word_1_588' title='bbox 3112 2013 3224 2066; x_wconf 80' lang='lat' dir='ltr'><strong>lnrc</strong></span> <span class='ocrx_word' id='word_1_589' title='bbox 3249 2014 3413 2076; x_wconf 88' lang='lat' dir='ltr'><strong>dicas,</strong></span> <span class='ocrx_word' id='word_1_590' title='bbox 3448 2031 3514 2068; x_wconf 88' lang='lat' dir='ltr'><strong>ne</strong></span> <span class='ocrx_word' id='word_1_591' title='bbox 3539 2017 3618 2069; x_wconf 89' lang='lat' dir='ltr'><strong>sic</strong></span> 
     </span>
    </p>
   </div>
   <div class='ocr_carea' id='block_1_75' title="bbox 2041 2102 3618 2174">
    <p class='ocr_par' dir='ltr' id='par_1_75' title="bbox 2041 2102 3618 2174">
     <span class='ocr_line' id='line_1_76' title="bbox 2041 2102 3618 2174; baseline 0.004 -21"><span class='ocrx_word' id='word_1_592' title='bbox 2041 2116 2253 2171; x_wconf 87' lang='lat' dir='ltr'><strong>quoque</strong></span> <span class='ocrx_word' id='word_1_593' title='bbox 2304 2102 2582 2154; x_wconf 85' lang='lat' dir='ltr'><strong>Dominum</strong></span> <span class='ocrx_word' id='word_1_594' title='bbox 2614 2102 2679 2154; x_wconf 89' lang='lat' dir='ltr'><strong>ad</strong></span> <span class='ocrx_word' id='word_1_595' title='bbox 2727 2103 2859 2156; x_wconf 89' lang='lat' dir='ltr'><strong>iram</strong></span> <span class='ocrx_word' id='word_1_596' title='bbox 2916 2118 3212 2171; x_wconf 80' lang='lat' dir='ltr'><strong>provoces;</strong></span> <span class='ocrx_word' id='word_1_597' title='bbox 3264 2105 3358 2159; x_wconf 91' lang='lat' dir='ltr'><strong>sed</strong></span> <span class='ocrx_word' id='word_1_598' title='bbox 3406 2121 3504 2174; x_wconf 88' lang='lat' dir='ltr'><strong>pro</strong></span> <span class='ocrx_word' id='word_1_599' title='bbox 3553 2108 3618 2161; x_wconf 80' lang='lat' dir='ltr'><strong>iis</strong></span> 
     </span>
    </p>
   </div>
   <div class='ocr_carea' id='block_1_76' title="bbox 2042 2193 3617 2267">
    <p class='ocr_par' dir='ltr' id='par_1_76' title="bbox 2042 2193 3617 2267">
     <span class='ocr_line' id='line_1_77' title="bbox 2042 2193 3617 2267; baseline 0.005 -24"><span class='ocrx_word' id='word_1_600' title='bbox 2042 2193 2253 2262; x_wconf 88' lang='lat' dir='ltr'><strong>quidem</strong></span> <span class='ocrx_word' id='word_1_601' title='bbox 2284 2210 2402 2263; x_wconf 65' lang='lat' dir='ltr'><strong>quae</strong></span> <span class='ocrx_word' id='word_1_602' title='bbox 2425 2194 2677 2262; x_wconf 84' lang='lat' dir='ltr'><strong>accepisti</strong></span> <span class='ocrx_word' id='word_1_603' title='bbox 2709 2210 2806 2263; x_wconf 90' lang='lat' dir='ltr'><strong>age</strong></span> <span class='ocrx_word' id='word_1_604' title='bbox 2835 2197 3055 2263; x_wconf 79' lang='lat' dir='ltr'><strong>gratias,</strong></span> <span class='ocrx_word' id='word_1_605' title='bbox 3080 2214 3173 2266; x_wconf 87' lang='lat' dir='ltr'><strong>pro</strong></span> <span class='ocrx_word' id='word_1_606' title='bbox 3201 2198 3263 2250; x_wconf 87' lang='lat' dir='ltr'><strong>iis</strong></span> <span class='ocrx_word' id='word_1_607' title='bbox 3294 2208 3468 2252; x_wconf 83' lang='lat' dir='ltr'><strong>autent</strong></span> <span class='ocrx_word' id='word_1_608' title='bbox 3497 2214 3617 2267; x_wconf 79' lang='lat' dir='ltr'><strong>qua:</strong></span> 
     </span>
    </p>
   </div>
   <div class='ocr_carea' id='block_1_77' title="bbox 2044 2286 3617 2355">
    <p class='ocr_par' dir='ltr' id='par_1_77' title="bbox 2044 2286 3617 2355">
     <span class='ocr_line' id='line_1_78' title="bbox 2044 2286 3617 2355; baseline 0.003 -16"><span class='ocrx_word' id='word_1_609' title='bbox 2044 2294 2304 2355; x_wconf 86' lang='lat' dir='ltr'><strong>perpetuo</strong></span> <span class='ocrx_word' id='word_1_610' title='bbox 2327 2302 2430 2338; x_wconf 89' lang='lat' dir='ltr'><strong>non</strong></span> <span class='ocrx_word' id='word_1_611' title='bbox 2457 2286 2639 2351; x_wconf 85' lang='lat' dir='ltr'><strong>babes,</strong></span> <span class='ocrx_word' id='word_1_612' title='bbox 2673 2287 2935 2354; x_wconf 81' lang='lat' dir='ltr'><strong>glorifica.</strong></span> <span class='ocrx_word' id='word_1_613' title='bbox 2960 2288 3072 2341; x_wconf 85' lang='lat' dir='ltr'><strong>Non</strong></span> <span class='ocrx_word' id='word_1_614' title='bbox 3109 2288 3241 2342; x_wconf 79' lang='lat' dir='ltr'><strong>dixit</strong></span> <span class='ocrx_word' id='word_1_615' title='bbox 3260 2289 3394 2355; x_wconf 76' lang='lat' dir='ltr'><strong>Job,</strong></span> <span class='ocrx_word' id='word_1_616' title='bbox 3428 2290 3617 2345; x_wconf 80' lang='lat' dir='ltr'><strong>Melius</strong></span> 
     </span>
    </p>
   </div>
   <div class='ocr_carea' id='block_1_78' title="bbox 2045 2376 3622 2452">
    <p class='ocr_par' dir='ltr' id='par_1_78' title="bbox 2045 2376 3622 2452">
     <span class='ocr_line' id='line_1_79' title="bbox 2045 2376 3622 2452; baseline 0.003 -20"><span class='ocrx_word' id='word_1_617' title='bbox 2045 2376 2237 2432; x_wconf 82' lang='lat' dir='ltr'><strong>fuisset</strong></span> <span class='ocrx_word' id='word_1_618' title='bbox 2267 2393 2368 2431; x_wconf 89' lang='lat' dir='ltr'><strong>non</strong></span> <span class='ocrx_word' id='word_1_619' title='bbox 2401 2377 2713 2445; x_wconf 85' lang='lat' dir='ltr'><strong>accepisse;</strong></span> <span class='ocrx_word' id='word_1_620' title='bbox 2743 2378 2884 2448; x_wconf 88' lang='lat' dir='ltr'><strong>quod</strong></span> <span class='ocrx_word' id='word_1_621' title='bbox 2914 2390 2965 2432; x_wconf 92' lang='lat' dir='ltr'><strong>tu</strong></span> <span class='ocrx_word' id='word_1_622' title='bbox 2999 2381 3313 2449; x_wconf 89' lang='lat' dir='ltr'><strong>insipienter</strong></span> <span class='ocrx_word' id='word_1_623' title='bbox 3338 2392 3391 2436; x_wconf 87' lang='lat' dir='ltr'><strong>et</strong></span> <span class='ocrx_word' id='word_1_624' title='bbox 3414 2383 3622 2452; x_wconf 88' lang='lat' dir='ltr'><strong>ingrato</strong></span> 
     </span>
    </p>
   </div>
   <div class='ocr_carea' id='block_1_79' title="bbox 2047 2469 3625 2543">
    <p class='ocr_par' dir='ltr' id='par_1_79' title="bbox 2047 2469 3625 2543">
     <span class='ocr_line' id='line_1_80' title="bbox 2047 2469 3625 2543; baseline 0.003 -19"><span class='ocrx_word' id='word_1_625' title='bbox 2047 2472 2227 2524; x_wconf 90' lang='lat' dir='ltr'><strong>animo</strong></span> <span class='ocrx_word' id='word_1_626' title='bbox 2257 2469 2392 2524; x_wconf 87' lang='lat' dir='ltr'><strong>dicis</strong></span> <span class='ocrx_word' id='word_1_627' title='bbox 2418 2487 2430 2523; x_wconf 92' lang='lat'><strong>:</strong></span> <span class='ocrx_word' id='word_1_628' title='bbox 2461 2470 2557 2523; x_wconf 90' lang='lat' dir='ltr'><strong>sed</strong></span> <span class='ocrx_word' id='word_1_629' title='bbox 2585 2470 2745 2524; x_wconf 89' lang='lat' dir='ltr'><strong>etiam</strong></span> <span class='ocrx_word' id='word_1_630' title='bbox 2778 2486 2872 2540; x_wconf 92' lang='lat' dir='ltr'><strong>pro</strong></span> <span class='ocrx_word' id='word_1_631' title='bbox 2906 2471 3007 2526; x_wconf 89' lang='lat' dir='ltr'><strong>illis</strong></span> <span class='ocrx_word' id='word_1_632' title='bbox 3041 2473 3231 2543; x_wconf 79' lang='lat' dir='ltr'><strong>agebat</strong></span> <span class='ocrx_word' id='word_1_633' title='bbox 3261 2474 3460 2543; x_wconf 86' lang='lat' dir='ltr'><strong>gratias</strong></span> <span class='ocrx_word' id='word_1_634' title='bbox 3480 2515 3494 2537; x_wconf 94' lang='lat'><strong>,</strong></span> <span class='ocrx_word' id='word_1_635' title='bbox 3544 2476 3625 2529; x_wconf 81' lang='lat' dir='ltr'><strong>di-</strong></span> 
     </span>
    </p>
   </div>
   <div class='ocr_carea' id='block_1_80' title="bbox 2047 2561 3622 2631">
    <p class='ocr_par' dir='ltr' id='par_1_80' title="bbox 2047 2561 3622 2631">
     <span class='ocr_line' id='line_1_81' title="bbox 2047 2561 3622 2631; baseline 0.005 -17"><span class='ocrx_word' id='word_1_636' title='bbox 2047 2577 2174 2615; x_wconf 87' lang='lat' dir='ltr'><strong>cens</strong></span> <span class='ocrx_word' id='word_1_637' title='bbox 2202 2579 2213 2614; x_wconf 89' lang='lat'><strong>:</strong></span> <span class='ocrx_word' id='word_1_638' title='bbox 2254 2561 2495 2613; x_wconf 77' lang='lat' dir='ltr'><strong>Dominus</strong></span> <span class='ocrx_word' id='word_1_639' title='bbox 2516 2561 2653 2614; x_wconf 69' lang='lat' dir='ltr'><strong>dedit</strong></span> <span class='ocrx_word' id='word_1_640' title='bbox 2670 2579 2690 2627; x_wconf 89' lang='lat'><strong>;</strong></span> <span class='ocrx_word' id='word_1_641' title='bbox 2718 2573 2769 2615; x_wconf 89' lang='lat' dir='ltr'><strong>et</strong></span> <span class='ocrx_word' id='word_1_642' title='bbox 2796 2577 2888 2631; x_wconf 85' lang='lat' dir='ltr'><strong>pro</strong></span> <span class='ocrx_word' id='word_1_643' title='bbox 2918 2563 2998 2616; x_wconf 86' lang='lat' dir='ltr'><strong>bis</strong></span> <span class='ocrx_word' id='word_1_644' title='bbox 3028 2564 3380 2619; x_wconf 90' lang='lat' dir='ltr'><strong>benedicebat</strong></span> <span class='ocrx_word' id='word_1_645' title='bbox 3399 2566 3582 2622; x_wconf 86' lang='lat' dir='ltr'><strong>dicens</strong></span> <span class='ocrx_word' id='word_1_646' title='bbox 3608 2586 3622 2621; x_wconf 90' lang='lat'><strong>:</strong></span> 
     </span>
    </p>
   </div>
   <div class='ocr_carea' id='block_1_81' title="bbox 2051 2650 3623 2713">
    <p class='ocr_par' dir='ltr' id='par_1_81' title="bbox 2051 2650 3623 2713">
     <span class='ocr_line' id='line_1_82' title="bbox 2051 2650 3623 2713; baseline 0.006 -9"><span class='ocrx_word' id='word_1_647' title='bbox 2051 2650 2298 2704; x_wconf 78' lang='lat' dir='ltr'><strong>Dominus</strong></span> <span class='ocrx_word' id='word_1_648' title='bbox 2325 2650 2531 2704; x_wconf 84' lang='lat' dir='ltr'><strong>abstuli!</strong></span> <span class='ocrx_word' id='word_1_649' title='bbox 2553 2667 2570 2703; x_wconf 88' lang='lat'><strong><em>:</em></strong></span> <span class='ocrx_word' id='word_1_650' title='bbox 2596 2652 2657 2704; x_wconf 84' lang='lat' dir='ltr'><strong>sit</strong></span> <span class='ocrx_word' id='word_1_651' title='bbox 2679 2668 2860 2706; x_wconf 82' lang='lat' dir='ltr'><strong>nomen</strong></span> <span class='ocrx_word' id='word_1_652' title='bbox 2881 2652 3087 2707; x_wconf 85' lang='lat' dir='ltr'><strong>Domini</strong></span> <span class='ocrx_word' id='word_1_653' title='bbox 3114 2654 3427 2710; x_wconf 81' lang='lat' dir='ltr'><strong>benedictum</strong></span> <span class='ocrx_word' id='word_1_654' title='bbox 3448 2660 3502 2713; x_wconf 85' lang='lat' dir='ltr'><strong>in</strong></span> <span class='ocrx_word' id='word_1_655' title='bbox 3522 2674 3623 2713; x_wconf 73' lang='lat' dir='ltr'><strong>ste-</strong></span> 
     </span>
    </p>
   </div>
   <div class='ocr_carea' id='block_1_82' title="bbox 2049 2742 3629 2821">
    <p class='ocr_par' dir='ltr' id='par_1_82' title="bbox 2049 2742 3629 2821">
     <span class='ocr_line' id='line_1_83' title="bbox 2049 2742 3629 2821; baseline 0.006 -25"><span class='ocrx_word' id='word_1_656' title='bbox 2049 2744 2186 2796; x_wconf 85' lang='lat' dir='ltr'><strong>cula.</strong></span> <span class='ocrx_word' id='word_1_657' title='bbox 2228 2742 2389 2798; x_wconf 76' lang='lat' dir='ltr'><strong>Uxori</strong></span> <span class='ocrx_word' id='word_1_658' title='bbox 2435 2758 2647 2812; x_wconf 83' lang='lat' dir='ltr'><strong>quoque</strong></span> <span class='ocrx_word' id='word_1_659' title='bbox 2684 2744 2762 2799; x_wconf 77' lang='lat' dir='ltr'><strong>sic</strong></span> <span class='ocrx_word' id='word_1_660' title='bbox 2782 2761 2845 2798; x_wconf 91' lang='lat' dir='ltr'><strong>os</strong></span> <span class='ocrx_word' id='word_1_661' title='bbox 2869 2746 3182 2801; x_wconf 87' lang='lat' dir='ltr'><strong>obstruebat</strong></span> <span class='ocrx_word' id='word_1_662' title='bbox 3211 2750 3349 2817; x_wconf 90' lang='lat' dir='ltr'><strong>apud</strong></span> <span class='ocrx_word' id='word_1_663' title='bbox 3380 2766 3497 2805; x_wconf 86' lang='lat' dir='ltr'><strong>eam</strong></span> <span class='ocrx_word' id='word_1_664' title='bbox 3537 2755 3629 2821; x_wconf 73' lang='lat' dir='ltr'><strong>ju—</strong></span> 
     </span>
    </p>
   </div>
   <div class='ocr_carea' id='block_1_83' title="bbox 2052 2834 3632 2899">
    <p class='ocr_par' dir='ltr' id='par_1_83' title="bbox 2052 2834 3632 2899">
     <span class='ocr_line' id='line_1_84' title="bbox 2052 2834 3632 2899; baseline 0.005 -11"><span class='ocrx_word' id='word_1_665' title='bbox 2052 2845 2163 2889; x_wconf 88' lang='lat' dir='ltr'><strong>stas</strong></span> <span class='ocrx_word' id='word_1_666' title='bbox 2192 2834 2420 2887; x_wconf 81' lang='lat' dir='ltr'><strong>afl‘erens</strong></span> <span class='ocrx_word' id='word_1_667' title='bbox 2440 2835 2697 2899; x_wconf 87' lang='lat' dir='ltr'><strong>rationes,</strong></span> <span class='ocrx_word' id='word_1_668' title='bbox 2718 2845 2765 2887; x_wconf 90' lang='lat' dir='ltr'><strong>cl</strong></span> <span class='ocrx_word' id='word_1_669' title='bbox 2799 2835 3131 2892; x_wconf 84' lang='lat' dir='ltr'><strong>admirabilia</strong></span> <span class='ocrx_word' id='word_1_670' title='bbox 3155 2838 3240 2891; x_wconf 85' lang='lat' dir='ltr'><strong>illa</strong></span> <span class='ocrx_word' id='word_1_671' title='bbox 3267 2841 3423 2893; x_wconf 90' lang='lat' dir='ltr'><strong>verba</strong></span> <span class='ocrx_word' id='word_1_672' title='bbox 3457 2856 3632 2896; x_wconf 86' lang='lat' dir='ltr'><strong>enun-</strong></span> 
     </span>
    </p>
   </div>
   <div class='ocr_carea' id='block_1_84' title="bbox 2057 2925 3635 2996">
    <p class='ocr_par' dir='ltr' id='par_1_84' title="bbox 2057 2925 3635 2996">
     <span class='ocr_line' id='line_1_85' title="bbox 2057 2925 3635 2996; baseline 0.004 -16"><span class='ocrx_word' id='word_1_673' title='bbox 2057 2928 2194 2980; x_wconf 91' lang='lat' dir='ltr'><strong>tians</strong></span> <span class='ocrx_word' id='word_1_674' title='bbox 2231 2946 2245 2978; x_wconf 84' lang='lat'>:</span> <span class='ocrx_word' id='word_1_675' title='bbox 2278 2926 2339 2980; x_wconf 87' lang='lat' dir='ltr'><strong>Si</strong></span> <span class='ocrx_word' id='word_1_676' title='bbox 2359 2925 2489 2980; x_wconf 87' lang='lat' dir='ltr'><strong>bona</strong></span> <span class='ocrx_word' id='word_1_677' title='bbox 2510 2926 2708 2995; x_wconf 83' lang='lat' dir='ltr'><strong>quidem</strong></span> <span class='ocrx_word' id='word_1_678' title='bbox 2737 2928 3022 2996; x_wconf 70' lang='lat' dir='ltr'><strong>accepimus</strong></span> <span class='ocrx_word' id='word_1_679' title='bbox 3050 2946 3079 2981; x_wconf 88' lang='lat' dir='ltr'><strong>a</strong></span> <span class='ocrx_word' id='word_1_680' title='bbox 3107 2928 3342 2996; x_wconf 85' lang='lat' dir='ltr'><strong>Domino,</strong></span> <span class='ocrx_word' id='word_1_681' title='bbox 3368 2933 3511 2988; x_wconf 73' lang='lat' dir='ltr'><strong>mola</strong></span> <span class='ocrx_word' id='word_1_682' title='bbox 3536 2950 3635 2986; x_wconf 59' lang='lat' dir='ltr'><strong>au.</strong></span> 
     </span>
    </p>
   </div>
   <div class='ocr_carea' id='block_1_85' title="bbox 2058 3018 3625 3090">
    <p class='ocr_par' dir='ltr' id='par_1_85' title="bbox 2058 3018 3625 3090">
     <span class='ocr_line' id='line_1_86' title="bbox 2058 3018 3625 3090; baseline 0.004 -19"><span class='ocrx_word' id='word_1_683' title='bbox 2058 3028 2155 3072; x_wconf 83' lang='lat' dir='ltr'><strong>tem</strong></span> <span class='ocrx_word' id='word_1_684' title='bbox 2206 3035 2307 3071; x_wconf 89' lang='lat' dir='ltr'><strong>non</strong></span> <span class='ocrx_word' id='word_1_685' title='bbox 2351 3018 2702 3072; x_wconf 85' lang='lat' dir='ltr'><strong>sustinebimus</strong></span> <span class='ocrx_word' id='word_1_686' title='bbox 2723 3020 2749 3073; x_wconf 82' lang='lat'><strong><em>?</em></strong></span> <span class='ocrx_word' id='word_1_687' title='bbox 2778 3019 2933 3086; x_wconf 87' lang='lat' dir='ltr'><strong>Atqui</strong></span> <span class='ocrx_word' id='word_1_688' title='bbox 2965 3020 3179 3090; x_wconf 81' lang='lat' dir='ltr'><strong>gravior</strong></span> <span class='ocrx_word' id='word_1_689' title='bbox 3208 3030 3327 3089; x_wconf 90' lang='lat' dir='ltr'><strong>post</strong></span> <span class='ocrx_word' id='word_1_690' title='bbox 3364 3022 3478 3078; x_wconf 67' lang='lat' dir='ltr'><strong>haec</strong></span> <span class='ocrx_word' id='word_1_691' title='bbox 3522 3022 3625 3078; x_wconf 83' lang='lat' dir='ltr'><strong>fuit</strong></span> 
     </span>
    </p>
   </div>
   <div class='ocr_carea' id='block_1_86' title="bbox 2061 3111 3636 3181">
    <p class='ocr_par' dir='ltr' id='par_1_86' title="bbox 2061 3111 3636 3181">
     <span class='ocr_line' id='line_1_87' title="bbox 2061 3111 3636 3181; baseline 0.002 -15"><span class='ocrx_word' id='word_1_692' title='bbox 2061 3113 2321 3177; x_wconf 77' lang='lat' dir='ltr'><strong>tentatio;</strong></span> <span class='ocrx_word' id='word_1_693' title='bbox 2355 3112 2448 3167; x_wconf 88' lang='lat' dir='ltr'><strong>sed</strong></span> <span class='ocrx_word' id='word_1_694' title='bbox 2476 3112 2567 3166; x_wconf 81' lang='lat' dir='ltr'><strong>ille</strong></span> <span class='ocrx_word' id='word_1_695' title='bbox 2594 3127 2659 3164; x_wconf 91' lang='lat' dir='ltr'><strong>ne</strong></span> <span class='ocrx_word' id='word_1_696' title='bbox 2686 3113 2764 3166; x_wconf 91' lang='lat' dir='ltr'><strong>sic</strong></span> <span class='ocrx_word' id='word_1_697' title='bbox 2794 3111 3007 3181; x_wconf 90' lang='lat' dir='ltr'><strong>quidem</strong></span> <span class='ocrx_word' id='word_1_698' title='bbox 3050 3111 3251 3167; x_wconf 88' lang='lat' dir='ltr'><strong>fractus</strong></span> <span class='ocrx_word' id='word_1_699' title='bbox 3289 3124 3371 3168; x_wconf 89' lang='lat' dir='ltr'><strong>est</strong></span> <span class='ocrx_word' id='word_1_700' title='bbox 3397 3124 3451 3169; x_wconf 91' lang='lat' dir='ltr'><strong>et</strong></span> <span class='ocrx_word' id='word_1_701' title='bbox 3478 3130 3636 3169; x_wconf 84' lang='lat' dir='ltr'><strong>ener-</strong></span> 
     </span>
    </p>
   </div>
   <div class='ocr_carea' id='block_1_87' title="bbox 2058 3204 3639 3276">
    <p class='ocr_par' dir='ltr' id='par_1_87' title="bbox 2058 3204 3639 3276">
     <span class='ocr_line' id='line_1_88' title="bbox 2058 3204 3639 3276; baseline 0.002 -18"><span class='ocrx_word' id='word_1_702' title='bbox 2058 3215 2232 3271; x_wconf 91' lang='lat' dir='ltr'><strong>vatus,</strong></span> <span class='ocrx_word' id='word_1_703' title='bbox 2261 3204 2354 3259; x_wconf 83' lang='lat' dir='ltr'><strong>sed</strong></span> <span class='ocrx_word' id='word_1_704' title='bbox 2399 3205 2647 3258; x_wconf 87' lang='lat' dir='ltr'><strong>similiter</strong></span> <span class='ocrx_word' id='word_1_705' title='bbox 2674 3205 2876 3258; x_wconf 86' lang='lat' dir='ltr'><strong>ferebat</strong></span> <span class='ocrx_word' id='word_1_706' title='bbox 2910 3204 3030 3259; x_wconf 82' lang='lat' dir='ltr'><strong>forti</strong></span> <span class='ocrx_word' id='word_1_707' title='bbox 3053 3206 3254 3271; x_wconf 90' lang='lat' dir='ltr'><strong>animo,</strong></span> <span class='ocrx_word' id='word_1_708' title='bbox 3282 3215 3338 3261; x_wconf 86' lang='lat' dir='ltr'><strong>et</strong></span> <span class='ocrx_word' id='word_1_709' title='bbox 3373 3208 3639 3276; x_wconf 82' lang='lat' dir='ltr'><strong>gloriﬁca—</strong></span> 
     </span>
    </p>
   </div>
   <div class='ocr_carea' id='block_1_88' title="bbox 2063 3296 3634 3368">
    <p class='ocr_par' dir='ltr' id='par_1_88' title="bbox 2063 3296 3634 3368">
     <span class='ocr_line' id='line_1_89' title="bbox 2063 3296 3634 3368; baseline 0.002 -17"><span class='ocrx_word' id='word_1_710' title='bbox 2063 3298 2169 3352; x_wconf 86' lang='lat' dir='ltr'><strong>bat.</strong></span> <span class='ocrx_word' id='word_1_711' title='bbox 2212 3296 2291 3351; x_wconf 91' lang='lat' dir='ltr'><strong>Tu</strong></span> <span class='ocrx_word' id='word_1_712' title='bbox 2321 3312 2532 3366; x_wconf 89' lang='lat' dir='ltr'><strong>quoque</strong></span> <span class='ocrx_word' id='word_1_713' title='bbox 2558 3296 2659 3349; x_wconf 91' lang='lat' dir='ltr'><strong>hoc</strong></span> <span class='ocrx_word' id='word_1_714' title='bbox 2694 3296 2791 3360; x_wconf 87' lang='lat' dir='ltr'><strong>fac,</strong></span> <span class='ocrx_word' id='word_1_715' title='bbox 2823 3305 2876 3350; x_wconf 91' lang='lat' dir='ltr'><strong>et</strong></span> <span class='ocrx_word' id='word_1_716' title='bbox 2898 3296 3036 3366; x_wconf 91' lang='lat' dir='ltr'><strong>apud</strong></span> <span class='ocrx_word' id='word_1_717' title='bbox 3061 3306 3112 3351; x_wconf 90' lang='lat' dir='ltr'><strong>te</strong></span> <span class='ocrx_word' id='word_1_718' title='bbox 3137 3309 3343 3365; x_wconf 80' lang='lat' dir='ltr'><strong>reputa,</strong></span> <span class='ocrx_word' id='word_1_719' title='bbox 3365 3299 3505 3368; x_wconf 91' lang='lat' dir='ltr'><strong>quod</strong></span> <span class='ocrx_word' id='word_1_720' title='bbox 3530 3316 3634 3353; x_wconf 85' lang='lat' dir='ltr'><strong>non</strong></span> 
     </span>
    </p>
   </div>
   <div class='ocr_carea' id='block_1_89' title="bbox 2063 3386 3637 3457">
    <p class='ocr_par' dir='ltr' id='par_1_89' title="bbox 2063 3386 3637 3457">
     <span class='ocr_line' id='line_1_90' title="bbox 2063 3386 3637 3457; baseline 0.002 -16"><span class='ocrx_word' id='word_1_721' title='bbox 2063 3388 2223 3441; x_wconf 91' lang='lat' dir='ltr'><strong>homo</strong></span> <span class='ocrx_word' id='word_1_722' title='bbox 2247 3389 2473 3456; x_wconf 87' lang='lat' dir='ltr'><strong>accepit,</strong></span> <span class='ocrx_word' id='word_1_723' title='bbox 2503 3387 2595 3441; x_wconf 88' lang='lat' dir='ltr'><strong>sed</strong></span> <span class='ocrx_word' id='word_1_724' title='bbox 2622 3387 2760 3441; x_wconf 90' lang='lat' dir='ltr'><strong>Dens</strong></span> <span class='ocrx_word' id='word_1_725' title='bbox 2779 3388 2867 3454; x_wconf 92' lang='lat' dir='ltr'><strong>qui</strong></span> <span class='ocrx_word' id='word_1_726' title='bbox 2893 3386 3037 3455; x_wconf 88' lang='lat' dir='ltr'><strong>fecit,</strong></span> <span class='ocrx_word' id='word_1_727' title='bbox 3070 3389 3158 3457; x_wconf 90' lang='lat' dir='ltr'><strong>qui</strong></span> <span class='ocrx_word' id='word_1_728' title='bbox 3185 3388 3349 3456; x_wconf 82' lang='lat' dir='ltr'><strong>magis</strong></span> <span class='ocrx_word' id='word_1_729' title='bbox 3376 3406 3534 3457; x_wconf 87' lang='lat' dir='ltr'><strong>quam</strong></span> <span class='ocrx_word' id='word_1_730' title='bbox 3582 3400 3637 3444; x_wconf 92' lang='lat' dir='ltr'><strong>tu</strong></span> 
     </span>
    </p>
   </div>
   <div class='ocr_carea' id='block_1_90' title="bbox 2064 3479 3642 3548">
    <p class='ocr_par' dir='ltr' id='par_1_90' title="bbox 2064 3479 3642 3548">
     <span class='ocr_line' id='line_1_91' title="bbox 2064 3479 3642 3548; baseline 0.002 -14"><span class='ocrx_word' id='word_1_731' title='bbox 2064 3479 2178 3548; x_wconf 89' lang='lat' dir='ltr'><strong>ejus</strong></span> <span class='ocrx_word' id='word_1_732' title='bbox 2203 3494 2383 3533; x_wconf 90' lang='lat' dir='ltr'><strong>curam</strong></span> <span class='ocrx_word' id='word_1_733' title='bbox 2414 3480 2572 3548; x_wconf 87' lang='lat' dir='ltr'><strong>gerit,</strong></span> <span class='ocrx_word' id='word_1_734' title='bbox 2595 3487 2648 3532; x_wconf 91' lang='lat' dir='ltr'><strong>et</strong></span> <span class='ocrx_word' id='word_1_735' title='bbox 2674 3479 2775 3532; x_wconf 92' lang='lat' dir='ltr'><strong>scit</strong></span> <span class='ocrx_word' id='word_1_736' title='bbox 2809 3480 2931 3545; x_wconf 92' lang='lat' dir='ltr'><strong>quid</strong></span> <span class='ocrx_word' id='word_1_737' title='bbox 2955 3480 3006 3533; x_wconf 91' lang='lat' dir='ltr'><strong>ei</strong></span> <span class='ocrx_word' id='word_1_738' title='bbox 3048 3481 3308 3543; x_wconf 82' lang='lat' dir='ltr'><strong>conferat,</strong></span> <span class='ocrx_word' id='word_1_739' title='bbox 3345 3499 3449 3536; x_wconf 91' lang='lat' dir='ltr'><strong>non</strong></span> <span class='ocrx_word' id='word_1_740' title='bbox 3475 3484 3642 3538; x_wconf 86' lang='lat' dir='ltr'><strong>hostis</strong></span> 
     </span>
    </p>
   </div>
   <div class='ocr_carea' id='block_1_91' title="bbox 2065 3568 3640 3641">
    <p class='ocr_par' dir='ltr' id='par_1_91' title="bbox 2065 3568 3640 3641">
     <span class='ocr_line' id='line_1_92' title="bbox 2065 3568 3640 3641; baseline 0.004 -19"><span class='ocrx_word' id='word_1_741' title='bbox 2065 3569 2257 3638; x_wconf 89' lang='lat' dir='ltr'><strong>aliquis</strong></span> <span class='ocrx_word' id='word_1_742' title='bbox 2285 3586 2457 3638; x_wconf 86' lang='lat' dir='ltr'><strong>neque</strong></span> <span class='ocrx_word' id='word_1_743' title='bbox 2486 3569 2786 3623; x_wconf 86' lang='lat' dir='ltr'><strong>insidiator.</strong></span> <span class='ocrx_word' id='word_1_744' title='bbox 2817 3568 2948 3623; x_wconf 80' lang='lat' dir='ltr'><strong>Vide</strong></span> <span class='ocrx_word' id='word_1_745' title='bbox 2971 3585 3129 3639; x_wconf 90' lang='lat' dir='ltr'><strong>quam</strong></span> <span class='ocrx_word' id='word_1_746' title='bbox 3174 3573 3322 3625; x_wconf 82' lang='lat' dir='ltr'><strong>nmiti</strong></span> <span class='ocrx_word' id='word_1_747' title='bbox 3355 3575 3603 3628; x_wconf 77' lang='lat' dir='ltr'><strong>viventes</strong></span> <span class='ocrx_word' id='word_1_748' title='bbox 3625 3619 3640 3641; x_wconf 94' lang='lat'><strong>,</strong></span> 
     </span>
    </p>
   </div>
   <div class='ocr_carea' id='block_1_92' title="bbox 2068 3661 3645 3730">
    <p class='ocr_par' dir='ltr' id='par_1_92' title="bbox 2068 3661 3645 3730">
     <span class='ocr_line' id='line_1_93' title="bbox 2068 3661 3645 3730; baseline 0.003 -16"><span class='ocrx_word' id='word_1_749' title='bbox 2068 3666 2229 3716; x_wconf 85' lang='lat' dir='ltr'><strong>vitam</strong></span> <span class='ocrx_word' id='word_1_750' title='bbox 2284 3678 2386 3715; x_wconf 88' lang='lat' dir='ltr'><strong>non</strong></span> <span class='ocrx_word' id='word_1_751' title='bbox 2436 3661 2648 3715; x_wconf 89' lang='lat' dir='ltr'><strong>vitalem</strong></span> <span class='ocrx_word' id='word_1_752' title='bbox 2706 3661 2944 3714; x_wconf 86' lang='lat' dir='ltr'><strong>fecerunt</strong></span> <span class='ocrx_word' id='word_1_753' title='bbox 2973 3663 3304 3730; x_wconf 79' lang='lat' dir='ltr'><strong>parentibus.</strong></span> <span class='ocrx_word' id='word_1_754' title='bbox 3336 3665 3645 3719; x_wconf 84' lang='lat' dir='ltr'><strong>Generosos</strong></span> 
     </span>
    </p>
   </div>
   <div class='ocr_carea' id='block_1_93' title="bbox 2068 3751 3645 3824">
    <p class='ocr_par' dir='ltr' id='par_1_93' title="bbox 2068 3751 3645 3824">
     <span class='ocr_line' id='line_1_94' title="bbox 2068 3751 3645 3824; baseline 0.003 -19"><span class='ocrx_word' id='word_1_755' title='bbox 2068 3765 2243 3807; x_wconf 87' lang='lat' dir='ltr'><strong>autem</strong></span> <span class='ocrx_word' id='word_1_756' title='bbox 2271 3793 2285 3815; x_wconf 90' lang='lat'><strong>,</strong></span> <span class='ocrx_word' id='word_1_757' title='bbox 2316 3752 2525 3818; x_wconf 82' lang='lat' dir='ltr'><strong>inquies</strong></span> <span class='ocrx_word' id='word_1_758' title='bbox 2545 3794 2558 3817; x_wconf 92' lang='lat'><strong>,</strong></span> <span class='ocrx_word' id='word_1_759' title='bbox 2601 3760 2656 3805; x_wconf 92' lang='lat' dir='ltr'><strong>et</strong></span> <span class='ocrx_word' id='word_1_760' title='bbox 2689 3751 3021 3821; x_wconf 87' lang='lat' dir='ltr'><strong>probos-non</strong></span> <span class='ocrx_word' id='word_1_761' title='bbox 3054 3752 3202 3806; x_wconf 82' lang='lat' dir='ltr'><strong>vides</strong></span> <span class='ocrx_word' id='word_1_762' title='bbox 3228 3754 3250 3806; x_wconf 87' lang='lat'><strong>?</strong></span> <span class='ocrx_word' id='word_1_763' title='bbox 3296 3754 3402 3808; x_wconf 85' lang='lat' dir='ltr'><strong>Eos</strong></span> <span class='ocrx_word' id='word_1_764' title='bbox 3430 3771 3645 3824; x_wconf 88' lang='lat' dir='ltr'><strong>quoque</strong></span> 
     </span>
    </p>
   </div>
   <div class='ocr_carea' id='block_1_94' title="bbox 2070 3844 3679 3912">
    <p class='ocr_par' dir='ltr' id='par_1_94' title="bbox 2070 3844 3679 3912">
     <span class='ocr_line' id='line_1_95' title="bbox 2070 3844 3679 3912; baseline 0.004 -16"><span class='ocrx_word' id='word_1_765' title='bbox 2070 3845 2225 3898; x_wconf 87' lang='lat' dir='ltr'><strong>video</strong></span> <span class='ocrx_word' id='word_1_766' title='bbox 2262 3862 2276 3907; x_wconf 88' lang='lat'><strong>;</strong></span> <span class='ocrx_word' id='word_1_767' title='bbox 2309 3844 2402 3897; x_wconf 87' lang='lat' dir='ltr'><strong>sed</strong></span> <span class='ocrx_word' id='word_1_768' title='bbox 2445 3858 2533 3896; x_wconf 91' lang='lat' dir='ltr'><strong>res</strong></span> <span class='ocrx_word' id='word_1_769' title='bbox 2579 3858 2788 3912; x_wconf 90' lang='lat' dir='ltr'><strong>quoque</strong></span> <span class='ocrx_word' id='word_1_770' title='bbox 2835 3859 3018 3898; x_wconf 88' lang='lat' dir='ltr'><strong>eorum</strong></span> <span class='ocrx_word' id='word_1_771' title='bbox 3067 3847 3243 3900; x_wconf 89' lang='lat' dir='ltr'><strong>minus</strong></span> <span class='ocrx_word' id='word_1_772' title='bbox 3286 3856 3411 3901; x_wconf 89' lang='lat' dir='ltr'><strong>sunt</strong></span> <span class='ocrx_word' id='word_1_773' title='bbox 3448 3847 3501 3901; x_wconf 86' lang='lat' dir='ltr'><strong>in</strong></span> <span class='ocrx_word' id='word_1_774' title='bbox 3533 3858 3679 3903; x_wconf 24' lang='lat' dir='ltr'><strong>tutor</strong></span> 
     </span>
    </p>
   </div>
   <div class='ocr_carea' id='block_1_95' title="bbox 2071 3935 3643 4007">
    <p class='ocr_par' dir='ltr' id='par_1_95' title="bbox 2071 3935 3643 4007">
     <span class='ocr_line' id='line_1_96' title="bbox 2071 3935 3643 4007; baseline 0.003 -17"><span class='ocrx_word' id='word_1_775' title='bbox 2071 3953 2230 4007; x_wconf 90' lang='lat' dir='ltr'><strong>quam</strong></span> <span class='ocrx_word' id='word_1_776' title='bbox 2262 3952 2347 3990; x_wconf 89' lang='lat' dir='ltr'><strong>res</strong></span> <span class='ocrx_word' id='word_1_777' title='bbox 2376 3937 2446 3988; x_wconf 88' lang='lat' dir='ltr'><strong>tui</strong></span> <span class='ocrx_word' id='word_1_778' title='bbox 2482 3935 2594 3989; x_wconf 86' lang='lat' dir='ltr'><strong>lilii.</strong></span> <span class='ocrx_word' id='word_1_779' title='bbox 2658 3935 2788 3990; x_wconf 88' lang='lat' dir='ltr'><strong>Nam</strong></span> <span class='ocrx_word' id='word_1_780' title='bbox 2818 3937 2916 3989; x_wconf 90' lang='lat' dir='ltr'><strong>etsi</strong></span> <span class='ocrx_word' id='word_1_781' title='bbox 2968 3938 3019 3990; x_wconf 91' lang='lat' dir='ltr'><strong>in</strong></span> <span class='ocrx_word' id='word_1_782' title='bbox 3050 3938 3185 3992; x_wconf 90' lang='lat' dir='ltr'><strong>bona</strong></span> <span class='ocrx_word' id='word_1_783' title='bbox 3209 3948 3335 3994; x_wconf 73' lang='lat' dir='ltr'><strong>sunt</strong></span> <span class='ocrx_word' id='word_1_784' title='bbox 3370 3941 3643 3995; x_wconf 77' lang='lat' dir='ltr'><strong>existima-</strong></span> 
     </span>
    </p>
   </div>
   <div class='ocr_carea' id='block_1_96' title="bbox 2074 4009 3645 4090">
    <p class='ocr_par' dir='ltr' id='par_1_96' title="bbox 2074 4009 3645 4090">
     <span class='ocr_line' id='line_1_97' title="bbox 2074 4009 3645 4090; baseline 0.003 -9"><span class='ocrx_word' id='word_1_785' title='bbox 2074 4029 2239 4090; x_wconf 90' lang='lat' dir='ltr'><strong>tione,</strong></span> <span class='ocrx_word' id='word_1_786' title='bbox 2272 4018 2390 4080; x_wconf 84' lang='lat' dir='ltr'><strong>linis</strong></span> <span class='ocrx_word' id='word_1_787' title='bbox 2423 4037 2596 4080; x_wconf 83' lang='lat' dir='ltr'><strong>tamen</strong></span> <span class='ocrx_word' id='word_1_788' title='bbox 2619 4044 2804 4081; x_wconf 88' lang='lat' dir='ltr'><strong>enrtun</strong></span> <span class='ocrx_word' id='word_1_789' title='bbox 2833 4036 2915 4083; x_wconf 89' lang='lat' dir='ltr'><strong>est</strong></span> <span class='ocrx_word' id='word_1_790' title='bbox 2942 4031 3212 4085; x_wconf 87' lang='lat' dir='ltr'><strong>incertus:</strong></span> <span class='ocrx_word' id='word_1_791' title='bbox 3244 4032 3310 4086; x_wconf 88' lang='lat' dir='ltr'><strong>de</strong></span> <span class='ocrx_word' id='word_1_792' title='bbox 3335 4009 3430 4086; x_wconf 87' lang='lat' dir='ltr'><strong>illo</strong></span> <span class='ocrx_word' id='word_1_793' title='bbox 3467 4044 3645 4088; x_wconf 89' lang='lat' dir='ltr'><strong>autem</strong></span> 
     </span>
    </p>
   </div>
   <div class='ocr_carea' id='block_1_97' title="bbox 2080 4119 3681 4193">
    <p class='ocr_par' dir='ltr' id='par_1_97' title="bbox 2080 4119 3681 4193">
     <span class='ocr_line' id='line_1_98' title="bbox 2080 4119 3681 4193; baseline 0.003 -20"><span class='ocrx_word' id='word_1_794' title='bbox 2080 4122 2133 4174; x_wconf 88' lang='lat' dir='ltr'><strong>in</strong></span> <span class='ocrx_word' id='word_1_795' title='bbox 2167 4121 2427 4187; x_wconf 86' lang='lat' dir='ltr'><strong>reliquum</strong></span> <span class='ocrx_word' id='word_1_796' title='bbox 2462 4135 2564 4173; x_wconf 91' lang='lat' dir='ltr'><strong>non</strong></span> <span class='ocrx_word' id='word_1_797' title='bbox 2603 4119 2756 4172; x_wconf 88' lang='lat' dir='ltr'><strong>times</strong></span> <span class='ocrx_word' id='word_1_798' title='bbox 2785 4134 2957 4189; x_wconf 84' lang='lat' dir='ltr'><strong>neque</strong></span> <span class='ocrx_word' id='word_1_799' title='bbox 2990 4123 3380 4188; x_wconf 71' lang='lat' dir='ltr'><strong>contremiscis,</strong></span> <span class='ocrx_word' id='word_1_800' title='bbox 3417 4140 3482 4177; x_wconf 91' lang='lat' dir='ltr'><strong>ne</strong></span> <span class='ocrx_word' id='word_1_801' title='bbox 3523 4126 3647 4193; x_wconf 85' lang='lat' dir='ltr'><strong>quid</strong></span> <span class='ocrx_word' id='word_1_802' title='bbox 3678 4156 3681 4160; x_wconf 54' lang='grc' dir='ltr'><strong><em>λ</em></strong></span> 
     </span>
    </p>
   </div>
   <div class='ocr_carea' id='block_1_98' title="bbox 2075 4210 3652 4279">
    <p class='ocr_par' dir='ltr' id='par_1_98' title="bbox 2075 4210 3652 4279">
     <span class='ocr_line' id='line_1_99' title="bbox 2075 4210 3652 4279; baseline 0.002 -14"><span class='ocrx_word' id='word_1_803' title='bbox 2075 4215 2121 4266; x_wconf 91' lang='lat' dir='ltr'><strong>ei</strong></span> <span class='ocrx_word' id='word_1_804' title='bbox 2154 4212 2400 4274; x_wconf 87' lang='lat' dir='ltr'><strong>accidat,</strong></span> <span class='ocrx_word' id='word_1_805' title='bbox 2436 4221 2527 4263; x_wconf 91' lang='lat' dir='ltr'><strong>aut</strong></span> <span class='ocrx_word' id='word_1_806' title='bbox 2553 4210 2788 4278; x_wconf 79' lang='lat' dir='ltr'><strong>aliquam</strong></span> <span class='ocrx_word' id='word_1_807' title='bbox 2839 4211 3095 4279; x_wconf 73' lang='lat' dir='ltr'><strong>suscipiat</strong></span> <span class='ocrx_word' id='word_1_808' title='bbox 3123 4222 3494 4267; x_wconf 73' lang='lat' dir='ltr'><strong>mutationem.</strong></span> <span class='ocrx_word' id='word_1_809' title='bbox 3527 4216 3652 4268; x_wconf 75' lang='lat' dir='ltr'><strong>Ihec</strong></span> 
     </span>
    </p>
   </div>
   <div class='ocr_carea' id='block_1_99' title="bbox 2077 4301 3658 4370">
    <p class='ocr_par' dir='ltr' id='par_1_99' title="bbox 2077 4301 3658 4370">
     <span class='ocr_line' id='line_1_100' title="bbox 2077 4301 3658 4370; baseline 0.001 -14"><span class='ocrx_word' id='word_1_810' title='bbox 2077 4304 2236 4356; x_wconf 91' lang='lat' dir='ltr'><strong>etiam</strong></span> <span class='ocrx_word' id='word_1_811' title='bbox 2287 4302 2459 4370; x_wconf 82' lang='lat' dir='ltr'><strong>cogita</strong></span> <span class='ocrx_word' id='word_1_812' title='bbox 2490 4302 2557 4354; x_wconf 89' lang='lat' dir='ltr'><strong>de</strong></span> <span class='ocrx_word' id='word_1_813' title='bbox 2589 4301 2801 4369; x_wconf 85' lang='lat' dir='ltr'><strong>pulchra</strong></span> <span class='ocrx_word' id='word_1_814' title='bbox 2832 4317 2997 4355; x_wconf 77' lang='lat' dir='ltr'><strong>uxore</strong></span> <span class='ocrx_word' id='word_1_815' title='bbox 3017 4344 3030 4364; x_wconf 92' lang='lat'><strong>,</strong></span> <span class='ocrx_word' id='word_1_816' title='bbox 3062 4313 3117 4355; x_wconf 91' lang='lat' dir='ltr'><strong>et</strong></span> <span class='ocrx_word' id='word_1_817' title='bbox 3162 4303 3296 4356; x_wconf 89' lang='lat' dir='ltr'><strong>bona</strong></span> <span class='ocrx_word' id='word_1_818' title='bbox 3339 4304 3534 4358; x_wconf 89' lang='lat' dir='ltr'><strong>domus</strong></span> <span class='ocrx_word' id='word_1_819' title='bbox 3563 4322 3658 4359; x_wconf 79' lang='lat' dir='ltr'><strong>eu-</strong></span> 
     </span>
    </p>
   </div>
   <div class='ocr_carea' id='block_1_100' title="bbox 2078 4392 3657 4466">
    <p class='ocr_par' dir='ltr' id='par_1_100' title="bbox 2078 4392 3657 4466">
     <span class='ocr_line' id='line_1_101' title="bbox 2078 4392 3657 4466; baseline -0.004 -20"><span class='ocrx_word' id='word_1_820' title='bbox 2078 4394 2265 4457; x_wconf 72' lang='lat' dir='ltr'><strong>stode;</strong></span> <span class='ocrx_word' id='word_1_821' title='bbox 2300 4403 2351 4445; x_wconf 90' lang='lat' dir='ltr'><strong>et</strong></span> <span class='ocrx_word' id='word_1_822' title='bbox 2379 4409 2470 4459; x_wconf 86' lang='lat' dir='ltr'><strong>pro</strong></span> <span class='ocrx_word' id='word_1_823' title='bbox 2484 4392 2731 4444; x_wconf 88' lang='lat' dir='ltr'><strong>omnibus</strong></span> <span class='ocrx_word' id='word_1_824' title='bbox 2762 4392 2868 4444; x_wconf 86' lang='lat' dir='ltr'><strong>Deo</strong></span> <span class='ocrx_word' id='word_1_825' title='bbox 2889 4406 2985 4460; x_wconf 85' lang='lat' dir='ltr'><strong>age</strong></span> <span class='ocrx_word' id='word_1_826' title='bbox 3012 4393 3229 4461; x_wconf 81' lang='lat' dir='ltr'><strong>gratias,</strong></span> <span class='ocrx_word' id='word_1_827' title='bbox 3259 4403 3313 4448; x_wconf 90' lang='lat' dir='ltr'><strong>et</strong></span> <span class='ocrx_word' id='word_1_828' title='bbox 3342 4397 3385 4449; x_wconf 91' lang='lat' dir='ltr'><strong>si</strong></span> <span class='ocrx_word' id='word_1_829' title='bbox 3411 4398 3657 4466; x_wconf 78' lang='lat' dir='ltr'><strong>perdide-</strong></span> 
     </span>
    </p>
   </div>
   <div class='ocr_carea' id='block_1_101' title="bbox 2080 4482 3658 4553">
    <p class='ocr_par' dir='ltr' id='par_1_101' title="bbox 2080 4482 3658 4553">
     <span class='ocr_line' id='line_1_102' title="bbox 2080 4482 3658 4553; baseline 0.003 -14"><span class='ocrx_word' id='word_1_830' title='bbox 2080 4486 2153 4539; x_wconf 82' lang='lat' dir='ltr'><strong>ris</strong></span> <span class='ocrx_word' id='word_1_831' title='bbox 2179 4500 2398 4537; x_wconf 66' lang='lat' dir='ltr'><strong>imirent</strong></span> <span class='ocrx_word' id='word_1_832' title='bbox 2426 4524 2440 4546; x_wconf 87' lang='lat'><strong>,</strong></span> <span class='ocrx_word' id='word_1_833' title='bbox 2470 4484 2669 4553; x_wconf 83' lang='lat' dir='ltr'><strong>gratias</strong></span> <span class='ocrx_word' id='word_1_834' title='bbox 2695 4497 2810 4552; x_wconf 87' lang='lat' dir='ltr'><strong>age.</strong></span> <span class='ocrx_word' id='word_1_835' title='bbox 2842 4482 3091 4539; x_wconf 88' lang='lat' dir='ltr'><strong>Fortasse</strong></span> <span class='ocrx_word' id='word_1_836' title='bbox 3117 4493 3168 4539; x_wconf 90' lang='lat' dir='ltr'><strong>te</strong></span> <span class='ocrx_word' id='word_1_837' title='bbox 3189 4487 3301 4540; x_wconf 94' lang='lat' dir='ltr'><strong>vult</strong></span> <span class='ocrx_word' id='word_1_838' title='bbox 3327 4488 3466 4541; x_wconf 90' lang='lat' dir='ltr'><strong>Deus</strong></span> <span class='ocrx_word' id='word_1_839' title='bbox 3490 4490 3658 4544; x_wconf 88' lang='lat' dir='ltr'><strong>addu-</strong></span> 
     </span>
    </p>
   </div>
   <div class='ocr_carea' id='block_1_102' title="bbox 2080 4576 3649 4652">
    <p class='ocr_par' dir='ltr' id='par_1_102' title="bbox 2080 4576 3649 4652">
     <span class='ocr_line' id='line_1_103' title="bbox 2080 4576 3649 4652; baseline 0.001 -18"><span class='ocrx_word' id='word_1_840' title='bbox 2080 4595 2204 4634; x_wconf 90' lang='lat' dir='ltr'><strong>cere</strong></span> <span class='ocrx_word' id='word_1_841' title='bbox 2229 4577 2297 4631; x_wconf 92' lang='lat' dir='ltr'><strong>ad</strong></span> <span class='ocrx_word' id='word_1_842' title='bbox 2322 4577 2725 4640; x_wconf 87' lang='lat' dir='ltr'><strong>continentiam,</strong></span> <span class='ocrx_word' id='word_1_843' title='bbox 2762 4576 2827 4629; x_wconf 88' lang='lat' dir='ltr'><strong>ad</strong></span> <span class='ocrx_word' id='word_1_844' title='bbox 2858 4576 3059 4645; x_wconf 89' lang='lat' dir='ltr'><strong>majora</strong></span> <span class='ocrx_word' id='word_1_845' title='bbox 3089 4589 3242 4633; x_wconf 86' lang='lat' dir='ltr'><strong>vocat</strong></span> <span class='ocrx_word' id='word_1_846' title='bbox 3268 4595 3488 4650; x_wconf 88' lang='lat' dir='ltr'><strong>operum</strong></span> <span class='ocrx_word' id='word_1_847' title='bbox 3523 4598 3649 4652; x_wconf 89' lang='lat' dir='ltr'><strong>sep-</strong></span> 
     </span>
    </p>
   </div>
   <div class='ocr_carea' id='block_1_103' title="bbox 2085 4670 3658 4745">
    <p class='ocr_par' dir='ltr' id='par_1_103' title="bbox 2085 4670 3658 4745">
     <span class='ocr_line' id='line_1_104' title="bbox 2085 4670 3658 4745; baseline 0.004 -19"><span class='ocrx_word' id='word_1_848' title='bbox 2085 4682 2156 4737; x_wconf 89' lang='lat' dir='ltr'><strong>ta,</strong></span> <span class='ocrx_word' id='word_1_849' title='bbox 2200 4683 2250 4727; x_wconf 89' lang='lat' dir='ltr'><strong>te</strong></span> <span class='ocrx_word' id='word_1_850' title='bbox 2276 4672 2440 4726; x_wconf 89' lang='lat' dir='ltr'><strong>voluit</strong></span> <span class='ocrx_word' id='word_1_851' title='bbox 2462 4671 2687 4724; x_wconf 90' lang='lat' dir='ltr'><strong>liberare</strong></span> <span class='ocrx_word' id='word_1_852' title='bbox 2711 4685 2741 4724; x_wconf 88' lang='lat' dir='ltr'><strong>a</strong></span> <span class='ocrx_word' id='word_1_853' title='bbox 2768 4670 2998 4724; x_wconf 89' lang='lat' dir='ltr'><strong>vinculo.</strong></span> <span class='ocrx_word' id='word_1_854' title='bbox 3032 4670 3088 4726; x_wconf 91' lang='lat' dir='ltr'><strong>Si</strong></span> <span class='ocrx_word' id='word_1_855' title='bbox 3108 4672 3186 4727; x_wconf 90' lang='lat' dir='ltr'><strong>sic</strong></span> <span class='ocrx_word' id='word_1_856' title='bbox 3206 4673 3658 4745; x_wconf 79' lang='lat' dir='ltr'><strong>pltilOSOphemur,</strong></span> 
     </span>
    </p>
   </div>
   <div class='ocr_carea' id='block_1_104' title="bbox 2089 4763 3665 4836">
    <p class='ocr_par' dir='ltr' id='par_1_104' title="bbox 2089 4763 3665 4836">
     <span class='ocr_line' id='line_1_105' title="bbox 2089 4763 3665 4836; baseline 0.003 -16"><span class='ocrx_word' id='word_1_857' title='bbox 2089 4776 2143 4821; x_wconf 90' lang='lat' dir='ltr'><strong>et</strong></span> <span class='ocrx_word' id='word_1_858' title='bbox 2169 4764 2497 4818; x_wconf 87' lang='lat' dir='ltr'><strong>Iucrabimur</strong></span> <span class='ocrx_word' id='word_1_859' title='bbox 2521 4773 2840 4834; x_wconf 72' lang='lat' dir='ltr'><strong>pra-sentem</strong></span> <span class='ocrx_word' id='word_1_860' title='bbox 2894 4763 3061 4817; x_wconf 89' lang='lat' dir='ltr'><strong>animi</strong></span> <span class='ocrx_word' id='word_1_861' title='bbox 3117 4769 3575 4836; x_wconf 83' lang='lat' dir='ltr'><strong>tranquillitatem,</strong></span> <span class='ocrx_word' id='word_1_862' title='bbox 3606 4782 3665 4825; x_wconf 91' lang='lat' dir='ltr'><strong>et</strong></span> 
     </span>
    </p>
   </div>
   <div class='ocr_carea' id='block_1_105' title="bbox 2086 4860 3065 4925">
    <p class='ocr_par' dir='ltr' id='par_1_105' title="bbox 2086 4860 3065 4925">
     <span class='ocr_line' id='line_1_106' title="bbox 2086 4860 3065 4925; baseline 0.001 -14"><span class='ocrx_word' id='word_1_863' title='bbox 2086 4860 2288 4914; x_wconf 88' lang='lat' dir='ltr'><strong>futuras</strong></span> <span class='ocrx_word' id='word_1_864' title='bbox 2316 4872 2663 4925; x_wconf 86' lang='lat' dir='ltr'><strong>assequemur</strong></span> <span class='ocrx_word' id='word_1_865' title='bbox 2688 4870 2933 4919; x_wconf 85' lang='lat' dir='ltr'><strong>coronas,</strong></span> <span class='ocrx_word' id='word_1_866' title='bbox 2961 4867 3065 4913; x_wconf 88' lang='lat' dir='ltr'><strong>etc.</strong></span> 
     </span>
    </p>
   </div>
   <div class='ocr_carea' id='block_1_106' title="bbox 1425 5012 3669 5041">
    <p class='ocr_par' dir='ltr' id='par_1_106' title="bbox 1425 5012 3669 5041">
     <span class='ocr_line' id='line_1_107' title="bbox 1425 5012 3669 5041; baseline -0.013 -1"><span class='ocrx_word' id='word_1_867' title='bbox 1425 5012 3669 5041; x_wconf 77' lang='lat'><strong>__________________________.._______.______________</strong></span> 
     </span>
    </p>
   </div>
   <div class='ocr_carea' id='block_1_107' title="bbox 1716 5071 2302 5138">
    <p class='ocr_par' dir='ltr' id='par_1_107' title="bbox 1716 5071 2302 5138">
     <span class='ocr_line' id='line_1_108' title="bbox 1716 5071 2302 5138; baseline -0.019 1"><span class='ocrx_word' id='word_1_868' title='bbox 1716 5077 2055 5138; x_wconf 82' lang='lat' dir='ltr'><strong>HOMILIA</strong></span> <span class='ocrx_word' id='word_1_869' title='bbox 2103 5071 2302 5134; x_wconf 79' lang='lat' dir='ltr'><strong>XLII.</strong></span> 
     </span>
    </p>
   </div>
   <div class='ocr_carea' id='block_1_108' title="bbox 383 5200 1986 5277">
    <p class='ocr_par' dir='ltr' id='par_1_108' title="bbox 383 5200 1986 5277">
     <span class='ocr_line' id='line_1_109' title="bbox 383 5200 1986 5277; baseline -0.019 0"><span class='ocrx_word' id='word_1_870' title='bbox 383 5219 532 5277; x_wconf 64' lang='lat' dir='ltr'><strong>CAP.</strong></span> <span class='ocrx_word' id='word_1_871' title='bbox 582 5214 670 5270; x_wconf 76' lang='lat' dir='ltr'><strong>i5.</strong></span> <span class='ocrx_word' id='word_1_872' title='bbox 699 5227 752 5266; x_wconf 90' lang='lat' dir='ltr'><strong>v.</strong></span> <span class='ocrx_word' id='word_1_873' title='bbox 782 5211 872 5265; x_wconf 67' lang='grc'><strong>47.</strong></span> <span class='ocrx_word' id='word_1_874' title='bbox 920 5207 1126 5261; x_wconf 83' lang='lat' dir='ltr'><strong>Primus</strong></span> <span class='ocrx_word' id='word_1_875' title='bbox 1158 5205 1305 5256; x_wconf 81' lang='lat' dir='ltr'><strong>homo</strong></span> <span class='ocrx_word' id='word_1_876' title='bbox 1331 5200 1393 5252; x_wconf 84' lang='lat' dir='ltr'><strong>de</strong></span> <span class='ocrx_word' id='word_1_877' title='bbox 1419 5208 1575 5264; x_wconf 80' lang='lat' dir='ltr'><strong>terra,</strong></span> <span class='ocrx_word' id='word_1_878' title='bbox 1610 5207 1834 5249; x_wconf 83' lang='lat' dir='ltr'><strong>terrenus</strong></span> <span class='ocrx_word' id='word_1_879' title='bbox 1861 5211 1878 5260; x_wconf 89' lang='lat'><strong>;</strong></span> <span class='ocrx_word' id='word_1_880' title='bbox 1904 5210 1986 5250; x_wconf 87' lang='lat' dir='ltr'><strong>se—</strong></span> 
     </span>
    </p>
   </div>
   <div class='ocr_carea' id='block_1_109' title="bbox 744 5289 1649 5360">
    <p class='ocr_par' dir='ltr' id='par_1_109' title="bbox 744 5289 1649 5360">
     <span class='ocr_line' id='line_1_110' title="bbox 744 5289 1649 5360; baseline -0.019 -3"><span class='ocrx_word' id='word_1_881' title='bbox 744 5301 939 5357; x_wconf 86' lang='lat' dir='ltr'><strong>cundus</strong></span> <span class='ocrx_word' id='word_1_882' title='bbox 962 5299 1132 5360; x_wconf 85' lang='lat' dir='ltr'><strong>homo,</strong></span> <span class='ocrx_word' id='word_1_883' title='bbox 1159 5295 1406 5349; x_wconf 85' lang='lat' dir='ltr'><strong>Dominus</strong></span> <span class='ocrx_word' id='word_1_884' title='bbox 1426 5290 1489 5343; x_wconf 86' lang='lat' dir='ltr'><strong>de</strong></span> <span class='ocrx_word' id='word_1_885' title='bbox 1508 5289 1649 5343; x_wconf 71' lang='lat' dir='ltr'><strong>cazlo.</strong></span> 
     </span>
    </p>
   </div>
   <div class='ocr_carea' id='block_1_110' title="bbox 470 5377 1989 5466">
    <p class='ocr_par' dir='ltr' id='par_1_110' title="bbox 470 5377 1989 5466">
     <span class='ocr_line' id='line_1_111' title="bbox 470 5377 1989 5466; baseline -0.017 -11"><span class='ocrx_word' id='word_1_886' title='bbox 470 5404 499 5455; x_wconf 78' lang='grc'><strong>1</strong></span> <span class='ocrx_word' id='word_1_887' title='bbox 516 5441 533 5455; x_wconf 92' lang='grc'><strong>.</strong></span> <span class='ocrx_word' id='word_1_888' title='bbox 566 5399 855 5466; x_wconf 87' lang='lat' dir='ltr'><strong>Postquam</strong></span> <span class='ocrx_word' id='word_1_889' title='bbox 873 5389 1155 5445; x_wconf 91' lang='lat' dir='ltr'><strong>animalem</strong></span> <span class='ocrx_word' id='word_1_890' title='bbox 1179 5385 1313 5438; x_wconf 78' lang='lat' dir='ltr'><strong>dixit</strong></span> <span class='ocrx_word' id='word_1_891' title='bbox 1332 5383 1565 5452; x_wconf 91' lang='lat' dir='ltr'><strong>primum</strong></span> <span class='ocrx_word' id='word_1_892' title='bbox 1587 5390 1641 5433; x_wconf 90' lang='lat' dir='ltr'><strong>et</strong></span> <span class='ocrx_word' id='word_1_893' title='bbox 1663 5377 1989 5446; x_wconf 90' lang='lat' dir='ltr'><strong>spiritualem</strong></span> 
     </span>
    </p>
   </div>
   <div class='ocr_carea' id='block_1_111' title="bbox 389 5470 1994 5553">
    <p class='ocr_par' dir='ltr' id='par_1_111' title="bbox 389 5470 1994 5553">
     <span class='ocr_line' id='line_1_112' title="bbox 389 5470 1994 5553; baseline -0.017 -5"><span class='ocrx_word' id='word_1_894' title='bbox 389 5490 730 5553; x_wconf 70' lang='lat' dir='ltr'><strong>secundum,</strong></span> <span class='ocrx_word' id='word_1_895' title='bbox 762 5498 945 5543; x_wconf 84' lang='lat' dir='ltr'><strong>rursus</strong></span> <span class='ocrx_word' id='word_1_896' title='bbox 969 5480 1128 5534; x_wconf 87' lang='lat' dir='ltr'><strong>aliam</strong></span> <span class='ocrx_word' id='word_1_897' title='bbox 1150 5475 1298 5545; x_wconf 88' lang='lat' dir='ltr'><strong>ponit</strong></span> <span class='ocrx_word' id='word_1_898' title='bbox 1318 5470 1695 5534; x_wconf 72' lang='lat' dir='ltr'><strong>differentiam,</strong></span> <span class='ocrx_word' id='word_1_899' title='bbox 1724 5478 1994 5522; x_wconf 85' lang='lat' dir='ltr'><strong>terrenum</strong></span> 
     </span>
    </p>
   </div>
   <div class='ocr_carea' id='block_1_112' title="bbox 391 5559 1993 5640">
    <p class='ocr_par' dir='ltr' id='par_1_112' title="bbox 391 5559 1993 5640">
     <span class='ocr_line' id='line_1_113' title="bbox 391 5559 1993 5640; baseline -0.018 -1"><span class='ocrx_word' id='word_1_900' title='bbox 391 5588 604 5640; x_wconf 84' lang='lat' dir='ltr'><strong>dicens</strong></span> <span class='ocrx_word' id='word_1_901' title='bbox 633 5590 685 5634; x_wconf 91' lang='lat' dir='ltr'><strong>et</strong></span> <span class='ocrx_word' id='word_1_902' title='bbox 712 5577 1002 5631; x_wconf 75' lang='lat' dir='ltr'><strong>emlestem.</strong></span> <span class='ocrx_word' id='word_1_903' title='bbox 1022 5569 1151 5624; x_wconf 87' lang='lat' dir='ltr'><strong>Nam</strong></span> <span class='ocrx_word' id='word_1_904' title='bbox 1177 5567 1345 5637; x_wconf 89' lang='lat' dir='ltr'><strong>prima</strong></span> <span class='ocrx_word' id='word_1_905' title='bbox 1373 5562 1584 5631; x_wconf 89' lang='lat' dir='ltr'><strong>quidem</strong></span> <span class='ocrx_word' id='word_1_906' title='bbox 1607 5567 1689 5613; x_wconf 91' lang='lat' dir='ltr'><strong>est</strong></span> <span class='ocrx_word' id='word_1_907' title='bbox 1717 5559 1833 5611; x_wconf 58' lang='lat' dir='ltr'><strong>vitae</strong></span> <span class='ocrx_word' id='word_1_908' title='bbox 1857 5574 1993 5626; x_wconf 83' lang='lat' dir='ltr'><strong>pra:-</strong></span> 
     </span>
    </p>
   </div>
   <div class='ocr_carea' id='block_1_113' title="bbox 394 5651 2000 5733">
    <p class='ocr_par' dir='ltr' id='par_1_113' title="bbox 394 5651 2000 5733">
     <span class='ocr_line' id='line_1_114' title="bbox 394 5651 2000 5733; baseline -0.018 -1"><span class='ocrx_word' id='word_1_909' title='bbox 394 5676 591 5733; x_wconf 82' lang='lat' dir='ltr'><strong>sentis</strong></span> <span class='ocrx_word' id='word_1_910' title='bbox 631 5681 686 5726; x_wconf 88' lang='lat' dir='ltr'><strong>ct</strong></span> <span class='ocrx_word' id='word_1_911' title='bbox 731 5672 920 5723; x_wconf 64' lang='lat' dir='ltr'><strong>futurae</strong></span> <span class='ocrx_word' id='word_1_912' title='bbox 951 5683 965 5731; x_wconf 92' lang='lat'><strong>;</strong></span> <span class='ocrx_word' id='word_1_913' title='bbox 998 5664 1112 5717; x_wconf 82' lang='lat' dir='ltr'><strong>haec</strong></span> <span class='ocrx_word' id='word_1_914' title='bbox 1142 5668 1318 5714; x_wconf 90' lang='lat' dir='ltr'><strong>autem</strong></span> <span class='ocrx_word' id='word_1_915' title='bbox 1345 5665 1427 5710; x_wconf 86' lang='lat' dir='ltr'><strong>est</strong></span> <span class='ocrx_word' id='word_1_916' title='bbox 1457 5653 1573 5721; x_wconf 88' lang='lat' dir='ltr'><strong>ejus</strong></span> <span class='ocrx_word' id='word_1_917' title='bbox 1616 5652 1703 5719; x_wconf 88' lang='lat' dir='ltr'><strong>qui</strong></span> <span class='ocrx_word' id='word_1_918' title='bbox 1751 5651 1847 5704; x_wconf 86' lang='lat' dir='ltr'><strong>fuit</strong></span> <span class='ocrx_word' id='word_1_919' title='bbox 1878 5663 2000 5704; x_wconf 86' lang='lat' dir='ltr'><strong>ante</strong></span> 
     </span>
    </p>
   </div>
   <div class='ocr_carea' id='block_1_114' title="bbox 398 5742 1995 5837">
    <p class='ocr_par' dir='ltr' id='par_1_114' title="bbox 398 5742 1995 5837">
     <span class='ocr_line' id='line_1_115' title="bbox 398 5742 1995 5837; baseline -0.018 -18"><span class='ocrx_word' id='word_1_920' title='bbox 398 5766 669 5837; x_wconf 58' lang='lat' dir='ltr'><strong>matiam,</strong></span> <span class='ocrx_word' id='word_1_921' title='bbox 705 5773 755 5816; x_wconf 86' lang='lat' dir='ltr'><strong>et</strong></span> <span class='ocrx_word' id='word_1_922' title='bbox 792 5760 906 5829; x_wconf 87' lang='lat' dir='ltr'><strong>ejus</strong></span> <span class='ocrx_word' id='word_1_923' title='bbox 953 5755 1038 5825; x_wconf 90' lang='lat' dir='ltr'><strong>qui</strong></span> <span class='ocrx_word' id='word_1_924' title='bbox 1072 5762 1149 5809; x_wconf 87' lang='lat' dir='ltr'><strong>est</strong></span> <span class='ocrx_word' id='word_1_925' title='bbox 1184 5758 1299 5819; x_wconf 69' lang='lat' dir='ltr'><strong>post</strong></span> <span class='ocrx_word' id='word_1_926' title='bbox 1326 5744 1571 5815; x_wconf 83' lang='lat' dir='ltr'><strong>gratiam.</strong></span> <span class='ocrx_word' id='word_1_927' title='bbox 1604 5742 1782 5796; x_wconf 79' lang='lat' dir='ltr'><strong>Posuit</strong></span> <span class='ocrx_word' id='word_1_928' title='bbox 1818 5751 1995 5793; x_wconf 86' lang='lat' dir='ltr'><strong>autem</strong></span> 
     </span>
    </p>
   </div>
   <div class='ocr_carea' id='block_1_115' title="bbox 2093 5184 3673 5261">
    <p class='ocr_par' dir='ltr' id='par_1_115' title="bbox 2093 5184 3673 5261">
     <span class='ocr_line' id='line_1_116' title="bbox 2093 5184 3673 5261; baseline -0.004 -14"><span class='ocrx_word' id='word_1_929' title='bbox 2093 5193 2240 5247; x_wconf 89' lang='lat' dir='ltr'><strong>illam</strong></span> <span class='ocrx_word' id='word_1_930' title='bbox 2265 5187 2330 5242; x_wconf 89' lang='lat' dir='ltr'><strong>ad</strong></span> <span class='ocrx_word' id='word_1_931' title='bbox 2352 5196 2555 5240; x_wconf 90' lang='lat' dir='ltr'><strong>rectum</strong></span> <span class='ocrx_word' id='word_1_932' title='bbox 2583 5184 2706 5237; x_wconf 70' lang='lat' dir='ltr'><strong>vita:</strong></span> <span class='ocrx_word' id='word_1_933' title='bbox 2731 5184 3026 5239; x_wconf 89' lang='lat' dir='ltr'><strong>institutum</strong></span> <span class='ocrx_word' id='word_1_934' title='bbox 3050 5186 3254 5241; x_wconf 89' lang='lat' dir='ltr'><strong>dicens.</strong></span> <span class='ocrx_word' id='word_1_935' title='bbox 3273 5188 3402 5243; x_wconf 89' lang='lat' dir='ltr'><strong>Nam</strong></span> <span class='ocrx_word' id='word_1_936' title='bbox 3422 5207 3508 5261; x_wconf 71' lang='lat' dir='ltr'><strong>ne,</strong></span> <span class='ocrx_word' id='word_1_937' title='bbox 3533 5196 3673 5250; x_wconf 71' lang='lat' dir='ltr'><strong>sicut.</strong></span> 
     </span>
    </p>
   </div>
   <div class='ocr_carea' id='block_1_116' title="bbox 2103 5275 3667 5355">
    <p class='ocr_par' dir='ltr' id='par_1_116' title="bbox 2103 5275 3667 5355">
     <span class='ocr_line' id='line_1_117' title="bbox 2103 5275 3667 5355; baseline -0.008 -18"><span class='ocrx_word' id='word_1_938' title='bbox 2103 5283 2235 5347; x_wconf 74' lang='lat' dir='ltr'><strong>dixi,</strong></span> <span class='ocrx_word' id='word_1_939' title='bbox 2279 5279 2502 5333; x_wconf 84' lang='lat' dir='ltr'><strong>ﬁdentes</strong></span> <span class='ocrx_word' id='word_1_940' title='bbox 2530 5275 2910 5330; x_wconf 89' lang='lat' dir='ltr'><strong>resurrectioni</strong></span> <span class='ocrx_word' id='word_1_941' title='bbox 2937 5316 2952 5341; x_wconf 91' lang='lat'><strong>,</strong></span> <span class='ocrx_word' id='word_1_942' title='bbox 2977 5275 3138 5329; x_wconf 88' lang='lat' dir='ltr'><strong>vitam</strong></span> <span class='ocrx_word' id='word_1_943' title='bbox 3166 5292 3231 5333; x_wconf 83' lang='lat' dir='ltr'><strong>ex</strong></span> <span class='ocrx_word' id='word_1_944' title='bbox 3259 5280 3453 5338; x_wconf 87' lang='lat' dir='ltr'><strong>virtute</strong></span> <span class='ocrx_word' id='word_1_945' title='bbox 3480 5294 3536 5339; x_wconf 89' lang='lat' dir='ltr'><strong>et</strong></span> <span class='ocrx_word' id='word_1_946' title='bbox 3563 5304 3667 5355; x_wconf 82' lang='lat' dir='ltr'><strong>per.</strong></span> 
     </span>
    </p>
   </div>
   <div class='ocr_carea' id='block_1_117' title="bbox 2102 5367 3679 5447">
    <p class='ocr_par' dir='ltr' id='par_1_117' title="bbox 2102 5367 3679 5447">
     <span class='ocr_line' id='line_1_118' title="bbox 2102 5367 3679 5447; baseline -0.001 -18"><span class='ocrx_word' id='word_1_947' title='bbox 2102 5376 2237 5429; x_wconf 77' lang='lat' dir='ltr'><strong>lecte</strong></span> <span class='ocrx_word' id='word_1_948' title='bbox 2262 5370 2520 5441; x_wconf 87' lang='lat' dir='ltr'><strong>agendam</strong></span> <span class='ocrx_word' id='word_1_949' title='bbox 2565 5367 2897 5437; x_wconf 84' lang='lat' dir='ltr'><strong>negligerent</strong></span> <span class='ocrx_word' id='word_1_950' title='bbox 2920 5409 2935 5434; x_wconf 94' lang='lat'><strong>,</strong></span> <span class='ocrx_word' id='word_1_951' title='bbox 2966 5383 3151 5425; x_wconf 87' lang='lat' dir='ltr'><strong>rursus</strong></span> <span class='ocrx_word' id='word_1_952' title='bbox 3189 5387 3283 5429; x_wconf 90' lang='lat' dir='ltr'><strong>eos</strong></span> <span class='ocrx_word' id='word_1_953' title='bbox 3312 5391 3524 5447; x_wconf 90' lang='lat' dir='ltr'><strong>quoque</strong></span> <span class='ocrx_word' id='word_1_954' title='bbox 3553 5378 3679 5431; x_wconf 74' lang='lat' dir='ltr'><strong>hinc</strong></span> 
     </span>
    </p>
   </div>
   <div class='ocr_carea' id='block_1_118' title="bbox 2105 5458 3682 5531">
    <p class='ocr_par' dir='ltr' id='par_1_118' title="bbox 2105 5458 3682 5531">
     <span class='ocr_line' id='line_1_119' title="bbox 2105 5458 3682 5531; baseline -0.005 -11"><span class='ocrx_word' id='word_1_955' title='bbox 2105 5464 2277 5520; x_wconf 86' lang='lat' dir='ltr'><strong>reddit</strong></span> <span class='ocrx_word' id='word_1_956' title='bbox 2319 5470 2529 5531; x_wconf 86' lang='lat' dir='ltr'><strong>paratos</strong></span> <span class='ocrx_word' id='word_1_957' title='bbox 2555 5458 2620 5511; x_wconf 91' lang='lat' dir='ltr'><strong>ad</strong></span> <span class='ocrx_word' id='word_1_958' title='bbox 2644 5458 3047 5527; x_wconf 88' lang='lat' dir='ltr'><strong>decertandum,</strong></span> <span class='ocrx_word' id='word_1_959' title='bbox 3076 5472 3128 5517; x_wconf 88' lang='lat' dir='ltr'><strong>et</strong></span> <span class='ocrx_word' id='word_1_960' title='bbox 3153 5460 3398 5520; x_wconf 86' lang='lat' dir='ltr'><strong>hortatur</strong></span> <span class='ocrx_word' id='word_1_961' title='bbox 3423 5467 3489 5519; x_wconf 88' lang='lat' dir='ltr'><strong>ad</strong></span> <span class='ocrx_word' id='word_1_962' title='bbox 3515 5468 3682 5518; x_wconf 81' lang='lat' dir='ltr'><strong>virtu.</strong></span> 
     </span>
    </p>
   </div>
   <div class='ocr_carea' id='block_1_119' title="bbox 2110 5550 3685 5621">
    <p class='ocr_par' dir='ltr' id='par_1_119' title="bbox 2110 5550 3685 5621">
     <span class='ocr_line' id='line_1_120' title="bbox 2110 5550 3685 5621; baseline -0.003 -10"><span class='ocrx_word' id='word_1_963' title='bbox 2110 5570 2235 5621; x_wconf 88' lang='lat' dir='ltr'><strong>lem,</strong></span> <span class='ocrx_word' id='word_1_964' title='bbox 2266 5556 2450 5608; x_wconf 89' lang='lat' dir='ltr'><strong>dicens</strong></span> <span class='ocrx_word' id='word_1_965' title='bbox 2477 5569 2490 5602; x_wconf 88' lang='lat'><strong>:</strong></span> <span class='ocrx_word' id='word_1_966' title='bbox 2526 5550 2733 5605; x_wconf 82' lang='lat' dir='ltr'><strong>Primus</strong></span> <span class='ocrx_word' id='word_1_967' title='bbox 2759 5551 2908 5605; x_wconf 83' lang='lat' dir='ltr'><strong>homo</strong></span> <span class='ocrx_word' id='word_1_968' title='bbox 2947 5553 3008 5607; x_wconf 86' lang='lat' dir='ltr'><strong>de</strong></span> <span class='ocrx_word' id='word_1_969' title='bbox 3033 5562 3187 5621; x_wconf 85' lang='lat' dir='ltr'><strong>terra,</strong></span> <span class='ocrx_word' id='word_1_970' title='bbox 3215 5565 3479 5619; x_wconf 80' lang='lat' dir='ltr'><strong>terrenus;</strong></span> <span class='ocrx_word' id='word_1_971' title='bbox 3506 5570 3685 5608; x_wconf 62' lang='lat' dir='ltr'><strong>secun-</strong></span> 
     </span>
    </p>
   </div>
   <div class='ocr_carea' id='block_1_120' title="bbox 2110 5644 3684 5711">
    <p class='ocr_par' dir='ltr' id='par_1_120' title="bbox 2110 5644 3684 5711">
     <span class='ocr_line' id='line_1_121' title="bbox 2110 5644 3684 5711; baseline -0.003 -9"><span class='ocrx_word' id='word_1_972' title='bbox 2110 5650 2205 5702; x_wconf 83' lang='lat' dir='ltr'><strong>dus</strong></span> <span class='ocrx_word' id='word_1_973' title='bbox 2253 5648 2401 5699; x_wconf 84' lang='lat' dir='ltr'><strong>homo</strong></span> <span class='ocrx_word' id='word_1_974' title='bbox 2428 5686 2441 5705; x_wconf 94' lang='lat'><strong>,</strong></span> <span class='ocrx_word' id='word_1_975' title='bbox 2478 5644 2723 5697; x_wconf 84' lang='lat' dir='ltr'><strong>Dominus</strong></span> <span class='ocrx_word' id='word_1_976' title='bbox 2763 5644 2825 5697; x_wconf 85' lang='lat' dir='ltr'><strong>de</strong></span> <span class='ocrx_word' id='word_1_977' title='bbox 2852 5646 2975 5698; x_wconf 71' lang='lat' dir='ltr'><strong>cazlo</strong></span> <span class='ocrx_word' id='word_1_978' title='bbox 2997 5662 3015 5710; x_wconf 85' lang='lat'><strong>;</strong></span> <span class='ocrx_word' id='word_1_979' title='bbox 3066 5648 3369 5701; x_wconf 87' lang='lat' dir='ltr'><strong>universum</strong></span> <span class='ocrx_word' id='word_1_980' title='bbox 3412 5644 3684 5711; x_wconf 79' lang='lat' dir='ltr'><strong>appellans</strong></span> 
     </span>
    </p>
   </div>
   <div class='ocr_carea' id='block_1_121' title="bbox 2110 5733 3684 5804">
    <p class='ocr_par' dir='ltr' id='par_1_121' title="bbox 2110 5733 3684 5804">
     <span class='ocr_line' id='line_1_122' title="bbox 2110 5733 3684 5804; baseline -0.004 -11"><span class='ocrx_word' id='word_1_981' title='bbox 2110 5741 2381 5793; x_wconf 80' lang='lat' dir='ltr'><strong>hominem</strong></span> <span class='ocrx_word' id='word_1_982' title='bbox 2412 5753 2424 5798; x_wconf 87' lang='lat'><strong>;</strong></span> <span class='ocrx_word' id='word_1_983' title='bbox 2462 5744 2510 5789; x_wconf 84' lang='lat' dir='ltr'><strong>et</strong></span> <span class='ocrx_word' id='word_1_984' title='bbox 2542 5736 2679 5788; x_wconf 83' lang='lat' dir='ltr'><strong>hunc</strong></span> <span class='ocrx_word' id='word_1_985' title='bbox 2706 5735 2918 5804; x_wconf 79' lang='lat' dir='ltr'><strong>quidem</strong></span> <span class='ocrx_word' id='word_1_986' title='bbox 2949 5738 3227 5790; x_wconf 85' lang='lat' dir='ltr'><strong>nominans</strong></span> <span class='ocrx_word' id='word_1_987' title='bbox 3258 5737 3408 5786; x_wconf 86' lang='lat' dir='ltr'><strong>abeo</strong></span> <span class='ocrx_word' id='word_1_988' title='bbox 3440 5733 3575 5801; x_wconf 72' lang='lat' dir='ltr'><strong>quod</strong></span> <span class='ocrx_word' id='word_1_989' title='bbox 3602 5743 3684 5786; x_wconf 77' lang='lat' dir='ltr'><strong>est</strong></span> 
     </span>
    </p>
   </div>
  </div>
