4018 6156
387 225 492 282 353

386 365 496 410 τως
541 344 869 400 ἀπολοῦνται
907 340 1000 396 καὶ
1032 340 1465 409 τελευτήσουσιν.
1519 327 1652 401 Οἷος
1701 339 1733 392 ό
1775 337 1958 389 ἐπου-

380 444 592 512 ράνιος
614 485 628 501 ,
661 438 918 494 τοιοῦτοι
959 435 1056 489 καί
1090 436 1144 488 οἱ
1181 429 1544 499 ἐπουράνιοι.
1580 419 1958 499 Οῦτωμενοῦ-

390 551 474 587 σιν
509 533 766 586 ἀθάνατοι
797 530 890 583 καὶ
917 527 1244 598 λάμποντες.
1281 522 1347 577 Τί
1379 518 1507 588 οῦν;
1535 522 1656 591 οὐχὶ
1687 522 1781 575 καὶ
1808 517 1964 587 οὗτος

389 624 692 687 ἀπέθανεν;
734 619 993 673 ’Δπέθανε
1028 616 1147 687 μὲν,
1187 613 1305 667 ἀλλ’
1346 613 1499 666 οὐδὲν
1543 610 1793 665 ἐντεῦθεν
1822 629 1963 684 παρ-

390 715 617 785 εϐλάϐη,
639 713 772 766 ἀλλά
788 709 1072 779 καὶταύτῃ
1096 708 1186 760 τὸν
1207 705 1439 759 θάνατον
1458 704 1781 759 κατέλυσεν.
1811 699 1966 767 Εἶδες

389 805 508 870 πῶς
537 803 827 859 κάντεῦθεν
853 801 934 872 τῷ
980 800 1194 871 θανάτῳ
1223 799 1285 852 τὸ
1316 799 1445 870 περὶ
1484 797 1585 867 τῆς
1617 798 1967 861 ἀναστάσεως

389 897 684 966 συνέστησε
710 894 921 964 δόγμας
954 893 1138 963 Ἕχων
1177 891 1310 962 γὰρ,
1340 891 1477 961 ὅπερ
1504 887 1653 961 [595]
1694 888 1864 960 ἔφθην
1892 891 1967 942 εἰς

388 987 527 1048 πὼν,
560 986 660 1056 τὴν
693 985 870 1055 ἀρχὴν
902 985 998 1059 καὶ
1037 982 1135 1053 τὴν
1173 982 1417 1052 κεφαλὴν
1437 1023 1453 1047 ,
1487 980 1642 1051 φησὶ,
1679 981 1753 1051 μὴ
1796 980 1968 1050 ἀμφί-

388 1076 550 1131 ϐαλλε
580 1076 711 1147 περὶ
747 1074 842 1128 τοῦ
875 1073 1129 1145 σώματος
1159 1072 1379 1135 παντός.
1410 1071 1557 1140 Πλὴν
1587 1070 1680 1124 καὶ
1710 1070 1809 1141 τὴν
1837 1069 1968 1140 περὶ

388 1166 665 1231 πολιτείας
718 1166 949 1237 ἀρίστην
995 1162 1247 1216 ἐντεῦθεν
1296 1161 1565 1233 γυμνάζει
1615 1160 1965 1232 παραίνεσιν,

388 1255 764 1325 ὑποδείγματα
790 1252 997 1323 ὑψηλοῦ
1027 1253 1123 1306 καὶ
1149 1252 1437 1322 φιλοσόφου
1469 1251 1605 1321 βίου,
1636 1250 1730 1304 καὶ
1764 1250 1825 1302 οὐ
1851 1266 1966 1302 τοι·

387 1345 548 1400 οὐτου
579 1344 785 1408 τιθεὶς,
817 1343 913 1396 καὶ
947 1341 1150 1395 τούτων
1192 1339 1517 1411 ἀμφοτέρων
1558 1340 1828 1410 παράγων
1866 1337 1967 1401 τάς

390 1437 596 1508 ἀρχὰς,
613 1433 709 1488 τοῦ
745 1434 845 1505 μὲν
878 1433 1266 1504 τδνἼίριστ-δν,
1292 1430 1386 1485 τοῦ
1418 1431 1476 1486 δὲ
1500 1432 1592 1485 τὸν
1632 1430 1823 1501 ’Δδάμ.
1868 1429 1968 1483 Διά

390 1530 553 1584 τοῦτο
576 1528 697 1582 οὐδέ
724 1526 908 1591 ἀπλῶς
932 1521 1106 1587 εἶπεν,
1124 1526 1218 1579 Ἐκ
1231 1525 1353 1595 γῆς,
1376 1524 1533 1590 ἀλλά,
1555 1525 1788 1590 Χοϊκός,
1812 1540 1968 1576 τουτ-

393 1625 544 1688 έστι,
599 1622 776 1692 παχὺς
795 1660 811 1685 ,
839 1623 954 1684 τοῖς
992 1618 1229 1690 παροῦσι
1261 1616 1707 1689 προσηλωμένος·
1740 1617 1834 1670 καὶ
1864 1617 1969 1671 πά·-

393 1717 477 1772 λιν
502 1716 595 1770 ἐπὶ
620 1715 713 1768 τοῦ
747 1712 987 1785 Χριστοῦ
1025 1711 1358 1775 τούναντίον,
1401 1712 1464 1764 '0
1504 1710 1721 1778 Κύριος
1757 1708 1826 1774 ἐξ
1869 1710 1969 1763 οὐ·

388 1807 601 1877 ρανοῦ;
634 1807 699 1861 Εἰ
744 1805 802 1859 δέ
843 1805 1052 1874 λέγοιέν
1083 1821 1226 1867 τινες
1253 1802 1343 1856 διὰ
1379 1799 1538 1854 τοῦτο
1588 1800 1663 1872 μὴ
1693 1799 1839 1871 ἔχειν
1874 1800 1968 1855 τὸν

399 1900 600 1972 Κύριον
623 1898 803 1969 σῶμα,
830 1898 918 1951 διὰ
940 1898 1023 1960 τὸ,
1068 1897 1169 1962 Ἐξ
1196 1894 1479 1965 οὐρανοῦ,
1507 1893 1780 1964 εἰρῆσθαι,
1807 1893 1968 1947 ἰκανά

397 1992 498 2063 μὲν
526 1992 619 2045 καὶ
640 1989 710 2042 τὰ
741 1989 1006 2059 εἰρημένα
1038 1987 1206 2067 πάλαι
1246 1986 1519 2057 ἐμφράξαι
1546 1984 1722 2039 αὐτῶν
1746 1986 1814 2039 τά
1843 1985 1967 2039 στό-

396 2098 567 2152 ματα,
597 2079 748 2135 οὐδὲν
772 2079 831 2132 δέ
863 2078 1065 2133 κωλύει
1100 2079 1195 2133 καί⁵
1229 2076 1478 2143 ἐντεῦθεν
1521 2077 1715 2140 αὐτοὺς
1751 2078 1968 2130 ἐπιστο-

394 2173 574 2245 μίσαι.
610 2172 677 2225 Τί
716 2171 826 2241 γάρ
858 2172 1030 2234 ἐστιν,
1073 2169 1138 2222 '0
1179 2169 1392 2236 Κύριος
1426 2167 1496 2231 ἐξ
1534 2166 1828 2234 οὐρανοῦ;
1867 2166 1971 2235 τὴν

391 2263 558 2335 φύσιν
588 2262 757 2332 λέγει,
803 2261 838 2332 ἢ
875 2264 974 2332 τὴν
1014 2259 1245 2332 ἀρίστην
1291 2257 1603 2321 πολιτείανς
1646 2257 1816 2311 Παντί
1863 2274 1973 2310 που

386 2357 574 2428 δῆλον,
616 2357 697 2410 ὅτι
744 2355 844 2426 τὴν
887 2351 1185 2406 πολιτείανο
1226 2350 1309 2405 διὸ
1342 2351 1437 2404 καὶ
1480 2350 1712 2417 ἐπάγειο
1763 2348 1969 2411 Καθὼς

385 2450 767 2522 ἐφορέσαμεν
817 2447 933 2516 τὴν
993 2448 1200 2500 είκόνα
1246 2445 1354 2499 τοῦ
1406 2442 1618 2512 χοϊκοῦ
1662 2441 1966 2513 (τουτέστι,

387 2540 592 2604 Καθὼς
630 2538 809 2609 φαῦλα
837 2535 1202 2607 ἐπράξαμεν),
1234 2534 1584 2603 φορέσωμεν
1608 2532 1705 2585 καὶ
1744 2531 1858 2597 τὴν
1888 2532 1967 2583 εἰ-

385 2632 546 2686 κόνα
565 2627 1037 2696 τοῦέπουρανίου
1056 2642 1071 2657 υ
1092 2624 1392 2686 τουτέστιν,
1410 2624 1635 2694 Ἀριστα
1652 2622 1966 2691 πράξωμεν.

383 2720 582 2791 Χωρὶς
621 2719 679 2772 δὲ
722 2717 960 2781 τούτων,
1008 2714 1231 2769 κάκεῖνό
1283 2730 1343 2767 σε
1386 2712 1559 2784 ήδέως
1605 2711 1672 2766 ἂν
1717 2710 1966 2783 ἐροίμην’

385 2810 539 2880 Περὶ
571 2808 790 2877 φύσεως
839 2807 1082 2877 εἴρηται·
1136 2803 1199 2855 '0
1237 2802 1304 2855 ἐκ
1322 2800 1435 2872 γῆς
1464 2800 1691 2869 χοζκὸς,
1721 2801 1849 2864 καὶ,
1914 2799 1968 2854 Ὁ

384 2902 611 2968 Κύριος
650 2898 721 2963 ἐξ
741 2896 1031 2966 οὐρανοῦ;
1060 2894 1189 2957 Ναὶ,
1219 2893 1371 2964 φησί.
1405 2893 1471 2945 Τί
1503 2888 1631 2959 οὖν;
1662 2892 1843 2962 χοῖκὸς
1869 2890 1970 2961 μό-

385 3008 486 3047 νον
510 2986 581 3061 ἦν
607 2992 639 3044 ὁ
673 2988 865 3058 Ἀδάμ,
894 2987 928 3059 ἢ
964 2987 1058 3039 καὶ
1086 2985 1253 3054 ἄλλην
1285 2983 1408 3036 τινὰ
1437 2978 1583 3052 εἶχεν
1612 2982 1801 3036 οὐσίαν
1835 2999 1967 3049 συγ-

384 3083 532 3153 γενῆ
550 3083 662 3143 τοῖς
680 3081 791 3135 ἄνω
808 3078 903 3132 καὶ
918 3076 1247 3147 ἀσωμάτοις,
1260 3076 1335 3145 ἢν
1351 3075 1529 3144 ψυχὴν
1552 3074 1757 3145 καλείὴ
1778 3073 1968 3145 Γραφὴ

387 3175 493 3230 καὶ
520 3171 769 3244 πνεῦμα;
805 3169 976 3224 Παντί
1005 3186 1107 3222 που
1137 3169 1318 3237 δῆλον,
1342 3168 1424 3220 ὅτι
1458 3169 1550 3220 καὶ
1571 3167 1795 3237 ταύτην.
1830 3166 1970 3219 Οὐκ-

388 3266 491 3323 οὖν
539 3265 664 3319 οὐδέ
706 3266 734 3318 ὁ
767 3262 971 3334 Κύριος
1000 3257 1070 3331 ἦν
1109 3260 1315 3314 ἀνωθεν
1348 3259 1526 3329 μόνον,
1562 3260 1612 3310 εἰ
1654 3259 1750 3312 καὶ
1791 3255 1857 3322 ἐξ
1880 3258 1971 3310 οὑ-

396 3354 565 3427 ρανοῦ
594 3354 826 3421 λέγοιτο,
860 3349 995 3405 ἀλλά
1026 3351 1122 3403 καὶ
1155 3349 1333 3420 σάρκα
1366 3348 1665 3419 ἀνειλήφει.
1703 3350 1768 3402 Ὅ
1799 3348 1854 3400 δὲ
1885 3348 1971 3400 λέ-

396 3465 513 3518 γει,
546 3445 784 3499 τοιοῦτόν
812 3440 1181 3507 ἐστινΚαθὼς
1211 3440 1583 3510 ἐφορέσαμεν
1615 3441 1730 3507 τὴν
1768 3441 1973 3493 εἰκόνα

402 3538 513 3593 τοῦ
552 3537 778 3607 χοϊκοῦ,
813 3537 910 3598 τὰς
937 3536 1181 3605 πονηρὰς
1215 3533 1462 3605 πράξεις,
1499 3530 1848 3600 φορέσωμεν
1872 3530 1971 3585 καὶ

399 3629 520 3695 τὴν
545 3628 749 3680 εἰκόνα
776 3626 880 3680 τοῦ
920 3623 1302 3693 ἐπουρανίου,
1342 3624 1440 3693 τὴν
1469 3622 1745 3675 πολιτείαν
1776 3621 1875 3692 τὴν
1913 3624 1972 3677 ἐν

396 3722 513 3782 τοῖς
558 3718 826 3787 οὐρανοῖς.
879 3718 942 3770 Εἰ
985 3716 1046 3768 δὲ
1074 3713 1447 3786 περὶφύσεως
1498 3709 1566 3784 ἦν
1608 3715 1647 3766 ὁ.
1678 3713 1865 3781 λόγος,
1908 3714 1968 3767 οὗ

397 3810 798 3881 παρακλήσεως
850 3808 1020 3861 ἐδεῖτο
1067 3807 1129 3860 τὸ
1177 3807 1410 3877 πρᾶγμα
1457 3806 1578 3859 οὐδέ
1625 3806 1969 3879 συμϐουλῆςι

396 3905 539 3960 ὥστε
563 3903 857 3958 κάντεῦθεν
882 3902 1065 3972 δῆλον,
1090 3901 1173 3953 ὅτι
1210 3899 1338 3969 περὶ
1364 3899 1637 3963 πολιτείας
1660 3900 1722 3952 τὸ
1744 3901 1972 3970 λεγόμερ

393 4014 508 4051 νον.
543 3994 634 4047 Διὸ
665 3994 760 4046 καὶ
791 3990 1266 4063 συμϐουλευτικῶς
1296 3991 1506 4058 εἰσάγει
1547 3989 1638 4042 τὸν
1667 3989 1844 4058 λόγον,
1878 3992 1972 4044 καὶ

397 4090 585 4143 εἰκόνα
606 4087 784 4150 καλεῖ,
818 4084 1106 4156 καὶταύτῃ
1135 4085 1298 4138 πάλιν
1339 4083 1515 4153 δηλῶν
1555 4083 1637 4136 ὃτι
1676 4084 1804 4154 περὶ
1831 4083 1973 4153 πρά-

397 4182 556 4247 ξεως,
580 4177 790 4247 οὐπερὶ
811 4175 1215 4246 φύσεωςλέγει.
1235 4175 1345 4228 Καὶ
1369 4173 1587 4244 γάρδιά
1614 4173 1768 4226 τοῦτο
1792 4174 1972 4241 ἐγενόο

401 4270 543 4340 μεθα
567 4270 743 4341 χοῖκοὶ
767 4308 782 4331 ,
810 4268 997 4339 ἐπειδὴ
1032 4267 1243 4338 πονηρά
1270 4265 1603 4337 ἐπράξαμεν·
1636 4266 1736 4318 οὐκ
1783 4267 1975 4337 ἐπειδὴ

396 4363 454 4430 ἐξ
469 4362 649 4432 ἀρχῆς
667 4358 1152 4432 χοίκοὶδιεπλάσθη
1162 4376 1277 4429 μεν,
1296 4358 1408 4411 ἀλλ’
1430 4356 1616 4427 ἐπειδὴ
1630 4358 1969 4429 ἡμάρτομεν.

397 4454 514 4507 Καὶ
539 4453 654 4523 7&9
676 4454 710 4522 ἡ
745 4451 993 4523 ἁμαρτία
1020 4449 1257 4521 πρῶτον,
1284 4447 1378 4501 καὶ
1407 4447 1525 4500 τότε
1548 4450 1576 4501 ὁ
1605 4446 1851 4511 θάνατος,
1879 4450 1972 4501 καὶ

397 4544 476 4610 τὺ,
513 4541 603 4609 Γῆ
632 4537 708 4608 εἴ,
736 4541 836 4594 καί
870 4543 960 4608 εὶς
986 4539 1105 4611 γῆν
1139 4539 1472 4606 ἀπελεύση·
1511 4537 1632 4590 τότε
1676 4538 1769 4591 καὶ
1800 4538 1830 4591 ό
1862 4538 1995 4591 τῶν-

399 4634 590 4689 παθῶν
627 4632 887 4703 εἰσῆλθεν
912 4632 1099 4702 ἐσμὸς.
1136 4630 1270 4685 Οὐδὲ
1296 4631 1405 4702 γὰρ
1441 4631 1524 4692 τὸ,
1569 4631 1635 4682 ἐκ
1678 4630 1782 4700 γῆς
1810 4646 1970 4698 γεγε-

398 4723 619 4795 νῆσθαι,
650 4725 811 4775 ποιεῖ’
836 4721 1016 4791 χοῖκδν
1041 4720 1246 4786 ἅπλῶς,
1282 4721 1404 4775 ἐπεὶ
1433 4721 1528 4774 καὶ
1557 4723 1585 4773 ὁ
1614 4719 1824 4790 Κύριος
1863 4720 1974 4774 ἀπὸ

397 4815 497 4882 τῆς
537 4812 716 4883 μάζης
761 4810 980 4865 καὶτοῦ
1026 4810 1343 4879 φυράματος
1384 4809 1572 4861 τούτου
1614 4803 1702 4878 ἦν,
1736 4808 1872 4860 ἀλλά
1912 4806 1973 4860 τὸ

400 4904 569 4974 γήϊνα
608 4902 900 4973 πράττεινρ
931 4899 1120 4968 ὥσπερ
1149 4894 1241 4951 οῦν
1280 4899 1373 4951 καὶ
1413 4898 1733 4969 ἐπουράνιον
1758 4897 1972 4976 τὸάξια

399 4995 507 5049 τῶν
529 4988 1187 5064 οὒροινῶνέπιδείξασθαι.
1225 4989 1384 5042 Ἀλλά
1405 4989 1513 5059 7&9
1534 4989 1587 5041 τί
1613 4989 1717 5060 χρὴ
1741 4989 1972 5059 περιττά

402 5086 584 5139 πονεῖν
612 5082 769 5136 τοῦτο
797 5080 1309 5144 κατασκευάζοντα;
1343 5078 1548 5151 προῖὼν
1577 5079 1684 5147 γὰρ
1713 5082 1844 5149 ἡμῖν
1875 5080 1972 5132 αὐο

400 5176 490 5240 τδς
527 5173 859 5228 ἐκκαλύπτει
908 5172 971 5225 τὸ
1009 5170 1208 5241 νόημα,
1250 5170 1397 5223 οὕτω
1433 5169 1641 5236 λέγων*
1687 5170 1866 5222 Τοῦτο
1906 5169 1973 5223 δέ

401 5286 570 5338 φημι,
599 5266 874 5335 ἀδελφοί,
898 5265 987 5319 ὅτι
1016 5262 1173 5330 σὰρξ
1195 5262 1293 5315 καί
1316 5257 1459 5329 αἷμα
1474 5261 1801 5325 βασιλείαν
1824 5261 1973 5314 Θεοῦ

406 5362 475 5415 οὐ
507 5358 1105 5428 κληρονομήσουσιν.
1140 5351 1290 5417 Εἶδες
1321 5353 1437 5416 πῶς
1463 5352 1653 5404 ἑαυτὸν
1681 5353 1973 5420 έρμηνεύει

405 5454 584 5520 πάλιν,
623 5452 984 5506 ἀπαλλάττων
1016 5448 1162 5518 ἡμᾶς
1210 5445 1579 5516 πραγμάτων;
1628 5443 1656 5495 ὃ
1703 5442 1971 5513 πολλαχοῦ

407 5548 569 5600 ποιεῖ.
624 5545 815 5614 Σάρκα
863 5539 973 5610 7&9
1022 5536 1257 5592 ἐνταῦθα
1302 5535 1402 5598 τὰς
1454 5532 1697 5603 πονηράς
1745 5533 1975 5604 πράξεις

414 5636 581 5701 καλεῖ,
610 5636 639 5688 ὃ
668 5636 762 5689 καὶ
789 5632 1025 5702 ἀλλαχοῦ
1068 5628 1385 5697 πεποίηκεν,
1413 5620 1525 5677 οἷον
1558 5624 1633 5685 ὡς
1661 5626 1789 5676 ὅταν
1817 5624 1970 5693 λέγῃ·

424 5723 601 5794 Ὑμεῖς
638 5727 703 5783 δὲ
743 5728 855 5782 οὐκ
900 5722 1038 5777 ὲστὲ
1091 5721 1159 5775 ἐν
1191 5716 1392 5787 σαρκί·
1428 5718 1519 5770 καὶ
1571 5717 1750 5783 πάλιν,
1787 5722 1852 5771 Ol
1905 5720 1973 5771 δὲ

1389 219 1455 274 IN
1530 216 1743 274 EPIST.
1786 218 1801 271 Ι
1839 218 1929 272 AD
1967 217 2126 275 COR.
2164 218 2401 275 HOMIL.
2435 219 2595 277 XLII.

3536 226 3642 282 δσι

2067 335 2217 409 [596]
2253 336 2325 391 ἐν
2355 338 2535 408 σαρκί
2574 338 2765 405 ὄντες,
2806 338 2929 405 Θεῷ
2969 338 3182 410 ἀρέσαι
3225 344 3295 397 οὐ
3334 342 3638 403 δύνανται.

2070 428 2233 481 Ὥστε
2263 429 2393 482 ὅταν
2423 430 2574 502 λέγῃ,
2617 429 2796 483 Τοῦτο
2829 431 2897 485 δέ
2928 449 3098 502 φημι,
3130 432 3281 487 οῦδὲν
3309 433 3436 488 ἀλλο
3470 436 3641 505 λέγει,

2064 520 2097 591 ἦ
2130 521 2213 573 ὅτι
2243 521 2343 574 Διά
2366 520 2524 575 τοῦτο
2555 521 2729 575 ταῦτα
2770 517 2951 590 εἷπον,
2982 525 3068 578 ἵνα
3101 526 3280 600 μάθῃς
3304 528 3385 581 ὅτι
3408 529 3643 599 πονηραὶ

2064 609 2293 679 πράξεις
2321 612 2402 675 εἰς
2435 612 2713 681 βασιλείαν
2741 614 2843 667 οῦκ
2871 614 3204 684 εἰσάγουσιν.
3249 617 3382 670 Ἀπὸ
3407 618 3515 690 γὰρ
3544 620 3643 690 τῆς

2063 701 2415 767 ἀναστάσεως
2446 704 2650 769 εὐθέως
2680 705 2778 759 καὶ
2808 707 2896 760 τὸν
2936 708 3035 777 τῆς
3074 707 3351 778 βασιλείας
3381 711 3644 779 εἰσήγαγε

2063 795 2221 863 λόγον
2242 812 2256 826 ·
2289 795 2370 850 διδ
2392 799 2488 852 καὶ
2510 799 2814 869 ἐπήγαγεψ
2837 800 2989 854 Οὐδὲ
3014 801 3053 869 τι
3078 802 3269 872 φθορὰ
3294 802 3409 871 τὴν
3426 804 3646 872 ἀφθαρ·

2063 886 2209 941 σίαν
2258 890 2626 958 κληρονομεῖ
2652 906 2666 920 ·
2702 890 3015 953 τουτέστιν,
3062 894 3095 962 ή
3144 893 3313 946 κακία
3355 893 3453 964 τὴν
3485 892 3644 959 δόξαν

2063 978 2281 1047 ἐκείνην
2311 979 2407 1031 καὶ
2438 977 2538 1050 τὴν
2568 978 2679 1032 τῶν
2712 979 3007 1052 ἀφθάρτων
3038 982 3377 1052 πραγμάτων
3407 983 3646 1038 ἀπόλαυ-

2066 1087 2172 1124 σιν.
2204 1070 2316 1125 Καὶ
2353 1070 2461 1142 γάρ
2494 1070 2762 1143 πολλαχοῦ
2803 1072 2963 1126 πάλιν
2994 1075 3060 1142 τῇ
3094 1076 3438 1146 προσηγορίᾳ
3471 1075 3646 1148 ταύτῃ

2062 1162 2163 1230 τὴν
2212 1161 2410 1215 κακίαν
2461 1163 2721 1216 ἐκάλεσεν
2764 1161 2965 1217 εἰπών’
3001 1163 3065 1219 '0
3110 1167 3376 1234 σπείρων
3411 1171 3498 1234 εἰς
3529 1168 3647 1235 τὴν

2063 1253 2285 1322 σάρκα,
2311 1254 2379 1307 ἐκ
2409 1253 2520 1323 τῆς
2556 1258 2784 1323 σαρκὸς
2811 1255 3032 1322 θερίσει
3066 1256 3314 1324 φθοράν.
3342 1259 3402 1310 Εἰ
3428 1259 3483 1311 δὲ
3513 1262 3646 1331 περὶ

2067 1345 2321 1418 σώματος
2348 1346 2555 1415 ἐλεγεν,
2587 1347 2702 1400 ἀλλ’
2724 1347 2784 1401 οὐ
2811 1347 2938 1419 περὶ
2972 1349 3215 1417 πονηρᾶς
3244 1349 3517 1419 πράξεως,
3544 1352 3655 1405 οὑκ

2064 1439 2130 1493 ἂν
2160 1437 2281 1494 εἶπε
2312 1439 2536 1511 φθοράν·
2569 1438 2806 1511 οὐδαμοῦ
2832 1439 2941 1509 γὰρ
2962 1439 3022 1492 τὸ
3047 1439 3203 1512 σῶμα
3231 1442 3439 1512 φθορὰν
3467 1442 3641 1496 καλεῖ·

2064 1533 2188 1589 οὗδέ
2215 1535 2325 1604 γάρ
2355 1536 2473 1587 ἐστι
2505 1533 2701 1605 φθορά,
2732 1534 2867 1589 ἀλλά
2903 1531 3160 1605 φθαρτόν.
3196 1537 3287 1588 Διὸ
3320 1535 3524 1607 προῖὼν
3554 1538 3648 1590 καὶ

2067 1626 2201 1697 περὶ
2239 1625 2404 1678 αὑτοῦ
2451 1625 2854 1696 διαλεγόμενος,
2905 1629 3003 1680 οὐκ
3046 1623 3196 1680 εἶπεν
3243 1628 3375 1681 αὐτὸ
3417 1628 3642 1699 φθοράν,

2066 1718 2205 1772 ἀλλά
2244 1716 2505 1788 φθαρτὸν,
2535 1717 2710 1785 λέγων
2735 1734 2748 1746 ”
2790 1717 2893 1771 Δεῖ
2921 1717 3031 1789 γὰρ
3075 1718 3141 1772 τὸ
3174 1719 3440 1788 φθαρτὸν
3469 1720 3645 1774 τοῦτο

2065 1807 2438 1862 ἐνδύσασθαι
2480 1807 2842 1876 ἀφθαρσίαν.
2886 1803 3020 1860 Εἶτα
3052 1807 3151 1878 τὴν
3198 1808 3327 1877 περὶ
3372 1807 3647 1873 πολιτείας

2067 1900 2363 1971 πληρώσας
2416 1900 2775 1971 παραίνεσιν,
2830 1900 2967 1971 ὅπερ
3015 1901 3103 1954 ἀεὶ
3156 1902 3335 1967 ποιεῖ,
3385 1901 3645 1956 ὑπόθεσιν

2067 1989 2322 2044 ὑποθέσει
2343 1989 2582 2059 συνεχῶς
2603 1991 3023 2059 ἀναμιγνὺς,.είς
3043 1993 3133 2043 τὸν
3152 1991 3277 2062 περὶ
3295 1993 3647 2057 ἀναστάσεως

2066 2080 2231 2134 πάλιν
2273 2080 2382 2134 τῶν
2417 2083 2688 2150 σωμάτων
2737 2082 2976 2134 ἐκϐαίνει
3014 2081 3205 2151 λόγον,
3246 2083 3386 2136 οὕτω
3436 2084 3642 2154 λέγων’

2077 2172 2223 2228 Ἰδοὺ
2250 2171 2590 2241 μυστήριον
2620 2172 2762 2241 ὑμῖν
2791 2173 2964 2241 λέγω.

2139 2263 2204 2333 β’.
2238 2262 2467 2334 Φρικτόν
2500 2281 2557 2316 τι
2597 2263 2692 2317 καὶ
2734 2264 3067 2335 ἀπόρρητον,
3114 2265 3209 2316 καὶ
3248 2264 3277 2316 ὃ
3319 2266 3394 2337 μὴ
3443 2268 3663 2331 πάντες

2073 2354 2241 2420 ἴσασι,
2267 2355 2444 2426 μέλλει
2475 2354 2655 2423 λέγειν
2674 2372 2686 2384 °
2713 2355 2741 2408 ὃ
2761 2357 2853 2408 καὶ
2878 2355 3075 2425 πολλὴν
3099 2356 3432 2412 ἐνδείκνυται
3449 2362 3548 2430 τὴν
3564 2363 3644 2424 εἰς

2067 2447 2263 2510 αὐτοὺς
2289 2448 2484 2519 τιμὴν,
2509 2449 2570 2500 τὸ
2602 2447 2668 2499 τά
2698 2447 2988 2519 ἀπόρρητα
3021 2436 3200 2516 λέγειν
3241 2450 3445 2511 αὐτοῖς.
3476 2451 3540 2504 Τί
3586 2453 3644 2505 δὲ

2066 2538 2222 2591 τοῦτό
2241 2540 2356 2592 ἐστι
2375 2539 2637 2604 ;Πὰντες
2653 2539 2769 2608 μὲν
2793 2542 2864 2593 οὐ
2894 2542 3397 2609 κοιμηθησόμεθα,
3422 2542 3645 2609 πάντες

2065 2629 2136 2684 δὲ
2186 2631 2675 2699 ἀλλαγησόμεθα.
2730 2631 2794 2683 "0
2840 2631 2896 2683 δὲ
2942 2630 3090 2698 λέγει
3137 2631 3295 2685 τοῦτό
3328 2635 3510 2687 ἐστιν·
3567 2638 3644 2688 Οὐ

2068 2721 2270 2784 πάντες
2307 2720 2404 2790 μὲν
2430 2721 2875 2791 ἀποθανούμεθα,
2898 2723 3098 2786 πάντες
3120 2724 3176 2776 δὲ
3202 2724 3643 2797 ἀλλαγησόμεθα,

2067 2816 2161 2866 καὶ
2192 2815 2240 2865 οἱ
2286 2813 2361 2883 μὴ
2399 2812 2855 2882 ἀποθνήσκοντες
2889 2812 3073 2882 θνητοὶ
3106 2814 3214 2885 γὰρ
3250 2810 3512 2873 κάκεῖνοι.
3552 2820 3668 2890 Mi)‘

2066 2904 2268 2969 τοίνυν,
2293 2903 2481 2974 ἐπειδὴ
2513 2904 2900 2974 ἀποθνήσκεις,
2928 2904 3017 2956 διά
3040 2904 3198 2958 τοῦτο
3225 2906 3428 2977 δείσῃς,
3458 2911 3645 2978 φησὶν,

2067 2995 2142 3058 ὡς
2174 2994 2275 3047 οὐκ
2306 2994 2743 3065 ἀνοιστησὸμενος
2762 3013 2776 3027 ·
2813 2996 2920 3048 εἰσὶ
2948 2995 3057 3066 γάρ
3086 3012 3251 3060 τινες,
3283 2998 3443 3062 εἰσὶν,
3473 3001 3522 3053 οἳ
3552 3002 3662 3053 καὶ

2067 3082 2227 3136 τοῦτο
2253 3082 2651 3153 διαφεύξονται’
2681 3084 2775 3137 καὶ
2796 3085 2945 3154 ὅμως
2973 3084 3073 3136 οὐκ
3095 3085 3257 3155 ἀρκεί
3275 3084 3435 3138 τοῦτο
3462 3086 3647 3151 αὐτοῖς

2069 3177 2151 3239 εἰς
2194 3177 2293 3245 τὴν
2324 3176 2620 3230 ἀνάστασιν
2650 3177 2900 3247 ἐκείνην,
2935 3176 3070 3230 ἀλλὰ
3107 3176 3199 3243 δεῖ,
3232 3180 3325 3230 καὶ
3356 3179 3540 3231 ἐκεῖνα
3577 3180 3647 3232 τὰ

2073 3269 2305 3338 σώματα
2340 3269 2409 3321 τὰ
2464 3270 2539 3339 μὴ
2588 3268 3004 3340 ἀποθνήσκοντα
3048 3268 3382 3339 ἀλλαγῆναι,
3423 3272 3517 3322 καὶ
3566 3273 3647 3332 είς

2069 3357 2379 3428 ἀφθαρσίαν
2413 3361 2761 3428 μεταπεσεῖν.
2804 3360 2899 3411 Ἐν
2924 3360 3141 3427 ἀτόμῳ,
3163 3359 3234 3411 ἐν
3245 3357 3396 3428 ῥιπῇ
3420 3362 3644 3429 ὀφθαλ-

2063 3449 2208 3519 μοῦ,
2261 3450 2331 3502 ἐν
2364 3450 2438 3517 τῇ
2476 3451 2711 3519 ἐσχάτῃ
2760 3449 3069 3519 σάλπιγγι.
3121 3450 3251 3503 Ὅτε
3298 3451 3468 3504 πολλὰ
3521 3453 3677 3523 περὶ¹

2070 3540 2423 3601 ἀναστάσεως
2464 3537 2745 3608 διελέχθη,
2798 3537 2920 3589 τότε
2960 3537 3232 3606 εὐκαίρως
3264 3538 3359 3589 καὶ
3407 3537 3468 3589 τὸ
3516 3538 3647 3591 πολὺ

2072 3628 2373 3699 παράδοξον
2398 3629 2566 3699 αὐτῆς
2593 3627 2888 3681 δείκνυσιν.
2915 3628 2990 3681 Οὐ
3018 3625 3309 3697 γάρτοῦτο
3336 3628 3648 3699 θαυμαστὸν

2074 3718 2265 3789 μόνον,
2303 3717 2385 3770 ὅτι
2430 3718 2664 3787 σήπεται
2709 3715 2925 3787 πρῶτον
2970 3715 3041 3768 τά
3085 3716 3333 3786 σώματα,
3383 3716 3477 3770 καὶ
3524 3717 3645 3770 τότε

2071 3808 2379 3870 ἀνίσταται,
2413 3807 2600 3877 φησὶν,
2648 3806 2757 3859 οὐδ’
2788 3806 2870 3859 ὅτι
2909 3804 3153 3877 βελτίονα
3188 3806 3296 3858 τῶν
3329 3806 3424 3860 νῦν
3475 3809 3542 3861 τά
3584 3810 3650 3863 ἐκ

2070 3898 2179 3951 τῶν
2236 3898 2557 3969 σηπομένων
2615 3899 2988 3968 ἀνιστάμενα,
3040 3897 3148 3951 οὐδ’
3194 3899 3276 3951 ὅτι
3328 3899 3423 3952 ἐπὶ
3469 3900 3648 3971 πολλῷ
3688 3938 3693 3941 -

2074 3987 2296 4059 μείζονα
2336 3987 2489 4058 λῆξιν
2519 3984 2869 4057 μεταϐαίνει,
2908 3987 3018 4040 οὐδ’
3045 3987 3126 4039 ὅτι
3160 3986 3390 4050 ἕκαστος
3427 3989 3487 4042 τὸ
3518 3990 3675 4043 ἴδιον.

2069 4077 2449 4149 ἀπολαμϐάνει
2498 4078 2592 4132 καὶ
2616 4077 2788 4141 οὐδεὶς
2819 4077 2880 4130 τὸ
2919 4078 3106 4149 ἐτέρου
3125 4120 3140 4144 ,
3173 4079 3290 4132 ἀλλ’
3323 4081 3402 4133 ὃτι
3427 4080 3497 4132 τὰ
3522 4097 3646 4132 τοσ-

2070 4170 2210 4223 αῦτα
2255 4171 2349 4223 καὶ
2399 4168 2703 4240 τηλικαῦτα
2737 4170 2832 4222 καὶ
2863 4170 3079 4224 πάντων
3107 4169 3367 4239 λογισμὸν
3396 4172 3489 4224 καὶ
3523 4171 3647 4223 νοῦν

2074 4260 2473 4332 ὑπερϐαίνοντα
2507 4262 2564 4312 ἐν
2603 4261 2793 4329 ἀτόμῳ
2828 4261 3060 4328 γίνεται,
3087 4260 3390 4324 τουτέστιν,
3424 4260 3482 4311 ἐν
3510 4261 3647 4313 ἀκα-

2076 4352 2239 4421 ριαίῳ
2289 4350 2488 4419 χρόνῳ.
2536 4348 2648 4400 Καὶ
2695 4347 2870 4417 δηλῶν
2922 4349 3256 4419 σαφέστερον
3305 4346 3482 4409 τοῦτο,
3545 4348 3647 4401 Ἑν

2065 4440 2216 4510 ριπῇ
2247 4438 2578 4509 ὀφθαλμοῦ,
2606 4439 2790 4508 φησίνο
2823 4440 2945 4492 ὅσον
2982 4439 3148 4509 μύσαι
3185 4438 3473 4508 βλέφαρον.
3513 4435 3646 4493 Εἰ-τα

2073 4528 2262 4600 ἐπειδὴ
2295 4528 2438 4600 μέγα
2467 4524 2588 4581 εἷπε
2618 4530 2713 4581 καὶ
2749 4529 3057 4592 ἐκστάσεως
3086 4529 3259 4599 γέμον
3278 4568 3293 4593 ,
3319 4531 3369 4581 εἰ
3405 4529 3645 4583 τοσαῦτα

2074 4620 2522 4691 καὶ-τηλικαῦτα
2577 4621 2881 4692 πράγματα
2940 4621 3083 4675 οὕτω
3134 4622 3351 4693 γίνηται
3404 4622 3641 4692 ταχέως·

2075 4713 2271 4781 ἐπάγει
2299 4712 2380 4775 εἰς
2412 4710 2686 4776 ἀπόδειξιν
2709 4712 2769 4765 τὺ
2793 4711 3103 4776 ἀξιόπιστον
3124 4711 3219 4765 τοῦ
3247 4711 3643 4782 ἐργαζομένου,

2073 4806 2279 4874 λέγων’
2309 4805 2603 4859 Σαλπίσει
2630 4805 2760 4875 γὰρ,
2792 4805 2889 4858 καί
2913 4807 2967 4859 οἱ
2995 4805 3194 4875 νεκροί
3222 4805 3647 4875 ἐγερθήσονται

2073 4899 2397 4968 ἄφθαρτοι,
2439 4897 2539 4949 καὶ
2576 4896 2744 4965 ἡμεῖς
2782 4898 3265 4967 ἀλλαγησόμεθα.
3297 4890 3390 4960 Τὸ,
3434 4896 3644 4966 Ἡμεῖς,

2071 4990 2133 5041 οὐ
2175 4988 2304 5058 περὶ
2336 4986 2530 5040 ἐαυτοῦ
2577 4986 2746 5055 λέγει,
2790 4987 2929 5040 ἀλλά
2973 4988 3101 5058 περὶ
3134 4987 3244 5040 τῶν
3278 4986 3496 5050 ζώντων
3540 4988 3648 5039 τῶν

2072 5081 2193 5132 τότε
2235 5080 2657 5151 εὑρισκομένων.
2692 5080 2793 5134 Δεῖ
2816 5081 2926 5150 γὰρ
2959 5082 3026 5134 τὸ
3051 5079 3318 5150 φθαρτὸν
3350 5079 3526 5132 τοῦτο
3559 5081 3647 5131 ἐν-

2073 5171 2374 5223 δύσασθαι
2396 5168 2760 5237 ἀφθαρσίαν.
2787 5170 2903 5222 Ἵνα
2934 5172 3048 5240 7&9
3073 5173 3147 5242 μὴ
3173 5171 3412 5235 ἀκούσας
3437 5190 3542 5240 τις,
3566 5174 3646 5226 ὅτι

2076 5259 2213 5331 σὰρξ
2265 5262 2358 5312 καὶ
2412 5256 2549 5330 αἷμα
2603 5260 2876 5330 βασιλείαν
2924 5260 3059 5313 Θεοῦ
3114 5262 3174 5315 οὐ
3227 5263 3644 5334 κληρονομήσει,

2077 5353 2225 5425 [597]
2258 5353 2456 5425 νομίσῃ
2483 5353 2553 5406 τὰ
2581 5353 2808 5423 σώματα
2842 5353 2916 5424 μὴ
2956 5353 3270 5408 ἀνίστασθαι
3296 5394 3311 5417 ,
3342 5356 3645 5425 ἐπήγαγεν,

2075 5447 2156 5498 ὅτι
2183 5447 2278 5498 Δεῖ
2296 5444 2361 5498 τὸ
2385 5445 2652 5512 φθαρτὸν
2680 5445 2855 5499 τοῦτο
2883 5444 3249 5499 ἐνδύσασθαι
3280 5445 3644 5514 ἀφθαρσίαν,

2077 5536 2175 5588 καὶ
2231 5534 2298 5588 τὸ
2351 5536 2574 5602 θνητὸν
2622 5535 2798 5589 τοῦτο
2848 5535 3218 5589 ἐνδύσασθαι
3285 5532 3644 5588 ἀθανασίαν.

2076 5628 2317 5697 Φθαρτὸν
2352 5626 2409 5679 δὲ
2441 5625 2498 5678 τὺ
2530 5627 2707 5697 σῶμα,
2735 5628 2830 5680 καὶ
2864 5627 3055 5697 θνητὸν
3086 5627 3145 5678 τὸ
3178 5627 3354 5692 σῶμα.
3392 5623 3553 5672 Ὥστε
3586 5618 3648 5669 τὸ

2078 5716 2238 5787 σῶμα
2271 5714 2419 5785 μένει
2438 5732 2452 5746 ο
2476 5717 2606 5770 αὐτὸ
2637 5719 2744 5790 γάρ
2775 5721 2892 5772 ἐστι
2921 5717 2980 5770 τὸ
3006 5715 3317 5781 ἐνδυόμενον
3338 5725 3349 5737 ·
3377 5710 3408 5774 ἠ
3434 5706 3488 5757 δὲ
3522 5704 3647 5769 θνης
