  <div class='ocr_page' id='page_1' title='image "/cluster/home/n/w/nwhite01/storage/ocr_20150623/61/mdp.39015008622618/372.png"; bbox 0 0 4018 6156; ppageno 0'>
   <div class='ocr_carea' id='block_1_1' title="bbox 346 242 446 298">
    <p class='ocr_par' dir='ltr' id='par_1_1' title="bbox 346 242 446 298">
     <span class='ocr_line' id='line_1_1' title="bbox 346 242 446 298; baseline -0.01 0"><span class='ocrx_word' id='word_1_1' title='bbox 346 242 446 298; x_wconf 73' lang='grc'><strong>565</strong></span> 
     </span>
    </p>
   </div>
   <div class='ocr_carea' id='block_1_2' title="bbox 343 344 1915 422">
    <p class='ocr_par' dir='ltr' id='par_1_2' title="bbox 343 344 1915 422">
     <span class='ocr_line' id='line_1_2' title="bbox 343 344 1915 422; baseline -0.011 -10"><span class='ocrx_word' id='word_1_2' title='bbox 343 359 436 412; x_wconf 89' lang='lat' dir='ltr'><strong>hoc</strong></span> <span class='ocrx_word' id='word_1_3' title='bbox 458 357 666 411; x_wconf 78' lang='lat' dir='ltr'><strong>induere</strong></span> <span class='ocrx_word' id='word_1_4' title='bbox 692 352 1135 422; x_wconf 75' lang='lat' dir='ltr'><strong>incorruptionem,</strong></span> <span class='ocrx_word' id='word_1_5' title='bbox 1158 357 1203 402; x_wconf 85' lang='lat' dir='ltr'><strong>et</strong></span> <span class='ocrx_word' id='word_1_6' title='bbox 1229 344 1442 401; x_wconf 76' lang='lat' dir='ltr'><strong>mortale</strong></span> <span class='ocrx_word' id='word_1_7' title='bbox 1463 346 1555 401; x_wconf 79' lang='lat' dir='ltr'><strong>hoc</strong></span> <span class='ocrx_word' id='word_1_8' title='bbox 1584 345 1794 399; x_wconf 74' lang='lat' dir='ltr'><strong>induere</strong></span> <span class='ocrx_word' id='word_1_9' title='bbox 1821 345 1915 397; x_wconf 82' lang='lat' dir='ltr'><strong>im-</strong></span> 
     </span>
    </p>
   </div>
   <div class='ocr_carea' id='block_1_3' title="bbox 341 442 1916 513">
    <p class='ocr_par' dir='ltr' id='par_1_3' title="bbox 341 442 1916 513">
     <span class='ocr_line' id='line_1_3' title="bbox 341 442 1916 513; baseline -0.01 -10"><span class='ocrx_word' id='word_1_10' title='bbox 341 449 716 504; x_wconf 71' lang='lat' dir='ltr'><strong>mortalitatem.</strong></span> <span class='ocrx_word' id='word_1_11' title='bbox 740 442 1105 513; x_wconf 72' lang='lat' dir='ltr'><strong>(lorruptibile</strong></span> <span class='ocrx_word' id='word_1_12' title='bbox 1122 449 1298 494; x_wconf 90' lang='lat' dir='ltr'><strong>autem</strong></span> <span class='ocrx_word' id='word_1_13' title='bbox 1322 446 1404 491; x_wconf 88' lang='lat' dir='ltr'><strong>est</strong></span> <span class='ocrx_word' id='word_1_14' title='bbox 1429 452 1624 505; x_wconf 89' lang='lat' dir='ltr'><strong>corpus</strong></span> <span class='ocrx_word' id='word_1_15' title='bbox 1644 476 1660 501; x_wconf 92' lang='lat'><strong>,</strong></span> <span class='ocrx_word' id='word_1_16' title='bbox 1684 445 1737 490; x_wconf 91' lang='lat' dir='ltr'><strong>et</strong></span> <span class='ocrx_word' id='word_1_17' title='bbox 1773 450 1916 488; x_wconf 86' lang='lat' dir='ltr'><strong>mor—</strong></span> 
     </span>
    </p>
   </div>
   <div class='ocr_carea' id='block_1_4' title="bbox 340 527 1916 607">
    <p class='ocr_par' dir='ltr' id='par_1_4' title="bbox 340 527 1916 607">
     <span class='ocr_line' id='line_1_4' title="bbox 340 527 1916 607; baseline -0.009 -12"><span class='ocrx_word' id='word_1_18' title='bbox 340 541 468 595; x_wconf 87' lang='lat' dir='ltr'><strong>tale.</strong></span> <span class='ocrx_word' id='word_1_19' title='bbox 520 538 646 593; x_wconf 88' lang='lat' dir='ltr'><strong>Ideo</strong></span> <span class='ocrx_word' id='word_1_20' title='bbox 686 552 879 607; x_wconf 90' lang='lat' dir='ltr'><strong>corpus</strong></span> <span class='ocrx_word' id='word_1_21' title='bbox 924 541 1373 599; x_wconf 87' lang='lat' dir='ltr'><strong>manct:corpus</strong></span> <span class='ocrx_word' id='word_1_22' title='bbox 1416 527 1560 583; x_wconf 85' lang='lat' dir='ltr'><strong>enim</strong></span> <span class='ocrx_word' id='word_1_23' title='bbox 1606 536 1688 583; x_wconf 90' lang='lat' dir='ltr'><strong>est</strong></span> <span class='ocrx_word' id='word_1_24' title='bbox 1733 527 1916 594; x_wconf 53' lang='lat' dir='ltr'><strong>subjev</strong></span> 
     </span>
    </p>
   </div>
   <div class='ocr_carea' id='block_1_5' title="bbox 339 618 1916 691">
    <p class='ocr_par' dir='ltr' id='par_1_5' title="bbox 339 618 1916 691">
     <span class='ocr_line' id='line_1_5' title="bbox 339 618 1916 691; baseline -0.01 -3"><span class='ocrx_word' id='word_1_25' title='bbox 339 645 482 690; x_wconf 87' lang='lat' dir='ltr'><strong>ctum</strong></span> <span class='ocrx_word' id='word_1_26' title='bbox 516 632 776 687; x_wconf 87' lang='lat' dir='ltr'><strong>indueus:</strong></span> <span class='ocrx_word' id='word_1_27' title='bbox 807 627 1101 683; x_wconf 77' lang='lat' dir='ltr'><strong>mortalitas</strong></span> <span class='ocrx_word' id='word_1_28' title='bbox 1129 634 1306 679; x_wconf 87' lang='lat' dir='ltr'><strong>autem</strong></span> <span class='ocrx_word' id='word_1_29' title='bbox 1338 631 1390 677; x_wconf 91' lang='lat' dir='ltr'><strong>et</strong></span> <span class='ocrx_word' id='word_1_30' title='bbox 1412 621 1683 691; x_wconf 80' lang='lat' dir='ltr'><strong>corruptio</strong></span> <span class='ocrx_word' id='word_1_31' title='bbox 1708 618 1916 673; x_wconf 88' lang='lat' dir='ltr'><strong>deletur</strong></span> 
     </span>
    </p>
   </div>
   <div class='ocr_carea' id='block_1_6' title="bbox 340 709 1918 788">
    <p class='ocr_par' dir='ltr' id='par_1_6' title="bbox 340 709 1918 788">
     <span class='ocr_line' id='line_1_6' title="bbox 340 709 1918 788; baseline -0.011 -9"><span class='ocrx_word' id='word_1_32' title='bbox 340 735 391 779; x_wconf 88' lang='lat' dir='ltr'><strong>et</strong></span> <span class='ocrx_word' id='word_1_33' title='bbox 446 720 735 786; x_wconf 76' lang='lat' dir='ltr'><strong>evanescit,</strong></span> <span class='ocrx_word' id='word_1_34' title='bbox 782 719 847 773; x_wconf 90' lang='lat' dir='ltr'><strong>ad</strong></span> <span class='ocrx_word' id='word_1_35' title='bbox 890 718 1064 788; x_wconf 90' lang='lat' dir='ltr'><strong>ipsum</strong></span> <span class='ocrx_word' id='word_1_36' title='bbox 1107 713 1397 769; x_wconf 87' lang='lat' dir='ltr'><strong>accedente</strong></span> <span class='ocrx_word' id='word_1_37' title='bbox 1437 709 1835 765; x_wconf 76' lang='lat' dir='ltr'><strong>inmortalitate</strong></span> <span class='ocrx_word' id='word_1_38' title='bbox 1863 716 1918 762; x_wconf 89' lang='lat' dir='ltr'><strong>et</strong></span> 
     </span>
    </p>
   </div>
   <div class='ocr_carea' id='block_1_7' title="bbox 339 800 1916 885">
    <p class='ocr_par' dir='ltr' id='par_1_7' title="bbox 339 800 1916 885">
     <span class='ocr_line' id='line_1_7' title="bbox 339 800 1916 885; baseline -0.011 -14"><span class='ocrx_word' id='word_1_39' title='bbox 339 815 754 885; x_wconf 85' lang='lat' dir='ltr'><strong>incorruptione.</strong></span> <span class='ocrx_word' id='word_1_40' title='bbox 784 812 902 867; x_wconf 86' lang='lat' dir='ltr'><strong>Noli</strong></span> <span class='ocrx_word' id='word_1_41' title='bbox 945 825 1073 881; x_wconf 77' lang='lat' dir='ltr'><strong>ergo</strong></span> <span class='ocrx_word' id='word_1_42' title='bbox 1099 809 1353 877; x_wconf 86' lang='lat' dir='ltr'><strong>deinceps</strong></span> <span class='ocrx_word' id='word_1_43' title='bbox 1380 805 1623 860; x_wconf 87' lang='lat' dir='ltr'><strong>dubitare</strong></span> <span class='ocrx_word' id='word_1_44' title='bbox 1649 800 1916 871; x_wconf 86' lang='lat' dir='ltr'><strong>quomodo</strong></span> 
     </span>
    </p>
   </div>
   <div class='ocr_carea' id='block_1_8' title="bbox 1365 230 2576 287">
    <p class='ocr_par' dir='ltr' id='par_1_8' title="bbox 1365 230 2576 287">
     <span class='ocr_line' id='line_1_8' title="bbox 1365 230 2576 287; baseline 0.001 -2"><span class='ocrx_word' id='word_1_45' title='bbox 1365 231 1429 285; x_wconf 66' lang='grc' dir='ltr'><strong>ΙΝ</strong></span> <span class='ocrx_word' id='word_1_46' title='bbox 1472 230 1687 285; x_wconf 77' lang='lat' dir='ltr'><strong>EPIST.</strong></span> <span class='ocrx_word' id='word_1_47' title='bbox 1730 231 1748 284; x_wconf 92' lang='grc' dir='ltr'><strong>Ι</strong></span> <span class='ocrx_word' id='word_1_48' title='bbox 1813 231 1904 286; x_wconf 82' lang='lat' dir='ltr'><strong>AD</strong></span> <span class='ocrx_word' id='word_1_49' title='bbox 1943 231 2097 287; x_wconf 75' lang='lat' dir='ltr'><strong>COR.</strong></span> <span class='ocrx_word' id='word_1_50' title='bbox 2143 230 2370 286; x_wconf 74' lang='lat' dir='ltr'><strong>liOMiL.</strong></span> <span class='ocrx_word' id='word_1_51' title='bbox 2415 230 2576 286; x_wconf 82' lang='lat' dir='ltr'><strong>XLII.</strong></span> 
     </span>
    </p>
   </div>
   <div class='ocr_carea' id='block_1_9' title="bbox 3500 236 3602 293">
    <p class='ocr_par' dir='ltr' id='par_1_9' title="bbox 3500 236 3602 293">
     <span class='ocr_line' id='line_1_9' title="bbox 3500 236 3602 293; baseline 0.039 -4"><span class='ocrx_word' id='word_1_52' title='bbox 3500 236 3602 293; x_wconf 78' lang='grc'><strong>386</strong></span> 
     </span>
    </p>
   </div>
   <div class='ocr_carea' id='block_1_10' title="bbox 2096 343 3605 416">
    <p class='ocr_par' dir='ltr' id='par_1_10' title="bbox 2096 343 3605 416">
     <span class='ocr_line' id='line_1_10' title="bbox 2096 343 3605 416; baseline 0.006 -21"><span class='ocrx_word' id='word_1_53' title='bbox 2096 345 2147 396; x_wconf 80' lang='lat'><strong>5.</strong></span> <span class='ocrx_word' id='word_1_54' title='bbox 2173 343 2303 398; x_wconf 81' lang='lat' dir='ltr'><strong>Nam</strong></span> <span class='ocrx_word' id='word_1_55' title='bbox 2333 354 2589 414; x_wconf 80' lang='lat' dir='ltr'><strong>tropteum</strong></span> <span class='ocrx_word' id='word_1_56' title='bbox 2615 345 2828 415; x_wconf 83' lang='lat' dir='ltr'><strong>quidem</strong></span> <span class='ocrx_word' id='word_1_57' title='bbox 2864 345 2977 416; x_wconf 86' lang='lat' dir='ltr'><strong>ipse</strong></span> <span class='ocrx_word' id='word_1_58' title='bbox 3003 346 3209 412; x_wconf 80' lang='lat' dir='ltr'><strong>erexit,</strong></span> <span class='ocrx_word' id='word_1_59' title='bbox 3242 348 3458 402; x_wconf 77' lang='lat' dir='ltr'><strong>coronis</strong></span> <span class='ocrx_word' id='word_1_60' title='bbox 3503 364 3605 404; x_wconf 81' lang='lat' dir='ltr'><strong>au-</strong></span> 
     </span>
    </p>
   </div>
   <div class='ocr_carea' id='block_1_11' title="bbox 2026 437 3603 508">
    <p class='ocr_par' dir='ltr' id='par_1_11' title="bbox 2026 437 3603 508">
     <span class='ocr_line' id='line_1_11' title="bbox 2026 437 3603 508; baseline 0.006 -21"><span class='ocrx_word' id='word_1_61' title='bbox 2026 444 2128 487; x_wconf 71' lang='lat' dir='ltr'><strong>tt-m</strong></span> <span class='ocrx_word' id='word_1_62' title='bbox 2170 452 2268 490; x_wconf 89' lang='lat' dir='ltr'><strong>nos</strong></span> <span class='ocrx_word' id='word_1_63' title='bbox 2298 452 2509 507; x_wconf 88' lang='lat' dir='ltr'><strong>quoque</strong></span> <span class='ocrx_word' id='word_1_64' title='bbox 2535 437 2638 491; x_wconf 89' lang='lat' dir='ltr'><strong>frui</strong></span> <span class='ocrx_word' id='word_1_65' title='bbox 2662 440 2905 504; x_wconf 92' lang='lat' dir='ltr'><strong>curavit,</strong></span> <span class='ocrx_word' id='word_1_66' title='bbox 2938 439 3096 508; x_wconf 91' lang='lat' dir='ltr'><strong>idque</strong></span> <span class='ocrx_word' id='word_1_67' title='bbox 3125 455 3228 493; x_wconf 90' lang='lat' dir='ltr'><strong>nou</strong></span> <span class='ocrx_word' id='word_1_68' title='bbox 3264 453 3330 494; x_wconf 76' lang='lat' dir='ltr'><strong>ex</strong></span> <span class='ocrx_word' id='word_1_69' title='bbox 3383 440 3564 496; x_wconf 82' lang='lat' dir='ltr'><strong>debito</strong></span> <span class='ocrx_word' id='word_1_70' title='bbox 3586 482 3603 506; x_wconf 90' lang='lat'><strong>,</strong></span> 
     </span>
    </p>
   </div>
   <div class='ocr_carea' id='block_1_12' title="bbox 2023 526 3606 601">
    <p class='ocr_par' dir='ltr' id='par_1_12' title="bbox 2023 526 3606 601">
     <span class='ocr_line' id='line_1_12' title="bbox 2023 526 3606 601; baseline 0.006 -22"><span class='ocrx_word' id='word_1_71' title='bbox 2023 526 2116 579; x_wconf 89' lang='lat' dir='ltr'><strong>sed</strong></span> <span class='ocrx_word' id='word_1_72' title='bbox 2145 526 2256 581; x_wconf 88' lang='lat' dir='ltr'><strong>sola</strong></span> <span class='ocrx_word' id='word_1_73' title='bbox 2279 544 2375 582; x_wconf 89' lang='lat' dir='ltr'><strong>sua</strong></span> <span class='ocrx_word' id='word_1_74' title='bbox 2403 529 2750 599; x_wconf 89' lang='lat' dir='ltr'><strong>benignitate.</strong></span> <span class='ocrx_word' id='word_1_75' title='bbox 2907 531 3114 601; x_wconf 85' lang='lat' dir='ltr'><strong>Itaque,</strong></span> <span class='ocrx_word' id='word_1_76' title='bbox 3146 532 3367 601; x_wconf 76' lang='lat' dir='ltr'><strong>fratres,-</strong></span> <span class='ocrx_word' id='word_1_77' title='bbox 3405 533 3606 588; x_wconf 75' lang='lat' dir='ltr'><strong>stabiles</strong></span> 
     </span>
    </p>
   </div>
   <div class='ocr_carea' id='block_1_13' title="bbox 2023 620 3607 693">
    <p class='ocr_par' dir='ltr' id='par_1_13' title="bbox 2023 620 3607 693">
     <span class='ocr_line' id='line_1_13' title="bbox 2023 620 3607 693; baseline 0.008 -24"><span class='ocrx_word' id='word_1_78' title='bbox 2023 627 2178 670; x_wconf 75' lang='lat' dir='ltr'><strong>estote</strong></span> <span class='ocrx_word' id='word_1_79' title='bbox 2196 629 2243 672; x_wconf 89' lang='lat' dir='ltr'><strong>et</strong></span> <span class='ocrx_word' id='word_1_80' title='bbox 2267 620 2564 675; x_wconf 74' lang='lat' dir='ltr'><strong>immobiles.</strong></span> <span class='ocrx_word' id='word_1_81' title='bbox 2598 623 2746 677; x_wconf 82' lang='lat' dir='ltr'><strong>Jusla</strong></span> <span class='ocrx_word' id='word_1_82' title='bbox 2764 623 2872 692; x_wconf 86' lang='lat' dir='ltr'><strong>jam</strong></span> <span class='ocrx_word' id='word_1_83' title='bbox 2902 633 2983 679; x_wconf 86' lang='lat' dir='ltr'><strong>est</strong></span> <span class='ocrx_word' id='word_1_84' title='bbox 3009 633 3064 678; x_wconf 85' lang='lat' dir='ltr'><strong>et</strong></span> <span class='ocrx_word' id='word_1_85' title='bbox 3089 635 3387 693; x_wconf 87' lang='lat' dir='ltr'><strong>opportuna</strong></span> <span class='ocrx_word' id='word_1_86' title='bbox 3417 626 3607 680; x_wconf 82' lang='lat' dir='ltr'><strong>adhor-</strong></span> 
     </span>
    </p>
   </div>
   <div class='ocr_carea' id='block_1_14' title="bbox 2023 711 3602 787">
    <p class='ocr_par' dir='ltr' id='par_1_14' title="bbox 2023 711 3602 787">
     <span class='ocr_line' id='line_1_14' title="bbox 2023 711 3602 787; baseline 0.006 -24"><span class='ocrx_word' id='word_1_87' title='bbox 2023 713 2169 764; x_wconf 88' lang='lat' dir='ltr'><strong>tatio.</strong></span> <span class='ocrx_word' id='word_1_88' title='bbox 2205 711 2341 764; x_wconf 84' lang='lat' dir='ltr'><strong>Nihil</strong></span> <span class='ocrx_word' id='word_1_89' title='bbox 2371 714 2514 766; x_wconf 85' lang='lat' dir='ltr'><strong>cuitu</strong></span> <span class='ocrx_word' id='word_1_90' title='bbox 2541 714 2675 768; x_wconf 55' lang='lat' dir='ltr'><strong>adeo</strong></span> <span class='ocrx_word' id='word_1_91' title='bbox 2722 716 3004 770; x_wconf 76' lang='lat' dir='ltr'><strong>labefactat</strong></span> <span class='ocrx_word' id='word_1_92' title='bbox 3044 716 3275 787; x_wconf 82' lang='lat' dir='ltr'><strong>facitque</strong></span> <span class='ocrx_word' id='word_1_93' title='bbox 3314 718 3602 784; x_wconf 82' lang='lat' dir='ltr'><strong>vacillare,</strong></span> 
     </span>
    </p>
   </div>
   <div class='ocr_carea' id='block_1_15' title="bbox 2021 802 3599 876">
    <p class='ocr_par' dir='ltr' id='par_1_15' title="bbox 2021 802 3599 876">
     <span class='ocr_line' id='line_1_15' title="bbox 2021 802 3599 876; baseline 0.008 -26"><span class='ocrx_word' id='word_1_94' title='bbox 2021 808 2180 868; x_wconf 84' lang='lat' dir='ltr'><strong>atque</strong></span> <span class='ocrx_word' id='word_1_95' title='bbox 2226 802 2536 858; x_wconf 81' lang='lat' dir='ltr'><strong>existimare</strong></span> <span class='ocrx_word' id='word_1_96' title='bbox 2582 818 2640 859; x_wconf 92' lang='lat' dir='ltr'><strong>se</strong></span> <span class='ocrx_word' id='word_1_97' title='bbox 2690 814 2893 860; x_wconf 87' lang='lat' dir='ltr'><strong>temere</strong></span> <span class='ocrx_word' id='word_1_98' title='bbox 2934 805 3094 876; x_wconf 85' lang='lat' dir='ltr'><strong>afﬂigi</strong></span> <span class='ocrx_word' id='word_1_99' title='bbox 3144 818 3198 862; x_wconf 88' lang='lat' dir='ltr'><strong>et</strong></span> <span class='ocrx_word' id='word_1_100' title='bbox 3242 808 3359 863; x_wconf 89' lang='lat' dir='ltr'><strong>sine</strong></span> <span class='ocrx_word' id='word_1_101' title='bbox 3414 823 3599 862; x_wconf 79' lang='lat' dir='ltr'><strong>causa.</strong></span> 
     </span>
    </p>
   </div>
   <div class='ocr_carea' id='block_1_16' title="bbox 337 890 3633 993">
    <p class='ocr_par' dir='ltr' id='par_1_16' title="bbox 337 890 3633 993">
     <span class='ocr_line' id='line_1_16' title="bbox 337 890 3633 993; baseline -0.002 -33"><span class='ocrx_word' id='word_1_102' title='bbox 337 909 496 961; x_wconf 86' lang='lat' dir='ltr'><strong>vitam</strong></span> <span class='ocrx_word' id='word_1_103' title='bbox 525 906 665 960; x_wconf 89' lang='lat' dir='ltr'><strong>vivet</strong></span> <span class='ocrx_word' id='word_1_104' title='bbox 698 903 959 958; x_wconf 85' lang='lat' dir='ltr'><strong>inﬁnitam</strong></span> <span class='ocrx_word' id='word_1_105' title='bbox 980 942 997 968; x_wconf 93' lang='lat'><strong>,</strong></span> <span class='ocrx_word' id='word_1_106' title='bbox 1031 915 1152 956; x_wconf 90' lang='lat' dir='ltr'><strong>cum</strong></span> <span class='ocrx_word' id='word_1_107' title='bbox 1186 897 1422 954; x_wconf 90' lang='lat' dir='ltr'><strong>audieris</strong></span> <span class='ocrx_word' id='word_1_108' title='bbox 1453 895 1594 966; x_wconf 88' lang='lat' dir='ltr'><strong>quod</strong></span> <span class='ocrx_word' id='word_1_109' title='bbox 1622 894 1714 947; x_wconf 88' lang='lat' dir='ltr'><strong>ﬁat</strong></span> <span class='ocrx_word' id='word_1_110' title='bbox 1738 894 1916 947; x_wconf 88' lang='lat' dir='ltr'><strong>incor-</strong></span> <span class='ocrx_word' id='word_1_111' title='bbox 1936 925 1976 993; x_wconf 36' lang='grc' dir='ltr'>,ς</span> <span class='ocrx_word' id='word_1_112' title='bbox 2029 890 2346 993; x_wconf 60' lang='lat' dir='ltr'><strong>denudantes</strong></span> <span class='ocrx_word' id='word_1_113' title='bbox 2371 892 2431 993; x_wconf 69' lang='lat' dir='ltr'><strong>in</strong></span> <span class='ocrx_word' id='word_1_114' title='bbox 2454 909 2604 964; x_wconf 86' lang='lat' dir='ltr'><strong>apere</strong></span> <span class='ocrx_word' id='word_1_115' title='bbox 2629 894 2829 949; x_wconf 79' lang='lat' dir='ltr'><strong>Domini</strong></span> <span class='ocrx_word' id='word_1_116' title='bbox 2854 913 3093 966; x_wconf 77' lang='lat' dir='ltr'><strong>semper;</strong></span> <span class='ocrx_word' id='word_1_117' title='bbox 3139 898 3240 954; x_wconf 88' lang='lat' dir='ltr'><strong>hoc</strong></span> <span class='ocrx_word' id='word_1_118' title='bbox 3261 908 3344 953; x_wconf 90' lang='lat' dir='ltr'><strong>est</strong></span> <span class='ocrx_word' id='word_1_119' title='bbox 3367 940 3382 965; x_wconf 93' lang='lat'><strong>,</strong></span> <span class='ocrx_word' id='word_1_120' title='bbox 3414 898 3465 953; x_wconf 88' lang='lat' dir='ltr'><strong>in</strong></span> <span class='ocrx_word' id='word_1_121' title='bbox 3496 902 3633 955; x_wconf 85' lang='lat' dir='ltr'><strong>vita&#39;</strong></span> 
     </span>
    </p>
   </div>
   <div class='ocr_carea' id='block_1_17' title="bbox 338 986 1918 1068">
    <p class='ocr_par' dir='ltr' id='par_1_17' title="bbox 338 986 1918 1068">
     <span class='ocr_line' id='line_1_17' title="bbox 338 986 1918 1068; baseline -0.011 -16"><span class='ocrx_word' id='word_1_122' title='bbox 338 999 586 1068; x_wconf 83' lang='lat' dir='ltr'><strong>tuptihile</strong></span> <span class='ocrx_word' id='word_1_123' title='bbox 612 1005 668 1052; x_wconf 87' lang='lat' dir='ltr'><strong>et</strong></span> <span class='ocrx_word' id='word_1_124' title='bbox 707 994 943 1053; x_wconf 87' lang='lat' dir='ltr'><strong>interitui</strong></span> <span class='ocrx_word' id='word_1_125' title='bbox 970 1009 1077 1048; x_wconf 90' lang='lat' dir='ltr'><strong>non</strong></span> <span class='ocrx_word' id='word_1_126' title='bbox 1116 992 1428 1047; x_wconf 80' lang='lat' dir='ltr'><strong>obnoxium.</strong></span> <span class='ocrx_word' id='word_1_127' title='bbox 1470 989 1558 1044; x_wconf 69' lang='lat'><strong>54.</strong></span> <span class='ocrx_word' id='word_1_128' title='bbox 1600 986 1726 1042; x_wconf 86' lang='lat' dir='ltr'><strong>Cum</strong></span> <span class='ocrx_word' id='word_1_129' title='bbox 1750 993 1918 1039; x_wconf 87' lang='lat' dir='ltr'><strong>autem</strong></span> 
     </span>
    </p>
   </div>
   <div class='ocr_carea' id='block_1_18' title="bbox 335 1076 1917 1158">
    <p class='ocr_par' dir='ltr' id='par_1_18' title="bbox 335 1076 1917 1158">
     <span class='ocr_line' id='line_1_18' title="bbox 335 1076 1917 1158; baseline -0.009 -14"><span class='ocrx_word' id='word_1_130' title='bbox 335 1089 662 1158; x_wconf 81' lang='lat' dir='ltr'><strong>eorruptibile</strong></span> <span class='ocrx_word' id='word_1_131' title='bbox 698 1088 791 1146; x_wconf 86' lang='lat' dir='ltr'><strong>hoc</strong></span> <span class='ocrx_word' id='word_1_132' title='bbox 836 1086 1056 1139; x_wconf 90' lang='lat' dir='ltr'><strong>induerit</strong></span> <span class='ocrx_word' id='word_1_133' title='bbox 1097 1082 1558 1150; x_wconf 79' lang='lat' dir='ltr'><strong>incorruptionem,</strong></span> <span class='ocrx_word' id='word_1_134' title='bbox 1609 1088 1656 1133; x_wconf 92' lang='lat' dir='ltr'><strong>et</strong></span> <span class='ocrx_word' id='word_1_135' title='bbox 1702 1076 1917 1129; x_wconf 82' lang='lat' dir='ltr'><strong>mortale</strong></span> 
     </span>
    </p>
   </div>
   <div class='ocr_carea' id='block_1_19' title="bbox 338 1168 1916 1242">
    <p class='ocr_par' dir='ltr' id='par_1_19' title="bbox 338 1168 1916 1242">
     <span class='ocr_line' id='line_1_19' title="bbox 338 1168 1916 1242; baseline -0.008 -8"><span class='ocrx_word' id='word_1_136' title='bbox 338 1184 429 1233; x_wconf 87' lang='lat' dir='ltr'><strong>hoc</strong></span> <span class='ocrx_word' id='word_1_137' title='bbox 449 1168 677 1234; x_wconf 83' lang='lat' dir='ltr'><strong>induerit</strong></span> <span class='ocrx_word' id='word_1_138' title='bbox 695 1177 1146 1238; x_wconf 84' lang='lat' dir='ltr'><strong>immortalitatem,</strong></span> <span class='ocrx_word' id='word_1_139' title='bbox 1164 1184 1280 1227; x_wconf 89' lang='lat' dir='ltr'><strong>tunc</strong></span> <span class='ocrx_word' id='word_1_140' title='bbox 1298 1175 1384 1242; x_wconf 87' lang='lat' dir='ltr'><strong>[iet</strong></span> <span class='ocrx_word' id='word_1_141' title='bbox 1408 1186 1570 1225; x_wconf 73' lang='lat' dir='ltr'><strong>sermo</strong></span> <span class='ocrx_word' id='word_1_142' title='bbox 1590 1169 1677 1239; x_wconf 85' lang='lat' dir='ltr'><strong>qui</strong></span> <span class='ocrx_word' id='word_1_143' title='bbox 1696 1168 1916 1237; x_wconf 76' lang='lat' dir='ltr'><strong>scriptus</strong></span> 
     </span>
    </p>
   </div>
   <div class='ocr_carea' id='block_1_20' title="bbox 335 1263 1913 1340">
    <p class='ocr_par' dir='ltr' id='par_1_20' title="bbox 335 1263 1913 1340">
     <span class='ocr_line' id='line_1_20' title="bbox 335 1263 1913 1340; baseline -0.007 -15"><span class='ocrx_word' id='word_1_144' title='bbox 335 1281 426 1334; x_wconf 75' lang='lat' dir='ltr'><strong>est,</strong></span> <span class='ocrx_word' id='word_1_145' title='bbox 446 1271 699 1340; x_wconf 78' lang='lat' dir='ltr'><strong>Absorpta</strong></span> <span class='ocrx_word' id='word_1_146' title='bbox 728 1279 801 1324; x_wconf 74' lang='lat' dir='ltr'><strong>est</strong></span> <span class='ocrx_word' id='word_1_147' title='bbox 824 1285 960 1323; x_wconf 78' lang='lat' dir='ltr'><strong>mors</strong></span> <span class='ocrx_word' id='word_1_148' title='bbox 980 1268 1033 1321; x_wconf 91' lang='lat' dir='ltr'><strong>in</strong></span> <span class='ocrx_word' id='word_1_149' title='bbox 1060 1268 1284 1321; x_wconf 79' lang='lat' dir='ltr'><strong>uictoria.</strong></span> <span class='ocrx_word' id='word_1_150' title='bbox 1304 1265 1435 1319; x_wconf 88' lang='lat' dir='ltr'><strong>Nam</strong></span> <span class='ocrx_word' id='word_1_151' title='bbox 1452 1263 1701 1333; x_wconf 89' lang='lat' dir='ltr'><strong>quoniam</strong></span> <span class='ocrx_word' id='word_1_152' title='bbox 1725 1276 1913 1329; x_wconf 75' lang='lat' dir='ltr'><strong>magna</strong></span> 
     </span>
    </p>
   </div>
   <div class='ocr_carea' id='block_1_21' title="bbox 334 1351 1916 1428">
    <p class='ocr_par' dir='ltr' id='par_1_21' title="bbox 334 1351 1916 1428">
     <span class='ocr_line' id='line_1_21' title="bbox 334 1351 1916 1428; baseline -0.006 -11"><span class='ocrx_word' id='word_1_153' title='bbox 334 1363 467 1417; x_wconf 80' lang='lat' dir='ltr'><strong>dixit</strong></span> <span class='ocrx_word' id='word_1_154' title='bbox 491 1372 547 1417; x_wconf 87' lang='lat' dir='ltr'><strong>et</strong></span> <span class='ocrx_word' id='word_1_155' title='bbox 574 1376 770 1415; x_wconf 86' lang='lat' dir='ltr'><strong>arcana</strong></span> <span class='ocrx_word' id='word_1_156' title='bbox 791 1402 806 1425; x_wconf 91' lang='lat'><strong>,</strong></span> <span class='ocrx_word' id='word_1_157' title='bbox 840 1375 1023 1414; x_wconf 84' lang='lat' dir='ltr'><strong>rursus</strong></span> <span class='ocrx_word' id='word_1_158' title='bbox 1060 1357 1111 1412; x_wconf 88' lang='lat' dir='ltr'><strong>id</strong></span> <span class='ocrx_word' id='word_1_159' title='bbox 1133 1357 1274 1428; x_wconf 89' lang='lat' dir='ltr'><strong>quod</strong></span> <span class='ocrx_word' id='word_1_160' title='bbox 1300 1356 1431 1410; x_wconf 88' lang='lat' dir='ltr'><strong>dicit</strong></span> <span class='ocrx_word' id='word_1_161' title='bbox 1455 1352 1711 1409; x_wconf 87' lang='lat' dir='ltr'><strong>credibile</strong></span> <span class='ocrx_word' id='word_1_162' title='bbox 1735 1360 1789 1407; x_wconf 89' lang='lat' dir='ltr'><strong>et</strong></span> <span class='ocrx_word' id='word_1_163' title='bbox 1812 1351 1916 1407; x_wconf 87' lang='lat' dir='ltr'><strong>ﬁde</strong></span> 
     </span>
    </p>
   </div>
   <div class='ocr_carea' id='block_1_22' title="bbox 334 1444 1916 1524">
    <p class='ocr_par' dir='ltr' id='par_1_22' title="bbox 334 1444 1916 1524">
     <span class='ocr_line' id='line_1_22' title="bbox 334 1444 1916 1524; baseline -0.007 -16"><span class='ocrx_word' id='word_1_164' title='bbox 334 1456 552 1524; x_wconf 84' lang='lat' dir='ltr'><strong>dignum</strong></span> <span class='ocrx_word' id='word_1_165' title='bbox 575 1453 700 1507; x_wconf 89' lang='lat' dir='ltr'><strong>facit</strong></span> <span class='ocrx_word' id='word_1_166' title='bbox 717 1468 780 1506; x_wconf 76' lang='lat' dir='ltr'><strong>ex</strong></span> <span class='ocrx_word' id='word_1_167' title='bbox 806 1449 1078 1521; x_wconf 83' lang='lat' dir='ltr'><strong>prepltetia</strong></span> <span class='ocrx_word' id='word_1_168' title='bbox 1095 1466 1108 1501; x_wconf 89' lang='lat'><strong>:</strong></span> <span class='ocrx_word' id='word_1_169' title='bbox 1125 1448 1375 1519; x_wconf 78' lang='lat' dir='ltr'><strong>Absorpta</strong></span> <span class='ocrx_word' id='word_1_170' title='bbox 1394 1456 1488 1512; x_wconf 75' lang='lat' dir='ltr'><strong>est,</strong></span> <span class='ocrx_word' id='word_1_171' title='bbox 1505 1445 1693 1514; x_wconf 90' lang='lat' dir='ltr'><strong>inquit,</strong></span> <span class='ocrx_word' id='word_1_172' title='bbox 1708 1459 1842 1496; x_wconf 68' lang='lat' dir='ltr'><strong>more</strong></span> <span class='ocrx_word' id='word_1_173' title='bbox 1861 1444 1916 1497; x_wconf 87' lang='lat' dir='ltr'><strong>in</strong></span> 
     </span>
    </p>
   </div>
   <div class='ocr_carea' id='block_1_23' title="bbox 332 1535 1913 1610">
    <p class='ocr_par' dir='ltr' id='par_1_23' title="bbox 332 1535 1913 1610">
     <span class='ocr_line' id='line_1_23' title="bbox 332 1535 1913 1610; baseline -0.008 -11"><span class='ocrx_word' id='word_1_174' title='bbox 332 1547 562 1599; x_wconf 79' lang='lat' dir='ltr'><strong>victoria.</strong></span> <span class='ocrx_word' id='word_1_175' title='bbox 589 1543 699 1598; x_wconf 88' lang='lat' dir='ltr'><strong>lloc</strong></span> <span class='ocrx_word' id='word_1_176' title='bbox 722 1550 822 1610; x_wconf 87' lang='lat' dir='ltr'><strong>est,</strong></span> <span class='ocrx_word' id='word_1_177' title='bbox 848 1541 900 1597; x_wconf 91' lang='lat' dir='ltr'><strong>in</strong></span> <span class='ocrx_word' id='word_1_178' title='bbox 928 1541 1114 1607; x_wconf 84' lang='lat' dir='ltr'><strong>linem;</strong></span> <span class='ocrx_word' id='word_1_179' title='bbox 1138 1555 1205 1594; x_wconf 90' lang='lat' dir='ltr'><strong>ne</strong></span> <span class='ocrx_word' id='word_1_180' title='bbox 1239 1535 1701 1607; x_wconf 84' lang='lat' dir='ltr'><strong>mancutquidem,</strong></span> <span class='ocrx_word' id='word_1_181' title='bbox 1723 1535 1913 1605; x_wconf 83' lang='lat' dir='ltr'><strong>inquit,</strong></span> 
     </span>
    </p>
   </div>
   <div class='ocr_carea' id='block_1_24' title="bbox 333 1626 1910 1707">
    <p class='ocr_par' dir='ltr' id='par_1_24' title="bbox 333 1626 1910 1707">
     <span class='ocr_line' id='line_1_24' title="bbox 333 1626 1910 1707; baseline -0.01 -14"><span class='ocrx_word' id='word_1_182' title='bbox 333 1638 452 1707; x_wconf 86' lang='lat' dir='ltr'><strong>ejus</strong></span> <span class='ocrx_word' id='word_1_183' title='bbox 506 1635 747 1704; x_wconf 71' lang='lat' dir='ltr'><strong>reliquiae</strong></span> <span class='ocrx_word' id='word_1_184' title='bbox 773 1674 789 1698; x_wconf 89' lang='lat'><strong>,</strong></span> <span class='ocrx_word' id='word_1_185' title='bbox 821 1648 993 1701; x_wconf 88' lang='lat' dir='ltr'><strong>neque</strong></span> <span class='ocrx_word' id='word_1_186' title='bbox 1039 1647 1160 1700; x_wconf 85' lang='lat' dir='ltr'><strong>spes</strong></span> <span class='ocrx_word' id='word_1_187' title='bbox 1207 1640 1289 1684; x_wconf 90' lang='lat' dir='ltr'><strong>est</strong></span> <span class='ocrx_word' id='word_1_188' title='bbox 1316 1628 1540 1690; x_wconf 89' lang='lat' dir='ltr'><strong>reditus,</strong></span> <span class='ocrx_word' id='word_1_189' title='bbox 1585 1642 1704 1680; x_wconf 90' lang='lat' dir='ltr'><strong>cum</strong></span> <span class='ocrx_word' id='word_1_190' title='bbox 1737 1626 1910 1678; x_wconf 88' lang='lat' dir='ltr'><strong>incor-</strong></span> 
     </span>
    </p>
   </div>
   <div class='ocr_carea' id='block_1_25' title="bbox 333 1714 1910 1798">
    <p class='ocr_par' dir='ltr' id='par_1_25' title="bbox 333 1714 1910 1798">
     <span class='ocr_line' id='line_1_25' title="bbox 333 1714 1910 1798; baseline -0.01 -15"><span class='ocrx_word' id='word_1_191' title='bbox 333 1729 514 1798; x_wconf 86' lang='lat' dir='ltr'><strong>ruptio</strong></span> <span class='ocrx_word' id='word_1_192' title='bbox 552 1714 942 1796; x_wconf 76' lang='lat' dir='ltr'><strong>consumpserit</strong></span> <span class='ocrx_word' id='word_1_193' title='bbox 974 1722 1368 1791; x_wconf 86' lang='lat' dir='ltr'><strong>corruptionem</strong></span> <span class='ocrx_word' id='word_1_194' title='bbox 1408 1730 1462 1775; x_wconf 88' lang='lat' dir='ltr'><strong>et</strong></span> <span class='ocrx_word' id='word_1_195' title='bbox 1490 1719 1781 1774; x_wconf 89' lang='lat' dir='ltr'><strong>interitum.</strong></span> <span class='ocrx_word' id='word_1_196' title='bbox 1822 1716 1910 1771; x_wconf 80' lang='grc'><strong>55.</strong></span> 
     </span>
    </p>
   </div>
   <div class='ocr_carea' id='block_1_26' title="bbox 340 1807 1915 1884">
    <p class='ocr_par' dir='ltr' id='par_1_26' title="bbox 340 1807 1915 1884">
     <span class='ocr_line' id='line_1_26' title="bbox 340 1807 1915 1884; baseline -0.009 -9"><span class='ocrx_word' id='word_1_197' title='bbox 340 1820 438 1875; x_wconf 85' lang='lat' dir='ltr'><strong>Ubi</strong></span> <span class='ocrx_word' id='word_1_198' title='bbox 473 1829 568 1884; x_wconf 78' lang='lat' dir='ltr'><strong>est,</strong></span> <span class='ocrx_word' id='word_1_199' title='bbox 604 1834 758 1880; x_wconf 77' lang='lat' dir='ltr'><strong>mors,</strong></span> <span class='ocrx_word' id='word_1_200' title='bbox 791 1816 997 1870; x_wconf 81' lang='lat' dir='ltr'><strong>victoria</strong></span> <span class='ocrx_word' id='word_1_201' title='bbox 1036 1823 1124 1868; x_wconf 90' lang='lat' dir='ltr'><strong>tua</strong></span> <span class='ocrx_word' id='word_1_202' title='bbox 1153 1816 1177 1868; x_wconf 85' lang='lat'><strong><em>?</em></strong></span> <span class='ocrx_word' id='word_1_203' title='bbox 1205 1812 1291 1867; x_wconf 89' lang='lat' dir='ltr'><strong>ubi</strong></span> <span class='ocrx_word' id='word_1_204' title='bbox 1318 1822 1410 1878; x_wconf 79' lang='lat' dir='ltr'><strong>est,</strong></span> <span class='ocrx_word' id='word_1_205' title='bbox 1438 1812 1653 1883; x_wconf 75' lang='lat' dir='ltr'><strong>inferne,</strong></span> <span class='ocrx_word' id='word_1_206' title='bbox 1682 1807 1915 1863; x_wconf 74' lang='lat' dir='ltr'><strong>stimulus</strong></span> 
     </span>
    </p>
   </div>
   <div class='ocr_carea' id='block_1_27' title="bbox 335 1900 1911 1976">
    <p class='ocr_par' dir='ltr' id='par_1_27' title="bbox 335 1900 1911 1976">
     <span class='ocr_line' id='line_1_27' title="bbox 335 1900 1911 1976; baseline -0.008 -11"><span class='ocrx_word' id='word_1_207' title='bbox 335 1922 452 1965; x_wconf 78' lang='lat' dir='ltr'><strong>tuus</strong></span> <span class='ocrx_word' id='word_1_208' title='bbox 481 1910 507 1963; x_wconf 61' lang='grc' dir='ltr'><em>ἵ</em></span> <span class='ocrx_word' id='word_1_209' title='bbox 543 1909 729 1963; x_wconf 67' lang='lat' dir='ltr'><strong>Vidisti</strong></span> <span class='ocrx_word' id='word_1_210' title='bbox 777 1909 965 1962; x_wconf 87' lang='lat' dir='ltr'><strong>fortem</strong></span> <span class='ocrx_word' id='word_1_211' title='bbox 1014 1916 1071 1961; x_wconf 91' lang='lat' dir='ltr'><strong>et</strong></span> <span class='ocrx_word' id='word_1_212' title='bbox 1110 1920 1426 1976; x_wconf 76' lang='lat' dir='ltr'><strong>generosam</strong></span> <span class='ocrx_word' id='word_1_213' title='bbox 1471 1903 1701 1956; x_wconf 89' lang='lat' dir='ltr'><strong>animam</strong></span> <span class='ocrx_word' id='word_1_214' title='bbox 1733 1900 1911 1954; x_wconf 78' lang='lat' dir='ltr'><strong>&#39;tNam</strong></span> 
     </span>
    </p>
   </div>
   <div class='ocr_carea' id='block_1_28' title="bbox 334 1992 1913 2067">
    <p class='ocr_par' dir='ltr' id='par_1_28' title="bbox 334 1992 1913 2067">
     <span class='ocr_line' id='line_1_28' title="bbox 334 1992 1913 2067; baseline -0.006 -11"><span class='ocrx_word' id='word_1_215' title='bbox 334 2012 605 2067; x_wconf 86' lang='lat' dir='ltr'><strong>tamquam</strong></span> <span class='ocrx_word' id='word_1_216' title='bbox 645 2015 741 2067; x_wconf 85' lang='lat' dir='ltr'><strong>pro</strong></span> <span class='ocrx_word' id='word_1_217' title='bbox 771 1998 990 2051; x_wconf 85' lang='lat' dir='ltr'><strong>victoria</strong></span> <span class='ocrx_word' id='word_1_218' title='bbox 1020 1996 1347 2059; x_wconf 79' lang='lat' dir='ltr'><strong>sacrificans,</strong></span> <span class='ocrx_word' id='word_1_219' title='bbox 1382 2002 1437 2048; x_wconf 88' lang='lat' dir='ltr'><strong>ct</strong></span> <span class='ocrx_word' id='word_1_220' title='bbox 1467 1995 1574 2047; x_wconf 88' lang='lat' dir='ltr'><strong>Deo</strong></span> <span class='ocrx_word' id='word_1_221' title='bbox 1597 1992 1825 2058; x_wconf 90' lang='lat' dir='ltr'><strong>afllatus,</strong></span> <span class='ocrx_word' id='word_1_222' title='bbox 1856 2000 1913 2046; x_wconf 90' lang='lat' dir='ltr'><strong>et</strong></span> 
     </span>
    </p>
   </div>
   <div class='ocr_carea' id='block_1_29' title="bbox 333 2086 1912 2161">
    <p class='ocr_par' dir='ltr' id='par_1_29' title="bbox 333 2086 1912 2161">
     <span class='ocr_line' id='line_1_29' title="bbox 333 2086 1912 2161; baseline -0.006 -15"><span class='ocrx_word' id='word_1_223' title='bbox 333 2094 508 2147; x_wconf 84' lang='lat' dir='ltr'><strong>futura</strong></span> <span class='ocrx_word' id='word_1_224' title='bbox 536 2090 723 2146; x_wconf 90' lang='lat' dir='ltr'><strong>videns</strong></span> <span class='ocrx_word' id='word_1_225' title='bbox 752 2089 900 2161; x_wconf 89' lang='lat' dir='ltr'><strong>quasi</strong></span> <span class='ocrx_word' id='word_1_226' title='bbox 922 2089 1032 2159; x_wconf 88' lang='lat' dir='ltr'><strong>jam</strong></span> <span class='ocrx_word' id='word_1_227' title='bbox 1062 2089 1219 2154; x_wconf 87' lang='lat' dir='ltr'><strong>facta,</strong></span> <span class='ocrx_word' id='word_1_228' title='bbox 1256 2087 1422 2141; x_wconf 77' lang='lat' dir='ltr'><strong>insilit</strong></span> <span class='ocrx_word' id='word_1_229' title='bbox 1446 2097 1500 2141; x_wconf 91' lang='lat' dir='ltr'><strong>et</strong></span> <span class='ocrx_word' id='word_1_230' title='bbox 1520 2087 1719 2155; x_wconf 78' lang='lat' dir='ltr'><strong>jacenti</strong></span> <span class='ocrx_word' id='word_1_231' title='bbox 1750 2086 1912 2138; x_wconf 87' lang='lat' dir='ltr'><strong>morti</strong></span> 
     </span>
    </p>
   </div>
   <div class='ocr_carea' id='block_1_30' title="bbox 330 2178 1912 2251">
    <p class='ocr_par' dir='ltr' id='par_1_30' title="bbox 330 2178 1912 2251">
     <span class='ocr_line' id='line_1_30' title="bbox 330 2178 1912 2251; baseline -0.004 -14"><span class='ocrx_word' id='word_1_232' title='bbox 330 2184 573 2248; x_wconf 84' lang='lat' dir='ltr'><strong>insultat,</strong></span> <span class='ocrx_word' id='word_1_233' title='bbox 600 2195 653 2237; x_wconf 89' lang='lat' dir='ltr'><strong>et</strong></span> <span class='ocrx_word' id='word_1_234' title='bbox 686 2183 737 2236; x_wconf 93' lang='lat' dir='ltr'><strong>in</strong></span> <span class='ocrx_word' id='word_1_235' title='bbox 761 2191 918 2251; x_wconf 89' lang='lat' dir='ltr'><strong>caput</strong></span> <span class='ocrx_word' id='word_1_236' title='bbox 943 2182 1059 2251; x_wconf 86' lang='lat' dir='ltr'><strong>ejus</strong></span> <span class='ocrx_word' id='word_1_237' title='bbox 1075 2183 1263 2250; x_wconf 89' lang='lat' dir='ltr'><strong>jacens</strong></span> <span class='ocrx_word' id='word_1_238' title='bbox 1287 2180 1355 2234; x_wconf 92' lang='lat' dir='ltr'><strong>de</strong></span> <span class='ocrx_word' id='word_1_239' title='bbox 1390 2180 1608 2233; x_wconf 87' lang='lat' dir='ltr'><strong>victoria</strong></span> <span class='ocrx_word' id='word_1_240' title='bbox 1636 2178 1912 2233; x_wconf 77' lang='lat' dir='ltr'><strong>exsultan-</strong></span> 
     </span>
    </p>
   </div>
   <div class='ocr_carea' id='block_1_31' title="bbox 328 2268 1909 2339">
    <p class='ocr_par' dir='ltr' id='par_1_31' title="bbox 328 2268 1909 2339">
     <span class='ocr_line' id='line_1_31' title="bbox 328 2268 1909 2339; baseline -0.005 -11"><span class='ocrx_word' id='word_1_241' title='bbox 328 2286 440 2331; x_wconf 88' lang='lat' dir='ltr'><strong>tem</strong></span> <span class='ocrx_word' id='word_1_242' title='bbox 484 2274 681 2329; x_wconf 87' lang='lat' dir='ltr'><strong>etnittit</strong></span> <span class='ocrx_word' id='word_1_243' title='bbox 710 2289 914 2339; x_wconf 88' lang='lat' dir='ltr'><strong>vocem,</strong></span> <span class='ocrx_word' id='word_1_244' title='bbox 938 2273 1174 2326; x_wconf 86' lang='lat' dir='ltr'><strong>clamans</strong></span> <span class='ocrx_word' id='word_1_245' title='bbox 1202 2279 1255 2326; x_wconf 88' lang='lat' dir='ltr'><strong>et</strong></span> <span class='ocrx_word' id='word_1_246' title='bbox 1281 2270 1487 2335; x_wconf 88' lang='lat' dir='ltr'><strong>dicens,</strong></span> <span class='ocrx_word' id='word_1_247' title='bbox 1515 2268 1613 2323; x_wconf 82' lang='lat' dir='ltr'><strong>Ubi</strong></span> <span class='ocrx_word' id='word_1_248' title='bbox 1631 2279 1724 2334; x_wconf 80' lang='lat' dir='ltr'><strong>est,</strong></span> <span class='ocrx_word' id='word_1_249' title='bbox 1753 2284 1909 2333; x_wconf 73' lang='lat' dir='ltr'><strong>more,</strong></span> 
     </span>
    </p>
   </div>
   <div class='ocr_carea' id='block_1_32' title="bbox 326 2359 1915 2432">
    <p class='ocr_par' dir='ltr' id='par_1_32' title="bbox 326 2359 1915 2432">
     <span class='ocr_line' id='line_1_32' title="bbox 326 2359 1915 2432; baseline -0.004 -12"><span class='ocrx_word' id='word_1_250' title='bbox 326 2367 566 2421; x_wconf 80' lang='lat' dir='ltr'><strong>stimulus</strong></span> <span class='ocrx_word' id='word_1_251' title='bbox 595 2365 754 2420; x_wconf 76' lang='lat' dir='ltr'><strong>tuus?</strong></span> <span class='ocrx_word' id='word_1_252' title='bbox 780 2365 864 2419; x_wconf 84' lang='lat' dir='ltr'><strong>ubi</strong></span> <span class='ocrx_word' id='word_1_253' title='bbox 907 2374 979 2418; x_wconf 74' lang='lat' dir='ltr'><strong>est</strong></span> <span class='ocrx_word' id='word_1_254' title='bbox 1006 2364 1219 2418; x_wconf 70' lang='lat' dir='ltr'><strong>victoria</strong></span> <span class='ocrx_word' id='word_1_255' title='bbox 1259 2373 1366 2427; x_wconf 87' lang='lat' dir='ltr'><strong>tua,</strong></span> <span class='ocrx_word' id='word_1_256' title='bbox 1405 2363 1604 2432; x_wconf 85' lang='lat' dir='ltr'><strong>inferne</strong></span> <span class='ocrx_word' id='word_1_257' title='bbox 1623 2361 1649 2415; x_wconf 87' lang='lat'><strong>?</strong></span> <span class='ocrx_word' id='word_1_258' title='bbox 1678 2359 1836 2415; x_wconf 72' lang='lat' dir='ltr'><strong>l‘eriit</strong></span> <span class='ocrx_word' id='word_1_259' title='bbox 1858 2367 1915 2413; x_wconf 87' lang='lat' dir='ltr'><strong>et</strong></span> 
     </span>
    </p>
   </div>
   <div class='ocr_carea' id='block_1_33' title="bbox 327 2451 1913 2529">
    <p class='ocr_par' dir='ltr' id='par_1_33' title="bbox 327 2451 1913 2529">
     <span class='ocr_line' id='line_1_33' title="bbox 327 2451 1913 2529; baseline -0.005 -16"><span class='ocrx_word' id='word_1_260' title='bbox 327 2459 541 2529; x_wconf 83' lang='lat' dir='ltr'><strong>penitus</strong></span> <span class='ocrx_word' id='word_1_261' title='bbox 584 2458 834 2522; x_wconf 87' lang='lat' dir='ltr'><strong>evanuit,</strong></span> <span class='ocrx_word' id='word_1_262' title='bbox 862 2467 917 2512; x_wconf 88' lang='lat' dir='ltr'><strong>et</strong></span> <span class='ocrx_word' id='word_1_263' title='bbox 957 2467 1159 2510; x_wconf 87' lang='lat' dir='ltr'><strong>temere</strong></span> <span class='ocrx_word' id='word_1_264' title='bbox 1202 2455 1374 2509; x_wconf 68' lang='lat' dir='ltr'><strong>fecisti</strong></span> <span class='ocrx_word' id='word_1_265' title='bbox 1423 2454 1511 2507; x_wconf 92' lang='lat' dir='ltr'><strong>illa</strong></span> <span class='ocrx_word' id='word_1_266' title='bbox 1553 2453 1753 2505; x_wconf 89' lang='lat' dir='ltr'><strong>omnia.</strong></span> <span class='ocrx_word' id='word_1_267' title='bbox 1798 2451 1913 2505; x_wconf 85' lang='lat' dir='ltr'><strong>Non</strong></span> 
     </span>
    </p>
   </div>
   <div class='ocr_carea' id='block_1_34' title="bbox 325 2543 1912 2610">
    <p class='ocr_par' dir='ltr' id='par_1_34' title="bbox 325 2543 1912 2610">
     <span class='ocr_line' id='line_1_34' title="bbox 325 2543 1912 2610; baseline -0.006 -6"><span class='ocrx_word' id='word_1_268' title='bbox 325 2551 503 2604; x_wconf 90' lang='lat' dir='ltr'><strong>solum</strong></span> <span class='ocrx_word' id='word_1_269' title='bbox 532 2549 672 2603; x_wconf 89' lang='lat' dir='ltr'><strong>enim</strong></span> <span class='ocrx_word' id='word_1_270' title='bbox 697 2563 814 2602; x_wconf 89' lang='lat' dir='ltr'><strong>eam</strong></span> <span class='ocrx_word' id='word_1_271' title='bbox 845 2549 1006 2601; x_wconf 85' lang='lat' dir='ltr'><strong>armis</strong></span> <span class='ocrx_word' id='word_1_272' title='bbox 1036 2546 1181 2600; x_wconf 76' lang='lat' dir='ltr'><strong>exuit</strong></span> <span class='ocrx_word' id='word_1_273' title='bbox 1207 2554 1261 2599; x_wconf 92' lang='lat' dir='ltr'><strong>et</strong></span> <span class='ocrx_word' id='word_1_274' title='bbox 1288 2545 1454 2607; x_wconf 84' lang='lat' dir='ltr'><strong>vicit,</strong></span> <span class='ocrx_word' id='word_1_275' title='bbox 1486 2543 1580 2598; x_wconf 77' lang='lat' dir='ltr'><strong>scd</strong></span> <span class='ocrx_word' id='word_1_276' title='bbox 1610 2544 1768 2597; x_wconf 83' lang='lat' dir='ltr'><strong>etiam</strong></span> <span class='ocrx_word' id='word_1_277' title='bbox 1793 2557 1912 2610; x_wconf 88' lang='lat' dir='ltr'><strong>per-</strong></span> 
     </span>
    </p>
   </div>
   <div class='ocr_carea' id='block_1_35' title="bbox 325 2632 1908 2708">
    <p class='ocr_par' dir='ltr' id='par_1_35' title="bbox 325 2632 1908 2708">
     <span class='ocr_line' id='line_1_35' title="bbox 325 2632 1908 2708; baseline -0.005 -12"><span class='ocrx_word' id='word_1_278' title='bbox 325 2641 461 2697; x_wconf 87' lang='lat' dir='ltr'><strong>didit</strong></span> <span class='ocrx_word' id='word_1_279' title='bbox 485 2681 502 2704; x_wconf 91' lang='lat'><strong>,</strong></span> <span class='ocrx_word' id='word_1_280' title='bbox 530 2650 584 2695; x_wconf 87' lang='lat' dir='ltr'><strong>et</strong></span> <span class='ocrx_word' id='word_1_281' title='bbox 609 2655 676 2695; x_wconf 90' lang='lat' dir='ltr'><strong>eo</strong></span> <span class='ocrx_word' id='word_1_282' title='bbox 714 2638 920 2708; x_wconf 77' lang='lat' dir='ltr'><strong>redegit</strong></span> <span class='ocrx_word' id='word_1_283' title='bbox 959 2646 1016 2692; x_wconf 91' lang='lat' dir='ltr'><strong>ul.</strong></span> <span class='ocrx_word' id='word_1_284' title='bbox 1044 2652 1110 2692; x_wconf 87' lang='lat' dir='ltr'><strong>ne</strong></span> <span class='ocrx_word' id='word_1_285' title='bbox 1136 2646 1279 2691; x_wconf 83' lang='lat' dir='ltr'><strong>esset</strong></span> <span class='ocrx_word' id='word_1_286' title='bbox 1307 2635 1522 2705; x_wconf 84' lang='lat' dir='ltr'><strong>quidem</strong></span> <span class='ocrx_word' id='word_1_287' title='bbox 1556 2634 1788 2702; x_wconf 85' lang='lat' dir='ltr'><strong>penitus.</strong></span> <span class='ocrx_word' id='word_1_288' title='bbox 1816 2632 1908 2688; x_wconf 82' lang='grc'><strong>56.</strong></span> 
     </span>
    </p>
   </div>
   <div class='ocr_carea' id='block_1_36' title="bbox 326 2725 1909 2797">
    <p class='ocr_par' dir='ltr' id='par_1_36' title="bbox 326 2725 1909 2797">
     <span class='ocr_line' id='line_1_36' title="bbox 326 2725 1909 2797; baseline -0.008 -9"><span class='ocrx_word' id='word_1_289' title='bbox 326 2733 583 2788; x_wconf 66' lang='lat' dir='ltr'><strong>Stimula:</strong></span> <span class='ocrx_word' id='word_1_290' title='bbox 602 2740 770 2785; x_wconf 80' lang='lat' dir='ltr'><strong>autem</strong></span> <span class='ocrx_word' id='word_1_291' title='bbox 790 2729 963 2782; x_wconf 81' lang='lat' dir='ltr'><strong>mortis</strong></span> <span class='ocrx_word' id='word_1_292' title='bbox 984 2736 1241 2797; x_wconf 86' lang='lat' dir='ltr'><strong>peccatum</strong></span> <span class='ocrx_word' id='word_1_293' title='bbox 1257 2736 1328 2779; x_wconf 83' lang='lat' dir='ltr'><strong>est</strong></span> <span class='ocrx_word' id='word_1_294' title='bbox 1351 2741 1369 2780; x_wconf 92' lang='lat'><strong><em>:</em></strong></span> <span class='ocrx_word' id='word_1_295' title='bbox 1391 2725 1543 2778; x_wconf 73' lang='lat' dir='ltr'><strong>virtut</strong></span> <span class='ocrx_word' id='word_1_296' title='bbox 1565 2740 1678 2778; x_wconf 87' lang='lat' dir='ltr'><strong>vero</strong></span> <span class='ocrx_word' id='word_1_297' title='bbox 1701 2726 1909 2793; x_wconf 80' lang='lat' dir='ltr'><strong>peccati,</strong></span> 
     </span>
    </p>
   </div>
   <div class='ocr_carea' id='block_1_37' title="bbox 325 2815 1910 2890">
    <p class='ocr_par' dir='ltr' id='par_1_37' title="bbox 325 2815 1910 2890">
     <span class='ocr_line' id='line_1_37' title="bbox 325 2815 1910 2890; baseline -0.006 -12"><span class='ocrx_word' id='word_1_298' title='bbox 325 2826 425 2879; x_wconf 71' lang='lat' dir='ltr'><strong>(ex.</strong></span> <span class='ocrx_word' id='word_1_299' title='bbox 466 2822 656 2877; x_wconf 79' lang='lat' dir='ltr'><strong>Viden‘</strong></span> <span class='ocrx_word' id='word_1_300' title='bbox 685 2819 956 2890; x_wconf 90' lang='lat' dir='ltr'><strong>quomodo</strong></span> <span class='ocrx_word' id='word_1_301' title='bbox 999 2819 1244 2888; x_wconf 84' lang='lat' dir='ltr'><strong>loquatur</strong></span> <span class='ocrx_word' id='word_1_302' title='bbox 1278 2817 1346 2871; x_wconf 88' lang='lat' dir='ltr'><strong>de</strong></span> <span class='ocrx_word' id='word_1_303' title='bbox 1391 2826 1563 2870; x_wconf 88' lang='lat' dir='ltr'><strong>morte</strong></span> <span class='ocrx_word' id='word_1_304' title='bbox 1603 2815 1910 2884; x_wconf 82' lang='lat' dir='ltr'><strong>corporali?</strong></span> 
     </span>
    </p>
   </div>
   <div class='ocr_carea' id='block_1_38' title="bbox 326 2906 1911 2985">
    <p class='ocr_par' dir='ltr' id='par_1_38' title="bbox 326 2906 1911 2985">
     <span class='ocr_line' id='line_1_38' title="bbox 326 2906 1911 2985; baseline -0.007 -15"><span class='ocrx_word' id='word_1_305' title='bbox 326 2917 469 2985; x_wconf 83' lang='lat' dir='ltr'><strong>Ergo</strong></span> <span class='ocrx_word' id='word_1_306' title='bbox 507 2912 742 2982; x_wconf 81' lang='lat' dir='ltr'><strong>loquitur</strong></span> <span class='ocrx_word' id='word_1_307' title='bbox 765 2911 924 2965; x_wconf 90' lang='lat' dir='ltr'><strong>etiam</strong></span> <span class='ocrx_word' id='word_1_308' title='bbox 969 2910 1037 2963; x_wconf 88' lang='lat' dir='ltr'><strong>de</strong></span> <span class='ocrx_word' id='word_1_309' title='bbox 1062 2908 1451 2963; x_wconf 86' lang='lat' dir='ltr'><strong>resurrectione</strong></span> <span class='ocrx_word' id='word_1_310' title='bbox 1488 2907 1746 2976; x_wconf 88' lang='lat' dir='ltr'><strong>corporis.</strong></span> <span class='ocrx_word' id='word_1_311' title='bbox 1780 2906 1911 2960; x_wconf 89' lang='lat' dir='ltr'><strong>Nam</strong></span> 
     </span>
    </p>
   </div>
   <div class='ocr_carea' id='block_1_39' title="bbox 322 3000 1912 3073">
    <p class='ocr_par' dir='ltr' id='par_1_39' title="bbox 322 3000 1912 3073">
     <span class='ocr_line' id='line_1_39' title="bbox 322 3000 1912 3073; baseline -0.007 -10"><span class='ocrx_word' id='word_1_312' title='bbox 322 3011 367 3063; x_wconf 84' lang='lat' dir='ltr'><strong>si</strong></span> <span class='ocrx_word' id='word_1_313' title='bbox 396 3013 520 3062; x_wconf 67' lang='lat' dir='ltr'><strong>hate</strong></span> <span class='ocrx_word' id='word_1_314' title='bbox 547 3023 651 3060; x_wconf 90' lang='lat' dir='ltr'><strong>nou</strong></span> <span class='ocrx_word' id='word_1_315' title='bbox 694 3012 998 3073; x_wconf 84' lang='lat' dir='ltr'><strong>resurgunt,</strong></span> <span class='ocrx_word' id='word_1_316' title='bbox 1029 3001 1299 3072; x_wconf 89' lang='lat' dir='ltr'><strong>quomodo</strong></span> <span class='ocrx_word' id='word_1_317' title='bbox 1340 3010 1421 3055; x_wconf 84' lang='lat' dir='ltr'><strong>est</strong></span> <span class='ocrx_word' id='word_1_318' title='bbox 1452 3014 1596 3054; x_wconf 88' lang='lat' dir='ltr'><strong>mors</strong></span> <span class='ocrx_word' id='word_1_319' title='bbox 1623 3000 1912 3068; x_wconf 80' lang='lat' dir='ltr'><strong>absorpta?</strong></span> 
     </span>
    </p>
   </div>
   <div class='ocr_carea' id='block_1_40' title="bbox 323 3091 1914 3162">
    <p class='ocr_par' dir='ltr' id='par_1_40' title="bbox 323 3091 1914 3162">
     <span class='ocr_line' id='line_1_40' title="bbox 323 3091 1914 3162; baseline -0.006 -8"><span class='ocrx_word' id='word_1_320' title='bbox 323 3098 431 3154; x_wconf 83' lang='lat' dir='ltr'><strong>Nec</strong></span> <span class='ocrx_word' id='word_1_321' title='bbox 472 3098 581 3151; x_wconf 87' lang='lat' dir='ltr'><strong>hoc</strong></span> <span class='ocrx_word' id='word_1_322' title='bbox 609 3097 819 3158; x_wconf 88' lang='lat' dir='ltr'><strong>solum,</strong></span> <span class='ocrx_word' id='word_1_323' title='bbox 863 3094 956 3148; x_wconf 86' lang='lat' dir='ltr'><strong>sed</strong></span> <span class='ocrx_word' id='word_1_324' title='bbox 1000 3095 1158 3147; x_wconf 87' lang='lat' dir='ltr'><strong>etiam</strong></span> <span class='ocrx_word' id='word_1_325' title='bbox 1203 3091 1473 3162; x_wconf 90' lang='lat' dir='ltr'><strong>quomodo</strong></span> <span class='ocrx_word' id='word_1_326' title='bbox 1513 3092 1714 3160; x_wconf 86' lang='lat' dir='ltr'><strong>peccati</strong></span> <span class='ocrx_word' id='word_1_327' title='bbox 1746 3092 1914 3145; x_wconf 88' lang='lat' dir='ltr'><strong>virtus</strong></span> 
     </span>
    </p>
   </div>
   <div class='ocr_carea' id='block_1_41' title="bbox 322 3183 1915 3254">
    <p class='ocr_par' dir='ltr' id='par_1_41' title="bbox 322 3183 1915 3254">
     <span class='ocr_line' id='line_1_41' title="bbox 322 3183 1915 3254; baseline -0.005 -10"><span class='ocrx_word' id='word_1_328' title='bbox 322 3201 404 3245; x_wconf 85' lang='lat' dir='ltr'><strong>cst</strong></span> <span class='ocrx_word' id='word_1_329' title='bbox 440 3192 535 3245; x_wconf 82' lang='lat' dir='ltr'><strong>lex</strong></span> <span class='ocrx_word' id='word_1_330' title='bbox 565 3190 588 3242; x_wconf 86' lang='lat'><strong>?</strong></span> <span class='ocrx_word' id='word_1_331' title='bbox 616 3187 747 3240; x_wconf 88' lang='lat' dir='ltr'><strong>Nam</strong></span> <span class='ocrx_word' id='word_1_332' title='bbox 780 3185 920 3253; x_wconf 86' lang='lat' dir='ltr'><strong>quod</strong></span> <span class='ocrx_word' id='word_1_333' title='bbox 950 3194 1224 3254; x_wconf 86' lang='lat' dir='ltr'><strong>peccatum</strong></span> <span class='ocrx_word' id='word_1_334' title='bbox 1254 3187 1322 3237; x_wconf 86' lang='lat' dir='ltr'><strong>sit</strong></span> <span class='ocrx_word' id='word_1_335' title='bbox 1350 3184 1596 3237; x_wconf 89' lang='lat' dir='ltr'><strong>stimulus</strong></span> <span class='ocrx_word' id='word_1_336' title='bbox 1624 3183 1832 3242; x_wconf 87' lang='lat' dir='ltr'><strong>mortis.</strong></span> <span class='ocrx_word' id='word_1_337' title='bbox 1860 3192 1915 3237; x_wconf 89' lang='lat' dir='ltr'><strong>et</strong></span> 
     </span>
    </p>
   </div>
   <div class='ocr_carea' id='block_1_42' title="bbox 322 3276 1911 3351">
    <p class='ocr_par' dir='ltr' id='par_1_42' title="bbox 322 3276 1911 3351">
     <span class='ocr_line' id='line_1_42' title="bbox 322 3276 1911 3351; baseline -0.004 -15"><span class='ocrx_word' id='word_1_338' title='bbox 322 3282 409 3336; x_wconf 85' lang='lat' dir='ltr'><strong>illa</strong></span> <span class='ocrx_word' id='word_1_339' title='bbox 434 3280 679 3351; x_wconf 82' lang='lat' dir='ltr'><strong>gravius,</strong></span> <span class='ocrx_word' id='word_1_340' title='bbox 704 3289 757 3332; x_wconf 85' lang='lat' dir='ltr'><strong>et</strong></span> <span class='ocrx_word' id='word_1_341' title='bbox 779 3279 894 3332; x_wconf 84' lang='lat' dir='ltr'><strong>haec</strong></span> <span class='ocrx_word' id='word_1_342' title='bbox 919 3279 970 3331; x_wconf 91' lang='lat' dir='ltr'><strong>in</strong></span> <span class='ocrx_word' id='word_1_343' title='bbox 992 3278 1108 3347; x_wconf 88' lang='lat' dir='ltr'><strong>ipso</strong></span> <span class='ocrx_word' id='word_1_344' title='bbox 1135 3278 1237 3329; x_wconf 86' lang='lat' dir='ltr'><strong>vim</strong></span> <span class='ocrx_word' id='word_1_345' title='bbox 1263 3277 1471 3341; x_wconf 85' lang='lat' dir='ltr'><strong>haheat,</strong></span> <span class='ocrx_word' id='word_1_346' title='bbox 1492 3276 1541 3329; x_wconf 89' lang='lat' dir='ltr'><strong>id</strong></span> <span class='ocrx_word' id='word_1_347' title='bbox 1575 3277 1911 3331; x_wconf 74' lang='lat' dir='ltr'><strong>manufestum</strong></span> 
     </span>
    </p>
   </div>
   <div class='ocr_carea' id='block_1_43' title="bbox 322 3369 1914 3439">
    <p class='ocr_par' dir='ltr' id='par_1_43' title="bbox 322 3369 1914 3439">
     <span class='ocr_line' id='line_1_43' title="bbox 322 3369 1914 3439; baseline -0.004 -11"><span class='ocrx_word' id='word_1_348' title='bbox 322 3385 406 3430; x_wconf 87' lang='lat' dir='ltr'><strong>est</strong></span> <span class='ocrx_word' id='word_1_349' title='bbox 438 3392 452 3426; x_wconf 89' lang='lat'><strong>:</strong></span> <span class='ocrx_word' id='word_1_350' title='bbox 489 3371 760 3439; x_wconf 84' lang='lat' dir='ltr'><strong>quomodo</strong></span> <span class='ocrx_word' id='word_1_351' title='bbox 798 3381 973 3425; x_wconf 90' lang='lat' dir='ltr'><strong>autem</strong></span> <span class='ocrx_word' id='word_1_352' title='bbox 1022 3372 1138 3439; x_wconf 87' lang='lat' dir='ltr'><strong>ejus</strong></span> <span class='ocrx_word' id='word_1_353' title='bbox 1176 3384 1386 3438; x_wconf 81' lang='lat' dir='ltr'><strong>quoque</strong></span> <span class='ocrx_word' id='word_1_354' title='bbox 1434 3369 1603 3423; x_wconf 90' lang='lat' dir='ltr'><strong>virtus</strong></span> <span class='ocrx_word' id='word_1_355' title='bbox 1647 3382 1731 3423; x_wconf 87' lang='lat' dir='ltr'><strong>est</strong></span> <span class='ocrx_word' id='word_1_356' title='bbox 1773 3369 1856 3422; x_wconf 80' lang='lat' dir='ltr'><strong>lex</strong></span> <span class='ocrx_word' id='word_1_357' title='bbox 1891 3369 1914 3422; x_wconf 83' lang='lat'><strong>?</strong></span> 
     </span>
    </p>
   </div>
   <div class='ocr_carea' id='block_1_44' title="bbox 325 3460 1910 3531">
    <p class='ocr_par' dir='ltr' id='par_1_44' title="bbox 325 3460 1910 3531">
     <span class='ocr_line' id='line_1_44' title="bbox 325 3460 1910 3531; baseline -0.002 -14"><span class='ocrx_word' id='word_1_358' title='bbox 325 3463 601 3530; x_wconf 78' lang='lat' dir='ltr'><strong>Quoniam</strong></span> <span class='ocrx_word' id='word_1_359' title='bbox 626 3463 820 3531; x_wconf 87' lang='lat' dir='ltr'><strong>absque</strong></span> <span class='ocrx_word' id='word_1_360' title='bbox 850 3478 912 3515; x_wconf 87' lang='lat' dir='ltr'><strong>ea</strong></span> <span class='ocrx_word' id='word_1_361' title='bbox 953 3471 1069 3515; x_wconf 88' lang='lat' dir='ltr'><strong>erat</strong></span> <span class='ocrx_word' id='word_1_362' title='bbox 1101 3460 1446 3522; x_wconf 88' lang='lat' dir='ltr'><strong>imbecillum,</strong></span> <span class='ocrx_word' id='word_1_363' title='bbox 1480 3470 1536 3512; x_wconf 91' lang='lat' dir='ltr'><strong>ut</strong></span> <span class='ocrx_word' id='word_1_364' title='bbox 1576 3460 1716 3527; x_wconf 92' lang='lat' dir='ltr'><strong>quod</strong></span> <span class='ocrx_word' id='word_1_365' title='bbox 1759 3460 1910 3514; x_wconf 86' lang='lat' dir='ltr'><strong>ﬁeret</strong></span> 
     </span>
    </p>
   </div>
   <div class='ocr_carea' id='block_1_45' title="bbox 325 3546 1911 3623">
    <p class='ocr_par' dir='ltr' id='par_1_45' title="bbox 325 3546 1911 3623">
     <span class='ocr_line' id='line_1_45' title="bbox 325 3546 1911 3623; baseline -0.003 -15"><span class='ocrx_word' id='word_1_366' title='bbox 325 3555 579 3623; x_wconf 88' lang='lat' dir='ltr'><strong>quidem,</strong></span> <span class='ocrx_word' id='word_1_367' title='bbox 605 3568 709 3607; x_wconf 91' lang='lat' dir='ltr'><strong>non</strong></span> <span class='ocrx_word' id='word_1_368' title='bbox 746 3563 922 3622; x_wconf 85' lang='lat' dir='ltr'><strong>posset</strong></span> <span class='ocrx_word' id='word_1_369' title='bbox 945 3562 1121 3606; x_wconf 87' lang='lat' dir='ltr'><strong>autem</strong></span> <span class='ocrx_word' id='word_1_370' title='bbox 1150 3546 1367 3620; x_wconf 81' lang='lat' dir='ltr'><strong>perinde</strong></span> <span class='ocrx_word' id='word_1_371' title='bbox 1387 3550 1766 3604; x_wconf 81' lang='lat' dir='ltr'><strong>condemnare.</strong></span> <span class='ocrx_word' id='word_1_372' title='bbox 1782 3549 1911 3603; x_wconf 86' lang='lat' dir='ltr'><strong>Nam</strong></span> 
     </span>
    </p>
   </div>
   <div class='ocr_carea' id='block_1_46' title="bbox 325 3643 1911 3715">
    <p class='ocr_par' dir='ltr' id='par_1_46' title="bbox 325 3643 1911 3715">
     <span class='ocr_line' id='line_1_46' title="bbox 325 3643 1911 3715; baseline -0.004 -12"><span class='ocrx_word' id='word_1_373' title='bbox 325 3650 490 3703; x_wconf 88' lang='lat' dir='ltr'><strong>fiebat</strong></span> <span class='ocrx_word' id='word_1_374' title='bbox 522 3647 734 3715; x_wconf 88' lang='lat' dir='ltr'><strong>quidem</strong></span> <span class='ocrx_word' id='word_1_375' title='bbox 760 3646 976 3710; x_wconf 89' lang='lat' dir='ltr'><strong>malum,</strong></span> <span class='ocrx_word' id='word_1_376' title='bbox 1002 3661 1108 3699; x_wconf 88' lang='lat' dir='ltr'><strong>non</strong></span> <span class='ocrx_word' id='word_1_377' title='bbox 1135 3645 1202 3697; x_wconf 89' lang='lat' dir='ltr'><strong>ita</strong></span> <span class='ocrx_word' id='word_1_378' title='bbox 1231 3653 1404 3696; x_wconf 88' lang='lat' dir='ltr'><strong>autem</strong></span> <span class='ocrx_word' id='word_1_379' title='bbox 1429 3653 1613 3711; x_wconf 84' lang='lat' dir='ltr'><strong>aperte</strong></span> <span class='ocrx_word' id='word_1_380' title='bbox 1641 3643 1911 3697; x_wconf 85' lang='lat' dir='ltr'><strong>indicaba-</strong></span> 
     </span>
    </p>
   </div>
   <div class='ocr_carea' id='block_1_47' title="bbox 322 3732 1916 3805">
    <p class='ocr_par' dir='ltr' id='par_1_47' title="bbox 322 3732 1916 3805">
     <span class='ocr_line' id='line_1_47' title="bbox 322 3732 1916 3805; baseline -0.004 -12"><span class='ocrx_word' id='word_1_381' title='bbox 322 3749 431 3793; x_wconf 86' lang='lat' dir='ltr'><strong>tur.</strong></span> <span class='ocrx_word' id='word_1_382' title='bbox 449 3736 817 3805; x_wconf 86' lang='lat' dir='ltr'><strong>Quamobrem</strong></span> <span class='ocrx_word' id='word_1_383' title='bbox 838 3737 916 3790; x_wconf 80' lang='lat' dir='ltr'><strong>lex</strong></span> <span class='ocrx_word' id='word_1_384' title='bbox 932 3752 1035 3788; x_wconf 89' lang='lat' dir='ltr'><strong>non</strong></span> <span class='ocrx_word' id='word_1_385' title='bbox 1055 3750 1240 3802; x_wconf 81' lang='lat' dir='ltr'><strong>parum</strong></span> <span class='ocrx_word' id='word_1_386' title='bbox 1255 3733 1478 3787; x_wconf 88' lang='lat' dir='ltr'><strong>contulit</strong></span> <span class='ocrx_word' id='word_1_387' title='bbox 1514 3732 1577 3785; x_wconf 88' lang='lat' dir='ltr'><strong>ad</strong></span> <span class='ocrx_word' id='word_1_388' title='bbox 1596 3748 1916 3801; x_wconf 85' lang='lat' dir='ltr'><strong>cognoscen-</strong></span> 
     </span>
    </p>
   </div>
   <div class='ocr_carea' id='block_1_48' title="bbox 325 3823 1909 3899">
    <p class='ocr_par' dir='ltr' id='par_1_48' title="bbox 325 3823 1909 3899">
     <span class='ocr_line' id='line_1_48' title="bbox 325 3823 1909 3899; baseline -0.004 -16"><span class='ocrx_word' id='word_1_389' title='bbox 325 3832 453 3883; x_wconf 88' lang='lat' dir='ltr'><strong>dum</strong></span> <span class='ocrx_word' id='word_1_390' title='bbox 480 3839 760 3899; x_wconf 88' lang='lat' dir='ltr'><strong>peccatum</strong></span> <span class='ocrx_word' id='word_1_391' title='bbox 782 3867 798 3890; x_wconf 91' lang='lat'><strong>,</strong></span> <span class='ocrx_word' id='word_1_392' title='bbox 827 3826 933 3879; x_wconf 91' lang='lat' dir='ltr'><strong>imo</strong></span> <span class='ocrx_word' id='word_1_393' title='bbox 955 3841 1080 3879; x_wconf 87' lang='lat' dir='ltr'><strong>vero</strong></span> <span class='ocrx_word' id='word_1_394' title='bbox 1107 3825 1265 3881; x_wconf 84' lang='lat' dir='ltr'><strong>etiam</strong></span> <span class='ocrx_word' id='word_1_395' title='bbox 1288 3823 1354 3876; x_wconf 88' lang='lat' dir='ltr'><strong>ad</strong></span> <span class='ocrx_word' id='word_1_396' title='bbox 1384 3823 1682 3892; x_wconf 84' lang='lat' dir='ltr'><strong>augendum</strong></span> <span class='ocrx_word' id='word_1_397' title='bbox 1710 3824 1909 3892; x_wconf 87' lang='lat' dir='ltr'><strong>suppli-</strong></span> 
     </span>
    </p>
   </div>
   <div class='ocr_carea' id='block_1_49' title="bbox 324 3914 1914 3984">
    <p class='ocr_par' dir='ltr' id='par_1_49' title="bbox 324 3914 1914 3984">
     <span class='ocr_line' id='line_1_49' title="bbox 324 3914 1914 3984; baseline -0.003 -10"><span class='ocrx_word' id='word_1_398' title='bbox 324 3919 488 3974; x_wconf 90' lang='lat' dir='ltr'><strong>cium.</strong></span> <span class='ocrx_word' id='word_1_399' title='bbox 514 3918 573 3974; x_wconf 88' lang='lat' dir='ltr'><strong>Si</strong></span> <span class='ocrx_word' id='word_1_400' title='bbox 599 3926 777 3971; x_wconf 86' lang='lat' dir='ltr'><strong>autem</strong></span> <span class='ocrx_word' id='word_1_401' title='bbox 800 3917 924 3970; x_wconf 93' lang='lat' dir='ltr'><strong>dum</strong></span> <span class='ocrx_word' id='word_1_402' title='bbox 943 3916 1106 3970; x_wconf 86' lang='lat' dir='ltr'><strong>vellet</strong></span> <span class='ocrx_word' id='word_1_403' title='bbox 1134 3915 1441 3984; x_wconf 85' lang='lat' dir='ltr'><strong>prohibere,</strong></span> <span class='ocrx_word' id='word_1_404' title='bbox 1460 3914 1508 3968; x_wconf 87' lang='lat' dir='ltr'><strong>id</strong></span> <span class='ocrx_word' id='word_1_405' title='bbox 1538 3914 1772 3968; x_wconf 87' lang='lat' dir='ltr'><strong>reddidit</strong></span> <span class='ocrx_word' id='word_1_406' title='bbox 1792 3930 1914 3984; x_wconf 86' lang='lat' dir='ltr'><strong>gra-</strong></span> 
     </span>
    </p>
   </div>
   <div class='ocr_carea' id='block_1_50' title="bbox 326 4006 1911 4078">
    <p class='ocr_par' dir='ltr' id='par_1_50' title="bbox 326 4006 1911 4078">
     <span class='ocr_line' id='line_1_50' title="bbox 326 4006 1911 4078; baseline -0.002 -14"><span class='ocrx_word' id='word_1_407' title='bbox 326 4011 462 4077; x_wconf 90' lang='lat' dir='ltr'><strong>vius,</strong></span> <span class='ocrx_word' id='word_1_408' title='bbox 481 4026 592 4066; x_wconf 90' lang='lat' dir='ltr'><strong>non</strong></span> <span class='ocrx_word' id='word_1_409' title='bbox 608 4009 854 4078; x_wconf 84' lang='lat' dir='ltr'><strong>estculpa</strong></span> <span class='ocrx_word' id='word_1_410' title='bbox 874 4009 926 4062; x_wconf 93' lang='lat' dir='ltr'><strong>in</strong></span> <span class='ocrx_word' id='word_1_411' title='bbox 952 4007 1214 4062; x_wconf 88' lang='lat' dir='ltr'><strong>medicum</strong></span> <span class='ocrx_word' id='word_1_412' title='bbox 1234 4006 1578 4071; x_wconf 89' lang='lat' dir='ltr'><strong>conferenda,</strong></span> <span class='ocrx_word' id='word_1_413' title='bbox 1599 4006 1693 4061; x_wconf 90' lang='lat' dir='ltr'><strong>sed</strong></span> <span class='ocrx_word' id='word_1_414' title='bbox 1717 4007 1767 4060; x_wconf 92' lang='lat' dir='ltr'><strong>in</strong></span> <span class='ocrx_word' id='word_1_415' title='bbox 1787 4022 1911 4061; x_wconf 90' lang='lat' dir='ltr'><strong>eum</strong></span> 
     </span>
    </p>
   </div>
   <div class='ocr_carea' id='block_1_51' title="bbox 324 4097 1905 4175">
    <p class='ocr_par' dir='ltr' id='par_1_51' title="bbox 324 4097 1905 4175">
     <span class='ocr_line' id='line_1_51' title="bbox 324 4097 1905 4175; baseline -0.004 -16"><span class='ocrx_word' id='word_1_416' title='bbox 324 4104 412 4175; x_wconf 89' lang='lat' dir='ltr'><strong>qui</strong></span> <span class='ocrx_word' id='word_1_417' title='bbox 436 4104 576 4158; x_wconf 80' lang='lat' dir='ltr'><strong>male</strong></span> <span class='ocrx_word' id='word_1_418' title='bbox 606 4116 738 4158; x_wconf 88' lang='lat' dir='ltr'><strong>usus</strong></span> <span class='ocrx_word' id='word_1_419' title='bbox 766 4109 847 4154; x_wconf 90' lang='lat' dir='ltr'><strong>est</strong></span> <span class='ocrx_word' id='word_1_420' title='bbox 867 4098 1278 4154; x_wconf 87' lang='lat' dir='ltr'><strong>medicamento.</strong></span> <span class='ocrx_word' id='word_1_421' title='bbox 1309 4099 1437 4152; x_wconf 64' lang='lat' dir='ltr'><strong>Nam</strong></span> <span class='ocrx_word' id='word_1_422' title='bbox 1467 4097 1663 4152; x_wconf 84' lang='lat' dir='ltr'><strong>Christi</strong></span> <span class='ocrx_word' id='word_1_423' title='bbox 1691 4113 1905 4168; x_wconf 86' lang='lat' dir='ltr'><strong>quoque</strong></span> 
     </span>
    </p>
   </div>
   <div class='ocr_carea' id='block_1_52' title="bbox 325 4189 1910 4265">
    <p class='ocr_par' dir='ltr' id='par_1_52' title="bbox 325 4189 1910 4265">
     <span class='ocr_line' id='line_1_52' title="bbox 325 4189 1910 4265; baseline -0.006 -13"><span class='ocrx_word' id='word_1_424' title='bbox 325 4200 598 4255; x_wconf 86' lang='lat' dir='ltr'><strong>adventus</strong></span> <span class='ocrx_word' id='word_1_425' title='bbox 642 4194 821 4265; x_wconf 83' lang='lat' dir='ltr'><strong>gravis</strong></span> <span class='ocrx_word' id='word_1_426' title='bbox 859 4191 956 4246; x_wconf 89' lang='lat' dir='ltr'><strong>fuit</strong></span> <span class='ocrx_word' id='word_1_427' title='bbox 996 4206 1060 4245; x_wconf 89' lang='lat' dir='ltr'><strong>ac</strong></span> <span class='ocrx_word' id='word_1_428' title='bbox 1108 4190 1365 4245; x_wconf 82' lang='lat' dir='ltr'><strong>molestus</strong></span> <span class='ocrx_word' id='word_1_429' title='bbox 1399 4189 1635 4252; x_wconf 66' lang='lat' dir='ltr'><strong>Judmis;</strong></span> <span class='ocrx_word' id='word_1_430' title='bbox 1666 4190 1760 4245; x_wconf 86' lang='lat' dir='ltr'><strong>sed</strong></span> <span class='ocrx_word' id='word_1_431' title='bbox 1806 4207 1910 4245; x_wconf 89' lang='lat' dir='ltr'><strong>non</strong></span> 
     </span>
    </p>
   </div>
   <div class='ocr_carea' id='block_1_53' title="bbox 328 4281 1915 4354">
    <p class='ocr_par' dir='ltr' id='par_1_53' title="bbox 328 4281 1915 4354">
     <span class='ocr_line' id='line_1_53' title="bbox 328 4281 1915 4354; baseline -0.005 -12"><span class='ocrx_word' id='word_1_432' title='bbox 328 4291 451 4344; x_wconf 90' lang='lat' dir='ltr'><strong>ideo</strong></span> <span class='ocrx_word' id='word_1_433' title='bbox 478 4303 609 4343; x_wconf 91' lang='lat' dir='ltr'><strong>eum</strong></span> <span class='ocrx_word' id='word_1_434' title='bbox 639 4283 1075 4354; x_wconf 87' lang='lat' dir='ltr'><strong>vituperabimus,</strong></span> <span class='ocrx_word' id='word_1_435' title='bbox 1108 4282 1200 4335; x_wconf 89' lang='lat' dir='ltr'><strong>scd</strong></span> <span class='ocrx_word' id='word_1_436' title='bbox 1236 4296 1356 4336; x_wconf 89' lang='lat' dir='ltr'><strong>cum</strong></span> <span class='ocrx_word' id='word_1_437' title='bbox 1382 4281 1595 4348; x_wconf 85' lang='lat' dir='ltr'><strong>quidem</strong></span> <span class='ocrx_word' id='word_1_438' title='bbox 1626 4281 1784 4334; x_wconf 85' lang='lat' dir='ltr'><strong>etiam</strong></span> <span class='ocrx_word' id='word_1_439' title='bbox 1821 4282 1915 4334; x_wconf 80' lang='lat' dir='ltr'><strong>ad-</strong></span> 
     </span>
    </p>
   </div>
   <div class='ocr_carea' id='block_1_54' title="bbox 325 4372 1912 4444">
    <p class='ocr_par' dir='ltr' id='par_1_54' title="bbox 325 4372 1912 4444">
     <span class='ocr_line' id='line_1_54' title="bbox 325 4372 1912 4444; baseline -0.006 -8"><span class='ocrx_word' id='word_1_440' title='bbox 325 4382 667 4444; x_wconf 86' lang='lat' dir='ltr'><strong>mirabimur,</strong></span> <span class='ocrx_word' id='word_1_441' title='bbox 697 4376 813 4431; x_wconf 89' lang='lat' dir='ltr'><strong>illos</strong></span> <span class='ocrx_word' id='word_1_442' title='bbox 851 4383 1029 4430; x_wconf 87' lang='lat' dir='ltr'><strong>autem</strong></span> <span class='ocrx_word' id='word_1_443' title='bbox 1070 4373 1241 4442; x_wconf 87' lang='lat' dir='ltr'><strong>magis</strong></span> <span class='ocrx_word' id='word_1_444' title='bbox 1273 4373 1396 4426; x_wconf 88' lang='lat' dir='ltr'><strong>odio</strong></span> <span class='ocrx_word' id='word_1_445' title='bbox 1434 4372 1748 4426; x_wconf 85' lang='lat' dir='ltr'><strong>habebimus</strong></span> <span class='ocrx_word' id='word_1_446' title='bbox 1771 4413 1784 4435; x_wconf 95' lang='lat'><strong>,</strong></span> <span class='ocrx_word' id='word_1_447' title='bbox 1820 4375 1912 4443; x_wconf 89' lang='lat' dir='ltr'><strong>qui</strong></span> 
     </span>
    </p>
   </div>
   <div class='ocr_carea' id='block_1_55' title="bbox 328 4466 1913 4541">
    <p class='ocr_par' dir='ltr' id='par_1_55' title="bbox 328 4466 1913 4541">
     <span class='ocr_line' id='line_1_55' title="bbox 328 4466 1913 4541; baseline -0.006 -12"><span class='ocrx_word' id='word_1_448' title='bbox 328 4474 441 4528; x_wconf 74' lang='lat' dir='ltr'><strong>lmsi</strong></span> <span class='ocrx_word' id='word_1_449' title='bbox 485 4481 620 4529; x_wconf 88' lang='lat' dir='ltr'><strong>sunt</strong></span> <span class='ocrx_word' id='word_1_450' title='bbox 664 4486 758 4541; x_wconf 90' lang='lat' dir='ltr'><strong>per</strong></span> <span class='ocrx_word' id='word_1_451' title='bbox 795 4484 856 4525; x_wconf 88' lang='lat' dir='ltr'><strong>ea</strong></span> <span class='ocrx_word' id='word_1_452' title='bbox 887 4484 1005 4539; x_wconf 74' lang='lat' dir='ltr'><strong>qua:</strong></span> <span class='ocrx_word' id='word_1_453' title='bbox 1034 4467 1301 4522; x_wconf 88' lang='lat' dir='ltr'><strong>debebant</strong></span> <span class='ocrx_word' id='word_1_454' title='bbox 1345 4470 1422 4521; x_wconf 89' lang='lat' dir='ltr'><strong>eis</strong></span> <span class='ocrx_word' id='word_1_455' title='bbox 1457 4466 1731 4535; x_wconf 88' lang='lat' dir='ltr'><strong>prodesse.</strong></span> <span class='ocrx_word' id='word_1_456' title='bbox 1782 4466 1913 4521; x_wconf 88' lang='lat' dir='ltr'><strong>Nam</strong></span> 
     </span>
    </p>
   </div>
   <div class='ocr_carea' id='block_1_56' title="bbox 326 4557 1915 4633">
    <p class='ocr_par' dir='ltr' id='par_1_56' title="bbox 326 4557 1915 4633">
     <span class='ocr_line' id='line_1_56' title="bbox 326 4557 1915 4633; baseline -0.005 -15"><span class='ocrx_word' id='word_1_457' title='bbox 326 4563 470 4633; x_wconf 91' lang='lat' dir='ltr'><strong>quod</strong></span> <span class='ocrx_word' id='word_1_458' title='bbox 494 4563 616 4632; x_wconf 90' lang='lat' dir='ltr'><strong>ipsa</strong></span> <span class='ocrx_word' id='word_1_459' title='bbox 642 4560 724 4615; x_wconf 85' lang='lat' dir='ltr'><strong>lex</strong></span> <span class='ocrx_word' id='word_1_460' title='bbox 757 4559 863 4614; x_wconf 83' lang='lat' dir='ltr'><strong>vim</strong></span> <span class='ocrx_word' id='word_1_461' title='bbox 895 4574 998 4613; x_wconf 91' lang='lat' dir='ltr'><strong>non</strong></span> <span class='ocrx_word' id='word_1_462' title='bbox 1024 4557 1232 4613; x_wconf 79' lang='lat' dir='ltr'><strong>dederit</strong></span> <span class='ocrx_word' id='word_1_463' title='bbox 1264 4566 1514 4626; x_wconf 87' lang='lat' dir='ltr'><strong>peccato,</strong></span> <span class='ocrx_word' id='word_1_464' title='bbox 1545 4557 1793 4612; x_wconf 83' lang='lat' dir='ltr'><strong>Christus</strong></span> <span class='ocrx_word' id='word_1_465' title='bbox 1835 4557 1915 4627; x_wconf 91' lang='lat' dir='ltr'><strong>ip-</strong></span> 
     </span>
    </p>
   </div>
   <div class='ocr_carea' id='block_1_57' title="bbox 326 4652 1915 4723">
    <p class='ocr_par' dir='ltr' id='par_1_57' title="bbox 326 4652 1915 4723">
     <span class='ocr_line' id='line_1_57' title="bbox 326 4652 1915 4723; baseline -0.001 -14"><span class='ocrx_word' id='word_1_466' title='bbox 326 4672 439 4709; x_wconf 87' lang='lat' dir='ltr'><strong>sam</strong></span> <span class='ocrx_word' id='word_1_467' title='bbox 464 4664 638 4710; x_wconf 85' lang='lat' dir='ltr'><strong>lotam</strong></span> <span class='ocrx_word' id='word_1_468' title='bbox 662 4652 917 4723; x_wconf 88' lang='lat' dir='ltr'><strong>implevit,</strong></span> <span class='ocrx_word' id='word_1_469' title='bbox 942 4661 996 4707; x_wconf 87' lang='lat' dir='ltr'><strong>et</strong></span> <span class='ocrx_word' id='word_1_470' title='bbox 1014 4661 1126 4706; x_wconf 89' lang='lat' dir='ltr'><strong>erat</strong></span> <span class='ocrx_word' id='word_1_471' title='bbox 1148 4662 1296 4707; x_wconf 81' lang='lat' dir='ltr'><strong>extra</strong></span> <span class='ocrx_word' id='word_1_472' title='bbox 1324 4661 1617 4721; x_wconf 88' lang='lat' dir='ltr'><strong>peccatum.</strong></span> <span class='ocrx_word' id='word_1_473' title='bbox 1634 4652 1711 4707; x_wconf 89' lang='lat' dir='ltr'><strong>Tu</strong></span> <span class='ocrx_word' id='word_1_474' title='bbox 1737 4662 1915 4707; x_wconf 86' lang='lat' dir='ltr'><strong>autem</strong></span> 
     </span>
    </p>
   </div>
   <div class='ocr_carea' id='block_1_58' title="bbox 331 4740 1918 4814">
    <p class='ocr_par' dir='ltr' id='par_1_58' title="bbox 331 4740 1918 4814">
     <span class='ocr_line' id='line_1_58' title="bbox 331 4740 1918 4814; baseline -0.001 -15"><span class='ocrx_word' id='word_1_475' title='bbox 331 4746 459 4800; x_wconf 90' lang='lat' dir='ltr'><strong>mihi</strong></span> <span class='ocrx_word' id='word_1_476' title='bbox 487 4743 797 4808; x_wconf 88' lang='lat' dir='ltr'><strong>considera,</strong></span> <span class='ocrx_word' id='word_1_477' title='bbox 827 4740 1093 4812; x_wconf 75' lang='lat' dir='ltr'><strong>quombdo</strong></span> <span class='ocrx_word' id='word_1_478' title='bbox 1124 4742 1246 4797; x_wconf 90' lang='lat' dir='ltr'><strong>hinc</strong></span> <span class='ocrx_word' id='word_1_479' title='bbox 1265 4759 1477 4814; x_wconf 86' lang='lat' dir='ltr'><strong>quoque</strong></span> <span class='ocrx_word' id='word_1_480' title='bbox 1501 4745 1622 4798; x_wconf 86' lang='lat' dir='ltr'><strong>facit</strong></span> <span class='ocrx_word' id='word_1_481' title='bbox 1653 4743 1807 4798; x_wconf 88' lang='lat' dir='ltr'><strong>ﬁdem</strong></span> <span class='ocrx_word' id='word_1_482' title='bbox 1832 4761 1918 4798; x_wconf 89' lang='lat' dir='ltr'><strong>rc-</strong></span> 
     </span>
    </p>
   </div>
   <div class='ocr_carea' id='block_1_59' title="bbox 330 4834 1913 4904">
    <p class='ocr_par' dir='ltr' id='par_1_59' title="bbox 330 4834 1913 4904">
     <span class='ocr_line' id='line_1_59' title="bbox 330 4834 1913 4904; baseline -0.001 -13"><span class='ocrx_word' id='word_1_483' title='bbox 330 4836 683 4893; x_wconf 85' lang='lat' dir='ltr'><strong>surrectioni.</strong></span> <span class='ocrx_word' id='word_1_484' title='bbox 709 4834 839 4889; x_wconf 85' lang='lat' dir='ltr'><strong>Nam</strong></span> <span class='ocrx_word' id='word_1_485' title='bbox 868 4835 912 4889; x_wconf 91' lang='lat' dir='ltr'><strong>si</strong></span> <span class='ocrx_word' id='word_1_486' title='bbox 937 4835 1107 4904; x_wconf 87' lang='lat' dir='ltr'><strong>ipsum</strong></span> <span class='ocrx_word' id='word_1_487' title='bbox 1137 4850 1357 4904; x_wconf 85' lang='lat' dir='ltr'><strong>peccare</strong></span> <span class='ocrx_word' id='word_1_488' title='bbox 1382 4845 1493 4888; x_wconf 86' lang='lat' dir='ltr'><strong>erat</strong></span> <span class='ocrx_word' id='word_1_489' title='bbox 1521 4851 1676 4889; x_wconf 89' lang='lat' dir='ltr'><strong>causa</strong></span> <span class='ocrx_word' id='word_1_490' title='bbox 1707 4837 1913 4901; x_wconf 90' lang='lat' dir='ltr'><strong>mortis,</strong></span> 
     </span>
    </p>
   </div>
   <div class='ocr_carea' id='block_1_60' title="bbox 328 4927 1917 4997">
    <p class='ocr_par' dir='ltr' id='par_1_60' title="bbox 328 4927 1917 4997">
     <span class='ocr_line' id='line_1_60' title="bbox 328 4927 1917 4997; baseline 0 -14"><span class='ocrx_word' id='word_1_491' title='bbox 328 4927 579 4983; x_wconf 87' lang='lat' dir='ltr'><strong>Christus</strong></span> <span class='ocrx_word' id='word_1_492' title='bbox 605 4933 783 4981; x_wconf 88' lang='lat' dir='ltr'><strong>autem</strong></span> <span class='ocrx_word' id='word_1_493' title='bbox 813 4940 933 4979; x_wconf 81' lang='lat' dir='ltr'><strong>cum</strong></span> <span class='ocrx_word' id='word_1_494' title='bbox 963 4927 1195 4980; x_wconf 85' lang='lat' dir='ltr'><strong>venisset</strong></span> <span class='ocrx_word' id='word_1_495' title='bbox 1217 4927 1377 4981; x_wconf 89' lang='lat' dir='ltr'><strong>solvit</strong></span> <span class='ocrx_word' id='word_1_496' title='bbox 1404 4939 1702 4997; x_wconf 88' lang='lat' dir='ltr'><strong>peccatum,</strong></span> <span class='ocrx_word' id='word_1_497' title='bbox 1735 4937 1789 4983; x_wconf 87' lang='lat' dir='ltr'><strong>et</strong></span> <span class='ocrx_word' id='word_1_498' title='bbox 1820 4944 1917 4983; x_wconf 88' lang='lat' dir='ltr'><strong>nos</strong></span> 
     </span>
    </p>
   </div>
   <div class='ocr_carea' id='block_1_61' title="bbox 331 5018 1917 5090">
    <p class='ocr_par' dir='ltr' id='par_1_61' title="bbox 331 5018 1917 5090">
     <span class='ocr_line' id='line_1_61' title="bbox 331 5018 1917 5090; baseline 0.001 -17"><span class='ocrx_word' id='word_1_499' title='bbox 331 5021 399 5075; x_wconf 84' lang='lat' dir='ltr'><strong>ab</strong></span> <span class='ocrx_word' id='word_1_500' title='bbox 428 5019 550 5090; x_wconf 88' lang='lat' dir='ltr'><strong>ipso</strong></span> <span class='ocrx_word' id='word_1_501' title='bbox 591 5018 840 5073; x_wconf 89' lang='lat' dir='ltr'><strong>liberavit</strong></span> <span class='ocrx_word' id='word_1_502' title='bbox 868 5033 959 5086; x_wconf 89' lang='lat' dir='ltr'><strong>per</strong></span> <span class='ocrx_word' id='word_1_503' title='bbox 986 5018 1328 5086; x_wconf 81' lang='lat' dir='ltr'><strong>baptismum,</strong></span> <span class='ocrx_word' id='word_1_504' title='bbox 1359 5026 1412 5071; x_wconf 90' lang='lat' dir='ltr'><strong>et</strong></span> <span class='ocrx_word' id='word_1_505' title='bbox 1438 5031 1558 5071; x_wconf 86' lang='lat' dir='ltr'><strong>cum</strong></span> <span class='ocrx_word' id='word_1_506' title='bbox 1591 5030 1807 5086; x_wconf 79' lang='lat' dir='ltr'><strong>peccato</strong></span> <span class='ocrx_word' id='word_1_507' title='bbox 1830 5020 1917 5075; x_wconf 73' lang='lat' dir='ltr'><strong>le-</strong></span> 
     </span>
    </p>
   </div>
   <div class='ocr_carea' id='block_1_62' title="bbox 329 5109 1920 5182">
    <p class='ocr_par' dir='ltr' id='par_1_62' title="bbox 329 5109 1920 5182">
     <span class='ocr_line' id='line_1_62' title="bbox 329 5109 1920 5182; baseline 0.001 -17"><span class='ocrx_word' id='word_1_508' title='bbox 329 5128 451 5182; x_wconf 84' lang='lat' dir='ltr'><strong>gem</strong></span> <span class='ocrx_word' id='word_1_509' title='bbox 480 5126 702 5182; x_wconf 86' lang='lat' dir='ltr'><strong>quoque</strong></span> <span class='ocrx_word' id='word_1_510' title='bbox 740 5111 899 5167; x_wconf 90' lang='lat' dir='ltr'><strong>solvit</strong></span> <span class='ocrx_word' id='word_1_511' title='bbox 936 5126 998 5165; x_wconf 85' lang='lat' dir='ltr'><strong>ac</strong></span> <span class='ocrx_word' id='word_1_512' title='bbox 1035 5110 1225 5180; x_wconf 88' lang='lat' dir='ltr'><strong>fregit,</strong></span> <span class='ocrx_word' id='word_1_513' title='bbox 1267 5125 1386 5180; x_wconf 62' lang='lat' dir='ltr'><strong>qua:</strong></span> <span class='ocrx_word' id='word_1_514' title='bbox 1424 5109 1550 5164; x_wconf 88' lang='lat' dir='ltr'><strong>dum</strong></span> <span class='ocrx_word' id='word_1_515' title='bbox 1596 5111 1822 5166; x_wconf 87' lang='lat' dir='ltr'><strong>violatur</strong></span> <span class='ocrx_word' id='word_1_516' title='bbox 1857 5128 1920 5166; x_wconf 85' lang='lat' dir='ltr'><strong>ac</strong></span> 
     </span>
    </p>
   </div>
   <div class='ocr_carea' id='block_1_63' title="bbox 334 5201 1918 5271">
    <p class='ocr_par' dir='ltr' id='par_1_63' title="bbox 334 5201 1918 5271">
     <span class='ocr_line' id='line_1_63' title="bbox 334 5201 1918 5271; baseline -0.001 -12"><span class='ocrx_word' id='word_1_517' title='bbox 334 5204 641 5259; x_wconf 86' lang='lat' dir='ltr'><strong>transilitur</strong></span> <span class='ocrx_word' id='word_1_518' title='bbox 662 5243 678 5267; x_wconf 92' lang='lat'><strong>,</strong></span> <span class='ocrx_word' id='word_1_519' title='bbox 721 5203 892 5271; x_wconf 84' lang='lat' dir='ltr'><strong>ipsum</strong></span> <span class='ocrx_word' id='word_1_520' title='bbox 933 5203 1177 5258; x_wconf 84' lang='lat' dir='ltr'><strong>consistit</strong></span> <span class='ocrx_word' id='word_1_521' title='bbox 1204 5220 1216 5255; x_wconf 92' lang='lat'>:</span> <span class='ocrx_word' id='word_1_522' title='bbox 1245 5201 1373 5271; x_wconf 90' lang='lat' dir='ltr'><strong>quid</strong></span> <span class='ocrx_word' id='word_1_523' title='bbox 1415 5201 1588 5256; x_wconf 85' lang='lat' dir='ltr'><strong>adhuc</strong></span> <span class='ocrx_word' id='word_1_524' title='bbox 1614 5201 1825 5256; x_wconf 82' lang='lat' dir='ltr'><strong>dubitas</strong></span> <span class='ocrx_word' id='word_1_525' title='bbox 1852 5203 1918 5258; x_wconf 90' lang='lat' dir='ltr'><strong>de</strong></span> 
     </span>
    </p>
   </div>
   <div class='ocr_carea' id='block_1_64' title="bbox 335 5294 1919 5365">
    <p class='ocr_par' dir='ltr' id='par_1_64' title="bbox 335 5294 1919 5365">
     <span class='ocr_line' id='line_1_64' title="bbox 335 5294 1919 5365; baseline -0.004 -13"><span class='ocrx_word' id='word_1_526' title='bbox 335 5297 781 5353; x_wconf 86' lang='lat' dir='ltr'><strong>resurrectione?</strong></span> <span class='ocrx_word' id='word_1_527' title='bbox 808 5294 1078 5365; x_wconf 86' lang='lat' dir='ltr'><strong>quomodo</strong></span> <span class='ocrx_word' id='word_1_528' title='bbox 1107 5296 1248 5349; x_wconf 89' lang='lat' dir='ltr'><strong>enim</strong></span> <span class='ocrx_word' id='word_1_529' title='bbox 1282 5311 1427 5349; x_wconf 87' lang='lat' dir='ltr'><strong>mors</strong></span> <span class='ocrx_word' id='word_1_530' title='bbox 1454 5305 1638 5364; x_wconf 86' lang='lat' dir='ltr'><strong>postea</strong></span> <span class='ocrx_word' id='word_1_531' title='bbox 1670 5294 1919 5348; x_wconf 76' lang='lat' dir='ltr'><strong>domina-</strong></span> 
     </span>
    </p>
   </div>
   <div class='ocr_carea' id='block_1_65' title="bbox 338 5385 1919 5453">
    <p class='ocr_par' dir='ltr' id='par_1_65' title="bbox 338 5385 1919 5453">
     <span class='ocr_line' id='line_1_65' title="bbox 338 5385 1919 5453; baseline 0.001 -14"><span class='ocrx_word' id='word_1_532' title='bbox 338 5397 448 5443; x_wconf 87' lang='lat' dir='ltr'><strong>tum</strong></span> <span class='ocrx_word' id='word_1_533' title='bbox 470 5387 780 5443; x_wconf 85' lang='lat' dir='ltr'><strong>obtinebit?</strong></span> <span class='ocrx_word' id='word_1_534' title='bbox 805 5402 929 5440; x_wconf 90' lang='lat' dir='ltr'><strong>num</strong></span> <span class='ocrx_word' id='word_1_535' title='bbox 965 5400 1060 5453; x_wconf 81' lang='lat' dir='ltr'><strong>per</strong></span> <span class='ocrx_word' id='word_1_536' title='bbox 1086 5385 1252 5453; x_wconf 81' lang='lat' dir='ltr'><strong>legem</strong></span> <span class='ocrx_word' id='word_1_537' title='bbox 1281 5385 1303 5437; x_wconf 89' lang='lat'><strong>?</strong></span> <span class='ocrx_word' id='word_1_538' title='bbox 1328 5385 1434 5440; x_wconf 85' lang='lat' dir='ltr'><strong>Sed</strong></span> <span class='ocrx_word' id='word_1_539' title='bbox 1461 5400 1521 5439; x_wconf 86' lang='lat' dir='ltr'><strong>ea</strong></span> <span class='ocrx_word' id='word_1_540' title='bbox 1549 5394 1632 5439; x_wconf 87' lang='lat' dir='ltr'><strong>est</strong></span> <span class='ocrx_word' id='word_1_541' title='bbox 1661 5385 1836 5440; x_wconf 89' lang='lat' dir='ltr'><strong>soluta</strong></span> <span class='ocrx_word' id='word_1_542' title='bbox 1866 5396 1919 5440; x_wconf 86' lang='lat' dir='ltr'><strong>et</strong></span> 
     </span>
    </p>
   </div>
   <div class='ocr_carea' id='block_1_66' title="bbox 338 5476 1921 5549">
    <p class='ocr_par' dir='ltr' id='par_1_66' title="bbox 338 5476 1921 5549">
     <span class='ocr_line' id='line_1_66' title="bbox 338 5476 1921 5549; baseline -0.001 -15"><span class='ocrx_word' id='word_1_543' title='bbox 338 5480 618 5549; x_wconf 85' lang='lat' dir='ltr'><strong>abrogata.</strong></span> <span class='ocrx_word' id='word_1_544' title='bbox 646 5480 713 5533; x_wconf 82' lang='lat' dir='ltr'><strong>At</strong></span> <span class='ocrx_word' id='word_1_545' title='bbox 746 5494 842 5547; x_wconf 84' lang='lat' dir='ltr'><strong>per</strong></span> <span class='ocrx_word' id='word_1_546' title='bbox 872 5486 1145 5546; x_wconf 87' lang='lat' dir='ltr'><strong>peccatum</strong></span> <span class='ocrx_word' id='word_1_547' title='bbox 1170 5477 1193 5528; x_wconf 90' lang='lat'><strong>?</strong></span> <span class='ocrx_word' id='word_1_548' title='bbox 1222 5476 1323 5531; x_wconf 75' lang='lat' dir='ltr'><strong>Sed</strong></span> <span class='ocrx_word' id='word_1_549' title='bbox 1352 5476 1401 5528; x_wconf 87' lang='lat' dir='ltr'><strong>id</strong></span> <span class='ocrx_word' id='word_1_550' title='bbox 1432 5486 1513 5530; x_wconf 86' lang='lat' dir='ltr'><strong>est</strong></span> <span class='ocrx_word' id='word_1_551' title='bbox 1543 5477 1755 5546; x_wconf 89' lang='lat' dir='ltr'><strong>penitus</strong></span> <span class='ocrx_word' id='word_1_552' title='bbox 1776 5476 1921 5532; x_wconf 83' lang='lat' dir='ltr'><strong>dele-</strong></span> 
     </span>
    </p>
   </div>
   <div class='ocr_carea' id='block_1_67' title="bbox 341 5566 1917 5637">
    <p class='ocr_par' dir='ltr' id='par_1_67' title="bbox 341 5566 1917 5637">
     <span class='ocr_line' id='line_1_67' title="bbox 341 5566 1917 5637; baseline 0 -16"><span class='ocrx_word' id='word_1_553' title='bbox 341 5583 472 5623; x_wconf 86' lang='lat' dir='ltr'><strong>tum.</strong></span> <span class='ocrx_word' id='word_1_554' title='bbox 502 5571 595 5623; x_wconf 86' lang='grc'><strong>57.</strong></span> <span class='ocrx_word' id='word_1_555' title='bbox 631 5568 739 5622; x_wconf 84' lang='lat' dir='ltr'><strong>Deo</strong></span> <span class='ocrx_word' id='word_1_556' title='bbox 767 5577 932 5620; x_wconf 83' lang='lat' dir='ltr'><strong>autent</strong></span> <span class='ocrx_word' id='word_1_557' title='bbox 963 5567 1173 5637; x_wconf 75' lang='lat' dir='ltr'><strong>gratias,</strong></span> <span class='ocrx_word' id='word_1_558' title='bbox 1207 5566 1291 5634; x_wconf 88' lang='lat' dir='ltr'><strong>qui</strong></span> <span class='ocrx_word' id='word_1_559' title='bbox 1326 5566 1462 5618; x_wconf 78' lang='lat' dir='ltr'><strong>dedit</strong></span> <span class='ocrx_word' id='word_1_560' title='bbox 1487 5569 1627 5621; x_wconf 84' lang='lat' dir='ltr'><strong>nobis</strong></span> <span class='ocrx_word' id='word_1_561' title='bbox 1660 5569 1917 5622; x_wconf 80' lang='lat' dir='ltr'><strong>victoriam</strong></span> 
     </span>
    </p>
   </div>
   <div class='ocr_carea' id='block_1_68' title="bbox 345 5657 1489 5727">
    <p class='ocr_par' dir='ltr' id='par_1_68' title="bbox 345 5657 1489 5727">
     <span class='ocr_line' id='line_1_68' title="bbox 345 5657 1489 5727; baseline -0.002 -15"><span class='ocrx_word' id='word_1_562' title='bbox 345 5675 430 5727; x_wconf 74' lang='lat' dir='ltr'><strong>per</strong></span> <span class='ocrx_word' id='word_1_563' title='bbox 461 5661 738 5715; x_wconf 79' lang='lat' dir='ltr'><strong>Dominum</strong></span> <span class='ocrx_word' id='word_1_564' title='bbox 771 5670 993 5714; x_wconf 81' lang='lat' dir='ltr'><strong>nostrum</strong></span> <span class='ocrx_word' id='word_1_565' title='bbox 1018 5658 1190 5711; x_wconf 69' lang='lat' dir='ltr'><strong>Iesum</strong></span> <span class='ocrx_word' id='word_1_566' title='bbox 1219 5657 1489 5711; x_wconf 78' lang='lat' dir='ltr'><strong>Christum.</strong></span> 
     </span>
    </p>
   </div>
   <div class='ocr_carea' id='block_1_69' title="bbox 2022 979 3601 1055">
    <p class='ocr_par' dir='ltr' id='par_1_69' title="bbox 2022 979 3601 1055">
     <span class='ocr_line' id='line_1_69' title="bbox 2022 979 3601 1055; baseline 0.008 -23"><span class='ocrx_word' id='word_1_567' title='bbox 2022 979 2238 1033; x_wconf 86' lang='lat' dir='ltr'><strong>munda.</strong></span> <span class='ocrx_word' id='word_1_568' title='bbox 2268 980 2376 1036; x_wconf 90' lang='lat' dir='ltr'><strong>Nec</strong></span> <span class='ocrx_word' id='word_1_569' title='bbox 2400 982 2558 1050; x_wconf 77' lang='lat' dir='ltr'><strong>dixit,</strong></span> <span class='ocrx_word' id='word_1_570' title='bbox 2589 984 2793 1040; x_wconf 91' lang='lat' dir='ltr'><strong>Bonum</strong></span> <span class='ocrx_word' id='word_1_571' title='bbox 2821 998 3127 1055; x_wconf 78' lang='lat' dir='ltr'><strong>Operautes,</strong></span> <span class='ocrx_word' id='word_1_572' title='bbox 3146 988 3239 1044; x_wconf 90' lang='lat' dir='ltr'><strong>sed</strong></span> <span class='ocrx_word' id='word_1_573' title='bbox 3256 990 3601 1054; x_wconf 75' lang='lat' dir='ltr'><strong>Altundantee,</strong></span> 
     </span>
    </p>
   </div>
   <div class='ocr_carea' id='block_1_70' title="bbox 2022 1071 3602 1150">
    <p class='ocr_par' dir='ltr' id='par_1_70' title="bbox 2022 1071 3602 1150">
     <span class='ocr_line' id='line_1_70' title="bbox 2022 1071 3602 1150; baseline 0.007 -26"><span class='ocrx_word' id='word_1_574' title='bbox 2022 1080 2079 1124; x_wconf 93' lang='lat' dir='ltr'><strong>ut</strong></span> <span class='ocrx_word' id='word_1_575' title='bbox 2106 1071 2208 1127; x_wconf 89' lang='lat' dir='ltr'><strong>hoc</strong></span> <span class='ocrx_word' id='word_1_576' title='bbox 2237 1072 2492 1129; x_wconf 83' lang='lat' dir='ltr'><strong>faciamus</strong></span> <span class='ocrx_word' id='word_1_577' title='bbox 2520 1091 2640 1130; x_wconf 89' lang='lat' dir='ltr'><strong>cum</strong></span> <span class='ocrx_word' id='word_1_578' title='bbox 2668 1078 2992 1133; x_wconf 82' lang='lat' dir='ltr'><strong>abundantia</strong></span> <span class='ocrx_word' id='word_1_579' title='bbox 3038 1091 3092 1133; x_wconf 90' lang='lat' dir='ltr'><strong>et</strong></span> <span class='ocrx_word' id='word_1_580' title='bbox 3136 1091 3285 1150; x_wconf 90' lang='lat' dir='ltr'><strong>septa</strong></span> <span class='ocrx_word' id='word_1_581' title='bbox 3336 1083 3602 1135; x_wconf 75' lang='lat' dir='ltr'><strong>transilia-</strong></span> 
     </span>
    </p>
   </div>
   <div class='ocr_carea' id='block_1_71' title="bbox 2022 1163 3603 1235">
    <p class='ocr_par' dir='ltr' id='par_1_71' title="bbox 2022 1163 3603 1235">
     <span class='ocr_line' id='line_1_71' title="bbox 2022 1163 3603 1235; baseline 0.009 -21"><span class='ocrx_word' id='word_1_582' title='bbox 2022 1178 2162 1218; x_wconf 88' lang='lat' dir='ltr'><strong>tuus.</strong></span> <span class='ocrx_word' id='word_1_583' title='bbox 2192 1163 2419 1219; x_wconf 80' lang='lat' dir='ltr'><strong>Scientes</strong></span> <span class='ocrx_word' id='word_1_584' title='bbox 2446 1168 2579 1235; x_wconf 87' lang='lat' dir='ltr'><strong>quod</strong></span> <span class='ocrx_word' id='word_1_585' title='bbox 2600 1168 2742 1222; x_wconf 86' lang='lat' dir='ltr'><strong>labor</strong></span> <span class='ocrx_word' id='word_1_586' title='bbox 2765 1180 2926 1224; x_wconf 75' lang='lat' dir='ltr'><strong>vester</strong></span> <span class='ocrx_word' id='word_1_587' title='bbox 2953 1187 3055 1225; x_wconf 89' lang='lat' dir='ltr'><strong>non</strong></span> <span class='ocrx_word' id='word_1_588' title='bbox 3093 1182 3166 1225; x_wconf 75' lang='lat' dir='ltr'><strong>est</strong></span> <span class='ocrx_word' id='word_1_589' title='bbox 3201 1173 3367 1227; x_wconf 73' lang='lat' dir='ltr'><strong>inanis</strong></span> <span class='ocrx_word' id='word_1_590' title='bbox 3400 1175 3454 1227; x_wconf 87' lang='lat' dir='ltr'><strong>in</strong></span> <span class='ocrx_word' id='word_1_591' title='bbox 3497 1173 3603 1227; x_wconf 88' lang='lat' dir='ltr'><strong>Do-</strong></span> 
     </span>
    </p>
   </div>
   <div class='ocr_carea' id='block_1_72' title="bbox 2022 1254 3600 1331">
    <p class='ocr_par' dir='ltr' id='par_1_72' title="bbox 2022 1254 3600 1331">
     <span class='ocr_line' id='line_1_72' title="bbox 2022 1254 3600 1331; baseline 0.008 -26"><span class='ocrx_word' id='word_1_592' title='bbox 2022 1254 2177 1308; x_wconf 90' lang='lat' dir='ltr'><strong>mino.</strong></span> <span class='ocrx_word' id='word_1_593' title='bbox 2206 1254 2340 1322; x_wconf 87' lang='lat' dir='ltr'><strong>Quid</strong></span> <span class='ocrx_word' id='word_1_594' title='bbox 2367 1257 2538 1311; x_wconf 87' lang='lat' dir='ltr'><strong>dicis?</strong></span> <span class='ocrx_word' id='word_1_595' title='bbox 2569 1274 2751 1315; x_wconf 84' lang='lat' dir='ltr'><strong>rursus</strong></span> <span class='ocrx_word' id='word_1_596' title='bbox 2777 1260 2965 1317; x_wconf 86' lang='lat' dir='ltr'><strong>labor?</strong></span> <span class='ocrx_word' id='word_1_597' title='bbox 2992 1262 3168 1317; x_wconf 85' lang='lat' dir='ltr'><strong>Labor</strong></span> <span class='ocrx_word' id='word_1_598' title='bbox 3202 1263 3414 1331; x_wconf 89' lang='lat' dir='ltr'><strong>quidem</strong></span> <span class='ocrx_word' id='word_1_599' title='bbox 3439 1304 3457 1328; x_wconf 92' lang='lat'><strong>,</strong></span> <span class='ocrx_word' id='word_1_600' title='bbox 3505 1265 3600 1318; x_wconf 81' lang='lat' dir='ltr'><strong>sed</strong></span> 
     </span>
    </p>
   </div>
   <div class='ocr_carea' id='block_1_73' title="bbox 2020 1343 3602 1423">
    <p class='ocr_par' dir='ltr' id='par_1_73' title="bbox 2020 1343 3602 1423">
     <span class='ocr_line' id='line_1_73' title="bbox 2020 1343 3602 1423; baseline 0.008 -27"><span class='ocrx_word' id='word_1_601' title='bbox 2020 1344 2108 1413; x_wconf 92' lang='lat' dir='ltr'><strong>qui</strong></span> <span class='ocrx_word' id='word_1_602' title='bbox 2133 1343 2292 1400; x_wconf 86' lang='lat' dir='ltr'><strong>habet</strong></span> <span class='ocrx_word' id='word_1_603' title='bbox 2317 1362 2560 1413; x_wconf 86' lang='lat' dir='ltr'><strong>coronas,</strong></span> <span class='ocrx_word' id='word_1_604' title='bbox 2595 1360 2650 1404; x_wconf 91' lang='lat' dir='ltr'><strong>et</strong></span> <span class='ocrx_word' id='word_1_605' title='bbox 2673 1350 2962 1419; x_wconf 71' lang='lat' dir='ltr'><strong>suScipitur</strong></span> <span class='ocrx_word' id='word_1_606' title='bbox 2990 1366 3088 1420; x_wconf 88' lang='lat' dir='ltr'><strong>pro</strong></span> <span class='ocrx_word' id='word_1_607' title='bbox 3105 1352 3271 1406; x_wconf 78' lang='lat' dir='ltr'><strong>caelis.</strong></span> <span class='ocrx_word' id='word_1_608' title='bbox 3302 1353 3433 1407; x_wconf 88' lang='lat' dir='ltr'><strong>Nam</strong></span> <span class='ocrx_word' id='word_1_609' title='bbox 3458 1356 3602 1423; x_wconf 86' lang='lat' dir='ltr'><strong>prior</strong></span> 
     </span>
    </p>
   </div>
   <div class='ocr_carea' id='block_1_74' title="bbox 2020 1434 3600 1511">
    <p class='ocr_par' dir='ltr' id='par_1_74' title="bbox 2020 1434 3600 1511">
     <span class='ocr_line' id='line_1_74' title="bbox 2020 1434 3600 1511; baseline 0.006 -24"><span class='ocrx_word' id='word_1_610' title='bbox 2020 1434 2256 1502; x_wconf 88' lang='lat' dir='ltr'><strong>quidem,</strong></span> <span class='ocrx_word' id='word_1_611' title='bbox 2281 1439 2369 1506; x_wconf 88' lang='lat' dir='ltr'><strong>qtti</strong></span> <span class='ocrx_word' id='word_1_612' title='bbox 2393 1438 2487 1491; x_wconf 87' lang='lat' dir='ltr'><strong>fuit</strong></span> <span class='ocrx_word' id='word_1_613' title='bbox 2515 1448 2632 1508; x_wconf 90' lang='lat' dir='ltr'><strong>post</strong></span> <span class='ocrx_word' id='word_1_614' title='bbox 2656 1440 2962 1509; x_wconf 85' lang='lat' dir='ltr'><strong>paradisum</strong></span> <span class='ocrx_word' id='word_1_615' title='bbox 2987 1483 3002 1507; x_wconf 85' lang='lat'><strong>,</strong></span> <span class='ocrx_word' id='word_1_616' title='bbox 3030 1450 3114 1496; x_wconf 87' lang='lat' dir='ltr'><strong>est</strong></span> <span class='ocrx_word' id='word_1_617' title='bbox 3143 1457 3299 1509; x_wconf 55' lang='lat' dir='ltr'><strong>[mna</strong></span> <span class='ocrx_word' id='word_1_618' title='bbox 3352 1453 3600 1511; x_wconf 76' lang='lat' dir='ltr'><strong>peccato-</strong></span> 
     </span>
    </p>
   </div>
   <div class='ocr_carea' id='block_1_75' title="bbox 2020 1525 3601 1593">
    <p class='ocr_par' dir='ltr' id='par_1_75' title="bbox 2020 1525 3601 1593">
     <span class='ocr_line' id='line_1_75' title="bbox 2020 1525 3601 1593; baseline 0.006 -15"><span class='ocrx_word' id='word_1_619' title='bbox 2020 1540 2137 1579; x_wconf 88' lang='lat' dir='ltr'><strong>rum</strong></span> <span class='ocrx_word' id='word_1_620' title='bbox 2165 1525 2553 1593; x_wconf 89' lang='lat' dir='ltr'><strong>admissorum;</strong></span> <span class='ocrx_word' id='word_1_621' title='bbox 2589 1529 2676 1585; x_wconf 89' lang='lat' dir='ltr'><strong>hic</strong></span> <span class='ocrx_word' id='word_1_622' title='bbox 2703 1541 2881 1586; x_wconf 88' lang='lat' dir='ltr'><strong>autem</strong></span> <span class='ocrx_word' id='word_1_623' title='bbox 2908 1542 2987 1586; x_wconf 90' lang='lat' dir='ltr'><strong>est</strong></span> <span class='ocrx_word' id='word_1_624' title='bbox 3022 1531 3420 1588; x_wconf 89' lang='lat' dir='ltr'><strong>fundamentum</strong></span> <span class='ocrx_word' id='word_1_625' title='bbox 3452 1532 3601 1587; x_wconf 81' lang='lat' dir='ltr'><strong>futu-</strong></span> 
     </span>
    </p>
   </div>
   <div class='ocr_carea' id='block_1_76' title="bbox 2022 1620 3602 1692">
    <p class='ocr_par' dir='ltr' id='par_1_76' title="bbox 2022 1620 3602 1692">
     <span class='ocr_line' id='line_1_76' title="bbox 2022 1620 3602 1692; baseline 0.007 -20"><span class='ocrx_word' id='word_1_626' title='bbox 2022 1632 2204 1673; x_wconf 90' lang='lat' dir='ltr'><strong>rorum</strong></span> <span class='ocrx_word' id='word_1_627' title='bbox 2255 1620 2615 1688; x_wconf 72' lang='lat' dir='ltr'><strong>prmmiorum.</strong></span> <span class='ocrx_word' id='word_1_628' title='bbox 2668 1624 3026 1692; x_wconf 83' lang='lat' dir='ltr'><strong>Quamobrem</strong></span> <span class='ocrx_word' id='word_1_629' title='bbox 3092 1642 3191 1681; x_wconf 85' lang='lat' dir='ltr'><strong>nec</strong></span> <span class='ocrx_word' id='word_1_630' title='bbox 3241 1626 3341 1680; x_wconf 88' lang='lat' dir='ltr'><strong>hac</strong></span> <span class='ocrx_word' id='word_1_631' title='bbox 3397 1628 3602 1683; x_wconf 84' lang='lat' dir='ltr'><strong>ratione</strong></span> 
     </span>
    </p>
   </div>
   <div class='ocr_carea' id='block_1_77' title="bbox 2022 1709 3603 1788">
    <p class='ocr_par' dir='ltr' id='par_1_77' title="bbox 2022 1709 3603 1788">
     <span class='ocr_line' id='line_1_77' title="bbox 2022 1709 3603 1788; baseline 0.005 -25"><span class='ocrx_word' id='word_1_632' title='bbox 2022 1709 2181 1765; x_wconf 89' lang='lat' dir='ltr'><strong>fuerit</strong></span> <span class='ocrx_word' id='word_1_633' title='bbox 2224 1711 2375 1766; x_wconf 89' lang='lat' dir='ltr'><strong>labor</strong></span> <span class='ocrx_word' id='word_1_634' title='bbox 2399 1755 2413 1779; x_wconf 92' lang='lat'><strong>,</strong></span> <span class='ocrx_word' id='word_1_635' title='bbox 2463 1725 2515 1768; x_wconf 88' lang='lat' dir='ltr'><strong>et</strong></span> <span class='ocrx_word' id='word_1_636' title='bbox 2560 1716 2699 1785; x_wconf 88' lang='lat' dir='ltr'><strong>quod</strong></span> <span class='ocrx_word' id='word_1_637' title='bbox 2726 1731 2959 1785; x_wconf 86' lang='lat' dir='ltr'><strong>superne</strong></span> <span class='ocrx_word' id='word_1_638' title='bbox 2986 1732 3236 1788; x_wconf 85' lang='lat' dir='ltr'><strong>magnum</strong></span> <span class='ocrx_word' id='word_1_639' title='bbox 3266 1718 3417 1772; x_wconf 89' lang='lat' dir='ltr'><strong>nobis</strong></span> <span class='ocrx_word' id='word_1_640' title='bbox 3446 1718 3603 1773; x_wconf 83' lang='lat' dir='ltr'><strong>detur</strong></span> 
     </span>
    </p>
   </div>
   <div class='ocr_carea' id='block_1_78' title="bbox 2019 1802 3599 1877">
    <p class='ocr_par' dir='ltr' id='par_1_78' title="bbox 2019 1802 3599 1877">
     <span class='ocr_line' id='line_1_78' title="bbox 2019 1802 3599 1877; baseline 0.007 -23"><span class='ocrx_word' id='word_1_641' title='bbox 2019 1802 2273 1856; x_wconf 80' lang='lat' dir='ltr'><strong>auxilium</strong></span> <span class='ocrx_word' id='word_1_642' title='bbox 2319 1819 2332 1854; x_wconf 86' lang='lat'>:</span> <span class='ocrx_word' id='word_1_643' title='bbox 2383 1814 2437 1859; x_wconf 88' lang='lat' dir='ltr'><strong>et</strong></span> <span class='ocrx_word' id='word_1_644' title='bbox 2493 1806 2611 1860; x_wconf 85' lang='lat' dir='ltr'><strong>ideo</strong></span> <span class='ocrx_word' id='word_1_645' title='bbox 2664 1808 2944 1877; x_wconf 81' lang='lat' dir='ltr'><strong>subjunxit</strong></span> <span class='ocrx_word' id='word_1_646' title='bbox 2988 1825 3002 1862; x_wconf 87' lang='lat'><strong>:</strong></span> <span class='ocrx_word' id='word_1_647' title='bbox 3047 1808 3112 1862; x_wconf 87' lang='lat' dir='ltr'><strong>In</strong></span> <span class='ocrx_word' id='word_1_648' title='bbox 3172 1809 3411 1864; x_wconf 85' lang='lat' dir='ltr'><strong>Domino.</strong></span> <span class='ocrx_word' id='word_1_649' title='bbox 3467 1811 3599 1865; x_wconf 85' lang='lat' dir='ltr'><strong>Nam</strong></span> 
     </span>
    </p>
   </div>
   <div class='ocr_carea' id='block_1_79' title="bbox 2022 1892 3601 1968">
    <p class='ocr_par' dir='ltr' id='par_1_79' title="bbox 2022 1892 3601 1968">
     <span class='ocr_line' id='line_1_79' title="bbox 2022 1892 3601 1968; baseline 0.008 -23"><span class='ocrx_word' id='word_1_650' title='bbox 2022 1892 2166 1959; x_wconf 89' lang='lat' dir='ltr'><strong>prior</strong></span> <span class='ocrx_word' id='word_1_651' title='bbox 2188 1894 2399 1962; x_wconf 90' lang='lat' dir='ltr'><strong>quidem</strong></span> <span class='ocrx_word' id='word_1_652' title='bbox 2430 1894 2525 1948; x_wconf 84' lang='lat' dir='ltr'><strong>fuit</strong></span> <span class='ocrx_word' id='word_1_653' title='bbox 2556 1905 2611 1950; x_wconf 82' lang='grc' dir='ltr'><strong>ιιι</strong></span> <span class='ocrx_word' id='word_1_654' title='bbox 2640 1896 2890 1952; x_wconf 89' lang='lat' dir='ltr'><strong>daremus</strong></span> <span class='ocrx_word' id='word_1_655' title='bbox 2921 1914 3106 1968; x_wconf 70' lang='lat' dir='ltr'><strong>punias</strong></span> <span class='ocrx_word' id='word_1_656' title='bbox 3129 1941 3145 1966; x_wconf 95' lang='lat'><strong>,</strong></span> <span class='ocrx_word' id='word_1_657' title='bbox 3181 1900 3267 1956; x_wconf 91' lang='lat' dir='ltr'><strong>hic</strong></span> <span class='ocrx_word' id='word_1_658' title='bbox 3314 1915 3492 1957; x_wconf 87' lang='lat' dir='ltr'><strong>autem</strong></span> <span class='ocrx_word' id='word_1_659' title='bbox 3542 1913 3601 1957; x_wconf 89' lang='lat' dir='ltr'><strong>ut</strong></span> 
     </span>
    </p>
   </div>
   <div class='ocr_carea' id='block_1_80' title="bbox 2020 1981 3600 2061">
    <p class='ocr_par' dir='ltr' id='par_1_80' title="bbox 2020 1981 3600 2061">
     <span class='ocr_line' id='line_1_80' title="bbox 2020 1981 3600 2061; baseline 0.009 -25"><span class='ocrx_word' id='word_1_660' title='bbox 2020 1981 2158 2038; x_wconf 86' lang='lat' dir='ltr'><strong>bona</strong></span> <span class='ocrx_word' id='word_1_661' title='bbox 2190 1983 2362 2039; x_wconf 87' lang='lat' dir='ltr'><strong>futura</strong></span> <span class='ocrx_word' id='word_1_662' title='bbox 2400 2000 2815 2057; x_wconf 81' lang='lat' dir='ltr'><strong>consequamur.</strong></span> <span class='ocrx_word' id='word_1_663' title='bbox 2845 1990 2921 2045; x_wconf 88' lang='lat' dir='ltr'><strong>Ne</strong></span> <span class='ocrx_word' id='word_1_664' title='bbox 2946 2008 3074 2061; x_wconf 87' lang='lat' dir='ltr'><strong>ergo</strong></span> <span class='ocrx_word' id='word_1_665' title='bbox 3111 1992 3439 2050; x_wconf 83' lang='lat' dir='ltr'><strong>dormiamus</strong></span> <span class='ocrx_word' id='word_1_666' title='bbox 3459 2035 3473 2058; x_wconf 93' lang='lat'><strong>,</strong></span> <span class='ocrx_word' id='word_1_667' title='bbox 3514 1995 3600 2050; x_wconf 91' lang='lat' dir='ltr'><strong>di-</strong></span> 
     </span>
    </p>
   </div>
   <div class='ocr_carea' id='block_1_81' title="bbox 2019 2076 3600 2157">
    <p class='ocr_par' dir='ltr' id='par_1_81' title="bbox 2019 2076 3600 2157">
     <span class='ocr_line' id='line_1_81' title="bbox 2019 2076 3600 2157; baseline 0.008 -28"><span class='ocrx_word' id='word_1_668' title='bbox 2019 2076 2162 2131; x_wconf 81' lang='lat' dir='ltr'><strong>lecti.</strong></span> <span class='ocrx_word' id='word_1_669' title='bbox 2190 2077 2373 2147; x_wconf 87' lang='lat' dir='ltr'><strong>Neque</strong></span> <span class='ocrx_word' id='word_1_670' title='bbox 2400 2080 2541 2134; x_wconf 89' lang='lat' dir='ltr'><strong>cnim</strong></span> <span class='ocrx_word' id='word_1_671' title='bbox 2583 2080 2696 2135; x_wconf 87' lang='lat' dir='ltr'><strong>fieri</strong></span> <span class='ocrx_word' id='word_1_672' title='bbox 2743 2092 2948 2152; x_wconf 80' lang='lat' dir='ltr'><strong>patest,</strong></span> <span class='ocrx_word' id='word_1_673' title='bbox 2992 2093 3092 2148; x_wconf 92' lang='lat' dir='ltr'><strong>ut,</strong></span> <span class='ocrx_word' id='word_1_674' title='bbox 3141 2086 3183 2140; x_wconf 91' lang='lat' dir='ltr'><strong>si</strong></span> <span class='ocrx_word' id='word_1_675' title='bbox 3240 2086 3373 2157; x_wconf 83' lang='lat' dir='ltr'><strong>pigri</strong></span> <span class='ocrx_word' id='word_1_676' title='bbox 3418 2102 3600 2141; x_wconf 90' lang='lat' dir='ltr'><strong>sumus</strong></span> 
     </span>
    </p>
   </div>
   <div class='ocr_carea' id='block_1_82' title="bbox 2018 2167 3598 2248">
    <p class='ocr_par' dir='ltr' id='par_1_82' title="bbox 2018 2167 3598 2248">
     <span class='ocr_line' id='line_1_82' title="bbox 2018 2167 3598 2248; baseline 0.008 -27"><span class='ocrx_word' id='word_1_677' title='bbox 2018 2177 2072 2221; x_wconf 92' lang='lat' dir='ltr'><strong>ct</strong></span> <span class='ocrx_word' id='word_1_678' title='bbox 2099 2167 2269 2239; x_wconf 87' lang='lat' dir='ltr'><strong>ignavi</strong></span> <span class='ocrx_word' id='word_1_679' title='bbox 2294 2210 2309 2235; x_wconf 94' lang='lat'><strong>,</strong></span> <span class='ocrx_word' id='word_1_680' title='bbox 2340 2186 2559 2241; x_wconf 82' lang='lat' dir='ltr'><strong>regnum</strong></span> <span class='ocrx_word' id='word_1_681' title='bbox 2587 2174 2840 2229; x_wconf 74' lang='lat' dir='ltr'><strong>cazlorum</strong></span> <span class='ocrx_word' id='word_1_682' title='bbox 2870 2191 3291 2246; x_wconf 84' lang='lat' dir='ltr'><strong>consequamur,</strong></span> <span class='ocrx_word' id='word_1_683' title='bbox 3341 2195 3514 2248; x_wconf 88' lang='lat' dir='ltr'><strong>neque</strong></span> <span class='ocrx_word' id='word_1_684' title='bbox 3554 2181 3598 2233; x_wconf 92' lang='lat' dir='ltr'><strong>si</strong></span> 
     </span>
    </p>
   </div>
   <div class='ocr_carea' id='block_1_83' title="bbox 2019 2259 3598 2336">
    <p class='ocr_par' dir='ltr' id='par_1_83' title="bbox 2019 2259 3598 2336">
     <span class='ocr_line' id='line_1_83' title="bbox 2019 2259 3598 2336; baseline 0.006 -24"><span class='ocrx_word' id='word_1_685' title='bbox 2019 2259 2071 2313; x_wconf 92' lang='lat' dir='ltr'><strong>in</strong></span> <span class='ocrx_word' id='word_1_686' title='bbox 2116 2260 2323 2315; x_wconf 82' lang='lat' dir='ltr'><strong>deliciis</strong></span> <span class='ocrx_word' id='word_1_687' title='bbox 2362 2279 2586 2331; x_wconf 82' lang='lat' dir='ltr'><strong>agamus</strong></span> <span class='ocrx_word' id='word_1_688' title='bbox 2634 2267 2932 2336; x_wconf 81' lang='lat' dir='ltr'><strong>mollesque</strong></span> <span class='ocrx_word' id='word_1_689' title='bbox 2975 2269 3142 2322; x_wconf 88' lang='lat' dir='ltr'><strong>simus</strong></span> <span class='ocrx_word' id='word_1_690' title='bbox 3183 2279 3239 2323; x_wconf 89' lang='lat' dir='ltr'><strong>et</strong></span> <span class='ocrx_word' id='word_1_691' title='bbox 3285 2269 3598 2323; x_wconf 83' lang='lat' dir='ltr'><strong>effeminati.</strong></span> 
     </span>
    </p>
   </div>
   <div class='ocr_carea' id='block_1_84' title="bbox 2021 2350 3601 2431">
    <p class='ocr_par' dir='ltr' id='par_1_84' title="bbox 2021 2350 3601 2431">
     <span class='ocr_line' id='line_1_84' title="bbox 2021 2350 3601 2431; baseline 0.007 -26"><span class='ocrx_word' id='word_1_692' title='bbox 2021 2350 2281 2408; x_wconf 71' lang='lat' dir='ltr'><strong>Prarclare</strong></span> <span class='ocrx_word' id='word_1_693' title='bbox 2307 2354 2451 2409; x_wconf 90' lang='lat' dir='ltr'><strong>enim</strong></span> <span class='ocrx_word' id='word_1_694' title='bbox 2476 2356 2750 2410; x_wconf 89' lang='lat' dir='ltr'><strong>nobiscum</strong></span> <span class='ocrx_word' id='word_1_695' title='bbox 2773 2367 2979 2428; x_wconf 83' lang='lat' dir='ltr'><strong>agetur,</strong></span> <span class='ocrx_word' id='word_1_696' title='bbox 3010 2359 3055 2413; x_wconf 80' lang='lat' dir='ltr'><strong>si</strong></span> <span class='ocrx_word' id='word_1_697' title='bbox 3081 2375 3276 2430; x_wconf 87' lang='lat' dir='ltr'><strong>corpus</strong></span> <span class='ocrx_word' id='word_1_698' title='bbox 3300 2360 3601 2431; x_wconf 84' lang='lat' dir='ltr'><strong>affligeu&#39;es</strong></span> 
     </span>
    </p>
   </div>
   <div class='ocr_carea' id='block_1_85' title="bbox 2018 2445 3597 2516">
    <p class='ocr_par' dir='ltr' id='par_1_85' title="bbox 2018 2445 3597 2516">
     <span class='ocr_line' id='line_1_85' title="bbox 2018 2445 3597 2516; baseline 0.006 -20"><span class='ocrx_word' id='word_1_699' title='bbox 2018 2452 2070 2496; x_wconf 90' lang='lat' dir='ltr'><strong>et</strong></span> <span class='ocrx_word' id='word_1_700' title='bbox 2096 2445 2438 2514; x_wconf 87' lang='lat' dir='ltr'><strong>castigantes,</strong></span> <span class='ocrx_word' id='word_1_701' title='bbox 2468 2456 2521 2501; x_wconf 89' lang='lat' dir='ltr'><strong>et</strong></span> <span class='ocrx_word' id='word_1_702' title='bbox 2546 2448 2960 2503; x_wconf 83' lang='lat' dir='ltr'><strong>innumerabiles</strong></span> <span class='ocrx_word' id='word_1_703' title='bbox 2978 2450 3294 2505; x_wconf 80' lang='lat' dir='ltr'><strong>sufferentes</strong></span> <span class='ocrx_word' id='word_1_704' title='bbox 3310 2468 3597 2516; x_wconf 67' lang='lat' dir='ltr'><strong>asrumnas,</strong></span> 
     </span>
    </p>
   </div>
   <div class='ocr_carea' id='block_1_86' title="bbox 2016 2537 3596 2614">
    <p class='ocr_par' dir='ltr' id='par_1_86' title="bbox 2016 2537 3596 2614">
     <span class='ocr_line' id='line_1_86' title="bbox 2016 2537 3596 2614; baseline 0.004 -22"><span class='ocrx_word' id='word_1_705' title='bbox 2016 2537 2358 2595; x_wconf 87' lang='lat' dir='ltr'><strong>difﬁcultates</strong></span> <span class='ocrx_word' id='word_1_706' title='bbox 2383 2549 2438 2595; x_wconf 91' lang='lat' dir='ltr'><strong>et</strong></span> <span class='ocrx_word' id='word_1_707' title='bbox 2464 2541 2676 2598; x_wconf 85' lang='lat' dir='ltr'><strong>labores</strong></span> <span class='ocrx_word' id='word_1_708' title='bbox 2697 2584 2711 2606; x_wconf 88' lang='lat'><strong>,</strong></span> <span class='ocrx_word' id='word_1_709' title='bbox 2746 2545 3006 2612; x_wconf 81' lang='lat' dir='ltr'><strong>possimus</strong></span> <span class='ocrx_word' id='word_1_710' title='bbox 3038 2544 3169 2598; x_wconf 90' lang='lat' dir='ltr'><strong>bona</strong></span> <span class='ocrx_word' id='word_1_711' title='bbox 3200 2545 3286 2598; x_wconf 89' lang='lat' dir='ltr'><strong>illa</strong></span> <span class='ocrx_word' id='word_1_712' title='bbox 3319 2546 3596 2614; x_wconf 85' lang='lat' dir='ltr'><strong>consequi.</strong></span> 
     </span>
    </p>
   </div>
   <div class='ocr_carea' id='block_1_87' title="bbox 2016 2630 3602 2702">
    <p class='ocr_par' dir='ltr' id='par_1_87' title="bbox 2016 2630 3602 2702">
     <span class='ocr_line' id='line_1_87' title="bbox 2016 2630 3602 2702; baseline 0.004 -18"><span class='ocrx_word' id='word_1_713' title='bbox 2016 2630 2208 2685; x_wconf 85' lang='lat' dir='ltr'><strong>Annon</strong></span> <span class='ocrx_word' id='word_1_714' title='bbox 2241 2631 2432 2687; x_wconf 88' lang='lat' dir='ltr'><strong>videtis</strong></span> <span class='ocrx_word' id='word_1_715' title='bbox 2463 2643 2719 2702; x_wconf 91' lang='lat' dir='ltr'><strong>quantum</strong></span> <span class='ocrx_word' id='word_1_716' title='bbox 2749 2636 2888 2689; x_wconf 90' lang='lat' dir='ltr'><strong>inter</strong></span> <span class='ocrx_word' id='word_1_717' title='bbox 2912 2637 3102 2689; x_wconf 75' lang='lat' dir='ltr'><strong>cmlnm</strong></span> <span class='ocrx_word' id='word_1_718' title='bbox 3130 2645 3184 2689; x_wconf 90' lang='lat' dir='ltr'><strong>et</strong></span> <span class='ocrx_word' id='word_1_719' title='bbox 3215 2647 3407 2690; x_wconf 85' lang='lat' dir='ltr'><strong>terram</strong></span> <span class='ocrx_word' id='word_1_720' title='bbox 3437 2638 3602 2691; x_wconf 90' lang='lat' dir='ltr'><strong>inter-</strong></span> 
     </span>
    </p>
   </div>
   <div class='ocr_carea' id='block_1_88' title="bbox 2016 2721 3597 2794">
    <p class='ocr_par' dir='ltr' id='par_1_88' title="bbox 2016 2721 3597 2794">
     <span class='ocr_line' id='line_1_88' title="bbox 2016 2721 3597 2794; baseline 0.006 -20"><span class='ocrx_word' id='word_1_721' title='bbox 2016 2721 2252 2775; x_wconf 88' lang='lat' dir='ltr'><strong>medium</strong></span> <span class='ocrx_word' id='word_1_722' title='bbox 2278 2723 2347 2776; x_wconf 89' lang='lat' dir='ltr'><strong>sit</strong></span> <span class='ocrx_word' id='word_1_723' title='bbox 2377 2724 2648 2793; x_wconf 87' lang='lat' dir='ltr'><strong>spatium?</strong></span> <span class='ocrx_word' id='word_1_724' title='bbox 2677 2734 2730 2779; x_wconf 89' lang='lat' dir='ltr'><strong>et</strong></span> <span class='ocrx_word' id='word_1_725' title='bbox 2758 2735 3014 2794; x_wconf 89' lang='lat' dir='ltr'><strong>quantum</strong></span> <span class='ocrx_word' id='word_1_726' title='bbox 3046 2728 3241 2780; x_wconf 84' lang='lat' dir='ltr'><strong>bellum</strong></span> <span class='ocrx_word' id='word_1_727' title='bbox 3286 2728 3558 2783; x_wconf 88' lang='lat' dir='ltr'><strong>immineat</strong></span> <span class='ocrx_word' id='word_1_728' title='bbox 3582 2772 3597 2794; x_wconf 86' lang='lat'><strong>,</strong></span> 
     </span>
    </p>
   </div>
   <div class='ocr_carea' id='block_1_89' title="bbox 2015 2816 3601 2890">
    <p class='ocr_par' dir='ltr' id='par_1_89' title="bbox 2015 2816 3601 2890">
     <span class='ocr_line' id='line_1_89' title="bbox 2015 2816 3601 2890; baseline 0.004 -21"><span class='ocrx_word' id='word_1_729' title='bbox 2015 2825 2069 2869; x_wconf 88' lang='lat' dir='ltr'><strong>et</strong></span> <span class='ocrx_word' id='word_1_730' title='bbox 2097 2830 2256 2884; x_wconf 88' lang='lat' dir='ltr'><strong>quam</strong></span> <span class='ocrx_word' id='word_1_731' title='bbox 2290 2816 2360 2869; x_wconf 85' lang='lat' dir='ltr'><strong>sit</strong></span> <span class='ocrx_word' id='word_1_732' title='bbox 2389 2816 2549 2871; x_wconf 91' lang='lat' dir='ltr'><strong>homo</strong></span> <span class='ocrx_word' id='word_1_733' title='bbox 2582 2833 2876 2886; x_wconf 87' lang='lat' dir='ltr'><strong>propensus</strong></span> <span class='ocrx_word' id='word_1_734' title='bbox 2903 2820 2968 2872; x_wconf 88' lang='lat' dir='ltr'><strong>ad</strong></span> <span class='ocrx_word' id='word_1_735' title='bbox 3000 2820 3221 2885; x_wconf 88' lang='lat' dir='ltr'><strong>vitium,</strong></span> <span class='ocrx_word' id='word_1_736' title='bbox 3256 2831 3308 2874; x_wconf 86' lang='lat' dir='ltr'><strong>et</strong></span> <span class='ocrx_word' id='word_1_737' title='bbox 3330 2823 3601 2890; x_wconf 87' lang='lat' dir='ltr'><strong>quomodo</strong></span> 
     </span>
    </p>
   </div>
   <div class='ocr_carea' id='block_1_90' title="bbox 2017 2907 3603 2981">
    <p class='ocr_par' dir='ltr' id='par_1_90' title="bbox 2017 2907 3603 2981">
     <span class='ocr_line' id='line_1_90' title="bbox 2017 2907 3603 2981; baseline 0.006 -22"><span class='ocrx_word' id='word_1_738' title='bbox 2017 2920 2115 2960; x_wconf 88' lang='lat' dir='ltr'><strong>nos</strong></span> <span class='ocrx_word' id='word_1_739' title='bbox 2138 2907 2444 2961; x_wconf 88' lang='lat' dir='ltr'><strong>circumstet</strong></span> <span class='ocrx_word' id='word_1_740' title='bbox 2476 2917 2749 2977; x_wconf 85' lang='lat' dir='ltr'><strong>peccatum</strong></span> <span class='ocrx_word' id='word_1_741' title='bbox 2775 2951 2791 2976; x_wconf 95' lang='lat'><strong>,</strong></span> <span class='ocrx_word' id='word_1_742' title='bbox 2831 2920 2886 2965; x_wconf 92' lang='lat' dir='ltr'><strong>et</strong></span> <span class='ocrx_word' id='word_1_743' title='bbox 2919 2927 3077 2981; x_wconf 88' lang='lat' dir='ltr'><strong>quam</strong></span> <span class='ocrx_word' id='word_1_744' title='bbox 3125 2912 3276 2966; x_wconf 90' lang='lat' dir='ltr'><strong>multi</strong></span> <span class='ocrx_word' id='word_1_745' title='bbox 3325 2914 3377 2966; x_wconf 92' lang='lat' dir='ltr'><strong>in</strong></span> <span class='ocrx_word' id='word_1_746' title='bbox 3426 2915 3603 2968; x_wconf 90' lang='lat' dir='ltr'><strong>medio</strong></span> 
     </span>
    </p>
   </div>
   <div class='ocr_carea' id='block_1_91' title="bbox 2017 2997 3600 3074">
    <p class='ocr_par' dir='ltr' id='par_1_91' title="bbox 2017 2997 3600 3074">
     <span class='ocr_line' id='line_1_91' title="bbox 2017 2997 3600 3074; baseline 0.006 -22"><span class='ocrx_word' id='word_1_747' title='bbox 2017 2998 2125 3052; x_wconf 88' lang='lat' dir='ltr'><strong>sint</strong></span> <span class='ocrx_word' id='word_1_748' title='bbox 2151 2997 2371 3068; x_wconf 85' lang='lat' dir='ltr'><strong>laquei?</strong></span> <span class='ocrx_word' id='word_1_749' title='bbox 2399 3000 2506 3055; x_wconf 89' lang='lat' dir='ltr'><strong>Cur</strong></span> <span class='ocrx_word' id='word_1_750' title='bbox 2534 3010 2640 3057; x_wconf 89' lang='lat' dir='ltr'><strong>tam</strong></span> <span class='ocrx_word' id='word_1_751' title='bbox 2670 3004 2867 3058; x_wconf 88' lang='lat' dir='ltr'><strong>multas</strong></span> <span class='ocrx_word' id='word_1_752' title='bbox 2910 3020 3039 3074; x_wconf 87' lang='lat' dir='ltr'><strong>ergo</strong></span> <span class='ocrx_word' id='word_1_753' title='bbox 3081 3021 3238 3059; x_wconf 88' lang='lat' dir='ltr'><strong>curas</strong></span> <span class='ocrx_word' id='word_1_754' title='bbox 3282 3007 3600 3062; x_wconf 89' lang='lat' dir='ltr'><strong>attrahimus</strong></span> 
     </span>
    </p>
   </div>
   <div class='ocr_carea' id='block_1_92' title="bbox 2018 3092 3600 3167">
    <p class='ocr_par' dir='ltr' id='par_1_92' title="bbox 2018 3092 3600 3167">
     <span class='ocr_line' id='line_1_92' title="bbox 2018 3092 3600 3167; baseline 0.006 -26"><span class='ocrx_word' id='word_1_755' title='bbox 2018 3097 2168 3143; x_wconf 83' lang='lat' dir='ltr'><strong>extra</strong></span> <span class='ocrx_word' id='word_1_756' title='bbox 2198 3092 2460 3145; x_wconf 89' lang='lat' dir='ltr'><strong>naturalia</strong></span> <span class='ocrx_word' id='word_1_757' title='bbox 2499 3103 2553 3148; x_wconf 89' lang='lat' dir='ltr'><strong>et</strong></span> <span class='ocrx_word' id='word_1_758' title='bbox 2597 3094 2753 3148; x_wconf 89' lang='lat' dir='ltr'><strong>nobis</strong></span> <span class='ocrx_word' id='word_1_759' title='bbox 2799 3095 2947 3164; x_wconf 89' lang='lat' dir='ltr'><strong>plura</strong></span> <span class='ocrx_word' id='word_1_760' title='bbox 2994 3096 3311 3151; x_wconf 82' lang='lat' dir='ltr'><strong>exhibemus</strong></span> <span class='ocrx_word' id='word_1_761' title='bbox 3353 3100 3600 3167; x_wconf 85' lang='lat' dir='ltr'><strong>negotia,</strong></span> 
     </span>
    </p>
   </div>
   <div class='ocr_carea' id='block_1_93' title="bbox 2019 3182 3605 3254">
    <p class='ocr_par' dir='ltr' id='par_1_93' title="bbox 2019 3182 3605 3254">
     <span class='ocr_line' id='line_1_93' title="bbox 2019 3182 3605 3254; baseline 0.006 -19"><span class='ocrx_word' id='word_1_762' title='bbox 2019 3182 2324 3252; x_wconf 88' lang='lat' dir='ltr'><strong>majoraque</strong></span> <span class='ocrx_word' id='word_1_763' title='bbox 2356 3185 2679 3254; x_wconf 88' lang='lat' dir='ltr'><strong>imponimus</strong></span> <span class='ocrx_word' id='word_1_764' title='bbox 2706 3188 2909 3242; x_wconf 84' lang='lat' dir='ltr'><strong>onera?</strong></span> <span class='ocrx_word' id='word_1_765' title='bbox 2943 3206 3046 3243; x_wconf 88' lang='lat' dir='ltr'><strong>non</strong></span> <span class='ocrx_word' id='word_1_766' title='bbox 3079 3190 3272 3244; x_wconf 82' lang='lat' dir='ltr'><strong>sufﬁcit</strong></span> <span class='ocrx_word' id='word_1_767' title='bbox 3300 3193 3500 3245; x_wconf 87' lang='lat' dir='ltr'><strong>ventris</strong></span> <span class='ocrx_word' id='word_1_768' title='bbox 3548 3200 3605 3245; x_wconf 88' lang='lat' dir='ltr'><strong>et</strong></span> 
     </span>
    </p>
   </div>
   <div class='ocr_carea' id='block_1_94' title="bbox 2019 3274 3601 3348">
    <p class='ocr_par' dir='ltr' id='par_1_94' title="bbox 2019 3274 3601 3348">
     <span class='ocr_line' id='line_1_94' title="bbox 2019 3274 3601 3348; baseline 0.007 -23"><span class='ocrx_word' id='word_1_769' title='bbox 2019 3274 2244 3328; x_wconf 80' lang='lat' dir='ltr'><strong>vestium</strong></span> <span class='ocrx_word' id='word_1_770' title='bbox 2269 3284 2323 3328; x_wconf 84' lang='lat' dir='ltr'><strong>et</strong></span> <span class='ocrx_word' id='word_1_771' title='bbox 2346 3276 2540 3331; x_wconf 87' lang='lat' dir='ltr'><strong>domus</strong></span> <span class='ocrx_word' id='word_1_772' title='bbox 2567 3294 2750 3331; x_wconf 89' lang='lat' dir='ltr'><strong>curam</strong></span> <span class='ocrx_word' id='word_1_773' title='bbox 2778 3282 3010 3348; x_wconf 75' lang='lat' dir='ltr'><strong>gerere?</strong></span> <span class='ocrx_word' id='word_1_774' title='bbox 3043 3298 3145 3334; x_wconf 87' lang='lat' dir='ltr'><strong>non</strong></span> <span class='ocrx_word' id='word_1_775' title='bbox 3176 3282 3371 3336; x_wconf 85' lang='lat' dir='ltr'><strong>sufficit</strong></span> <span class='ocrx_word' id='word_1_776' title='bbox 3397 3284 3601 3336; x_wconf 73' lang='lat' dir='ltr'><strong>sollici-</strong></span> 
     </span>
    </p>
   </div>
   <div class='ocr_carea' id='block_1_95' title="bbox 2021 3365 3599 3439">
    <p class='ocr_par' dir='ltr' id='par_1_95' title="bbox 2021 3365 3599 3439">
     <span class='ocr_line' id='line_1_95' title="bbox 2021 3365 3599 3439; baseline 0.005 -21"><span class='ocrx_word' id='word_1_777' title='bbox 2021 3365 2145 3420; x_wconf 92' lang='lat' dir='ltr'><strong>tudo</strong></span> <span class='ocrx_word' id='word_1_778' title='bbox 2172 3366 2239 3419; x_wconf 87' lang='lat' dir='ltr'><strong>de</strong></span> <span class='ocrx_word' id='word_1_779' title='bbox 2269 3367 2335 3421; x_wconf 92' lang='lat' dir='ltr'><strong>iis</strong></span> <span class='ocrx_word' id='word_1_780' title='bbox 2360 3383 2478 3436; x_wconf 74' lang='lat' dir='ltr'><strong>qua:</strong></span> <span class='ocrx_word' id='word_1_781' title='bbox 2506 3378 2630 3423; x_wconf 90' lang='lat' dir='ltr'><strong>sunt</strong></span> <span class='ocrx_word' id='word_1_782' title='bbox 2672 3371 3015 3423; x_wconf 83' lang='lat' dir='ltr'><strong>necessaria?</strong></span> <span class='ocrx_word' id='word_1_783' title='bbox 3058 3373 3387 3439; x_wconf 87' lang='lat' dir='ltr'><strong>Quamquam</strong></span> <span class='ocrx_word' id='word_1_784' title='bbox 3436 3374 3599 3426; x_wconf 87' lang='lat' dir='ltr'><strong>etiam</strong></span> 
     </span>
    </p>
   </div>
   <div class='ocr_carea' id='block_1_96' title="bbox 2017 3457 3603 3525">
    <p class='ocr_par' dir='ltr' id='par_1_96' title="bbox 2017 3457 3603 3525">
     <span class='ocr_line' id='line_1_96' title="bbox 2017 3457 3603 3525; baseline 0.006 -16"><span class='ocrx_word' id='word_1_785' title='bbox 2017 3458 2086 3509; x_wconf 88' lang='lat' dir='ltr'><strong>ab</strong></span> <span class='ocrx_word' id='word_1_786' title='bbox 2117 3457 2178 3510; x_wconf 88' lang='lat' dir='ltr'><strong>iis</strong></span> <span class='ocrx_word' id='word_1_787' title='bbox 2207 3474 2305 3512; x_wconf 91' lang='lat' dir='ltr'><strong>nos</strong></span> <span class='ocrx_word' id='word_1_788' title='bbox 2326 3459 2547 3513; x_wconf 75' lang='lat' dir='ltr'><strong>abduxit</strong></span> <span class='ocrx_word' id='word_1_789' title='bbox 2573 3459 2835 3525; x_wconf 82' lang='lat' dir='ltr'><strong>Christus,</strong></span> <span class='ocrx_word' id='word_1_790' title='bbox 2867 3462 3052 3516; x_wconf 89' lang='lat' dir='ltr'><strong>dicens</strong></span> <span class='ocrx_word' id='word_1_791' title='bbox 3088 3482 3099 3516; x_wconf 93' lang='lat'>:</span> <span class='ocrx_word' id='word_1_792' title='bbox 3136 3463 3220 3516; x_wconf 88' lang='lat' dir='ltr'><strong>Ne</strong></span> <span class='ocrx_word' id='word_1_793' title='bbox 3247 3465 3448 3517; x_wconf 82' lang='lat' dir='ltr'><strong>solliciti</strong></span> <span class='ocrx_word' id='word_1_794' title='bbox 3491 3465 3603 3519; x_wconf 76' lang='lat' dir='ltr'><strong>sitis</strong></span> 
     </span>
    </p>
   </div>
   <div class='ocr_carea' id='block_1_97' title="bbox 2017 3550 3597 3622">
    <p class='ocr_par' dir='ltr' id='par_1_97' title="bbox 2017 3550 3597 3622">
     <span class='ocr_line' id='line_1_97' title="bbox 2017 3550 3597 3622; baseline 0.004 -21"><span class='ocrx_word' id='word_1_795' title='bbox 2017 3550 2202 3603; x_wconf 79' lang='lat' dir='ltr'><strong>anima:</strong></span> <span class='ocrx_word' id='word_1_796' title='bbox 2226 3561 2400 3604; x_wconf 68' lang='lat' dir='ltr'><strong>vestrm</strong></span> <span class='ocrx_word' id='word_1_797' title='bbox 2424 3553 2545 3618; x_wconf 90' lang='lat' dir='ltr'><strong>quid</strong></span> <span class='ocrx_word' id='word_1_798' title='bbox 2573 3553 2848 3606; x_wconf 78' lang='lat' dir='ltr'><strong>comedetis</strong></span> <span class='ocrx_word' id='word_1_799' title='bbox 2874 3594 2887 3615; x_wconf 94' lang='lat'><strong>,</strong></span> <span class='ocrx_word' id='word_1_800' title='bbox 2941 3569 3098 3621; x_wconf 87' lang='lat' dir='ltr'><strong>neque</strong></span> <span class='ocrx_word' id='word_1_801' title='bbox 3143 3554 3345 3622; x_wconf 85' lang='lat' dir='ltr'><strong>corpori</strong></span> <span class='ocrx_word' id='word_1_802' title='bbox 3394 3564 3555 3608; x_wconf 78' lang='lat' dir='ltr'><strong>vestro</strong></span> <span class='ocrx_word' id='word_1_803' title='bbox 3582 3597 3597 3620; x_wconf 92' lang='lat'><strong>,</strong></span> 
     </span>
    </p>
   </div>
   <div class='ocr_carea' id='block_1_98' title="bbox 2016 3641 3601 3715">
    <p class='ocr_par' dir='ltr' id='par_1_98' title="bbox 2016 3641 3601 3715">
     <span class='ocr_line' id='line_1_98' title="bbox 2016 3641 3601 3715; baseline 0.005 -22"><span class='ocrx_word' id='word_1_804' title='bbox 2016 3641 2139 3707; x_wconf 87' lang='lat' dir='ltr'><strong>quid</strong></span> <span class='ocrx_word' id='word_1_805' title='bbox 2160 3641 2443 3695; x_wconf 83' lang='lat' dir='ltr'><strong>induamini</strong></span> <span class='ocrx_word' id='word_1_806' title='bbox 2478 3642 2702 3714; x_wconf 79' lang='lat' dir='ltr'><strong>(Matth.</strong></span> <span class='ocrx_word' id='word_1_807' title='bbox 2738 3648 2788 3700; x_wconf 86' lang='lat'><strong>6.</strong></span> <span class='ocrx_word' id='word_1_808' title='bbox 2815 3645 2946 3715; x_wconf 75' lang='lat'><strong>‘25).</strong></span> <span class='ocrx_word' id='word_1_809' title='bbox 2973 3644 3028 3699; x_wconf 88' lang='lat' dir='ltr'><strong>Si</strong></span> <span class='ocrx_word' id='word_1_810' title='bbox 3058 3652 3234 3698; x_wconf 83' lang='lat' dir='ltr'><strong>autem</strong></span> <span class='ocrx_word' id='word_1_811' title='bbox 3256 3644 3324 3700; x_wconf 90' lang='lat' dir='ltr'><strong>de</strong></span> <span class='ocrx_word' id='word_1_812' title='bbox 3350 3646 3601 3701; x_wconf 79' lang='lat' dir='ltr'><strong>alimento</strong></span> 
     </span>
    </p>
   </div>
   <div class='ocr_carea' id='block_1_99' title="bbox 2019 3733 3597 3804">
    <p class='ocr_par' dir='ltr' id='par_1_99' title="bbox 2019 3733 3597 3804">
     <span class='ocr_line' id='line_1_99' title="bbox 2019 3733 3597 3804; baseline 0.004 -18"><span class='ocrx_word' id='word_1_813' title='bbox 2019 3734 2322 3787; x_wconf 81' lang='lat' dir='ltr'><strong>necessario</strong></span> <span class='ocrx_word' id='word_1_814' title='bbox 2343 3744 2398 3788; x_wconf 90' lang='lat' dir='ltr'><strong>et</strong></span> <span class='ocrx_word' id='word_1_815' title='bbox 2417 3733 2730 3790; x_wconf 86' lang='lat' dir='ltr'><strong>indumento</strong></span> <span class='ocrx_word' id='word_1_816' title='bbox 2762 3752 2866 3789; x_wconf 90' lang='lat' dir='ltr'><strong>non</strong></span> <span class='ocrx_word' id='word_1_817' title='bbox 2892 3746 3104 3804; x_wconf 78' lang='lat' dir='ltr'><strong>Oportet</strong></span> <span class='ocrx_word' id='word_1_818' title='bbox 3144 3752 3264 3791; x_wconf 85' lang='lat' dir='ltr'><strong>esse</strong></span> <span class='ocrx_word' id='word_1_819' title='bbox 3301 3737 3559 3792; x_wconf 86' lang='lat' dir='ltr'><strong>sollicitos</strong></span> <span class='ocrx_word' id='word_1_820' title='bbox 3582 3779 3597 3801; x_wconf 90' lang='lat'><strong>,</strong></span> 
     </span>
    </p>
   </div>
   <div class='ocr_carea' id='block_1_100' title="bbox 2019 3825 3604 3896">
    <p class='ocr_par' dir='ltr' id='par_1_100' title="bbox 2019 3825 3604 3896">
     <span class='ocr_line' id='line_1_100' title="bbox 2019 3825 3604 3896; baseline 0.003 -19"><span class='ocrx_word' id='word_1_821' title='bbox 2019 3840 2192 3893; x_wconf 88' lang='lat' dir='ltr'><strong>neque</strong></span> <span class='ocrx_word' id='word_1_822' title='bbox 2217 3825 2283 3878; x_wconf 89' lang='lat' dir='ltr'><strong>de</strong></span> <span class='ocrx_word' id='word_1_823' title='bbox 2309 3825 2396 3880; x_wconf 88' lang='lat' dir='ltr'><strong>die</strong></span> <span class='ocrx_word' id='word_1_824' title='bbox 2421 3827 2661 3896; x_wconf 86' lang='lat' dir='ltr'><strong>sequenti</strong></span> <span class='ocrx_word' id='word_1_825' title='bbox 2710 3842 2725 3879; x_wconf 88' lang='lat'><strong>:</strong></span> <span class='ocrx_word' id='word_1_826' title='bbox 2769 3828 2856 3894; x_wconf 86' lang='lat' dir='ltr'><strong>qui</strong></span> <span class='ocrx_word' id='word_1_827' title='bbox 2908 3836 3014 3880; x_wconf 88' lang='lat' dir='ltr'><strong>tam</strong></span> <span class='ocrx_word' id='word_1_828' title='bbox 3066 3829 3283 3881; x_wconf 88' lang='lat' dir='ltr'><strong>multam</strong></span> <span class='ocrx_word' id='word_1_829' title='bbox 3327 3828 3604 3882; x_wconf 84' lang='lat' dir='ltr'><strong>attrahunt</strong></span> 
     </span>
    </p>
   </div>
   <div class='ocr_carea' id='block_1_101' title="bbox 2018 3915 3597 3988">
    <p class='ocr_par' dir='ltr' id='par_1_101' title="bbox 2018 3915 3597 3988">
     <span class='ocr_line' id='line_1_101' title="bbox 2018 3915 3597 3988; baseline 0.003 -19"><span class='ocrx_word' id='word_1_830' title='bbox 2018 3915 2333 3986; x_wconf 79' lang='lat' dir='ltr'><strong>farraginem</strong></span> <span class='ocrx_word' id='word_1_831' title='bbox 2364 3932 2426 3970; x_wconf 90' lang='lat' dir='ltr'><strong>ac</strong></span> <span class='ocrx_word' id='word_1_832' title='bbox 2454 3918 2756 3987; x_wconf 78' lang='lat' dir='ltr'><strong>congeriem</strong></span> <span class='ocrx_word' id='word_1_833' title='bbox 2784 3959 2798 3981; x_wconf 93' lang='lat'><strong>,</strong></span> <span class='ocrx_word' id='word_1_834' title='bbox 2826 3930 2882 3972; x_wconf 90' lang='lat' dir='ltr'><strong>et</strong></span> <span class='ocrx_word' id='word_1_835' title='bbox 2911 3919 3116 3987; x_wconf 85' lang='lat' dir='ltr'><strong>seipsos</strong></span> <span class='ocrx_word' id='word_1_836' title='bbox 3139 3918 3392 3984; x_wconf 89' lang='lat' dir='ltr'><strong>obruttnt,</strong></span> <span class='ocrx_word' id='word_1_837' title='bbox 3424 3935 3597 3988; x_wconf 86' lang='lat' dir='ltr'><strong>quan-</strong></span> 
     </span>
    </p>
   </div>
   <div class='ocr_carea' id='block_1_102' title="bbox 2017 4007 3603 4079">
    <p class='ocr_par' dir='ltr' id='par_1_102' title="bbox 2017 4007 3603 4079">
     <span class='ocr_line' id='line_1_102' title="bbox 2017 4007 3603 4079; baseline 0.003 -18"><span class='ocrx_word' id='word_1_838' title='bbox 2017 4007 2086 4063; x_wconf 93' lang='lat' dir='ltr'><strong>do</strong></span> <span class='ocrx_word' id='word_1_839' title='bbox 2109 4017 2359 4078; x_wconf 90' lang='lat' dir='ltr'><strong>poteruut</strong></span> <span class='ocrx_word' id='word_1_840' title='bbox 2384 4010 2702 4079; x_wconf 85' lang='lat' dir='ltr'><strong>emergere?</strong></span> <span class='ocrx_word' id='word_1_841' title='bbox 2731 4011 2839 4064; x_wconf 56' lang='lat' dir='ltr'><strong>Bon</strong></span> <span class='ocrx_word' id='word_1_842' title='bbox 2891 4010 3099 4064; x_wconf 86' lang='lat' dir='ltr'><strong>audiisti</strong></span> <span class='ocrx_word' id='word_1_843' title='bbox 3148 4011 3366 4065; x_wconf 80' lang='lat' dir='ltr'><strong>Paulum</strong></span> <span class='ocrx_word' id='word_1_844' title='bbox 3415 4011 3603 4066; x_wconf 87' lang='lat' dir='ltr'><strong>dicen-</strong></span> 
     </span>
    </p>
   </div>
   <div class='ocr_carea' id='block_1_103' title="bbox 2020 4102 3601 4175">
    <p class='ocr_par' dir='ltr' id='par_1_103' title="bbox 2020 4102 3601 4175">
     <span class='ocr_line' id='line_1_103' title="bbox 2020 4102 3601 4175; baseline 0.001 -20"><span class='ocrx_word' id='word_1_845' title='bbox 2020 4109 2124 4156; x_wconf 82' lang='lat' dir='ltr'><strong>tem</strong></span> <span class='ocrx_word' id='word_1_846' title='bbox 2157 4119 2171 4155; x_wconf 87' lang='lat'><strong>:</strong></span> <span class='ocrx_word' id='word_1_847' title='bbox 2203 4102 2366 4156; x_wconf 87' lang='lat' dir='ltr'><strong>Nemo</strong></span> <span class='ocrx_word' id='word_1_848' title='bbox 2416 4104 2642 4159; x_wconf 80' lang='lat' dir='ltr'><strong>militans</strong></span> <span class='ocrx_word' id='word_1_849' title='bbox 2686 4105 2979 4175; x_wconf 79' lang='lat' dir='ltr'><strong>implicatur</strong></span> <span class='ocrx_word' id='word_1_850' title='bbox 3028 4106 3181 4173; x_wconf 73' lang='lat' dir='ltr'><strong>hujus</strong></span> <span class='ocrx_word' id='word_1_851' title='bbox 3224 4106 3339 4157; x_wconf 81' lang='lat' dir='ltr'><strong>vita:</strong></span> <span class='ocrx_word' id='word_1_852' title='bbox 3388 4105 3601 4174; x_wconf 74' lang='lat' dir='ltr'><strong>negotiis</strong></span> 
     </span>
    </p>
   </div>
   <div class='ocr_carea' id='block_1_104' title="bbox 2020 4193 3602 4264">
    <p class='ocr_par' dir='ltr' id='par_1_104' title="bbox 2020 4193 3602 4264">
     <span class='ocr_line' id='line_1_104' title="bbox 2020 4193 3602 4264; baseline 0.001 -18"><span class='ocrx_word' id='word_1_853' title='bbox 2020 4193 2109 4261; x_wconf 70' lang='lat'><strong>(‘2.</strong></span> <span class='ocrx_word' id='word_1_854' title='bbox 2139 4194 2274 4247; x_wconf 86' lang='lat' dir='ltr'><strong>Tim.</strong></span> <span class='ocrx_word' id='word_1_855' title='bbox 2300 4196 2350 4248; x_wconf 76' lang='grc'><strong>2.</strong></span> <span class='ocrx_word' id='word_1_856' title='bbox 2386 4196 2420 4248; x_wconf 72' lang='grc'><strong>4</strong></span> <span class='ocrx_word' id='word_1_857' title='bbox 2441 4196 2493 4264; x_wconf 79' lang='lat' dir='ltr'><strong>)‘l</strong></span> <span class='ocrx_word' id='word_1_858' title='bbox 2516 4195 2624 4251; x_wconf 88' lang='lat' dir='ltr'><strong>Nos</strong></span> <span class='ocrx_word' id='word_1_859' title='bbox 2652 4205 2833 4250; x_wconf 90' lang='lat' dir='ltr'><strong>autem</strong></span> <span class='ocrx_word' id='word_1_860' title='bbox 2863 4206 2917 4250; x_wconf 91' lang='lat' dir='ltr'><strong>et</strong></span> <span class='ocrx_word' id='word_1_861' title='bbox 2947 4196 3152 4250; x_wconf 90' lang='lat' dir='ltr'><strong>deliciis</strong></span> <span class='ocrx_word' id='word_1_862' title='bbox 3177 4208 3392 4263; x_wconf 87' lang='lat' dir='ltr'><strong>operam</strong></span> <span class='ocrx_word' id='word_1_863' title='bbox 3410 4195 3602 4248; x_wconf 90' lang='lat' dir='ltr'><strong>damus</strong></span> 
     </span>
    </p>
   </div>
   <div class='ocr_carea' id='block_1_105' title="bbox 2018 4287 3602 4356">
    <p class='ocr_par' dir='ltr' id='par_1_105' title="bbox 2018 4287 3602 4356">
     <span class='ocr_line' id='line_1_105' title="bbox 2018 4287 3602 4356; baseline -0.001 -15"><span class='ocrx_word' id='word_1_864' title='bbox 2018 4296 2073 4341; x_wconf 88' lang='lat' dir='ltr'><strong>et</strong></span> <span class='ocrx_word' id='word_1_865' title='bbox 2100 4288 2269 4340; x_wconf 88' lang='lat' dir='ltr'><strong>ventri</strong></span> <span class='ocrx_word' id='word_1_866' title='bbox 2309 4288 2643 4356; x_wconf 81' lang='lat' dir='ltr'><strong>indulgemus</strong></span> <span class='ocrx_word' id='word_1_867' title='bbox 2685 4297 2739 4340; x_wconf 87' lang='lat' dir='ltr'><strong>et</strong></span> <span class='ocrx_word' id='word_1_868' title='bbox 2782 4289 3144 4352; x_wconf 88' lang='lat' dir='ltr'><strong>iuebriamur,</strong></span> <span class='ocrx_word' id='word_1_869' title='bbox 3191 4297 3244 4341; x_wconf 89' lang='lat' dir='ltr'><strong>et</strong></span> <span class='ocrx_word' id='word_1_870' title='bbox 3296 4302 3392 4355; x_wconf 90' lang='lat' dir='ltr'><strong>pro</strong></span> <span class='ocrx_word' id='word_1_871' title='bbox 3439 4287 3602 4340; x_wconf 87' lang='lat' dir='ltr'><strong>rebus</strong></span> 
     </span>
    </p>
   </div>
   <div class='ocr_carea' id='block_1_106' title="bbox 2019 4370 3691 4446">
    <p class='ocr_par' dir='ltr' id='par_1_106' title="bbox 2019 4370 3691 4446">
     <span class='ocr_line' id='line_1_106' title="bbox 2019 4370 3691 4446; baseline 0.001 -18"><span class='ocrx_word' id='word_1_872' title='bbox 2019 4377 2233 4444; x_wconf 85' lang='lat' dir='ltr'><strong>quidem</strong></span> <span class='ocrx_word' id='word_1_873' title='bbox 2266 4378 2503 4430; x_wconf 85' lang='lat' dir='ltr'><strong>externis</strong></span> <span class='ocrx_word' id='word_1_874' title='bbox 2538 4376 2843 4446; x_wconf 79' lang='lat' dir='ltr'><strong>affligimur,</strong></span> <span class='ocrx_word' id='word_1_875' title='bbox 2882 4378 2932 4429; x_wconf 92' lang='lat' dir='ltr'><strong>in</strong></span> <span class='ocrx_word' id='word_1_876' title='bbox 2974 4378 3134 4430; x_wconf 89' lang='lat' dir='ltr'><strong>rebus</strong></span> <span class='ocrx_word' id='word_1_877' title='bbox 3164 4385 3341 4430; x_wconf 86' lang='lat' dir='ltr'><strong>autem</strong></span> <span class='ocrx_word' id='word_1_878' title='bbox 3371 4376 3602 4429; x_wconf 70' lang='lat' dir='ltr'><strong>cmlesti-</strong></span> <span class='ocrx_word' id='word_1_879' title='bbox 3687 4370 3691 4375; x_wconf 78' lang='grc'><strong>’</strong></span> 
     </span>
    </p>
   </div>
   <div class='ocr_carea' id='block_1_107' title="bbox 2019 4468 3603 4539">
    <p class='ocr_par' dir='ltr' id='par_1_107' title="bbox 2019 4468 3603 4539">
     <span class='ocr_line' id='line_1_107' title="bbox 2019 4468 3603 4539; baseline 0.001 -18"><span class='ocrx_word' id='word_1_880' title='bbox 2019 4468 2118 4522; x_wconf 88' lang='lat' dir='ltr'><strong>bus</strong></span> <span class='ocrx_word' id='word_1_881' title='bbox 2145 4468 2337 4522; x_wconf 91' lang='lat' dir='ltr'><strong>molles</strong></span> <span class='ocrx_word' id='word_1_882' title='bbox 2365 4483 2548 4522; x_wconf 90' lang='lat' dir='ltr'><strong>sumus</strong></span> <span class='ocrx_word' id='word_1_883' title='bbox 2576 4479 2627 4523; x_wconf 91' lang='lat' dir='ltr'><strong>et</strong></span> <span class='ocrx_word' id='word_1_884' title='bbox 2657 4468 2969 4523; x_wconf 68' lang='lat' dir='ltr'><strong>effeminati.</strong></span> <span class='ocrx_word' id='word_1_885' title='bbox 3001 4472 3080 4522; x_wconf 86' lang='lat' dir='ltr'><strong>An</strong></span> <span class='ocrx_word' id='word_1_886' title='bbox 3111 4469 3331 4523; x_wconf 89' lang='lat' dir='ltr'><strong>nescitis</strong></span> <span class='ocrx_word' id='word_1_887' title='bbox 3347 4470 3489 4539; x_wconf 90' lang='lat' dir='ltr'><strong>quod</strong></span> <span class='ocrx_word' id='word_1_888' title='bbox 3512 4484 3603 4523; x_wconf 82' lang='lat' dir='ltr'><strong>su-</strong></span> 
     </span>
    </p>
   </div>
   <div class='ocr_carea' id='block_1_108' title="bbox 2020 4557 3600 4632">
    <p class='ocr_par' dir='ltr' id='par_1_108' title="bbox 2020 4557 3600 4632">
     <span class='ocr_line' id='line_1_108' title="bbox 2020 4557 3600 4632; baseline 0.003 -20"><span class='ocrx_word' id='word_1_889' title='bbox 2020 4576 2115 4628; x_wconf 89' lang='lat' dir='ltr'><strong>pra</strong></span> <span class='ocrx_word' id='word_1_890' title='bbox 2145 4557 2414 4614; x_wconf 82' lang='lat' dir='ltr'><strong>hominem</strong></span> <span class='ocrx_word' id='word_1_891' title='bbox 2441 4571 2523 4615; x_wconf 89' lang='lat' dir='ltr'><strong>est</strong></span> <span class='ocrx_word' id='word_1_892' title='bbox 2552 4561 2879 4630; x_wconf 86' lang='lat' dir='ltr'><strong>promissio?</strong></span> <span class='ocrx_word' id='word_1_893' title='bbox 2909 4561 3023 4615; x_wconf 89' lang='lat' dir='ltr'><strong>Non</strong></span> <span class='ocrx_word' id='word_1_894' title='bbox 3054 4562 3179 4615; x_wconf 88' lang='lat' dir='ltr'><strong>licet</strong></span> <span class='ocrx_word' id='word_1_895' title='bbox 3226 4561 3371 4615; x_wconf 90' lang='lat' dir='ltr'><strong>humi</strong></span> <span class='ocrx_word' id='word_1_896' title='bbox 3422 4563 3600 4632; x_wconf 84' lang='lat' dir='ltr'><strong>ingre-</strong></span> 
     </span>
    </p>
   </div>
   <div class='ocr_carea' id='block_1_109' title="bbox 2019 4653 3603 4724">
    <p class='ocr_par' dir='ltr' id='par_1_109' title="bbox 2019 4653 3603 4724">
     <span class='ocr_line' id='line_1_109' title="bbox 2019 4653 3603 4724; baseline 0.001 -18"><span class='ocrx_word' id='word_1_897' title='bbox 2019 4653 2183 4708; x_wconf 90' lang='lat' dir='ltr'><strong>dienti</strong></span> <span class='ocrx_word' id='word_1_898' title='bbox 2210 4653 2325 4706; x_wconf 68' lang='lat' dir='ltr'><strong>czcli</strong></span> <span class='ocrx_word' id='word_1_899' title='bbox 2355 4653 2616 4724; x_wconf 86' lang='lat' dir='ltr'><strong>fastigium</strong></span> <span class='ocrx_word' id='word_1_900' title='bbox 2648 4653 2936 4709; x_wconf 84' lang='lat' dir='ltr'><strong>ascendere</strong></span> <span class='ocrx_word' id='word_1_901' title='bbox 2965 4672 2978 4706; x_wconf 90' lang='lat'><strong>:</strong></span> <span class='ocrx_word' id='word_1_902' title='bbox 3012 4671 3107 4710; x_wconf 91' lang='lat' dir='ltr'><strong>nos</strong></span> <span class='ocrx_word' id='word_1_903' title='bbox 3131 4668 3308 4709; x_wconf 87' lang='lat' dir='ltr'><strong>autem</strong></span> <span class='ocrx_word' id='word_1_904' title='bbox 3341 4672 3445 4710; x_wconf 90' lang='lat' dir='ltr'><strong>non</strong></span> <span class='ocrx_word' id='word_1_905' title='bbox 3492 4667 3603 4710; x_wconf 89' lang='lat' dir='ltr'><strong>stu-</strong></span> 
     </span>
    </p>
   </div>
   <div class='ocr_carea' id='block_1_110' title="bbox 2020 4744 3603 4811">
    <p class='ocr_par' dir='ltr' id='par_1_110' title="bbox 2020 4744 3603 4811">
     <span class='ocr_line' id='line_1_110' title="bbox 2020 4744 3603 4811; baseline 0.002 -12"><span class='ocrx_word' id='word_1_906' title='bbox 2020 4744 2208 4799; x_wconf 89' lang='lat' dir='ltr'><strong>demus</strong></span> <span class='ocrx_word' id='word_1_907' title='bbox 2257 4746 2438 4801; x_wconf 86' lang='lat' dir='ltr'><strong>vivere</strong></span> <span class='ocrx_word' id='word_1_908' title='bbox 2493 4746 2783 4800; x_wconf 88' lang='lat' dir='ltr'><strong>secundum</strong></span> <span class='ocrx_word' id='word_1_909' title='bbox 2838 4746 3141 4811; x_wconf 87' lang='lat' dir='ltr'><strong>hominem,</strong></span> <span class='ocrx_word' id='word_1_910' title='bbox 3191 4748 3282 4801; x_wconf 88' lang='lat' dir='ltr'><strong>sed</strong></span> <span class='ocrx_word' id='word_1_911' title='bbox 3328 4757 3383 4802; x_wconf 89' lang='lat' dir='ltr'><strong>et</strong></span> <span class='ocrx_word' id='word_1_912' title='bbox 3433 4748 3603 4802; x_wconf 79' lang='lat' dir='ltr'><strong>brutis</strong></span> 
     </span>
    </p>
   </div>
   <div class='ocr_carea' id='block_1_111' title="bbox 2021 4836 3599 4907">
    <p class='ocr_par' dir='ltr' id='par_1_111' title="bbox 2021 4836 3599 4907">
     <span class='ocr_line' id='line_1_111' title="bbox 2021 4836 3599 4907; baseline 0.001 -16"><span class='ocrx_word' id='word_1_913' title='bbox 2021 4836 2300 4891; x_wconf 87' lang='lat' dir='ltr'><strong>evadimus</strong></span> <span class='ocrx_word' id='word_1_914' title='bbox 2346 4837 2662 4892; x_wconf 89' lang='lat' dir='ltr'><strong>deteriores.</strong></span> <span class='ocrx_word' id='word_1_915' title='bbox 2707 4836 2931 4891; x_wconf 88' lang='lat' dir='ltr'><strong>Nescitis</strong></span> <span class='ocrx_word' id='word_1_916' title='bbox 2976 4853 3154 4893; x_wconf 88' lang='lat' dir='ltr'><strong>coram</strong></span> <span class='ocrx_word' id='word_1_917' title='bbox 3204 4854 3309 4907; x_wconf 89' lang='lat' dir='ltr'><strong>quo</strong></span> <span class='ocrx_word' id='word_1_918' title='bbox 3350 4839 3599 4893; x_wconf 81' lang='lat' dir='ltr'><strong>sistcmur</strong></span> 
     </span>
    </p>
   </div>
   <div class='ocr_carea' id='block_1_112' title="bbox 2024 4928 3600 4999">
    <p class='ocr_par' dir='ltr' id='par_1_112' title="bbox 2024 4928 3600 4999">
     <span class='ocr_line' id='line_1_112' title="bbox 2024 4928 3600 4999; baseline 0.001 -18"><span class='ocrx_word' id='word_1_919' title='bbox 2024 4928 2272 4981; x_wconf 89' lang='lat' dir='ltr'><strong>tribunali</strong></span> <span class='ocrx_word' id='word_1_920' title='bbox 2295 4928 2318 4981; x_wconf 76' lang='lat' dir='ltr'><strong>&#39;l</strong></span> <span class='ocrx_word' id='word_1_921' title='bbox 2343 4943 2521 4981; x_wconf 89' lang='lat' dir='ltr'><strong>annon</strong></span> <span class='ocrx_word' id='word_1_922' title='bbox 2549 4928 2793 4994; x_wconf 86' lang='lat' dir='ltr'><strong>cogitatis</strong></span> <span class='ocrx_word' id='word_1_923' title='bbox 2817 4928 2956 4998; x_wconf 91' lang='lat' dir='ltr'><strong>quod</strong></span> <span class='ocrx_word' id='word_1_924' title='bbox 2989 4939 3045 4985; x_wconf 88' lang='lat' dir='ltr'><strong>et</strong></span> <span class='ocrx_word' id='word_1_925' title='bbox 3069 4933 3352 4984; x_wconf 86' lang='lat' dir='ltr'><strong>verborum</strong></span> <span class='ocrx_word' id='word_1_926' title='bbox 3382 4940 3436 4985; x_wconf 89' lang='lat' dir='ltr'><strong>et</strong></span> <span class='ocrx_word' id='word_1_927' title='bbox 3458 4931 3600 4999; x_wconf 80' lang='lat' dir='ltr'><strong>cogi-</strong></span> 
     </span>
    </p>
   </div>
   <div class='ocr_carea' id='block_1_113' title="bbox 2024 5018 3598 5088">
    <p class='ocr_par' dir='ltr' id='par_1_113' title="bbox 2024 5018 3598 5088">
     <span class='ocr_line' id='line_1_113' title="bbox 2024 5018 3598 5088; baseline 0.001 -16"><span class='ocrx_word' id='word_1_928' title='bbox 2024 5021 2280 5072; x_wconf 89' lang='lat' dir='ltr'><strong>tationum</strong></span> <span class='ocrx_word' id='word_1_929' title='bbox 2306 5034 2335 5071; x_wconf 89' lang='lat' dir='ltr'><strong>a</strong></span> <span class='ocrx_word' id='word_1_930' title='bbox 2363 5018 2518 5072; x_wconf 91' lang='lat' dir='ltr'><strong>nobis</strong></span> <span class='ocrx_word' id='word_1_931' title='bbox 2545 5018 2787 5087; x_wconf 79' lang='lat' dir='ltr'><strong>exigetur</strong></span> <span class='ocrx_word' id='word_1_932' title='bbox 2820 5021 2956 5074; x_wconf 87' lang='lat' dir='ltr'><strong>ratio</strong></span> <span class='ocrx_word' id='word_1_933' title='bbox 2978 5062 2993 5086; x_wconf 95' lang='lat'><strong>,</strong></span> <span class='ocrx_word' id='word_1_934' title='bbox 3041 5030 3096 5075; x_wconf 89' lang='lat' dir='ltr'><strong>et</strong></span> <span class='ocrx_word' id='word_1_935' title='bbox 3135 5036 3204 5074; x_wconf 91' lang='lat' dir='ltr'><strong>ne</strong></span> <span class='ocrx_word' id='word_1_936' title='bbox 3249 5036 3339 5075; x_wconf 89' lang='lat' dir='ltr'><strong>res</strong></span> <span class='ocrx_word' id='word_1_937' title='bbox 3385 5020 3598 5088; x_wconf 88' lang='lat' dir='ltr'><strong>quidem</strong></span> 
     </span>
    </p>
   </div>
   <div class='ocr_carea' id='block_1_114' title="bbox 2021 5109 3601 5181">
    <p class='ocr_par' dir='ltr' id='par_1_114' title="bbox 2021 5109 3601 5181">
     <span class='ocr_line' id='line_1_114' title="bbox 2021 5109 3601 5181; baseline 0.002 -19"><span class='ocrx_word' id='word_1_938' title='bbox 2021 5109 2309 5163; x_wconf 84' lang='lat' dir='ltr'><strong>curamus?</strong></span> <span class='ocrx_word' id='word_1_939' title='bbox 2342 5109 2442 5176; x_wconf 82' lang='lat' dir='ltr'><strong>Qui</strong></span> <span class='ocrx_word' id='word_1_940' title='bbox 2469 5109 2611 5163; x_wconf 88' lang='lat' dir='ltr'><strong>enim</strong></span> <span class='ocrx_word' id='word_1_941' title='bbox 2640 5112 2837 5179; x_wconf 69' lang='lat' dir='ltr'><strong>aspexit</strong></span> <span class='ocrx_word' id='word_1_942' title='bbox 2864 5113 3126 5165; x_wconf 86' lang='lat' dir='ltr'><strong>mulierem</strong></span> <span class='ocrx_word' id='word_1_943' title='bbox 3153 5113 3220 5164; x_wconf 88' lang='lat' dir='ltr'><strong>ad</strong></span> <span class='ocrx_word' id='word_1_944' title='bbox 3242 5111 3601 5181; x_wconf 73' lang='lat' dir='ltr'><strong>concupiscen-</strong></span> 
     </span>
    </p>
   </div>
   <div class='ocr_carea' id='block_1_115' title="bbox 2023 5199 3603 5273">
    <p class='ocr_par' dir='ltr' id='par_1_115' title="bbox 2023 5199 3603 5273">
     <span class='ocr_line' id='line_1_115' title="bbox 2023 5199 3603 5273; baseline 0.003 -21"><span class='ocrx_word' id='word_1_945' title='bbox 2023 5199 2142 5252; x_wconf 83' lang='lat' dir='ltr'><strong>dum</strong></span> <span class='ocrx_word' id='word_1_946' title='bbox 2169 5215 2297 5260; x_wconf 88' lang='lat' dir='ltr'><strong>eam,</strong></span> <span class='ocrx_word' id='word_1_947' title='bbox 2318 5200 2430 5269; x_wconf 89' lang='lat' dir='ltr'><strong>jam</strong></span> <span class='ocrx_word' id='word_1_948' title='bbox 2450 5210 2522 5252; x_wconf 78' lang='lat' dir='ltr'><strong>est</strong></span> <span class='ocrx_word' id='word_1_949' title='bbox 2550 5200 2825 5255; x_wconf 79' lang='lat' dir='ltr'><strong>nuechatus</strong></span> <span class='ocrx_word' id='word_1_950' title='bbox 2855 5202 2871 5269; x_wconf 95' lang='lat'><strong>(</strong></span> <span class='ocrx_word' id='word_1_951' title='bbox 2902 5201 3085 5255; x_wconf 80' lang='lat' dir='ltr'><strong>Matth.</strong></span> <span class='ocrx_word' id='word_1_952' title='bbox 3115 5202 3166 5257; x_wconf 85' lang='lat'><strong>5.</strong></span> <span class='ocrx_word' id='word_1_953' title='bbox 3188 5203 3319 5273; x_wconf 67' lang='lat'><strong>28).</strong></span> <span class='ocrx_word' id='word_1_954' title='bbox 3362 5202 3468 5258; x_wconf 90' lang='lat' dir='ltr'><strong>Sed</strong></span> <span class='ocrx_word' id='word_1_955' title='bbox 3512 5207 3603 5257; x_wconf 68' lang='lat' dir='ltr'><strong>&#39;ta-</strong></span> 
     </span>
    </p>
   </div>
   <div class='ocr_carea' id='block_1_116' title="bbox 2026 5290 3595 5360">
    <p class='ocr_par' dir='ltr' id='par_1_116' title="bbox 2026 5290 3595 5360">
     <span class='ocr_line' id='line_1_116' title="bbox 2026 5290 3595 5360; baseline 0.003 -18"><span class='ocrx_word' id='word_1_956' title='bbox 2026 5306 2145 5343; x_wconf 85' lang='lat' dir='ltr'><strong>men</strong></span> <span class='ocrx_word' id='word_1_957' title='bbox 2177 5290 2263 5359; x_wconf 90' lang='lat' dir='ltr'><strong>qui</strong></span> <span class='ocrx_word' id='word_1_958' title='bbox 2293 5292 2454 5343; x_wconf 87' lang='lat' dir='ltr'><strong>etiam</strong></span> <span class='ocrx_word' id='word_1_959' title='bbox 2499 5290 2698 5344; x_wconf 82' lang='lat' dir='ltr'><strong>curiosi</strong></span> <span class='ocrx_word' id='word_1_960' title='bbox 2740 5302 2987 5360; x_wconf 90' lang='lat' dir='ltr'><strong>aspectus</strong></span> <span class='ocrx_word' id='word_1_961' title='bbox 3030 5293 3260 5347; x_wconf 88' lang='lat' dir='ltr'><strong>reddunt</strong></span> <span class='ocrx_word' id='word_1_962' title='bbox 3302 5295 3595 5359; x_wconf 85' lang='lat' dir='ltr'><strong>rationem,</strong></span> 
     </span>
    </p>
   </div>
   <div class='ocr_carea' id='block_1_117' title="bbox 2026 5380 3598 5454">
    <p class='ocr_par' dir='ltr' id='par_1_117' title="bbox 2026 5380 3598 5454">
     <span class='ocr_line' id='line_1_117' title="bbox 2026 5380 3598 5454; baseline 0.002 -22"><span class='ocrx_word' id='word_1_963' title='bbox 2026 5395 2129 5434; x_wconf 88' lang='lat' dir='ltr'><strong>n0n</strong></span> <span class='ocrx_word' id='word_1_964' title='bbox 2156 5390 2403 5433; x_wconf 54' lang='lat' dir='ltr'><strong>recusant</strong></span> <span class='ocrx_word' id='word_1_965' title='bbox 2429 5381 2511 5434; x_wconf 85' lang='lat' dir='ltr'><strong>vel</strong></span> <span class='ocrx_word' id='word_1_966' title='bbox 2536 5380 2585 5433; x_wconf 89' lang='lat' dir='ltr'><strong>in</strong></span> <span class='ocrx_word' id='word_1_967' title='bbox 2616 5380 2730 5449; x_wconf 87' lang='lat' dir='ltr'><strong>ipso</strong></span> <span class='ocrx_word' id='word_1_968' title='bbox 2760 5392 3066 5450; x_wconf 84' lang='lat' dir='ltr'><strong>putrescere</strong></span> <span class='ocrx_word' id='word_1_969' title='bbox 3106 5395 3347 5454; x_wconf 77' lang='lat' dir='ltr'><strong>peccato.</strong></span> <span class='ocrx_word' id='word_1_970' title='bbox 3392 5385 3489 5451; x_wconf 79' lang='lat' dir='ltr'><strong>Qui</strong></span> <span class='ocrx_word' id='word_1_971' title='bbox 3515 5385 3598 5435; x_wconf 84' lang='lat' dir='ltr'><strong>di-</strong></span> 
     </span>
    </p>
   </div>
   <div class='ocr_carea' id='block_1_118' title="bbox 2025 5472 3597 5547">
    <p class='ocr_par' dir='ltr' id='par_1_118' title="bbox 2025 5472 3597 5547">
     <span class='ocr_line' id='line_1_118' title="bbox 2025 5472 3597 5547; baseline 0.001 -24"><span class='ocrx_word' id='word_1_972' title='bbox 2025 5472 2090 5525; x_wconf 75' lang='lat' dir='ltr'><strong>cit</strong></span> <span class='ocrx_word' id='word_1_973' title='bbox 2116 5473 2263 5542; x_wconf 73' lang='lat' dir='ltr'><strong>fratri</strong></span> <span class='ocrx_word' id='word_1_974' title='bbox 2295 5489 2409 5538; x_wconf 85' lang='lat' dir='ltr'><strong>suo,</strong></span> <span class='ocrx_word' id='word_1_975' title='bbox 2440 5472 2626 5538; x_wconf 86' lang='lat' dir='ltr'><strong>Stulte,</strong></span> <span class='ocrx_word' id='word_1_976' title='bbox 2655 5475 3002 5529; x_wconf 83' lang='lat' dir='ltr'><strong>deturbabitur</strong></span> <span class='ocrx_word' id='word_1_977' title='bbox 3030 5476 3081 5529; x_wconf 88' lang='lat' dir='ltr'><strong>in</strong></span> <span class='ocrx_word' id='word_1_978' title='bbox 3109 5479 3387 5547; x_wconf 83' lang='lat' dir='ltr'><strong>gehcnnmtt</strong></span> <span class='ocrx_word' id='word_1_979' title='bbox 3416 5478 3432 5540; x_wconf 86' lang='lat'><strong>(</strong></span> <span class='ocrx_word' id='word_1_980' title='bbox 3458 5475 3597 5527; x_wconf 82' lang='lat' dir='ltr'><strong>Ibid.</strong></span> 
     </span>
    </p>
   </div>
   <div class='ocr_carea' id='block_1_119' title="bbox 2026 5563 3598 5636">
    <p class='ocr_par' dir='ltr' id='par_1_119' title="bbox 2026 5563 3598 5636">
     <span class='ocr_line' id='line_1_119' title="bbox 2026 5563 3598 5636; baseline -0.001 -20"><span class='ocrx_word' id='word_1_981' title='bbox 2026 5578 2074 5616; x_wconf 75' lang='grc' dir='ltr'><strong>ι’.</strong></span> <span class='ocrx_word' id='word_1_982' title='bbox 2103 5563 2174 5617; x_wconf 68' lang='lat'><strong>22’.</strong></span> <span class='ocrx_word' id='word_1_983' title='bbox 2200 5565 2238 5630; x_wconf 88' lang='lat'><strong>).</strong></span> <span class='ocrx_word' id='word_1_984' title='bbox 2269 5564 2376 5618; x_wconf 83' lang='lat' dir='ltr'><strong>Nos</strong></span> <span class='ocrx_word' id='word_1_985' title='bbox 2405 5575 2580 5618; x_wconf 81' lang='lat' dir='ltr'><strong>autem</strong></span> <span class='ocrx_word' id='word_1_986' title='bbox 2605 5565 3011 5622; x_wconf 83' lang='lat' dir='ltr'><strong>innumerabilia</strong></span> <span class='ocrx_word' id='word_1_987' title='bbox 3044 5569 3235 5636; x_wconf 89' lang='lat' dir='ltr'><strong>probra</strong></span> <span class='ocrx_word' id='word_1_988' title='bbox 3265 5569 3314 5619; x_wconf 92' lang='lat' dir='ltr'><strong>iu</strong></span> <span class='ocrx_word' id='word_1_989' title='bbox 3345 5582 3438 5618; x_wconf 80' lang='lat' dir='ltr'><strong>eos</strong></span> <span class='ocrx_word' id='word_1_990' title='bbox 3486 5574 3598 5617; x_wconf 89' lang='lat' dir='ltr'><strong>tor-</strong></span> 
     </span>
    </p>
   </div>
   <div class='ocr_carea' id='block_1_120' title="bbox 2028 5656 3604 5728">
    <p class='ocr_par' dir='ltr' id='par_1_120' title="bbox 2028 5656 3604 5728">
     <span class='ocr_line' id='line_1_120' title="bbox 2028 5656 3604 5728; baseline -0.001 -19"><span class='ocrx_word' id='word_1_991' title='bbox 2028 5674 2190 5728; x_wconf 84' lang='lat' dir='ltr'><strong>quere</strong></span> <span class='ocrx_word' id='word_1_992' title='bbox 2214 5699 2228 5723; x_wconf 90' lang='lat'><strong>,</strong></span> <span class='ocrx_word' id='word_1_993' title='bbox 2261 5668 2313 5714; x_wconf 87' lang='lat' dir='ltr'><strong>ct</strong></span> <span class='ocrx_word' id='word_1_994' title='bbox 2341 5656 2485 5712; x_wconf 87' lang='lat' dir='ltr'><strong>varic</strong></span> <span class='ocrx_word' id='word_1_995' title='bbox 2513 5661 2590 5715; x_wconf 87' lang='lat' dir='ltr'><strong>eis</strong></span> <span class='ocrx_word' id='word_1_996' title='bbox 2615 5659 2852 5716; x_wconf 71' lang='lat' dir='ltr'><strong>insidiari</strong></span> <span class='ocrx_word' id='word_1_997' title='bbox 2880 5678 2984 5716; x_wconf 89' lang='lat' dir='ltr'><strong>non</strong></span> <span class='ocrx_word' id='word_1_998' title='bbox 3018 5661 3345 5716; x_wconf 81' lang='lat' dir='ltr'><strong>desistimus.</strong></span> <span class='ocrx_word' id='word_1_999' title='bbox 3372 5657 3471 5721; x_wconf 83' lang='lat' dir='ltr'><strong>Qui</strong></span> <span class='ocrx_word' id='word_1_1000' title='bbox 3503 5657 3604 5708; x_wconf 89' lang='lat' dir='ltr'><strong>dl-</strong></span> 
     </span>
    </p>
   </div>
  </div>
