4018 6156
405 223 511 281 367

404 339 520 411 ligit
540 338 848 410 diligentem
873 379 888 405 ,
919 352 1024 393 non
1054 335 1173 407 plus
1198 335 1359 391 habet
1386 347 1546 403 quam
1573 331 1855 387 ethnicus:
1890 346 1988 388 nos

404 441 585 490 autem
623 432 706 490 eis
733 446 946 503 quoque
972 428 1294 485 invidemus.
1333 427 1632 494 Quamnam
1678 440 1808 496 ergo
1853 421 1993 480 coni

406 539 698 595 sequenmr
723 524 933 580 veniam
953 562 971 589 ,
1003 519 1218 592 quando
1244 528 1427 574 vetera
1452 518 1586 587 jussi
1611 525 1761 586 septa
1799 517 1990 570 transi-

410 614 541 680 lire,
570 622 808 669 nostram
850 613 972 666 vitae
1017 610 1237 681 agenda:
1262 609 1528 664 rationem
1561 608 1723 663 etiam
1775 607 1987 661 illorum

371 750 373 752 .
409 718 658 761 mensura
686 702 1021 768 cmiteximus
1054 702 1317 756 minorem
1341 700 1630 769 Tquaenam
1662 713 1760 752 nos
1798 698 1991 766 eripiet

408 795 620 850 oratio?
645 793 767 863 quis
788 793 944 848 nobis
969 792 1182 858 aderit,
1214 800 1273 847 et
1295 806 1458 860 opem
1493 788 1637 846 feret
1664 789 1792 843 dum
1831 788 1992 844 Casti-

406 884 636 957 gamuri
656 882 847 943 Nullus
867 924 883 951 ,
911 883 1006 942 sed
1035 897 1257 939 necesse
1296 890 1382 937 est
1420 882 1645 934 omnino
1692 879 1987 950 ejulantes.

409 978 673 1048 lugentes,
698 975 950 1033 dentibus
972 974 1264 1031 frementes
1287 1013 1303 1039 ,
1352 971 1630 1027 tormentis
1678 971 1943 1026 cruciatos
1970 1009 1989 1036 ,

406 1070 598 1127 abduci
622 1070 679 1125 in
702 1068 823 1123 illas
844 1068 962 1124 luce
986 1075 1236 1122 carentes
1266 1064 1537 1129 tenebras,
1561 1065 1614 1117 in
1641 1063 1856 1118 dolores
1878 1063 1989 1118 inc-

405 1161 674 1229 vitabiles,
700 1162 760 1215 in
784 1175 969 1230 poenas
1016 1157 1403 1214 intolerabiles.
1456 1155 1813 1221 Quamobrem
1860 1169 1992 1224 rogo

405 1264 463 1311 et
485 1255 732 1317 obsecro,
763 1260 821 1308 et
848 1260 1027 1308 vestra
1053 1249 1466 1320 apprehendens
1489 1262 1659 1318 genua
1707 1246 1949 1315 supplico
1968 1286 1997 1311 ν

409 1348 584 1401 donec
608 1344 868 1400 habemus
894 1345 996 1399 hoc
1045 1357 1267 1413 parvum
1317 1342 1438 1395 vita:
1485 1340 1769 1406 viaticum,
1819 1348 1876 1392 ut
1922 1338 1988 1393 iis

407 1453 528 1508 quae
549 1436 692 1493 dicta
713 1445 838 1492 sunt
859 1450 1285 1506 compungamur
1302 1474 1318 1499 ,
1350 1442 1762 1494 convertamur,
1796 1430 1987 1486 redda-

413 1547 534 1586 mur
561 1531 849 1586 meliores:
881 1545 968 1594 ue,
997 1529 1136 1583 sicut
1158 1527 1248 1582 ille
1274 1526 1445 1592 dives,
1475 1525 1731 1579 inutiliter
1758 1523 1867 1577 illic
1911 1523 1993 1575 la-

414 1633 719 1679 mentemur
736 1637 856 1678 cum
887 1621 1313 1684 excesserimus,
1368 1627 1422 1672 et
1459 1616 1789 1679 deﬂeamus;
1833 1614 1985 1669 ﬂetus

1151 216 1209 275 s.
1246 180 1523 275 totum
1557 216 2025 274 CllllYSOSTOMI
2068 218 2376 274 AltClllEP.
2419 219 2945 279 CONSTANTINOP.

3571 226 3681 283 368

2097 342 2273 387 autem
2295 334 2424 389 nihil
2454 335 2611 390 nobis
2641 336 2863 392 remedii
2893 336 3100 394 afferat.
3130 336 3264 393 Nam
3309 338 3422 394 sive
3467 348 3674 408 patrem

2096 421 2296 478 habeas
2316 465 2331 489 ,
2363 425 2476 479 sive
2508 425 2672 478 tilium
2698 467 2713 493 ,
2744 427 2859 483 sive
2902 430 3145 497 quemvis
3189 429 3354 483 alium
3401 429 3491 498 qui
3537 430 3675 498 apud

2096 515 2263 569 Deum
2299 516 2491 571 habeat
2518 517 2784 585 liduciam,
2813 536 2970 575 nemo
2997 530 3047 575 te
3075 521 3288 590 eripiet,
3318 535 3438 575 cum
3466 522 3675 590 propria

2095 616 2181 660 tua
2217 606 2352 661 facta
2384 619 2436 662 te
2464 610 2711 677 prodant.
2743 611 2876 666 Tale
2900 622 2982 665 est
3018 613 3160 665 enim
3194 610 3321 665 illud
3367 610 3628 681 judicium
3657 629 3672 665 :

2090 697 2293 768 judicat
2311 702 2484 756 solum
2509 718 2574 756 ex
2599 704 3029 771 operationibus,
3055 720 3152 759 nec
3177 705 3451 760 alitcrillic
3472 707 3675 760 salvum

2094 807 2214 846 esse
2239 793 2379 848 licet.
2411 793 2534 848 Η-ευο
2556 804 2734 849 autem
2761 795 2903 859 dico,
2935 811 3040 851 non
3071 805 3129 849 ut
3176 796 3267 850 tibi
3309 796 3553 851 dolorem
3598 798 3676 852 in-

2094 883 2283 951 feram,
2310 901 2414 940 non
2439 897 2495 941 ut
2519 887 2751 957 injiciam
2782 887 2839 942 in
2865 888 3315 957 desperationem,
3342 888 3436 943 sed
3463 905 3529 943 ne
3558 892 3673 943 ina-

2096 976 2148 1029 ni
2172 987 2228 1031 et
2247 976 2433 1047 frigida
2455 993 2552 1048 spe
2575 980 2779 1047 nutriti,
2810 980 3014 1035 ethuic
3054 989 3112 1035 et
3155 980 3226 1034 illi
3268 981 3497 1037 ﬁdentes
3521 1023 3537 1046 ,
3581 997 3680 1038 no-

2097 1078 2259 1123 stram
2284 1070 2613 1139 negligamus
2631 1069 2903 1126 virtutem.
2920 1071 3051 1125 Nam
3080 1073 3123 1125 si
3147 1072 3403 1151 socordes
3424 1071 3679 1128 fuerimus

2094 1176 2157 1216 ac
2184 1162 2541 1231 negligentes,
2580 1177 2685 1217 non
2712 1163 2912 1233 justus,
2942 1179 3050 1219 non
3077 1164 3339 1233 propheta
3361 1206 3377 1229 ,
3404 1179 3512 1221 non
3555 1180 3682 1235 apo-

2096 1253 2265 1308 stolus
2289 1293 2303 1318 ,
2346 1270 2503 1308 nemo
2547 1255 2702 1310 nobis
2740 1255 2913 1310 aderit
2941 1272 2955 1308 :
2983 1257 3028 1310 si
3058 1271 3186 1310 vero
3223 1256 3457 1312 studium
3498 1266 3555 1312 et
3593 1257 3679 1312 di-

2093 1344 2363 1413 ligentiam
2390 1344 2818 1412 adhibuerimus,
2850 1363 2913 1401 ex
2939 1347 3190 1416 operibus
3212 1348 3560 1403 sufﬁcientem
3594 1350 3684 1402 ha-

2095 1435 2283 1490 buntcs
2302 1435 2692 1502 defensionem,
2715 1450 2835 1491 cum
2862 1437 3107 1493 libertate
3132 1452 3193 1491 ac
3220 1436 3412 1493 ﬁducia
3454 1437 3705 1514 lruemun

2094 1526 2256 1580 etiam
2323 1527 2517 1591 bouis,
2571 1542 2689 1596 quae
2753 1537 2877 1581 sunt
2948 1529 3183 1596 reposita
3233 1528 3300 1582 iis
3365 1530 3453 1599 qui
3508 1530 3672 1585 Deum

2094 1616 2323 1685 diligunt
2368 1635 2382 1670 :
2419 1634 2536 1685 quae
2576 1618 2733 1672 detur
2780 1619 2932 1673 nobis
2970 1620 3219 1675 omnibus
3256 1621 3551 1690 consequi,
3574 1632 3680 1676 etc.

500 1726 2133 1751 Μ

1718 1780 2064 1842 HOMILIA
2106 1780 2333 1842 XLIII.

411 1909 538 1964 Car.
570 1908 656 1962 l6.
693 1922 743 1960 v.
775 1907 828 1961 l.
863 1905 940 1960 De
976 1904 1199 1960 collectis
1246 1912 1413 1957 autent
1455 1917 1568 1970 qua:
1602 1902 1734 1970 ﬁunt
1771 1901 1824 1954 in
1871 1917 1999 1955 san-

484 2011 611 2067 ctos,
633 1999 763 2054 sicut
777 1998 1009 2053 ordinatn'
1033 1981 1271 2051 Ecclesiis
1292 1993 1512 2049 Galatia!
1529 2035 1542 2059 ,
1568 1996 1641 2046 ita
1666 2003 1714 2046 et
1737 2007 1822 2046 vos
1848 1993 2000 2061 facile

483 2108 575 2164 per
597 2106 757 2145 unam
781 2089 999 2144 sabbati.
1096 2110 1099 2111 ν

487 2188 514 2240 1
530 2223 544 2237 .
573 2182 831 2238 Absoluta
855 2180 1098 2235 oratione
1123 2177 1193 2232 de
1225 2174 1567 2246 dogmatibus
1588 2214 1611 2240 ,
1652 2186 2011 2244 aggressurus-

419 2292 538 2330 eam
565 2290 686 2345 qua:
712 2273 879 2341 magis
908 2277 1115 2340 spectat
1140 2267 1207 2323 ad
1234 2282 1432 2330 mores,
1465 2265 1645 2320 missis
1675 2265 2002 2332 aliis,procc-

420 2367 501 2420 dit
528 2365 594 2420 ad
620 2378 888 2419 summam
917 2362 1179 2416 bonorum
1196 2398 1211 2422 ,
1239 2358 1402 2413 verba
1439 2356 1638 2411 faciens
1666 2356 1734 2411 de
1762 2357 2000 2410 eleemo-

421 2472 576 2530 syna.
627 2455 735 2511 Sed
782 2469 903 2509 cum
950 2454 1019 2508 de
1065 2466 1133 2506 eo
1175 2451 1296 2506 solo
1341 2449 1720 2512 disseruisset,
1766 2448 1999 2514 desinit;

425 2562 746 2619 quamquam
771 2560 1037 2615 nusquam
1064 2544 1166 2599 hoc
1198 2545 1321 2599 fecit
1342 2582 1361 2609 ,
1394 2541 1489 2597 sed
1525 2541 1594 2596 de
1620 2541 1960 2612 eleemosyna
1982 2580 2003 2606 ,

425 2641 493 2695 de
523 2637 897 2709 temperantia,
930 2637 998 2692 de
1027 2634 1436 2691 mansuetudine.
1463 2675 1479 2701 ,
1526 2633 1595 2688 de
1645 2633 1861 2687 leuitate
1881 2672 1898 2699 ,
1937 2631 2008 2687 de

427 2732 679 2803 patientia
700 2732 875 2801 deque
903 2730 1023 2785 aliis
1053 2729 1301 2783 omnibus
1329 2726 1544 2781 disserit
1571 2726 1623 2780 in
1654 2725 1775 2781 aliis
1795 2725 2005 2795 Episto-

428 2825 494 2878 lis
519 2826 571 2877 in
604 2824 728 2878 line.
752 2823 930 2890 Quare
955 2837 1083 2891 ergo
1124 2821 1242 2890 ejus
1288 2818 1430 2889 quod
1469 2827 1674 2887 spectat
1716 2817 1782 2872 ad
1825 2833 2007 2872 mores

430 2915 565 2968 hanc
593 2912 762 2968 solam
810 2911 899 2966 hic
949 2920 1140 2965 tractat
1184 2908 1431 2979 partem?
1478 2908 1738 2975 Quoniam
1777 2922 1962 2962 eorum
1988 2948 2004 2971 ,

425 3022 544 3076 qua:
574 3006 719 3075 prius
747 3005 889 3060 dicta
910 3015 1053 3070 sunt,
1081 3003 1228 3073 plura
1255 3003 1425 3072 mgis
1454 3001 1784 3070 pertinebant
1804 2999 1876 3053 ad
1893 3015 2009 3053 mo-

432 3112 520 3152 res
542 3139 557 3160 ,
594 3113 689 3167 per
741 3112 863 3166 quae
904 3096 1181 3165 castigavit
1211 3096 1582 3149 l'oruicatorem
1608 3133 1627 3159 ,
1654 3109 1748 3163 per
1772 3108 1891 3163 qua:
1916 3109 2009 3146 eos

431 3189 712 3244 admonuit
746 3189 837 3259 qui
881 3188 1015 3244 l'oris
1041 3188 1246 3259 judicio
1282 3186 1709 3251 contendebant,
1759 3201 1855 3254 per
1891 3201 2012 3255 quae

435 3282 628 3336 terruit
665 3281 907 3337 ebriosos
930 3292 985 3336 et
1009 3297 1105 3336 eos
1134 3281 1224 3351 qui
1268 3280 1442 3335 ventri
1493 3278 1869 3349 indulgebant.
1918 3293 2012 3347 per

433 3388 555 3442 qua:
575 3389 669 3427 eos
692 3372 1073 3428 condemnavit
1099 3373 1188 3443 qui
1216 3372 1534 3428 seditionem
1560 3370 1829 3440 agitabant
1846 3413 1859 3433 ,
1885 3385 2014 3423 cou-

437 3464 766 3532 tendebant,
816 3466 1290 3537 magistratumque
1340 3476 1396 3520 et
1439 3464 1660 3534 imperia
1700 3447 2011 3527 amb'ibant,

438 3571 533 3626 per
562 3572 681 3626 qua:
712 3570 828 3620 eos,
858 3557 947 3627 qui
983 3556 1199 3627 indigne
1226 3556 1556 3611 accedebant
1601 3554 1668 3609 ad
1718 3553 1971 3625 mysteria
1996 3593 2012 3618 ,

436 3647 510 3700 illi
540 3648 880 3703 intolerando
907 3648 1125 3713 tradidit
1154 3648 1421 3718 supplicio
1440 3689 1454 3711 ,
1484 3663 1579 3717 per
1612 3663 1729 3716 quae
1763 3646 2021 3700 disseruit

436 3736 506 3791 de
549 3738 793 3791 caritate.
832 3737 1119 3807 Propterea
1148 3738 1266 3806 ejus
1293 3738 1467 3792 solum
1496 3737 1738 3791 meminit
1765 3751 1871 3805 quo
1901 3748 2018 3787 ma-

441 3826 584 3880 xime
627 3842 763 3894 opus
802 3826 1062 3892 habebat,
1109 3843 1305 3896 nempe
1353 3828 1472 3896 opis
1520 3826 1754 3882 ferenda:
1795 3825 2017 3881 sanctis.

441 3915 578 3971 Vide
624 3926 805 3970 autem
848 3916 966 3985 ejus
1008 3917 1283 3971 solertiam
1312 3933 1329 3974 :
1360 3917 1573 3986 quando
1624 3919 1704 3972 eis
1761 3917 2024 3986 persuasit

446 4008 920 4073 resurrectionem,
952 4023 1150 4078 eosque
1178 4010 1303 4063 fecit
1333 4011 1695 4078 promptiores
1743 4019 1798 4064 et
1843 4009 2025 4063 animo

442 4101 757 4167 alacriores,
783 4111 908 4156 tunc
933 4100 1150 4157 demum
1178 4100 1247 4155 de
1266 4115 1335 4155 co
1359 4116 1571 4171 quoque
1599 4100 1831 4157 disserit.
1866 4098 2022 4166 Atqui

442 4193 512 4247 de
540 4191 623 4247 his
659 4207 874 4262 quoque
915 4202 1073 4247 antea
1113 4190 1396 4256 disseruit,
1428 4190 1642 4262 quando
1668 4189 1885 4246 dicebat
1914 4206 1927 4241 :
1962 4188 2023 4244 Si

443 4301 534 4339 nos
559 4283 694 4340 vobis
722 4285 1019 4356 spiritantia
1034 4284 1418 4349 scmimwimus,
1449 4297 1689 4354 magnum
1720 4290 1823 4348 est,
1849 4281 1895 4336 si
1934 4297 2027 4335 nos

442 4387 604 4432 vestra
627 4379 859 4433 carnalia
883 4379 1116 4432 malimus
1154 4377 1247 4448 (1.
1296 4374 1414 4431 Cor.
1456 4376 1512 4432 9.
1561 4376 1701 4444 il);
1751 4383 1806 4429 et
1830 4414 1845 4441 ,
1903 4374 2029 4440 Quis

446 4469 645 4537 plantat
676 4471 869 4525 vincant
889 4511 903 4534 ,
935 4480 981 4524 et
1004 4470 1067 4522 de
1091 4470 1262 4538 fructu
1287 4469 1397 4538 ejus
1422 4484 1525 4522 non
1547 4467 1646 4522 edit
1671 4465 1832 4536 (Ibid.
1866 4482 1913 4519 υ.
1941 4466 2028 4527 7)?

444 4562 553 4617 Sed
576 4560 830 4632 quoniam
857 4560 1129 4630 praeclarae
1145 4560 1303 4628 hujus
1330 4558 1556 4614 actionis
1577 4566 1797 4613 noverat
1822 4556 2027 4627 magni-

448 4650 721 4718 tudinem,
747 4666 854 4705 uon
878 4663 1087 4705 recusat
1118 4651 1220 4706 hoc
1242 4664 1453 4720 quoque
1484 4648 1682 4703 addere
1709 4648 1800 4701 lini
1829 4648 2031 4717 episto-

449 4742 538 4797 lae.
567 4751 747 4809 Δεινίαν
769 4753 948 4797 autem
979 4743 1258 4797 collectam
1304 4749 1498 4807 vocat,
1547 4742 1728 4795 statim
1771 4743 1839 4794 ab
1879 4742 2033 4798 initio

450 4850 566 4890 rem
593 4834 795 4890 faciens
822 4836 999 4890 levem
1030 4851 1045 4887 :
1074 4850 1196 4889 nam
1228 4833 1445 4905 quando
1484 4833 1554 4888 ab
1599 4832 1849 4888 onuiibus
1895 4849 2030 4887 con-

450 4926 651 4993 fertur,
684 4927 802 4982 leve
824 4926 1051 4997 singulis
1079 4937 1161 4980 est
1185 4926 1328 4996 quod
1365 4925 1727 4981 constituitur.
1767 4924 1903 4979 Cum
1937 4940 2032 4980 au-

452 5028 559 5074 tem
583 5018 809 5074 dixisset
828 5016 897 5073 de
920 5017 1176 5080 collecta,
1205 5032 1312 5070 non
1332 5017 1509 5073 statim
1539 5017 1671 5071 dixit
1697 5034 1712 5071 :
1737 5016 2032 5086 Unusquis-

453 5124 561 5178 que
582 5120 829 5167 vestrum
848 5108 988 5179 apud
1009 5123 1069 5164 se
1092 5115 1274 5178 ponat,
1306 5108 1604 5163 recondens
1629 5106 1771 5176 quod
1795 5108 1890 5176 ipsi
1914 5107 2028 5175 pla-

454 5198 663 5262 cuerit;
691 5214 1011 5269 quamquam
1058 5199 1162 5254 hoc
1203 5208 1320 5254 erat
1346 5210 1722 5268 consequens;
1770 5197 1864 5252 sed
1909 5212 2033 5252 cum

448 5288 601 5361 prius
625 5288 846 5344 dixhset
865 5329 882 5357 ,
910 5289 1055 5345 Sicut
1078 5290 1318 5345 constitui
1339 5289 1581 5346 Ecclesiis
1613 5289 1830 5344 Galatia!
1849 5330 1866 5354 ,
1911 5300 2035 5341 tunc

455 5379 559 5434 hoc
588 5378 893 5448 subiunxit,
924 5394 986 5434 ea
1034 5381 1305 5436 narrando
1343 5397 1463 5451 qum
1519 5383 1588 5437 ab
1636 5381 1756 5436 aliis
1805 5380 2032 5441 ﬂebant,

451 5469 687 5525 studium
714 5468 847 5541 ipsis
873 5470 1207 5541 accendens,
1237 5471 1396 5541 idque
1439 5487 1643 5542 ponens
1686 5474 1807 5529 loco
1846 5489 2032 5528 narra-

452 5561 629 5617 tionis.
660 5560 812 5628 Quod
838 5561 997 5617 etiam
1024 5558 1152 5616 fecit
1178 5562 1420 5618 scribens
1460 5564 1529 5618 ad
1569 5564 1857 5618 Romanos.
1905 5564 2033 5621 Ete-

454 5657 565 5709 nim
593 5669 713 5713 cum
756 5655 863 5712 illis
889 5654 1160 5711 videretur
1188 5670 1408 5712 narrare
1427 5695 1443 5723 ,
1473 5671 1570 5712 cur
1607 5657 2035 5728 proﬁcisceretur

2105 1900 2494 1973 Jcrosolymam
2517 1944 2533 1969 ,
2565 1904 2643 1960 sic
2673 1920 2978 1962 sermonem
3009 1907 3180 1976 injicit
3206 1909 3274 1963 de
3303 1909 3638 1981 eleemosyna
3668 1928 3683 1963 :

2106 1991 2261 2046 Nunc
2306 2004 2474 2047 autem
2523 1996 2652 2049 vado
2696 1996 3068 2070 Jerosolymam
3129 2000 3422 2054 ministram
3475 2002 3682 2054 sanctis.

2119 2082 2289 2138 Visum
2315 2095 2386 2139 est
2413 2087 2545 2140 enim
2575 2087 2892 2145 Macedonia:
2926 2101 2974 2146 et
3017 2091 3224 2147 Achaiae
3266 2094 3684 2147 connnunicatio-

2106 2190 2218 2228 ncnt
2238 2176 2511 2245 quamdam
2533 2178 2701 2247 facere
2723 2180 2775 2232 in
2802 2197 3045 2250 pauperes
3064 2193 3348 2236 sanctorum
3381 2183 3564 2254 (Rom.
3596 2185 3683 2239 15.

2104 2263 2196 2319 25.
2225 2264 2296 2320 26
2317 2266 2356 2334 ).
2385 2266 2488 2322 Sed
2519 2267 2637 2322 illos
2664 2269 2889 2337 quidem
2907 2286 3001 2340 per
3028 2271 3347 2326 Macedones
3390 2284 3444 2327 et
3493 2273 3687 2329 Coriu-

2109 2356 2268 2422 tltios,
2301 2357 2397 2412 hos
2420 2367 2597 2413 autem
2628 2363 2791 2414 etiam
2817 2377 2909 2430 per
2935 2362 3148 2418 Galatas
3169 2364 3502 2418 adhortatur.
3537 2364 3681 2419 Sicut

2107 2448 2364 2513 constitui,
2398 2449 2587 2517 inquit,
2618 2449 2857 2507 Ecclcst'is
2883 2452 3136 2518 Galatia,
3179 2455 3250 2507 ita
3292 2464 3337 2507 et
3383 2471 3469 2508 vos
3515 2456 3685 2526 facile.

2112 2538 2463 2595 Erubuissent
2487 2542 2630 2595 enim
2661 2543 2831 2597 videri
2865 2546 3142 2601 inferiores
3166 2545 3387 2600 Calatis.
3419 2546 3537 2601 Non
3559 2547 3692 2601 dixit

2109 2641 2309 2697 autem,
2341 2632 2494 2688 Suasi
2525 2643 2583 2689 et
2602 2636 2882 2690 consilium
2916 2637 3060 2703 dedi,
3087 2638 3201 2700 sed,
3230 2636 3479 2692 Constitui
3508 2654 3529 2692 :
3554 2639 3693 2708 quod

2110 2721 2321 2789 quidem
2355 2723 2611 2793 ntajorem
2644 2727 2878 2780 ostendit
2921 2731 3315 2783 auctoritatem.
3364 2728 3551 2800 Neque
3597 2730 3692 2783 ad-

2111 2813 2259 2869 ducit
2290 2831 2481 2883 unam,
2513 2827 2606 2872 aut
2631 2819 2761 2874 duas
2787 2830 2879 2875 aut
2920 2833 3026 2876 tres
3055 2823 3335 2888 civitates,
3388 2824 3482 2877 sed
3531 2833 3691 2877 totam

2111 2913 2321 2975 gentem
2351 2922 2365 2959 :
2394 2908 2533 2976 quod
2576 2909 2791 2978 quidem
2839 2912 2960 2967 facit
3007 2914 3172 2968 etiam
3218 2916 3270 2967 in
3321 2914 3692 2983 dogmatibus,

2113 2997 2296 3053 (licens
2326 3016 2339 3050 :
2373 2985 2519 3054 Sicut
2544 3011 2591 3054 et
2636 3002 2690 3055 in
2726 3004 2957 3058 omnibus
2998 3005 3240 3060 Ecclesiis
3264 3017 3598 3061 .sanclorum.
3640 3007 3696 3061 Si

2116 3089 2217 3145 huc
2245 3093 2390 3145 enim
2422 3094 2487 3147 ad
2522 3094 2677 3147 iidem
2721 3095 3015 3150 faciendam
3059 3098 3398 3166 dogmatibus
3441 3109 3524 3153 est
3567 3100 3698 3153 vali-

2114 3181 2277 3247 dum,
2310 3185 2475 3237 multo
2505 3185 2677 3253 magis
2701 3185 2765 3240 ad
2791 3180 3206 3244 mutilationem.
3239 3189 3377 3256 Quid
3401 3204 3531 3259 ergo
3552 3229 3569 3252 ,
3609 3178 3699 3244 die

2115 3289 2298 3343 qumso
2320 3315 2338 3341 ,
2366 3277 2728 3331 constituisti?
2753 3279 2809 3332 2.
2844 3277 2946 3332 Per
2966 3296 3122 3333 unum
3145 3280 3372 3345 sabbati,
3424 3282 3524 3335 hoc
3573 3290 3656 3334 cst
3681 3323 3697 3346 ,

2117 3365 2204 3420 die
2233 3366 2524 3433 Dominico,
2555 3370 2892 3439 unusquisque
2917 3382 3133 3425 vestrum
3157 3372 3298 3441 apud
3321 3387 3375 3426 se
3394 3382 3604 3442 scponat
3620 3389 3701 3425 rc-

2118 3459 2336 3513 eondens
2373 3461 2509 3530 quod
2538 3462 2585 3514 ei
2622 3464 2746 3517 bene
2784 3464 3049 3524 placuerit.
3078 3464 3210 3520 Vide
3240 3465 3515 3535 quomodo
3543 3467 3704 3520 etiam

2119 3552 2434 3608 adhortatur
2462 3569 2492 3608 a
2536 3563 2777 3624 tempore
2808 3573 2819 3607 :
2853 3555 2969 3611 dies
3016 3557 3157 3611 enim
3201 3566 3318 3611 erat
3364 3557 3593 3612 idoneus
3640 3556 3706 3611 ad

2121 3660 2215 3700 eos
2239 3644 2581 3701 adducendas
2597 3646 2663 3701 ad
2688 3646 3103 3718 cleemosynam.
3130 3647 3509 3703 Recordemini
3537 3648 3704 3713 enim,

2123 3736 2332 3805 inquit,
2376 3752 2621 3805 quamam
2651 3753 2717 3791 eo
2744 3737 2831 3791 die
2860 3740 3174 3808 consequuti
3202 3739 3353 3793 estis.
3385 3738 3530 3793 Bona
3560 3738 3706 3791 enim

2125 3825 2432 3889 incﬂiihilia,
2466 3837 2521 3881 et
2550 3828 2698 3881 radix
2734 3835 2792 3880 et
2828 3828 3032 3882 initium
3080 3829 3202 3883 vita:
3242 3839 3437 3884 nostra:
3482 3827 3573 3881 illa
3618 3826 3711 3881 die

2128 3916 2262 3971 facta
2290 3927 2435 3971 sunt.
2468 3917 2583 3971 Non
2616 3919 2714 3972 hae
2742 3929 2919 3973 autem
2948 3921 3121 3974 solum
3150 3921 3357 3975 ratione
3399 3928 3586 3987 aptum
3625 3929 3712 3973 est

2128 4017 2338 4076 tempus
2374 4007 2440 4060 ad
2500 4008 2879 4078 benignitatem
2928 4019 3174 4079 prompto
3219 4020 3275 4065 et;
3320 4010 3483 4064 alacri
3531 4008 3712 4064 animo

2128 4097 2481 4151 exercendam
2501 4138 2524 4163 ,
2546 4098 2638 4152 sed
2668 4108 2721 4154 et
2751 4100 2891 4168 quod
2918 4100 3112 4155 habeat
3138 4102 3371 4170 quietem
3420 4116 3487 4156 ac
3521 4101 3711 4155 remis-

2128 4190 2335 4244 sionem
2365 4191 2863 4260 i-mmunitatemque
2890 4203 2940 4247 et
2967 4193 3298 4247 vacationem
3344 4209 3372 4246 a
3418 4193 3707 4246 laboribus.

2128 4278 2260 4334 Nam
2286 4281 2461 4337 anima
2493 4298 2523 4336 a
2551 4282 2820 4337 laboribus
2848 4284 3009 4337 libera
3036 4283 3278 4338 redditur
3319 4283 3621 4353 expeditior
3660 4291 3714 4335 et

2131 4373 2306 4441 aptior
2333 4372 2399 4426 ad
2429 4373 2810 4427 misereudum.
2849 4374 2927 4427 Ad
2976 4376 3089 4428 haec
3134 4382 3343 4440 autem,
3393 4373 3713 4442 venerandis

2132 4478 2344 4534 quoque
2392 4479 2455 4519 ac
2509 4465 2898 4519 immortalibus
2964 4468 3360 4521 communicare
3409 4467 3712 4537 mysteriis,

2132 4572 2378 4627 magnam
2422 4556 2578 4611 affert
2623 4569 2677 4612 et
2725 4558 2963 4612 inunittit
3000 4558 3350 4613 alacritatem.
3380 4555 3447 4610 In
3492 4574 3555 4610 ea
3599 4571 3716 4626 ergo

2134 4649 2471 4719 unusquisque
2493 4658 2711 4705 vestrum
2735 4691 2752 4714 ,
2782 4664 2884 4703 non
2917 4650 3163 4704 absolute
3189 4649 3275 4705 hic
3310 4658 3402 4703 aut
3444 4649 3537 4703 ille
3559 4689 3575 4712 ,
3623 4647 3714 4701 sed

2134 4740 2490 4810 unusquisque,
2520 4740 2633 4794 sive
2661 4739 2729 4795 sit
2755 4755 2976 4811 pauper,
3002 4741 3118 4796 sive
3142 4740 3314 4807 dives,
3336 4741 3450 4795 sive
3470 4740 3572 4804 vir,
3602 4738 3718 4792 sive

2136 4834 2351 4899 mulier,
2385 4834 2502 4888 sive
2530 4849 2716 4889 servus
2741 4876 2756 4900 ,
2787 4838 2900 4890 sive
2935 4835 3067 4889 liber
3087 4877 3111 4901 ,.
3133 4836 3273 4906 apud
3304 4850 3359 4889 se
3384 4843 3596 4902 reponat
3636 4847 3717 4884 re-

2136 4925 2378 4981 condens.
2407 4925 2519 4982 Nou
2551 4925 2704 4993 dixit,
2735 4925 2896 4982 Ferat
2922 4926 2973 4979 in
3020 4926 3306 4981 ecclesiam
3328 4965 3342 4987 ,
3386 4940 3456 4979 ne
3503 4931 3721 4991 propter

2139 5017 2455 5086 paucitatem
2481 5016 2833 5080 erubescant;
2880 5015 2975 5071 sed
3019 5030 3142 5070 cum
3191 5030 3255 5070 ea
3300 5030 3420 5085 qua:
3465 5012 3717 5082 paulatim

2139 5107 2399 5162 accedunt
2428 5107 2480 5161 in
2506 5106 2914 5161 collectionibus
2936 5107 3143 5161 auxerit
3167 5145 3180 5174 ε
3229 5120 3353 5159 cum
3398 5116 3679 5158 accessero
3701 5143 3719 5168 ,

2141 5208 2264 5252 tunc
2288 5196 2557 5252 ostendat.
2592 5195 2805 5251 Interim
2837 5207 3014 5251 autem
3037 5238 3053 5261 ,
3105 5197 3313 5266 inquit,
3355 5193 3499 5264 apud
3546 5204 3599 5248 te
3639 5208 3727 5248 se-

2138 5304 2299 5359 pone,
2331 5299 2387 5343 et
2413 5287 2629 5343 demum
2652 5297 2793 5340 tuam
2826 5285 2911 5341 fac
2937 5286 3218 5341 ecclesiam
3240 5327 3255 5350 ,
3282 5285 3520 5338 arculam
3561 5298 3729 5352 gazae

2139 5379 2442 5451 phylacium
2478 5398 2491 5433 :
2522 5387 2649 5433 esto
2665 5388 2845 5432 custos
2894 5392 3060 5432 saera:
3103 5376 3382 5446 pecuniaz,
3436 5391 3467 5429 a
3514 5385 3565 5428 te
3608 5374 3725 5443 ipso

2139 5471 2415 5525 ordinatus
2442 5469 2780 5538 dispensator
2810 5483 3122 5538 pauperum.
3173 5464 3479 5534 Beuignitas
3523 5475 3580 5517 et
3626 5463 3723 5517 hu-

2144 5563 2372 5617 manitas
2395 5561 2487 5615 dat
2518 5561 2609 5614 tibi
2640 5560 2741 5615 hoc
2768 5558 3146 5615 sacerdotium.
3188 5554 3356 5623 llujus
3393 5564 3478 5609 est
3504 5553 3723 5626 sytnbo—

2146 5658 2252 5711 lum
2281 5669 2341 5710 ac
2373 5653 2581 5722 signum
2608 5649 2749 5722 quod
2794 5666 2934 5706 nunc
2978 5658 3056 5706 est
3103 5647 3565 5718 gazophylacium.
3619 5640 3726 5701 Sed
