4018 6156
294 216 391 274 ΰύτ

286 329 495 387 παλαιά
524 329 871 400 κελευόμενοι
912 326 1234 397 σκάμματα,
1290 327 1386 381 καὶ
1423 326 1686 382 ἐλάττονα
1718 326 1866 381 ἐκεί-

283 438 376 477 νου
406 420 503 476 τοῦ
551 422 752 492 μέτρου
794 419 893 489 τὴν
940 417 1151 472 ἑαυτῶν
1191 418 1471 473 πολιτείαν
1512 419 1867 492 ὑφαίνωμεν;

286 515 370 579 τίς
404 516 553 585 ἡμᾶς
586 513 931 584 ἐξαιρήσεται
959 510 1159 580 λόγος;
1188 511 1274 579 τίς
1313 514 1732 584 παραστήσεται
1773 512 1864 566 καὶ

289 607 543 678 βοηθήσει
571 603 987 674 κολαζομένοις;
1014 604 1131 657 Οὐκ
1151 602 1301 658 ἐστιν
1321 605 1515 670 οὐδεὶς,
1550 604 1669 659 ἀλλ’
1698 607 1867 676 ἀνάγ-

286 715 357 768 κη
404 699 554 752 πᾶσα
585 693 953 767 οἰμώζοντας,
986 694 1370 767 ὀδυρομένους,
1413 696 1717 768 βρύχοντας
1743 698 1871 761 τοὺς

285 788 525 852 ὀδόντας,
553 786 1016 859 στρεϐλουμένους
1047 787 1128 850 είς
1155 787 1216 841 τὸ
1251 788 1442 851 σκότος
1470 787 1778 857 ἀπάγεσθαι
1812 787 1873 840 τὸ

286 879 521 948 ἀφεγγὲς
555 881 754 941 ἐκεῖνο,
807 878 892 940 είς
941 877 1041 940 τὰς
1088 879 1494 949 ἀπαραιτήτους
1542 877 1756 943 ὀδύνας,
1788 879 1873 941 είς

286 972 383 1035 τὰς
406 969 742 1042 ἀνηκέστους
771 969 1067 1042 τιμωρίας.
1094 969 1187 1023 Διὸ
1211 970 1403 1040 δέομαι
1433 970 1526 1024 καὶ
1547 968 1868 1040 παρακαλῶ,

289 1066 383 1119 καὶ
414 1063 595 1118 αὐτῶν
620 1063 870 1134 ἀπτομαι
902 1063 1013 1117 τῶν
1041 1063 1306 1132 γονάτων,
1343 1063 1448 1126 ἕως
1479 1062 1544 1117 ἀν
1573 1062 1788 1134 ἔχωμεν
1810 1064 1873 1117 τὸ

292 1156 485 1225 μικρὸν
509 1154 671 1207 τοῦτο
688 1155 787 1223 τῆς
814 1153 965 1224 ζωῆς
997 1155 1228 1223 ἐφόδων,
1257 1155 1624 1224 κατανυγῆναι
1652 1157 1764 1217 τοῖς
1790 1157 1870 1207 εί-

291 1245 568 1318 ρημένοις,
612 1244 1041 1314 ἐπιστραφῆναι,
1076 1244 1315 1314 βελτίους
1352 1243 1627 1312 γενέσθαι,
1665 1244 1753 1297 ῖνα
1796 1243 1872 1316 μὴ

291 1337 435 1391 κατά
472 1337 565 1390 τὸν
612 1335 867 1389 πλούσιον
906 1337 1113 1390 ἐκεῖνον
1144 1337 1384 1407 ἀνήνυτα
1433 1337 1552 1390 ἐκεῖ
1580 1335 1874 1410 θρηνῶμεν

291 1428 643 1493 ἀπελθόντες,
674 1429 764 1483 καὶ
789 1428 980 1483 ἀνίατα
1016 1428 1205 1483 λοιπὸν
1234 1427 1580 1500 όδυρὼμεθα.
1613 1431 1732 1483 Κᾶν
1763 1429 1872 1501 γάρ

295 1520 510 1590 πατέρα
547 1518 698 1591 ἔχῃς,
753 1519 853 1574 κάν
899 1521 1034 1586 υἱὸν,
1074 1520 1177 1576 κᾶν
1212 1521 1389 1590 φίλον,
1444 1521 1548 1576 κᾶν
1596 1521 1874 1576 ὁντιναοῦν

297 1611 612 1682 παρρησίαν
659 1610 848 1682 ἔχοντα
892 1612 1029 1683 πρὸς
1077 1614 1168 1666 τὸν
1215 1613 1369 1678 Θεὸν,
1421 1613 1596 1676 οὐδείς
1627 1614 1689 1666 σέ
1741 1630 1871 1666 ποτε

1587 1724 1676 1748 -κ

1279 206 1343 264 IN
1386 205 1608 265 EI’IST.
1650 209 1670 263 I
1709 208 1801 264 AD
1839 210 1998 266 (ΞΟΠ.
2042 208 2276 265 IIOMIL.
2319 209 2504 266 XLIII.

3455 213 3560 274 568

1977 326 2330 399 ἐξαιρήσεται
2351 325 2558 379 τούτων
2588 325 2696 379 ὑπὸ
2729 324 2838 380 τῶν
2868 326 3086 381 οίκείων
3119 328 3297 399 ἔργων
3325 329 3561 399 προδιδὸ-

1982 435 2161 487 μενον.
2194 417 2449 472 Τοιοῦτον
2479 417 2588 489 γὰρ
2621 418 2798 472 ἐκεῖνο
2827 419 2887 473 τὸ
2908 419 3292 492 δικαστήριονο
3319 422 3427 476 ἀπὸ
3455 418 3563 476 τῶν

1978 508 2232 579 πράξεων
2287 509 2499 574 δικάζει
2561 510 2757 580 μόνων,
2815 509 2912 564 καὶ
2959 510 3134 576 ἄλλως
3171 513 3288 566 ἐκεῖ
3322 513 3563 584 σωθῆναι

1977 602 2079 654 οὐκ
2111 602 2214 656 ενι.
2251 602 2363 655 Καὶ
2387 602 2565 655 ταῦτα
2593 601 2757 671 λέγω,
2792 603 2890 673 οὐχ
2920 604 3010 657 ἵνα
3042 603 3291 675 λυπήσω,
3330 605 3440 658 οὐδ’
3477 605 3564 659 ἵνα

1979 694 2060 755 είς
2084 692 2392 760 ἀπόγνωσιν
2428 692 2673 763 ἐμϐάλω.
2710 693 2826 746 ἀλλ’
2876 694 2963 747 ἵνα
3015 694 3090 765 μὴ
3141 696 3398 764 ματαίαις
3431 696 3564 767 μηδέ

1976 780 2210 854 ψυχραῖς
2248 782 2430 836 ἐλπίσι
2477 785 2821 855 τρεφόμενοι,
2863 786 2957 838 καὶ
2996 786 3076 849 είς
3108 786 3199 840 τὸν
3244 786 3390 840 δεῖνα
3431 787 3565 858 θαῤ-

1983 872 2223 946 ροῦντες,
2266 874 2364 944 τῆς
2390 874 2514 928 καθ’
2545 876 2775 938 ἑαυτοὺς
2812 875 3181 946 ἀμελήσωμεν
3210 877 3431 947 ἀρετῆς.
3468 877 3565 930 Ἂν

1984 965 2217 1036 μὲνγὰρ
2270 965 2699 1041 ῥᾳθυμήσωμεν,
2755 967 2816 1019 οῦ
2864 966 3094 1031 δίκαιος,
3136 969 3198 1021 οὐ
3257 971 3563 1041 προφήτης,

1979 1058 2078 1111 οὐκ
2103 1058 2422 1122 ἀπόστολος,
2471 1058 2646 1123 οὐδεὶς
2683 1061 2816 1130 ἡμῖν
2854 1061 3305 1131 παραστήσεται·
3335 1079 3349 1091 ·
3406 1061 3472 1115 ἂν
3506 1064 3565 1115 δὲ

1982 1148 2408 1220 σπουδάσωμεν,
2455 1150 2731 1221 ἀρκοῦσαν
2761 1150 2862 1222 τὴν
2906 1151 3016 1205 ἀπὸ
3056 1151 3166 1204 τῶν
3201 1152 3375 1224 ἔργων
3437 1172 3566 1207 συν-

1979 1239 2211 1310 ηγορίαν
2239 1240 2477 1309 ἔχοντες,
2519 1240 2657 1311 μετά
2691 1242 3005 1314 παρρησίας
3033 1243 3454 1314 ἀπολαυσὸμεθκ
3473 1247 3568 1299 καὶ

1979 1332 2089 1385 τῶν
2121 1332 2343 1402 ἀγαθῶν
2374 1333 2485 1386 τῶν
2515 1333 2896 1406 ἀποκειμένων
2925 1337 3038 1400 τοῖς
3059 1336 3150 1389 τὸν
3175 1336 3306 1389 Θεὸν
3341 1338 3569 1405 ἀγαπῶ-

1982 1441 2066 1478 σιν
2086 1441 2101 1454 ·
2133 1418 2209 1479 ὧν
2232 1424 2447 1493 γένοιτο
2479 1426 2690 1491 πάντας
2715 1428 2863 1505 ἡμᾶς
2886 1429 3186 1500 ἐπιτυχεῖν,
3215 1430 3311 1483 καὶ
3331 1430 3398 1483 τὰ
3419 1429 3567 1500 ὲξῆς.

2044 1600 2070 1627 ³
2091 1599 2252 1657 Alius,
2271 1600 2618 1663 προστήσεται.

1746 1868 1988 1923 ΟΜΙΛΙΑ
2022 1869 2151 1923 Ml".

298 1981 457 2053 Περὶ.
481 1981 557 2053 δέ.
590 1978 698 2049 τῆς
720 1983 941 2053 διογιας
973 1982 1085 2051 τῆς
1112 1985 1198 2050 εὶς
1232 1984 1374 2049 τοὺς
1424 1985 1655 2053 ἁγίους,
1687 1982 1882 2047 καθὼς

409 2050 773 2123 ιέταξα-ταῐς
816 2050 1205 2123 Ἕκκλησίαις
1236 2054 1349 2123 τῆς
1376 2050 1703 2121 Γαλατίας,
1729 2053 1885 2108 οὕτω

371 2122 472 2177 καί
498 2121 671 2192 ὑμεῖς
701 2122 1016 2199 ποιήσατε.

366 2264 440 2312 α’.
486 2256 816 2329 Ἀπαρτίσας
852 2258 946 2314 τὸν
973 2260 1103 2330 περὶ
1132 2259 1242 2315 τῶν
1264 2259 1550 2331 δογμάτων
1582 2259 1761 2328 λόγον,
1790 2276 1886 2312 και

297 2349 514 2419 μέλλων
544 2351 624 2413 είς
645 2349 737 2404 τὸν
753 2349 1091 2422 ἠθικώτερον
1117 2352 1422 2423 ἐμϐαίνειν,
1455 2354 1637 2408 πάντα
1659 2351 1730 2407 τὰ
1753 2352 1887 2407 ἄλλα

294 2440 479 2510 ἀφεὶς,
518 2441 613 2495 ἐπὶ
653 2441 717 2494 τὸ
763 2442 1062 2513 κεφάλαιον
1106 2444 1218 2497 τῶν
1261 2444 1481 2513 ἀγαθῶν
1530 2446 1721 2515 χωρεῖ,
1756 2444 1889 2514 περὶ

295 2532 672 2604 ἐλεημοσύνης
719 2533 1046 2607 ποιούμενος
1084 2535 1262 2604 λόγον.
1318 2534 1483 2588 Ἀλλά
1525 2536 1654 2608 περὶ
1696 2534 1887 2587 τούτου

297 2624 468 2694 μόνου
499 2624 824 2695 διαλεχθεὶς,
854 2623 1263 2680 ἀπαλλάττεται
1284 2641 1301 2658 ⁸
1333 2628 1512 2681 καίτοι
1542 2641 1604 2694 γε
1650 2624 1887 2695 οὐδαμοῦ

292 2717 460 2771 τοῦτο
512 2717 789 2789 ἐποίησεν,
837 2717 975 2771 ἀλλά
1030 2717 1156 2790 περὶ
1205 2718 1596 2790 ἐλεημοσύνης,
1634 2718 1727 2771 καὶ
1760 2717 1888 2788 περὶ

294 2806 458 2880 [400]
504 2809 882 2881 σωφροσύνης,
931 2809 1026 2863 καὶ
1076 2812 1205 2881 περὶ
1253 2811 1579 2882 πραότητος,
1620 2811 1717 2864 καὶ
1760 2811 1890 2880 περὶ

296 2901 712 2971 μακροθυμίας,
759 2902 856 2957 καὶ
893 2903 1022 2973 περὶ
1049 2903 1160 2958 τῶν
1188 2903 1366 2958 ἄλλων
1413 2904 1673 2959 ἀπάντων
1715 2902 1890 2957 διαλέ-

293 3008 461 3061 γετ-αι
489 2992 545 3044 ἐν
576 2996 697 3057 ταῖς
718 2994 911 3058 ἄλλαις
940 2994 1282 3062 Ἐπιστολαῖς
1312 2996 1767 3059 τελευτῶν.Τίνος
1796 2991 1890 3050 οὖν

292 3082 492 3137 ἐνεικεν
524 3084 762 3139 ἐνταῦθα
791 3085 886 3140 τοῦ
920 3087 1114 3158 ἠθικοῦ
1148 3088 1306 3142 τοῦτο
1340 3088 1501 3160 μόνον
1534 3088 1804 3159 γυμνάζει
1832 3088 1891 3140 τὸ

304 3176 494 3246 μέρος
512 3176 635 3231 ὀτι
665 3178 760 3231 καὶ
782 3178 892 3232 τῶν
916 3179 1226 3252 ἔμπροσθεν
1253 3181 1371 3253 είρη
1384 3180 1559 3252 μένων
1577 3182 1645 3234 τά
1669 3180 1891 3233 πλείονα

302 3267 619 3340 ήθικὼτερα
665 3266 754 3340 ἦν,
803 3271 871 3324 δι’
921 3264 996 3326 ὧν
1031 3273 1125 3325 τὸν
1158 3273 1358 3344 πόρνον
1404 3273 1653 3340 ἐκόλασε,
1698 3273 1765 3326 δι’
1815 3265 1890 3325 ὧν

304 3359 434 3423 τοὺς
463 3359 567 3424 ἐξω
601 3360 989 3430 δικαζομένους
1022 3362 1376 3434 ἐσωφρόνιζε,
1413 3363 1480 3416 δι’
1512 3356 1587 3416 ὧν
1624 3363 1750 3426 τοὺς
1793 3377 1892 3431 με·

311 3450 544 3513 θύοντας
580 3453 674 3506 καὶ
716 3455 1176 3526 γαστριζομένους
1229 3456 1497 3525 ἐφόϐησε,
1543 3455 1610 3507 δι’
1642 3448 1717 3507 ὧν
1766 3454 1894 3516 τοὺς

311 3540 703 3608 στασιάζοντας
751 3546 842 3598 καὶ
885 3545 1320 3615 φιλονεικοῦντας
1362 3547 1458 3600 καὶ
1497 3543 1892 3617 φιλαρχοῦντας

310 3633 660 3698 κατεδίκασε,
717 3634 782 3688 δι’
831 3629 907 3690 ὧν
954 3636 1080 3699 τοὺς
1126 3636 1360 3701 ἀναξίως
1410 3640 1524 3699 τοῖς
1576 3636 1894 3707 μυστηρίοις

309 3723 640 3794 προσιόντας
663 3728 729 3796 τῇ
756 3726 1013 3798 ἀφορήτῳ
1038 3727 1160 3797 δίκῃ
1188 3727 1370 3799 ἐκείνη
1396 3726 1698 3798 παρέδωκε,
1729 3725 1795 3780 δι’
1817 3720 1894 3779 ὧν

310 3817 440 3887 περὶ
474 3816 698 3888 ἀγάπης
717 3817 986 3889 διελέχθη.
1023 3819 1121 3873 Διά
1154 3819 1218 3890 δὴ
1242 3820 1420 3881 τοῦτο,
1448 3813 1508 3873 οὗ
1538 3819 1773 3890 μάλιστα
1799 3819 1896 3872 αύ-

308 3908 386 3980 τῷ
413 3908 526 3964 ἔδει
557 3911 657 3980 τῆς
693 3912 773 3973 είς
800 3913 927 3975 τοὺς
969 3912 1154 3979 ἁγίους
1197 3913 1533 3983 ἐπικουρίας,
1572 3911 1761 3966 τούτου
1796 3912 1894 3982 μέ-

312 4017 517 4073 μνηται
549 4003 733 4072 μόνου.
765 4003 879 4057 Καὶ
905 4002 1002 4056 θέα
1025 4004 1123 4074 τὴν
1150 4003 1364 4058 σύνεσιν
1388 4022 1401 4035 ·
1433 4005 1521 4058 ὅτε
1542 4005 1739 4069 αὐτοὺς
1767 4005 1895 4075 περί⁵

312 4091 666 4157 ἀναστάσεως
687 4092 896 4158 ἔπεισε,
926 4094 1019 4146 καὶ
1040 4095 1481 4166 προθυμοτέρους
1500 4096 1748 4166 ἐποίησε,
1773 4096 1895 4149 τότε

312 4181 504 4237 λοιπὸν
532 4185 625 4236 καὶ¹
667 4183 799 4254 περὶ
844 4185 1034 4238 τούτου
1081 4185 1408 4253 διαλέγεται.
1456 4186 1651 4239 Καίτοι
1697 4203 1760 4254 γε
1801 4186 1898 4239 καὶΙ

313 4274 453 4344 ὑπὲρ
490 4273 696 4327 τούτων
736 4275 982 4347 διελέχθη
1023 4275 1162 4347 πρὸς
1193 4276 1389 4339 αὐτοὺς
1433 4275 1764 4346 ἔμπροσθεν,
1808 4277 1898 4329 ὅτε

313 4365 507 4433 ἔλεγεν
529 4383 544 4398 ·
598 4367 668 4420 El
701 4366 872 4435 ἡμεῖς
922 4366 1065 4435 ὑμῖν
1102 4367 1176 4420 τὰ
1206 4366 1577 4434 πνευματικὰ
1606 4366 1902 4436 ἐσπείρα-

309 4475 448 4527 μεν,
480 4456 655 4527 μέγα,
691 4460 745 4511 εί
772 4457 940 4527 ἡμεῖς
964 4457 1133 4527 ὑμῶν
1160 4463 1232 4512 τὰ
1267 4458 1526 4527 σαρκικὰ
1550 4458 1900 4528 θερίσομεν-ς

317 4552 434 4616 καὶ,
477 4552 576 4615 Τίς
604 4551 847 4619 φυτεύει
883 4549 1231 4619 ἀμπελῶνα,
1270 4552 1368 4605 καί
1413 4551 1483 4604 ἐκ
1530 4551 1636 4605 τοῦ
1668 4554 1902 4620 καρποῦ

316 4640 513 4697 αὑτοῦ
539 4643 652 4695 οὐκ
683 4641 915 4706 ἐσθίεις
956 4642 1095 4696 Ἀλλ’
1125 4643 1314 4715 ἐπειδὴ
1348 4643 1463 4715 ᾔδει
1489 4643 1585 4696 τοῦ
1620 4645 1901 4715 κατορθώ-

320 4750 497 4804 ματος
534 4732 596 4785 τὸ
637 4731 887 4804 μέγεθος,
921 4734 984 4786 οὐ
1016 4737 1358 4804 παραιτεῖται
1400 4736 1495 4788 καὶ
1527 4735 1603 4806 τῷ
1631 4737 1775 4791 τέλει
1804 4742 1902 4810 τῆς

331 4823 661 4893 Ἐπιστολῆς
684 4823 816 4876 αὐτὸ
845 4824 1182 4895 προσθεῖναι.
1200 4827 1403 4895 Λογίαν
1435 4827 1490 4880 δὲ
1513 4829 1610 4896 τὴν
1638 4829 1903 4899 συλλογὴν

319 4912 512 4975 καλεῖ,
560 4914 625 4965 ἐκ
683 4915 980 4984 προοιμίων
1027 4916 1225 4977 εὐθέως
1283 4915 1483 4984 κοῦφον
1552 4918 1613 4971 τὸ
1670 4921 1903 4990 πρᾶγμα

319 5002 497 5057 ποιῶν
516 5019 531 5032 ·
563 5004 692 5058 ὅταν
720 5004 831 5075 γάρ
859 5005 919 5070 ἐξ
945 5007 1199 5062 ἁπάντων
1223 5008 1659 5077 συνεισφέρηται,
1689 5011 1906 5082 ἑκάστῳ

322 5092 531 5162 κοῦφον
550 5087 760 5162 γίνεται
783 5095 845 5149 τὸ
874 5096 1174 5168 ἐπίταγμα.
1204 5097 1387 5150 Είπὼν
1412 5098 1469 5151 δὲ
1504 5101 1633 5170 περὶ
1658 5101 1759 5170 τῆς
1782 5102 1906 5155 συλ-

323 5183 515 5255 λογῆς,
543 5185 645 5240 οὐκ
671 5186 875 5252 εὐθέως
898 5185 1083 5253 εἶπεν,
1114 5190 1343 5255 ἕκαστος
1371 5191 1528 5262 ὑμῶν
1553 5196 1682 5264 παρτ
1724 5196 1903 5266 ἐαυτῷ

323 5277 526 5330 τιθέτω
573 5277 921 5350 θησαυρίζων
957 5295 971 5309 ·
1017 5280 1190 5333 καίτοι
1223 5298 1287 5350 γε
1320 5283 1384 5336 τὸ
1416 5283 1711 5339 ἀκόλουθον
1748 5287 1906 5342 τοῦτο

323 5361 393 5437 ἦν
416 5384 432 5399 ο
462 5367 600 5422 ἀλλά
626 5368 840 5441 πρῶτον
870 5369 1062 5435 είπὼν,
1093 5371 1299 5438 Καθὼς
1333 5374 1578 5440 διέταξα
1609 5378 1740 5445 ταῖς
1774 5379 1908 5435 Ἑκο-

327 5460 620 5526 κλησίαις
656 5459 769 5526 τῆς
796 5462 1119 5528 Γαλατίας,
1154 5463 1274 5517 τότε
1306 5465 1464 5519 τοῦτο
1494 5468 1794 5539 ἐπήγαγεν,
1824 5474 1906 5537 είς

328 5549 498 5618 ζῆλον
530 5552 728 5615 αὐτοὺς
755 5555 822 5623 τῇ
864 5553 1111 5623 διηγήσει
1144 5554 1255 5608 τῶν
1287 5556 1495 5629 ἑτέροις
1532 5561 1902 5635 κατορθουμέ-

329 5657 438 5693 νων
462 5640 638 5708 ἀγων,
678 5643 770 5696 καὶ
801 5645 859 5698 ἐν
880 5643 1029 5711 τάξει
1055 5645 1391 5717 διηγήματος
1417 5649 1551 5704 αὐτὸ
1577 5652 1688 5717 θείς
1709 5654 1782 5707 ⁶’δ
1814 5658 1909 5711 καὶ

344 5727 643 5798 Ῥωμαίοις
671 5734 998 5791 ἐπιστέλλων
1022 5736 1262 5805 ἐποίησε.
1292 5739 1399 5794 Καὶ
1422 5740 1527 5811 γὰρ
1562 5742 1789 5808 ἐκείνοις
1824 5746 1905 5799 δο-

1985 1981 2096 2034 κῶν
2121 1983 2424 2054 διηγεῖσθαι
2451 1987 2553 2056 τὴν
2577 1987 2850 2059 πρόφασιν
2876 1988 2977 2061 τῆς
3006 1991 3100 2046 ἐπὶ
3121 1991 3190 2045 τά
3226 1986 3572 2063 Ἰεροσόλυμα

1984 2073 2313 2144 ἀποδημίας,
2340 2076 2487 2131 οὓτω
2516 2078 2609 2133 τὸν
2639 2081 2771 2150 περὶ
2796 2081 3167 2155 ἐλεημοσύνης
3197 2085 3453 2156 ὲμὸάλλει
3488 2087 3574 2139 λό-

1984 2181 2102 2232 γον,
2136 2164 2312 2234 λέγων
2337 2182 2350 2197 '
2386 2168 2539 2222 Νυνὶ
2579 2168 2647 2222 δὲ
2683 2173 3012 2242 πορεύομαι
3055 2177 3142 2240 είς
3193 2177 3574 2246 Ἱεροσόλυμα

1986 2253 2286 2312 διακονῶν
2311 2260 2435 2326 τοῖς
2468 2261 2680 2331 ἁγίοις.
2724 2263 3041 2332 Εὐδόκησε
3072 2266 3185 2335 γὰρ
3234 2267 3575 2323 Μακεδονία

1987 2348 2087 2401 καί
2129 2349 2339 2419 Ἀχαΐα
2376 2356 2700 2410 κοινωνίαν
2729 2358 2861 2412 τινὰ
2890 2358 3265 2427 ποιήσασθαι
3315 2363 3402 2427 είς
3434 2361 3575 2427 τοὺς

1987 2444 2262 2512 πτωχοὺς
2291 2444 2410 2499 τῶν
2448 2447 2654 2517 ἁγίων.
2697 2449 2836 2503 Ἀλλ’
2865 2453 3112 2515 ἐκείνους
3143 2454 3242 2522 μὲν
3267 2453 3355 2507 διὰ
3388 2455 3577 2507 Μακε-

1987 2535 2154 2588 δόνων
2193 2537 2287 2590 καὶ
2319 2540 2645 2609 Κορινθίων,
2677 2543 2901 2607 τούτους
2928 2544 2987 2597 δὲ
3028 2545 3118 2598 διὰ
3153 2546 3414 2600 Γαλατῶν
3444 2565 3577 2619 προ-

1989 2628 2203 2700 τρέπει.
2251 2632 2461 2699 Καθὼς
2489 2632 2734 2698 διέταξα
2777 2636 2909 2706 γὰρ,
2954 2637 3110 2708 φησὶ,
3156 2638 3286 2705 ταῖς
3329 2640 3577 2708 Ἐκκλη-

1989 2728 2157 2793 σίαις
2195 2725 2305 2795 τῆς
2344 2721 2669 2790 Γαλατίας,
2713 2726 2867 2780 οὕτω
2909 2728 3010 2780 καί
3052 2729 3224 2798 ὑμεῖς
3261 2732 3574 2799 ποιήσατε.

1993 2819 2104 2871 Καὶ
2137 2816 2246 2888 γάρ
2270 2816 2567 2888 ᾐσχύνοντο
2605 2817 2788 2870 λοιπὸν
2821 2818 3079 2884 ἐλάττους
3127 2819 3381 2873 Γαλατῶν
3406 2824 3579 2894 φανῆα

1991 2926 2101 2963 ναι.
2152 2908 2264 2961 Καὶ
2316 2909 2417 2961 οὐκ
2476 2903 2616 2974 εἷπε,
2664 2910 2951 2981 Παρῄνεσα
3011 2911 3104 2964 καὶ
3160 2912 3577 2982 συνεϐούλευσα,

1992 2998 2153 3063 ἀλλὰ,
2183 2997 2451 3062 Διέταξα,
2492 3000 2630 3070 ὅπερ
2675 2999 3151 3072 αύοεντικὼτερον.
3200 2986 3309 3057 Καὶ
3336 3003 3398 3056 ού
3439 3021 3581 3075 παρ-

1992 3090 2116 3159 άγει
2153 3090 2281 3162 μίαν
2334 3091 2488 3145 πόλιν
2524 3091 2621 3144 καὶ
2657 3090 2751 3144 δύο
2804 3093 2898 3146 καὶ
2929 3096 3100 3162 τρεῖς,
3136 3094 3252 3147 ἀλλ’
3285 3094 3578 3165 ὁλόκληρον

1994 3181 2172 3247 ἔθνος·
2223 3183 2360 3254 ὅπερ
2413 3185 2508 3237 καὶ
2557 3185 2651 3237 ἐπὶ
2699 3184 2810 3239 τῶν
2857 3185 3144 3255 δογμάτων
3187 3189 3347 3252 ποιεῖ,
3382 3187 3609 3256 λέγων”

1995 3273 2204 3341 Καθὼς
2261 3276 2361 3329 καί
2408 3277 2480 3329 ἐν
2539 3276 2765 3342 πάσαις
2836 3278 2966 3343 ταῖς
3019 3281 3399 3347 Ἐκκλησίαις
3461 3280 3583 3337 τῶν

1996 3368 2200 3439 ἁγίων.
2224 3369 2289 3422 Et
2314 3369 2422 3441 γὰρ
2451 3366 2588 3435 πρὸς
2619 3366 2904 3435 δογμάτων
2936 3368 3120 3420 πίστιν
3146 3368 3306 3421 τοῦτο
3339 3371 3579 3439 ἰσχυρὸν,

1999 3457 2180 3528 πολλῴ
2208 3456 2407 3526 μᾶλλον
2442 3454 2577 3525 πρὸς
2605 3454 2781 3522 ἔργων
2807 3454 3059 3525 μίμησιν.
3090 3456 3155 3508 Τί
3178 3452 3275 3508 οὖν
3300 3456 3581 3524 διέταξας,

1999 3550 2123 3603 είπέ
2150 3566 2273 3620 μοι;
2318 3547 2477 3603 Κατὰ
2518 3548 2667 3616 μίαν
2704 3545 3027 3609 σαϐϐάτου,
3073 3548 3340 3612 τουτέστι,
3373 3550 3582 3619 Κυρια-

1999 3643 2124 3713 κὴν,
2154 3641 2414 3707 ἕκαστος
2449 3640 2615 3711 ὑμῶν
2647 3641 2783 3710 παρ’
2810 3636 3001 3703 ἐαυτῷ
3047 3639 3253 3693 τιθέτω
3304 3640 3586 3708 θησαιιρί-

2000 3724 2113 3786 ζων
2141 3724 2176 3778 ὅ
2204 3743 2260 3779 τι
2296 3724 2373 3779 ἂν
2404 3722 2712 3779 εὐοδῶται.
2750 3724 2895 3795 Ὅρα
2924 3723 3041 3788 πῶς
3070 3724 3165 3777 καὶ
3189 3723 3296 3777 ἀπὸ
3321 3724 3415 3776 τοῦ
3458 3741 3582 3777 και-

2000 3815 2096 3888 ροῦ
2131 3817 2433 3888 προτρέπει
2464 3832 2480 3846 ⁸
2516 3817 2612 3869 καὶ
2645 3815 2811 3886 γὰρὴ
2848 3815 3034 3886 ἡμέρα
3067 3813 3227 3884 ἱκανὴ
3254 3809 3322 3884 ἦν
3352 3815 3584 3883 ἀγαγεῖν

1999 3913 2078 3974 είς
2117 3908 2510 3982 ἐλεηιιοσύνην.
2577 3909 2990 3979 Ἀναμνήσθητε
3033 3908 3165 3978 γὰρ,
3219 3908 3376 3978 φησὶ,
3418 3908 3582 3960 τίνων

1997 4001 2218 4071 ἐτύχετε
2272 4000 2330 4052 ἐν
2378 4001 2445 4070 τῇ
2506 3999 2689 4071 ἡμέρᾳ
2743 3998 2935 4070 ταύτῃ.
3000 3998 3083 4051 Τά
3131 3997 3240 4067 γὰρ
3294 3999 3583 4069 ἀπόρρητα

1999 4091 2201 4158 ἀγαθὰ,
2233 4089 2326 4142 καὶ
2356 4091 2388 4159 ή
2432 4090 2558 4160 ῥίζα
2594 4089 2690 4141 καὶ
2718 4089 2751 4157 ή
2778 4087 2923 4158 ἀρχὴ
2959 4088 3056 4156 τῆς
3084 4085 3231 4156 ζωῆς
3259 4085 3358 4155 τῆς
3390 4084 3582 4154 ἡμετέ-

2004 4201 2101 4255 ρας
2131 4187 2187 4237 ἐν
2221 4181 2370 4254 [401]
2404 4181 2577 4251 ταύτῃ
2604 4181 2845 4248 γέγονεν.
2881 4179 2956 4230 Οὐ
2987 4177 3162 4248 ταύτῃ
3192 4176 3247 4227 δὲ
3275 4176 3433 4245 μόνον
3463 4177 3584 4227 ἐπι-

2001 4276 2211 4347 τήδειος
2274 4275 2303 4325 ὁ
2362 4272 2554 4342 καιρὸς
2617 4273 2697 4332 εἰς
2780 4268 3091 4339 προθυμίαν
3148 4265 3582 4337 φιλανθρωπίας,

2003 4368 2118 4422 ἀλλ’
2147 4369 2230 4420 ὅτι
2260 4365 2356 4419 καὶ
2384 4365 2565 4417 ἄνεσιν
2594 4362 2709 4432 ἔχει
2744 4362 2841 4415 καὶ
2883 4361 3060 4414 πόνων
3104 4358 3373 4413 ἀτέλειαν.
3422 4359 3583 4430 Ψυχὴ

2003 4458 2108 4530 γὰρ
2138 4456 2405 4527 ἀφιεμένη
2436 4454 2670 4526 μόχθων,
2691 4452 3033 4523 εὐκολωτέρα
3053 4450 3145 4504 καὶ
3176 4449 3584 4522 ἐπιτηδειοτέρα

2005 4549 2143 4619 πρὸς
2178 4548 2241 4601 τὸ
2272 4547 2445 4599 ἐλεεῖν
2469 4546 2700 4614 γίνεται.
2735 4544 2890 4598 Μετά
2923 4543 2981 4596 δέ
3017 4542 3223 4595 τούτων
3256 4542 3434 4595 καὶτὸ
3480 4560 3584 4611 μυ-

2006 4637 2242 4710 στηρίων
2275 4637 2334 4690 ἐν
2357 4637 2495 4709 αὐτῇ
2524 4637 2798 4690 κοινωνεῖν
2824 4633 2966 4686 οὕτω
2993 4633 3236 4706 φρικτῶν
3261 4633 3354 4686 καὶ
3378 4633 3583 4687 ἀθανά-

2003 4752 2112 4789 των
2159 4733 2362 4803 πολλὴν
2399 4731 2642 4803 ἐντίθησι
2694 4729 3025 4800 προθυμίαν.
3088 4727 3178 4781 Ἐν
3221 4728 3357 4798 αὐτῇ
3404 4729 3585 4781 τοίνυν

2003 4824 2258 4889 ἕκαστος
2300 4821 2489 4892 ὑμῶν,
2538 4822 2637 4890 οὺχ
2694 4819 2878 4883 ἁπλῶς
2927 4818 2957 4872 ὸ
2998 4820 3145 4873 δεῖνα
3188 4819 3285 4872 καὶ
3336 4821 3364 4872 ό
3409 4819 3581 4885 δεῖνα,

2003 4914 2118 4967 ἀλλ’
2150 4910 2237 4979 εἷς
2278 4913 2555 4978 ἕκαστος,
2587 4911 2691 4964 κᾶν
2724 4912 2893 4983 πένης
2924 4907 2980 4982 ᾖ,
3027 4911 3130 4965 κᾶν
3162 4910 3440 4973 πλούσιος,
3477 4909 3584 4963 κᾶν

2003 5006 2163 5077 γυνὴ,
2192 5006 2296 5059 κᾶν
2316 5005 2473 5077 ἀνὴρ,
2492 5005 2594 5058 κᾶν
2618 5004 2821 5069 δοῦλος,
2848 5005 2952 5059 κᾶν
2974 5004 3274 5075 ἐλεύθερος,
3298 5005 3433 5072 παρ’
3448 5004 3586 5059 ἐαυ-

2002 5098 2083 5165 τῷ
2112 5097 2317 5152 τιθέτω
2351 5095 2742 5166 θησαυρίζων.
2773 5098 2889 5150 Ούκ
2921 5090 3093 5162 εἶπεν,
3129 5098 3221 5159 Et;
3247 5096 3345 5168 τὴν
3375 5098 3577 5169 ἐκκλη-

2006 5194 2128 5247 σίαν
2169 5192 2403 5262 φερέτω,
2452 5191 2540 5245 ἵνα
2578 5190 2651 5263 μὴ
2705 5190 2793 5243 διὰ
2840 5191 2903 5243 τὸ
2955 5191 3153 5263 μικρὸν
3194 5193 3579 5263 αἰσχύνωνται,

2003 5285 2141 5340 ἀλλά
2167 5287 2290 5347 ταῖς
2318 5284 2441 5337 κατ’
2465 5283 2645 5353 ὀλίγον
2684 5285 3031 5351 συναγωγαῖς
3063 5282 3304 5355 αὐξήσας
3334 5284 3434 5356 τὴν
3466 5286 3583 5338 εἰσ-

2008 5379 2204 5452 φορὰν,
2238 5379 2358 5432 τότε
2383 5376 2644 5430 δεικνύτω
2672 5375 2807 5447 ἐμοῦ
2832 5378 3301 5448 παραγενομένου.
3333 5377 3481 5439 Τέως
3526 5377 3584 5429 δέ

2008 5471 2160 5543 παρά
2190 5468 2370 5540 σαυτῷ
2395 5468 2552 5533 τίθει,
2594 5469 2746 5540 φησὶ,
2774 5469 2868 5522 καὶ
2905 5467 3132 5536 ποίησόν
3164 5486 3257 5521 σου
3282 5468 3382 5538 τὴν
3409 5465 3587 5518 οἰκίαν

2009 5560 2328 5631 ἐκκλησίαν,
2357 5561 2418 5613 τὸ
2444 5557 2699 5614 κιϐώτιον
2726 5559 3129 5629 γαζοφυλάκιον
3166 5575 3179 5588 ·
3224 5555 3380 5626 γενοῦ
3412 5553 3586 5621 φύλαξ

2010 5654 2306 5726 χρημάτων
2336 5653 2515 5723 ἱερῶν,
2567 5652 3073 5724 αῦτοχειροτὸνητος
3103 5646 3380 5713 οἰκονόμος
3415 5645 3584 5713 πενή-

2010 5764 2136 5802 των.
2183 5746 2244 5801 Ἠ
2290 5745 2664 5814 φιλανθρωπία
2718 5742 2917 5811 ταύτην
2956 5757 3034 5793 σοι
3077 5738 3256 5790 δίδωσι
3287 5735 3383 5803 τὴν
3427 5735 3584 5803 ἱερω-
