4018 6156
440 221 549 278 369

434 335 620 408 σύνην.
654 335 854 390 Τούτου
890 337 1159 409 σύμϐολόν
1207 340 1326 393 ἐστι
1370 342 1464 394 καί⁵
1502 340 1564 395 τὸ
1612 342 2007 414 γαζοφυλάκιον

430 427 547 484 νῦν.
596 428 755 481 Ἀλλά
784 427 844 480 τὸ
887 426 985 496 μὲν
1017 427 1284 496 σύμϐολον
1319 429 1491 499 μένει,
1535 431 1594 484 τὸ
1624 432 1680 484 δὲ
1709 434 1870 503 ἔργον
1913 438 2001 488 οὐ·

429 521 623 593 δαμοῦ.
652 521 761 573 Καὶ
786 516 901 572 οἰδα
944 519 1043 588 μὲν
1088 520 1169 573 ὅτι
1214 521 1399 574 πολλοὶ
1431 522 1541 575 τῶν
1572 525 2002 596 συνεδρευόντων

430 615 591 671 πάλιν
624 616 753 682 ἡμῖν
787 610 1192 679 ἐγκαλέσουσιν,
1226 612 1356 665 ὅταν
1389 615 1530 685 ὑπὲρ
1575 614 1782 668 τούτων
1826 617 2001 670 διαλε-

429 703 654 774 γώμεθα
683 703 933 770 λέγοντες
959 719 972 735 ·
1004 703 1096 773 Μὴ
1118 741 1133 765 ,
1171 704 1499 774 παρακαλῶ,
1531 705 1606 777 μὴ
1637 708 1789 773 γίνου
1818 724 2004 777 φορτι-

431 795 522 858 κὸς
556 795 647 848 καὶ
673 794 916 866 ἐπαχθὴς
942 797 1055 858 τοῖς
1086 795 1376 850 ἀκούουσιν
1398 814 1412 827 ο
1443 797 1740 868 ἐπίτρεψον
1769 803 1833 870 τῇ
1868 817 2002 871 προ-

428 884 656 956 αιρέσει,
686 885 771 948 δὸς
805 888 870 957 τῇ
910 886 1103 957 γνώμῃ
1147 886 1256 940 τῶν
1299 887 1604 941 ἀκουόντων
1629 905 1643 919 ·
1681 889 1756 952 ὡς
1798 890 1893 942 νῦν
1932 906 1997 958 γε

429 976 807 1048 καταισχύνεις
848 980 1032 1049 ἡμᾶς,
1076 978 1333 1052 ἐρυθριᾷν
1367 984 1541 1044 ποιεῖς
1566 998 1577 1009 ·
1617 982 1732 1036 ἀλλ’
1779 983 1880 1036 οὐκ
1907 983 2002 1036 ἀν-

428 1066 621 1137 έχομαι
641 1066 846 1120 τούτων
860 1067 967 1120 τῶν
996 1068 1189 1136 λόγων.
1223 1068 1357 1122 Οὐδέ
1378 1069 1486 1141 γὰρ
1510 1070 1715 1134 Παῦλος
1737 1072 2001 1143 ᾐσχύνετο

430 1162 570 1232 ὑπὲρ
600 1160 857 1214 τοιούτων
885 1160 1122 1232 συνεχῶς
1152 1161 1405 1232 ἐνοχλῶν,
1436 1162 1532 1215 καὶ
1563 1162 2001 1231 προσαιτούντων

427 1253 802 1321 φθεγγόμενος
833 1252 1077 1324 ῥήματα.
1124 1254 1189 1306 El
1223 1254 1321 1324 μὲν
1347 1254 1456 1324 γὰρ
1483 1253 1639 1306 τοῦτο
1676 1253 1887 1322 ἔλεγον,
1919 1256 2001 1307 ὅτι

440 1344 595 1413 Ἐμοὶ
629 1343 715 1406 δὸς
746 1345 841 1399 καὶ
866 1347 949 1408 εἰς
985 1344 1082 1415 τὴν
1113 1345 1254 1416 ἐμὴν
1284 1345 1521 1407 κατάθες
1541 1344 1740 1411 οίκίαν,
1780 1345 1909 1409 ἴσως
1935 1345 2001 1398 ἂν

427 1439 692 1509 αἰσχύνης
715 1434 783 1510 ἦν
811 1438 871 1492 τὸ
904 1439 1198 1510 λεγόμενον
1217 1454 1232 1471 ο
1268 1438 1467 1509 μᾶλλον
1500 1439 1559 1493 δὲ
1594 1438 1716 1491 οὐδέ
1748 1438 1869 1491 τότε
1897 1454 1911 1468 ο
1936 1440 2001 1491 Ol

429 1530 540 1601 γὰρ
582 1529 661 1596 τῷ
699 1532 1126 1599 θυσιαστηρίῳ,
1169 1530 1325 1602 φησὶ,
1361 1529 1887 1600 προσεδρεύοντες,
1920 1528 2002 1594 τῷ

429 1622 838 1689 θυσιαστηρίῳ
861 1622 1337 1692 συμμερίζονται.
1967 1678 2003 1717 κ

499 1733 565 1804 β’·
598 1734 744 1804 Πλὴν
764 1733 877 1788 ἀλλ’
904 1734 1031 1799 ἴσως
1049 1735 1114 1790 ἄν
1140 1753 1224 1800 τις
1244 1736 1688 1808 ἐπετίμησεν,ὼς
1704 1737 1845 1807 ὐπέρ
1873 1738 2001 1790 ἐαυ-

428 1818 522 1873 τοῦ
553 1821 860 1891 ποιουμένῳ
889 1822 1181 1892 τὸνλόγον*
1217 1824 1312 1877 νῦν
1340 1825 1398 1878 δὲ
1432 1826 1572 1897 ὑπὲρ
1598 1827 1705 1879 τῶν
1734 1826 2003 1897 δεομένων

428 1910 527 1981 τὴν
562 1912 839 1982 ἱκετηρίαν
863 1912 1071 1984 τίθημι,
1107 1916 1307 1986 μᾶλλον
1333 1916 1388 1969 δὲ
1414 1919 1511 1987 οὐχ
1541 1916 1682 1987 ὑπὲρ
1707 1918 1817 1970 τῶν
1844 1917 2003 1988 δεομέ

429 2022 557 2071 νων,
584 2005 697 2059 ἀλλ’
737 2006 879 2076 ὑπὲρ
900 2007 1055 2077 ὑμῶν
1081 2007 1189 2060 τῶν
1223 2009 1570 2078 παρεχόντων
1589 2025 1603 2039 ’
1632 2009 1713 2061 διδ
1733 2009 1828 2062 καὶ
1856 2010 2001 2080 παρ·

432 2099 779 2169 ῥησιάζομαι.
808 2098 945 2151 Ποία
975 2100 1083 2168 γάρ
1105 2099 1333 2170 αἰσχύνη
1365 2101 1560 2166 εἰπεῖν,
1588 2100 1685 2162 Δὸς
1714 2099 1792 2169 τῷ
1816 2100 2003 2170 Κυρίῳ

432 2190 707 2256 πεινῶντι,
738 2190 957 2243 ἔνδυσον
990 2191 1150 2244 αὐτὸν
1172 2191 1379 2261 γυμνὸν
1406 2192 1708 2263 περιιόντα,
1749 2193 2002 2258 ὑπόδεξαι

432 2279 580 2345 ξένον
603 2281 729 2334 ὄντα
751 2298 765 2346 ;
813 2280 873 2333 Ὀ
897 2280 1173 2350 Δεσπότης
1204 2298 1297 2335 σου
1324 2284 1425 2336 οὐκ
1453 2282 1767 2353 αἰσχύνεται
1795 2284 1889 2335 ἐπὶ
1906 2285 2004 2354 τῆς

429 2372 755 2442 οἰκουμένης
785 2369 958 2424 ταῦτα
976 2371 1151 2439 λέγων
1169 2386 1184 2400 ·
1226 2371 1573 2437 Ἐπείνασα,
1603 2372 1699 2426 καὶ
1723 2375 1834 2427 οὐκ
1860 2372 2004 2427 ἐδώ-

430 2463 575 2517 κατέ
598 2482 699 2532 μοι
742 2463 985 2532 φαγεῖν·
1030 2467 1058 2517 ό
1092 2462 1342 2533 ἀνενδεὴς
1374 2465 1466 2517 καὶ
1497 2464 1727 2535 μηδενὸς
1754 2464 2000 2535 χρῄζων⁹

431 2557 527 2609 καί
573 2555 684 2624 ἐγὼ
727 2554 1089 2627 αἰσχυνοῦμαι
1130 2557 1225 2611 καὶ
1254 2556 1505 2627 όκνήσω;
1544 2558 1791 2626 ’Λπαγε-
1823 2558 2004 2610 διαϐο-

431 2645 588 2716 λικῆς
616 2645 908 2715 ἐπιϐουλῆς
940 2646 1079 2716 αῦτη
1118 2647 1152 2718 ή
1178 2647 1428 2715 αἰσχύνη.
1464 2646 1537 2698 Οὐ
1569 2646 1749 2699 τοίνυν
1781 2648 2003 2716 αἰσχυν-

431 2737 688 2807 θήσομαι,
721 2735 855 2789 ἀλλὰ
899 2736 992 2789 καὶ
1037 2736 1178 2807 μετά
1218 2735 1530 2807 παρρησίας
1570 2737 1697 2807 ἐρῶ·
1740 2736 1868 2789 Δότε
1893 2739 2004 2800 τοῖς

428 2829 720 2900 δεομένοις,
756 2828 847 2882 καὶ
878 2828 1014 2898 μετά
1050 2828 1315 2892 πλείονος,
1345 2830 1378 2899 ἢ
1422 2831 1473 2881 οἱ
1501 2828 1764 2893 δεόμενοι,
1795 2829 2000 2899 φωνῆς.

430 2920 493 2972 EE
522 2920 620 2989 μὲν
645 2919 753 2990 γάρ
774 2917 886 2987 ἔχει
921 2935 1007 2980 τις
1032 2917 1200 2982 δεῖξαι
1231 2920 1327 2972 καὶ
1353 2918 1591 2987 ἐλέγξαι,
1614 2921 1695 2973 ὅτι
1723 2920 1891 2974 ταῦτα
1920 2921 2006 2974 λέ-

429 3027 638 3079 γοντες,
670 3010 806 3080 πρὸς
828 3011 1054 3072 ἑαυτοὺς
1073 3010 1216 3080 ὑμᾶς
1242 3009 1496 3080 ἕλκομεν,
1531 3013 1624 3063 καὶ
1656 3014 2004 3083 προσχήματι

429 3102 536 3154 τῶν
570 3103 817 3171 πενήτων
848 3102 1002 3154 αὐτοὶ
1044 3100 1417 3173 κερδαίνομεν,
1453 3103 1554 3155 οὐκ
1586 3103 1849 3175 αἰσχύνης
1879 3104 2007 3170 ἀξια

429 3193 603 3247 ταῦτα
633 3193 812 3263 μόνον,
855 3192 991 3245 ἀλλά
1028 3195 1120 3246 καὶ
1177 3193 1385 3264 μυρίων
1426 3197 1730 3266 κεραυνῶν,
1761 3199 1855 3249 καὶ
1884 3198 2005 3251 οὐδέ

431 3284 530 3357 ζῇν
576 3286 723 3352 ἀξιον
755 3286 880 3349 τοὺς
908 3285 975 3339 τὰ
1006 3283 1231 3337 τοιαῦτα
1264 3285 1554 3350 ποιοῦντας
1575 3303 1589 3317 ·
1626 3289 1674 3339 εἰ
1708 3287 1765 3341 δὲ
1809 3290 1875 3358 τῇ
1908 3288 2003 3341 τοῦ

429 3377 565 3430 Θεοῦ
618 3378 799 3449 χάριτι
845 3376 994 3431 οὐδὲν
1042 3377 1182 3449 ὑπὲρ
1236 3378 1446 3431 ἑαυτῶν
1493 3378 1837 3448 ἐνοχλοῦμεν,
1888 3381 2004 3434 ἀλλ’

428 3469 702 3525 ἀδάπανον
731 3471 857 3539 ὑμῖν
899 3469 958 3522 τὸ
988 3469 1324 3538 Εὐαγγέλιον
1368 3469 1669 3542 ἐθήκαμεν,
1714 3475 2005 3539 πονοῦντες

432 3560 532 3630 μὲν
563 3557 811 3629 οὐδαμῶς
836 3557 1087 3629 καθάπερ
1122 3557 1273 3634 [402]
1305 3557 1533 3621 Παῦλος,
1561 3561 1674 3621 τοῖς
1705 3558 1762 3611 δὲ
1782 3561 2005 3624 οἰκείοις

429 3651 778 3723 ἀρκούμενοι,
820 3650 958 3719 μετά
994 3651 1306 3721 παρρησίας
1353 3651 1535 3722 πάσης
1564 3651 1699 3721 ἐρῶν
1732 3653 1862 3705 Δότε
1893 3656 2004 3717 τοῖς

430 3743 724 3813 δεομένοις,
770 3744 863 3796 καί
900 3743 960 3794 οὐ
1013 3743 1285 3812 παύσομαι
1332 3743 1490 3797 τοῦτο
1535 3744 1730 3812 λέγων,
1795 3747 1888 3799 καὶ
1928 3746 2002 3817 μὴ

432 3834 681 3887 διδόντων
725 3832 918 3902 ἔσομαι
963 3832 1197 3902 χαλεπὸς
1250 3836 1575 3905 κατήγορος.
1636 3836 1748 3889 Καὶ
1796 3838 1904 3908 γάρ
1955 3839 2004 3890 εί

438 3923 742 3993 στρατηγὸς
807 3922 953 3991 ήμην
1001 3922 1095 3974 καὶ
1153 3924 1488 3993 στρατιώτας
1553 3922 1719 3995 εἶχον,
1780 3928 1880 3980 οὐκ
1938 3928 2004 3980 ἂν

435 4012 709 4084 ᾐσχύνθην
744 4015 854 4075 τοῖς
902 4011 1261 4081 στρατιώταις
1308 4014 1513 4085 τροφάς
1556 4017 1742 4074 αἰτῶν.
1795 4019 2007 4089 Σφόδρα

435 4104 545 4174 γὰρ
586 4103 695 4175 ἐρῶ
728 4102 827 4173 τῆς
871 4103 1143 4174 σωτηρίας
1167 4104 1268 4175 τῆς
1297 4106 1589 4176 ὑμετέρας.
1631 4108 1772 4162 Ἀλλ’
1800 4110 1885 4162 ἵνα
1910 4111 2005 4163 καὶ

434 4192 820 4264 ἐνεργέστερος
853 4195 881 4247 ό
914 4192 1070 4260 λόγος
1097 4193 1321 4264 γένηται
1351 4196 1447 4248 καὶ
1492 4196 1819 4271 δραστήριος
1866 4200 2004 4270 μᾶλ-

432 4282 545 4348 λον,
594 4282 806 4336 Παῦλον
857 4280 1213 4352 παραστάτην
1262 4282 1463 4349 λαϐὼν,
1494 4285 1611 4354 μετ’
1639 4287 1847 4340 ἐκείνου
1887 4288 2004 4343 δια-

433 4376 653 4445 λέξομαι
675 4375 874 4443 λέγων·
900 4373 1202 4439 Ἕκαστος
1223 4375 1389 4444 ὑμῶν
1413 4378 1546 4445 παρ’
1562 4377 1752 4445 ἐαυτῷ
1780 4381 2002 4445 τιθέτω,

432 4467 804 4535 θησαυρίζων
849 4465 882 4519 ὅ
914 4483 969 4518 τι
997 4463 1074 4518 ἂν
1117 4465 1420 4520 εὐοδῶται.
1464 4469 1663 4522 Σκόπει
1700 4471 1808 4543 γάρ
1837 4474 2002 4529 αὐτοῦ

435 4558 729 4611 κάντεῦθεν
771 4557 832 4609 τὸ
880 4555 1216 4626 ἀνεπαχθὲς·
1248 4557 1347 4609 οὐκ
1389 4553 1532 4619 εἶπε,
1583 4561 1807 4614 Τοσόνδε
1854 4564 2005 4634 ἢτο-

436 4646 605 4705 σόνδε,
641 4645 755 4697 ἀλλ’
786 4647 857 4696 '0
888 4662 937 4697 τι
984 4643 1060 4697 ἂν
1094 4643 1398 4699 εὐοδῶται.
1428 4646 1536 4699 εἴτε
1574 4648 1728 4713 πολὺ,
1761 4653 1869 4704 εἴτε
1896 4653 2006 4705 ὀλί-

434 4753 559 4805 γον·
586 4736 679 4787 καὶ
709 4736 808 4787 οὐκ
832 4731 1004 4798 εἶπεν,
1039 4734 1103 4788 Ὅ
1128 4753 1180 4788 τι
1205 4736 1270 4790 ἄν
1295 4753 1377 4799 τις
1407 4737 1660 4809 κερδάνῃ,
1688 4740 1824 4805 ἀλλ’,
1855 4744 1925 4795 "0
1951 4762 2005 4797 τι

433 4828 512 4881 ἄν
547 4826 833 4895 εὐοδωθῇ,
866 4827 1079 4891 δεικνὺς
1103 4829 1184 4882 ὅτι
1214 4828 1364 4900 παρά
1386 4829 1480 4882 τοῦ
1523 4830 1657 4883 Θεοῦ
1689 4835 1722 4903 ή
1748 4837 2001 4906 χορηγία.

434 4917 510 4972 Οὐ
538 4918 710 4990 ταύτῃ
738 4917 793 4971 δὲ
812 4917 993 4989 μόνον,
1019 4917 1155 4971 ἀλλά
1176 4920 1271 4973 καὶ
1299 4919 1378 4991 τῷ
1410 4919 1486 4992 μὴ
1511 4921 1590 4975 ἐνί
1608 4924 1783 4995 χρόνῳ
1803 4926 1863 4978 τὸ
1896 4929 2004 4981 πᾶν

433 5006 688 5063 κελεῦσαι
711 5006 1060 5071 καταϐαλεῖν,
1106 5007 1293 5078 ῥᾳδίαν
1322 5012 1466 5062 ποιεῖ
1505 5011 1603 5082 τὴν
1626 5013 1934 5084 συμϐουλήν
1953 5029 2001 5057 α·

432 5097 511 5168 τῷ
550 5099 657 5169 γὰρ
709 5097 852 5153 κατά
908 5096 1103 5170 μικρὸν
1152 5095 1505 5166 συλλέγεσθαι
1545 5101 2002 5173 ἀνεπαίσθητοςή

432 5187 744 5257 λειτουργία
786 5189 880 5242 καὶ
905 5189 939 5259 ἡ
971 5187 1206 5257 δαπάνη.
1238 5186 1337 5240 Διά
1360 5187 1425 5259 δὴ
1456 5188 1615 5242 τοῦτο
1639 5190 1759 5243 οὐδὲ
1803 5193 2003 5257 εὐθέως

434 5277 646 5332 κελεύει
681 5279 759 5340 εἰς
796 5279 959 5348 μέσον
996 5281 1250 5349 ἀγαγεῖν,
1285 5280 1422 5335 ἀλλά
1459 5281 1657 5350 πολλὴν
1689 5282 1869 5335 δίδωσι
1906 5283 2003 5353 τὴν

435 5367 798 5439 προθεσμίαν,
833 5368 927 5422 καὶ
960 5372 1063 5440 τὴν
1102 5371 1282 5424 αἰτίαν
1308 5371 1477 5433 τιθείς
1506 5387 1695 5441 φησιν·
1732 5374 1864 5427 Ἵνα
1893 5374 2000 5443 μὴ,

433 5453 580 5509 ὅταν
606 5455 783 5518 ἔλθω,
810 5455 942 5509 τότε
973 5457 1172 5526 λογίαι
1209 5459 1509 5527 γίνωνται.
1544 5461 1853 5526 Τουτέστιν,
1888 5464 2005 5518 Ἵνα

437 5545 512 5616 μὴ
558 5547 618 5599 ἐν
639 5545 718 5617 τῷ
760 5547 936 5619 καιρῷ
960 5549 1061 5618 τῆς
1118 5550 1396 5621 εἰσφορᾶς,
1447 5552 1565 5603 τότε
1622 5553 2002 5625 ἀναγκάζησθε

436 5637 728 5707 συλλέγειν.
763 5640 871 5694 Καὶ
898 5640 1054 5694 τοῦτο
1080 5642 1135 5695 δέ
1166 5642 1263 5713 οὐχ
1298 5642 1374 5705 ὡς
1406 5641 1591 5713 ἔτυχεν
1617 5647 1809 5710 αὐτοὺς
1843 5648 2003 5702 πάλιν

438 5729 764 5802 προέτρεψεν
788 5747 798 5758 '
819 5734 851 5799 ή
880 5733 984 5803 γάρ
1011 5734 1302 5805 προσδοκία
1327 5734 1534 5788 Παύλου
1567 5737 2003 5808 προθυμοτέρους

1148 223 1205 278 S.
1246 222 1530 281 JOANNIS
1568 226 2046 287 CHRYSOSTOMI
2087 235 2410 293 ARCIIIEP.
2452 235 3001 297 CONSTANTINOP.

3585 241 3686 297 3'7“

2114 355 2310 421 αὐτοὺς
2354 360 2546 414 ἐποίει.
2602 361 2789 415 Ὅταν
2833 357 2901 412 δὲ
2945 357 3120 419 ἔλθω,
3157 355 3264 421 οὓς
3298 353 3405 410 ἐὰν
3448 354 3689 425 δοκιμά-

2112 460 2280 513 σητε.
2320 449 2394 501 δι’
2432 451 2774 505 ἐπιστολῶν
2814 450 3066 514 τούτους
3098 446 3311 517 πέμψω
3336 446 3689 516 ἀπενεγκεῖν

2112 537 2227 602 τὴν
2260 538 2434 606 χάριν
2469 540 2638 609 ὑμῶν
2684 544 2772 607 είς
2807 537 3227 608 Ἰερουσαλήμ.
3261 538 3377 590 Οὐκ
3406 532 3581 601 εἶπεν,
3630 538 3688 592 Ὀ

2109 624 2255 677 δεῖνα
2286 628 2377 679 καὶ
2402 630 2430 681 ό
2450 628 2619 695 δεῖνα,
2648 629 2784 694 ἀλλ’,
2813 629 2933 694 Οὓς
2961 628 3071 681 ἐὰν
3099 626 3270 696 ὑμεῖς
3295 626 3685 697 δοκιμάσητε,

2109 710 2203 776 οὓς
2246 714 2341 768 ἐὰν
2372 715 2589 785 ἕλησθε,
2635 715 2776 770 ὥστε
2826 714 3134 769 ἀνύποπτον
3178 712 3401 783 ποιῆσαι
3433 712 3534 781 τὴν
3577 712 3687 764 λει-

2108 804 2392 873 τουργίαν.
2448 806 2540 858 Διὸ
2585 804 2765 858 αὐτῶν
2814 807 3048 857 ποιεῖται
3100 803 3197 873 τὴν
3227 801 3407 870 ψῆφον
3441 804 3541 871 τῆς
3580 800 3689 852 τῶν

2107 893 2555 965 ἀποκομιζόντων
2600 898 2888 967 αἱρέσεως.
2932 896 3008 948 Οὐ
3040 894 3149 964 γὰρ
3194 894 3367 964 δήπου
3397 893 3580 960 φησίψ
3624 892 3688 944 Ἦ

2111 982 2211 1052 μὲν
2255 985 2483 1055 εἰσφορὰ
2528 987 2701 1058 ὐμῶν,
2761 988 2795 1056 η
2840 985 2897 1039 δὲ
2923 984 3141 1049 ἐξουσία
3182 984 3283 1053 τῆς
3316 982 3551 1051 ἐκλογῆς
3578 981 3689 1035 τῶν

2107 1073 2572 1143 ἀποκομιζόντων,
2601 1077 2700 1147 οὐχ
2740 1076 2914 1146 ὐμῶν.
2951 1071 3084 1128 Εἶτα
3112 1074 3201 1128 ἵνα
3232 1074 3306 1143 μὴ
3338 1072 3520 1133 αὐτοῖς
3552 1072 3688 1124 ἀπο·-

2106 1164 2474 1236 λιμπάνεσθαι
2504 1168 2652 1239 δόξῃ,
2679 1169 2748 1222 τά
2776 1169 3080 1241 γράμματα
3114 1164 3462 1236 προστίθησι,
3490 1163 3683 1230 λέγων’

2110 1255 2229 1322 Οὓς
2257 1257 2365 1311 ἐὰν
2396 1258 2781 1328 δοκιμάσητε,
2828 1258 2902 1312 δι’
2940 1255 3281 1311 ἐπιστολῶν
3310 1254 3544 1338 πέμψω.
3597 1254 3686 1317 Ὡς

2106 1345 2173 1401 ἂν
2192 1349 2241 1401 εἰ
2286 1347 2492 1416 ἔλεγεν,
2542 1350 2624 1403 ὃτι
2663 1349 2834 1419 Κάγὼ
2862 1350 3156 1418 συνέσομαι
3197 1348 3404 1408 αὐτοῖς,
3436 1346 3531 1398 καὶ
3570 1360 3685 1397 κοιο

2107 1438 2332 1508 νωνήσω
2363 1438 2463 1508 τῆς
2509 1438 2851 1510 λειτουργίας
2894 1439 2982 1491 διά
3010 1438 3118 1490 τῶν
3170 1436 3536 1506 γραμμάτων.
3576 1433 3688 1487 Καὶ

2106 1529 2208 1582 οὐκ
2245 1526 2388 1592 εἷπε,
2422 1531 2657 1596 Τούτους
2701 1531 2903 1603 πέμψω
2936 1532 3261 1598 ἀπενεγκεῖν
3301 1531 3397 1598 τὴν
3456 1529 3687 1597 ἐλεημο-

2110 1617 2275 1688 σύνην
2297 1619 2469 1689 ὑμῶν,
2492 1620 2646 1684 ἀλλὰ,
2666 1621 2784 1689 Τὴν
2802 1620 2979 1689 χάριν
2996 1619 3183 1689 ὑμῶν,
3202 1620 3289 1672 ἵνα
3306 1619 3459 1691 δείξῃ
3479 1617 3686 1688 μεγάλα

2108 1715 2531 1787 ἐργαζομένους,
2562 1719 2649 1773 ἵνα
2695 1719 2844 1791 δείξῃ
2882 1719 3079 1781 αὐτοὺς
3122 1716 3523 1786 κερδαίνοντας.
3565 1713 3682 1765 Ἀλ-

2108 1808 2272 1879 λαχοῦ
2302 1808 2359 1862 δέ
2398 1812 2493 1864 καί¹
2537 1811 2788 1879 εὐλογίαν
2834 1811 2927 1863 καὶ
2958 1810 3239 1864 κοινωνίαν
3268 1807 3441 1860 καλεῖ·
3466 1806 3528 1856 τὸ
3562 1803 3682 1874 μὲν,

2111 1898 2199 1952 ἵνα
2233 1899 2307 1970 μὴ
2338 1901 2741 1973 ρᾳθυμοτέρους
2781 1903 3001 1973 ποιήσῃ,
3032 1900 3093 1952 τὸ
3137 1899 3214 1963 δὲ,
3251 1899 3336 1950 ἵνα
3368 1895 3443 1967 μὴ
3469 1895 3648 1965 ἐπάρῃ
3668 1910 3681 1923 ’

2109 1991 2345 2062 οὐδαμοῦ
2379 1993 2560 2062 μέντοι
2600 2010 2663 2058 γε
2703 1987 3071 2064 ἐλεημοδύνην
3114 1989 3417 2058 ὠνόμασεν.
3452 1985 3591 2039 Ἐὰν
3612 1983 3699 2036 δὲ»

2109 2078 2150 2154 ᾖ
2184 2081 2358 2147 ἀξιον
2386 2084 2490 2137 τοῦ
2529 2083 2680 2153 κάμὲ
2718 2086 3098 2152 πορεύεσθαι,
3134 2081 3257 2133 σὺν
3298 2078 3429 2148 ἐμοὶ
3472 2076 3685 2143 πορεύ-

2111 2191 2343 2228 σονται.
2404 2175 2669 2229 Ἐνταῦθα
2699 2176 2861 2230 πάλιν
2888 2176 2967 2237 είς
2997 2173 3276 2243 δαψίλειαν
3321 2171 3517 2232 αὐτοὺς
3547 2183 3684 2238 προ-

2109 2266 2318 2336 τρέπει.
2360 2267 2486 2320 Ἐἀν
2506 2267 2614 2337 γάρ
2639 2264 2891 2319 τοσοῦτον
2911 2261 2967 2335 ᾗ,
2994 2264 3179 2334 φησὶν,
3200 2262 3275 2325 ὡς
3296 2261 3393 2314 καὶ
3418 2260 3518 2330 τῆς
3547 2260 3685 2328 ἐμῆς

2110 2357 2313 2410 δεῖσθαι
2349 2358 2669 2429 παρουσίας,
2701 2357 2821 2410 οὐδὲ
2864 2354 3023 2409 τοῦτο
3065 2355 3498 2425 παραιτήσομαι.
3545 2348 3682 2403 Ἀλλ’

2111 2448 2313 2512 εὐθέως
2373 2451 2471 2519 μὲν
2512 2449 2670 2503 τοῦτο
2731 2450 2831 2502 οὐκ
2882 2446 3275 2518 ἐπηγγείλατο,
3331 2443 3454 2497 οὐδέ
3510 2440 3681 2504 εἶπεν,

2124 2538 2372 2592 Ἐπειδὰν
2411 2540 2829 2610 παραγένωμαι,
2868 2537 2978 2605 ἐγὼ
3015 2535 3365 2605 ἀποκομίζω·
3418 2532 3540 2586 οὐδὲ
3578 2532 3685 2601 γὰρ

2110 2627 2177 2681 ἂν
2214 2629 2384 2693 οὕτως
2412 2628 2835 2701 αὐτὸᾼηῦξησεν,
2861 2629 2910 2681 εἰ
2949 2627 3010 2691 ἐξ
3035 2626 3208 2698 ἀρχῆς
3240 2624 3371 2678 αὐτὸ
3407 2623 3646 2677 τέθεικεν
3665 2637 3680 2652 ⁸

2112 2718 2335 2790 ὕστερον
2361 2697 2745 2789 μέντοθκάλῶς
2768 2720 2863 2773 καὶ
2885 2697 3156 2789 εὐκαίρως
3183 2716 3313 2770 αὐτὸ
3336 2715 3682 2787 προστίθησι.

2111 2812 2208 2863 Διά
2238 2811 2302 2879 δὴ
2329 2811 2485 2863 τοῦτο
2511 2812 2612 2864 οὐκ
2645 2811 2847 2873 εὐθέως
2890 2809 3039 2881 [405]
3079 2809 3368 2878 ὑπέσχετο,
3399 2805 3525 2859 οὐτε
3557 2804 3688 2858 καθ-

2112 2902 2259 2966 άπαξ
2302 2901 2435 2955 αὐτὸ
2483 2901 2892 2972 ἀπεσιώπησεν,
2942 2901 3057 2955 ἀλλ’
3108 2899 3299 2963 εἰπὼν,
3331 2899 3413 2952 ὅτι
3444 2896 3684 2966 Πέμψω,

2111 2994 2234 3046 τότε
2283 2995 2379 3048 καὶ
2423 2994 2616 3047 ἐαυτὸν
2642 2993 2987 3064 προστίθησι.
3020 2992 3133 3045 Καὶ
3174 2990 3413 3044 ἐνταῦθα
3446 2989 3503 3043 δέ
3530 2989 3687 3042 πάλιν

2113 3080 2334 3150 κυρίους
2394 3081 2586 3146 αὐτοὺς
2638 3082 2893 3151 ἐποίησεν
2950 3082 3008 3134 ἐν
3059 3080 3136 3151 τῷ
3203 3080 3400 3133 εἰπεῖν·
3459 3080 3601 3133 Ἐὰν

2112 3170 2285 3235 ἀξιον
2304 3171 2409 3224 τοῦ
2444 3172 2595 3241 κάμὲ
2631 3173 2993 3240 πορεύεσθαι
3015 3187 3028 3202 ·
3062 3171 3222 3225 τοῦτο
3259 3171 3314 3224 δὲ
3340 3171 3426 3225 ἐπ’
3454 3169 3687 3230 ἐκείνοις

2112 3261 2309 3325 ἔκειτο,
2335 3264 2394 3316 τὸ
2423 3264 2554 3316 πολὺ
2583 3264 2807 3333 ποιῆσαι
2836 3264 2896 3316 τὸ
2929 3263 3341 3345 συλλεγόμενον,
3372 3262 3463 3316 καὶ
3495 3258 3681 3313 τοσοῦ-

2111 3372 2222 3418 τον,
2270 3355 2344 3417 ὡς
2395 3355 2716 3423 δυσωπῆσαι
2761 3356 2854 3409 καὶ
2897 3356 3059 3409 αὐτὸν
3118 3355 3436 3424 ἀναστῆναι.
3484 3352 3687 3406 Ἐλεύ-

2112 3464 2291 3515 σομαι
2336 3446 2406 3499 δὲ
2460 3445 2609 3515 πρὸς
2662 3445 2837 3512 ὑμᾶς,
2890 3447 3076 3517 φησὶν,
3122 3446 3270 3500 ὅταν
3311 3444 3689 3499 Μακεδονίαν

2112 3537 2343 3592 διέλθω.
2395 3533 2530 3591 Εἷπε
2584 3539 2677 3592 καὶ
2715 3539 2972 3609 ἀνωτέρω
3026 3537 3206 3601 τοῦτο,
3250 3537 3387 3591 ἀλλά
3420 3541 3543 3591 τότε
3591 3537 3689 3607 μὲν

2117 3630 2254 3701 μετὰ
2306 3630 2509 3700 θυμοῦ·
2562 3630 2872 3702 προσέθηκε
2907 3630 3057 3699 γοῦν·
3100 3630 3210 3684 Καὶ
3261 3628 3567 3699 γνώσομαι
3616 3629 3688 3682 οὐ

2112 3723 2218 3776 τὸν
2252 3725 2439 3793 λόγον
2484 3722 2603 3776 τῶν
2634 3722 3124 3791 πεφυσιωμένων,
3154 3722 3317 3775 ἀλλὰ
3361 3721 3475 3788 τὴν
3504 3720 3688 3773 δύνα-

2108 3831 2214 3884 μιν
2234 3830 2246 3843 ο
2280 3813 2514 3866 ἐνταῦθα
2549 3813 2606 3866 δὲ
2637 3814 3093 3883 προσηνέστερον,
3125 3813 3213 3864 ἵνα
3245 3812 3340 3865 καὶ
3376 3809 3681 3879 ποθήσωσιν

2113 3905 2276 3959 αὐτοῦ
2312 3906 2408 3976 τὴν
2440 3906 2765 3977 παρουσίαν.
2810 3902 2963 3970 Εἶτα,
3005 3906 3093 3958 ἵνα
3134 3905 3211 3975 μὴ
3246 3903 3460 3973 λέγωσι·
3491 3902 3557 3953 Τί
3590 3897 3683 3953 οὖν

2112 3994 2431 4057 Μακεδόνας
2471 3995 2628 4063 ήμῶν
2693 3995 3001 4063 προτιμᾷςς
3049 3992 3149 4045 οὐκ
3201 3988 3374 4055 εἶπεν,
3434 3986 3686 4041 Ἐπειδὰν

2113 4084 2353 4147 ἀπέλθω,
2388 4085 2525 4149 ἀλλ’,
2569 4085 2845 4139 Ἐπειδὰν
2876 4084 3087 4139 διέλθω
3129 4082 3527 4139 Μακεδονίαν.
3562 4084 3685 4134 Μα-

2113 4175 2391 4230 κεδονίαν
2427 4178 2536 4246 γὰρ
2561 4176 2963 4244 διελεύσομαι.
2993 4175 3149 4243 Πρὸς
3192 4171 3346 4242 ὑμᾶς
3391 4171 3459 4225 δὲ
3502 4171 3687 4239 τυχὸν

2112 4270 2453 4339 Παραμενῶ,
2506 4268 2543 4337 ἢ
2585 4269 2683 4322 καὶ
2732 4266 3178 4337 παραχειμάσω.
3231 4264 3365 4318 Οὐδὲ
3417 4263 3528 4333 γάρ
3565 4260 3683 4315 ὁδοῦ

2115 4361 2373 4432 βούλομαι
2400 4360 2731 4431 ποιήσασθαι
2763 4359 3038 4429 πάρεργον
3077 4357 3241 4428 ὑμᾶς,
3276 4354 3389 4408 ἀλλ’
3420 4352 3689 4422 ἐνδιατρί-

2111 4454 2211 4523 qm
2253 4454 2348 4506 καὶ
2376 4454 2734 4523 παραμεῖναι.
2769 4451 2898 4503 Ὅτε
2921 4450 3029 4520 γάρ
3054 4448 3224 4501 ταῦτα
3254 4444 3599 4509 ἐπέστελλεν,
3629 4446 3686 4496 ἐν

2126 4546 2335 4616 Ἐφέσῳ
2368 4541 2453 4616 ἦν,
2487 4544 2752 4615 χειμῶνος
2786 4544 2956 4606 ὄντος.
2999 4541 3162 4609 Λέγει
3183 4540 3383 4603 τοίνυν,
3416 4539 3499 4590 δτι
3536 4538 3687 4600 Ἕως

2112 4635 2533 4705 Πεντηκοστῆς
2576 4637 2642 4689 ὲν
2680 4635 2911 4703 Ἐφέσῳ
2944 4631 3229 4700 ἑπιμενῶο
3267 4631 3405 4700 μετά
3429 4629 3485 4682 δέ
3517 4628 3685 4682 ταῦτα
3736 4654 3739 4655 ν

2112 4729 2481 4798 ἀπελεύσομαι
2532 4730 2611 4791 είς
2651 4726 3035 4785 Μακεδονίαν,
3064 4724 3160 4776 καὶ
3219 4721 3445 4776 διελθὼν
3496 4721 3684 4790 αὐτὴν,

2111 4822 2227 4892 ἥξω
2280 4821 2414 4891 πρὸς
2462 4821 2604 4890 ὑμᾶς
2658 4819 2752 4871 τοῦ
2804 4818 3031 4887 θέρους*
3091 4813 3349 4877 πολλάκις
3381 4814 3560 4868 δὲκαὶ
3598 4814 3688 4866 τὸν

2112 4913 2354 4985 χειμῶνα
2379 4911 2515 4982 πρὸς
2542 4911 2685 4980 ὑμᾶς
2714 4910 2940 4979 ποιήσω.

2182 5002 2249 5072 γ’.
2285 5003 2440 5066 Τίνος
2472 5002 2528 5055 δέ
2562 5002 2745 5053 ἐνεκεν
2782 4995 2925 5063 εἷπε,
2980 5000 3192 5070 Τυχόν,
3222 4999 3315 5052 καὶ
3345 4998 3445 5050 οὐκ
3473 4997 3685 5065 ἀπεφήο

2112 5111 2273 5156 νατος
2304 5093 2426 5146 Ὅτι
2457 5092 2515 5144 οὐ
2554 5091 2732 5145 πάντα
2757 5092 2980 5162 προῄδει
3004 5090 3237 5153 Παῦλος,
3257 5089 3351 5141 καὶ
3383 5087 3683 5159 συμφερόν-

2110 5203 2235 5249 τως.
2260 5183 2360 5237 Διὰ
2381 5184 2538 5237 τοῦτο
2556 5183 2677 5236 οὐδὲ
2702 5183 2888 5246 ἁπλῶς
2915 5183 3300 5250 ἀποφαίνεται,
3332 5181 3442 5244 ἵνα,
3471 5180 3575 5232 κάν
3612 5178 3684 5248 μὴ

2113 5278 2358 5348 γένηται,
2380 5276 2479 5346 ἔχῃ
2510 5274 2860 5343 καταφυγὴν,
2889 5274 3007 5327 τότε
3036 5272 3353 5343 ἀδιορίστως
3378 5272 3682 5341 προειπεῖν,

2112 5371 2206 5422 καὶ
2259 5367 2358 5438 τὴν
2404 5366 2497 5419 τοῦ
2550 5365 2863 5435 Πνεύματος
2919 5364 3166 5430 ἐξουσίαν
3208 5363 3449 5429 ἄγουσαν
3504 5360 3682 5423 αὐτὸν,

2110 5459 2356 5527 ὅπουπερ
2394 5454 2664 5518 ἐϐούλετο,
2694 5456 2794 5508 οὐκ
2838 5454 2966 5507 ἔνθα
3006 5453 3167 5515 αὐτὸς
3210 5452 3510 5521 ἐπεθύμειο
3539 5451 3568 5503 ὃ
3595 5449 3686 5504 καὶ

2110 5553 2168 5604 ἐν
2218 5553 2283 5620 τῇ
2333 5548 2563 5619 δευτέρᾳ
2605 5547 2820 5617 τίθησιν
2860 5546 3167 5615 Ἐπιστολῇ,
3209 5544 3309 5613 τῆς
3373 5544 3683 5614 μελλήσεως

2173 5691 2198 5718 ει
2222 5682 2714 5742 Saviliuslogendum
2754 5685 3032 5745 smpicalur
3048 5680 3133 5733 τὴν
3171 5678 3438 5738 συμός).ἦν,
3483 5685 3537 5727 et
3571 5679 3675 5726 haec

2117 5751 2283 5811 utique
2306 5759 2415 5795 ver-4
2442 5746 2587 5796 lcclio
2614 5753 2704 5793 est.
