4018 6156
341 334 452 389 369

342 453 523 499 manet
546 443 760 514 quidem
784 441 1112 516 symbolum,
1155 456 1241 496 res
1278 451 1456 498 autem
1502 455 1763 512 nusquam
1811 448 1915 494 est.

341 537 406 592 Et
423 537 550 592 scio
571 535 809 606 quidem,
832 533 972 606 quod
995 531 1147 589 multi
1175 549 1241 589 ex
1270 535 1334 588 iis
1353 575 1370 600 ,
1396 533 1486 604 qui
1512 548 1616 588 una
1639 532 1915 596 assident,

339 642 440 682 nos
461 641 649 682 rursus
689 624 1124 696 reprehendent,
1176 639 1300 679 cum
1347 623 1414 678 de
1456 623 1541 678 bis
1592 622 1920 678 disseramus

319 716 582 772 rdicentes
611 715 753 778 :Ne,
796 731 948 788 rogo,
977 731 1046 771 ne
1071 716 1151 771 sis
1169 716 1346 786 gravis
1369 723 1425 770 et
1467 713 1725 768 molestus
1769 711 1918 768 audi-

334 807 560 871 toribus,
591 806 685 862 sed
702 807 966 878 .permitte
989 807 1160 862 libero
1189 805 1418 861 arbitrio
1445 815 1499 860 et
1519 803 1784 860 voluntati
1821 819 1919 857 au-

331 899 601 962 ditorum;
649 915 771 953 nam
827 913 970 954 nunc
1012 897 1230 968 quidem
1281 912 1380 952 nos
1417 895 1625 968 pudore
1672 895 1841 949 amcis
1863 903 1918 949 et

331 992 648 1046 erubescere
676 991 826 1062 cogis
854 1009 868 1044 :
902 991 996 1047 sed
1025 990 1142 1046 haec
1182 990 1344 1047 verba
1375 1005 1480 1045 non
1512 990 1700 1045 feram.
1731 987 1916 1058 Neque

326 1085 470 1140 enim
488 1084 710 1140 Paulum
727 1085 958 1154 pudebat
975 1083 1166 1154 probis
1178 1083 1394 1139 assidue
1409 1097 1526 1138 esse
1541 1083 1840 1143 molestum,
1861 1091 1916 1135 et

327 1178 744 1234 mendicantium
763 1191 914 1234 more
926 1177 1090 1247 loqui.
1107 1176 1239 1232 Nam
1255 1177 1298 1230 si
1311 1175 1413 1230 hoc
1427 1174 1684 1240 dicerem,
1695 1173 1770 1228 Da
1780 1172 1910 1227 mibi

325 1277 377 1322 ct
399 1267 610 1336 depone
623 1268 676 1320 in
707 1267 841 1320 meis
865 1266 1092 1331 :rdibus,
1109 1265 1411 1336 pudendum
1439 1263 1580 1320 forte
1602 1273 1748 1320 esset
1763 1263 1908 1332 quod

322 1359 595 1424 dicerem;
626 1358 734 1414 imo
761 1374 888 1412 vero
917 1373 984 1413 ne
1013 1367 1138 1412 tunc
1161 1355 1375 1427 quidem
1407 1373 1419 1408 :
1445 1369 1570 1410 nam
1602 1353 1704 1422 Qui
1731 1355 1904 1418 altari,

321 1452 515 1520 inquit,
537 1451 780 1514 assident,
801 1451 979 1504 altaris
999 1461 1112 1504 sunt
1142 1449 1417 1521 participes
1451 1449 1528 1518 (I.
1552 1447 1674 1503 Cor.
1704 1448 1756 1503 9.
1793 1449 1902 1508 l3).

379 1546 445 1600 '2.
475 1545 737 1601 Caeterum
777 1543 1004 1599 fortasse
1047 1542 1315 1614 quispiam
1342 1557 1430 1596 me
1453 1539 1899 1610 reprehenderet,

317 1651 379 1695 ιιι
405 1639 496 1710 qui
523 1654 621 1708 pro
656 1653 742 1693 me
764 1637 926 1692 verba
957 1637 1187 1692 iacerem
1217 1653 1232 1690 :
1281 1649 1423 1689 nunc
1458 1641 1638 1688 autem
1663 1631 1906 1700 supplico

318 1732 539 1803 quidem
568 1746 666 1802 pro
693 1730 974 1802 egentibus
1000 1746 1014 1795 ;
1045 1729 1153 1784 imo
1177 1743 1310 1783 vero
1335 1742 1442 1781 non
1475 1741 1574 1796 pro
1599 1725 1899 1796 egentibus,

317 1823 415 1878 sed
453 1839 550 1893 pro
593 1823 743 1877 vobis
789 1823 878 1892 qui
924 1821 1215 1891 prmbetis:
1260 1831 1314 1876 et
1349 1819 1468 1874 ideo
1493 1820 1682 1890 loquor
1711 1819 1896 1874 libere.

316 1915 447 1980 Quis
490 1924 571 1968 est
611 1913 754 1968 enim
791 1912 964 1983 pudor
1000 1911 1204 1978 dicere,
1239 1913 1310 1966 Da
1355 1911 1584 1966 Domino
1617 1910 1894 1972 esurienti,

312 2007 474 2062 indue
501 2007 648 2060 illum
673 2005 871 2060 nudum
903 2004 1269 2070 oberrantem,
1303 2003 1496 2074 excipe
1523 2003 1897 2072 peregrinum?

306 2101 425 2155 Non
455 2095 722 2156 er'ubescit
758 2099 1015 2153 Dominus
1046 2107 1168 2152 tuus
1193 2099 1308 2151 lucc
1337 2097 1518 2152 dicere
1547 2097 1596 2149 in
1622 2096 1752 2150 orbe
1783 2105 1894 2149 ter-

303 2208 511 2254 rarum,
567 2191 786 2256 Esnrivi,
837 2201 882 2245 et
908 2208 1007 2245 non
1037 2191 1246 2246 dedistis
1269 2190 1394 2244 mihi
1421 2192 1556 2256 quod
1584 2189 1894 2244 contederem

301 2281 520 2354 (Matth.
552 2281 643 2336 25.
681 2281 771 2352 42)
806 2299 820 2349 ;
863 2283 950 2352 qui
993 2298 1098 2336 non
1131 2291 1247 2336 erat
1278 2280 1538 2351 indigens,
1570 2295 1668 2335 nec
1698 2281 1800 2335 ulla
1833 2296 1893 2335 re

297 2390 438 2444 opus
467 2374 700 2430 habebat
725 2393 738 2428 :
767 2385 821 2430 et
845 2389 948 2445 ego
973 2377 1292 2430 erubescam
1315 2384 1370 2429 et
1395 2375 1689 2456 dubitabo?
1715 2374 1888 2430 Absit:

295 2465 688 2520 diabolicarum
729 2467 1046 2522 insidiarum
1087 2476 1172 2522 est
1219 2467 1304 2521 bic
1357 2465 1549 2536 pudor.
1601 2465 1716 2520 Non
1761 2481 1890 2537 ergo

294 2556 642 2622 erubescam,
665 2557 761 2612 sed
794 2557 958 2612 libere
979 2557 1187 2612 dicam:
1222 2558 1353 2612 Date
1375 2556 1676 2628 egentibus,
1702 2567 1755 2612 et
1777 2572 1890 2610 ma-

286 2648 402 2716 jori
441 2663 574 2703 voce
612 2663 772 2719 quam
821 2648 910 2718 qui
951 2657 1132 2718 egent.
1177 2647 1311 2702 Nam
1337 2649 1381 2702 si
1412 2649 1673 2718 quispiam
1709 2657 1888 2718 posset

289 2741 584 2796 ostendere
628 2749 683 2796 et
725 2741 992 2810 probare,
1041 2740 1184 2810 quod
1219 2740 1336 2795 lucc
1365 2741 1634 2808 dicentes,
1680 2741 1745 2794 ad
1786 2756 1884 2796 nos

290 2833 446 2900 ipsos
473 2833 832 2900 traheremus,
875 2841 929 2887 et
957 2840 1217 2900 prietextu
1253 2847 1544 2902 pauperum
1578 2831 1678 2901 ipsi
1712 2831 1884 2886 lucra-

285 2938 496 2988 remur,
516 2938 622 2978 non
653 2923 825 2978 solum
855 2921 1050 2992 probro
1073 2938 1136 2977 ac
1161 2921 1424 2976 dedecore
1447 2921 1592 2992 digni
1617 2936 1878 2987 essemus,

277 3016 374 3070 sed
419 3018 508 3084 qui
539 3015 678 3070 vela
711 3017 856 3070 mille
880 3015 1192 3070 fulminibus
1219 3015 1526 3080 feriremur,
1572 3025 1623 3070 et
1645 3015 1734 3084 qui
1767 3017 1880 3070 lucc

282 3124 376 3177 age
394 3118 515 3162 rent
553 3123 622 3162 ne
649 3119 983 3162 mererentur
1009 3107 1220 3178 quidem
1245 3107 1433 3163 vivere
1465 3126 1478 3162 :
1507 3109 1550 3162 si
1576 3117 1750 3162 autem
1783 3107 1878 3162 Dei

287 3199 462 3264 gratia
507 3213 607 3268 pro
655 3199 813 3253 nobis
862 3198 1082 3253 minimc
1125 3199 1335 3253 molesti
1383 3213 1597 3265 sumus,
1635 3199 1730 3254 sed
1761 3199 1878 3254 sine

289 3297 512 3359 sumptu
541 3289 690 3344 vobis
723 3289 999 3358 posuimus
1025 3290 1355 3360 evangelium
1376 3331 1391 3357 ,
1444 3306 1548 3345 non
1574 3291 1877 3345 laborantes

290 3381 511 3448 quidem
541 3381 676 3435 sicut
701 3381 898 3436 Paulus
921 3421 938 3448 ,
981 3381 1074 3436 sed
1103 3383 1338 3436 contenti
1388 3382 1616 3452 propriis
1637 3424 1651 3445 ,
1701 3382 1873 3436 dicam

292 3485 415 3524 cum
460 3473 602 3524 omni
638 3471 824 3526 ﬁducia
853 3489 868 3526 :
901 3473 1030 3527 Date
1058 3474 1358 3541 egentibus,
1392 3489 1490 3526 nec
1515 3473 1739 3527 cessabo
1768 3473 1870 3528 hoc

292 3559 502 3624 dicere,
530 3570 585 3614 et
609 3576 788 3616 eorum
821 3563 909 3632 qui
942 3579 1046 3616 non
1072 3563 1220 3628 dant,
1251 3576 1346 3617 ero
1369 3564 1544 3632 gravis
1571 3573 1871 3618 accusator.

289 3649 342 3704 Si
389 3651 538 3705 enim
588 3666 757 3707 essem
802 3653 906 3708 dux
961 3654 1229 3709 exercitus
1273 3663 1327 3708 et
1357 3655 1554 3708 milites
1598 3655 1870 3722 haberem,

290 3757 390 3796 non
418 3759 511 3798 me
539 3745 760 3814 puderet
786 3747 1034 3801 alimenta
1067 3757 1250 3816 petere
1279 3765 1374 3816 pro
1401 3749 1677 3804 militibus.
1708 3749 1873 3806 Valde

287 3836 429 3888 enim
464 3850 586 3889 amo
608 3847 838 3892 vestram
868 3839 1114 3892 salutem.
1159 3839 1259 3892 Sed
1307 3849 1363 3892 ut
1407 3840 1566 3893 etiam
1605 3838 1873 3896 efﬁcacior

289 3927 354 3978 sit
393 3927 592 3990 oratio,
643 3943 919 3984 assessore
943 3939 1162 3999 accepto
1195 3931 1376 3990 Paulo.
1421 3947 1539 3985 cum
1571 3932 1660 3985 illo
1691 3932 1870 3986 vobis-

287 4033 400 4071 cum
428 4033 584 4087 agam
615 4019 804 4074 dicens
831 4037 844 4072 :
881 4017 1234 4090 Unusquisque
1279 4033 1494 4075 vestram
1539 4023 1680 4091 apud
1703 4041 1758 4077 se
1793 4040 1873 4078 sc-

287 4120 461 4174 pouat,
493 4113 769 4164 recondens
795 4111 928 4178 quod
953 4113 1046 4164 sibi
1072 4113 1338 4166 videbitur.
1370 4114 1658 4170 Considera
1691 4127 1867 4170 autem

288 4202 404 4256 hinc
442 4218 660 4272 quoque
705 4219 862 4274 quam
897 4221 1000 4258 non
1029 4206 1096 4258 sit
1126 4206 1224 4258 hoc
1251 4222 1410 4274 grave
1455 4217 1508 4262 et
1537 4209 1818 4262 molestum
1851 4227 1866 4264 :

289 4308 387 4346 non
414 4294 586 4358 dixit,
613 4295 839 4348 Tantum
872 4296 953 4350 vel
975 4305 1201 4361 tantum,
1222 4298 1336 4362 sed,
1361 4299 1508 4363 Quod
1539 4299 1786 4362 videntur,
1815 4309 1870 4354 et

285 4395 422 4440 recte
453 4385 667 4450 habeat,
687 4389 798 4442 sive
814 4389 880 4442 sit
896 4388 1143 4454 multum,
1159 4391 1270 4442 sive
1285 4390 1548 4443 modicum
1569 4407 1582 4442 :
1602 4406 1697 4443 nec
1711 4390 1864 4453 dixit,

281 4475 428 4541 Quod
487 4479 604 4546 quis
644 4479 884 4532 lucratus
927 4479 1102 4538 fuerit.
1149 4479 1263 4542 sed,
1313 4479 1464 4548 Quod
1517 4480 1760 4533 videatur
1813 4490 1868 4534 et

283 4579 422 4624 recte
457 4571 667 4636 habent,
701 4571 990 4626 ostendens
1017 4587 1046 4626 a
1080 4575 1184 4628 lteo
1210 4588 1329 4628 esse
1360 4573 1862 4642 suppeditatiouem.

283 4657 391 4714 Non
435 4661 540 4714 liae
575 4672 748 4716 autem
781 4663 955 4716 solum
993 4663 1226 4726 ratione,
1277 4663 1367 4716 sed
1402 4665 1558 4716 ιιῑτιιιι
1590 4680 1689 4723 eo,
1721 4662 1861 4731 quod

285 4765 383 4805 non
399 4767 510 4805 uno
528 4763 764 4820 tempore
784 4763 950 4807 totum
963 4752 1140 4821 jttbcat
1165 4753 1414 4823 pendere,
1436 4755 1730 4825 symbolam
1747 4753 1836 4808 red
1850 4787 1864 4796 -

281 4841 354 4894 d.t
383 4843 589 4898 facilem
622 4860 636 4896 :
669 4859 732 4898 eo
761 4845 904 4900 enim
931 4844 1070 4914 quod
1095 4847 1338 4913 paulatim
1367 4848 1664 4916 C(IIIlgiIUII',
1687 4848 1866 4900 insen-

285 4934 393 4986 silis
417 4945 503 4989 est
533 4952 691 5004 opera
721 4945 775 4990 et
801 4936 1180 5006 suppeditatio.
1236 4937 1522 5006 Propterea
1556 4954 1653 4992 nec
1682 4939 1860 4992 Statim

283 5025 423 5092 jubet
450 5029 502 5081 iu
533 5027 766 5082 medium
811 5029 1107 5094 adducere,
1157 5028 1250 5081 sed
1290 5029 1380 5081 dat
1411 5029 1624 5097 longttm
1654 5039 1862 5098 tempus

284 5120 652 5180 constitution,
683 5131 736 5174 et
762 5135 979 5174 causam
1013 5119 1265 5183 ail‘ereus,
1289 5120 1417 5173 dicit
1440 5115 1465 5170 ἐ
1503 5119 1570 5173 Ut
1597 5138 1718 5184 non,
1748 5139 1862 5173 cum

285 5221 478 5273 venero,
514 5221 635 5264 tunc
664 5211 892 5266 collecta:
935 5213 1076 5272 fiant.
1113 5211 1222 5265 IIoc
1245 5222 1348 5278 est,
1401 5211 1478 5265 Ne
1525 5212 1574 5264 itt
1621 5220 1862 5281 tempore

286 5299 532 5354 illationis
549 5303 661 5355 sive
683 5312 926 5370 srnnptus
941 5317 1156 5358 necesse
1175 5302 1408 5357 habeatis
1431 5303 1700 5372 Colligere.
1719 5304 1780 5357 lit
1797 5305 1860 5357 ad

289 5389 382 5442 hoc
407 5407 592 5446 rursus
616 5409 708 5448 eos
739 5409 844 5448 non
867 5395 1054 5448 leviter
1079 5405 1159 5447 est
1185 5395 1525 5450 adhortatus:
1551 5395 1695 5448 Pauli
1717 5396 1858 5450 enim

286 5486 608 5546 cxsg=ectalio
629 5501 723 5538 eos
752 5485 978 5538 iaciebat
1009 5487 1363 5552 promptiores
1389 5496 1440 5540 et
1470 5488 1775 5542 alacriores.
1803 5491 1856 5544 5.

291 5572 408 5626 (inin
435 5588 602 5632 autent
639 5595 860 5646 prwsens
885 5583 1047 5648 fuero,
1079 5594 1202 5646 quos
1245 5579 1588 5641 probaueritis,
1634 5599 1722 5649 per
1753 5584 1853 5643 rpi-

288 5665 436 5718 stoias
466 5669 556 5722 ltos
573 5671 768 5722 mittam
791 5669 986 5740 deferre
1007 5670 1220 5738 gratim):
1238 5683 1452 5723 vestram
1477 5673 1526 5725 in
1547 5670 1853 5727 Jerusalem.

291 5751 398 5808 Non
428 5757 573 5826 dixit,
605 5761 754 5814 Iluuc
782 5770 833 5816 ct
859 5762 1026 5828 illum,
1051 5761 1162 5826 sed,
1197 5763 1333 5826 Quos
1357 5778 1440 5817 vos
1487 5766 1809 5833 ρι’ωὺίὶυμῖἰῖῖδ
1837 5810 1850 5832 ,

1367 329 1429 382 ΙΝ
1467 325 1678 384 EPIST.
1723 329 1740 382 I
1807 327 1896 382 AD
1935 324 2092 382 (ΞΟΠ.
2139 331 2364 390 IIOMIL.
2408 336 2592 394 XLIII.

3507 352 3610 406 570

2025 457 2161 513 quos
2198 446 2489 518 elegeritis,
2533 461 2592 508 ιιι
2635 452 2994 512 ministerium
3051 467 3232 516 careat
3283 464 3609 533 suspicione.

2024 536 2384 603 Quamobrem
2413 555 2568 602 curat
2591 557 2650 602 ut
2675 548 2774 617 ipsi
2805 547 2979 607 ferant
3031 553 3342 625 suﬂ'ragium
3383 559 3608 615 electio-

2024 633 2107 682 nis
2145 645 2334 688 eorum
2360 637 2452 706 qui
2477 637 2634 694 laturi
2665 648 2810 696 sunt.
2838 641 2955 698 Non
2983 646 3128 700 enim
3155 646 3322 716 dicit,
3375 651 3612 708 Collatia

2021 719 2236 787 quidem
2262 732 2345 778 est
2374 737 2572 792 vestra,
2617 729 2848 802 eligendi
2891 744 3070 791 autem
3105 747 3344 807 potestas
3383 753 3468 797 est
3507 759 3608 798 eo-

2018 825 2137 866 rum
2163 815 2252 883 qui
2285 825 2518 886 portaut,
2541 835 2646 876 non
2677 833 2876 879 vestra.
2925 827 3150 895 Deinde,
3177 846 3248 886 ne
3271 832 3399 902 ipsis
3426 835 3610 889 videa-

2019 907 2106 956 tur
2133 901 2343 967 abesse,
2372 907 2554 966 literas
2579 912 2728 968 addit
2761 915 2947 972 dicens
2991 937 3006 972 :
3053 919 3190 985 Quos
3232 901 3563 992 probaueritis
3584 967 3602 992 ,

2017 1010 2108 1063 per
2131 995 2384 1087 epistolas
2408 1001 2624 1056 mittam.
2659 1005 2818 1072 Quasi
2852 1005 3062 1065 diceret
3089 1029 3102 1064 :
3136 1014 3248 1082 Ego
3275 1032 3487 1087 quoque
3508 1034 3603 1072 ero

2018 1086 2295 1142 vobiscum
2316 1130 2332 1155 ,
2371 1099 2428 1146 et
2455 1097 2696 1151 muneris
2723 1099 2958 1155 obeundi
2990 1119 3087 1158 ero
3117 1086 3510 1179 particepsper
3535 1113 3597 1166 li-

2017 1185 2178 1233 teras.
2216 1180 2398 1252 Neque
2439 1183 2593 1251 dixit,
2636 1188 2742 1244 Eos
2769 1193 2974 1248 mittam
3007 1205 3062 1250 ut
3095 1207 3322 1253 vestram
3353 1201 3599 1259 deferant

2016 1269 2436 1344 cleemosynam,
2464 1277 2828 1340 scd,Vestram
2856 1287 3073 1354 gratiam
3095 1329 3108 1352 ,
3137 1298 3197 1344 ut
3223 1292 3465 1346 ostendat
3502 1310 3596 1350 eos

2010 1378 2199 1434 magna
2225 1371 2460 1435 operari,
2491 1381 2546 1426 et
2579 1373 2701 1428 inde
2733 1377 2938 1432 lttcrum
2975 1383 3250 1450 consequi.
3305 1385 3444 1438 Alibi
3491 1401 3592 1439 au-

2011 1463 2115 1508 tem
2161 1459 2396 1528 appellat
2441 1461 2866 1522 benedictionem
2899 1479 2953 1524 et
2990 1473 3530 1532 communicationem
3575 1495 3590 1532 :

2007 1545 2133 1601 illud
2163 1551 2398 1618 quidem,
2447 1570 2514 1610 ne
2542 1558 2786 1615 redderet
2829 1563 3126 1632 pigriores;
3173 1566 3276 1620 hoc
3325 1585 3472 1633 vero,
3523 1588 3591 1626 no

2006 1637 2163 1694 nimis
2189 1640 2403 1698 efferret
2427 1663 2440 1698 :
2471 1663 2730 1717 nusquam
2769 1661 2946 1708 autem
2975 1655 3078 1710 hoc
3119 1658 3415 1713 nominavit
3443 1662 3592 1716 elec-

2003 1739 2358 1805 mosynamdi.
2391 1741 2540 1806 Quod
2563 1746 2606 1796 si
2630 1746 2837 1816 dignum
2865 1751 3012 1820 fuerit
3037 1762 3092 1805 ut
3113 1770 3206 1824 ego
3235 1771 3364 1821 eant,
3393 1774 3587 1811 mecum

2002 1825 2166 1882 ibunt.
2197 1828 2294 1884 llic
2314 1847 2498 1888 rursus
2527 1853 2621 1890 eos
2649 1839 2893 1895 hortatur
2935 1843 3001 1896 ad
3051 1845 3348 1915 largitatem
3389 1859 3443 1904 et
3469 1866 3588 1904 mu-

2003 1917 2343 1976 nificentiam.
2377 1923 2509 1980 Nam
2540 1928 2583 1981 si
2613 1939 2755 1984 tanta
2784 1946 2870 1986 res
2895 1934 2986 2000 sit,
3013 1935 3202 2006 inquit,
3232 1949 3288 1992 ιιι
3313 1954 3425 1994 mea
3450 1956 3585 2008 opus

1999 2009 2069 2063 sit
2099 2017 2402 2080 praesentia,
2430 2033 2499 2072 ne
2530 2018 2630 2074 hoc
2657 2023 2872 2091 quidem
2906 2028 3188 2084 recusabo.
3246 2031 3350 2087 Sed
3403 2034 3580 2087 statim

1997 2115 2102 2154 non
2151 2114 2233 2157 ομιι
2263 2105 2362 2160 hoc
2400 2109 2687 2177 pollicitus,
2719 2130 2893 2185 neque.
2919 2118 3076 2182 dixit,
3105 2121 3392 2191 Postquam
3422 2125 3584 2179 adve-

1997 2206 2149 2257 nero,
2195 2195 2308 2263 ipse
2359 2197 2524 2253 feram
2557 2220 2568 2255 :
2601 2219 2774 2274 neque
2812 2208 2954 2261 enim
2981 2208 3082 2264 hoc
3101 2211 3236 2266 adeo
3261 2215 3580 2282 ampliticas-

1995 2285 2153 2346 set,si
2183 2287 2419 2344 abiuitio
2439 2292 2486 2344 id
2518 2295 2820 2362 posuisset:
2854 2308 3036 2368 postea
3065 2309 3244 2356 autem
3279 2305 3496 2373 pulchre
3526 2315 3580 2360 et

1994 2388 2294 2444 opportune
2324 2381 2374 2434 id
2401 2382 2567 2436 addit.
2601 2387 2886 2457 Propterea
2931 2407 3035 2446 non
3075 2393 3256 2448 statim
3301 2398 3571 2464 promisit,

1996 2481 2174 2537 neque
2203 2474 2424 2526 omnino
2457 2475 2506 2528 id
2532 2475 2710 2542 siiuit,
2767 2483 2861 2534 sed
2893 2497 3013 2536 cum
3043 2484 3267 2540 dixisset
3291 2500 3352 2542 se
3384 2488 3578 2542 missu-

1990 2575 2130 2624 rum,
2163 2571 2286 2619 tunc
2314 2581 2524 2636 quoque
2553 2570 2700 2624 addit
2733 2573 2989 2638 scipsum.
3024 2575 3120 2631 llic
3151 2593 3363 2647 quoque
3386 2595 3572 2634 rursus

1990 2651 2250 2708 ineorum
2284 2659 2424 2724 ponit
2459 2670 2747 2728 potestate,
2790 2663 2920 2718 dum
2947 2665 3081 2720 dixit
3111 2684 3124 2718 :
3153 2667 3214 2721 Si
3250 2685 3418 2738 opera:
3457 2688 3574 2740 pre-

1988 2746 2112 2799 tium
2141 2749 2293 2818 fuerit
2325 2759 2374 2801 nt
2402 2767 2493 2821 ego
2535 2770 2644 2806 eam
2672 2770 2691 2816 ,°
2741 2755 2841 2810 hoc
2867 2773 2992 2810 vero
3033 2759 3082 2810 in
3127 2759 3231 2812 illis
3269 2761 3427 2814 situm
3457 2773 3574 2816 erat

1988 2840 2210 2893 tnnltum
2239 2840 2418 2898 facere
2457 2846 2595 2913 quod
2624 2847 2992 2917 colligebatur,
3035 2863 3088 2904 et
3120 2859 3322 2905 tantum
3353 2861 3408 2906 ut
3479 2866 3575 2905 eos

1982 2927 2227 2988 flecteret
2283 2934 2460 3004 ipsum
2515 2950 2754 3007 surgere.
2824 2941 2876 2994 5.
2909 2939 3116 2994 Veniam
3152 2951 3316 2994 autent
3359 2944 3426 2995 ad
3464 2958 3564 3003 vos,

1983 3041 2097 3077 cum
2125 3024 2480 3082 Macedoniam
2502 3033 2861 3099 perlransiero.
2893 3033 3032 3086 Dixit
3059 3034 3160 3088 ln-c
3185 3042 3572 3104 quoqtteimpe-

1984 3116 2094 3170 rius
2115 3159 2128 3181 ,
2161 3119 2256 3173 sed
2286 3129 2410 3176 tunc
2439 3122 2652 3190 quidem
2688 3124 2970 3188 iracunde;
3021 3125 3227 3178 addidit
3269 3127 3442 3191 enim,
3505 3126 3569 3180 Et

1981 3222 2284 3276 cognoscam
2343 3227 2444 3264 non
2495 3229 2777 3267 sermonem
2829 3215 3144 3284 iii/Iutorum,
3197 3216 3288 3268 sed
3331 3217 3566 3269 uirtutem

1982 3296 2058 3366 (I.
2089 3297 2206 3352 Cor.
2234 3300 2288 3354 4.
2317 3301 2405 3368 I9)
2433 3319 2446 3355 ε
2481 3302 2567 3355 hic
2593 3313 2768 3358 autem
2796 3306 2995 3363 mitius.
3029 3315 3086 3359 ιιι
3113 3307 3230 3373 ejus
3258 3307 3565 3362 desiderent

1985 3392 2344 3456 prtesentiam.
2377 3394 2576 3448 Deinde
2606 3411 2673 3449 ne
2703 3397 2882 3450 dicant
2913 3416 2924 3450 :
2951 3398 3060 3450 Cur
3083 3414 3210 3467 ergo
3248 3399 3400 3453 nobis
3433 3415 3570 3466 pra--

1981 3479 2088 3532 fers
2118 3480 2472 3536 llIaccdones?
2511 3499 2614 3536 non
2655 3485 2808 3548 dixit,
2841 3485 3124 3554 Postquam
3171 3486 3388 3549 abiero,
3433 3489 3561 3550 sed,

1979 3571 2104 3625 Cum
2137 3571 2488 3626 Macedoniam
2511 3577 2867 3643 per-transiero.
2900 3575 3036 3628 Nam
3068 3576 3418 3629 Macedoniam
3449 3595 3564 3645 per-

1979 3663 2221 3716 transibo.
2257 3663 2309 3718 6.
2335 3663 2487 3733 Apud
2511 3681 2595 3719 vos
2620 3675 2788 3719 mitem
2812 3668 3024 3737 forsitan
3051 3667 3258 3720 manebo
3275 3707 3289 3731 ,
3318 3669 3394 3720 vel
3415 3670 3565 3722 ctiam

1985 3751 2235 3806 Itiemabo.
2265 3753 2448 3824 Neque
2476 3755 2618 3808 enim
2653 3756 2776 3809 volo
2805 3771 2898 3810 vos
2927 3757 3158 3812 invisere
3189 3768 3458 3826 tamquam
3509 3761 3561 3813 in

1979 3846 2224 3908 transitu,
2259 3846 2352 3900 sed
2383 3847 2656 3902 vobiscum
2688 3849 2888 3903 versari
2929 3864 2980 3903 et
3018 3850 3154 3919 apud
3189 3865 3280 3906 vos
3325 3868 3560 3904 manere.

1977 3935 2110 3990 Nam
2137 3938 2350 4005 quando
2381 3938 2516 3994 hanc
2550 3939 2818 3994 scribebat
2843 3941 3147 4011 epistolam,
3195 3953 3310 3997 erat
3355 3944 3554 4012 Ephesi

1979 4029 2170 4083 hiemis
2237 4039 2494 4100 tempore.
2550 4031 2678 4086 Dicit
2721 4047 2848 4102 ergo
2891 4049 2905 4084 :
2945 4033 2999 4088 8.
3035 4033 3346 4088 Pcrmaneba
3389 4047 3558 4089 autem

1979 4119 2172 4188 Ephesi
2196 4137 2352 4188 usque
2388 4121 2455 4174 ad
2491 4121 2818 4177 i’entecosten
2851 4140 2869 4177 :
2898 4133 3078 4192 postea
3106 4135 3283 4178 autem
3315 4127 3474 4179 abibo
3505 4127 3556 4179 in

1977 4210 2360 4273 Macedoniam,
2387 4223 2437 4266 et
2461 4228 2579 4266 cum
2603 4230 2720 4268 eam
2739 4217 3121 4284 pertransiero,
3145 4219 3351 4269 veniam
3378 4217 3442 4270 ad
3465 4231 3558 4270 vos

1973 4313 2159 4358 a-state
2190 4322 2203 4356 :
2250 4304 2386 4357 forte
2415 4315 2594 4358 autem
2622 4315 2676 4358 et
2707 4305 2934 4358 hiemem
2956 4305 3096 4374 apud
3122 4321 3213 4359 vos
3236 4307 3546 4372 transigam.

2043 4397 2099 4449 5.
2141 4395 2250 4448 Cur
2293 4402 2470 4448 autem
2511 4394 2647 4449 dixit
2695 4395 2968 4458 Forsitan,
3000 4408 3048 4450 et
3085 4412 3188 4450 non
3227 4397 3558 4452 afﬁrmavit?

1973 4483 2236 4549 Quoniam
2268 4501 2372 4538 non
2401 4487 2576 4538 omnia
2604 4485 2919 4554 prtesciebat
2949 4487 3146 4542 Paulus
3173 4503 3186 4552 ;
3219 4487 3378 4556 idque
3405 4489 3553 4542 utili-

1975 4586 2070 4630 ter.
2106 4577 2388 4646 Propterea
2419 4593 2589 4646 neque
2621 4579 2863 4632 absolute
2887 4577 3148 4642 affirmat,
3182 4589 3242 4633 ut
3269 4581 3312 4634 si
3345 4595 3449 4634 non
3478 4581 3555 4634 fa-

1973 4677 2118 4720 ctum
2147 4667 2302 4722 fuerit
2330 4709 2344 4729 ,
2381 4667 2573 4722 habeat
2601 4668 2881 4735 effugium,
2913 4670 3052 4739 quod
3084 4681 3208 4725 tunc
3229 4672 3424 4725 dixerit
3465 4675 3546 4726 in-

1972 4757 2209 4822 definite,
2238 4769 2292 4812 et
2315 4757 2545 4828 Spiritus
2571 4768 2889 4829 potestatem
2929 4776 3048 4830 qtae.
3089 4777 3209 4816 eum
3249 4779 3356 4831 quo
3397 4765 3557 4817 vellet

1971 4849 2209 4910 duceret,
2240 4866 2345 4904 non
2375 4867 2480 4920 quo
2513 4851 2626 4919 ipse
2659 4852 2922 4920 Cupiebat.
2948 4853 3097 4921 Quod
3130 4856 3288 4908 etiam
3320 4856 3466 4922 ponit
3499 4857 3548 4908 in

1971 4943 2201 4996 Secunda
2251 4943 2488 5010 Epistula
2536 4944 2604 4996 de
2650 4959 2798 4997 mora
2843 4961 2900 4999 se
2934 4961 3194 5000 excusans
3223 4963 3278 5000 et
3315 4947 3501 5000 dicens
3538 4966 3549 5000 :

1975 5032 2070 5084 Aut
2101 5049 2212 5102 qua:
2237 5033 2430 5102 cogito,
2459 5033 2734 5086 secundum
2758 5051 2960 5088 carnem
3002 5037 3191 5104 rogito,
3240 5047 3294 5090 ut
3321 5038 3384 5088 sit
3415 5040 3552 5109 apud

1976 5141 2052 5176 me
2075 5136 2148 5176 est
2173 5133 2264 5187 est,
2289 5133 2452 5176 etnon
2475 5139 2572 5175 non
2603 5125 2681 5190 (‘2.
2715 5125 2833 5178 Cor.
2868 5127 2952 5178 II.
2993 5126 3096 5192 I7).
3149 5126 3215 5180 Ut
3254 5143 3338 5179 vos
3361 5145 3436 5180 me
3461 5129 3551 5180 de-

1972 5215 2170 5267 duratis
2199 5231 2510 5284 quacumque
2536 5215 2659 5268 iero.
2709 5215 2820 5268 IIue
2865 5231 3077 5283 quoque
3112 5231 3194 5274 est,
3233 5221 3468 5274 raritatis
3499 5230 3547 5274 et

1973 5309 2155 5362 multa:
2185 5308 2505 5361 dilectionis.
2549 5308 2600 5362 7.
2637 5307 2775 5362 ΛόΙο
2806 5310 2936 5360 enim
2969 5326 3054 5362 ros
3089 5313 3235 5365 modo
3261 5315 3310 5365 in
3337 5315 3550 5366 transitu

1969 5399 2137 5452 ridere
2179 5414 2194 5450 :
2223 5414 2369 5465 spero
2393 5398 2523 5450 enim
2554 5415 2632 5450 me
2665 5399 3037 5466 aliquantulum
3069 5405 3306 5469 temporis
3351 5419 3552 5455 nmm're

1969 5493 2109 5560 apud
2137 5507 2242 5551 vos,
2279 5492 2320 5542 si
2351 5491 2594 5544 Dominus
2619 5494 2920 5562 permiserit.
2953 5493 3075 5548 Ilzec
3102 5508 3276 5547 autem
3301 5497 3500 5546 dicebat
3533 5533 3544 5552 ,

1969 5584 2125 5637 sxtnul
2176 5593 2229 5637 et
2272 5586 2544 5639 caritatem
2591 5587 2907 5649 usti-iniens,
2941 5598 2996 5642 et
3033 5605 3123 5642 eos
3153 5588 3238 5656 qui
3270 5595 3546 5654 percurrunt

1970 5686 2196 5738 terrens,
2247 5691 2350 5728 non
2398 5687 2572 5730 tamen
2619 5690 2823 5744 aperte,
2875 5679 2966 5731 Sed
2997 5677 3246 5732 amicitia:
3287 5675 3542 5725 nurnine:

3463 5767 3475 5794 ἰ

3465 5785 3537 5816 Ii“

1974 5766 2286 5821 Perarmrbo
2321 5781 2482 5824 autem
2520 5769 2704 5838 Ephesi
2739 5787 2893 5840 usque
2937 5771 3002 5820 at!
3031 5769 3376 5820 Penteresmt.
3434 5767 3458 5818 ἲν
