4018 6156
391 306 485 363 δτι

395 418 503 473 tito
532 417 613 474 eis
640 418 821 474 omnia
849 412 977 468 dicit
1005 422 1211 474 exacte,
1239 411 1520 466 declarans
1545 418 1812 478 tamquam
1842 408 1979 462 ami-

397 511 498 565 cis.
521 508 653 565 Nam
682 516 737 564 ct
764 506 866 561 hoc
892 513 977 559 est
999 503 1269 567 amicitiae,
1299 501 1483 556 dicere
1510 514 1726 555 causam
1753 514 1849 554 cur
1870 515 1977 553 non

403 602 700 669 advenerit,
728 609 952 671 propter
977 613 1135 668 quam
1166 595 1399 663 differat,
1431 604 1487 650 et
1511 595 1600 651 ubi
1627 601 1894 649 versetur.
1918 591 1976 647 9.

402 698 600 752 Ostium
627 695 761 749 enim
803 693 929 747 mihi
963 700 1197 761 apertum
1233 698 1307 744 est
1339 700 1579 760 Magnum
1607 696 1653 742 et
1681 686 1900 750 evidens,
1932 693 1982 739 et

398 785 675 841 adversarii
722 785 890 838 multi.
935 782 1025 848 Et,
1054 782 1104 837 si
1134 796 1405 852 magnum.
1436 778 1707 851 quomodo
1731 778 1984 833 adversa-

400 877 502 932 rii?
532 877 756 945 Propter
795 874 899 929 hoc
941 875 1112 943 ipsum
1145 873 1295 927 multi
1330 880 1456 928 sunt
1485 869 1804 934 adversarii,
1846 881 1984 936 quo-

402 972 545 1025 niam
572 983 760 1039 magna
788 978 871 1022 est
897 966 1047 1032 fides,
1099 974 1155 1020 et
1191 966 1334 1020 latus
1374 964 1670 1033 ingressus.
1720 961 1856 1028 Quid
1903 968 1988 1014 est

401 1075 604 1125 autem,
647 1063 848 1118 Ostium
873 1060 1156 1132 magnum?
1204 1060 1351 1115 Multi
1379 1067 1505 1114 sunt
1532 1058 1701 1128 parati
1728 1057 1795 1113 ad
1827 1055 1985 1111 (idem

404 1154 827 1225 suscipiendam,
859 1153 1012 1207 multi
1052 1152 1253 1208 debent
1281 1150 1541 1206 accedere
1581 1158 1637 1205 et
1677 1147 1918 1203 converti
1965 1162 1984 1202 :

405 1248 547 1307 latus
569 1246 698 1301 mihi
743 1254 889 1316 patet
928 1245 1105 1299 aditus
1127 1284 1144 1310 ,
1194 1251 1472 1299 crescente
1497 1250 1553 1297 et
1577 1242 1790 1312 vigente
1828 1252 1986 1294 acce-

404 1338 644 1408 dentium
669 1345 851 1393 mente
879 1336 943 1391 ad
971 1336 1326 1392 obediendum
1356 1334 1497 1389 ﬁdei.
1517 1334 1805 1404 Propterea
1828 1334 1991 1389 vehe-

407 1436 615 1484 menter
656 1429 893 1498 spirabat
932 1428 1213 1493 diabolus,
1267 1427 1521 1496 quoniam
1550 1426 1762 1481 videbat
1793 1425 1992 1480 multos

407 1538 434 1576 a
464 1538 523 1578 se
552 1523 869 1577 desciscere.
902 1522 1262 1588 Quamobrem
1294 1527 1515 1590 propter
1558 1531 1844 1589 utrumque
1880 1532 1994 1571 ma-

410 1628 538 1669 nere
565 1614 865 1682 oportebat.
895 1621 951 1667 et
987 1611 1130 1682 quod
1163 1611 1391 1667 multum
1418 1621 1565 1666 esset
1595 1611 1750 1675 lucri,
1775 1619 1830 1665 et
1850 1608 1992 1680 quod

408 1722 658 1776 magnum
700 1714 995 1760 certamen.
1046 1703 1162 1758 Hoc
1203 1712 1382 1758 autem
1409 1717 1625 1773 quoque
1651 1702 1757 1756 illis
1785 1701 1994 1756 animos

409 1799 658 1863 addebat,
682 1797 822 1868 quod
849 1797 1046 1852 dixerit
1066 1795 1290 1852 verbum
1313 1797 1425 1867 jam
1458 1795 1654 1865 ubique
1681 1794 1913 1864 operari,
1942 1800 1997 1848 et

412 1892 567 1946 facile
584 1891 902 1961 germinare.
923 1889 978 1945 Si
1000 1901 1180 1944 autem
1198 1899 1323 1944 sunt
1353 1887 1503 1942 multi
1531 1889 1622 1959 qui
1654 1887 1994 1953 insidiantur,

412 1980 514 2036 hoc
547 1996 760 2051 quoque
790 1982 1002 2050 signum
1053 1990 1139 2035 est
1182 1979 1452 2050 profectus
1495 1979 1778 2049 evangelii.
1833 1979 1996 2032 Num-

410 2086 569 2142 quam
586 2071 729 2125 enim
755 2070 923 2140 magis
943 2071 1093 2124 saevit
1112 2085 1174 2125 ac
1196 2069 1323 2124 furit
1344 2070 1637 2124 sceleratus
1659 2069 1748 2124 ille
1762 2068 1996 2135 dmmon,

416 2179 573 2233 quam
597 2179 717 2217 cum
736 2178 803 2217 ex
829 2163 941 2217 suis
962 2163 1102 2216 vasis
1122 2170 1176 2216 et
1201 2163 1569 2217 instrumentis
1586 2161 1749 2216 Inulta
1772 2161 1912 2216 videt
1928 2160 2002 2215 di-

415 2255 537 2325 ripi.
570 2254 639 2308 Et
669 2268 767 2307 nos
793 2267 923 2321 ergo
943 2251 1158 2322 quando
1189 2267 1438 2322 magnum
1466 2251 1677 2323 aliquod
1705 2260 1759 2306 et
1777 2252 2000 2320 pra-cla-

415 2360 535 2398 rum
587 2358 725 2412 opus
765 2358 951 2413 gerere
995 2342 1350 2407 voluerimus,
1379 2357 1448 2397 ne
1473 2342 1575 2396 hoc
1599 2342 2001 2397 consideremus

418 2433 558 2504 quod
581 2434 755 2503 magni
780 2433 851 2488 sit
867 2432 1085 2498 laboris,
1100 2432 1194 2487 sed
1212 2432 1277 2486 ad
1298 2433 1502 2487 lucrum
1523 2433 2003 2502 aspiciamus.Vide

422 2539 651 2594 namque
668 2524 888 2578 Paulum
911 2539 1013 2576 non
1040 2532 1322 2594 propterea
1345 2525 1514 2579 vereri
1545 2539 1606 2579 ac
1624 2523 1886 2590 dubitare,
1905 2540 2004 2582 nec

423 2624 698 2684 propterea
746 2612 1018 2683 refugere,
1046 2615 1299 2683 quoniam
1346 2615 1495 2668 multi
1541 2625 1664 2669 sunt
1689 2614 2000 2684 adversarii,

421 2706 514 2760 sed
547 2706 793 2777 quoniam
825 2720 1072 2771 magnum
1101 2714 1217 2759 erat
1240 2707 1464 2774 ostium,
1485 2706 1688 2762 instare
1713 2715 1766 2761 et
1797 2722 2006 2775 perma-

424 2815 572 2860 nere.
599 2798 727 2852 Nam
744 2797 882 2852 sicut
899 2797 1029 2853 dixi.
1054 2797 1155 2852 hoc
1179 2798 1516 2868 eratsignum
1546 2795 1688 2868 quod
1714 2799 2008 2855 nudaretur

422 2901 476 2945 et
499 2890 820 2959 spoliaretur
838 2889 1099 2945 diabolus.
1133 2890 1247 2944 Non
1289 2899 1372 2945 est
1397 2892 1541 2945 enim
1565 2892 1681 2961 ejus
1708 2892 1799 2962 qui
1844 2908 2007 2962 parva

424 2991 577 3050 gerat
605 2992 658 3037 et
686 2983 860 3045 mala,
894 2981 1089 3036 malam
1119 2982 1261 3035 illam
1288 2981 1513 3037 bestiam
1547 2982 1777 3038 irritare.
1807 2981 2009 3050 Quam-

425 3074 609 3127 obrem
632 3071 845 3142 quando
864 3072 1059 3125 videris
1085 3072 1286 3140 justum
1318 3087 1506 3142 magna
1540 3088 1603 3127 ac
1633 3075 1887 3142 praeclara
1918 3091 2009 3145 ge-

428 3178 550 3217 rere
593 3170 647 3217 et
689 3161 830 3216 mala
881 3161 985 3231 pati
1027 3160 1453 3225 innumerabilia,
1488 3179 1555 3217 ne
1601 3165 1833 3219 mireris.
1876 3165 2008 3220 Nam

426 3263 609 3307 cmntra
643 3253 823 3307 mirari
852 3261 1157 3322 oporteret,
1177 3254 1221 3307 si
1251 3253 1496 3309 diabolus
1524 3256 1718 3309 multas
1743 3258 2011 3328 accipiens

429 3345 609 3414 plagas
651 3344 951 3413 quiesceret
992 3353 1047 3398 et
1093 3344 1312 3398 vulnera
1347 3345 1552 3413 placide
1596 3344 1779 3401 ferret.
1828 3348 2013 3419 Neque

428 3438 569 3490 enim
590 3476 606 3499 ,
648 3436 691 3490 3i
724 3449 946 3506 serpens
976 3444 1202 3504 punctus
1230 3436 1485 3490 continuo
1514 3435 1767 3490 efferatur
1794 3447 1848 3493 et
1881 3454 2014 3508 pun-

430 3529 605 3597 gendo
631 3528 874 3592 insultet,
901 3528 1082 3583 mirari
1112 3538 1343 3598 Oportet.
1368 3528 1567 3594 Quovis
1588 3530 1732 3583 enim
1763 3540 2013 3600 serpente

430 3622 643 3689 gravius
669 3621 837 3688 serpit
860 3618 1126 3685 diabolus,
1158 3620 1409 3674 omnibus
1437 3620 1699 3675 insultans
1720 3661 1734 3685 ,
1765 3631 1818 3676 et
1846 3624 2015 3693 surgit

434 3715 572 3767 sicut
597 3712 839 3780 scorpius
869 3711 923 3764 in
952 3711 1116 3765 altum
1158 3720 1340 3767 erecto
1382 3713 1623 3769 stimulo.
1676 3712 1753 3768 Ne
1781 3714 1888 3768 hoc
1915 3729 2013 3769 vos

435 3804 719 3857 conturbet
751 3818 765 3853 :
798 3817 919 3855 eum
961 3802 1138 3866 enim,
1185 3803 1272 3872 qui
1304 3818 1332 3855 a
1373 3803 1519 3857 bello
1556 3812 1613 3859 et
1639 3820 1669 3858 a
1698 3805 1921 3858 victoria
1963 3815 2018 3861 et

435 3894 584 3948 ca-de
614 3893 918 3957 revertitur,
948 3907 1169 3947 necesse
1198 3903 1280 3948 est
1312 3893 1476 3949 fuisse
1515 3906 1884 3965 cruentatum,
1918 3915 2019 3953 sa:-

440 4000 611 4054 pcque
630 3984 789 4038 etiam
820 3984 1040 4037 vulnera
1062 3982 1338 4038 exhibere.
1375 3983 1442 4038 Et
1471 3995 1526 4038 tu
1555 4001 1683 4054 ergo
1712 4003 1833 4041 cum
1865 3990 2020 4045 vide-

439 4077 515 4131 ris
543 4076 772 4145 aliquem
803 4076 1174 4146 eleemosynas
1201 4077 1503 4143 facientem,
1532 4079 1584 4132 et
1615 4078 2019 4137 innumerabilia

440 4168 539 4222 alia
574 4166 710 4221 bona
741 4174 1054 4234 operantem
1076 4207 1092 4231 ,
1142 4175 1197 4221 et
1236 4166 1315 4222 sic
1346 4166 1484 4221 vires
1527 4167 1723 4222 diaboli
1768 4169 2019 4241 frangen-

440 4269 585 4327 tem,
613 4258 807 4314 deinde
835 4257 1071 4313 incidere
1102 4259 1154 4313 in
1182 4259 1503 4313 tentationes
1533 4267 1588 4314 et
1627 4261 1860 4329 pericula
1887 4304 1901 4328 ,
1955 4279 2022 4319 ne

443 4360 721 4422 propterea
751 4351 1094 4425 conturberis
1121 4368 1136 4408 :
1168 4350 1289 4405 ideo
1312 4349 1455 4404 enim
1486 4351 1669 4406 incidit
1696 4352 1749 4406 in
1784 4355 2024 4408 tentatio-

442 4458 558 4509 nes,
586 4443 728 4514 quod
756 4442 1026 4497 diabolum
1058 4443 1412 4498 vehementer
1443 4443 1666 4499 ferierit.
1710 4446 1776 4499 Et
1800 4461 2025 4516 quomo-

440 4535 531 4597 do,
557 4534 785 4602 inquies,
812 4534 861 4587 id
882 4535 1125 4602 permisit
1154 4534 1330 4589 Deus?
1354 4533 1425 4589 Ut
1450 4536 1619 4605 magis
1640 4548 1942 4602 coronetur,
1970 4547 2024 4592 et

442 4624 697 4692 majorem
746 4623 988 4678 diabolus
1036 4624 1241 4694 plagam
1296 4625 1544 4693 accipiat.
1592 4624 1725 4679 Nam
1772 4628 2021 4696 quando,

444 4723 723 4781 postquam
768 4713 906 4767 bona
954 4713 1175 4778 fecerit,
1226 4716 1409 4783 gravia
1458 4722 1508 4767 et
1545 4729 1735 4783 aspera
1784 4718 2020 4785 patiens,

445 4816 705 4873 perpetuo
725 4805 832 4875 agit
860 4806 1077 4875 gratias,
1112 4816 1239 4861 tunc
1267 4806 1454 4861 feritur
1481 4806 1749 4862 diabolus.
1776 4808 2022 4878 Magnum

444 4898 656 4967 quidem
694 4905 778 4952 est
817 4897 977 4951 etiam
1010 4897 1169 4952 rebus
1198 4899 1447 4953 secundis
1477 4908 1531 4953 et
1559 4914 1815 4969 prospere
1854 4901 2021 4954 ﬂueti-

444 4989 606 5052 tibus,
634 4997 688 5044 et
709 4988 948 5043 misereri
975 4997 1030 5044 et
1050 4988 1296 5043 virtutem
1328 4991 1613 5061 amplecti;
1645 4991 1812 5046 multo
1844 5004 2023 5046 autem

446 5092 529 5137 cst
571 5083 777 5153 majus,
803 5081 935 5137 dura
974 5091 1029 5137 et
1070 5082 1252 5153 gravia
1283 5085 1573 5151 patientem
1594 5125 1609 5149 ,
1635 5099 1739 5138 non
1766 5084 2027 5140 desistere

442 5175 510 5228 ab
558 5175 656 5230 hac
699 5174 834 5229 bona
875 5172 1210 5244 operatione.
1260 5173 1309 5229 ls
1343 5175 1486 5230 enim
1530 5183 1644 5238 est.
1689 5175 1779 5245 qui
1811 5185 2026 5245 propter

446 5265 610 5319 Deum
644 5267 757 5319 lucc
782 5265 1011 5320 maxime
1036 5263 1181 5320 facit.
1212 5265 1573 5335 Quamobrem
1604 5267 1812 5321 etiamsi
1850 5267 1902 5322 in
1935 5282 2026 5336 pe-

446 5355 672 5411 riculum
703 5356 999 5419 veniamus,
1042 5355 1245 5420 dilecti,
1274 5365 1330 5411 et
1354 5357 1568 5427 quidvis
1596 5360 1879 5426 patiamur,
1903 5373 2024 5411 eum

444 5447 635 5518 majori
671 5446 834 5500 animi
874 5444 1150 5501 alacritate
1176 5461 1271 5517 pro
1300 5447 1495 5502 virtute
1522 5448 1731 5501 labores
1763 5449 2026 5515 suscipia-

444 5554 586 5594 mus.
616 5537 729 5593 Non
757 5548 842 5593 est
872 5536 1014 5591 enim
1036 5536 1124 5594 hic
1152 5546 1362 5605 tempus
1390 5539 1652 5594 mercedis
1684 5553 1748 5593 ac
1775 5555 2027 5594 remune-

439 5630 686 5686 rationis.
718 5628 796 5684 Ne
831 5628 918 5683 hic
944 5643 1071 5700 ergo
1092 5643 1323 5685 coronas
1351 5629 1626 5699 exigamus
1646 5672 1659 5696 ,
1709 5645 1776 5685 ne
1803 5631 1855 5684 'rn
1888 5640 2027 5686 tem-

446 5734 578 5789 pore
624 5735 940 5776 coronarum
984 5721 1160 5777 minor
1206 5723 1277 5777 sit
1319 5735 1527 5777 merces
1553 5735 1616 5776 ac
1642 5723 2024 5778 remuneratio.

1128 303 1185 358 s.
1226 298 1502 359 JOANNIS
1539 297 2006 353 cutnvsosrom
2043 298 2353 355 ARCIIIEP.
2395 298 2923 361 CONSTANTINOP.

3560 304 3666 361 372

2085 409 2541 475 Quemadmodum
2569 414 2711 469 enim
2743 416 2794 470 in
2826 415 3119 471 artificibus
3139 457 3152 480 ,
3196 416 3287 486 qui
3316 415 3522 487 seipsos
3547 420 3666 490 qui-

2085 502 2207 555 dem
2235 502 2417 566 alunt,
2451 504 2710 573 majorem
2740 508 3011 578 accipiunt
3048 508 3393 576 mercedem;
3441 512 3534 581 qui
3579 527 3667 566 au-

2086 602 2196 648 tem
2257 594 2474 651 aluntur
2499 597 2659 653 abiis
2699 600 2787 668 qui
2828 598 3243 668 conduxerunt,
3292 617 3401 657 non
3453 618 3671 674 parvam

2088 693 2291 755 partem
2316 686 2386 741 de
2409 688 2659 745 mercede
2684 690 2977 746 detrahunt
3004 707 3019 747 :
3052 691 3124 745 ita
3151 693 3313 747 etiam
3355 693 3409 748 in
3450 696 3671 761 sanctis,

2086 778 2175 846 qui
2214 777 2353 833 bona
2381 781 2596 850 quidem
2625 781 2754 838 facit
2782 783 3194 839 innumerabilia
3221 793 3276 840 et
3302 786 3664 842 innumerabi-

2087 870 2156 925 lia
2188 872 2384 940 patitur
2413 872 2549 928 mala
2568 914 2586 941 ,
2618 875 2881 946 integram
2913 875 3077 933 habet
3104 878 3409 933 mercedem
3436 886 3492 934 et
3520 879 3676 950 longe

2090 960 2343 1032 majorem
2383 965 2890 1035 remunerationem,
2921 982 3030 1022 non
3060 981 3158 1037 pro
3184 967 3340 1024 bonis
3360 968 3533 1024 solum
3554 985 3677 1040 qua:

2089 1052 2234 1120 fecit,
2267 1056 2361 1111 sed
2386 1057 2550 1113 etiam
2580 1072 2679 1127 pro
2704 1059 2862 1113 malis
2901 1072 3020 1130 quae
3060 1074 3251 1132 passus
3298 1069 3386 1117 est
3414 1080 3428 1117 :
3457 1063 3547 1133 qui
3574 1078 3671 1118 au-

2091 1156 2197 1202 tem
2231 1147 2318 1203 hic
2345 1148 2536 1205 fruitur
2567 1151 2747 1220 quiete
2772 1159 2827 1206 ct
2858 1151 3085 1221 deliciis,
3114 1167 3219 1207 non
3258 1163 3365 1209 tam
3395 1154 3675 1223 praeclaras

2092 1235 2202 1292 illic
2230 1235 2394 1293 habet
2425 1252 2675 1295 coronas.
2718 1240 2795 1295 Ne
2823 1240 2912 1296 hic
2938 1255 3068 1312 ergo
3092 1256 3397 1312 qumramus
3423 1258 3676 1301 renume-

2093 1328 2377 1395 rationem,
2425 1330 2521 1385 sed
2564 1341 2690 1386 tunc
2724 1333 2956 1387 maxime
2983 1333 3244 1399 laetemur,
3276 1336 3492 1404 quando
3535 1314 3669 1392 bona

2092 1433 2255 1489 opera
2302 1430 2524 1490 agentes
2572 1424 2712 1478 male
2759 1427 3014 1493 patimur.
3060 1425 3177 1480 Non
3225 1428 3398 1482 solum
3430 1429 3573 1483 enim
3612 1445 3674 1485 ex

2093 1518 2240 1565 recte
2270 1512 2446 1578 factis,
2486 1513 2581 1569 sed
2625 1516 2784 1569 etiam
2823 1530 2892 1571 ex
2943 1517 3327 1573 tentationibns
3357 1519 3496 1575 Deus
3527 1521 3678 1577 nobis

2096 1600 2204 1656 illic
2229 1603 2469 1657 recondit
2496 1605 2817 1660 mercedem.

2168 1693 2222 1746 4.
2266 1692 2333 1748 Ut
2368 1703 2544 1748 autem
2572 1696 2712 1765 quod
2745 1697 2864 1752 dico
2896 1698 2984 1752 fiat
3023 1698 3358 1755 manifestius
3380 1742 3396 1765 ,
3438 1702 3545 1757 sint
3577 1702 3680 1757 duo

2095 1783 2296 1839 divites
2340 1787 2753 1850 misericordes,
2802 1798 2854 1843 et
2900 1790 3028 1845 dent
3076 1792 3438 1861 pauperibus:
3490 1794 3682 1849 deinde

2098 1891 2285 1931 eorum
2330 1879 2468 1932 alter
2508 1880 2724 1948 quidem
2770 1892 2982 1936 maneat
3028 1884 3080 1936 in
3133 1884 3368 1949 divitiis,
3424 1895 3478 1940 et
3506 1890 3683 1941 omnia

2099 1981 2356 2036 prospere
2381 1968 2432 2022 ei
2453 1984 2530 2022 sm
2550 1970 2739 2025 cedant
2762 1988 2777 2033 ;
2801 1974 2939 2028 alter
2954 1983 3130 2029 autem
3152 1975 3351 2030 incidat
3383 1976 3434 2029 in
3456 1992 3682 2048 pauper-

2101 2068 2263 2114 tatem
2286 2069 2340 2115 ct
2367 2062 2584 2115 morbos
2620 2072 2671 2116 et
2703 2065 3056 2130 calamitates,
3084 2076 3138 2121 et
3168 2067 3280 2122 Deo
3316 2078 3441 2137 agat
3464 2075 3678 2140 gratias.

2101 2150 2231 2207 Cum
2264 2160 2393 2221 ergo
2431 2153 2463 2208 ii
2507 2155 2632 2208 hinc
2679 2157 2804 2211 illuc
2848 2159 3218 2223 excesserint,
3266 2161 3387 2229 quis
3428 2162 3682 2232 majorem

2101 2243 2329 2312 accipiet
2367 2245 2707 2299 mercedem?
2737 2262 2912 2300 annon
2948 2250 3286 2317 pchpicuum
3317 2264 3397 2307 est
3428 2254 3569 2323 quod
3597 2257 3685 2323 qui

2102 2341 2427 2424 aegrotat.et
2466 2334 2757 2405 afﬂigitur,
2803 2339 3056 2407 quoniam
3107 2350 3161 2394 et
3202 2340 3339 2396 bene
3387 2339 3592 2399 faciens
3634 2357 3689 2400 et

2103 2424 2244 2478 male
2274 2424 2518 2493 patiens,
2552 2425 2687 2479 nihil
2717 2442 2904 2496 passus
2942 2439 3026 2483 est
3069 2431 3357 2486 lmmannm
3380 2433 3405 2484 ?
3444 2434 3499 2488 Id
3544 2445 3689 2492 certe

2107 2515 2279 2585 palam
2307 2516 2559 2571 omnibus
2589 2526 2691 2571 est.
2719 2518 2815 2573 llic
2839 2521 2983 2573 enim
3015 2530 3098 2575 est
3125 2530 3299 2576 statua
3327 2524 3688 2591 adamantina,

2108 2607 2196 2663 hic
2242 2618 2326 2663 est
2370 2624 2558 2665 servus
2601 2620 2783 2679 gratus
2812 2623 2863 2666 et
2906 2613 3214 2668 benevolus.
3256 2615 3312 2670 Si
3355 2628 3533 2673 autem
3586 2635 3688 2674 non

2106 2709 2326 2768 propter
2357 2714 2505 2768 spem
2541 2702 2686 2770 regni
2712 2714 2925 2772 oportet
2954 2704 3152 2774 aliquid
3183 2707 3303 2760 boni
3337 2707 3515 2764 facere
3539 2751 3554 2775 ,
3599 2710 3690 2766 sed

2110 2801 2326 2861 propter
2356 2791 2406 2846 id
2434 2792 2575 2862 quod
2608 2794 2717 2848 Deo
2745 2795 2959 2850 videtur
2983 2813 3047 2851 ac
3076 2798 3278 2865 placet;
3306 2803 3447 2870 quod
3476 2804 3693 2873 quidem

2108 2892 2191 2937 est
2220 2881 2393 2952 majus
2423 2884 2610 2953 quovis
2643 2900 2810 2954 regno
2835 2902 2851 2950 ;
2881 2887 3007 2956 quid
3039 2900 3276 2945 meretur
3302 2892 3394 2962 qui
3424 2909 3490 2948 eo
3509 2934 3525 2958 ,
3554 2895 3692 2965 quod

2111 2988 2215 3027 non
2250 2973 2336 3028 hic
2365 2975 2592 3043 accipiat
2620 2979 3137 3044 remunerationem,
3173 2980 3223 3034 in
3255 2985 3552 3038 exercenda
3584 2987 3696 3040 vir-

2113 3073 2224 3120 tute
2249 3076 2330 3119 est
2361 3066 2596 3136 pigrior?
2639 3067 2716 3121 Ne
2756 3082 2885 3137 ergo
2914 3072 3323 3133 conturbemur,
3368 3075 3583 3143 quando
3613 3078 3694 3131 vi-

2112 3156 2373 3223 derimus,
2404 3158 2543 3224 quod
2577 3158 2663 3211 hic
2692 3168 2784 3213 aut
2811 3160 2902 3215 ille
2928 3161 3199 3217 advocans
3228 3164 3434 3229 viduas,
3464 3177 3517 3219 et
3557 3182 3692 3235 pau-

2113 3263 2269 3318 peres
2334 3248 2707 3318 frequentibus
2759 3251 3033 3321 excipiens
3083 3254 3374 3320 conviviis,
3447 3256 3698 3311 incendio

2114 3348 2357 3393 exustam
2397 3338 2614 3393 domum
2646 3341 2844 3406 amisit,
2885 3353 2977 3396 aut
3011 3343 3242 3414 aliquam
3280 3345 3439 3400 aliam
3471 3348 3701 3403 similem

2118 3446 2307 3501 passus
2347 3441 2430 3486 est
2467 3432 2829 3487 calamitatem
2875 3450 2887 3486 :
2945 3444 3226 3504 propterea
3277 3439 3706 3508 eniru'aceipiet

2116 3524 2439 3578 mercedem.
2486 3523 2669 3593 Neque
2712 3530 2855 3579 enim
2904 3525 3006 3579 Joh
3054 3528 3105 3580 in
3156 3537 3303 3583 tanta
3347 3530 3706 3587 admiratione

2118 3615 2418 3671 habebatur
2462 3629 2681 3685 propter
2720 3618 3094 3689 eleemosynas
3119 3658 3133 3684 ,
3179 3621 3231 3673 in
3260 3631 3458 3689 quanta
3488 3632 3706 3692 propter

2118 3721 2179 3760 ea
2225 3722 2341 3775 qua:
2386 3720 2571 3775 passus
2613 3717 2816 3776 postea.
2866 3708 3151 3776 Propterea
3201 3720 3258 3764 et
3309 3712 3706 3779 vilipcnduutur

2118 3796 2236 3865 ejus
2279 3795 2472 3857 amici,
2507 3806 2562 3850 et
2607 3797 2803 3849 nullius
2845 3807 3130 3851 censentur
3168 3814 3289 3853 esse
3319 3802 3506 3869 pretii,
3557 3803 3701 3870 quod

2122 3899 2412 3958 prmscutcs
2455 3900 2759 3956 qtimrerent
2810 3891 3311 3958 remunerationes,
3361 3902 3415 3945 et
3466 3892 3588 3948 ideo
3649 3894 3703 3948 in

2117 3986 2321 4054 justum
2350 3984 2584 4054 iniquam
2613 3983 2818 4039 ferrent
2846 3987 3187 4039 sententiam.
3218 3987 3293 4041 Ne
3316 4000 3447 4057 ergo
3467 3987 3706 4057 hicqum—

2123 4091 2303 4131 ramus
2344 4076 2865 4142 remunerationem,
2896 4077 2988 4131 sed
3023 4075 3323 4131 efficiamur
3351 4093 3614 4147 pauperes
3654 4087 3706 4131 et

2122 4170 2377 4225 mendici.
2420 4168 2533 4223 Hoc
2562 4170 2704 4222 enim
2748 4177 2892 4223 esset
2928 4179 3183 4223 extrema:
3213 4170 3432 4224 vilitatis
3470 4180 3526 4224 et
3564 4170 3707 4237 abjc-

2122 4263 2347 4326 cliunis,
2389 4277 2512 4316 eum
2550 4262 2737 4314 emtum
2780 4261 2853 4314 sit
2894 4263 3259 4331 propositum,
3301 4271 3355 4316 et
3387 4279 3508 4331 quae
3550 4277 3705 4332 supra

2124 4355 2333 4418 ca-lum,
2365 4370 2484 4422 qua:
2518 4353 2603 4406 hic
2632 4361 2757 4405 sunt
2781 4362 3049 4420 spectare.
3073 4350 3151 4406 Nc
3171 4352 3249 4406 sic
3274 4367 3404 4420 ergo
3430 4351 3704 4413 faciamus,

2124 4447 2218 4500 sed
2249 4445 2625 4514 quodcumque
2656 4445 3079 4512 inexspectatum
3125 4445 3278 4498 nobis
3303 4445 3513 4512 jussum
3553 4445 3710 4499 adve-

2127 4541 2304 4602 nerit,
2349 4552 2446 4592 nos
2488 4539 2652 4591 Deum
2692 4537 2907 4591 assidue
2950 4538 3231 4602 colamus,
3274 4546 3329 4591 ct
3358 4538 3517 4591 beato
3547 4536 3711 4591 Paulo

2127 4646 2444 4702 parcamus,
2492 4645 2894 4700 pauperumque
2936 4630 3171 4685 arculam
3221 4630 3367 4685 dumi
3412 4630 3710 4694 faciamus,

2124 4723 2414 4791 qumjuxta
2446 4723 2619 4775 locum
2651 4722 2701 4775 in
2729 4736 2837 4790 quo
2862 4731 2973 4776 stas
2992 4736 3153 4775 orans
3174 4722 3272 4775 sita
3299 4721 3367 4774 sit
3392 4738 3404 4774 :
3429 4732 3486 4776 et
3506 4731 3713 4791 quoties

2126 4817 2190 4870 ad
2218 4816 2478 4869 orandum
2513 4815 2677 4868 fueris
2724 4815 2998 4884 ingressus
3019 4855 3031 4878 ,
3064 4814 3272 4883 depone
3308 4815 3536 4884 primum
3567 4813 3712 4868 eice-

2127 4923 2405 4978 mosynam
2430 4949 2443 4967 .
2476 4916 2532 4962 et
2557 4918 2684 4962 tunc
2708 4909 2895 4963 emitte
2922 4909 3282 4977 precationem
3311 4926 3324 4961 :
3358 4916 3413 4961 ct
3437 4907 3575 4961 sicut
3616 4922 3711 4957 nn-

2128 5001 2289 5055 lueris
2331 5000 2577 5054 manibus
2613 5000 2777 5053 illotis
2806 4999 2870 5053 ad
2899 4999 3160 5053 orandum
3186 4998 3450 5055 accedere
3489 4997 3603 5068 (a),
3637 4997 3715 5050 sic

2126 5108 2299 5161 neque
2342 5091 2543 5161 absque
2585 5091 2951 5162 eleemosyna.
3000 5089 3184 5161 Neque
3226 5092 3365 5144 enim
3414 5090 3590 5142 minus
3633 5096 3714 5141 e~t

2126 5184 2523 5255 eleemosynam
2554 5183 2622 5237 ibi
2652 5183 2952 5252 depositam
2987 5197 3145 5248 esse,
3186 5198 3346 5251 quam
3373 5180 3710 5250 evangelium

2121 5275 2270 5345 juxta
2325 5277 2519 5329 lectum
2569 5290 2864 5345 appeusum
2909 5288 3048 5329 esse.
3102 5272 3231 5328 Nam
3284 5272 3328 5326 si
3378 5272 3712 5341 evangelium

2127 5371 2343 5441 quidem
2374 5369 2720 5437 suspenderis
2749 5368 2877 5422 nihil
2906 5367 3130 5428 faciens,
3164 5381 3269 5419 non
3301 5367 3441 5420 adeo
3470 5377 3713 5433 magnam

2129 5459 2359 5529 accipies
2406 5460 2729 5512 utilitatem:
2786 5457 2922 5512 hanc
2966 5469 3141 5511 autem
3193 5455 3395 5508 habens
3440 5455 3711 5513 arculam.

2129 5551 2295 5606 habes
2336 5566 2479 5604 arma
2522 5551 2778 5605 adversus
2804 5550 3095 5610 diabolum,
3128 5548 3494 5617 precationem
3538 5546 3713 5601 reddis

2132 5644 2347 5703 alutam,
2383 5651 2620 5695 sanctam
2650 5641 2868 5694 domum
2900 5641 3205 5702 constituis,
3237 5653 3362 5706 qua:
3410 5639 3600 5693 habeat
3634 5638 3712 5690 ia-

2203 5755 2274 5817 (ιι)
2304 5757 2425 5803 Ante
2451 5760 2779 5817 precattoncm
2810 5764 2980 5801 manus
2998 5750 3336 5801 abluebantur.
