4018 6156
352 325 459 382 3'”

358 443 546 499 ἕνεκεν
566 447 1015 522 ἀπολογούμενος,
1038 454 1131 508 καὶ
1155 453 1325 523 λέγων
1346 471 1359 485 ·
1388 458 1461 510 Ἢ
1479 456 1518 510 ἁ
1537 457 1927 526 βουλεύομαι,

360 540 512 592 κατά
560 540 757 608 σάρκα
786 543 1178 614 βουλεύομαι,
1219 547 1321 600 ἵνα
1355 542 1397 619 ᾖ
1421 550 1558 617 παρ’
1582 548 1711 617 ἐμοὶ
1738 548 1805 602 τὸ
1834 546 1935 601 ναι

345 627 480 692 -ναί,
510 630 608 683 καί
639 631 702 684 τὸ
733 632 805 686 οὒ
825 633 916 687 οὐ.
955 635 1085 693 Ἵνα
1110 639 1282 707 ὑμεῖς
1306 658 1384 710 με
1410 640 1820 710 προπέμψητε,
1859 634 1932 696 οὗ

355 719 466 773 ἐὰν
488 721 841 790 πορεύωμαι.
865 725 976 778 Καὶ
999 726 1159 781 τοῦτο
1181 728 1404 799 ἀγάπης
1429 731 1524 784 καὶ
1557 730 1934 801 φιλοστοργίας

355 810 576 880 πολλῆς.
612 815 694 867 Οὐ
719 814 871 871 θέλω
912 817 1022 888 γὰρ
1051 817 1182 887 ἄρτι
1210 820 1369 890 ὑμᾶς
1397 822 1468 877 ἐν
1487 822 1728 890 παρόδῳ
1752 822 1930 876 ἰδεῖν·

350 900 567 962 ἐλπίζω
614 904 728 973 γάρ
767 924 902 962 τινα
947 910 1174 979 χρόνον
1216 913 1513 983 ἐπιμεῖναι
1555 913 1709 981 πρὸς
1752 912 1931 982 ὑμᾶς,

344 992 460 1048 ἐὰν
484 997 518 1049 δ
550 998 766 1067 Κύριος
792 1000 1103 1071 ἐπιτρέψῃ.
1145 1004 1334 1059 Ταῦτα
1361 1006 1417 1059 δέ
1440 1006 1647 1074 ἔλεγεν,
1672 1004 1809 1077 ὁμοῦ
1834 1005 1928 1075 μὲν

348 1086 449 1157 τὴν
474 1088 696 1159 ἀγάπην
722 1091 1155 1163 ἐνδεικνύμενος,
1179 1096 1316 1167 ὁμοῦ
1343 1097 1401 1150 δὲ
1430 1098 1558 1161 τοὺς
1589 1096 1930 1168 ἁμαρτάνον-

348 1193 450 1243 τας
477 1180 679 1249 φοϐῶν,
722 1184 785 1236 οὐ
819 1184 927 1257 μὴν
960 1187 1484 1259 ἐκκεκαλυμμένως,
1520 1190 1659 1245 ἀλλά
1688 1190 1931 1261 προσχή-

347 1281 482 1336 ματι
504 1267 708 1337 φιλίας.
748 1272 1040 1342 Ἐπιμενῶ
1070 1275 1140 1330 δὲ
1159 1277 1230 1331 ἐν
1267 1279 1498 1347 Ἐφέσῳ
1520 1279 1633 1347 ἕως
1657 1279 1768 1349 τῆς
1785 1283 1929 1334 Πεν-

346 1359 668 1427 τηκοστῆς.
718 1362 961 1429 Είκότως
989 1365 1232 1437 ἀκριϐῶς
1275 1371 1460 1433 αὐτοῖς
1493 1371 1710 1426 ἅπαντα
1752 1371 1926 1441 λέγει,

348 1447 598 1522 καθάπερ
627 1453 800 1522 φίλοις
830 1457 1027 1527 δηλῶν.
1062 1461 1169 1513 Καὶ
1195 1460 1306 1532 γὰρ
1329 1462 1491 1517 τοῦτο
1517 1463 1723 1532 φιλίας,
1745 1465 1809 1518 τὸ
1827 1463 1928 1535 τὴν

345 1540 527 1595 αἰτίαν
568 1546 764 1612 εἰπεῖν,
802 1549 871 1602 δι’
906 1551 973 1621 ἣν
1012 1553 1074 1606 06
1121 1555 1481 1625 παρεγένετο,
1514 1556 1584 1609 δι’
1620 1556 1690 1628 ἢν
1719 1556 1923 1626 μέλλει,

348 1633 446 1686 καὶ
494 1634 596 1688 ποῦ
634 1636 918 1709 διατρίϐει.
964 1643 1124 1710 Θύρα
1157 1643 1268 1713 γάρ
1299 1663 1401 1715 μοι
1440 1648 1666 1717 ἀνέῳγε
1691 1648 1924 1718 μεγάλη

349 1723 451 1811 καί
484 1723 759 1793 ἐνεργὴς,
797 1731 895 1783 καί
926 1731 1321 1802 ἀντικείμενοι
1348 1738 1590 1791 πολλοί.
1625 1740 1733 1793 Καὶ
1753 1741 1802 1793 εί
1828 1758 1925 1811 με·

353 1809 517 1881 γάλη,
555 1813 673 1878 πῶς
711 1817 1109 1889 ἀντικείμενοις
1136 1823 1214 1874 Δι’
1240 1823 1373 1876 αὐτὸ
1410 1824 1511 1893 μὲν
1529 1825 1685 1879 τοῦτο
1705 1809 1926 1903 οίιάντι-

351 1900 589 1971 κείμενοι
616 1905 820 1972 πολλοὶ,
844 1910 1033 1982 ἐπειδὴ
1062 1913 1271 1983 μεγάλη
1300 1914 1332 1983 ἡ
1362 1914 1564 1980 πίστις,
1604 1900 1790 1990 ἐπειδὴ
1821 1936 1921 1989 με-

346 1992 485 2062 γάλη
505 1994 598 2047 καὶ
614 1996 801 2067 εὐρεῖα
824 2000 856 2069 ή
882 2001 1102 2065 εἴσοδος.
1134 2004 1201 2056 Τί
1224 2005 1281 2057 δέ
1304 2007 1471 2072 ἐστιν,
1504 2008 1656 2078 Θύρα
1676 2010 1919 2081 μεγάλη;

344 2084 538 2137 Πολλοί
560 2087 697 2139 εἰσιν
717 2090 764 2141 οί
786 2094 1292 2165 παρεσκευασμένοι
1318 2096 1416 2167 τὴν
1442 2098 1624 2152 πίστιν
1642 2101 1918 2167 δέξασθαι,

342 2172 531 2226 πολλοὶ⁵
585 2176 789 2248 ἕτοιμοι
840 2183 1157 2252 προσελθεῖν
1206 2186 1302 2239 καὶ
1351 2188 1715 2261 ἐπιστρέψαιο
1760 2193 1922 2261 εὐρύ-

340 2267 519 2336 χωρός
566 2285 656 2339 μοι
710 2273 743 2342 ἡ
789 2273 1010 2338 εἴσοδος,
1066 2277 1419 2350 ἀκμαζούσης
1456 2281 1641 2335 λοιπὸν
1684 2283 1783 2353 τῆς
1809 2284 1920 2339 τῶν

337 2361 670 2429 προσιόντων
699 2363 937 2429 διανοίας
966 2368 1045 2431 είς
1070 2369 1166 2438 τὴν
1216 2369 1367 2444 [404]
1416 2374 1514 2443 τῆς
1549 2376 1785 2441 πίστεως
1816 2379 1919 2431 ὐπ-

337 2453 527 2522 ακοήν.
569 2453 667 2507 Διά
694 2455 853 2510 τοῦτο
894 2460 1139 2531 σφοδρῶς
1182 2462 1210 2514 6
1250 2463 1497 2528 διάϐολος
1525 2466 1699 2527 ἔπνει,
1732 2471 1918 2542 ἐπειδὴ

334 2544 563 2608 πολλοὺς
593 2548 742 2616 ἐώρα
765 2548 1168 2621 ἀφισταμένους
1195 2556 1386 2610 αὐτοῦ.
1410 2558 1500 2610 Διὸ
1531 2558 1594 2629 δὴ
1618 2562 1709 2614 καὶ
1741 2564 1918 2632 ἀμφο-

336 2636 507 2707 τέρων
547 2637 735 2691 ἕνεκεν
784 2644 964 2711 μεῖναι
987 2644 1176 2715 ἐχρῆν,
1204 2649 1298 2701 καὶ
1328 2648 1514 2721 ἐπειδὴ
1540 2652 1683 2721 μέγα
1707 2653 1765 2706 τὸ
1792 2654 1891 2726 κέρ

326 2727 443 2790 ιδος,
492 2731 587 2781 καὶ
634 2731 717 2784 ὅτι
766 2733 933 2797 πολὺς
985 2736 1012 2787 6
1067 2736 1237 2805 ἀγών.
1274 2741 1385 2793 Καὶ
1410 2742 1583 2813 τούτῳ
1616 2745 1670 2797 δὲ
1717 2747 1915 2810 αὐτοὺς

334 2820 719 2895 παρεθάρρυνε
750 2825 826 2894 τῷ
858 2828 1050 2889 εἰπεῖν,
1080 2828 1160 2881 ὅτι
1191 2832 1467 2901 πανταχοῦ
1496 2833 1681 2888 λοιπον
1708 2840 1735 2889 6
1757 2838 1913 2906 λόγος

326 2914 659 2981 ἐνεργεῖται,
708 2915 801 2968 καὶ
851 2917 1136 2987 βλαστάνει
1179 2922 1395 2992 ῥᾳδίως.
1447 2925 1509 2978 ΕΞ
1544 2927 1599 2978 δὲ
1633 2929 1819 2981 πολλοὶ
1861 2934 1910 2985 οί

323 3002 795 3070 ἐπιϐουλεύοντες,
852 3009 947 3062 καὶ
988 3012 1146 3064 τοῦτο
1194 3017 1419 3083 σημεῖον
1461 3018 1559 3087 τῆς
1604 3019 1697 3072 τοῦ
1732 3022 1912 3091 Εὐαγ-

331 3096 510 3162 γελίου
557 3099 861 3167 προκοπῆς.
917 3101 1185 3154 Οὐδέποτε
1218 3105 1329 3174 γὰρ
1368 3107 1396 3157 6
1422 3107 1657 3179 πονηρὸς
1703 3110 1911 3181 δαίμων

324 3188 532 3251 ἐκεῖνος
562 3189 860 3259 ἀγριαίνει,
892 3191 1005 3244 ἀλλ’
1030 3193 1062 3264 ἢ
1086 3194 1215 3247 ὅταν
1246 3195 1418 3249 πολλὰ
1443 3198 1553 3250 τῶν
1583 3203 1790 3255 σκευῶν
1816 3205 1908 3258 αὐο

328 3279 423 3333 τοῦ
459 3278 817 3351 ἁρπαζόμενά
840 3283 944 3353 ἴδῃ.
978 3285 1087 3338 Καὶ
1115 3287 1275 3355 ἡμεῖς
1302 3282 1499 3353 τοίνυν,
1529 3292 1655 3344 ὅταν
1683 3312 1735 3346 τι
1769 3296 1910 3365 μέγα

332 3373 427 3425 καὶ
453 3376 694 3441 γενναῖον
722 3376 1061 3445 ἐργάσασθαι
1085 3377 1459 3449 βουληθῶμεν,
1497 3383 1569 3454 μὴ
1599 3385 1756 3439 τοῦτο
1786 3406 1910 3442 σκο-

336 3463 548 3533 πῶμεν.
578 3466 659 3519 ὅτι
691 3467 858 3520 πολύν
892 3466 1005 3536 ἔχει
1030 3469 1209 3531 πόνον,
1238 3469 1355 3523 ἀλλ’
1385 3473 1462 3534 είς
1493 3474 1553 3526 τὸ
1583 3475 1771 3546 κέρδος
1797 3478 1910 3547 βλέ-

334 3570 549 3623 πωμεν.
576 3556 714 3628 Ὅρα
742 3557 870 3625 γοῦν
898 3561 990 3612 καὶ
1018 3558 1228 3612 Παῦλον
1250 3562 1308 3613 οὐ
1332 3561 1419 3614 διὰ
1448 3564 1605 3618 τοῦτο
1624 3565 1906 3636 ὀκνοῦντα,

326 3648 392 3697 οὐ
422 3646 509 3699 διὰ
540 3647 696 3701 τοῦτο
727 3650 1114 3721 ἀναδυόμενον,
1159 3652 1346 3723 ἐπειδὴ
1391 3655 1755 3726 ἀντικείμενοι
1786 3660 1911 3712 πολ-

329 3736 431 3799 λοὶ,
465 3737 603 3801 ἀλλ’,
631 3740 820 3811 ἐπειδὴ
852 3742 1062 3812 μεγάλη
1091 3738 1158 3813 ἦν
1185 3745 1218 3814 ή
1255 3743 1414 3814 θύρα,
1447 3746 1791 3818 ἐπικείμενον
1814 3752 1908 3802 καὶ

326 3827 740 3897 παραμένοντα,
773 3831 880 3882 Καὶ
906 3831 1037 3902 γὰρ,
1063 3831 1201 3903 ὅπερ
1232 3832 1388 3902 ἔφην.
1418 3839 1644 3904 σημεῖον
1665 3838 1823 3892 τοῦτο
1840 3835 1905 3910 ἦν

325 3918 417 3971 τοῦ
466 3921 806 3989 γυμνοῦσθαι
840 3921 932 3976 τὸν
969 3923 1232 3977 διάϐολον.
1271 3926 1403 3978 Οὐδέ
1427 3927 1534 3999 γὰρ
1567 3928 1702 3994 ἔστι,
1735 3932 1906 4003 μικρὰ

327 4011 422 4063 καὶ
444 4012 637 4080 φαῦλα·
660 4012 992 4082 πράξαντας,
1027 4015 1324 4085 παροξῦναι
1355 4017 1416 4070 τὺ
1452 4020 1685 4091 πονηρὸν
1719 4022 1905 4094 θηρίον

324 4104 520 4155 ἐκεῖνο.
547 4103 711 4155 Ὥστε
737 4105 864 4157 ὅταν
888 4104 1005 4175 ἴδῃς
1032 4106 1200 4176 ἄνδρα
1228 4107 1435 4161 δίκαιον
1468 4111 1678 4180 μεγάλα
1708 4131 1905 4187 κατορ-

327 4194 543 4258 θοῦντα,
586 4197 681 4250 καὶ
721 4196 889 4267 μυρία
934 4198 1211 4269 πάσχοντα
1261 4188 1429 4265 δεινὰ,
1468 4203 1541 4272 μὴ
1592 4204 1900 4279 θαυμάσῃς,

326 4286 646 4340 Τούναντίον
675 4287 783 4358 γὰρ
817 4287 924 4341 ἔδει
949 4287 1269 4358 θαυμάζειν,
1305 4290 1353 4342 εί
1387 4291 1584 4356 πολλὰς
1612 4294 1903 4364 λαμϐάνων

321 4382 351 4431 ό
395 4379 641 4443 διάϐολος
689 4380 924 4451 πληγάς,
971 4379 1196 4450 ἔμελλεν
1250 4382 1545 4452 ἡσυχάζειν
1586 4387 1678 4438 καὶ
1712 4392 1902 4457 πράως

325 4471 509 4540 φέρειν
542 4472 610 4525 τὰ
636 4473 947 4542 τραύματα.
980 4472 1113 4524 Οὐδὲ
1153 4474 1280 4544 γὰρ,
1312 4476 1359 4526 εξ
1396 4473 1516 4541 ὄφις
1545 4478 1904 4548 κεντούμενος

324 4563 564 4632 συνεχῶς
597 4565 868 4633 άγριαίνοι
902 4566 995 4617 καὶ
1027 4565 1308 4633 ἐφάλλοιτο
1336 4566 1414 4638 τῷ
1447 4569 1742 4635 κεντοῦντι,
1775 4572 1903 4626 θαυ-

329 4652 517 4721 μάζειν
563 4656 690 4724 χρή.
737 4658 844 4709 Καὶ
897 4657 1005 4727 γὰρ
1049 4657 1222 4725 ὄφεως
1274 4660 1474 4723 παντὸς
1524 4661 1901 4735 χαλεπώτερον

320 4743 480 4813 ἕρπει
524 4746 553 4797 6
591 4746 831 4810 διάϐολος
869 4749 1031 4800 πᾶσιν
1065 4749 1365 4819 ὲπιπηδῶν,
1396 4752 1489 4803 καὶ
1519 4746 1707 4824 ὥσπερ
1736 4771 1900 4825 σκορ-

325 4838 444 4901 πίος
471 4839 533 4890 τὸ
556 4837 778 4909 κέντρον
806 4840 962 4910 ἄρας.
989 4840 1339 4895 διανίσταται.
1374 4845 1464 4912 Μὴ
1490 4844 1555 4916 δὴ
1577 4846 1731 4899 τοῦτο
1757 4849 1898 4918 ὑμᾶς

323 4929 655 5000 θορυϐείτω·
696 4933 790 4985 καὶ
841 4934 950 5003 γὰρ
979 4934 1067 4987 τὸν
1118 4934 1180 4987 ἐκ
1221 4935 1453 5004 πολέμου
1491 4940 1583 4990 καὶ
1623 4940 1778 5010 νίκης
1808 4943 1900 4995 καὶ

323 5022 540 5089 σφαγῆς
568 5022 855 5075 ἐπανιόντα
885 5023 1097 5092 ἀνάγκη
1129 5026 1221 5077 καὶ
1254 5024 1519 5095 ᾑμάχθαι,
1554 5027 1814 5093 πολλάκις
1842 5033 1899 5083 δὲ

321 5113 417 5165 καὶ
449 5113 739 5184 τραύματα
783 5115 949 5185 ἔχειν.
998 5119 1106 5170 Καὶ
1137 5118 1200 5170 σὺ
1246 5117 1428 5170 τοίνυν
1460 5118 1585 5171 ὅταν
1628 5120 1741 5191 ἴδῃς
1779 5125 1901 5175 τινὰ

324 5203 695 5274 ἐλεημοσύνας
739 5208 1016 5271 ποιοῦντα,
1047 5211 1141 5261 καὶ
1166 5209 1300 5262 ἄλλα
1335 5209 1506 5278 μυρία
1536 5211 1899 5281 ἐργαζόμενον

319 5295 520 5362 ἀγαθὰ,
575 5296 669 5349 καὶ
721 5297 889 5366 ταύτῃ
950 5299 1319 5363 συγκόπτοντα
1359 5298 1452 5350 τοῦ
1505 5298 1752 5352 διαϐόλου
1808 5303 1899 5372 τὴν

320 5385 569 5457 δύναμιν,
602 5385 721 5439 εἶτα
746 5393 1070 5457 πειρασμοῖς
1101 5392 1462 5460 περιπεσόντα
1490 5393 1581 5443 καὶ
1612 5393 1896 5461 κινδύνοις,

324 5478 398 5550 μὴ
431 5480 519 5533 διὰ
564 5479 726 5532 τοῦτο
764 5478 1071 5549 θορυϐηθῄς
1095 5496 1107 5508 ·
1153 5480 1240 5531 διὰ
1269 5481 1374 5550 γὰρ
1406 5480 1562 5534 τοῦτο
1604 5485 1897 5554 περιέπεσε

322 5573 670 5639 πειρασμοῖς,
703 5570 889 5638 ἐπειδὴ
922 5569 1121 5639 σφόδρα
1148 5569 1343 5639 ἔπληξε
1374 5571 1463 5622 τὸν
1492 5571 1756 5629 διάόολον.
1789 5578 1898 5629 Καὶ

322 5664 436 5725 πῶς
459 5664 488 5714 ὁ
521 5664 653 5726 Θεὸς
690 5663 1056 5733 συνεχώρησε,
1099 5662 1293 5731 φησέν;
1328 5664 1441 5716 Ἵνα
1474 5666 1671 5735 μᾶλλον
1699 5685 1896 5734 στεφα-

322 5755 490 5824 νωθῇ,
538 5756 627 5807 ἵνα
657 5757 872 5808 πλείονα
909 5756 1115 5825 πληγὴν
1149 5756 1287 5825 λάθῃ
1320 5758 1543 5820 ἐκεῖνος’
1583 5760 1752 5811 Ὅταν
1788 5761 1896 5828 γὰρ

329 5847 465 5911 μετὰ
514 5847 572 5899 τὸ
604 5848 780 5911 ἀγαθὰ
814 5850 983 5903 ποιεῖν
1029 5851 1121 5903 καὶ
1158 5849 1305 5902 δεινά
1340 5850 1563 5920 πάσχων
1598 5853 1891 5922 εὐχαρισῖῇ

1364 334 1443 388 ἸΝ
1486 334 1708 391 EPIST.
1747 336 1762 390 l
1804 338 1892 392 Μ)
1928 336 2091 394 COR.
2130 338 2367 400 IIOMIL.
2410 341 2590 399 XLIII.

3518 359 3622 416 373

2042 438 2361 523 διαπαντὸς,
2387 460 2685 532 πλήττεται
2711 460 2739 512 6
2761 459 3024 528 διάϐολος.
3063 464 3220 535 Μέγα
3247 468 3344 538 μὲν
3371 470 3501 542 γὰρ,
3530 474 3624 527 καὶ

2042 546 2101 612 ἐξ
2131 549 2323 620 οὐρίας
2349 550 2664 620 φερομένων
2690 550 2798 604 τῶν
2829 553 3189 623 πραγμάτων,
3215 557 3311 610 καὶ
3330 559 3499 613 ἐλεεῖν
3533 562 3626 615 καὶ

2041 640 2245 710 ἀρετῆς
2288 641 2642 712 ἀντέχεσθαι·
2691 643 2871 715 πολλῷ
2915 645 2972 699 δὲ
3026 647 3211 717 μεῖζον
3247 650 3309 704 τὸ
3343 652 3492 707 δεινὰ
3518 654 3626 708 πά·-

2043 745 2259 799 σχοντα,
2297 731 2372 802 μὴ
2403 732 2738 800 ἀφίστασθαι
2769 736 2869 807 τῆς
2900 736 3072 807 καλῆς
3099 739 3306 812 ταύτης
3338 745 3622 815 ἐργασίας.

2040 816 2209 885 Οὗτός
2236 823 2387 876 ἐστιν
2421 824 2451 876 6
2484 824 2573 878 διὰ
2625 825 2717 879 τὸν
2746 826 2881 880 Θεὸν
2929 828 3163 899 μάλιστα
3208 833 3380 887 ταῦτα
3429 837 3619 892 ποιῶν.

2043 911 2213 965 Ὥστε
2273 913 2377 969 κᾶν
2436 916 2855 988 κινδυνεύωμεν,
2911 921 3217 989 ἀγαπητοὶ,
3277 926 3381 980 κάν
3442 928 3621 982 ὁτιοῦν

2039 1004 2361 1074 πάσχωμεν,
2413 1007 2552 1074 μετά
2586 1008 2831 1073 πλείονος
2879 1011 3132 1082 ἐχώμεθα
3180 1016 3277 1085 τῆς
3315 1018 3621 1089 προθυμίας

2037 1093 2147 1147 τῶν
2176 1095 2318 1167 ὑπὲρ
2351 1098 2552 1169 ἀρετῆς
2579 1099 2779 1154 πόνων.
2812 1102 2946 1155 Οὐδὲ
2971 1103 3079 1175 γὰρ
3107 1101 3257 1170 οὗτος
3287 1111 3316 1160 6
3347 1111 3444 1181 τῆς
3471 1113 3621 1166 ἀντι·

2038 1185 2239 1251 δόσεως
2286 1189 2497 1260 καιρός.
2547 1191 2638 1261 Μὴ
2669 1191 2850 1244 τοίνυν
2882 1193 3117 1248 ἐνταῦθα
3142 1197 3461 1269 ἀπαιτῶμεν
3492 1203 3620 1266 τοὺς

2039 1280 2358 1348 στεφάνους,
2391 1280 2479 1335 ἵνα
2511 1283 2587 1352 μὴ
2616 1284 2675 1336 ἐν
2704 1283 2783 1354 τῷ
2813 1285 2990 1358 καιρῷ
3018 1287 3128 1339 τῶν
3155 1290 3432 1358 στεφάνων
3461 1294 3619 1349 ἐλαττ

2035 1372 2303 1441 τώσωμεν
2333 1373 2493 1442 ἡμῶν
2521 1375 2620 1444 τὴν
2652 1375 2910 1447 ἀμοιϐήν.
2944 1377 3211 1451 Καθάπερ
3241 1382 3349 1452 γὰρ
3377 1383 3466 1435 ἐπὶ
3507 1385 3616 1437 τῶν

2033 1460 2294 1529 τεχνιτῶν
2327 1463 2376 1514 οἱ
2412 1462 2509 1532 μὲν
2539 1463 2766 1526 ἑαυτοὺς
2791 1464 3080 1537 τρέφοντες
3106 1468 3201 1521 καὶ
3236 1468 3611 1541 ἐργαζόμενοι,

2038 1551 2258 1621 μείζονα
2281 1552 2372 1605 τὸν
2404 1553 2593 1624 μισθὸν
2619 1554 3008 1625 λαμϐάνουσιν,
3040 1561 3089 1612 οί
3110 1558 3165 1611 δὲ
3200 1561 3350 1633 παρά
3373 1564 3485 1626 τοῖς
3525 1582 3614 1633 μμ

2036 1642 2411 1712 σθωσαμένοις
2452 1647 2799 1717 τρεφόμενοι,
2841 1648 3233 1719 ὑποτέμνονται
3273 1652 3366 1705 τοῦ
3418 1654 3611 1723 μισθοῦ

2033 1734 2095 1785 οὐ
2135 1736 2331 1805 μικρὸν
2381 1735 2576 1806 μέρος’
2625 1740 2768 1791 οὕτω
2815 1741 2907 1792 καὶ
2958 1741 3186 1795 ἐπὶτῶν
3230 1744 3399 1811 ἁγίων
3457 1748 3483 1798 6
3515 1746 3612 1815 μὲν

2037 1823 2207 1894 μυρία
2247 1824 2418 1877 ποιῶν
2455 1824 2610 1898 [405]
2654 1826 2835 1895 ἀγαθά
2860 1829 2953 1882 καὶ
2986 1831 3156 1901 μυρία
3193 1833 3417 1901 πάσχων
3443 1835 3609 1899 κακὰ,

2033 1914 2290 1983 ἀκέραιον
2335 1915 2448 1984 ἔχει
2492 1916 2583 1970 τὸν
2635 1919 2848 1987 μισθὸν,
2905 1922 2998 1973 καὶ
3053 1924 3188 1977 πολὺ
3247 1924 3465 1980 πλείονα
3511 1927 3611 1999 τὴν

2030 2006 2287 2077 ἀμοιϐὴν,
2329 2009 2428 2077 οὐχ
2474 2009 2614 2080 ὑπὲρ
2643 2011 2751 2064 τῶν
2796 2013 3019 2081 ἀγαθῶν
3048 2008 3124 2069 ὧν
3168 2017 3390 2088 ἐποίησε
3427 2019 3607 2088 μόνον,

2031 2098 2167 2152 ἀλλά
2198 2101 2292 2153 καὶ
2321 2102 2461 2173 ὑπὲρ
2489 2119 2598 2155 των
2624 2104 2809 2156 κακῶν
2854 2099 2930 2158 ὧν
2960 2106 3188 2161 ἔπαθεν·
3220 2112 3248 2162 6
3284 2110 3340 2162 δὲ
3370 2111 3607 2176 ἀνέσεως

2031 2191 2268 2247 ἐνταῦθα
2295 2194 2584 2247 ἀπολαύων
2616 2196 2710 2247 καὶ
2736 2197 2966 2267 τρυφῆς,
2999 2200 3097 2267 οὐχ
3124 2198 3296 2263 οὓτως
3325 2200 3436 2270 ἔχει
3470 2202 3610 2272 λαμ-

2029 2284 2201 2354 προὺς
2245 2285 2371 2348 τοὺς
2421 2286 2720 2353 στεφάνους
2755 2289 2888 2340 ἐκεῖ.
2919 2289 3008 2358 Μὴ
3037 2289 3215 2341 τοίνυν
3240 2290 3471 2344 ἐνταῦθα
3509 2288 3608 2361 ζη-

2026 2378 2214 2448 τῶμεν
2253 2378 2351 2447 τὴν
2396 2378 2681 2442 ἀντίδοσιν,
2715 2378 2851 2432 ἀλλά
2877 2380 2998 2432 τότε
3043 2380 3274 2449 μάλιστα
3302 2383 3600 2453 χαίρωμεν,

2029 2473 2159 2525 ὅταν
2205 2469 2597 2541 κατορθοῦντες
2648 2472 2947 2541 πάσχωμεν
2994 2471 3200 2536 κακῶς.
3245 2475 3317 2526 Οὐ
3376 2475 3485 2546 γὰρ
3512 2475 3604 2531 τὸν

2028 2564 2092 2615 ἐκ
2114 2562 2221 2614 τῶν
2259 2562 2698 2631 κατορθωμάτων
2727 2565 2910 2634 μόνον,
2941 2563 3077 2616 ἀλλά
3105 2566 3197 2617 καὶ
3221 2565 3312 2618 τὸν
3349 2566 3457 2620 τῶν
3486 2584 3605 2621 πει-

2030 2652 2254 2723 ρασμῶν
2290 2653 2478 2721 μισθὸν
2504 2654 2635 2722 ἡμῖν
2657 2653 2685 2704 6
2709 2653 2841 2715 Θεὸς
2869 2653 2987 2705 ἐκεῖ
3016 2654 3353 2722 ταμιεύεται.

2094 2744 2156 2796 δ’.
2189 2743 2307 2796 Ἰνα
2323 2741 2382 2793 δέ
2403 2738 2497 2794 καὶ
2528 2742 2861 2813 σαφέστερον
2876 2743 2904 2794 ὃ
2929 2742 3074 2811 λέγω
3095 2743 3339 2813 γένηται,
3360 2745 3605 2801 ἔστωσαν

2022 2834 2116 2888 δύο
2148 2834 2395 2887 πλούσιοι
2422 2834 2734 2904 ἐλεήμονες,
2757 2835 2851 2887 καὶ
2877 2834 3167 2888 διδότωσαν
3197 2836 3443 2908 πένησιν·
3484 2833 3604 2892 εἶτα

2022 2927 2051 2978 6
2076 2925 2175 2994 μὲν
2204 2925 2298 2978 ἐπὶ
2335 2923 2413 2995 τῷ
2452 2923 2667 2994 πλούτῳ
2699 2923 2927 2994 μενέτω,
2957 2925 3052 2978 καὶ
3095 2925 3274 2998 πάσης
3302 2929 3603 2998 εὐημερίας

2021 3016 2361 3069 ἀπολαυέτωο
2404 3018 2430 3069 6
2463 3015 2519 3068 δὲ
2556 3017 2637 3078 είς
2663 3015 2854 3068 πενίαν
2885 3015 3130 3069 πιπτέτω
3156 3017 3250 3071 καὶ
3284 3017 3475 3081 νόσους
3507 3020 3603 3072 καὶ⁵

2023 3104 2331 3176 συμφορὰς,
2362 3106 2456 3158 καὶ
2491 3105 2651 3176 χάριν
2688 3105 2857 3176 ἐχέτω
2885 3105 2962 3176 τῷ
2989 3106 3128 3176 Θεῷ.
3166 3106 3384 3161 Τούτων
3422 3109 3603 3162 τοίνυν

2021 3197 2365 3252 ἀπελθόντων
2422 3198 2557 3260 ἐκεῖ,
2604 3197 2686 3259 τίς
2733 3198 2953 3267 μείζονα
2988 3198 3217 3268 λήψεται
3245 3199 3336 3252 τὸν
3367 3198 3597 3270 μισθόνς

2019 3289 2118 3342 οὐκ
2140 3288 2362 3355 εὔδηλον
2388 3290 2467 3341 ὅτι
2492 3289 2521 3339 6
2543 3286 2713 3340 νοσῶν
2733 3288 2828 3339 καὶ
2848 3288 3379 3360 ταλαιπωρούμενος,
3400 3291 3481 3343 ὅτι
3504 3291 3602 3345 καὶ

2020 3377 2079 3435 εὖ
2115 3380 2283 3433 ποιῶν
2314 3380 2409 3433 καὶ
2432 3382 2657 3449 πάσχων
2693 3378 2879 3440 κακῶς
2905 3379 3055 3431 οὐδὲν
3088 3379 3288 3434 ἔπαθεν
3321 3380 3600 3450 ἀνθρώπι-

2020 3490 2109 3526 νον
2137 3489 2151 3537 ;
2177 3471 2344 3524 Παντί
2372 3487 2474 3523 που
2505 3470 2683 3538 δῆλον.
2712 3470 2822 3521 Καὶ
2845 3468 2953 3538 γὰρ
2983 3463 3136 3532 οὗτός
3162 3473 3307 3523 ἐστιν
3328 3473 3356 3523 6
3377 3472 3600 3543 ἀνδριὰς

2018 3568 2046 3619 ὁ
2072 3567 2451 3636 ἀδαμάντινος,
2474 3561 2628 3626 οὗτος
2648 3565 2678 3615 6
2702 3560 2998 3632 εὐγνώμων
3020 3563 3255 3632 οἰκέτης.
3281 3564 3341 3615 El
3369 3562 3424 3615 δὲ
3445 3564 3505 3615 οὐ
3530 3563 3601 3617 δι’

2019 3660 2210 3713 ἐλπίδα
2237 3656 2514 3728 βασιλείας
2540 3655 2618 3708 δεῖ
2637 3672 2689 3708 τι
2715 3656 2888 3706 ποιεῖν
2911 3652 3134 3721 ἀγαθὸν,
3163 3653 3298 3706 ἀλλά
3324 3654 3410 3706 διὰ
3432 3654 3492 3707 τὸ
3517 3653 3598 3725 τῷ

2017 3751 2137 3814 Θεῴ
2188 3746 2399 3811 δοκοῦν,
2458 3746 2485 3800 ὃ
2523 3747 2702 3814 πάσης
2746 3743 3021 3814 βασιλείας
3058 3742 3241 3813 μεῖζόν
3280 3744 3415 3796 ἐστι’
3451 3744 3597 3806 τίνος

2018 3803 2167 3908 ἄξιός
2198 3844 2344 3893 ἐστιν
2376 3803 2513 3892 ϐδιά
2540 3838 2601 3891 τὸ
2736 3803 2917 3890 λαϐεῖν
2947 3803 3179 3888 ἐντάῦθα
3204 3833 3300 3904 τὴν
3329 3803 3593 3888 ἀντίδοσιν

2016 3935 2315 4005 ἀργότερος
2368 3931 2495 4001 περὶ
2549 3929 2647 3998 τὴν
2692 3928 2894 3998 ἀρετὴν
2922 3926 3247 3996 γινόμενος;
3284 3923 3376 3995 Μὴ
3414 3925 3591 3985 τοίνυν

2017 4024 2395 4095 θορυϐὡμεθα,
2426 4024 2554 4076 ὅταν
2583 4020 2801 4089 ἴδωμεν,
2841 4019 2924 4072 ὅτι
2955 4021 2983 4072 ό
3018 4017 3166 4070 δεῖνα
3190 4018 3365 4087 χήρας
3390 4014 3591 4082 καλῶν,

1974 4114 1981 4123 ’
2015 4118 2108 4172 καὶ
2135 4118 2297 4188 δοχάς
2323 4118 2566 4186 συνεχεῖς
2593 4112 2979 4185 ἐργαζόμενος,
3011 4111 3258 4165 ἀπώλεσε
3292 4111 3390 4180 τὴν
3416 4110 3594 4162 οἰκίαν

2015 4210 2449 4282 ἐμπρησθεῖσαν,
2507 4207 2540 4276 ἦ
2597 4207 2790 4276 ἑτέραν
2845 4205 2967 4258 τινὰ
3020 4202 3276 4272 τοιαύτην
3331 4200 3591 4268 ὑπέμεινε

2014 4303 2318 4372 συμφοράνο
2359 4300 2592 4370 καὶγὰρ
2642 4300 2729 4351 διὰ
2773 4297 2929 4349 τοῦτο
2972 4294 3201 4365 λήψεται
3247 4293 3336 4345 τὸν
3378 4292 3586 4361 μισθόν·

2013 4396 2137 4446 ἐπεὶ
2187 4393 2282 4446 καὶ
2313 4395 2342 4445 ό
2381 4390 2501 4444 Ἰὼϐ
2541 4391 2639 4459 οὐχ
2679 4389 2849 4451 οὕτως
2900 4387 2993 4439 ἐπὶ
3032 4388 3153 4447 ταῖς
3199 4384 3589 4454 ἐλεημοσύναις

2012 4483 2373 4552 ἐθαυμάζετο,
2404 4480 2479 4544 ὡς
2498 4479 2584 4548 ἐφ’
2610 4473 2690 4542 οἷς
2712 4477 2880 4530 ἔπαθε
2912 4476 3050 4547 μετὰ
3079 4474 3272 4528 ταῦτα.
3309 4476 3407 4528 Διά
3431 4475 3590 4528 τοῦτο

2013 4576 2107 4629 καὶ
2151 4575 2201 4627 οἱ
2242 4573 2386 4643 φίλοι
2438 4570 2862 4638 ἐξευτελίζονται
2899 4569 2949 4621 οἱ
2988 4566 3204 4631 τούτου,
3247 4566 3341 4620 καὶ
3375 4566 3586 4629 οὐδενὸς

2010 4666 2148 4732 ἄξιοι
2178 4666 2333 4733 λόγου
2373 4662 2686 4735 νομίζονται
2716 4657 2875 4724 εἷναι,
2903 4661 2984 4713 ὅτι
3019 4660 3115 4722 τὰς
3146 4658 3425 4728 παρούσας
3456 4657 3585 4728 ἐζή-

2010 4777 2135 4812 τουν
2163 4757 2482 4820 ἀντιδόσεις,
2513 4755 2607 4809 καὶ
2629 4755 2737 4809 ἀπὸ
2761 4752 2966 4805 τούτων
2989 4751 3082 4804 τοῦ
3104 4749 3313 4804 δικαίου
3344 4749 3585 4819 κατεψη-

2011 4849 2249 4919 φίζοντο.
2282 4847 2373 4918 Μὴ
2401 4847 2578 4901 τοίνυν
2621 4843 2852 4897 ἐνταῦθα
2896 4842 3148 4913 ζητῶμεν
3187 4841 3287 4911 τὴν
3326 4841 3582 4911 ἀμοιϐὴν,

2009 4944 2239 5013 πένητες
2303 4940 2398 4993 καὶ
2452 4937 2659 5008 πτωχοὶ
2713 4936 3014 5007 γενόμενοι.
3056 4934 3166 4987 Καὶ
3196 4933 3304 5003 γὰρ
3349 4933 3585 5002 ἐσχάτης

2008 5034 2163 5087 τοῦτο
2183 5030 2479 5096 εὐτελείας,
2509 5027 2737 5098 οὐρανοῦ
2763 5026 3145 5099 προκειμένου,
3180 5024 3274 5076 καὶ
3305 5023 3412 5075 τῶν
3443 5022 3583 5094 ὑπὲρ

2006 5127 2096 5177 τὸν
2135 5123 2383 5194 οὐρανὸν,
2423 5122 2493 5174 τὰ
2526 5121 2759 5176 ἐνταῦθα
2809 5120 3183 5190 περισκοπεῖν,
3215 5115 3306 5186 Μὴ
3339 5115 3402 5187 δὴ
3439 5114 3583 5170 οὕτω

2008 5215 2272 5284 ποιῶμεν·
2311 5214 2423 5267 ἀλλ’
2458 5215 2596 5283 ὅπερ
2625 5213 2690 5266 ἂν
2718 5213 2921 5285 ἐπέλθῃ
2944 5211 3053 5263 τῶν
3084 5210 3360 5279 ἀδοκήτων
3394 5211 3583 5261 ἐπιτα-

2009 5313 2254 5381 γμάτων,
2283 5311 2439 5380 ἡμεῖς
2471 5305 2725 5377 ἐχώμεθα
2752 5304 2845 5358 τοῦ
2871 5302 3005 5357 Θεοῦ
3031 5301 3312 5374 διηνεκῶς,
3342 5303 3435 5355 καὶ
3466 5318 3583 5354 πει-

2008 5402 2229 5473 θώμεθα
2264 5400 2340 5469 τῷ
2382 5398 2633 5470 μακαρίῳ
2672 5397 2890 5465 Παύλῳ,
2927 5396 3021 5448 καὶ
3053 5394 3305 5449 κιϐώτιον
3338 5393 3582 5461 πενήτων

2007 5494 2252 5562 ποιῶμεν
2308 5491 2400 5543 ἐπὶ
2448 5489 2548 5559 τῆς
2597 5475 2796 5552 οἰκίας,
2850 5488 2942 5541 καὶ
2980 5486 3130 5558 παρά
3167 5487 3256 5539 τὸν
3298 5485 3480 5543 τόπον,
3524 5481 3582 5531 ὃν

2008 5586 2245 5651 ἕστηκας
2275 5580 2590 5649 εὐχόμενος,
2621 5581 2735 5631 ἐκεῖ
2759 5577 2981 5637 κείσθω,
3018 5577 3110 5629 καὶ
3145 5576 3330 5634 ὁσάκις
3363 5570 3583 5670 ἀντίσ-

2008 5673 2165 5743 έλθης
2210 5668 2486 5732 εὔξασθαι,
2520 5668 2756 5730 κατάθες
2803 5667 3016 5737 πρῶτον
3052 5666 3146 5730 τὴν
3191 5662 3578 5727 ἐλεημοσύνην,

2012 5763 2104 5814 καὶ
2157 5761 2275 5812 τότε
2330 5760 2619 5827 ἀνάπεμπε
2651 5759 2833 5827 εὐχήν·
2867 5760 2959 5808 καὶ
2988 5755 3175 5820 ὥσπερ
3204 5752 3303 5800 οὐκ
3348 5749 3411 5798 ἂν
3440 5749 3582 5797 ἕλοιο

2005 5854 2187 5923 χερσὶν
2212 5854 2453 5915 ἀνίπτοις
2477 5851 2736 5914 εὐξατθαι
2761 5848 2899 5902 οὕτω
2931 5846 3059 5915 μηδὲ
3088 5837 3451 5909 ἐλεημοσύνης
3475 5853 3580 5905 χω-
