4018 6156
399 281 502 338 573

396 425 482 472 tus
541 417 797 474 alimenta
849 414 989 486 regis
1040 408 1334 467 recondita.
1399 405 1522 460 Ideo
1576 413 1630 456 et
1684 403 1831 471 iuxta
1888 401 1966 454 le-

395 523 542 565 ctum
593 509 693 564 sita
736 509 806 564 sit
855 505 1050 570 arcula,
1097 515 1307 570 noxque
1359 497 1516 551 nullis
1569 493 1965 565 perturbabitur

396 603 528 657 visis
566 611 621 655 et
661 598 979 655 insomniis:
1026 604 1228 649 tantum
1274 589 1405 645 nihil
1450 589 1503 642 in
1545 601 1663 641 eam
1707 584 1969 654 injiciatur

397 709 466 748 ex
497 690 769 762 iniustitia.
797 686 1152 757 Eleemosyna
1179 681 1320 737 enim
1350 692 1438 734 res
1476 685 1596 731 est:
1637 674 1748 728 fieri
1788 681 1964 725 autem

398 801 505 840 non
537 792 709 853 potest
741 789 801 835 ut
826 780 1164 848 eleemosyna
1195 787 1444 842 umquam
1469 769 1733 841 germinet
1751 782 1818 821 ex
1848 780 1970 819 cru-

397 874 635 931 delitate.
662 871 838 927 Vultis
873 879 930 926 et
957 867 1110 924 vobis
1142 867 1316 921 dicam
1357 861 1627 917 undenam
1668 854 1974 927 impendere

395 977 452 1024 et
495 964 670 1033 largiri
701 971 977 1034 Oporteat,
1021 969 1081 1014 ut
1119 957 1222 1012 hae
1264 968 1476 1026 quoque
1515 953 1721 1006 ratione
1767 947 1972 1001 facilem

395 1073 512 1114 eam
543 1053 750 1110 faciatis
797 1047 1184 1106 collationem?
1213 1043 1402 1115 Opifex
1425 1083 1440 1107 ,
1485 1040 1631 1096 velut
1671 1037 1972 1092 calceorum

395 1146 818 1205 consarcinator,
847 1149 941 1196 aut
963 1138 1246 1201 coriarius,
1274 1143 1366 1190 aut
1409 1133 1561 1187 faber
1603 1128 1855 1192 aerarius,
1883 1132 1976 1179 aut

395 1239 569 1311 quivis
597 1238 732 1292 alius
751 1233 966 1298 artifex,
986 1247 1105 1286 cum
1136 1227 1330 1299 aliquid
1355 1223 1651 1280 vendiderit
1677 1235 1744 1275 ex
1771 1220 1836 1274 iis
1855 1231 1974 1287 quae

395 1347 491 1388 sua
520 1340 637 1385 arte
667 1328 795 1382 fiunt
813 1365 830 1393 ,
862 1326 952 1380 det
979 1324 1086 1378 Deo
1113 1319 1371 1391 primitias
1400 1314 1554 1387 pretii
1578 1357 1594 1380 ,
1641 1313 1712 1368 ibi
1755 1325 1971 1382 parvam

399 1434 606 1495 partem
635 1418 848 1490 deiiciat
866 1460 882 1484 ,
909 1426 964 1472 et
989 1431 1055 1471 ex
1084 1412 1276 1469 minori
1304 1418 1453 1482 parte
1478 1423 1599 1463 cum
1632 1407 1742 1461 Deo
1769 1403 1938 1474 partia
1956 1433 1972 1443 -

398 1526 505 1572 tur.
547 1514 726 1584 Neque
768 1510 906 1566 enim
949 1522 1195 1576 magnum
1234 1502 1362 1574 quid
1408 1509 1572 1572 peto,
1623 1496 1722 1552 sed
1765 1503 1972 1550 tantum

399 1614 655 1678 quantum
693 1601 1000 1657 Iudaeorum
1043 1597 1306 1661 infantes,
1336 1603 1390 1649 et
1415 1592 1564 1648 mille
1605 1588 1763 1644 malis
1788 1587 1970 1658 pleni,

402 1708 608 1756 tantum
641 1711 739 1750 nos
765 1695 855 1765 qui
893 1693 1079 1748 celum
1104 1700 1500 1758 exspectamus,
1529 1684 1807 1755 iaciamus.
1848 1679 1974 1734 llaec

402 1799 582 1844 autem
612 1786 733 1842 dico
766 1799 872 1839 non
918 1783 1088 1853 legem
1124 1781 1302 1835 ferens
1323 1821 1337 1844 ,
1368 1791 1539 1847 neque
1570 1773 1859 1844 prohibens
1907 1784 1973 1824 ne

403 1881 520 1952 plus
548 1892 752 1948 eroges,
781 1875 876 1930 sed
901 1888 1108 1945 arquum
1135 1886 1364 1928 censens
1387 1880 1443 1924 ut
1470 1883 1576 1923 non
1603 1866 1778 1920 minus
1807 1862 1969 1932 depo-

1408 271 1473 326 ιλ
1513 266 1724 325 EPIST.
1769 267 1786 321 l
1852 266 1942 321 AD
1981 265 2137 321 COll.
2181 264 2410 321 llOMlL.
2451 263 2634 320 XLIV.

3555 272 3656 324 3Ἱὸ

2073 413 2169 453 nas
2195 414 2352 468 quam
2381 409 2585 469 partem
2604 399 2887 455 decimam.
2913 401 3023 458 lloc
3048 411 3224 459 autem
3249 399 3330 460 fac
3355 420 3459 460 non
3485 406 3654 460 solum

2071 492 2330 558 vendens,
2350 492 2442 547 sed
2472 495 2632 548 etiam
2659 509 2866 550 emens.
2883 495 3030 552 Hanc
3059 499 3228 567 legem
3257 502 3416 554 etiam
3442 509 3658 554 servent

2074 585 2163 654 qui
2195 584 2392 654 praedia
2424 585 2701 655 possident
2727 587 2780 641 in
2808 589 3190 657 proventibus:
3219 604 3334 645 eam
3362 604 3550 645 omnes
3566 591 3655 659 qui

2073 673 2250 744 iustos
2275 675 2535 746 colligunt
2563 687 2873 745 proventus.
2902 679 2981 734 Ad
3007 695 3101 734 eos
3129 681 3293 747 enim,
3325 682 3414 751 qui
3441 696 3656 737 usuram

2077 765 2332 834 exigunt,
2362 781 2391 819 a
2415 781 2501 822 me
2527 769 2689 824 verba
2715 785 2822 824 non
2851 770 3019 836 fiunt;
3051 788 3226 842 neque
3252 772 3317 828 ad
3345 773 3540 828 milites
3565 775 3656 844 qui

2077 855 2210 910 alios
2266 858 2622 920 concutiunt.
2681 869 2735 915 et
2772 861 2892 915 aliis
2944 875 3234 932 procurant
3281 865 3654 919 calamitates:

2077 944 2221 1000 Deus
2265 946 2408 1000 enim
2452 949 2582 1002 nihil
2629 950 2752 1005 inde
2796 951 2909 1006 vult
2937 953 3218 1024 accipere:
3250 954 3342 1009 sed
3384 955 3499 1008 haec
3537 954 3662 1009 dico

2078 1036 2179 1100 eis,
2209 1037 2300 1107 qui
2330 1053 2394 1092 ex
2419 1038 2578 1108 iustis
2606 1041 2878 1098 laboribus
2906 1042 3186 1100 facultates
3213 1046 3487 1116 colligunt.
3527 1044 3659 1101 Nam

2079 1129 2124 1183 si
2169 1144 2268 1185 nos
2316 1129 2461 1200 ipsos
2498 1131 2564 1186 ad
2610 1147 2728 1188 eam
2769 1133 3150 1191 deduxerimus
3179 1137 3618 1192 consuetudinem
3643 1177 3660 1201 ,

2079 1234 2179 1275 nos
2202 1219 2460 1291 deinceps
2505 1234 2706 1295 punget
2730 1227 3057 1280 conscientia
3075 1269 3090 1294 ,
3117 1227 3162 1282 si
3191 1228 3329 1283 hanc
3352 1229 3663 1285 deseramus

2080 1310 2289 1380 legem;
2329 1329 2506 1384 neque
2546 1331 2659 1370 rem
2703 1317 3128 1374 existimabimus
3158 1335 3396 1389 gravem,
3427 1330 3480 1376 et
3527 1336 3663 1389 pau-

2079 1402 2228 1457 latim
2256 1406 2536 1463 veniemus
2571 1407 2636 1462 ad
2664 1409 2866 1478 majora
2887 1451 2902 1476 ,
2950 1419 3005 1465 et
3035 1411 3272 1466 meditati
3317 1421 3666 1469 contemnere

2079 1496 2353 1564 pecunias,
2383 1513 2504 1552 cum
2533 1499 2799 1555 malorum
2828 1500 3060 1556 radicem
3089 1502 3464 1570 evulserimus,
3496 1513 3552 1558 et
3578 1503 3666 1559 hic

2078 1587 2238 1641 vitam
2269 1604 2458 1644 secure
2485 1599 2536 1644 et
2574 1593 2857 1662 tranquille
2885 1607 3103 1662 agemus
3123 1634 3139 1658 ,
3171 1604 3227 1648 et
3263 1594 3425 1649 vitam
3469 1609 3664 1649 conme-

2077 1695 2305 1750 quemur
2331 1681 2561 1738 futuram
2586 1703 2601 1738 :
2627 1700 2786 1755 quam
2810 1686 2975 1766 fletur
3005 1687 3158 1742 nobis
3184 1688 3434 1743 omnibus
3465 1703 3662 1744 conse—

2081 1773 2202 1843 qui,
2231 1783 2335 1829 etc.

400 1972 3652 2010 Mm

1736 2026 2080 2090 HOMILIA
2115 2029 2339 2090 XLIV.

397 2149 526 2205 Car.
559 2149 646 2203 16.
686 2162 742 2199 v.
784 2144 870 2200 10.
917 2144 977 2200 Si
1011 2151 1174 2196 autem
1211 2138 1392 2192 venerit
1423 2135 1714 2190 Timotheus
1742 2131 1810 2184 ad
1850 2143 1970 2194 vos,

701 2236 859 2290 videte
891 2245 945 2290 ut
973 2234 1080 2288 sine
1107 2234 1285 2286 timore
1309 2230 1373 2283 sit
1403 2225 1539 2298 apud
1565 2241 1671 2280 vos.

473 2330 524 2384 1.
566 2328 847 2382 Esistimet
897 2325 1122 2378 fortasse
1163 2320 1424 2391 quiSpiam
1469 2318 1607 2371 hanc
1651 2310 1976 2369 exhortatio-

397 2436 521 2475 nem
549 2433 669 2474 esse
712 2417 983 2487 indignam
1021 2415 1220 2468 virtute
1258 2407 1560 2472 Timothei;
1593 2404 1688 2460 sed
1728 2418 1832 2458 non
1876 2399 1978 2455 hoc

397 2509 596 2566 dictum
613 2517 696 2563 est
712 2515 928 2577 propter
947 2501 1310 2564 Timotheum,
1326 2497 1421 2554 sed
1441 2505 1656 2566 propter
1678 2492 1974 2555 audientes,

399 2615 469 2656 ne
497 2613 592 2670 per
618 2614 711 2654 eas
731 2612 850 2669 quae
868 2596 966 2667 ipsi
997 2600 1310 2664 pararentur
1343 2589 1562 2644 insidias
1585 2585 1791 2655 seipsos
1817 2582 1976 2639 hede-

399 2702 553 2747 rent:
579 2691 670 2745 ille
694 2690 838 2744 enim
860 2701 1076 2757 semper
1096 2693 1211 2741 erat
1233 2681 1483 2753 proclivis
1507 2695 1568 2734 ac
1592 2691 1886 2749 propensus
1910 2675 1977 2731 ad

398 2781 640 2837 adeunda
660 2778 1049 2851 pericula.Nam
1069 2776 1344 2846 Tamquam
1361 2773 1500 2843 ﬁlius
1511 2771 1664 2842 patri,
1679 2785 1869 2824 mecum
1881 2785 1979 2824 ser-

398 2875 538 2939 vivit,
559 2874 746 2944 inquit,
764 2872 817 2924 in
833 2870 1087 2937 evangelio
1105 2866 1362 2938 (Philipp.
1377 2864 1428 2918 2.
1443 2862 1556 2934 22).
1573 2861 1679 2918 Sed
1704 2876 1770 2916 ne
1793 2875 1860 2915 ex
1877 2876 1974 2915 au-

399 2966 552 3022 dacia
581 2967 632 3020 in
664 2964 1018 3034 discipulum,
1046 2959 1112 3015 ad
1141 2959 1451 3030 magistrum
1476 2970 1687 3027 quoque
1717 2952 1975 3024 procede-

401 3069 522 3114 rent
563 3068 620 3114 et
667 3060 854 3113 tierent
892 3053 1222 3117 deteriores,
1278 3064 1372 3104 eos
1424 3049 1632 3103 eminus
1674 3044 1979 3115 comprimit

399 3163 456 3208 et
482 3160 726 3216 coercet,
757 3149 941 3204 dicens
970 3163 984 3200 :
1019 3144 1085 3200 Ut
1119 3145 1226 3199 sine
1261 3144 1435 3196 timore
1461 3141 1526 3194 sit
1551 3139 1690 3208 apud
1721 3153 1806 3191 vos
1829 3153 1847 3190 :
1876 3136 1978 3190 hoc

400 3258 507 3312 est,
537 3261 604 3300 ne
631 3242 893 3312 quispiam
925 3253 990 3294 ex
1023 3238 1088 3292 iis
1115 3237 1202 3306 qui
1230 3242 1352 3290 sunt
1376 3231 1635 3304 deplorati
1664 3230 1716 3284 in
1745 3244 1865 3284 eum
1894 3229 1976 3282 in-

402 3346 604 3406 surgat.
655 3334 782 3388 Erat
812 3332 1009 3402 quippe
1039 3328 1263 3383 fortasse
1289 3341 1382 3382 eos
1413 3326 1779 3394 increpaturus
1818 3321 1884 3376 de
1915 3322 1978 3376 iis

408 3443 526 3497 qum
555 3424 817 3480 scribebat
839 3423 1064 3478 Paulus:
1085 3419 1426 3476 denuntiarat
1452 3418 1593 3472 enim
1622 3431 1678 3470 se
1696 3423 1978 3484 propterea

411 3520 586 3589 ipsum
619 3517 846 3570 mittere.
873 3513 992 3569 Misi
1018 3514 1181 3577 enim,
1209 3511 1398 3580 inquit,
1427 3510 1495 3562 ad
1522 3524 1609 3562 vos
1641 3506 1975 3571 Timotheum,

409 3611 496 3681 qui
524 3609 658 3662 vobis
685 3610 738 3661 in
774 3607 1063 3662 memoriam
1092 3603 1342 3659 revocabit
1371 3603 1477 3655 vias
1507 3616 1642 3653 meas
1671 3600 1723 3652 in
1751 3598 1974 3661 Christo,

400 3701 537 3755 sicut
567 3701 746 3768 ubique
771 3699 823 3752 in
863 3698 998 3753 omni
1033 3695 1258 3751 Ecclesia
1298 3693 1451 3747 doceo
1477 3690 1560 3761 (l.
1603 3689 1721 3744 Cor.
1762 3689 1815 3742 4.
1853 3688 1976 3756 17).

403 3795 483 3850 Ne
511 3809 641 3865 ergo
687 3793 944 3848 nobilitati
989 3802 1039 3847 et
1083 3789 1281 3846 divitiis
1321 3795 1377 3844 et
1412 3785 1592 3858 populi
1637 3783 1979 3840 commenda-

406 3890 533 3944 tioni
564 3899 619 3944 et
644 3898 879 3943 externae
905 3885 1183 3955 sapientiae
1208 3882 1558 3948 confidentes,
1590 3879 1900 3934 invaderent
1927 3885 1982 3931 et

405 3986 768 4050 conspuerent
813 3986 866 4032 et
909 3976 1323 4038 insidiarentur,
1363 3973 1609 4027 dolentes
1654 3985 1713 4024 se
1755 3969 1823 4023 ab
1865 3969 1980 4036 ipso

405 4071 575 4141 argui,
600 4079 692 4124 aut
723 4077 1004 4139 propterea
1033 4065 1172 4136 quod
1203 4065 1455 4134 magister
1481 4062 1600 4116 illos
1627 4059 1981 4130 reprehende-

410 4173 531 4230 ret,
575 4177 760 4233 pinnas
790 4161 1067 4231 exigerent
1105 4159 1278 4227 ipsum
1321 4156 1672 4220 ulciscentes,
1703 4162 1981 4224 propterea

410 4257 539 4312 dicit
566 4274 580 4311 :
619 4254 686 4310 Ut
713 4255 824 4309 sine
849 4255 1027 4306 timore
1055 4251 1119 4305 sit
1147 4249 1285 4319 apud
1314 4265 1419 4302 vos.
1449 4246 1526 4301 Ne
1553 4245 1681 4299 mihi
1708 4245 1847 4298 enim
1879 4259 1980 4298 ex-

411 4360 592 4405 ternos
628 4347 828 4403 dixeris
855 4345 1074 4402 Graecos
1103 4352 1158 4397 et
1187 4339 1456 4403 infideles;
1485 4353 1546 4392 ea
1575 4352 1606 4392 a
1635 4337 1783 4392 vobis
1807 4335 1978 4404 exigo,

413 4457 509 4512 pro
538 4441 730 4512 quibus
770 4448 880 4494 tota
911 4436 1214 4504 conscripta
1245 4441 1327 4488 est
1368 4431 1590 4503 epistola
1614 4471 1628 4493 ,
1663 4444 1796 4500 quos
1824 4429 1981 4483 etiam

414 4533 626 4588 ininitio
640 4532 828 4587 terruit
851 4540 906 4586 et
933 4531 982 4584 in
1011 4527 1302 4600 prooemiis.
1324 4525 1610 4594 Propterea
1630 4521 1770 4576 dixit
1793 4537 1806 4574 :
1834 4521 1986 4590 Apud

411 4642 518 4681 vos.
574 4624 774 4679 Deinde
815 4639 846 4678 a
877 4621 1172 4678 ministerio
1200 4635 1321 4673 eum
1350 4617 1473 4672 facit
1519 4615 1621 4670 fide
1649 4613 1866 4685 dignum
1902 4612 1984 4667 di-

415 4730 583 4770 cens:
620 4715 762 4785 Opus
807 4715 941 4768 enim
986 4709 1192 4766 Domini
1222 4717 1493 4778 operatur.
1543 4705 1620 4761 Ne
1662 4704 1764 4759 hoe
1807 4712 1982 4758 autem

414 4816 651 4876 spectes,
683 4806 887 4876 inquit,
916 4806 959 4858 si
991 4819 1095 4858 non
1123 4802 1192 4855 sit
1219 4800 1400 4864 dives,
1431 4799 1475 4853 si
1508 4812 1610 4852 non
1641 4794 1912 4861 eruditus,
1939 4794 1986 4848 si

416 4914 520 4952 non
573 4913 777 4961 senex;
824 4895 918 4950 sed
962 4893 1085 4964 quid
1125 4893 1307 4962 jussus
1351 4891 1445 4954 sit,
1488 4897 1542 4942 et
1583 4887 1708 4958 quid
1750 4885 1982 4942 efficiat:

419 4988 560 5055 Opus
583 4989 714 5041 enim
745 4985 946 5039 Domini
975 4992 1232 5055 operatur.
1258 4979 1369 5034 Hoc
1393 4986 1569 5034 autem
1591 4979 1638 5032 ei
1668 4977 1862 5032 sufficit
1889 4991 1986 5045 pro

414 5082 558 5136 muni
591 5089 646 5134 et
675 5079 950 5134 nobilitate
988 5085 1042 5132 et
1085 5074 1284 5130 divitiis
1311 5081 1365 5127 et
1404 5081 1562 5126 :etate
1605 5079 1661 5125 ct
1703 5070 1983 5141 sapientia.

414 5172 522 5226 Nec
566 5171 668 5225 hoc
707 5170 800 5224 fuit
839 5178 1151 5228 contentus,
1194 5165 1287 5222 sed
1330 5163 1568 5227 addidit,
1611 5162 1755 5216 Sicut
1779 5173 1825 5214 et
1854 5179 1986 5233 ego;

415 5274 467 5317 ct
512 5262 793 5333 superius,
841 5261 939 5328 Qui
968 5268 1041 5313 est
1082 5259 1205 5310 mihi
1235 5257 1374 5326 [ilius
1401 5256 1611 5309 dilectus
1651 5262 1698 5316 et
1727 5252 1892 5320 ﬁdelis
1936 5256 1988 5306 in

415 5352 677 5418 Domino;
717 5352 827 5419 ipse
853 5351 988 5404 vobis
1016 5351 1069 5402 in
1105 5348 1395 5400 memoriam
1423 5345 1668 5400 revocabit
1712 5345 1817 5398 vias
1855 5361 1990 5398 uaeas

415 5447 468 5498 in
485 5445 682 5499 Christo
706 5444 786 5512 (1.
815 5443 932 5497 Cor.
964 5442 1016 5494 4.
1041 5441 1150 5506 17).
1173 5438 1430 5504 Quoniam
1464 5453 1590 5506 ergo
1617 5436 1825 5505 iuvenis
1851 5447 1985 5500 erat,

415 5546 472 5589 et
493 5536 592 5605 ipsi
608 5533 914 5589 concredita
933 5533 1103 5585 fuerat
1132 5529 1261 5583 tanti
1285 5529 1460 5596 populi
1488 5527 1767 5593 correctio,
1789 5536 1989 5582 utrum-

420 5641 524 5694 que
551 5636 728 5680 autem
756 5626 926 5694 ipsqu
957 5623 1008 5677 in
1039 5629 1399 5689 contemptum
1429 5620 1755 5685 adducebat;
1798 5622 1988 5674 merito

418 5718 690 5790 subiungit
719 5736 734 5773 :
763 5719 848 5773 11.
881 5717 961 5772 Ne
991 5718 1102 5787 quis
1125 5731 1242 5786 ergo
1269 5715 1412 5769 illum
1439 5725 1659 5787 spernat.
1683 5713 1863 5784 Neque
1887 5714 1988 5772 huc

748 5815 1010 5876 PATRDL.
1043 5818 1159 5876 Gn.
1206 5817 1360 5878 LXI.

2078 2129 2250 2184 solum
2279 2131 2479 2202 exigit,
2508 2135 2601 2188 sed
2643 2135 2804 2189 etiam
2847 2136 3106 2205 maiorem
3140 2137 3438 2193 honorem:
3472 2155 3664 2210 quam-

2081 2221 2266 2278 obrem
2294 2225 2456 2280 etiam
2482 2225 2633 2291 dicit,
2662 2227 2908 2282 Deducite
2933 2237 3109 2282 autent
3135 2230 3276 2284 illum
3308 2232 3361 2285 in
3391 2249 3532 2302 pace.
3555 2235 3666 2290 Hoc

2078 2323 2191 2382 est,
2220 2316 2335 2372 sine
2364 2317 2592 2373 timore:
2635 2334 2739 2374 non
2770 2334 2971 2390 pugnas
2998 2320 3288 2377 inferentes
3325 2333 3381 2378 et
3420 2335 3661 2382 conten-

2079 2404 2284 2473 tiones,
2314 2422 2422 2463 non
2451 2407 2572 2463 odia
2603 2419 2658 2465 et
2684 2410 2991 2467 inimicitias
3010 2454 3024 2477 ,
3063 2413 3157 2468 sed
3187 2414 3580 2485 subiectionem
3607 2429 3663 2474 et

2081 2495 2337 2553 honorem
2364 2541 2380 2564 ,
2428 2501 2767 2557 attendentes
2811 2503 2912 2572 ipsi
2943 2513 3212 2574 tamquam
3261 2508 3534 2578 magistro.
3595 2509 3664 2565 Ut

2080 2589 2244 2644 veniat
2271 2590 2339 2643 ad
2365 2606 2477 2657 me;
2517 2603 2750 2664 exspecto
2780 2595 2912 2648 enim
2953 2594 3104 2650 illum
3143 2614 3256 2650 cum
3289 2599 3550 2669 fratribus.
3600 2601 3670 2656 Et

2083 2682 2182 2736 hoc
2209 2693 2325 2738 erat
2357 2687 2610 2741 terrentis
2653 2705 2666 2740 :
2717 2703 2840 2742 nam
2870 2699 2929 2743 ut
2971 2704 3094 2744 cum
3133 2691 3328 2746 scirent
3357 2695 3535 2749 omnia
3565 2695 3668 2750 sibi

2079 2771 2301 2829 dicenda
2357 2792 2476 2845 quae
2533 2792 2723 2846 passus
2786 2789 2966 2847 esset,
3030 2780 3221 2836 fierent
3269 2783 3620 2841 modestiores
3649 2829 3665 2853 ,

2083 2873 2365 2934 propterea
2410 2866 2616 2922 addidit
2659 2887 2671 2922 :
2734 2867 2988 2940 Exspecto
3024 2872 3157 2925 enim
3197 2873 3367 2928 illum.
3412 2876 3663 2946 Alioquin

2080 2963 2256 3010 autem
2288 2971 2410 3012 eum
2439 2973 2651 3028 quoque
2677 2959 2802 3016 hinc
2836 2960 2962 3016 facit
2993 2962 3098 3017 fide
3127 2963 3364 3033 dignum.
3395 2965 3666 3036 Siquidem

2080 3047 2324 3103 exiturus
2364 3049 2537 3119 ipsum
2577 3062 2889 3121 exspectat,
2932 3060 2987 3108 et
3025 3067 3175 3108 suam
3219 3053 3273 3108 in
3320 3055 3444 3110 illos
3481 3065 3666 3112 osten-

2079 3140 2160 3196 dit
2197 3143 2474 3198 caritatem
2501 3185 2517 3212 ,
2551 3145 2762 3215 quando
2803 3162 2926 3203 eum
2968 3148 3060 3218 qui
3103 3158 3246 3204 esset
3294 3149 3429 3207 adeo
3477 3152 3620 3206 utilis
3647 3195 3665 3220 ,

2081 3241 2300 3301 propter
2328 3234 2475 3304 ipsos
2503 3236 2716 3292 misisse
2745 3248 3076 3294 cerneretur.
3125 3241 3211 3296 l2.
3256 3239 3337 3296 De
3361 3243 3544 3311 Apollo
3570 3263 3668 3298 au-

2081 3333 2178 3377 tem
2202 3325 2362 3394 fratre
2387 3328 2522 3382 vobis
2549 3339 2725 3382 notum
2758 3330 2915 3401 facio,
2934 3330 3067 3399 quod
3089 3333 3306 3386 multum
3329 3336 3504 3405 rogavi
3529 3353 3665 3402 eum,

2081 3427 2137 3472 ut
2179 3420 2247 3472 ad
2277 3437 2366 3475 vos
2393 3422 2580 3475 veniret
2616 3439 2731 3477 cum
2760 3423 3022 3491 fratribus.
3066 3424 3164 3479 llic
3193 3425 3402 3481 videtur
3445 3443 3567 3483 esse
3611 3439 3668 3484 et

2080 3513 2219 3567 bene
2257 3513 2521 3580 eruditus,
2563 3522 2620 3569 et
2661 3513 2833 3583 maior
2874 3523 3030 3568 aetate
3073 3516 3376 3570 Timotheo.
3424 3517 3501 3572 Ne
3539 3536 3669 3590 ergo

2083 3602 2364 3657 dicerent:
2425 3603 2532 3659 Cur
2572 3605 2744 3658 virum
2784 3604 2997 3674 quidem
3052 3621 3159 3660 non
3213 3606 3392 3671 misit,
3431 3609 3525 3664 sed
3572 3626 3669 3680 pro

2083 3695 2177 3750 illo
2213 3695 2507 3765 iuvenem?
2538 3696 2663 3752 vide
2691 3696 2960 3767 quomodo
2990 3698 3148 3753 etiam
3180 3697 3282 3754 hoc
3322 3699 3496 3767 levet,
3543 3717 3667 3758 eum

2084 3794 2138 3839 et
2177 3785 2392 3841 fratrem
2437 3802 2670 3853 vocans,
2701 3796 2757 3844 et
2797 3788 2984 3844 dicens
3012 3804 3073 3844 se
3115 3790 3338 3845 multum
3385 3792 3529 3847 illum
3575 3809 3670 3849 ro-

2083 3891 2238 3945 gasse
2263 3885 2321 3931 ut
2347 3878 2576 3934 veniret.
2615 3878 2692 3935 Ne
2730 3880 2874 3935 enim
2904 3880 3173 3937 videretur
3201 3885 3562 3954 przeposuisse
3589 3885 3668 3942 illi

2083 3968 2444 4036 Timotheum,
2481 3979 2537 4026 et
2570 3970 2772 4027 idcirco
2815 3987 2936 4028 eum
2978 3988 3084 4028 non
3130 3975 3391 4044 misisse,
3440 3979 3668 4049 hincque

2084 4063 2340 4133 majorem
2385 4065 2704 4122 accenderet
2744 4067 3037 4136 invidiam,
3082 4071 3392 4138 subiunxit:
3442 4071 3669 4128 Multum

2083 4155 2232 4210 illuni
2270 4158 2486 4226 rogavi,
2527 4167 2584 4212 ut
2622 4160 2832 4214 veniret.
2865 4159 3003 4226 Quid
3034 4163 3201 4231 ergo?
3243 4179 3348 4217 non
3379 4166 3541 4219 cessit
3579 4166 3668 4221 ille

2086 4262 2259 4317 neque
2278 4250 2488 4314 annuit,
2507 4250 2604 4304 sed
2624 4250 2821 4304 restitit
2840 4259 2895 4306 et
2917 4252 3228 4307 contendit?
3246 4253 3358 4308 Non
3389 4255 3490 4309 hoc
3517 4255 3663 4323 dicit,

2086 4340 2179 4394 sed
2219 4349 2278 4394 ut
2317 4356 2489 4410 neque
2520 4342 2669 4396 illum
2707 4343 3145 4413 reprehenderet,
3180 4358 3233 4400 et
3260 4362 3318 4402 se
3343 4360 3664 4415 excusaret,

2087 4431 2255 4485 dicit:
2289 4431 2356 4484 Et
2395 4432 2565 4501 utique
2604 4448 2704 4486 non
2747 4434 2846 4503 fuit
2882 4435 3114 4489 voluntas
3152 4438 3263 4504 ejus
3305 4448 3358 4491 ut
3404 4455 3537 4493 nunc
3582 4457 3668 4495 ve-

2089 4521 2238 4575 niret.
2297 4521 2500 4578 Deinde
2553 4538 2621 4578 ne
2671 4523 2912 4579 dicerent
2949 4524 3066 4580 haec
3117 4541 3238 4582 esse
3289 4529 3568 4586 obtentum
3613 4542 3670 4586 et

2089 4612 2496 4684 subterfuginm,
2517 4614 2790 4685 subiunxit
2813 4634 2824 4667 :
2855 4615 3023 4670 Veniet
3045 4626 3231 4684 autent,
3254 4635 3370 4673 cum
3393 4621 3439 4674 ei
3457 4635 3668 4675 uacuum

2089 4705 2262 4775 fuerit.
2283 4705 2374 4761 Sic
2403 4715 2457 4760 et
2475 4706 2621 4761 illum
2645 4707 2879 4762 defendit
2902 4722 2965 4763 ac
2985 4711 3278 4778 excusavit,
3301 4719 3353 4765 et
3373 4727 3555 4767 eorum
3577 4715 3668 4784 qui

2091 4800 2262 4868 ipsum
2316 4798 2690 4854 desiderabant
2735 4801 2847 4869 spei
2895 4800 3171 4856 satisfecit.
3227 4802 3428 4859 Deinde
3483 4815 3668 4864 osum-

2089 4891 2223 4946 dens
2269 4892 2413 4962 ipsos
2458 4907 2562 4946 non
2604 4893 2655 4946 in
2702 4893 3004 4963 magistris,
3050 4894 3146 4950 sed
3178 4896 3228 4950 in
3256 4896 3445 4966 seipsis
3473 4897 3671 4953 debere

2091 4999 2238 5052 spem
2269 4984 2453 5038 salutis
2484 4984 2700 5050 habere,
2732 4985 2863 5040 dicit
2888 5007 2901 5042 :
2926 4988 3014 5043 15.
3049 4985 3285 5058 Vigilate,
3318 4997 3444 5042 state
3472 4989 3525 5042 in
3545 4991 3668 5057 ﬁde.

2089 5074 2203 5129 Non
2237 5075 2290 5127 in
2327 5083 2547 5129 externa
2574 5075 2864 5144 sapientia;
2895 5093 3000 5132 non
3045 5087 3128 5132 est
3174 5078 3317 5134 enim
3365 5077 3475 5132 illic
3503 5088 3668 5146 stare,

2091 5168 2183 5223 sed
2208 5168 2366 5232 ferri,
2388 5169 2526 5222 sicut
2541 5168 2751 5237 quidem
2769 5179 2912 5224 certe
2931 5180 3072 5224 stare
3090 5171 3142 5223 in
3167 5170 3272 5225 fide
3292 5172 3558 5227 convenit.
3587 5171 3672 5225 Vi-

2091 5262 2251 5314 riliter
2277 5261 2411 5331 agite
2446 5271 2493 5314 et
2522 5262 2897 5326 confortamini.
2931 5262 3016 5316 14.
3051 5261 3236 5316 Omnia
3265 5274 3425 5318 uestra
3453 5265 3506 5318 in
3542 5267 3671 5317 cari-

2094 5363 2193 5406 tate
2234 5353 2387 5421 fiant.
2429 5351 2555 5406 Hcce
2583 5362 2758 5404 autem
2790 5351 2974 5406 dicens
3005 5353 3214 5408 videtur
3240 5355 3454 5425 quidem
3485 5355 3672 5409 admo-

2096 5461 2258 5508 nere;
2293 5444 2412 5498 illos
2436 5453 2614 5498 autem
2642 5443 2807 5513 tangit
2838 5451 3106 5514 tamquam
3140 5445 3320 5516 pigros
3355 5456 3406 5500 et
3435 5445 3670 5499 desides.

2099 5536 2165 5589 Et
2194 5535 2311 5589 ideo
2340 5533 2494 5600 dicit,
2538 5533 2784 5608 Vigilate,
2815 5545 3081 5606 tamquam
3123 5537 3202 5592 eis
3241 5534 3668 5596 dormientibus;

2102 5628 2276 5695 State,
2309 5636 2574 5698 tamquam
2616 5629 2948 5694 labantibus;
3000 5630 3224 5683 Viriliter
3257 5632 3389 5698 agite
3427 5635 3473 5676 et
3517 5625 3673 5690 fortes

2106 5730 2274 5788 estote,
2309 5730 2364 5775 ut
2399 5719 2484 5792 qui
2516 5728 2691 5776 essent
2729 5722 2958 5788 molles;
2994 5721 3177 5774 Omnia
3204 5729 3362 5770 vestra
3388 5717 3438 5767 in
3466 5715 3677 5765 caritate

3244 5806 3318 5863 21s
