4018 6156
423 231 533 286 375

426 345 589 412 ﬁant,
633 348 690 396 ut
733 341 826 412 qui
865 338 1181 396 seditionem
1228 337 1448 406 agitent.
1502 331 1568 387 Et
1613 331 1870 386 adversus
1913 343 2010 385 eos

427 434 645 505 quidem
665 432 762 503 qui
793 428 1099 499 decipiunt,
1129 437 1212 483 est
1242 427 1373 481 illud
1394 467 1411 494 ,
1453 423 1692 496 Vigilate,
1725 433 1884 488 state;
1910 423 2009 478 ad-

427 539 619 580 versus
646 538 740 579 eos
767 531 945 577 autem
976 521 1064 590 qui
1103 519 1451 583 insidiantur,
1492 527 1576 572 est
1618 519 1749 584 hoc,
1790 515 2011 570 Viriliter

432 617 608 687 agite;
641 615 902 669 adversus
932 628 1025 668 eos
1061 627 1190 667 vero
1216 611 1305 682 qui
1349 611 1666 666 seditionem
1709 609 1909 680 agitant
1956 618 2013 663 et

432 715 694 762 conantur
735 705 992 760 divellere
1027 719 1088 759 ac
1128 702 1463 765 distrahere,
1494 712 1578 758 est
1620 701 1783 768 illud,
1826 701 2012 755 Omnia

421 810 589 855 vestra
617 799 671 854 in
711 799 922 852 caritate
964 797 1126 863 ﬁant;
1170 797 1309 865 quod
1354 796 1567 867 quidem
1612 804 1696 851 est
1740 794 2009 849 vinculum

421 889 804 962 perfectionis,
848 899 902 944 et
943 889 1090 944 radix
1135 887 1360 958 fonsque
1397 893 1683 944 bonorum.
1741 887 1876 952 Quid
1926 896 2010 942 est

421 994 600 1038 autem
633 982 802 1049 illud,
842 981 1028 1035 Omnia
1057 982 1110 1034 in
1152 980 1404 1034 caritate?
1447 980 1571 1037 Sive
1613 981 1874 1051 quispiam
1921 981 2008 1034 in-

423 1085 608 1147 crepat
636 1117 652 1143 ,
702 1075 911 1145 inquit,
963 1075 1077 1129 sive
1113 1074 1376 1144 imperat,
1418 1073 1532 1128 sive
1569 1082 1719 1143 paret
1759 1072 2004 1142 imperio,

421 1169 535 1224 sive
584 1168 776 1232 discit,
820 1168 934 1222 sive
973 1167 1164 1234 docet,
1198 1166 1376 1221 omnia
1417 1180 1540 1221 cum
1580 1165 1820 1220 caritate.
1873 1163 2007 1218 Nam

422 1272 477 1318 et
515 1273 708 1318 cuncta
737 1278 856 1332 quae
900 1261 1038 1316 dicta
1081 1270 1238 1326 sunt,
1281 1260 1402 1316 ideo
1445 1259 1811 1330 contigerant,
1861 1257 2005 1326 quod

420 1357 618 1412 caritas
656 1355 894 1426 neglecta
928 1353 1130 1408 fuisset.
1180 1352 1311 1408 Nam
1349 1351 1394 1408 si
1422 1365 1487 1406 ea
1519 1365 1624 1407 non
1652 1360 1796 1406 esset
1823 1349 2009 1419 negle-

420 1458 529 1515 cta,
571 1463 677 1503 non
709 1447 936 1503 fuissent
971 1447 1137 1501 inﬂati
1159 1487 1173 1512 ,
1213 1461 1319 1500 non
1347 1443 1637 1511 dixissent,
1669 1442 1780 1513 Ego
1805 1441 2007 1512 quidem

422 1557 535 1596 sum
579 1537 769 1602 Pauli,
805 1555 896 1608 ego
935 1554 1050 1591 vero
1081 1537 1263 1608 Apollo
1299 1537 1385 1608 (1.
1414 1535 1533 1591 Cor.
1566 1535 1614 1590 1.
1646 1533 1748 1608 12)
1775 1552 1788 1590 :
1819 1533 1863 1590 si
1893 1535 2005 1604 ipsa

422 1633 719 1699 adfuisset,
753 1646 858 1686 non
899 1630 1028 1684 foris
1062 1629 1268 1700 judicio
1306 1628 1735 1694 contendissent,
1783 1628 1891 1682 imo
1937 1641 2006 1682 ne

419 1724 822 1780 contendissent
853 1722 1065 1793 quidem
1093 1739 1108 1775 ε
1155 1722 1200 1776 si
1231 1721 1345 1792 ipSa
1372 1719 1647 1785 adfuisset,
1673 1719 1762 1775 ille
1784 1733 2004 1774 uxorem

421 1818 589 1888 patris
630 1830 738 1871 non
769 1815 1096 1885 accepisset,
1129 1828 1234 1868 non
1277 1813 1468 1869 fratres
1499 1812 1738 1867 infirmos
1766 1821 2006 1867 contem-

419 1911 674 1980 poissent,
703 1907 936 1962 btereses
964 1921 1070 1961 non
1100 1905 1430 1970 habuissent,
1451 1917 1670 1976 propter
1682 1902 2004 1958 charismata

421 2003 634 2056 inanem
674 1999 898 2070 gloriam
942 2015 1046 2053 non
1091 1998 1486 2067 concepissent.
1516 1996 1804 2066 Propterea
1835 1994 2004 2062 dicit,

419 2094 608 2153 Omnia
638 2109 759 2150 cum
791 2095 1012 2150 caritate
1040 2092 1190 2148 fiant.
1217 2093 1302 2147 l5.
1329 2090 1546 2146 Obsecro
1572 2099 1737 2144 autem
1759 2105 1866 2154 vos,
1898 2093 2007 2162 fra-

420 2196 558 2251 tres,
605 2188 766 2240 nostis
815 2186 1020 2240 domum
1065 2184 1383 2255 Stephonw,
1427 2181 1564 2252 quod
1601 2191 1718 2235 sunt
1767 2180 2008 2250 primitiae

419 2281 647 2347 Achaiae,
666 2293 712 2336 et
733 2283 787 2336 in
809 2281 1088 2335 ministerio
1105 2291 1394 2335 sanctorum
1411 2278 1770 2333 ordinaverunt
1789 2277 2000 2345 seipsos.

497 2372 552 2427 2.
586 2373 760 2427 Etiam
793 2374 844 2427 in
893 2374 1046 2428 initio
1096 2373 1250 2443 hujus
1279 2372 1523 2427 meminit
1559 2372 1776 2436 dicens,
1823 2368 2005 2439 Bapti-

420 2465 533 2518 savi
559 2473 728 2518 autem
773 2474 818 2517 et
845 2463 1124 2535 Slephanw
1169 2463 1372 2518 domum
1413 2464 1432 2533 (
1462 2464 1510 2518 1.
1543 2461 1739 2518 Cani.
1766 2461 1854 2533 16)
1897 2479 1912 2516 :
1953 2468 2006 2516 et

427 2569 570 2611 nunc
593 2569 710 2611 eam
737 2555 868 2610 dicit
895 2570 1016 2610 esse
1042 2555 1303 2626 primitias
1328 2596 1344 2622 ,
1385 2569 1490 2610 non
1525 2554 1698 2609 solum
1727 2553 2001 2618 Corinthi,

423 2646 520 2703 sed
569 2657 625 2703 et
675 2649 836 2702 totius
874 2647 1120 2704 Grmcize.
1152 2647 1266 2703 Non
1308 2655 1394 2704 est
1429 2656 1608 2703 autem
1649 2646 1750 2701 hoc
1792 2659 2004 2716 quoque

421 2753 642 2810 parvum
673 2741 994 2807 encomium,
1025 2741 1320 2796 accessisse
1347 2741 1578 2811 primum
1605 2738 1670 2794 ad
1703 2737 2001 2794 Christum.

421 2833 776 2900 Quamobrem
807 2833 969 2888 etiam
1022 2835 1074 2888 in
1127 2833 1365 2905 Epistola
1395 2833 1462 2888 ad
1510 2834 1782 2888 Romanos
1827 2847 1892 2886 ex
1940 2845 2007 2887 eo

421 2924 682 2993 quosdam
705 2909 930 2978 laudatis
960 2924 1173 2979 dicebat
1205 2942 1220 2978 :
1254 2925 1357 2992 Qui
1393 2925 1541 2977 etiam
1591 2932 1708 2977 ante
1749 2939 1828 2977 me
1852 2924 2007 2994 geniti

422 3016 611 3068 suntin
641 3014 844 3070 Christo
879 3015 1055 3087 (Rom.
1087 3015 1176 3069 16.
1206 3013 1283 3086 7).
1327 3014 1435 3068 Nec
1482 3015 1615 3068 dixit
1667 3029 1761 3069 eos
1805 3016 2007 3085 primos

425 3104 744 3172 credidisse,
770 3105 863 3160 sed
887 3105 1052 3160 fuisse
1081 3105 1368 3176 primitias,
1398 3105 1708 3169 ostendens,
1740 3119 1861 3159 cum
1905 3104 2009 3161 fide

428 3195 596 3251 vitam
619 3196 778 3251 etiam
799 3197 1052 3268 optimam
1071 3197 1397 3287 exhibuisse,
1422 3205 1688 3267 tamquam
1720 3211 1785 3251 ex
1819 3195 2007 3251 fructi-

434 3291 555 3357 ltus,
572 3306 632 3347 se
655 3291 800 3348 omni
820 3307 886 3348 ex
909 3301 1056 3362 parte
1075 3292 1264 3362 dignos
1285 3291 1604 3362 praebentes.
1625 3290 1849 3363 Oportet
1867 3292 2008 3347 enim

428 3385 694 3457 primitias
710 3399 830 3442 esse
846 3385 1095 3441 meliores
1113 3385 1341 3450 caeteris,
1358 3400 1581 3456 quorum
1598 3394 1722 3441 sunt
1741 3385 2007 3455 primitiae:

428 3477 570 3550 quod
603 3478 688 3534 his
712 3493 925 3550 quoque
962 3493 1059 3549 per
1088 3478 1225 3534 hanc
1262 3477 1550 3534 dictionem
1580 3492 1679 3533 suo
1708 3477 2012 3534 testimonio

431 3571 616 3627 tribuit
644 3571 858 3627 Paulus.
881 3570 996 3626 Non
1027 3572 1170 3626 enim
1205 3571 1375 3626 solum
1398 3614 1412 3639 ,
1438 3571 1578 3625 sicut
1605 3570 1714 3624 dixi
1741 3611 1755 3632 ,
1786 3584 1912 3625 vere
1956 3579 2011 3626 et

430 3665 640 3719 sincere
668 3663 1033 3729 crediderunt,
1058 3663 1150 3718 sed
1183 3663 1342 3718 etiam
1394 3664 1617 3718 multam
1659 3661 2013 3718 ostenderunt

433 3758 706 3827 pietatem,
726 3767 1072 3825 vegetamque
1092 3756 1362 3820 virtutem.
1378 3757 1498 3811 etin
1514 3756 1869 3828 eleemosynis
1890 3755 2012 3810 dan-

428 3849 510 3902 dis
533 3845 974 3900 tnuniflcentiam.
998 3847 1112 3902 Non
1158 3847 1330 3901 solum
1349 3858 1526 3903 autem
1547 3849 1698 3916 hinc,
1731 3849 1824 3903 sed
1851 3855 2010 3904 etiam

430 3937 649 3992 aliunde
691 3952 876 3992 eorum
907 3937 1138 3992 ostendit
1161 3938 1408 4008 pietatem
1428 3978 1443 4004 ,
1477 3954 1541 3992 ex
1581 3954 1648 3994 eo
1681 3939 1822 4010 quod
1847 3950 2012 3995 totam

429 4028 647 4084 domum
673 4029 866 4099 pietate
883 4028 1238 4098 impleverim.
1253 4029 1405 4098 Quod
1429 4039 1607 4084 autem
1629 4032 1777 4085 bouis
1802 4047 2014 4102 quoque

429 4121 682 4192 operibus
707 4131 762 4177 et
786 4129 930 4176 recte
957 4119 1110 4176 factis
1134 4130 1316 4176 essent
1339 4121 1532 4186 ornati,
1559 4123 1818 4192 significat
1839 4139 1932 4194 per
1949 4140 2012 4181 ea

430 4227 552 4285 quae
568 4212 821 4284 deinceps
847 4220 1162 4282 sequuntur,
1182 4212 1364 4268 dicens
1389 4229 1404 4267 :
1425 4211 1488 4266 In
1520 4213 1793 4268 ministerio
1811 4225 2014 4271 sancto-

437 4327 552 4364 rum
607 4310 966 4365 ordinaverunt
1031 4308 1243 4378 seipsos.
1301 4309 1589 4364 Audivistis
1642 4307 2016 4380 hospitalitatis

431 4412 623 4473 quanta
652 4403 759 4457 sint
779 4401 1019 4458 encomia
1037 4401 1061 4454 ἲ
1081 4399 1196 4455 Νοιι
1215 4403 1355 4456 enim
1380 4401 1534 4468 dixit,
1559 4401 1877 4470 Ministrant,
1897 4403 2010 4470 sed,

441 4495 818 4549 Ordinaverunt
846 4495 1036 4564 seipsos
1053 4506 1072 4542 :
1088 4492 1226 4548 hanc
1254 4493 1416 4547 vitam
1443 4503 1699 4562 perpetuo
1715 4495 2010 4562 elegerunt,

438 4588 492 4642 in
521 4586 622 4642 hac
652 4601 711 4641 se
735 4594 989 4640 exercent
1009 4585 1376 4640 meditatione.
1406 4584 1493 4638 16.
1525 4583 1593 4640 Ut
1618 4594 1664 4639 et
1710 4602 1799 4639 vos
1827 4587 2016 4640 subditi

433 4678 545 4732 sitis
575 4676 846 4743 ejusmodi.
877 4675 988 4731 lloc
1032 4686 1132 4742 est,
1167 4686 1226 4731 ut
1250 4676 1385 4731 alter
1413 4675 1564 4730 alteri
1607 4691 1763 4746 opem
1798 4677 2011 4748 feratis,

435 4777 491 4823 et
520 4767 587 4822 ad
617 4769 884 4837 impensas
904 4768 1142 4837 pecuniae
1158 4778 1212 4824 et
1237 4768 1304 4823 ad
1330 4767 1631 4823 obeundum
1660 4769 2013 4826 ministerium

436 4860 700 4930 corporis,
732 4866 789 4912 ut
814 4859 1241 4914 communicetis.
1261 4857 1394 4914 Nam
1423 4859 1527 4915 illis
1556 4859 1707 4914 labor
1735 4861 1838 4916 erit
1860 4861 2010 4930 levis,

446 4950 658 5020 quando
705 4949 992 5016 habuerint
1035 4949 1246 5017 socios,
1273 4959 1327 5005 et
1370 4951 1436 5006 ad
1484 4953 1664 5022 plures
1709 4956 2016 5010 transiverit

439 5042 777 5100 beneficium.
815 5043 882 5098 Et
908 5059 1013 5098 non
1035 5042 1172 5099 dixit
1196 5043 1460 5111 absolute,
1487 5043 1859 5116 Cooperamiui
1883 5088 1897 5111 ,
1921 5046 2016 5102 sed

449 5136 608 5189 etiam
649 5137 700 5190 in
732 5136 797 5190 iis
825 5153 944 5207 qua?
965 5136 1221 5208 jusserint
1250 5145 1429 5206 parete
1448 5177 1462 5201 ,
1489 5148 1791 5193 accuratam
1836 5149 2016 5193 osten-

437 5224 571 5280 dens
597 5225 976 5282 obedientiam.
1009 5229 1072 5283 Et
1103 5243 1169 5283 ne
1197 5228 1277 5284 eis
1316 5228 1559 5283 videatur
1581 5228 1888 5299 gratiﬁcari,
1921 5229 2016 5283 ad-

441 5315 612 5372 didit:
636 5315 705 5370 Et
731 5317 867 5371 omni
887 5320 1178 5388 cooperanti
1204 5329 1250 5374 et
1265 5319 1542 5374 laboranti.
1559 5321 1681 5375 llaec
1703 5321 1792 5381 sit,
1821 5321 2012 5390 inquit,

444 5414 529 5467 lex
579 5408 925 5466 communis:
971 5424 1145 5479 neque
1189 5413 1330 5466 enim
1372 5412 1617 5482 privatim
1662 5392 1725 5468 al:
1773 5427 2014 5468 seorsum

444 5506 566 5560 dico
595 5503 662 5558 de
687 5503 825 5570 illis,
866 5502 962 5558 sed
989 5503 1033 5557 si
1064 5503 1182 5574 quis
1208 5515 1283 5559 est
1314 5504 1418 5559 illis
1444 5504 1666 5572 similis,
1694 5505 1777 5560 his
1805 5520 2016 5576 quoque

441 5597 666 5652 fruatur.
714 5595 1000 5666 Propterea
1051 5605 1106 5651 et
1147 5610 1242 5651 eos
1288 5596 1546 5666 incipiens
1599 5596 2011 5664 commendare,

440 5690 590 5758 ipsos
626 5703 839 5760 quoque
867 5697 1055 5745 evocat
1101 5697 1291 5755 testes,
1341 5687 1525 5745 dicens
1554 5706 1567 5742 :
1599 5687 1816 5744 Obsecro
1849 5704 2016 5746 autem

1085 223 1142 280 S.
1179 219 1456 280 JOANNIS
1489 213 1963 275 ειιιιγςοετοιιι
2007 213 2322 272 ᾹῐίϐΗΙΕΡ.
2361 213 2891 275 CONSTANTINOP.

3591 216 3692 274 376

2121 345 2207 383 vos
2226 373 2240 394 ,
2271 329 2427 384 nostis
2457 331 2660 386 domum
2708 331 3004 403 Stephants.
3030 330 3188 390 Scitis
3219 375 3233 400 ,
3285 335 3457 407 inquit
3475 379 3489 402 ,
3517 347 3573 393 et
3601 354 3694 396 vos

2116 423 2385 491 quomodo
2414 421 2679 491 laborant,
2713 440 2889 496 neque
2917 441 3054 497 opus
3081 437 3165 484 est
3191 438 3248 484 ut
3281 442 3310 483 a
3341 429 3497 485 nobis
3518 429 3693 486 disca-

2117 514 2203 568 tis.
2236 515 2320 568 l7.
2349 513 2568 572 Gavisus
2593 533 2708 573 sunt
2730 527 2897 573 autent
2952 519 3006 574 in
3037 522 3309 590 prasentia
3340 521 3620 592 Stephano:
3646 534 3695 578 et

2116 605 2388 662 Fortunati
2430 617 2478 662 et
2523 608 2770 677 Achaici,
2802 611 3042 680 quoniam
3069 611 3125 665 id
3179 614 3315 683 quod
3343 614 3480 668 vobis
3523 614 3696 669 deerat

2113 697 2213 765 ipsi
2242 699 2638 769 suppleverunt:
2662 701 2747 758 18.
2778 706 3062 773 refecerunt
3087 705 3220 758 enim
3262 721 3428 760 nteum
3455 707 3693 776 spiritum

2114 796 2423 844 etvestrum.
2473 791 2736 860 Quoniam
2784 803 2900 849 erat
2945 795 3234 851 verisimile
3294 811 3389 850 eos
3437 797 3693 853 adversus

2114 879 2260 951 ipsos
2298 898 2420 940 esse
2462 885 2732 952 irritatos;
2774 888 2810 941 ii
2835 887 2981 943 enim
3023 899 3174 944 erant
3205 891 3293 960 qui
3340 902 3600 947 venerant
3640 901 3696 948 et

2113 973 2432 1032 seditionem
2462 978 2512 1032 ei
2548 979 3017 1048 significaverant;
3048 994 3143 1050 per
3173 982 3315 1052 ipsos
3343 983 3486 1037 enim
3533 986 3694 1039 etiam

2112 1066 2441 1137 scripserant
2477 1070 2544 1125 de
2574 1071 2872 1142 virginibus
2898 1081 2951 1128 et
2979 1073 3319 1130 matrimonio
3345 1076 3642 1145 conjunctis
3675 1096 3688 1130 :

2109 1158 2233 1215 vide
2266 1161 2537 1230 quomodo
2562 1177 2656 1219 eos
2678 1165 2904 1236 mitigat,
2934 1166 2985 1220 in
3030 1167 3291 1240 principio
3317 1169 3530 1238 quidem
3572 1172 3693 1241 epi-

2109 1252 2262 1308 stolze
2285 1252 2473 1310 dicens
2500 1276 2514 1312 ε
2539 1255 2900 1328 Signiﬁcatum
2928 1268 3003 1313 est
3023 1261 3166 1316 enim
3190 1303 3204 1326 ,
3243 1261 3446 1331 inquit,
3478 1265 3602 1319 mihi
3633 1266 3698 1319 de

2108 1342 2246 1398 vobis
2270 1345 2333 1398 ab
2374 1345 2440 1400 iis
2482 1349 2571 1418 qui
2615 1358 2734 1403 sunt
2777 1347 2961 1406 Chloes
2995 1349 3070 1425 (1.
3100 1352 3217 1407 Cor.
3245 1355 3450 1426 1.11);
3496 1366 3552 1412 et
3594 1356 3696 1413 hos

2109 1441 2292 1512 celans
2319 1452 2375 1497 et
2401 1443 2522 1498 illos
2550 1444 2604 1500 in
2630 1443 2863 1501 medium
2889 1447 3159 1504 adducens
3183 1465 3198 1512 ;
3229 1459 3345 1503 erat
3373 1451 3517 1505 enim
3547 1451 3696 1505 veri—

2111 1532 2288 1588 simile
2315 1534 2442 1590 illos
2473 1550 2568 1606 per
2595 1535 2693 1592 bos
2716 1537 3024 1594 declarasse
3049 1557 3062 1593 :
3091 1539 3179 1596 hic
3205 1550 3384 1596 autem
3403 1585 3418 1607 ,
3461 1540 3532 1596 Id
3558 1545 3698 1612 quod

2109 1627 2246 1680 vobis
2293 1627 2500 1694 deerat,
2558 1630 2659 1702 ipsi
2700 1631 3094 1703 suppleverunt,
3126 1644 3173 1688 et
3214 1638 3492 1706 refecerunt
3528 1653 3698 1691 nteant

2108 1720 2347 1788 spiritum
2372 1731 2418 1776 et
2449 1737 2702 1790 vestrum;
2727 1725 3022 1781 ostendens
3041 1740 3135 1781 eos
3163 1727 3373 1783 venisse
3402 1743 3500 1798 pro
3522 1729 3698 1784 omni-

2109 1810 2230 1878 bus,
2245 1820 2300 1866 et
2315 1827 2408 1868 sua
2427 1823 2618 1884 sponte
2640 1824 2838 1871 tantam
2857 1817 3158 1886 suscepisse
3181 1819 3694 1890 peregrinationem.

2110 1901 2392 1970 Quomodo
2416 1919 2545 1975 ergo
2572 1906 2714 1976 quod
2735 1916 2818 1962 est
2855 1908 3125 1978 proprium
3159 1909 3248 1964 fiet
3283 1912 3603 1967 commune?
3634 1912 3696 1968 Si

2107 1993 2250 2064 quod
2277 1995 2431 2052 vobis
2459 1995 2632 2052 defuit
2661 2000 2920 2069 reparetis
2950 2016 3044 2070 per
3074 2011 3305 2056 vestram
3332 2003 3385 2058 in
3411 2019 3504 2059 eos
3527 2005 3696 2062 bene-

2110 2084 2420 2151 volentiam,
2454 2087 2498 2141 si
2521 2101 2614 2142 eos
2644 2087 2946 2157 honoretis,
2979 2091 3023 2144 si
3071 2091 3370 2162 excipiatis,
3395 2094 3444 2150 si
3486 2094 3694 2150 benefl-

2109 2177 2301 2250 centia:
2328 2181 2736 2236 communicetis
2762 2197 2779 2236 :
2808 2181 3034 2252 ideoque
3061 2183 3219 2251 dicit,
3247 2184 3546 2257 Cognoscite
3569 2206 3694 2261 ergo

2106 2269 2195 2340 qui
2233 2270 2482 2338 ejusmodi
2511 2281 2647 2326 sunt.
2683 2271 2751 2328 Et
2780 2273 3000 2331 laudans
3025 2291 3120 2332 eos
3158 2278 3244 2348 qui
3276 2293 3681 2348 convenerant,

2105 2373 2203 2414 eos
2229 2375 2440 2431 quoque
2468 2376 2590 2417 cum
2618 2363 2774 2420 laude
2799 2367 3074 2438 conjungit
3101 2369 3189 2439 qui
3235 2369 3382 2424 missi
3423 2378 3608 2437 erant,
3638 2381 3693 2427 et

2108 2450 2198 2520 qui
2227 2451 2520 2522 miserant,
2547 2454 2733 2510 dicens
2775 2454 3122 2527 :Refecerunt
3166 2475 3329 2512 nteum
3371 2461 3607 2530 spiritum
3647 2473 3694 2518 et

2108 2552 2347 2597 vestrum.
2379 2543 2675 2616 Cognoscite
2710 2563 2831 2618 ergo
2871 2549 3100 2618 qui-sunt
3127 2550 3407 2619 ejusmodi,
3440 2553 3690 2623 quoniam

2108 2643 2328 2704 propter
2384 2650 2482 2691 vos
2540 2638 2762 2707 patriam
2807 2647 2862 2694 et
2910 2638 3129 2694 domum
3187 2641 3541 2712 reliquerunt.
3589 2643 3684 2699 Vi-

2109 2725 2288 2782 distin’
2312 2728 2698 2798 prudentiam?
2727 2747 2833 2785 non
2864 2733 3038 2792 solum
3071 2733 3257 2802 Paulo,
3286 2735 3382 2791 sed
3410 2737 3514 2793 illis
3534 2738 3690 2795 etiam

2109 2833 2206 2874 eos
2233 2820 2470 2874 ostendit
2492 2836 2613 2877 esse
2651 2823 2976 2892 gratificatos
2999 2866 3014 2890 ,
3056 2825 3199 2896 quod
3232 2835 3396 2882 totam
3424 2830 3690 2886 civitatem

2112 2909 2166 2965 in
2209 2925 2270 2966 se
2312 2911 2694 2968 circumferant
2726 2933 2740 2969 :
2772 2916 2914 2986 quod
2951 2932 3046 2972 eos
3094 2919 3255 2974 etiam
3285 2919 3545 2978 reddebat
3589 2922 3691 2979 fide

2110 3003 2336 3075 dignos,
2365 3015 2420 3061 et
2457 3022 2563 3062 non
2611 3009 2819 3064 sinebat
2871 3025 2965 3066 eos
2995 3010 3063 3066 ab
3095 3011 3203 3066 illis
3240 3012 3514 3078 abscindi,
3549 3023 3689 3070 tam-

2110 3111 2267 3168 quam
2298 3098 2390 3166 qui
2432 3114 2528 3168 per
2563 3100 2708 3171 ipsos
2747 3101 2814 3156 ad
2863 3102 3080 3158 Paulum
3129 3114 3305 3160 essent
3332 3104 3567 3161 adducti.
3600 3106 3683 3162 l9.

2111 3187 2356 3244 Salutant
2376 3205 2463 3244 vos
2502 3207 2675 3246 omnes
2722 3192 2967 3249 Ecclesiae
2993 3195 3148 3250 Asia.
3175 3195 3395 3266 Semper
3437 3199 3582 3268 cogit
3631 3210 3684 3253 et

2110 3284 2442 3354 conglutinat
2487 3286 2726 3340 membra
2775 3302 2870 3357 per
2898 3288 3300 3346 salutationem.
3328 3289 3567 3346 Salutant
3603 3306 3689 3346 vos

2110 3378 2165 3432 in
2218 3376 2440 3433 Domino
2491 3379 2709 3433 multum
2752 3380 2940 3452 Aquila
2989 3391 3036 3437 et
3091 3381 3356 3437 Priscilla.
3397 3383 3553 3453 Apud
3602 3399 3692 3441 eos

2112 3469 2254 3524 enim
2287 3470 2555 3532 manebat,
2580 3485 2699 3526 cum
2727 3482 2870 3528 esset
2897 3482 3177 3530 contestor
3207 3475 3690 3534 tabernaculorum.

2113 3559 2237 3616 Cum
2282 3562 2556 3617 domestica
2609 3580 2701 3618 sua
2744 3565 2975 3620 ecclesia.
3006 3567 3118 3623 lloc
3145 3583 3363 3639 quoque
3391 3585 3502 3624 non
3531 3585 3688 3641 parva

2113 3664 2197 3708 est
2239 3655 2445 3723 virtus,
2494 3656 2636 3726 quod
2684 3655 2901 3712 domum
2959 3657 3216 3714 fecissent
3260 3661 3566 3716 ecclesiam.
3600 3661 3687 3717 ΞΟ.

2117 3746 2357 3802 Salutant
2384 3765 2470 3802 vos
2493 3765 2664 3804 omnes
2685 3752 2889 3822 fratres.
2921 3750 3154 3806 Salutate
3187 3752 3398 3809 invicem
3427 3755 3480 3808 in
3517 3755 3686 3808 osculo

2114 3849 2308 3894 sancto.
2332 3839 2442 3894 Hoc
2473 3841 2640 3895 sancti
2672 3843 2838 3897 osculi
2865 3841 2951 3897 hic
2979 3843 3153 3898 solum
3180 3846 3329 3916 ponit
3355 3845 3688 3900 additamen-

2116 3941 2249 3987 tum.
2274 3932 2679 4000 Quamobrem?
2729 3934 2899 3991 Valde
2939 3935 3078 3990 inter
3121 3950 3179 3992 se
3218 3937 3574 4004 dissidebant,
3625 3953 3692 3994 eo

2116 4025 2260 4096 quod
2310 4025 2552 4081 dieerent
2583 4043 2597 4080 :
2630 4025 2741 4098 Ego
2784 4027 2984 4094 quidem
3024 4044 3135 4081 sum
3168 4027 3364 4097 Pauli,
3393 4045 3482 4101 ego
3526 4040 3694 4084 autem

2117 4115 2322 4187 Apollo,
2338 4132 2428 4188 ego
2453 4127 2622 4171 autem
2637 4117 2840 4188 Cephw,
2856 4135 2945 4190 ego
2961 4135 3076 4173 vero
3091 4119 3278 4174 Cltristi
3291 4123 3309 4190 (
3319 4122 3338 4175 l
3356 4159 3370 4174 .
3387 4120 3534 4176 Cor.l
3547 4122 3658 4192 .19.)
3677 4141 3690 4175 :

2116 4224 2182 4264 eo
2193 4209 2336 4282 quod
2354 4210 2486 4264 alius
2503 4211 2715 4281 quidem
2743 4213 2990 4278 esuriret,
3017 4212 3153 4266 alius
3170 4229 3299 4268 vero
3320 4223 3465 4269 esset
3481 4215 3660 4270 ebrius
3679 4233 3693 4270 :

2117 4318 2182 4360 eo
2209 4303 2348 4374 quod
2380 4303 2638 4360 haberent
2678 4319 2880 4376 pugnas
2909 4316 2961 4360 et
3007 4306 3378 4362 aemulationes
3407 4316 3462 4362 et
3489 4308 3610 4364 lites
3638 4321 3696 4362 ac

2113 4399 2349 4470 judicia,
2394 4409 2449 4454 et
2495 4413 2561 4453 ex
2610 4398 2764 4453 donis
2815 4414 3004 4470 magna
3048 4409 3162 4455 erat
3211 4399 3447 4466 invidia,
3506 4415 3694 4472 magna

2116 4492 2362 4564 superbia
2389 4501 2444 4546 et
2470 4493 2791 4562 arrogantia.
2818 4492 3108 4562 Postquam
3146 4509 3274 4564 ergo
3299 4508 3395 4548 eos
3422 4492 3697 4564 conjunxt

2119 4599 2214 4654 per
2237 4581 2686 4649 exhortationem,
2717 4584 2908 4638 merito
2931 4584 3093 4638 etiam
3129 4584 3283 4654 jubet
3307 4585 3566 4655 conjungi
3600 4601 3691 4654 per

2118 4677 2360 4734 osculum
2400 4685 2664 4730 sanctum.
2699 4675 2810 4732 Hoc
2836 4676 2978 4731 cnim
3007 4677 3156 4744 ttnit,
3204 4687 3259 4732 et
3286 4693 3451 4732 unum
3497 4690 3693 4747 corpus

2119 4767 2243 4822 facit
2271 4786 2282 4822 :
2309 4765 2412 4822 hoc
2451 4775 2533 4822 est
2561 4777 2804 4822 sanctum
2828 4808 2844 4834 ,
2872 4767 3015 4837 quod
3055 4783 3161 4822 non
3192 4778 3274 4823 est
3317 4784 3437 4823 cum
3480 4767 3608 4823 dolo
3647 4776 3698 4822 et

2117 4856 2476 4912 simulatione.
2501 4857 2591 4911 21.
2627 4857 2882 4914 Salutatio
2907 4873 3015 4911 mea
3063 4874 3218 4912 manu
3248 4857 3426 4914 Pauli.
3453 4858 3697 4914 Ostendit

2120 4966 2314 5022 magno
2341 4950 2518 5006 studio
2561 4951 2912 5020 compositam
2946 4950 3111 5006 fuisse
3142 4951 3424 5022 epistolam
3450 4969 3464 5005 :
3493 4960 3548 5006 et
3579 4950 3696 5004 ideo

2119 5044 2222 5100 hoc
2249 5042 2441 5113 adjecit
2479 5042 2607 5098 ξεῖ.
2631 5043 2691 5098 Si
2713 5044 2826 5112 quis
2865 5058 2966 5097 non
2987 5053 3124 5097 amat
3156 5043 3432 5098 Dominum
3474 5053 3696 5097 nostrum

2117 5134 2151 5190 J
2158 5151 2294 5190 esum
2321 5133 2594 5198 Christum,
2612 5134 2677 5188 sit
2695 5133 2986 5189 anathema.

2189 5229 2244 5284 5.
2279 5227 2464 5282 Festus
2500 5236 2619 5295 quot
2662 5227 2912 5282 malorum
2955 5244 3130 5282 causa.
3154 5227 3351 5284 —Per
3389 5241 3553 5282 unum
3598 5224 3696 5279 hoc

2119 5323 2338 5378 verbum
2388 5335 2576 5376 omnes
2623 5322 2845 5387 terruit,
2896 5323 2985 5392 qui
3027 5323 3266 5376 membra
3293 5337 3390 5376 sua
3435 5320 3698 5376 faciebant

2121 5414 2358 5470 membra
2385 5414 2683 5469 meretricis
2707 5429 2722 5478 ;
2753 5429 2848 5469 eos
2877 5416 2967 5485 qui
3010 5414 3203 5469 fratres
3232 5414 3578 5470 oll‘eudebant
3605 5425 3696 5482 per

2121 5506 2388 5561 immolata
2413 5505 2593 5569 idolis,
2618 5520 2713 5561 eos
2733 5507 2823 5577 qui
2847 5506 3256 5564 nominabantur
3276 5521 3346 5560 ex
3373 5505 3695 5566 hominibus,

2120 5611 2214 5653 eos
2268 5597 2357 5667 qui
2406 5611 2512 5651 non
2563 5595 2852 5652 credebant
2905 5595 3311 5652 resurrectioui.
3364 5595 3482 5652 Non
3527 5595 3695 5650 solum

2129 5701 2304 5746 autem
2338 5678 2565 5757 terruit,
2597 5689 2690 5744 sed
2721 5693 2880 5745 etiam
2911 5689 3139 5747 ostendit
3181 5687 3321 5743 viam
3355 5689 3600 5754 virtutis,
3643 5690 3695 5736 cl
