4018 6156
423 309 538 366 577

433 425 683 492 λίζοντας
697 425 822 490 τοὺς
837 426 1100 493 ἀδελφοὺς
1117 427 1206 480 διά
1224 427 1330 482 τῶν
1353 427 1739 496 εἰδωλοθύτων,
1763 431 1890 495 τοὺς
1907 431 2001 483 ἀπ’

427 515 737 586 ¹ἀνθρώπων
763 515 1218 587 ὀνομαζομένους,
1249 518 1376 582 τοὺς
1406 522 1470 590 τῇ
1500 521 1793 574 ἀναστάσει
1820 521 2000 574 διαπι-

434 609 712 670 στοῦντας.
749 608 863 660 Οὐκ
887 607 1118 678 ἐφόϐησε
1143 607 1199 660 δὲ
1226 609 1404 678 μόνον,
1430 609 1567 664 ἀλλά
1595 610 1689 664 καὶ
1717 610 1883 675 ἔδειξε
1905 611 2003 681 τῆς

431 700 632 770 ἀρετῆς
655 699 754 770 τὴν
784 698 920 761 ὁδὸν,
951 701 1046 752 καὶ
1072 700 1171 770 τῆς
1200 701 1398 764 κακίας
1425 701 1523 773 τὴν
1556 703 1761 774 πηγήν.
1795 702 2004 772 ’Ὠσπερ

431 791 538 862 7&9
579 788 783 860 σφοδρά
829 791 960 860 περὶ
998 789 1159 844 αὐτὸν
1194 793 1226 863 ἡ
1260 792 1448 864 ἀγάπη
1494 793 1781 864 γενομένη,
1827 792 2003 846 πάντα

429 881 537 934 τῶν
574 882 990 954 ἁμαρτημάτων
1011 883 1078 938 τά
1103 883 1217 954 εἴδη
1251 885 1645 938 κατασϐέννυσι
1669 885 1762 938 καὶ
1791 883 1998 950 ἐξωθεῖ·

428 974 602 1039 οὕτως
639 976 770 1029 ὅταν
795 975 1158 1046 ἀσθενεστέρα
1201 974 1257 1048 ᾗ,
1284 978 1604 1048 βλαστάνειν
1634 977 1804 1032 ταῦτα
1836 978 2000 1032 ποιεῖ.

427 1066 770 1135 Μαραναθά.
813 1067 972 1131 Τίνος
1005 1067 1191 1122 ἕνεκεν
1228 1069 1384 1122 τοῦτο
1429 1071 1684 1152 είρηταις
1719 1070 1772 1122 τί
1803 1069 2002 1140 δήποτε

429 1159 524 1210 καὶ
584 1159 822 1230 Ἐϐραΐδι
855 1163 1042 1232 φωνῇ;
1095 1161 1315 1232 Ἐπειδὴ
1360 1162 1578 1215 πάντων
1621 1161 1730 1215 τῶν
1759 1161 1944 1216 κακῶν
1975 1162 2003 1212 ὁ

426 1249 594 1320 τῦφος
623 1251 796 1315 αῐτιος
821 1248 910 1323 ἦν·
937 1252 1126 1306 τοῦτον
1157 1253 1214 1306 δὲ
1245 1253 1334 1306 τὸν
1361 1252 1527 1322 τῦφον
1553 1255 1586 1324 ἡ
1615 1253 1812 1318 ἔξωθεν
1842 1253 2002 1321 σοφία

428 1341 625 1404 ἐποίει,
673 1343 767 1394 καὶ
815 1343 971 1396 τοῦτο
1011 1343 1070 1396 τὸ
1112 1343 1406 1413 κεφάλαιον
1448 1343 1558 1396 τῶν
1596 1344 1781 1397 κακῶν
1832 1341 1920 1417 ἦν,
1973 1344 2002 1396 6

430 1431 670 1503 μάλιστα
712 1433 814 1505 τὴν
859 1435 1122 1504 Κόρινθον
1157 1433 1448 1488 διέσπασε·
1486 1435 1864 1489 καταστέλλων
1905 1436 2002 1489 αύ-

427 1527 536 1580 τῶν
566 1527 657 1580 τὸν
689 1526 875 1596 τῦφον,
909 1528 1028 1581 ούδέ
1075 1527 1282 1582 Ἐλλάδι
1313 1529 1576 1599 κέχρηται
1601 1528 1842 1600 γλώσσῃ,
1867 1529 2002 1584 ἀλλά

427 1623 493 1691 τῇ
529 1619 790 1690 Ἐϐραΐδι,
817 1621 1030 1684 δεικνὺς
1054 1622 1134 1674 611
1165 1623 1224 1673 ού
1256 1620 1414 1691 μόνον
1439 1621 1539 1674 ούκ
1568 1621 1879 1691 αἰσχύνεται
1905 1623 2001 1692 τὴν

430 1711 716 1774 ἰδιωτείαν,
763 1712 901 1766 ἀλλά
955 1714 1050 1766 καὶ⁵
1106 1713 1244 1783 μετά
1299 1712 1502 1782 πολλῆς
1551 1711 1853 1778 ἀσπάζεται
1901 1714 2002 1784 τῆς

427 1805 780 1880 θερμότητος.
809 1805 873 1857 Τί
897 1805 954 1859 δέ
973 1807 1089 1858 ἐστι
1109 1803 1472 1872 Μαραναθά;
1505 1804 1565 1856 '0
1596 1805 1809 1872 Κύριος
1835 1803 2003 1872 ἡμῶν

424 1891 593 1967 ἦλθε.
627 1901 782 1964 Τίνος
831 1897 924 1955 οὖν
973 1901 1158 1956 ἕνεκεν
1197 1903 1328 1955 αὐτὸ
1355 1902 1514 1956 τοῦτό
1552 1920 1723 1974 φησι;
1764 1902 1866 1955 Τὸν
1901 1901 2002 1970 τῆς

425 1991 736 2062 οἰκονομίας
774 1993 1008 2063 βεϐαιῶν
1037 1994 1215 2063 λόγον,
1256 1995 1314 2059 ἐξ
1339 1988 1414 2049 ὧν
1457 1995 1692 2064 μάλιστα
1721 1993 1788 2048 τὰ
1837 1993 2002 2064 σπέρ-

429 2100 572 2154 ματα
592 2085 691 2155 τῆς
716 2086 1068 2150 ἀναστάσεως
1089 2087 1449 2141 συντέθεικεν·
1475 2089 1535 2140 ού
1562 2085 1721 2140 τοῦτο
1739 2085 1797 2138 δέ
1821 2086 1998 2157 μόνον,

426 2175 563 2228 ἀλλά
608 2177 702 2229 καὶ
740 2178 982 2242 ἐκείνους
1027 2180 1326 2250 ἐντρέπων,
1357 2179 1432 2242 ὡς
1479 2179 1545 2232 ἂν
1584 2180 1634 2231 εἰ
1679 2178 1897 2246 ἔλεγεν·
1943 2178 2000 2232 '0

425 2267 607 2330 κοινὸς
652 2267 871 2321 πάντων
911 2269 1189 2340 Δεσπότης
1233 2269 1538 2339 καταϐῆναι
1577 2269 1830 2323 τοσοῦτον
1871 2287 2002 2323 κατ-

425 2354 646 2426 ηξίωσε,
673 2358 948 2428 καὶύμεῖς
976 2359 1034 2411 ἐν
1062 2363 1175 2423 τοῖς
1206 2361 1389 2423 αὐτοῖς
1419 2362 1565 2425 ἐστε,
1589 2361 1684 2414 καὶ
1712 2360 1999 2432 ἐπιμένετε

426 2447 869 2518 ἀμαρτάνοντες;
924 2449 1019 2502 καὶ
1068 2451 1128 2503 οὐ
1177 2451 1428 2521 φρίττετε
1480 2451 1578 2524 τῆς
1634 2451 1854 2520 ἀγάπης
1902 2450 2001 2522 τὴν

426 2536 752 2608 ὑπερϐολὴν,
777 2537 886 2591 τῶν
907 2538 1126 2607 ἀγαθῶν
1146 2539 1206 2592 τὸ
1227 2540 1520 2610 κεφάλαιον
1540 2557 1554 2606 ;
1593 2539 1872 2611 Ἐννόησον
1894 2541 2001 2609 γὰρ

417 2628 584 2682 ’τοῦτο
606 2628 785 2700 μόνον,
823 2631 978 2702 φησί,
1003 2631 1096 2685 καὶ
1124 2631 1351 2702 ἀρκέσει
1382 2649 1463 2686 σοι
1488 2634 1568 2696 εἰς
1592 2633 1774 2702 πάσης
1802 2631 2002 2702 ἀρετῆς

416 2721 728 2792 προκοπὴν,
756 2723 850 2777 καὶ
888 2725 1066 2776 πᾶσαν
1103 2723 1306 2796 δυνήσῃ
1339 2723 1672 2778 κατασϐέσαι
1705 2723 1998 2794 ἁμαρτίαν.

438 2811 510 2866 Ἦ
534 2809 708 2880 χάρις
735 2812 841 2866 τοῦ
874 2814 1094 2881 Κυρίου
1126 2813 1292 2883 ἡμῶν
1337 2815 1529 2882 Ἰησοῦ
1567 2813 1827 2882 Χριστοῦ
1869 2814 2000 2882 μεθ’

422 2903 612 2973 ὑμῶν.
646 2905 816 2959 Τοῦτο
853 2905 1196 2968 διδασκάλου,
1228 2906 1290 2957 τὸ
1329 2905 1404 2974 μὴ
1457 2905 1615 2975 μόνον
1645 2905 2000 2976 συμϐουλαῖς,

426 2993 564 3047 ἀλλὰ
603 2995 698 3047 καὶ
721 2996 907 3064 εὐχαῖς
937 2993 1172 3064 βοηθεῖν.
1215 2995 1282 3047 Ἢ
1313 2993 1512 3062 ἀγάπη
1536 3010 1655 3062 μου
1681 2993 1832 3064 μετὰ
1850 2992 2001 3045 πάν-

427 3103 546 3139 των
574 3085 744 3154 ὑμῶν
770 3088 840 3139 ἐν
866 3087 1096 3155 Χριστῷ
1135 3087 1356 3154 Ἰησοῦ.
1403 3085 1598 3154 Ἀμήν.
1638 3087 1751 3139 ἰνα
1781 3086 1890 3157 7&9
1929 3085 2002 3157 μὴ

428 3177 744 3246 νομίσωσιν,
773 3178 854 3230 ὅτι
885 3177 1194 3230 κολακεύων
1217 3177 1411 3239 αὐτοὺς
1437 3178 1516 3239 είς
1539 3176 1693 3230 τοῦτο
1715 3177 1999 3248 κατέληξε,

431 3264 596 3336 φησίν
616 3280 630 3295 °
671 3266 768 3319 Ἑν
797 3265 1029 3336 Χριστῷ
1080 3267 1304 3335 Ἰησοῦ.
1337 3267 1639 3338 Οὐδὲνγάρ
1666 3267 2004 3339 ἀνθρώπινον

430 3357 544 3429 ἔχει
587 3358 708 3412 ούδέ
744 3360 1028 3431 σαρκικδν,
1066 3359 1199 3414 ἀλλά
1239 3361 1580 3432 πνευματική
1629 3359 1714 3423 τίς
1753 3360 1890 3413 ἐστι·
1924 3360 2006 3413 διὸ

431 3451 635 3524 σφόδρα
664 3453 883 3522 γνησία·
904 3453 998 3505 καὶ
1020 3453 1129 3524 7&9
1155 3451 1361 3523 σφόδρα
1389 3451 1622 3523 ἐρῶντος
1647 3450 1708 3504 16
1736 3451 1888 3523 ῥῆμα
1914 3447 2000 3522 ἦν.

429 3542 542 3597 Καὶ
566 3542 675 3614 7&9
698 3543 889 3615 ’ἐπειδὴ
917 3544 1215 3614 διειστήκει
1242 3541 1319 3614 τῷ
1346 3543 1516 3614 τόπῳ,
1549 3543 1802 3615 καθάπερ
1828 3542 2006 3609 δεξιᾶς

424 3650 573 3696 τινος
601 3635 844 3697 ἐκτάσει,
881 3638 1004 3699 ταῖς
1031 3637 1130 3706 τῆς
1162 3635 1381 3706 ἀγάπης
1415 3636 1615 3699 αὐτοὺς
1657 3637 1817 3707 χερσὶ
1849 3651 2006 3707 περι-

427 3725 696 3794 λαμϐάνει
730 3726 880 3797 [Ml]
915 3727 1108 3795 λέγων,
1161 3728 1222 3780 Ἠ
1263 3728 1466 3796 ἀγάπη
1493 3746 1612 3798 μου
1651 3730 1780 3798 μεθ’
1816 3728 2002 3798 ὑμῶν,

428 3815 504 3878 ὡς
545 3817 609 3868 ἂν
654 3818 702 3869 εί
754 3816 928 3883 ἐλεγέ·
971 3817 1126 3870 Μετά
1174 3818 1389 3872 πάντων
1443 3820 1596 3888 ὑμῶν
1641 3819 1772 3889 ἐγώ.
1807 3821 1884 3874 Δι’
1931 3815 2006 3875 ὧν

430 3905 722 3972 δείκνυσιν,
751 3907 832 3959 ὅτι
863 3908 924 3958 ού
952 3906 1123 3977 θυμοῦ
1150 3909 1270 3962 οὐδὲ
1301 3909 1474 3978 ὀργῆς
1508 3907 1576 3981 ἦν
1605 3911 1674 3965 τά
1705 3913 2004 3983 γραφέντα,

429 3994 568 4049 ἀλλὰ
594 3995 942 4067 κηδεμονίας,
966 3998 1101 4051 ὅπου
1123 4015 1184 4066 γε
1216 4002 1355 4068 μετά
1379 4001 1648 4071 τοσαύτην
1669 4005 2006 4076 κατηγορίαν

429 4087 529 4141 οὐκ
561 4086 989 4159 ἀποστρέφεται,
1018 4088 1154 4142 ἀλλά
1189 4091 1284 4143 καὶ⁸
1313 4091 1458 4160 φιλεῖ
1488 4095 1583 4146 καὶ
1611 4093 2005 4164 περιλαμϐάνει

428 4179 712 4253 πόρρωθεν
735 4180 934 4245 αὐτοὺς
959 4180 1139 4246 ὄντας.
1170 4181 1258 4236 διὰ
1287 4183 1398 4236 τῶν
1429 4183 1764 4238 Ἐπιστολῶν
1783 4168 2005 4242 καὶτῶν

426 4272 769 4344 γραμμάτων
797 4274 1005 4328 τούτων
1029 4274 1210 4340 αὐτοῖς
1238 4275 1572 4348 περιχυθείς.
1603 4275 1758 4331 Οῦτω
1783 4279 1892 4348 γὰρ
1916 4279 2006 4334 τὸν

425 4363 738 4436 διορθοῦντα
784 4365 864 4419 δεῖ
901 4368 1095 4419 ποιεῖν·
1135 4367 1211 4432 ώς
1255 4369 1283 4421 6
1317 4385 1378 4436 75
1425 4368 1561 4440 ὀργῇ
1603 4369 1762 4440 μόνον
1798 4370 1966 4425 ποιῶν
1989 4411 2005 4437 ,

426 4458 623 4510 οἰκεῖον
660 4457 831 4522 πάθος
866 4459 1096 4533 πληροῖ·
1144 4464 1172 4515 ό
1210 4461 1268 4514 δὲ
1311 4462 1450 4532 μετά
1479 4461 1540 4514 τὸ
1577 4461 1869 4532 διορθῶσαι
1914 4463 2006 4518 τὸν

427 4547 813 4618 ἁμαρτάνοντα
835 4590 851 4613 ,
882 4552 976 4604 καὶ
1017 4553 1084 4606 τὰ
1113 4555 1213 4624 τῆς
1260 4554 1483 4625 ἀγάπης
1525 4554 2002 4626 ἐπιδεικνύμενος,

423 4638 694 4693 δείκνυσιν
720 4641 804 4694 611
828 4643 1057 4698 κάκεῖνα
1083 4645 1468 4714 φιλοστοργίας
1495 4641 1584 4716 ἦν,
1613 4647 1712 4700 ὅσα
1743 4649 2006 4719 ἐπιπλήτ-

423 4748 534 4784 των
553 4731 761 4800 ἔλεγεν.
785 4733 943 4787 υῦτω
963 4736 1028 4806 δὴ
1048 4739 1145 4790 καὶ
1165 4739 1329 4808 ἡμεῖς
1350 4736 1614 4807 ἀλλήλους
1644 4739 2002 4812 παιδεύωμεν,

426 4823 523 4876 καὶ
561 4824 696 4894 μήτε
728 4825 756 4877 ό
794 4824 1032 4896 ἐλέγχων
1065 4828 1400 4898 όργιξέσθω·
1432 4828 1493 4881 ού
1527 4828 1638 4901 γὰρ
1666 4830 2006 4898 διορθώσεως

426 4913 606 4980 τοῦτο,
634 4914 771 4969 ἀλλά
803 4915 1040 4980 πάθους·
1085 4920 1224 4990 μήτε
1251 4921 1280 4972 ό
1311 4920 1668 4991 ἐλεγχόμενος
1717 4921 2004 4994 δυσχεραι-

426 5005 584 5058 νέτω·
619 5006 828 5078 ἰατρεία
858 5007 967 5080 7&9
989 5008 1051 5063 τὸ
1089 5011 1394 5082 γινόμενον,
1418 5014 1518 5067 οὐκ
1543 5015 1830 5084 ἀπέχθεια.
1863 5017 1924 5068 Et
1947 5015 2004 5069 δέ

431 5095 631 5164 ἰατρῶν
654 5099 844 5163 παῖδες
870 5100 1086 5155 καίουσι
1103 5102 1198 5156 καὶ
1217 5103 1318 5156 οὐκ
1343 5105 1724 5172 ἐγκαλοῦνται,
1746 5106 2005 5169 πολλάκις

427 5188 524 5240 καὶ
554 5189 1014 5263 διαμαρτάνοντες
1042 5194 1137 5248 τοῦ
1167 5195 1376 5262 τέλους,
1408 5199 1545 5252 ἀλλά
1584 5199 1680 5253 καὶ
1712 5198 2004 5268 ἀλγοῦντες

427 5281 476 5332 οἰ
526 5282 802 5352 καιόμενοι
831 5286 926 5339 καὶ
949 5288 1294 5359 τεμνόμενοι,
1341 5291 1634 5361 εὐεργέτας
1666 5286 1806 5345 εἶναι
1849 5292 2003 5363 νομί-

427 5368 580 5434 ζουσι
611 5373 736 5436 τοὺς
760 5373 858 5444 τὴν
887 5375 1158 5447 ἀλγηδόνα
1179 5380 1382 5450 ταύτην
1413 5381 1798 5454 διεγείροντας·
1827 5381 2004 5452 πολλῷ

430 5461 632 5532 μᾶλλον
662 5463 755 5516 τὸν
783 5463 1072 5538 δεχόμενον
1103 5468 1323 5539 ἔλεγχον
1359 5469 1501 5523 οὓτω
1530 5471 1832 5526 διακεῖσθαι
1863 5471 1966 5544 χρὴ
1985 5513 1999 5536 ,

428 5553 523 5605 καὶ
551 5551 626 5618 ὡς
653 5555 822 5628 ίατρῷ
852 5559 1143 5630 προσέχειν
1182 5561 1259 5632 τῷ
1284 5560 1607 5632 διορθοῦντι,
1641 5563 1755 5617 ἀλλ’
1800 5565 1898 5635 οὺχ
1927 5564 2003 5627 ώς

427 5643 624 5717 ἐχθρῷ.
657 5649 763 5702 Καὶ
796 5652 954 5722 ἡμεῖς
981 5651 1036 5706 δέ
1062 5652 1112 5706 οί
1139 5653 1500 5724 ἐπιτιμῶντες
1528 5655 1840 5727 προσίωμεν
1867 5655 2004 5727 μετά

432 5732 631 5804 πολλῆς
657 5736 757 5806 τῆς
789 5740 1126 5813 ἡμερότητος
1147 5785 1159 5809 ,
1193 5743 1330 5814 μετά
1362 5743 1560 5814 πολλῆς
1584 5745 1681 5814 τῆς
1715 5745 2000 5812 συνέσεως,

1106 316 1162 370 5.
1205 314 1486 372 JOANNIS
1520 312 2002 371 CHRYSOSTOMI
2042 311 2360 371 ARCIIIEP.
2396 311 2946 372 CONSTANTINOP.
3575 309 3678 365 37B

2110 429 2214 482 κᾶν
2239 429 2354 503 ἰδῃς
2385 428 2475 482 τὸν
2508 429 2742 498 ἀδελφὸν
2777 423 3203 498 πλημμελοῦντα
3225 463 3240 488 ,
3280 422 3356 487 ὡς
3388 423 3416 477 ὁ
3445 423 3680 494 Χριστος

2108 522 2394 586 ἐκέλευσε,
2436 519 2512 592 μὴ
2543 520 2835 590 δημοσίευε
2877 517 2968 570 τὸν
3011 515 3258 584 ἔλεγχον,
3301 513 3436 567 ἀλλά
3475 513 3688 584 μεταξὺ.

2111 611 2206 665 σοῦ
2230 612 2324 664 καὶ
2356 609 2521 664 αὐτοῦ
2549 609 2734 679 μόνου,
2763 608 2863 661 οὐκ
2887 605 3160 669 ὀνειδίζων
3186 604 3308 657 ούδέ
3331 603 3681 674 ἐπεμϐαίνων

2109 702 2364 773 κειμένῳ,
2397 701 2532 755 ἀλλά
2561 702 2655 755 καὶ
2675 700 2858 769 ἀλγῶν
2884 698 2980 753 καὶ
2998 698 3318 769 τηκόμενος·
3349 697 3440 751 καὶ
3464 697 3682 767 ἕτοιμον

2110 794 2304 848 σαυτὸν
2336 793 2541 866 πάρεχε
2578 793 2674 848 καὶ
2709 792 2843 865 πρὸς
2876 794 2937 846 τὸ
2980 790 3327 860 ἐλέγχεσθαι,
3371 789 3426 843 εί
3465 807 3519 842 τι
3563 789 3680 842 δια-

2111 885 2427 956 μαρτάνοις.
2464 886 2582 939 Ἵνα
2607 885 2664 938 δέ
2693 885 2786 938 καὶ
2821 883 3155 952 σαφέστερον
3183 882 3212 935 6
3247 883 3392 950 λέγω
3420 881 3680 952 γένηται.

2109 976 2230 1029 καθ’
2263 976 2518 1030 ὑπόθεσιν
2554 977 2647 1029 τὸν
2680 976 2838 1044 λόγον
2887 975 3294 1043 γυμνάσωμεν·
3343 972 3418 1042 μὴ
3468 971 3577 1043 7&9
3617 971 3682 1042 δὴ

2108 1069 2318 1137 γένοιτο
2359 1070 2452 1122 ἐπὶ
2502 1069 2602 1139 τῆς
2641 1067 2900 1140 ἀληθείας
2939 1067 3110 1137 αὐτῆς
3152 1067 3456 1138 εὐπορῆσαι
3497 1081 3680 1135 παραφ

2107 1160 2397 1232 δείγματος
2446 1161 2710 1216 τοιούτου·
2770 1163 2954 1215 Ἔστω
3006 1177 3091 1223 τις
3145 1159 3374 1226 ἀδελφὸς
3424 1157 3678 1228 παρθένῳ

2111 1253 2394 1319 συνοικῶν,
2425 1254 2653 1325 κόσμιος
2685 1255 2783 1325 μὲν
2811 1254 2900 1308 καὶ
2933 1253 3183 1326 σώφρων,
3213 1251 3350 1323 πλὴν
3379 1249 3514 1302 ἀλλά
3545 1250 3677 1320 μηδὲ

2109 1345 2252 1400 οὕτω
2294 1347 2629 1417 διαφευγέτω
2680 1348 2780 1419 τὴν
2831 1347 3073 1420 πονηρὰν
3120 1346 3298 1413 δόξαν.
3350 1345 3450 1399 Ἂν
3503 1343 3681 1397 τοίνυν

2108 1438 2348 1511 ἀκούσῃς
2394 1439 2794 1511 θρυλλουμένην
2843 1439 2940 1511 τὴν
2979 1439 3292 1508 συνοίκησιν
3333 1435 3571 1505 ταύτην,
3608 1435 3680 1505 μὴ

2109 1535 2528 1604 καταφρονήσῃς
2572 1533 2705 1605 μηδὲ
2753 1533 2913 1606 εῐπῃς
2933 1550 2946 1564 ·
2978 1532 3148 1595 Αὐτὸς
3175 1533 3281 1603 7&9
3321 1530 3382 1583 ού
3415 1530 3676 1598 κέκτηται

2107 1623 2264 1691 νοῦν;
2289 1624 2446 1688 αὐτὸς
2472 1625 2580 1695 7&9
2602 1626 2701 1679 οὐκ
2721 1619 2828 1678 οἶδε
2851 1626 2903 1678 τί
2923 1625 2982 1678 τὸ
3011 1624 3319 1695 συμφέρον;
3351 1623 3475 1692 είκῆ
3501 1619 3678 1690 φιλοῦν

2108 1716 2201 1768 καὶ
2245 1715 2319 1786 μὴ
2355 1714 2512 1786 μισοῦ
2553 1716 2697 1786 εἰκῆ·
2750 1714 2804 1767 τί
2838 1714 2946 1786 γάρ
2991 1730 3081 1786 μοι
3125 1713 3275 1784 μέλει
3317 1711 3519 1783 ἔχθραν
3553 1712 3682 1766 ἀνα-

2107 1807 2360 1874 δέξασθαι
2418 1808 2712 1879 περιττὴν;
2768 1805 2954 1861 Ταῦτα
3012 1804 3227 1876 ληρώδη
3294 1806 3515 1876 ῥήματα
3573 1803 3679 1857 τῶν

2109 1899 2333 1970 θηρίων,
2369 1900 2566 1970 μᾶλλον
2599 1901 2656 1952 δέ
2686 1899 2794 1954 τῶν
2820 1899 3108 1969 δαιμόνων.
3144 1897 3217 1951 Οὐ
3246 1897 3353 1968 7&9
3380 1897 3526 1949 ἐστιν
3555 1897 3682 1967 εἰκῆ

2112 1991 2386 2062 μισεῖσθαι
2409 1991 2498 2046 τὸν
2531 1992 2622 2044 ἐπὶ⁸
2655 1991 2936 2062 διορθώσει
2960 1990 3116 2044 τοῦτο
3144 1990 3421 2056 ποιοῦντα,
3448 1988 3560 2042 ἀλλ’
3583 1989 3680 2042 ἐπὶ

2111 2082 2367 2153 μεγάλοις
2401 2082 2626 2152 ἀγαθοῖς
2665 2083 2761 2136 καὶ
2787 2082 3070 2152 στεφάνοις
3114 2083 3464 2154 ἀπορρήτοις.
3509 2081 3569 2134 Εἰ
3619 2081 3678 2134 δὲ

2107 2173 2305 2243 λέγοις,
2350 2173 2414 2226 Τί
2443 2174 2574 2244 7&9,
2605 2173 2766 2238 αὐτὸς
2810 2174 2912 2226 οὐκ
2949 2167 3062 2245 έχεί
3093 2174 3252 2241 νοῦν;
3295 2173 3503 2244 ἀκούσῃ
3550 2173 3679 2239 παρ’

2107 2264 2285 2335 ἡμῶν,
2326 2263 2407 2316 ὅτι
2435 2265 2535 2317 οὐκ
2578 2263 2712 2335 ἔχει·
2752 2265 2941 2336 μεθύει
2975 2265 3085 2336 7&9
3126 2265 3203 2336 τῷ
3237 2265 3419 2318 πάθει.
3461 2264 3525 2317 ΕΞ
3571 2263 3680 2333 γάρ

2107 2355 2198 2407 ἐπὶ
2225 2355 2332 2408 τῶν
2367 2352 2564 2418 ἔξωθεν
2604 2355 2970 2426 δικαστηρίων
3015 2358 3061 2409 οἱ
3100 2355 3448 2426 ἀδικούμενοι
3482 2356 3582 2408 οὐκ
3615 2357 3679 2408 ἂν

2105 2445 2354 2501 δύναιντο
2383 2448 2554 2499 εἰπεῖν
2579 2446 2718 2518 ὑπὲρ
2750 2447 2959 2499 ἑαυτῶν
2987 2445 3196 2510 ζέοντες
3219 2449 3284 2517 τῇ
3314 2447 3476 2518 ὀργῇ,
3503 2446 3678 2500 καίτοι

2106 2551 2170 2603 γε
2197 2536 2295 2589 οὐκ
2321 2535 2466 2590 ἐστιν
2488 2535 2740 2609 ἔγκλημα
2769 2539 2802 2610 ἡ
2830 2537 3146 2609 συμπάθεια
3168 2537 3331 2609 αῦτη·
3360 2539 3514 2609 πόσῳ
3549 2537 3679 2591 ιιᾶλυ

2106 2627 2196 2681 λον
2217 2629 2266 2681 οί
2291 2628 2550 2700 συνηθείᾳ
2573 2630 2788 2701 πονηρᾷ
2811 2630 3167 2700 κατεχόμενοι
3194 2647 3208 2695 ;
3229 2630 3328 2683 Διά
3347 2629 3680 2699 τοῦτολέγω,

2106 2719 2188 2772 611
2220 2719 2320 2772 κᾶν
2356 2721 2612 2791 μυριάκις
2705 2722 2984 2793 φρόνιμος,
3013 2722 3114 2775 οὐκ
3145 2721 3258 2792 ἔχει
3288 2721 3412 2776 νοῦν
3435 2723 3682 2794 ἐγρηγο-

2110 2811 2258 2884 ρότα.
2284 2813 2349 2865 Τί
2387 2812 2494 2884 7&9
2523 2812 2616 2866 106
2653 2813 2817 2866 Δαυῖδ
2855 2813 3216 2885 συνετώτερον
3253 2809 3344 2885 ἦν,
3391 2813 3684 2885 ἀνθρώπου

2107 2903 2376 2972 λέγοντος,
2412 2904 2487 2958 Τὰ
2510 2904 2705 2972 ἄδηλα
2727 2906 2823 2959 καί
2852 2905 2923 2959 τὰ
2949 2907 3167 2976 κρύφια
3189 2905 3299 2974 τῆς
3318 2907 3543 2975 σοφίας
3567 2923 3684 2960 σου

2108 2992 2423 3062 ἐδήλωσάς
2452 3011 2585 3063 μοι;
2630 2995 2742 3049 ἀλλ’
2781 2997 2871 3050 ὅτε
2905 2996 3002 3068 τὴν
3031 2996 3123 3050 τοῦ
3158 2995 3490 3069 στρατιώτου
3526 2996 3683 3068 [4121

2109 3090 2341 3156 γυναῖκα
2378 3083 2518 3142 οἶδεν
2545 3089 2842 3160 ὀφθαλμοῖς
2863 3089 3090 3155 ἀδίκοις,
3115 3091 3256 3154 τότε,
3285 3090 3419 3160 ὅπερ
3444 3091 3538 3140 ἐπὶ
3577 3088 3682 3159 τῆς

2111 3179 2381 3250 θαλάττης
2417 3181 2515 3250 τῆς
2550 3181 2880 3253 μαινομένης
2916 3184 3042 3246 τοὺς
3074 3183 3404 3252 ἐμπλέοντας
3439 3182 3680 3251 πάσχειν

2110 3268 2288 3338 ἔλεγε,
2314 3269 2490 3323 Πᾶσα
2522 3270 2558 3336 ἡ
2591 3270 2777 3338 σοφία
2797 3270 2985 3324 αὑτοῦ
3013 3272 3330 3338 κατεπόθη·
3355 3269 3449 3323 καὶ
3475 3271 3680 3342 ἐτέρων

2111 3359 2435 3434 ἐδεῖτοτῶν
2484 3360 2911 3432 διορθωσόντων,
2956 3363 3051 3416 καὶ
3094 3363 3216 3416 οὐδὲ
3253 3363 3521 3435 ᾐσθάνετο
3555 3364 3687 3418 οἴων

2110 3450 2297 3504 κακῶν
2323 3446 2392 3522 ἦν
2419 3452 2588 3516 ἐντός.
2625 3453 2716 3505 Διὸ
2739 3454 2830 3507 καὶ
2856 3454 3071 3527 θρηνῶν
3095 3455 3163 3508 τά
3187 3457 3570 3527 ἁμαρτήματα
3593 3457 3688 3509 αύ-

2110 3542 2204 3596 τοῦ
2247 3542 2451 3612 ἔλεγεν·
2501 3544 2660 3598 Ὠσεί
2686 3547 2932 3614 φορτίον
2958 3546 3117 3614 ,ϐαρὺ
3143 3546 3570 3616 ὲϐσρύνθησαν
3597 3547 3688 3601 ἐπ’

2110 3633 2233 3704 ἐμέ.
2259 3634 2652 3703 Προσώζεσαν
2681 3637 2778 3690 καὶ
2809 3637 3134 3705 ἐσάπησων
3159 3640 3213 3691 οἰ
3248 3639 3542 3708 μώλωπές
3567 3658 3689 3709 μου

2111 3727 2230 3782 ἀπὸ
2257 3727 2581 3796 προσώπου
2617 3728 2727 3798 τῆς
2759 3730 3110 3798 ἀφροσύνης
3143 3746 3285 3799 μου.

2180 3907 2244 3962 δ’.
2280 3909 2352 3961 Ού
2397 3907 2576 3960 τοίνυν
2609 3907 2720 3977 ἔχει
2763 3907 2888 3960 νοῦν
2914 3907 2942 3959 ὁ
2967 3907 3326 3978 ἁμαρτάνων·
3353 3904 3538 3977 μεθύει
3572 3904 3685 3977 γάρ

2113 4001 2206 4055 καὶ
2249 3999 2566 4053 ἐσκότωται.
2614 4001 2705 4071 Μὴ
2739 3999 2802 4072 δὴ
2836 3999 3009 4053 ταῦτα
3051 4000 3196 4069 λέγε,
3242 4000 3373 4072 μηδέ
3405 3999 3686 4070 προστίθει

2111 4095 2305 4159 ἐκεῖνο,
2332 4094 2411 4146 611
2435 4092 2598 4146 Οὐδέν
2631 4109 2719 4163 μοι
2760 4092 2929 4163 μέλει·
2961 4093 3263 4158 Ἕκαστος
3292 4091 3402 4163 γὰρ
3435 4090 3500 4144 τὸ
3528 4091 3686 4145 ῑδιον⁵

2110 4188 2324 4256 φορίον
2344 4183 2664 4250 βαστάσει.
2688 4185 2792 4238 Καὶ
2809 4185 2917 4255 7&9
2937 4184 3031 4238 καὶ
3050 4183 3132 4236 σοὶ
3155 4183 3408 4254 μέγιστον
3432 4182 3688 4253 ἔγκλημα
3719 4223 3722 4226 .

2113 4277 2328 4348 φύεται,
2349 4278 2428 4331 611
2451 4275 2865 4347 πεπλανημένον
2888 4275 3009 4329 ἰδὼν
3030 4276 3130 4328 οὐκ
3152 4275 3478 4345 ἀνέστησας.
3504 4275 3564 4327 Εἰ
3582 4273 3691 4344 γὰρ

2111 4371 2172 4425 τὸ
2206 4371 2499 4440 ὑποζύγιον
2529 4370 2623 4424 τοῦ
2662 4369 2858 4441 ἐχθροῦ
2899 4369 3043 4424 κατά
3075 4369 3166 4422 τὸν
3205 4367 3477 4421 Ἰουδαίων
3525 4366 3686 4437 νόμον

2113 4465 2358 4534 παρορᾷν
2389 4463 2449 4516 οὺ
2481 4462 2606 4534 χρὴ,
2631 4463 2659 4514 ό
2695 4461 2769 4532 μὴ
2795 4459 3086 4529 ὑποζύγιον
3125 4459 3258 4532 μηδέ
3284 4457 3483 4530 ἐχθροῦ
3511 4457 3688 4528 ψυχὴν

2113 4555 2490 4627 ἀπολλυμένην
2520 4554 2813 4626 περιορῶν,
2846 4554 2981 4609 ἀλλά
3015 4553 3190 4622 φίλου,
3221 4551 3379 4606 ποίαν
3413 4551 3526 4618 ἔξει
3563 4565 3691 4618 συγ-

2111 4646 2373 4716 γνώμην;
2402 4645 2536 4698 Ούδέ
2561 4646 2669 4715 7&9
2697 4646 2859 4716 ἀρκεῖ
2881 4647 2961 4708 είς
2990 4644 3289 4713 ἀπολογίαν
3318 4643 3449 4713 ἡμῖν
3476 4642 3538 4694 τὸ
3567 4640 3689 4694 νοῦν

2113 4737 2258 4808 ἐχειν
2289 4739 2515 4790 ἐκεῖνον·
2547 4737 2674 4789 ἐπεὶ
2698 4739 2792 4790 καὶ
2820 4739 2980 4807 ἡμεῖς
3007 4736 3178 4790 πολλὰ
3207 4735 3466 4798 πολλάκις
3493 4751 3691 4804 παραι-

2112 4831 2396 4898 νέσαντες,
2425 4830 2638 4893 ἑαυτοῖς
2681 4831 2780 4884 οὐκ
2833 4830 3172 4902 ἡρκέσαμεν,
3220 4829 3341 4882 ούδέ
3391 4826 3690 4899 ἐγενόμεθα

2112 4921 2390 4991 χρήσιμοι.
2422 4919 2592 4973 Τοῦτο
2619 4919 2798 4973 τοίνυν
2838 4921 2932 4973 καὶ
2971 4919 3098 4990 περὶ
3127 4919 3336 4972 ἐκείνου
3366 4918 3560 4971 σκόπει
3597 4914 3688 4968 τοῦ

2111 5011 2578 5082 πλημμελοῦντος,
2613 5012 2695 5064 611
2729 5011 2874 5074 εἰκὸς
2903 5011 3064 5064 αὐτὸν
3095 5010 3247 5081 παρά
3281 5009 3375 5063 006
3403 5007 3624 5079 μᾶλλον,
3655 5005 3688 5076 ἡ

2112 5105 2238 5174 παρ’
2278 5103 2471 5157 ἐαυτοῦ
2513 5101 2770 5167 δέξασθαι
2815 5101 3147 5172 συμϐουλίαν
3192 5101 3444 5171 ἀρίστην,
3487 5099 3586 5153 καὶ
3618 5096 3691 5168 μὴ

2111 5192 2256 5260 λέγε·
2291 5193 2354 5243 Τί
2376 5191 2432 5244 δέ
2466 5209 2554 5262 μοι
2586 5191 2736 5262 μέλει
2767 5191 3009 5259 τούτων;
3047 5190 3318 5263 Φοϐήθητι
3343 5190 3436 5242 τὸν
3478 5187 3691 5260 πρῶτον

2112 5282 2375 5353 εἰρηκότα
2401 5282 2462 5336 τὸ
2485 5283 2638 5355 ῥῆμα
2663 5281 2840 5336 τοῦτο·
2869 5282 2930 5336 τὸ
2951 5282 3078 5354 7&9,
3106 5281 3202 5349 Μὴ
3226 5279 3431 5351 φύλαξ
3448 5280 3565 5350 εἰμί
3586 5276 3692 5332 τοῦ

2110 5373 2376 5442 ἀδελφοῦ
2405 5388 2557 5442 μου;
2587 5374 2668 5438 εἰς
2697 5374 2891 5426 ταυτὸν
2927 5375 3081 5445 φέρει
3107 5371 3304 5442 τούτῳ·
3342 5371 3596 5424 ἐντεῦθεν
3626 5367 3692 5420 τὰ

2111 5463 2258 5518 κακά
2290 5465 2530 5518 τίκτεται
2566 5465 2774 5530 πάντα,
2801 5467 2884 5519 611
2912 5466 2981 5519 1&
3011 5463 3105 5518 106
3139 5463 3392 5534 σώματος
3427 5462 3521 5516 τοῦ
3556 5463 3694 5532 ἡμε-

2110 5557 2270 5627 τέρου
2300 5557 2551 5628 ἀλλότρια
2592 5559 2872 5629 ἡγούμεθα
2918 5554 3076 5612 εἶναι.
3120 5556 3185 5610 Τί
3228 5557 3373 5626 φὴς;
3424 5555 3577 5608 οὐδέν
3611 5563 3706 5607 σοι·

2115 5646 2266 5718 μέλει
2296 5647 2390 5700 τοῦ
2418 5648 2680 5718 ἀδελφοῦ;
2729 5650 2890 5704 Ἀλλά
2925 5650 3030 5702 τίνι
3066 5648 3288 5722 μελήσει
3313 5664 3328 5712 ;
3353 5646 3431 5716 τῷ
3455 5646 3690 5715 ἀπίστῳ,

2112 5737 2192 5810 τῷ
2247 5739 2589 5810 ἐπιχαίροντι
2653 5742 2746 5794 καὶ
2801 5740 3112 5804 όνειδίζοντι
3159 5737 3254 5789 καὶ
3305 5736 3688 5810 ἐναλλομένφς
