4018 6156
408 347 512 402 δτι

410 470 612 522 fontem
642 463 776 520 vitii.
793 463 940 519 Sicut
965 457 1106 514 enim
1129 469 1248 528 qua
1265 452 1561 510 vehemens
1588 450 1746 505 fuerit
1764 447 1979 510 caritas,

409 556 701 627 exstinguit
729 563 783 608 et
811 545 1024 624 expellit
1053 561 1242 604 omnes
1271 552 1611 616 peccatorum
1637 538 1846 607 species
1868 554 1884 594 :
1909 537 1980 592 ita

408 649 574 702 etiam
600 645 810 716 quando
839 643 997 696 fuerit
1022 637 1369 702 imbecillior,
1398 634 1522 689 facit
1565 647 1628 687 ea
1656 630 1978 702 germinare.

415 733 742 792 Maranatlia.
773 734 1010 802 Quanam
1061 731 1128 786 de
1175 741 1335 783 causa
1380 726 1484 781 hoc
1521 722 1720 778 dictum
1762 719 1884 776 est?
1927 727 1984 774 et

407 844 505 884 cur
554 842 684 883 voce
739 823 1057 880 Hebraica?
1107 820 1369 890 Quoniam
1418 815 1661 872 omnium
1718 812 1980 867 malorum

409 935 567 977 causa
596 928 713 975 erat
745 919 912 973 fastus
943 915 1108 988 (hunc
1132 921 1309 968 autem
1352 909 1544 965 fastum
1595 905 1858 962 efﬁciebat
1884 919 1979 958 ex-

405 1023 554 1066 terna
583 1010 842 1081 sapientia
888 1026 902 1062 :
935 1018 988 1062 et
1019 1008 1118 1062 hoc
1165 1005 1265 1059 fuit
1308 1009 1468 1072 caput
1496 1001 1756 1056 malorum
1777 1037 1794 1062 ,
1839 995 1980 1066 quod

405 1103 634 1156 maxime
651 1101 869 1156 divulsit
890 1113 953 1154 ac
976 1096 1158 1153 divisit
1177 1090 1512 1163 Corinthum)
1531 1108 1546 1152 :
1577 1105 1764 1145 eorum
1785 1089 1978 1143 fastum

401 1194 762 1265 comprimens
783 1233 797 1256 ,
828 1207 897 1246 ne
926 1190 1112 1246 Graeca
1135 1187 1372 1258 quidem,
1402 1186 1494 1241 sed
1542 1184 1767 1239 Hebraea
1797 1183 1976 1251 lingua

404 1303 532 1342 usus
559 1295 662 1350 est,
689 1283 982 1341 ostendens
1013 1297 1070 1338 se
1098 1297 1202 1336 non
1232 1280 1391 1334 modo
1417 1293 1521 1334 non
1553 1277 1754 1346 pudere
1774 1275 1980 1345 simpli—-

404 1377 582 1432 citatis
610 1383 665 1430 et
709 1374 988 1444 imperitiae
1013 1413 1028 1439 ,
1057 1372 1150 1427 sed
1177 1385 1294 1426 eam
1320 1370 1481 1425 etiam
1507 1367 1978 1423 vehementissime

405 1478 459 1523 et
485 1465 855 1521 ardentissime
871 1463 1168 1534 complecti.
1190 1460 1326 1528 Quid
1343 1472 1426 1516 est
1442 1470 1618 1514 autem
1641 1455 1978 1512 Μαι-απαιήαέ

407 1557 654 1611 Dominus
696 1565 862 1610 noster
908 1557 1061 1610 venit.
1089 1554 1330 1622 Quanam
1375 1566 1504 1621 ergo
1546 1549 1616 1604 de
1659 1562 1822 1602 causa
1874 1545 1977 1602 hoc

407 1649 578 1718 ipsum
599 1649 770 1703 dicit?
802 1645 1223 1717 Dispensationis
1254 1643 1464 1698 Domini
1501 1655 1803 1696 sermonem
1846 1653 1975 1694 con-

409 1744 645 1805 ﬁrmans,
677 1754 744 1794 eo
773 1739 912 1809 quod
936 1754 1001 1794 ex
1034 1739 1098 1793 iis
1122 1737 1354 1792 maxime
1373 1735 1734 1804 composuerit
1772 1733 1974 1788 semina

408 1830 844 1896 resurrectioiiis;
872 1845 971 1884 nec
987 1829 1089 1883 hoc
1110 1828 1305 1894 solum,
1325 1826 1420 1883 sed
1444 1826 1569 1881 illos
1592 1827 1750 1881 etiam
1775 1824 1974 1895 pudore

406 1923 642 1977 afﬁciens
687 1922 885 1993 :quasi
939 1922 1148 1977 diceret
1175 1915 1206 1975 ἐ
1237 1919 1550 1976 Communis
1595 1919 1831 1975 omnium
1871 1918 1974 1973 Do-

404 2017 579 2069 minus
611 2023 814 2068 tantum
863 2014 1109 2084 dignatus
1150 2022 1232 2068 est
1256 2011 1580 2068 descendere
1609 2030 1622 2065 :
1653 2027 1747 2066 vos
1793 2020 1970 2065 autem

398 2107 452 2162 in
483 2107 672 2162 iisdem
701 2109 860 2172 esus,
906 2115 960 2160 et
983 2121 1207 2177 peccare
1237 2105 1635 2176 perseveretis?
1683 2121 1789 2160 non
1816 2121 1968 2160 sum-

398 2212 539 2252 mam
586 2199 861 2253 caritatem
913 2197 1290 2266 obstupescitis
1336 2206 1391 2252 et
1433 2196 1799 2263 admiramini,
1826 2197 1967 2267 quod

396 2300 480 2346 est
523 2300 681 2358 caput
721 2288 1019 2344 bonorum?
1050 2289 1161 2344 Hoc
1205 2288 1378 2344 solum
1405 2330 1420 2354 ,
1449 2288 1648 2359 inquit,
1675 2288 1849 2358 cogita
1869 2330 1884 2354 ,
1914 2298 1969 2344 et

394 2382 486 2435 tibi
511 2381 739 2438 sufﬁciet
767 2383 832 2436 ad
873 2383 1168 2451 profectum
1200 2383 1252 2436 in
1291 2382 1438 2437 omni
1468 2383 1694 2447 virtute,
1725 2391 1780 2437 et
1807 2397 1967 2436 omne

394 2484 668 2544 peccatum
723 2475 924 2544 poteris
975 2475 1337 2546 exstinguere.
1393 2475 1483 2529 2'5.
1531 2473 1709 2528 Gratia
1762 2472 1968 2528 Domini

395 2567 549 2621 nostri
570 2565 697 2621 Jesu
723 2565 912 2622 Christi
955 2566 1228 2621 uobiscum.
1260 2566 1371 2621 Hoc
1414 2575 1498 2621 est
1538 2565 1774 2621 doctoris
1797 2605 1811 2629 ,
1859 2581 1965 2620 non

392 2658 561 2712 solum
591 2658 833 2714 consiliis
863 2673 1019 2727 opem
1048 2658 1191 2713 ferre
1210 2699 1224 2723 ,
1252 2657 1346 2713 sed
1390 2657 1550 2712 etiam
1583 2659 1722 2712 votis
1749 2672 1812 2712 ac
1843 2673 1966 2726 pre-

392 2749 560 2805 cibus.
591 2750 684 2805 2i.
715 2750 914 2805 Caritas
951 2766 1060 2804 mea
1104 2767 1218 2804 cum
1243 2750 1472 2804 omnibus
1497 2749 1633 2803 vobis
1674 2751 1728 2803 in
1766 2749 1964 2804 Christo

391 2839 532 2895 Iesu.
563 2843 743 2897 Amen.
773 2843 904 2898 Nam
946 2858 1015 2898 ne
1065 2843 1472 2906 existimarent,
1505 2842 1645 2913 quod
1671 2842 1750 2898 eis
1779 2858 1965 2898 assen-

393 2944 508 2988 tans
554 2935 609 2989 in
651 2935 755 2990 hoc
801 2934 1058 2998 desierit,
1102 2934 1270 2989 dicit:
1301 2934 1368 2988 In
1407 2933 1606 2989 Christo
1653 2933 1963 2990 Jesu.Nihil

391 3027 528 3080 enim
549 3027 710 3082 habet
727 3027 1014 3081 humanum
1043 3041 1214 3096 neque
1238 3025 1471 3092 carnale,
1492 3025 1585 3080 sed
1612 3035 1693 3081 est
1720 3024 1962 3095 quaedam

390 3118 603 3172 dilectio
628 3119 944 3188 Spiritualis.
970 3119 1326 3184 Quamobrem
1352 3132 1414 3173 ea
1434 3126 1518 3172 est
1539 3116 1694 3171 valde
1709 3132 1963 3187 germana

389 3217 442 3263 et
470 3210 719 3274 sincera;
773 3224 895 3263 nam
935 3209 1092 3264 valde
1121 3209 1350 3264 amantis
1393 3217 1510 3264 erat
1558 3208 1799 3263 verbum.
1829 3207 1962 3275 Quia

389 3301 532 3355 enim
571 3301 690 3356 loco
716 3301 978 3366 distabat,
1010 3309 1276 3369 tamquam
1323 3300 1547 3370 alicujus
1590 3299 1825 3356 dexterae
1871 3315 1964 3353 ex-

395 3392 656 3458 tensione,
683 3394 920 3447 caritatis
944 3391 1187 3447 manibus
1211 3406 1306 3447 eos
1328 3391 1716 3462 complectitur,
1738 3391 1920 3447 dicens
1943 3408 1959 3445 :

396 3480 594 3536 Caritas
645 3499 756 3536 mea
806 3484 1058 3538 vobiscum
1103 3500 1123 3536 :
1174 3483 1326 3552 quasi
1369 3482 1617 3537 diceret:
1660 3481 1789 3536 Sum
1841 3497 1961 3536 cum

397 3573 548 3627 vobis
571 3573 839 3628 omnibus.
875 3573 975 3629 Per
999 3589 1117 3644 quze
1148 3572 1404 3638 ostendit,
1437 3588 1542 3627 non
1574 3587 1694 3628 esse
1723 3572 1964 3642 indigna-

395 3666 556 3720 tionis
577 3673 633 3720 et
658 3665 750 3719 ira:
778 3680 894 3734 qum
919 3667 1118 3735 scripta
1139 3673 1280 3730 sunt,
1313 3665 1411 3720 sed
1436 3679 1579 3720 cura:
1598 3680 1760 3735 quam
1777 3679 1961 3721 eorum

389 3757 549 3827 gerit,
579 3771 699 3811 cum
724 3766 840 3826 post
864 3767 1062 3812 tantam
1112 3755 1510 3811 accusationem
1537 3771 1633 3811 eos
1673 3771 1779 3810 non
1805 3771 1961 3810 aver-

387 3858 552 3914 setur,
589 3848 684 3903 sed
711 3857 853 3903 amet
883 3858 936 3902 et
962 3847 1382 3917 complectatur,
1414 3862 1534 3902 cum
1561 3857 1740 3903 essent
1777 3847 1962 3916 procul

387 3942 601 4006 remoti,
635 3956 728 4009 per
753 3940 1007 4010 epistolas
1038 3949 1095 3996 et
1118 3939 1214 3994 has
1239 3939 1425 3994 literas
1453 3940 1532 3994 eis
1559 3940 1708 4010 quasi
1731 3940 1956 3994 circum-

389 4034 558 4089 fusus.
589 4035 680 4090 Sic
721 4042 933 4104 oportet
970 4033 1143 4087 facere
1172 4048 1293 4087 eum
1323 4033 1412 4102 qui
1442 4033 1679 4103 corrigit.
1704 4033 1832 4086 Nam
1871 4033 1961 4102 qui

390 4127 465 4179 ira
490 4127 739 4181 incitatus
769 4125 943 4180 solum
975 4125 1122 4191 facit,
1169 4125 1354 4194 implet
1380 4139 1531 4178 suam
1564 4125 1728 4178 animi
1752 4135 1964 4194 pertur-

387 4217 654 4272 bationem
681 4235 694 4272 :
721 4218 810 4287 qui
839 4225 1018 4271 autem
1043 4223 1322 4285 postquam
1355 4215 1592 4269 correxit
1620 4224 1958 4284 peccantem,

388 4311 663 4366 caritatem
705 4324 916 4379 quoque
938 4307 1190 4371 exhibet,
1215 4306 1449 4362 ostendit
1487 4306 1576 4360 illa
1606 4321 1818 4375 quoque
1845 4321 1966 4362 esse

390 4401 798 4468 benevolentiae,
827 4417 947 4470 qua:
969 4399 1180 4454 dicebat
1205 4399 1503 4467 increpans.
1535 4397 1622 4452 Sic
1642 4412 1739 4451 nos
1755 4413 1964 4467 quoque

389 4495 526 4548 alter
573 4494 800 4548 alterum
846 4491 1154 4546 erudiamus
1183 4500 1237 4545 et
1275 4489 1594 4559 castigemus
1640 4505 1654 4541 :
1697 4497 1753 4544 et
1794 4503 1965 4558 neque

389 4587 478 4655 qui
507 4586 723 4656 arguit,
756 4586 1052 4649 irascatur;
1087 4599 1192 4637 non
1223 4591 1306 4637 est
1351 4582 1494 4636 enim
1527 4581 1627 4635 hoc
1670 4581 1964 4636 correctio-

390 4678 507 4741 nis,
535 4676 630 4732 sed
656 4677 818 4730 animi
850 4676 1265 4746 perturbationis
1292 4690 1307 4740 ;
1357 4689 1530 4744 neque
1574 4672 1660 4743 qui
1692 4673 1960 4742 arguitur,

388 4785 530 4838 argre
558 4767 694 4822 ferat
720 4787 733 4821 :
763 4768 903 4837 quod
929 4767 984 4822 ﬁt
1009 4769 1172 4832 enim,
1197 4775 1279 4822 est
1305 4766 1562 4820 medicina
1582 4806 1595 4828 ,
1638 4781 1745 4819 non
1784 4764 1962 4818 odium

389 4869 446 4914 et
471 4861 783 4914 inimicitiae.
817 4860 872 4915 Si
900 4869 1077 4915 autem
1108 4859 1298 4913 medici
1327 4867 1506 4922 urunt,
1539 4866 1594 4912 et
1634 4873 1738 4911 non
1780 4871 1966 4926 reprc-

391 4949 740 5026 henduntur,
793 4952 1000 5006 etiamsi
1032 4965 1175 5020 saepe
1225 4950 1477 5005 aberrent
1521 4964 1550 5003 a
1599 4950 1741 5014 ﬁne;
1773 4949 1866 5003 sed
1914 4956 1968 5003 et

386 5045 478 5113 qui
527 5043 741 5106 dolent,
770 5042 896 5096 dum
929 5051 1156 5098 uruntur
1199 5050 1252 5096 et
1295 5049 1577 5104 secantur,
1613 5040 1874 5094 beneﬁcio
1907 5055 1967 5094 se

389 5132 530 5187 afﬁci
562 5135 870 5188 existimant
911 5133 978 5187 ab
1008 5132 1070 5186 iis
1101 5133 1189 5201 qui
1233 5129 1376 5184 hunc
1405 5129 1645 5184 dolorem
1689 5131 1921 5184 excitant
1950 5147 1962 5183 :

390 5223 560 5278 multo
590 5224 759 5293 magis
785 5239 940 5291 eum,
972 5224 1061 5293 qui
1091 5223 1313 5291 suscipit
1355 5221 1828 5292 reprehensionem
1847 5264 1863 5288 ,
1896 5224 1965 5277 ita

390 5315 534 5370 afﬁci
557 5324 794 5385 oportet,
821 5325 878 5370 ut
897 5330 1017 5369 cum
1044 5317 1132 5382 qui
1159 5315 1370 5384 corrigit
1401 5330 1496 5382 pro
1521 5313 1728 5369 medico
1754 5313 1966 5382 haheat,

394 5422 498 5460 non
526 5423 626 5475 pro
659 5407 898 5462 inimico.
933 5405 1101 5459 Porro
1130 5421 1226 5458 nos
1251 5421 1463 5476 quoque
1492 5407 1579 5476 qui
1611 5407 1965 5476 increpamus,

390 5497 710 5552 accedamus
749 5513 871 5550 cum
902 5495 1065 5549 multa
1107 5496 1512 5551 mansuetudine
1552 5508 1606 5551 et
1653 5513 1774 5552 cum
1805 5500 1968 5552 multa

395 5589 714 5654 prudentia;
748 5598 803 5642 et
832 5587 876 5641 si
910 5586 1106 5641 videris
1134 5586 1348 5641 fratrem
1381 5596 1525 5640 tuum
1552 5588 1963 5659 delinquentem,

391 5680 531 5731 sicut
557 5678 802 5734 Christus
824 5677 1018 5747 jussit,
1051 5678 1156 5731 noli
1203 5677 1255 5730 in
1305 5677 1569 5746 publicum
1616 5680 1853 5750 proferre
1880 5697 1967 5737 re-

399 5768 833 5840 prehensionem,
865 5769 957 5827 sed
985 5785 1102 5827 eum
1127 5770 1458 5841 reprehende
1480 5772 1615 5828 inter
1641 5783 1689 5831 te
1719 5784 1776 5832 et.
1797 5775 1966 5846 ipsum

1431 330 1498 390 IN
1539 330 1754 388 EPIST.
1797 331 1818 384 Ι
1879 329 1968 382 Μ)

2072 327 2162 382 lli.
2204 327 2435 384 HOMIL.
2479 328 2664 386 XLIV.
3568 333 3634 387 57

2093 444 2264 498 solum
2296 462 2310 500 :
2346 461 2450 499 non
2477 445 2824 514 exprobrans
2855 461 2953 501 nec
2991 435 3192 514 jacen'ti
3243 445 3532 511 insultans,
3574 450 3671 500 sed

2088 536 2290 592 docens
2339 547 2563 608 etacgre
2590 536 2768 593 ferens
2802 558 2817 595 :
2849 547 2902 594 et
2933 547 2982 594 te
3013 539 3186 609 ipsum
3231 554 3447 610 quoque
3473 539 3672 602 exhibe

2088 639 2332 698 paratum
2365 638 2421 683 ut
2449 629 2880 699 reprehendaris,
2913 631 2958 684 si
2994 631 3118 700 quid
3149 646 3360 700 pecces.
3391 630 3458 686 Ut
3486 640 3664 688 autem

2083 720 2226 788 quod
2252 721 2371 776 dico
2412 721 2506 776 ﬁat
2547 723 2782 790 apertius
2802 761 2818 788 ,
2868 738 2962 792 per
2987 722 3328 795 hypothesim
3359 723 3501 793 quod
3528 723 3665 778 dici-

2085 827 2202 867 mus
2255 828 2608 868 exerceamus
2649 831 2662 867 :
2709 814 2848 868 absit
2889 815 3033 870 enim
3083 824 3142 869 ut
3192 815 3244 870 in
3291 816 3515 871 veritate
3564 815 3668 871 hoc

2083 901 2239 958 nobis
2297 904 2603 973 exemplum
2656 904 3045 975 suppeditetur.
3106 905 3190 961 Sit
3255 905 3418 962 frater
3469 907 3663 977 aliquis

2084 995 2330 1049 habitans
2356 1011 2477 1050 cum
2510 996 2736 1066 virgine,
2768 996 3024 1052 honestus
3052 997 3266 1067 quidem
3297 1010 3350 1053 et
3401 999 3660 1069 pudicus;

2081 1085 2175 1140 sed
2203 1101 2269 1141 ne
2313 1086 2390 1140 sic
2441 1086 2654 1156 quidem
2705 1088 2898 1142 malam
2928 1087 3145 1157 effugiat
3185 1090 3657 1152 existimationem,

2081 1177 2136 1232 Si
2163 1193 2292 1248 ergo
2319 1179 2551 1234 audieris
2580 1180 2714 1233 banc
2744 1180 2794 1233 in
2830 1194 2924 1234 ore
2951 1180 3091 1250 vulgi
3112 1195 3231 1235 esse
3257 1179 3654 1247 habitationem,

2081 1287 2148 1326 ne
2192 1270 2537 1341 deSpexeris,
2585 1287 2760 1343 neque
2808 1272 3008 1328 dixeris
3038 1291 3052 1327 :
3081 1273 3270 1327 Annon
3317 1274 3429 1345 ipse
3476 1277 3661 1346 sapit?

2078 1376 2254 1418 annon
2306 1363 2454 1417 novit
2497 1363 2622 1433 quid
2650 1361 2942 1434 expediat?
2977 1365 3094 1420 sine
3135 1378 3292 1418 causa
3331 1367 3559 1433 ameris,
3593 1384 3660 1423 ne

2078 1455 2152 1510 sis
2179 1455 2304 1511 odio
2331 1457 2449 1510 sine
2477 1470 2637 1511 causa
2669 1474 2682 1509 :
2711 1456 2836 1526 quid
2865 1456 3006 1511 enim
3034 1455 3166 1510 mihi
3187 1469 3328 1511 curae
3359 1467 3441 1510 est
3467 1473 3659 1527 snper-

2076 1561 2340 1602 vacaneas
2395 1547 2668 1615 suscipere
2718 1547 3079 1602 inimicitias?
3128 1547 3253 1602 Haec
3319 1556 3444 1602 sunt
3498 1549 3658 1604 verba

2075 1637 2242 1692 delira
2273 1637 2568 1694 bestiarum
2596 1680 2612 1704 ,
2643 1640 2724 1694 vel
2774 1641 2948 1710 potius
2978 1641 3306 1696 daamonum.
3333 1641 3448 1696 Non
3480 1651 3658 1712 potest

2077 1731 2219 1786 enim
2270 1730 2408 1798 ﬁeri,
2439 1740 2497 1786 ut
2529 1741 2730 1788 temere
2754 1743 2809 1788 et
2858 1733 2977 1787 sine
3021 1749 3182 1788 causa
3232 1733 3358 1789 odio
3396 1734 3657 1792 habeatur

2074 1822 2166 1892 qui
2191 1821 2294 1878 hoc
2319 1822 2444 1878 facit
2484 1823 2556 1877 ob
2582 1823 2972 1879 correctionem
2993 1865 3008 1888 ,
3039 1825 3132 1879 sed
3167 1833 3223 1880 ut
3265 1840 3454 1896 magna
3483 1827 3654 1894 bona,

2074 1928 2300 1968 coronas
2353 1913 2646 1969 ineffabiles
2718 1925 3094 1985 consequatur.
3123 1915 3180 1971 Si
3228 1926 3406 1970 autem
3457 1917 3651 1972 dicas:

2073 2008 2210 2075 Quid
2243 2025 2391 2078 vero,
2422 2027 2527 2105 ιιορ
2555 2012 2669 2082 ipse
2695 2012 2874 2082 sapit?
2903 2013 3088 2068 audies
3141 2031 3168 2068 a
3199 2015 3353 2070 nobis
3398 2032 3518 2071 eum
3547 2033 3660 2072 non.

2073 2117 2301 2173 sapere;
2335 2113 2418 2160 est
2438 2105 2580 2160 enim
2609 2105 2802 2161 aﬁeCtu
2831 2106 3034 2161 ebrius.
3066 2108 3122 2163 Si
3153 2110 3296 2164 enim
3327 2109 3379 2164 in
3413 2113 3662 2166 externis.

2068 2194 2282 2266 jud’iciis
2313 2195 2384 2262 ii,
2418 2196 2510 2266 qui
2564 2196 2755 2266 injuria
2786 2197 3088 2252 afﬁciuntur
3108 2240 3124 2264 ,
3154 2215 3261 2254 non
3293 2211 3529 2270 .possunt
3555 2217 3659 2266 pro

2070 2303 2128 2343 se
2153 2288 2366 2354 dicere,
2393 2296 2449 2342 ut
2490 2289 2579 2359 qui
2631 2290 2704 2343 ira
2735 2279 3010 2357 ferveant,
3041 2306 3362 2362 quamquam
3414 2308 3520 2347 non
3565 2304 3654 2348 est

2069 2379 2255 2433 vitium
2318 2379 2432 2434 haec
2493 2380 2888 2436 commiseratio
2932 2398 2946 2434 :
2995 2383 3162 2438 multo
3214 2384 3382 2454 magis
3424 2385 3492 2450 ii,
3550 2387 3643 2455 qui

2069 2472 2206 2526 mala
2239 2481 2486 2528 tenentur
2502 2472 2913 2528 consuetudine.
2944 2474 3232 2544 Propterea
3259 2476 3401 2540 dico,
3430 2477 3644 2531 etiamsi

2068 2563 2263 2617 millies
2292 2563 2362 2618 sit
2390 2564 2636 2634 sapiens,
2675 2574 2909 2620 mentem
2953 2580 3056 2620 non
3109 2566 3272 2622 habet
3312 2568 3642 2638 vigilantem.

2066 2653 2203 2722 Quid
2230 2657 2371 2710 enim
2397 2666 2512 2710 erat
2539 2657 2738 2713 Davide
2753 2658 3049 2728 sapientius
3071 2661 3158 2730 qui
3187 2660 3418 2728 dicebat,
3446 2661 3648 2716 Incerta

2064 2758 2112 2800 et
2163 2751 2359 2803 occulta
2412 2751 2673 2820 sapientiae
2719 2759 2820 2805 tute
2874 2752 3208 2820 manifestam
3260 2754 3386 2807 mihi
3450 2752 3644 2825 (Psal.

2064 2840 2154 2895 50.
2184 2839 2292 2909 8)?
2343 2839 2449 2896 Sed
2499 2840 2716 2910 quando
2767 2841 2979 2912 injustis
3020 2843 3192 2898 oculis
3241 2845 3373 2899 vidit
3421 2861 3644 2901 uxorem

2065 2936 2276 2999 militis,
2313 2944 2463 3001 tunc,
2500 2937 2551 2991 id
2602 2938 2743 3007 quod
2785 2941 2893 3009 pati
2935 2940 3074 2995 dixit
3106 2955 3204 2996 eos
3247 2942 3342 3011 qui
3379 2945 3638 3013 navigant

2064 3027 2118 3080 in
2153 3027 2293 3083 mari
2340 3026 2559 3094 furenti,
2595 3030 2762 3083 omnis
2811 3031 3070 3100 sapientia
3109 3031 3223 3098 ejus
3261 3042 3340 3086 est
3388 3036 3639 3104 absorpta

2064 3117 2238 3188 (Psal.
2272 3118 2393 3175 106.
2419 3118 2540 3190 27);
2575 3129 2627 3176 et
2661 3136 2799 3191 opus
2833 3123 3065 3177 habebat
3098 3123 3221 3179 aliis
3257 3124 3350 3193 qui
3397 3126 3637 3196 corrige—

2060 3217 2202 3273 rent,
2234 3222 2333 3262 nec
2356 3209 2624 3263 sentiebat
2656 3210 2872 3279 quidem
2906 3211 2960 3265 in
2989 3211 3188 3281 quibus
3218 3220 3272 3266 et
3300 3213 3522 3282 quantis
3548 3215 3634 3267 in-

2057 3304 2145 3352 tus
2181 3304 2494 3352 versaretur
2529 3299 2707 3352 malis.
2744 3300 3105 3365 Quamobrem
3145 3316 3241 3356 sua
3273 3302 3480 3358 deﬂens
3513 3321 3637 3374 pec-

2060 3396 2184 3441 cata
2212 3387 2426 3442 dicebat
2457 3403 2470 3438 :
2502 3387 2650 3442 Sicut
2686 3406 2816 3442 onus
2855 3406 3010 3459 grave
3053 3402 3285 3461 gravatis
3323 3404 3443 3463 sunt
3481 3412 3638 3464 super

2068 3492 2166 3529 me.
2199 3475 2542 3541 Putruerunt,
2576 3489 2623 3529 et
2659 3491 2919 3546 corrupta
2955 3491 3078 3532 sunt
3121 3483 3389 3538 cicatrices
3439 3501 3564 3538 ntere
3603 3503 3638 3540 α

2066 3570 2201 3637 [acie
2235 3569 2546 3634 insipientia:
2585 3585 2711 3624 mea:
2749 3555 2924 3641 (Psai.
2954 3572 3044 3624 57.
3075 3572 3128 3626 5.
3158 3571 3234 3640 6).

2132 3670 2185 3724 4.
2217 3667 2332 3722 Non
2375 3668 2514 3736 sapit
2539 3681 2667 3738 ergo
2695 3681 2794 3720 nec
2834 3674 3066 3720 mentem
3100 3665 3261 3721 habet
3290 3665 3378 3735 qui
3412 3674 3632 3736 peccat;

2065 3769 2148 3815 est
2173 3761 2318 3815 enim
2343 3759 2541 3825 ebrius,
2575 3766 2631 3813 et
2658 3758 2775 3828 ejus
2800 3757 3032 3829 caligant
3058 3757 3218 3812 oculi.
3251 3757 3330 3814 Ne
3363 3758 3478 3812 haec
3507 3773 3640 3828 ergo

2065 3852 2232 3918 dicas,
2262 3866 2436 3921 neque
2465 3849 2595 3904 illud
2623 3848 2820 3905 addas:
2851 3848 2965 3904 Non
2996 3856 3079 3904 est
3104 3847 3236 3902 mihi
3266 3863 3440 3912 curm;
3475 3847 3648 3903 Unus-

2064 3946 2269 4014 quisque
2297 3944 2429 3997 enim
2455 3959 2603 3996 suum
2632 3958 2758 3996 onus
2789 3940 3006 4012 portabit
3037 3939 3180 4013 (Gal.
3214 3940 3267 3996 6.
3299 3941 3379 4012 5).
3430 3941 3663 3997 Etenim.

2065 4041 2146 4094 vel
2181 4039 2470 4092 maximum
2497 4036 2591 4090 tibi
2620 4037 2821 4091 crimen
2853 4036 3048 4100 oritur,
3077 4035 3218 4106 quod
3250 4051 3371 4090 cum
3417 4033 3667 4090 vidisses.

2065 4141 2355 4194 errantem,
2384 4130 2436 4182 in
2458 4129 2596 4183 viam
2626 4142 2733 4183 non
2765 4127 3061 4184 reduxeris.
3095 4127 3152 4182 Si
3180 4128 3322 4182 enim
3342 4126 3666 4196 jumentutn.

2067 4223 2264 4277 inimici
2293 4223 2344 4276 in
2374 4220 2680 4277 Judzeurum
2715 4221 2834 4289 lege
2862 4235 2965 4272 non
2996 4221 3121 4272 licet
3145 4218 3425 4286 despicere
3453 4216 3644 4285 (Deut.

2064 4315 2154 4369 22.
2191 4314 2279 4386 i);
2308 4314 2398 4383 qni
2424 4327 2532 4366 non
2573 4313 2893 4381 jumentum,
2926 4325 3100 4381 neque
3143 4308 3346 4363 inimici
3389 4308 3644 4373 animam,

2069 4407 2162 4461 sed
2204 4405 2363 4458 amici
2415 4404 2664 4472 despicit,
2707 4417 2992 4472 quamnam
3038 4409 3359 4469 assequetur,
3405 4400 3674 4454 veniam?-

2068 4498 2252 4567 Neque
2279 4495 2422 4550 enim
2451 4494 2516 4548 ad
2550 4502 2786 4548 nostram
2814 4490 3010 4546 sufﬁcit
3041 4490 3464 4554 excusationem,
3503 4487 3649 4559 quod

2069 4589 2156 4643 ille
2179 4593 2411 4642 mentem
2441 4585 2655 4640 habeat.
2688 4583 2820 4637 Nam
2849 4597 2948 4637 nos
2975 4596 3187 4651 quoque
3217 4581 3304 4650 qui
3335 4594 3479 4650 saepe
3508 4579 3647 4633 mul-

2072 4689 2156 4733 tas
2180 4677 2428 4733 dedimus
2456 4675 2868 4739 admonitiones,
2897 4672 3053 4726 nobis
3078 4686 3184 4731 non
3206 4672 3520 4736 sufﬁcimus,
3550 4685 3650 4724 nec

2070 4788 2255 4827 sumus
2282 4771 2458 4826 utiles.
2489 4769 2563 4824 De
2592 4769 2682 4823 illo
2713 4781 2842 4837 ergo
2872 4775 3125 4836 peccante
3154 4765 3254 4819 hoc
3283 4779 3492 4836 quoque
3516 4777 3650 4819 con-

2069 4865 2266 4928 sidera,
2295 4861 2436 4932 quod
2463 4871 2880 4916 consentaneum
2902 4859 2970 4912 sit
2995 4873 3116 4914 eum
3145 4873 3177 4912 a
3210 4867 3261 4912 te
3289 4857 3461 4928 magis
3489 4873 3656 4926 quam

2069 4972 2100 5010 a
2128 4957 2303 5025 seipso
2331 4955 2591 5023 optimum
2633 4952 2880 5020 accipere
2921 4949 3239 5015 consilium;
3272 4963 3447 5018 neque
3477 4947 3646 5011 dicas,

2073 5045 2210 5113 Quid
2261 5045 2378 5099 hare
2421 5052 2546 5096 sunt
2574 5042 2703 5096 mihi
2743 5041 2923 5096 curre?
2970 5041 3122 5095 Time
3169 5054 3290 5092 eum
3335 5039 3423 5108 qui
3452 5038 3655 5107 primus

2075 5136 2213 5190 dixit
2239 5134 2342 5188 hoc
2381 5133 2642 5188 verbum:
2686 5149 2808 5186 nam
2851 5131 3002 5196 illud,
3047 5130 3307 5200 Numquid
3345 5145 3455 5182 sum
3488 5140 3660 5184 custos

2072 5229 2246 5298 fratris
2276 5227 2371 5281 mei
2398 5226 2548 5300 (Gen.
2582 5227 2635 5282 4.
2670 5226 2754 5297 9)?
2780 5225 2968 5280 eodem
2999 5239 3106 5292 quo
3135 5223 3234 5278 hoc
3263 5221 3481 5278 recidit:
3527 5223 3651 5276 hinc

2075 5321 2211 5376 mala
2239 5327 2532 5375 nascuntur
2553 5319 2752 5382 omnia,
2785 5317 2926 5388 quod
2953 5332 3069 5387 qua:
3099 5325 3223 5371 sunt
3251 5318 3416 5372 nostri
3454 5332 3649 5386 corpo—

2075 5413 2150 5467 ris
2187 5413 2359 5467 aliena
2399 5425 2519 5466 esse
2547 5411 2808 5469 ducimus.
2855 5409 2991 5478 Quid
3018 5409 3184 5464 dicis?
3216 5411 3377 5464 frater
3417 5425 3522 5463 non
3569 5417 3656 5462 est

2077 5506 2169 5560 tibi
2197 5504 2370 5559 cura}?
2400 5504 2504 5559 Sed
2530 5504 2614 5558 cui
2640 5505 2741 5558 erit
2769 5504 2946 5558 curae?
2978 5503 3249 5558 inﬁdeline
3275 5503 3364 5569 qui
3393 5501 3509 5568 ejus
3535 5515 3651 5552 ma-

2079 5596 2144 5649 lis
2171 5597 2396 5658 lielatur,
2439 5595 2831 5664 exprobratqne
2857 5603 2911 5648 et
2954 5592 3209 5648 insultat?
3230 5606 3295 5644 an
3315 5588 3527 5642 diabolo
3555 5587 3645 5654 qui

2079 5685 2300 5754 impedit
2337 5693 2392 5740 et
2417 5686 2750 5756 supplantat?
2797 5687 2862 5740 Et
2895 5686 3158 5738 undenam
3190 5680 3324 5733 hoc?
3366 5674 3516 5744 Quod
3547 5691 3656 5731 non.

2079 5776 2347 5850 proﬁciam
2371 5778 2554 5837 dicens
2581 5789 2632 5836 et
2657 5778 2942 5836 consulens
2967 5791 3084 5844 qua:
3115 5777 3342 5842 oportet.
3376 5766 3667 5824 Undenam.
