4018 6156
423 312 527 368 379

418 435 598 482 autem
629 434 709 482 est
750 424 1107 495 perspicuum,
1139 419 1279 491 quod
1311 434 1416 473 non
1459 413 1742 486 proﬁcies?
1768 413 1871 466 hoc
1916 420 2002 465 est

422 521 567 577 enim
611 529 866 574 extremm
912 514 1179 579 amentiae,
1233 527 1355 568 cum
1400 512 1455 566 in
1496 510 1702 565 incerto
1745 509 1815 562 sit
1858 507 2000 573 ﬁnis,

426 620 630 667 certum
659 610 840 664 subire
865 606 1067 662 crimen
1096 604 1449 675 negligentiae.
1475 602 1633 672 Atqui
1665 600 1803 655 Deus
1830 598 2003 652 futura

420 702 729 771 prmscicns,
762 713 905 769 stepe
934 697 1075 753 dixit
1106 704 1159 751 et
1192 696 1324 750 nihil
1356 693 1600 763 profecit,
1631 701 1685 747 et
1725 705 1897 760 neque
1928 689 2005 744 sic

417 794 651 848 destitit:
682 790 841 861 idque
884 804 1005 845 cum
1056 790 1219 845 sciret
1248 803 1308 843 se
1352 802 1457 843 non
1490 799 1892 855 persuasurum.
1946 781 2001 837 Si

417 893 596 940 autem
639 883 727 954 qui
769 882 1038 953 przescivit
1082 896 1141 936 se
1180 880 1314 935 nihil
1356 881 1475 950 plus
1512 878 1850 941 effecturum,
1895 890 2000 929 non

414 977 627 1033 desistit
662 975 964 1047 corrigere?
1009 989 1292 1046 quamnam
1334 972 1557 1029 habebis
1600 969 2001 1025 excusationem

415 1070 505 1141 qui
538 1070 771 1123 futurum
798 1068 1018 1123 omnino
1047 1068 1282 1137 ignoras,
1314 1064 1680 1135 pigrescisque
1707 1070 1762 1116 et
1789 1070 2002 1129 torpes—

416 1163 526 1218 cis?
556 1162 763 1217 Etenim
794 1161 944 1215 multi
971 1174 1113 1230 saepe
1141 1158 1377 1229 aggressi
1404 1156 1767 1227 profecerunt,
1796 1162 1849 1208 et
1877 1168 2003 1207 cum

416 1255 647 1308 maxime
674 1252 1069 1321 desperassent,
1112 1259 1241 1304 tunc
1274 1247 1507 1303 maxime
1551 1254 1677 1302 sunt
1704 1242 1995 1314 assequuti.

414 1344 569 1415 Quod
606 1344 651 1399 si
683 1344 843 1399 etiam
888 1341 1020 1397 nihil
1065 1339 1295 1411 amplius
1344 1337 1611 1402 effeceris,
1656 1336 1827 1392 fecisti
1855 1333 1997 1405 quod

417 1447 567 1490 tuum
596 1445 698 1491 est.
745 1433 823 1490 Ne
851 1432 925 1489 sis
952 1448 1081 1503 ergo
1119 1432 1463 1496 inhumanus,
1508 1445 1683 1500 neque
1712 1428 1998 1484 immiseri-

414 1542 559 1593 cors,
608 1541 781 1597 neque
828 1526 1125 1596 negligens.
1173 1524 1305 1580 Nam
1351 1523 1494 1595 quod
1539 1522 1655 1581 lucc
1683 1522 1844 1576 verba
1891 1520 2000 1575 sint

412 1618 746 1674 crudelitatis
773 1627 826 1674 et
856 1616 1138 1683 socordiae,
1179 1616 1324 1671 illinc
1352 1624 1434 1671 est
1473 1614 1840 1685 perspicuum.
1890 1611 2001 1666 Cur

413 1712 556 1764 enim
585 1724 705 1764 cum
731 1723 895 1764 unum
922 1724 989 1764 ex
1016 1708 1121 1763 tuis
1147 1706 1402 1762 membris
1434 1705 1662 1771 laborat,
1696 1718 1801 1759 non
1829 1702 1994 1757 dicis:

411 1802 548 1872 Quid
578 1802 707 1856 mihi
737 1816 900 1867 curae,
930 1809 986 1857 et
1012 1800 1154 1856 unde
1176 1800 1304 1854 mihi
1328 1798 1613 1862 constabit,
1639 1796 1780 1867 quod
1809 1796 1853 1849 si
1882 1794 1998 1865 ejus

411 1912 593 1951 curam
614 1910 816 1967 geram,
840 1894 1212 1950 convalescet?
1233 1890 1327 1947 sed
1349 1891 1530 1946 omnia
1554 1889 1704 1955 facis,
1730 1899 1788 1942 ut
1803 1888 1995 1943 etiam-

410 1987 455 2043 si
501 1986 633 2042 nihil
682 1986 901 2057 juveris,
937 1994 988 2041 te
1030 2000 1137 2039 non
1167 1984 1339 2054 possis
1385 1981 1809 2053 reprehendere,
1854 1979 1994 2049 quod

411 2077 613 2149 aliquid
655 2079 725 2131 sit
772 2076 1198 2147 praetermissum
1244 2089 1429 2128 eorum
1461 2088 1580 2143 qua:
1610 2072 1808 2127 debent
1856 2070 1993 2125 fieri.

410 2174 493 2227 An
517 2186 647 2227 vero
671 2184 792 2225 cum
838 2168 1204 2224 membrorum
1248 2167 1462 2234 quidem
1496 2165 1742 2234 corporis
1791 2173 1994 2218 tantam

410 2278 593 2319 curam
615 2275 887 2333 geramus,
912 2258 1156 2314 membra
1185 2257 1386 2312 Christi
1412 2255 1777 2327 negligemus?
1798 2265 1853 2310 et
1875 2255 1995 2311 ubi-

410 2370 534 2410 nam
562 2354 676 2407 hzec
706 2362 982 2406 merentur
1011 2348 1258 2403 veniam?
1305 2347 1437 2402 Nam
1469 2349 1514 2404 si
1546 2356 1597 2403 te
1643 2362 1749 2401 non
1781 2346 1994 2401 inﬂecte

407 2446 615 2506 dicens.
646 2442 870 2497 Membri
893 2442 964 2494 tui
995 2454 1179 2495 curam
1209 2454 1357 2510 gere,
1386 2447 1445 2493 ut
1474 2440 1557 2494 vel
1582 2447 1725 2493 metu
1754 2438 1851 2494 fias
1874 2453 1993 2494 me-

407 2537 533 2601 lior,
548 2534 639 2589 tibi
664 2536 715 2588 in
735 2532 1047 2588 memoriam
1068 2546 1262 2587 revoco
1275 2545 1472 2601 corpus
1485 2530 1701 2586 Christi.
1715 2530 1995 2599 Quomodo

407 2628 550 2684 enim
574 2640 678 2681 non
705 2635 789 2680 est
809 2623 1135 2699 horrendum
1172 2631 1568 2694 putrescentem
1592 2637 1807 2677 carnem
1849 2632 1991 2676 tuam

407 2720 650 2791 aspicere
674 2727 725 2775 et
750 2716 1064 2789 despicere?
1095 2716 1163 2771 Et
1186 2717 1231 2771 si
1254 2715 1482 2770 haberes
1501 2714 1714 2785 quidem
1738 2714 1991 2769 famulum

405 2824 499 2868 aut
517 2813 723 2867 asinum
744 2810 1070 2865 laborantem
1086 2808 1498 2879 putredine,non
1516 2807 1810 2863 sustineres
1826 2807 1994 2876 despi-

405 2921 554 2973 cere;
568 2906 763 2961 Christi
780 2914 958 2959 autem
976 2916 1171 2972 corpus
1186 2901 1373 2956 videns
1389 2901 1650 2971 repletum
1668 2900 1847 2955 scabie
1865 2914 1995 2969 pra:-

407 2997 695 3053 tercurris?
712 3006 764 3051 et
780 3010 886 3050 non
910 2994 1186 3050 existimas
1207 2992 1319 3047 hrec
1336 3006 1456 3048 esse
1475 2991 1630 3061 digna
1649 2991 1795 3045 mille
1815 2990 1995 3045 fulmi-

407 3089 597 3146 nibus?
615 3089 905 3159 Propterea
922 3086 1101 3141 omnia
1122 3099 1320 3155 susque
1335 3083 1509 3154 deque
1527 3085 1835 3149 miscentur,
1866 3098 1960 3153 pro
1976 3116 1987 3130 ς

406 3192 525 3255 pter
543 3182 680 3237 hanc
697 3179 1159 3243 inhumanitatem,
1175 3188 1394 3249 propter
1406 3177 1543 3231 hanc
1555 3177 1953 3247 negligentiam.

477 3272 690 3328 Fratres
730 3270 983 3341 quomodo
1024 3268 1418 3340 carrigendi.-—-
1445 3266 1651 3323 Idcirco
1692 3281 1823 3338 rogo
1855 3267 1993 3322 hanc

404 3364 739 3437 expellamus
759 3361 1130 3419 crudelitatem
1158 3377 1173 3416 :
1192 3359 1390 3416 accede
1410 3360 1476 3415 ad
1499 3360 1648 3415 illum
1670 3360 1758 3429 qui
1784 3359 1992 3414 habitat

403 3474 526 3514 cum
549 3457 776 3528 virgine,
796 3465 849 3511 et
873 3469 1093 3526 parvum
1115 3452 1203 3509 dic
1224 3451 1406 3508 fratris
1427 3452 1756 3519 encomium,
1785 3467 1848 3508 ex
1871 3451 1992 3507 aliis

409 3568 527 3624 quae
573 3550 736 3607 habet
774 3547 1072 3606 commodis
1098 3556 1152 3602 et
1195 3544 1408 3602 dotibus
1437 3544 1491 3601 id
1538 3559 1905 3615 componens;
1936 3552 1993 3600 et

405 3654 675 3713 tamquam
717 3656 854 3711 aqua
884 3640 1054 3696 calida
1099 3638 1286 3694 fovens
1331 3637 1597 3705 laudibus,
1633 3639 1707 3693 ita
1750 3638 1992 3709 deprime

406 3746 673 3789 tumorem
702 3732 820 3801 ejus
848 3731 1124 3787 vulneris:
1152 3740 1204 3786 te
1244 3744 1460 3800 quoque
1491 3731 1663 3799 ipsum
1707 3730 1991 3800 pronuntia

403 3832 680 3891 miserum,
707 3842 897 3883 accusa
922 3842 1205 3883 commune
1228 3842 1397 3897 genus
1427 3827 1739 3894 humanum,
1769 3828 1992 3885 ostende

406 3934 504 3975 nos
533 3931 724 3973 omnes
764 3931 885 3973 esse
913 3918 965 3971 in
997 3917 1252 3987 peccatis,
1295 3926 1418 3986 pete
1462 3919 1695 3982 veniam,
1723 3919 1911 3975 dicens
1938 3927 1991 3975 te

406 4011 609 4081 majora
649 4008 865 4079 aggredi
895 4023 1056 4078 quam
1085 4023 1204 4078 qua:
1238 4008 1383 4064 vires
1426 4016 1532 4064 tuae
1572 4012 1713 4065 ferre
1758 4014 1988 4080 possint,

404 4101 501 4158 sed
549 4104 828 4157 caritatem
880 4099 1210 4171 persuadere
1265 4101 1445 4156 omnia
1503 4101 1724 4158 audere.
1783 4103 1989 4160 Deinde

401 4196 689 4252 consulens
716 4194 819 4251 hoc
862 4193 966 4261 fac,
1000 4208 1106 4249 non
1152 4202 1425 4263 tamquam
1470 4193 1759 4263 imperans,
1806 4195 1899 4251 sed
1932 4207 1991 4252 ut

402 4289 687 4345 frater:et
731 4303 856 4344 cum
888 4287 972 4343 his
1012 4286 1269 4342 omnibus
1317 4297 1579 4343 tumorem
1624 4287 1986 4360 depresseris,

403 4392 459 4439 et
499 4384 718 4440 lenieris
756 4382 997 4438 dolorem
1037 4381 1128 4453 qui
1168 4381 1363 4436 accidit
1401 4395 1468 4437 ex
1514 4383 1754 4438 sectione
1798 4382 1988 4439 futurae

402 4476 862 4547 reprehensionis,
891 4483 947 4531 et
973 4488 1117 4543 saepe
1145 4489 1275 4530 usus
1303 4472 1470 4529 fueris
1499 4475 1864 4541 excusatione,
1894 4490 1986 4531 ro-

403 4568 720 4638 gavcrisque
743 4581 813 4621 ne
837 4566 1125 4631 irascatur;
1156 4580 1276 4620 cum
1302 4580 1424 4620 eum
1448 4563 1531 4620 his
1558 4566 1825 4635 ligaveris,
1860 4577 1988 4622 tunc

400 4658 609 4728 plagam
642 4655 843 4727 inflige,
877 4671 977 4710 nec
1004 4656 1197 4711 vulnus
1243 4655 1494 4726 alligans,
1529 4670 1631 4712 nec
1659 4656 1984 4726 dissolvens,

405 4756 466 4802 ut
507 4761 681 4815 neque
710 4745 856 4800 illinc
897 4746 1123 4812 resiliat,
1156 4761 1332 4817 neque
1374 4745 1499 4801 hinc
1529 4745 1809 4816 despiciat.
1854 4748 1986 4804 Nam

404 4840 454 4893 si
480 4838 770 4893 violentum
800 4852 906 4891 non
939 4836 1152 4892 dederis
1189 4838 1402 4905 vulnus,
1446 4836 1579 4893 nihil
1609 4840 1840 4909 amplius
1870 4840 1990 4895 efli-

402 4931 553 4988 cies:
582 4930 663 4987 sin
708 4940 884 4986 autem
922 4928 1270 4984 vehementer
1309 4931 1657 5000 percusseris,
1699 4930 1903 4988 effiCies
1929 4941 1989 4988 ut

403 5023 628 5080 resiliat.
660 5026 949 5096 Propterea
981 5032 1035 5080 et
1054 5034 1176 5095 post
1198 5024 1314 5079 haec
1333 5026 1511 5081 omnia
1534 5027 1983 5097 reprehensuros,

402 5116 571 5172 misce
608 5133 795 5173 rursus
835 5118 1138 5173 encoxninm
1186 5131 1308 5171 cum
1356 5117 1903 5188 reprehensionibus:
1932 5127 1987 5175 et

400 5208 653 5278 quoniam
693 5208 766 5271 id,
796 5209 938 5279 quod
978 5208 1037 5263 fit
1070 5208 1138 5263 ab
1167 5223 1255 5274 eo,
1297 5223 1395 5278 per
1423 5223 1481 5264 se
1524 5225 1629 5264 non
1661 5219 1834 5280 potest
1862 5225 1986 5267 esse

403 5298 707 5355 encomium
734 5300 869 5370 (non
908 5311 989 5355 est
1030 5301 1172 5355 enim
1214 5300 1369 5356 laude
1398 5300 1613 5372 dignum
1644 5302 1802 5357 simul
1834 5301 1987 5357 habi-

406 5401 520 5448 tare
548 5407 669 5449 cum
695 5393 871 5463 puella
898 5394 1161 5462 virgine),
1190 5394 1294 5449 hoc
1339 5395 1419 5449 fac
1444 5411 1510 5450 ex
1539 5406 1720 5451 mente
1746 5406 1800 5452 et
1832 5398 1986 5452 insti-

403 5493 521 5539 tuto
551 5484 665 5555 ejus
693 5485 783 5555 qni
810 5483 969 5539 simul
997 5483 1219 5538 habitat.
1265 5484 1381 5539 Etsi
1411 5486 1552 5539 enim
1584 5488 1716 5549 scio,
1750 5486 1981 5556 inquies,

405 5574 547 5646 quod
574 5585 628 5631 tu
655 5583 875 5647 propter
924 5573 1092 5630 Deum
1125 5572 1276 5639 facis,
1306 5583 1361 5629 et
1390 5574 1535 5629 illius
1563 5576 1775 5631 misera:
1798 5577 1983 5632 videas

406 5668 786 5735 calamitatem,
814 5675 869 5724 et
887 5667 1029 5740 quod
1060 5666 1347 5723 defensore
1373 5675 1553 5723 careat
1583 5678 1637 5722 et
1660 5678 1906 5738 patrono,
1932 5670 1981 5726 ei

406 5776 622 5820 manum
652 5764 961 5837 praebuisti;
990 5767 1196 5825 etiamsi
1226 5781 1331 5823 non
1364 5764 1464 5821 hoc
1495 5761 1675 5818 animo
1702 5762 1881 5837 faciat,
1921 5772 1975 5820 tu

1223 310 1278 362 S.
1331 298 1606 362 JOAN‘NIS
1643 294 2115 355 CHRYSOSTOMI
2155 294 2469 351 ARCHIEP.
2510 294 3041 354 CONSTANTINOP.

3587 296 3689 354 380

2108 406 2195 465 dic
2220 408 2290 462 ita
2317 426 2329 461 :
2353 418 2404 463 et
2431 417 2613 479 postea
2643 408 2757 464 htec
2787 426 3001 481 quoque
3017 409 3176 479 adde,
3202 426 3390 467 rursus
3413 421 3571 467 utens
3596 430 3691 468 ex-

2109 499 2407 565 cusatione,
2457 508 2512 555 et
2535 500 2720 555 dicens
2745 520 2757 555 :
2783 501 2907 557 Haec
2932 502 3070 568 dico,
3123 517 3231 558 non
3265 503 3482 574 jubens,
3510 505 3606 561 sed
3636 508 3689 562 in

2108 592 2419 646 memoriam
2471 602 3006 663 revocans:propter
3051 595 3217 650 Deum
3266 605 3320 649 tu
3367 594 3533 660 facis,
3580 613 3682 669 ego

2108 698 2323 754 quoque
2363 684 2415 739 id
2444 686 2588 753 scio;
2622 686 2717 741 sed
2765 687 3041 744 videamus
3085 704 3210 743 nutu
3242 704 3308 744 ex
3348 688 3451 745 hoc
3479 691 3688 761 aliquod

2107 778 2248 833 aliud
2282 789 2536 835 nascatur
2581 781 2782 835 malum
2809 797 2822 835 :
2846 791 2900 838 et
2924 782 2969 836 si
3014 782 3217 837 nullum
3245 784 3459 854 quidem
3485 788 3576 851 sit,
3606 788 3687 842 in-

2108 880 2192 928 tus
2219 874 2458 939 contine,
2506 874 2891 945 pulchrumque
2917 875 3021 931 hoc
3049 884 3105 931 et
3144 877 3426 933 honestum
3453 880 3689 937 studium

2107 976 2462 1035 persequere;
2514 966 2691 1020 nullus
2737 975 2821 1022 est
2861 968 2950 1036 qui
2996 970 3285 1023 vetetzsin
3333 980 3515 1025 autem
3566 972 3687 1029 hinc

2106 1056 2344 1111 nascitur
2389 1057 2606 1127 aliquod
2654 1057 2908 1113 damnum
2954 1058 3125 1128 majus
3181 1060 3352 1128 lucro,
3403 1077 3684 1120 caveamus

2103 1162 2202 1204 oro
2232 1165 2319 1216 ne,
2351 1151 2478 1205 dum
2504 1167 2665 1207 unam
2693 1153 2969 1209 studemus
2999 1169 3247 1211 recreare
3270 1159 3527 1225 animam,
3562 1160 3681 1215 mil.

2104 1240 2157 1297 le
2183 1242 2535 1299 offendamus.
2580 1245 2687 1301 Nec
2716 1249 2898 1303 statim
2925 1247 3091 1303 addas
3119 1251 3383 1319 supplicia
3415 1255 3684 1323 proposita

2104 1332 2170 1388 iis
2189 1335 2277 1404 qui
2303 1335 2580 1391 offendunt
2600 1346 2654 1392 et
2678 1338 2987 1393 scandalum
3016 1339 3265 1408 afferunt,
3289 1342 3385 1397 sed
3412 1343 3529 1414 ejus
3551 1362 3681 1415 quo-

2102 1440 2209 1496 que
2246 1426 2472 1483 adsume
2519 1430 2907 1496 testimonium,
2958 1432 3145 1487 dicens
3169 1450 3181 1486 :
3205 1433 3321 1489 Non
3347 1449 3486 1505 Opus
3515 1448 3599 1493 est
3626 1450 3682 1494 ιιι

2102 1514 2217 1572 haec
2244 1532 2272 1571 a
2303 1533 2388 1574 me
2414 1518 2620 1585 discas;
2657 1529 2709 1575 tu
2737 1522 2851 1591 ipse
2874 1522 3003 1590 scis,
3030 1524 3074 1578 si
3102 1526 3223 1594 quis
3248 1526 3487 1583 oll‘endat
3510 1546 3672 1585 unum

2102 1623 2168 1662 ex
2195 1608 2278 1663 his
2304 1609 2529 1679 pusillis,
2560 1612 2740 1681 quanti
2772 1613 3018 1683 supplicii
3048 1614 3380 1672 intententur
3405 1620 3567 1675 mina:
3591 1639 3605 1676 :
3632 1633 3685 1676 et

2101 1712 2222 1754 cum
2248 1699 2325 1753 sic
2352 1701 2567 1757 lenieris
2612 1702 2931 1768 orationem,
2959 1713 3015 1759 et
3041 1706 3174 1761 iram
3204 1707 3485 1778 mitigaris,
3517 1710 3682 1782 impo-

2101 1806 2170 1847 ne
2224 1793 2671 1850 medicamentum
2726 1798 3101 1854 correctionis.
3158 1799 3213 1856 Si
3264 1810 3443 1858 autem
3495 1820 3683 1861 rursus

2100 1894 2349 1940 causetur
2391 1886 2508 1956 ejus
2537 1887 2906 1957 solitudinem,
2938 1906 3007 1946 ne
3037 1890 3113 1948 sic
3142 1893 3359 1963 quidem
3404 1895 3679 1953 obtentum

2100 1977 2534 2046 reprehenderis,
2582 1982 2676 2038 sed
2717 1982 2803 2038 dic
2831 1983 3086 2040 ei:Nihil
3131 1986 3322 2041 horum
3370 1996 3674 2045 teterreat:

2101 2069 2448 2126 sufficientem
2497 2072 2717 2129 habebis
2762 2075 3160 2132 excusationem
3205 2077 3431 2134 aliorum
3459 2081 3678 2137 scanda-

2100 2163 2207 2218 lum
2233 2180 2246 2217 :
2272 2180 2377 2219 non
2408 2166 2549 2221 enim
2591 2175 2808 2239 propter
2852 2170 3174 2237 socordiam,
3219 2172 3317 2229 sed
3346 2173 3557 2231 illorum
3582 2192 3679 2233 cu-

2100 2269 2212 2309 ram
2240 2270 2454 2325 gerens,
2484 2256 2735 2314 destitisti
2761 2260 2829 2315 ab
2856 2261 2958 2317 hoc
2981 2262 3179 2319 studio.

2168 2345 2222 2401 5.
2263 2345 2331 2400 Et
2364 2346 2527 2403 breve
2547 2348 2761 2419 quidem
2789 2350 2857 2405 sit
2884 2354 3203 2421 consilium;
3245 2370 3350 2411 non
3377 2358 3522 2414 enim
3560 2367 3679 2431 eget

2098 2450 2286 2506 magna
2309 2438 2585 2504 doctrina;
2614 2440 2771 2496 venia
2802 2450 2982 2497 autem
3014 2444 3087 2498 sit
3115 2445 3282 2501 multa
3309 2457 3363 2503 et
3390 2448 3676 2520 frequens:

2097 2540 2152 2583 et
2170 2529 2511 2586 continenter
2528 2532 2755 2603 confuge
2779 2534 2846 2588 ad
2869 2535 3173 2602 caritatem,
3194 2552 3379 2593 eorum
3399 2556 3521 2611 qum
3540 2542 3679 2599 dicta

2096 2628 2222 2675 sunt
2250 2631 2542 2693 contegens
2583 2625 2898 2693 gravitatem
2927 2635 2983 2681 et
3012 2628 3333 2693 molestiam.
3363 2631 3605 2703 dansque
3629 2636 3678 2691 ei

2096 2721 2413 2783 potestatem
2444 2723 2501 2770 et
2537 2716 2725 2772 dicens
2758 2736 2772 2772 :
2818 2717 2933 2789 Ego
2977 2720 3192 2789 quidem
3238 2724 3355 2778 lucc
3390 2726 3593 2782 suadeo
3626 2736 3681 2783 et

2095 2804 2339 2872 consulo,
2363 2804 2416 2859 in
2441 2815 2527 2860 tua
2553 2815 2728 2860 autem
2760 2817 3022 2877 potestate
3047 2818 3132 2866 est
3175 2820 3235 2866 ut
3264 2815 3679 2882 persuadearis:

2097 2911 2269 2965 neque
2298 2896 2440 2951 enim
2465 2911 2600 2967 cogo
2625 2912 2723 2953 nec
2746 2900 2853 2953 vim
2879 2899 3068 2969 affero,
3096 2902 3190 2957 sed
3235 2912 3403 2960 totum
3428 2910 3680 2977 permitto

2096 2989 2267 3046 libero
2293 2999 2386 3046 tuo
2411 2991 2655 3047 arbitrio.
2682 2991 2737 3048 Si
2768 2994 3242 3063 reprehensionem
3264 2999 3335 3053 ita
3364 3009 3675 3070 tractemus,

2093 3080 2247 3139 facile
2275 3085 2566 3154 poterimus
2596 3095 2877 3155 peccantes
2899 3088 3169 3159 corrigere
3194 3108 3208 3145 :
3239 3106 3356 3145 nam
3384 3108 3503 3161 qua:
3529 3109 3674 3150 nunc

2095 3176 2317 3232 facimus
2344 3186 2471 3232 sunt
2498 3180 2667 3249 magis
2696 3180 2985 3236 bestiarum
3016 3191 3073 3238 et
3100 3184 3318 3239 rationis
3343 3185 3666 3255 expertium,

2094 3281 2252 3337 quam
2273 3266 2570 3323 hominum.
2591 3270 2724 3325 Nam
2753 3272 2797 3325 si
2820 3287 2961 3328 nunc
2975 3273 3190 3344 quidem
3218 3276 3481 3331 senserint
3504 3277 3668 3348 aliqui

2095 3360 2398 3431 quempiam
2432 3361 2548 3417 haec
2591 3372 2922 3433 peccantem,
2956 3365 3102 3420 illum
3131 3366 3346 3438 quidem
3386 3382 3494 3423 non
3537 3369 3675 3424 allo.

2094 3461 2349 3522 quuntur,
2382 3454 2480 3524 ipsi
2510 3464 2687 3510 autem
2713 3467 2984 3528 tamquam
3012 3459 3174 3514 ebriae
3204 3462 3431 3516 aniculm
3454 3462 3594 3519 inter
3622 3478 3682 3520 se

2095 3555 2403 3601 susurrant:
2428 3556 2483 3602 et
2507 3548 2656 3615 illud,
2681 3548 2811 3604 Sine
2836 3564 2997 3605 causa
3024 3552 3241 3618 ameris,
3272 3563 3348 3619 et,
3371 3553 3451 3610 Ne
3480 3566 3681 3611 temere

2095 3646 2149 3691 et
2176 3638 2291 3692 sine
2317 3653 2477 3693 causa
2506 3639 2632 3695 odio
2659 3640 2929 3707 habearis,
2959 3657 3217 3713 nusquam
3262 3645 3403 3715 apud
3437 3646 3555 3703 illos
3596 3648 3678 3704 vi-

2095 3732 2252 3786 detur
2280 3732 2453 3787 locum
2484 3733 2719 3798 habere;
2750 3734 2844 3789 sed
2872 3736 3084 3805 quando
3104 3738 3324 3807 cupiunt
3343 3740 3554 3809 quidem
3580 3755 3673 3795 ac-

2094 3838 2301 3888 cusare,
2326 3824 2627 3895 despiciunt
2654 3826 2807 3891 illud,
2838 3827 2952 3882 Non
2983 3828 3099 3883 sine
3124 3845 3284 3885 causa
3314 3832 3435 3885 odio
3463 3831 3668 3897 haberi,

2095 3915 2204 3970 imo
2233 3930 2360 3970 vero
2387 3916 2546 3971 etiam
2576 3918 2752 3986 puniri
2782 3918 2992 3988 (neque
3018 3921 3162 3974 enim
3195 3920 3316 3979 huic
3360 3922 3534 3976 solum
3572 3939 3671 3977 na.

2093 4009 2263 4063 scitur
2298 4008 2502 4074 odium,
2526 4010 2619 4065 sed
2648 4011 2808 4066 etiam
2840 4013 3227 4086 supplicium);
3257 4015 3466 4085 quando
3496 4027 3675 4074 autem

2095 4115 2231 4171 Opus
2250 4100 2772 4171 fueritcorrectione,
2790 4106 2963 4161 ethoc
2986 4108 3157 4177 ipsum
3171 4117 3226 4163 et
3244 4109 3385 4164 mille
3404 4110 3538 4167 alias
3558 4111 3676 4167 all‘e-

2094 4204 2218 4249 ruut
2230 4198 2600 4253 excusationes
2613 4206 2664 4254 et
2678 4198 3113 4255 obtentus.Tunc
3125 4202 3291 4267 enim,
3308 4211 3435 4258 tunc
3450 4204 3581 4260 illud
3595 4219 3677 4260 co.

2092 4288 2262 4359 gitare
2290 4278 2582 4359 oporterel,
2613 4291 2829 4361 quando
2856 4306 3095 4359 accusas,
3110 4293 3325 4363 quando
3352 4296 3673 4364 criminaris,

2094 4393 2307 4450 nempe,
2337 4379 2414 4435 Ne
2446 4391 2646 4436 temere
2674 4391 2728 4436 et
2753 4382 2870 4437 sine
2897 4396 3061 4437 causa
3102 4383 3227 4438 odio
3266 4383 3545 4452 habearis,
3586 4395 3671 4453 et,

2095 4470 2237 4526 Nihil
2260 4471 2503 4543 proficio,
2524 4482 2596 4538 et,
2616 4472 2733 4527 Non
2750 4483 2834 4529 est
2860 4473 2986 4529 mihi
3008 4489 3173 4530 curm.
3196 4474 3347 4531 Nunc
3367 4486 3547 4532 autem
3567 4488 3673 4532 tum

2091 4564 2308 4635 quidem
2320 4580 2379 4620 es
2393 4564 2742 4620 vehementer
2758 4565 2899 4619 inani
2910 4575 3093 4637 terque
3109 4581 3171 4621 ac
3183 4580 3582 4637 supervacauee
3592 4583 3675 4623 cu-

2091 4657 2361 4715 riosus.et
2375 4655 2553 4710 odium
2572 4654 2823 4726 despicis,
2842 4666 2897 4712 et
2916 4656 3053 4711 mala
3072 4657 3675 4730 innumerabilia:quan-

2092 4746 2162 4802 do
2188 4756 2363 4802 autem
2381 4748 2566 4802 salutis
2583 4748 2759 4803 fratris
2779 4759 2829 4804 te
2844 4765 3024 4804 curam
3041 4766 3229 4820 gerere
3241 4762 3535 4821 oporteret,
3551 4764 3673 4808 tunc

2091 4839 2172 4894 vis
2191 4853 2313 4894 esse
2341 4854 2445 4894 non
2461 4840 2702 4894 curiosus
2718 4849 2772 4895 et
2801 4855 2904 4894 non
2934 4842 3112 4911 gravis
3136 4856 3199 4896 ac
3217 4842 3494 4898 molestus.
3514 4843 3673 4913 Atqui

2091 4945 2158 4987 ex
2184 4931 2547 4986 maledicentia
2578 4931 2795 5001 quidem
2818 4934 3051 4987 nascitur
3073 4933 3255 4988 odium
3272 4943 3325 4988 et
3346 4933 3481 5006 apud
3504 4933 3672 4989 homi-

2092 5037 2188 5077 nes
2218 5032 2272 5078 et
2298 5023 2435 5092 apud
2480 5023 2666 5088 Deum,
2698 5034 2751 5079 et
2791 5024 2895 5079 hoc
2919 5038 3025 5078 non
3066 5034 3151 5081 est
3176 5026 3269 5080 tibi
3300 5041 3441 5081 cura:
3471 5043 3486 5080 :
3514 5042 3579 5081 ex
3607 5041 3672 5082 eo

2089 5126 2288 5183 autem,
2306 5115 2446 5186 quod
2475 5115 2571 5170 das
2587 5130 2828 5171 seorsum
2849 5116 3091 5182 consilia,
3117 5127 3172 5173 et
3199 5132 3262 5172 ex
3289 5116 3551 5186 ejusmodi
3583 5132 3671 5171 re—

2089 5209 2560 5279 prehensionibus.
2586 5220 2640 5266 et
2665 5209 2804 5280 apud
2834 5210 2980 5265 illum
3005 5210 3219 5280 etapud
3251 5210 3416 5265 Deum
3446 5210 3551 5265 erit
3580 5208 3672 5265 tibi

2092 5302 2347 5356 amicitia.
2398 5301 2550 5368 Quod
2605 5301 2649 5357 si
2677 5302 2839 5356 etiam
2885 5302 2999 5371 ipse
3042 5310 3097 5356 te
3138 5301 3345 5367 oderit,
3388 5311 3670 5371 propterea

2093 5394 2235 5449 Deus
2286 5404 2466 5449 manet
2513 5403 2565 5450 te
2606 5395 2773 5465 magis
2822 5394 3091 5464 diligens:
3125 5394 3232 5448 imo
3274 5407 3403 5447 vero
3452 5408 3551 5448 nec
3596 5392 3667 5447 sic

2092 5484 2286 5550 oderit,
2311 5494 2368 5539 ut
2408 5484 2621 5554 quando
2648 5484 2771 5540 odio
2813 5484 3041 5539 habebat
3084 5484 3531 5549 maledicentem;
3577 5481 3668 5538 sed

2089 5589 2219 5634 tunc
2246 5578 2461 5649 quidem
2492 5588 2759 5648 tamquam
2810 5578 3083 5632 inimicum
3114 5585 3169 5631 et
3198 5576 3410 5631 hostem
3454 5591 3674 5631 aversa-

2093 5670 2255 5738 bitur,
2284 5685 2429 5725 nunc
2458 5679 2635 5726 autem
2663 5669 2986 5725 existimabit
3014 5678 3065 5724 te
3090 5668 3279 5738 quovis
3324 5678 3480 5739 patre
3507 5668 3675 5738 magis

2097 5762 2471 5819 reverendum.
2499 5759 2653 5829 Quod
2682 5760 2725 5815 si
2748 5761 2909 5816 etiam
2938 5769 3118 5832 aperte
3143 5759 3322 5813 animo
3341 5774 3485 5831 aegre
3514 5758 3671 5823 ferat.
