4018 6156
398 330 506 385 5'9

398 447 536 502 ἀλλά
581 447 660 521 τῷ
686 450 939 524 διαϐόλῳ,
987 453 1067 526 τῷ
1102 454 1333 512 ώθοῦντι
1381 459 1478 513 καὶ
1522 460 1967 527 ὑποσκελίζοντις

400 540 512 593 Καὶ
544 540 710 596 πόθεν
743 540 934 610 τοῦτος
970 546 1094 601 Ὅτι
1124 549 1225 602 οὐκ
1256 550 1425 616 ἀνύω,
1463 552 1635 623 φησὶ,
1669 554 1842 623 λέγων
1870 554 1966 608 καὶ

400 630 783 700 συμϐουλεύων
830 635 901 689 τά
952 635 1158 694 δέοντα.
1209 640 1384 695 Πόθεν
1421 642 1479 697 δέ
1532 643 1692 715 δῆλον
1736 645 1819 699 δτι
1864 647 1966 700 οὐκ

396 719 645 788 ἀνύσεις;
693 723 785 776 καὶ
828 724 938 798 γάρ
967 728 1130 783 τοῦτο
1169 732 1333 787 πάλιν
1382 733 1622 804 ἐσχάτης
1658 736 1865 802 ἀνοίας,
1906 739 1967 791 ἐν

392 813 572 885 ἀδήλῳ
592 815 686 870 τοῦ
710 816 900 883 τέλους
924 821 1203 891 κειμένου,
1239 824 1513 896 ῥᾳθυμίας
1535 828 1966 901 ὡμολογημένης

389 905 708 977 ἐγκλήματα
756 907 1033 980 δέχεσθαι.
1086 914 1279 969 Καίτοι
1329 916 1360 969 ὁ
1411 916 1546 982 Θεὸς
1585 917 1659 973 τά
1702 921 1966 990 μέλλοντα

388 998 686 1068 προειδὼς,
714 1001 980 1067 πολλάκις
1012 998 1157 1073 εἷπε,
1205 1006 1301 1061 καλ⁵
1339 1009 1441 1062 οὐκ
1472 1010 1635 1081 ήνυσε
1658 1051 1674 1076 ,
1709 1015 1806 1067 καὶ
1842 1014 1964 1067 οὐδὲ

384 1088 445 1142 οῖ.
454 1106 558 1155 τως
576 1092 815 1165 ἀπέστη,
835 1096 934 1149 καὶ⁸
948 1096 1124 1151 ταῦτα
1139 1097 1317 1165 εἰδὼς,
1336 1101 1418 1154 δτι
1439 1101 1502 1155 οὐ
1524 1101 1712 1173 μέλλει
1728 1104 1960 1160 πείθειν.

386 1181 448 1234 Εἰ
476 1181 532 1235 δέ
569 1185 598 1237 ό
632 1186 898 1255 προειδὼς
922 1188 1006 1242 δτι
1031 1189 1186 1243 οὐδὲν
1222 1190 1387 1245 πλέον
1419 1194 1660 1264 ποιήσει,
1688 1193 1784 1248 τοῦ
1815 1196 1964 1265 διορ-

384 1272 514 1328 θοῦν
542 1276 643 1347 οὐκ
674 1277 995 1346 ἀφίσταται,
1028 1281 1156 1335 τίνα
1193 1282 1336 1348 ἕξεις
1364 1282 1660 1353 ἀπολογίαν
1691 1286 1720 1339 ό
1747 1286 1963 1354 ἀγνοῶν

382 1366 445 1419 τὸ
492 1368 685 1439 μέλλον
716 1372 1018 1441 παντελῶς,
1065 1376 1159 1429 καὶ
1191 1377 1517 1449 ἐκλυόμενος
1555 1379 1650 1432 καὶ
1696 1377 1956 1449 ναρκῶν;

382 1460 495 1514 Καὶ
520 1460 629 1534 γάρ
656 1463 913 1530 πολλάκις
931 1468 1382 1541 ἐπιχειρήσαντες
1404 1471 1609 1543 ήνυσαν
1632 1470 1836 1526 πολλοῦ
1863 1473 1959 1526 καὶ

381 1549 474 1603 ὅτε
505 1551 734 1621 μάλιστα
760 1554 1105 1624 ἀπέγνωσαν,
1128 1560 1253 1613 τότε
1286 1559 1521 1630 μάλιστα
1547 1560 1832 1633 ἐπέτυχον.
1860 1563 1959 1616 “Av

380 1640 440 1695 δέ
472 1641 566 1695 καὶ
607 1643 779 1715 μηδὲν
807 1648 1041 1721 ποιήσῃς
1082 1649 1271 1717 πλέον,
1298 1652 1361 1705 τὸ
1394 1652 1597 1708 σαυτοῦ
1627 1654 1954 1726 πεποίηκας.

382 1732 475 1805 Μὴ
504 1734 684 1789 τοίνυν
716 1737 1084 1810 ἀπάνθρωπος
1121 1743 1307 1813 γίνου,
1347 1746 1484 1817 μήτε
1514 1746 1770 1818 ἀνηλεής,
1818 1749 1955 1819 μήτε

379 1824 663 1898 ὀλίγωρος.
700 1828 820 1883 Ὅτι
852 1831 961 1903 γάρ
988 1832 1271 1905 ὠμότητος
1298 1836 1473 1891 ταῦτα
1512 1839 1581 1893 τά
1614 1840 1835 1911 ῥήματα
1862 1840 1955 1893 καὶ

382 1916 679 1987 ῥᾳθυμίας,
709 1920 869 1992 δῆλον
895 1923 1126 1979 ἐκεῖθεν.
1156 1926 1312 1991 Τίνος
1334 1927 1443 2000 γάρ
1471 1929 1679 1992 ἕνεκεν,
1708 1930 1826 1993 ἐνὸς
1846 1928 1954 1984 τῶν

378 2008 558 2080 μελῶν
602 2010 695 2064 τοῦ
741 2011 993 2084 σώματός
1028 2033 1122 2071 σου
1173 2017 1493 2089 κάμνοντος,
1530 2019 1591 2072 οὐ
1640 2019 1851 2089 λέγεις’
1882 2021 1951 2074 Τί

377 2118 467 2170 μοι
515 2101 686 2174 μέλει,
723 2105 820 2159 καὶ⁵
864 2105 1031 2161 πόθεν
1056 2108 1235 2180 δῆλον,
1270 2111 1353 2163 ὅτι
1386 2112 1436 2164 εί
1474 2111 1789 2182 ἐπιμελείας
1818 2128 1952 2181 τυγ-

371 2196 544 2265 χάνει,
581 2196 854 2266 ύγιαίνει;
898 2199 1035 2253 ἀλλά
1077 2201 1258 2256 πάντα
1289 2205 1486 2269 ποιεῖς,
1521 2203 1609 2258 ῖνα
1639 2203 1745 2260 κᾶν
1781 2203 1948 2275 μηδέν

368 2287 679 2360 ὡφελήσῃς,
717 2290 791 2362 μὴ
821 2289 952 2365 ἔχῃς
977 2291 1230 2360 ἐγκαλεῖν
1264 2293 1508 2365 σεαυτῷ,
1541 2295 1625 2349 ὅτι
1654 2293 1766 2348 τῶν
1793 2295 1947 2364 ὀφει-

366 2378 571 2434 λόντων
612 2381 864 2450 γενέσθαι
902 2399 955 2436 τι
1002 2384 1362 2457 παρελείφθη.
1398 2380 1536 2440 Εἶτα
1572 2387 1680 2441 τῶν
1712 2388 1812 2457 μὲν
1848 2387 1945 2442 τοῦ

367 2468 623 2541 σώματος
671 2471 815 2526 οὕτω
861 2472 1010 2547 [Μό]
1064 2475 1428 2548 φροντιοῦμεν
1480 2477 1687 2549 μελῶν,
1727 2478 1835 2533 τῶν
1889 2479 1947 2533 δέ

364 2561 460 2616 τοῦ
497 2563 734 2634 Χριστοῦ
766 2566 1152 2637 ἀμελήσομενς
1194 2568 1292 2621 καὶ
1330 2568 1434 2622 ποῦ
1472 2568 1645 2622 ταῦτα
1698 2569 1948 2640 συγγνώο

369 2672 478 2728 μης
528 2655 686 2724 ἀξια;
721 2658 785 2711 El
835 2658 946 2730 γάρ
973 2676 1033 2712 σε
1079 2660 1156 2732 μὴ
1183 2662 1567 2732 κατακάμπτω
1614 2662 1810 2731 λέγων,
1861 2664 1941 2717 δτι

366 2746 473 2802 Τοῦ
514 2749 710 2820 μέλους
740 2767 835 2804 σου
865 2752 1150 2824 φρόντισον
1169 2792 1185 2817 ,
1236 2753 1325 2807 ῖνα
1367 2752 1471 2808 κάν
1514 2753 1594 2827 τῷ
1626 2756 1778 2828 φόϐῳ
1809 2756 1942 2831 γένῃ

368 2838 610 2908 βελτίων,
638 2840 736 2895 τοῦ
760 2841 1013 2912 σώματος
1036 2844 1441 2915 ἀναμιμνήσκω
1468 2862 1529 2899 σε
1557 2845 1651 2901 τοῦ
1675 2848 1939 2920 Χριστοῦ.

367 2932 490 2996 Πῶς
542 2933 652 3005 γὰρ
701 2935 761 2988 οὐ
806 2935 1011 3007 φρίκης
1060 2936 1212 3001 ἀξιον
1261 2939 1581 3011 σηπομένην
1628 2938 1795 2994 αὐτοῦ
1841 2940 1940 3011 τὴν

365 3028 544 3097 σάρκα
571 3029 723 3100 όρᾷν,
753 3029 851 3083 καὶ
886 3031 1181 3102 περιορᾷνς
1212 3030 1324 3083 Καὶ
1345 3033 1394 3085 εί
1428 3030 1527 3102 μέν
1554 3031 1770 3103 οἰκέτην
1796 3031 1940 3102 ἔχοις

363 3116 396 3187 ἦ
425 3116 545 3172 δνον
580 3119 848 3191 σηπεδόνα
875 3121 1088 3193 έχοντα,
1116 3124 1216 3177 οὐκ
1250 3122 1315 3177 ἀν
1343 3124 1600 3195 ἀνάσχοιο
1633 3125 1898 3195 περιιδεῖν
1920 3140 1935 3155 ο

362 3214 422 3265 τὸ
440 3212 497 3265 δέ
527 3213 687 3285 σῶμα
706 3214 802 3269 τοῦ
821 3215 1061 3287 Χριστοῦ
1088 3217 1276 3289 ψώρας
1296 3217 1439 3288 δρῶν
1459 3218 1935 3292 ἐμπεπλησμένον,

363 3306 768 3376 παρατρέχειςς
800 3307 898 3362 καὶ
922 3309 1021 3381 οὐχ
1055 3311 1160 3381 ήγῇ
1190 3311 1362 3365 ταῦτα
1394 3310 1605 3383 μυρίων
1634 3310 1759 3380 ἀξια
1797 3306 1937 3364 εἶναι

366 3408 426 3442 κε
437 3396 685 3461 ραυνῶν;
726 3397 821 3450 Διά
849 3397 1007 3451 τοῦτο
1046 3400 1224 3453 πάντα
1274 3401 1386 3455 ἀνω
1415 3404 1510 3455 καὶ
1541 3404 1693 3457 κάτω
1721 3402 1933 3470 γέγονε,

366 3482 457 3537 διὰ
485 3485 585 3555 τὴν
613 3487 1006 3560 ἀπανθρωπίαν
1031 3490 1259 3562 ταύτην,
1291 3492 1379 3545 διά
1405 3493 1505 3565 τὴν
1535 3492 1826 3564 ρᾳθυμίαν.

440 3576 533 3629 Διὸ
546 3576 632 3648 δὴ,
656 3581 973 3649 παρακαλῶ,
992 3580 1198 3651 ταύτην
1213 3583 1529 3655 ἐκϐάλωμεν
1542 3584 1641 3655 τὴν
1655 3584 1934 3654 ώμότηταυ

365 3669 633 3739 πρόσελθε
682 3672 872 3744 ἐκείνῳ
912 3673 987 3744 τῷ
1021 3675 1356 3729 συνοικοῦντι
1403 3679 1471 3747 τῇ
1517 3677 1791 3749 παρθένῳ,
1840 3678 1935 3730 καὶ

361 3761 484 3814 είπέ
524 3760 719 3831 μικρὸν
750 3762 1025 3835 ἐγκώμιον
1060 3765 1154 3818 τοῦ
1185 3765 1437 3836 ἀδελφοῦ,
1465 3767 1574 3821 ἀπὸ
1618 3768 1727 3820 τῶν
1759 3767 1934 3823 ἀλλων

357 3847 433 3906 ὧν
462 3853 573 3925 ἔχει
602 3854 1092 3927 πλεονεκτημάτων
1120 3856 1252 3911 αὐτὸ
1287 3858 1557 3924 συντιθείς
1578 3875 1592 3889 ⁸
1620 3860 1719 3913 καὶ
1744 3860 1933 3932 ῶσπερ

358 3946 512 4000 ῦδατι
533 3946 723 4020 θερμῷ
744 3948 1087 4018 περικλύζων
1106 3954 1219 4015 τοῖς
1241 3951 1512 4017 ἐπαίνοις,
1534 3951 1676 4006 οὕτω
1698 3953 1933 4024 χάλασον

360 4038 520 4092 αὑτοῦ
543 4038 632 4092 τὸν
647 4038 812 4108 ϐγκον
830 4039 922 4092 τοῦ
938 4040 1269 4111 τραύματος
1288 4043 1572 4097 ταλάνισον
1596 4044 1692 4097 καὶ
1713 4047 1925 4111 σαυτὸν,

360 4131 734 4203 κατηγόρησον
794 4133 889 4186 τοῦ
944 4134 1126 4187 κοινοῦ
1189 4135 1299 4188 τῶν
1351 4135 1652 4208 ἀνθρώπων
1702 4138 1925 4206 γένους,

356 4223 529 4288 δεῖξον
549 4225 632 4277 δτι
652 4226 851 4289 πάντες
874 4227 930 4278 ἐν
953 4227 1311 4298 ἁμαρτήμασι
1326 4229 1687 4299 τυγχάνομεν,
1704 4231 1928 4300 αἴτησον

356 4316 715 4388 συγγνώμην,
760 4317 953 4384 εἰπὼν,
984 4320 1068 4372 ὅτι
1120 4319 1329 4389 μείζοσι
1371 4319 1568 4373 σαυτοῦ
1609 4322 1928 4392 πράγμασιν

354 4410 672 4480 ἐπιχειρεῖς,
692 4409 808 4463 ἀλλ’
842 4412 874 4483 ή
901 4411 1093 4482 ἀγάπη
1119 4412 1299 4466 πάντα
1326 4412 1500 4466 πείθει
1537 4413 1765 4484 τολμᾷν.
1797 4410 1929 4470 Εῐτα

357 4500 760 4571 συμϐουλεύων,
792 4503 867 4573 μὴ
901 4502 1285 4565 ἐπιτακτικῶς,
1310 4503 1426 4556 ἀλλ’
1448 4502 1751 4572 ἀδελφικῶς
1772 4504 1929 4559 τοῦτο
1964 4546 1969 4552 .

354 4592 515 4645 ποίει·
564 4592 661 4646 καὶ
706 4591 917 4657 τούτοις
970 4595 1103 4647 πᾶσι
1153 4592 1393 4665 χαλάσας
1436 4594 1543 4664 τὴν
1592 4595 1925 4666 φλεγμονὴν,

354 4686 448 4738 καὶ
469 4685 1012 4758 παραμυθησάμενος
1031 4689 1130 4757 τὴν
1149 4686 1416 4757 ἀλγηδόνα
1437 4686 1534 4759 τὴν
1555 4689 1619 4742 ἐκ
1635 4688 1736 4758 τῆς
1753 4689 1928 4758 τομῆς

354 4776 756 4845 συμϐαίνουσαν
793 4775 887 4829 τοῦ
928 4775 1212 4847 μέλλοντος
1245 4776 1467 4847 ἐλέγχου
1512 4775 1803 4846 γενέσθαι,
1833 4779 1928 4831 καί⁵

352 4866 611 4931 πολλάκις
658 4870 726 4939 τῇ
765 4870 1088 4941 παραιτήσει
1126 4871 1498 4941 χρησάμενος,
1544 4871 1639 4924 καὶ
1668 4888 1925 4941 παρακα-

350 4957 511 5022 λέσας
543 4959 617 5030 μὴ
645 4961 990 5032 ὀργισθῆναι·
1020 4962 1147 5014 ὅταν
1173 4962 1333 5014 αὐτὸν
1357 4962 1667 5033 καταδήσῃς
1689 4963 1921 5028 τούτοις,

350 5048 470 5102 τότε
505 5049 682 5119 ἔπαγε
731 5052 829 5121 τὴν
874 5053 1108 5125 πληγὴν,
1156 5054 1294 5123 μήτε
1334 5053 1548 5122 δεσμῶν
1576 5053 1638 5106 τὸ
1670 5057 1920 5126 πρᾶγμα,

355 5144 488 5211 μήτε
522 5144 754 5202 ἐκλύων,
786 5145 874 5198 ἴνα
900 5149 1038 5216 μήτε
1065 5145 1272 5200 ἐκεῖθεν
1298 5146 1646 5217 ἀποπηδήσῃ,
1678 5148 1812 5217 μήτε
1840 5150 1924 5201 ἐν-

350 5233 540 5288 τεῦθεν
573 5238 984 5307 καταφρονήσῃ.
1036 5238 1135 5290 Ἀν
1179 5254 1238 5290 τε
1273 5238 1383 5307 γὰρ
1412 5238 1487 5308 μὴ
1527 5238 1748 5307 καιρίαν
1794 5238 1920 5309 δῷς,

349 5329 498 5384 οὐδὲν
523 5332 766 5404 εἰργάσω
806 5331 986 5384 πλέον’
1018 5331 1085 5384 ἂν
1121 5332 1179 5384 δὲ
1212 5331 1457 5403 σφοδρῶς
1504 5331 1747 5403 πλήξῃς,
1791 5332 1923 5386 ἀπο-

352 5423 643 5493 σκιρτῆσαι
687 5423 971 5492 ἐποίησας.
1007 5423 1097 5476 Διὸ
1125 5422 1189 5494 δὴ
1222 5424 1314 5477 καὶ
1359 5424 1496 5494 μετά
1526 5423 1702 5478 ταῦτα
1745 5423 1921 5478 πάντα

350 5514 593 5586 ἐλέγχειν
642 5515 892 5587 μέλλων,
945 5514 1209 5586 ἀνάμιξον
1260 5516 1423 5569 πάλιν
1484 5516 1759 5586 ἐγκώμιον
1809 5519 1921 5578 τοῖς

351 5606 610 5678 ἐλέγχοις
636 5609 729 5662 καὶ
752 5606 939 5679 ἐπειδὴ
962 5607 1093 5661 αὐτὸ
1115 5607 1235 5661 καθ’
1257 5606 1418 5660 ἑαυτὸ
1438 5606 1498 5660 τὸ
1522 5607 1838 5677 γιγνόμενον
1858 5607 1919 5659 ού

349 5698 571 5754 δύναται
591 5697 729 5757 εἶναι
755 5701 1027 5773 ἐγκώμιον
1050 5703 1132 5774 (οὗ
1157 5703 1265 5775 γάρ
1286 5703 1433 5767 ἀξιον
1453 5704 1673 5756 ἐπαίνου
1695 5704 1755 5756 τὸ
1782 5704 1918 5773 κόρῃ

354 5795 620 5847 συνοικεῖν
650 5796 946 5868 παρθένῳ),
976 5795 1081 5851 ἀπὸ
1108 5799 1204 5869 τῆς
1232 5796 1458 5868 γνώμης
1485 5794 1577 5850 τοῦ
1609 5794 1917 5851 συνοικοῦν-

1424 340 1490 399 IN
1530 343 1748 403 EPIST.
1790 344 1930 402 lAD
1967 340 2129 399 εοιι.
2171 340 2409 401 HOMIL.
2452 345 2631 405 XLIV.

3547 361 3664 419 580'

2075 474 2167 523 τος
2195 459 2353 514 τοῦτο
2381 461 2639 533 ἐργάζου,
2668 464 2761 518 καὶ
2789 465 2934 533 είπέ,
2956 466 3040 521 ὅτι
3069 462 3200 523 Οἶδα
3230 470 3332 541 μέν
3352 471 3435 527 δτι
3459 473 3546 528 διὰ
3558 477 3651 530 τὸν

2069 549 2204 605 Θεὸν
2234 551 2301 605 σὸ
2326 556 2523 617 ποιεῖς,
2551 554 2648 609 καὶ
2672 556 2776 627 τὴν
2802 557 3037 630 ἐρημίαν
3065 560 3244 615 καὶτὸ
3276 564 3650 637 ἀπροστάτευ⁴

2065 656 2163 734 τον
2190 642 2293 712 τῆς
2325 642 2521 708 ἀθλίας
2555 646 2771 734 ἐκείνης
2804 647 2926 702 ἰδὼν
2957 652 3117 721 χεῖρα
3148 652 3379 725 ῶρεξας.
3418 657 3536 714 Κᾶν
3569 661 3647 734 μὴ

2064 728 2237 803 ταύτῃ
2267 734 2395 803 ποιῇ
2422 735 2490 804 τῇ
2515 733 2732 809 γνώμῃ,
2759 737 2823 791 σὺ
2847 736 2989 792 οὕτω
3017 739 3166 810 λέγε,
3200 743 3298 797 καὶ
3321 746 3462 817 μετά
3489 728 3648 802 τοῦτο

2064 821 2350 891 προστίθει
2388 825 2485 879 καὶ
2514 826 2724 895 ταῦτα,
2759 829 2922 884 πάλιν
2957 836 3291 905 παραιτήσει
3324 837 3604 911 χρώμενος
3626 881 3653 908 ,

2064 915 2160 969 καὶ
2206 915 2380 986 λέγων
2398 957 2414 982 ,
2441 918 2524 973 ὃτι
2553 921 2670 976 Ούκ
2698 923 3028 989 ἐπιτάττων,
3066 927 3181 982 ἀλλ’
3209 930 3646 1004 ὑπομιμνήσκων

2060 1006 2236 1062 ταῦτά
2260 1025 2333 1079 φη
2342 1024 2435 1079 μι⁸
2457 1010 2547 1066 διά
2566 1012 2658 1067 τὸν
2687 1013 2823 1073 Θεὸν
2850 1017 2916 1071 σὺ
2948 1020 3144 1085 ποιεῖς,
3176 1016 3293 1075 οἶδα
3319 1024 3495 1093 κάγώ·
3526 1026 3653 1081 ἀλλ’

2064 1094 2262 1169 ἴδωμεν
2309 1098 2386 1171 μὴ
2433 1100 2685 1173 τίκτηται
2729 1105 2795 1159 ἐκ
2840 1105 3033 1160 τούτου
3075 1108 3244 1162 κακὸν
3280 1109 3501 1183 ἕτερον’
3539 1113 3645 1169 κᾶν

2063 1189 2163 1260 μὲν
2195 1190 2358 1263 μηδὲν
2386 1188 2445 1265 ᾗ,
2488 1194 2687 1266 κάτεχε
2715 1195 2887 1260 ἔνδον,
2916 1199 3013 1252 καὶ
3033 1198 3159 1270 ἐχου
3182 1201 3281 1271 τῆς
3305 1202 3479 1273 καλῆς
3508 1204 3642 1259 ταύ-

2059 1297 2159 1351 της
2196 1285 2453 1356 σπουδῆς,
2495 1287 2524 1340 ό
2548 1287 2773 1342 κωλύων
2808 1290 2986 1356 οὐδείς
3004 1307 3017 1319 ·
3044 1290 3111 1346 ἀν
3141 1291 3199 1345 δέ
3226 1292 3401 1364 βλάϐη
3430 1311 3516 1360 τις
3553 1298 3642 1350 ἐν·

2058 1373 2247 1428 τεῦθεν
2293 1375 2513 1448 γίνηται
2556 1378 2651 1434 τοῦ
2695 1380 2924 1452 κέρδους
2978 1382 3201 1453 μείζων,
3250 1384 3639 1458 φυλαξώμεθα⁹

2058 1467 2394 1538 παρακαλῶ,
2435 1469 2510 1540 μὴ
2544 1471 2868 1536 σπεύδοντες
2915 1473 3047 1543 μίαν
3084 1472 3395 1529 ἀναπαῦσαι
3421 1474 3639 1546 ψυχὴν,

2060 1553 2259 1625 μυρίας
2284 1556 2753 1630 σκανδαλίσωμεν.
2789 1561 2901 1615 Καὶ
2933 1561 3010 1633 μή
3053 1562 3301 1635 προσθῇς
3336 1564 3539 1630 εὐθέως
3568 1552 3642 1622 τά

2055 1647 2280 1717 κείμενα
2296 1651 2408 1713 τοῖς
2428 1650 2839 1716 σκανδαλίζουσι
2878 1654 3234 1726 κολαστήρια.
3264 1656 3401 1710 ἀλλά
3418 1656 3515 1730 τὴν
3533 1658 3639 1713 αύ-

2051 1739 2146 1793 τοῦ
2172 1740 2559 1812 προσλάμϐανε
2580 1745 2923 1815 μαρτυρίαν,
2943 1745 3120 1816 λέγων
3136 1766 3149 1780 ·
3178 1747 3251 1802 οὐ
3279 1745 3427 1821 [ιιι]
3446 1749 3643 1820 χρείαν

2053 1831 2197 1903 ἔχεις
2234 1831 2426 1904 μαθεῖν
2462 1834 2640 1890 ταῦτα
2672 1838 2803 1907 παρ’
2851 1836 3014 1907 ἐμοῦ,
3045 1835 3194 1904 οἶδας
3237 1840 3331 1894 καὶ
3359 1839 3522 1903 αὐτὸς
3549 1841 3635 1897 ὅτι

2052 1923 2150 1977 ἐάν
2183 1940 2270 1988 τις
2308 1925 2406 1979 ἐνα
2441 1925 2552 1981 τῶν
2599 1928 2817 1999 μικρῶν
2847 1928 3054 1985 τούτων
3103 1929 3453 2002 σκανδαλίσῃ,
3490 1930 3636 2002 πόση

2051 2016 2343 2089 ήπείληται
2385 2019 2542 2090 δίκη⁸
2577 2020 2674 2075 καὶ
2710 2020 2885 2087 οὕτως
2921 2022 3123 2094 ήδύνας
3162 2022 3257 2076 τὸν
3306 2022 3493 2090 λόγον,
3537 2023 3635 2079 καὶ

2049 2108 2243 2173 λεάνας
2264 2111 2363 2182 τὴν
2392 2112 2583 2184 ὀργὴν,
2606 2114 2841 2169 ἐπιτίθει
2872 2114 2934 2168 τὸ
2959 2114 3253 2186 φάρμακον
3280 2114 3381 2186 τῆς
3405 2114 3632 2185 διορθώ-

2050 2219 2208 2267 σεως.
2243 2205 2305 2257 Εἰ
2334 2205 2390 2260 δέ
2419 2206 2811 2277 προφασίζοιτο
2843 2207 3009 2281 πάλιν
3036 2208 3135 2281 τὴν
3163 2208 3403 2280 ἐρημίαν
3433 2209 3628 2279 αὐτῆς,

2049 2295 2185 2365 μηδέ
2210 2294 2384 2360 οὕτως
2410 2296 2639 2370 ἐλέγξῃς
2671 2298 2772 2369 τὴν
2804 2279 3025 2369 σκῆζινιν,
3065 2279 3339 2354 ἀλλ’ίείπέ
3364 2301 3501 2372 πρὸς
3529 2300 3629 2355 αὺ-

2044 2387 2136 2441 τόν
2155 2402 2187 2431 ἰ
2219 2388 2402 2459 Μηδέν
2462 2407 2522 2444 σε
2578 2389 2787 2444 τούτων
2835 2391 3092 2460 φοϐείτω,
3135 2391 3433 2461 ἀπολογίαν
3484 2391 3629 2458 ἔξεις

2043 2479 2345 2550 ἀρκοῦσαν,
2384 2482 2446 2536 τὸ
2477 2482 2682 2553 ἐτέρων
2722 2484 3051 2540 σκάνδαλον·
3100 2486 3162 2540 οὐ
3197 2485 3304 2557 γὰρ
3332 2484 3421 2539 διά
3455 2484 3626 2558 ρᾳθυ-

2047 2572 2197 2641 μίαν,
2222 2573 2339 2632 ἀλλ’
2378 2574 2605 2631 ἐκείνων
2630 2577 2965 2648 κηδόμενος,
3000 2577 3207 2651 ταύτης
3241 2577 3486 2650 ἀπέστης
3522 2577 3625 2647 τῆς

2045 2666 2305 2738 σπουδῆς.

2114 2852 2175 2898 ε’·
2213 2845 2324 2900 Καὶ
2341 2844 2410 2898 τά
2430 2846 2530 2916 μὲν
2546 2852 2645 2919 τῆς
2663 2847 2975 2920 συμϐουλῆς
3004 2850 3145 2905 ἔστω
3174 2851 3233 2904 ἐν
3256 2850 3447 2922 βραχεῖ
3463 2866 3476 2880 ·
3499 2849 3621 2904 οὐδὲ

2040 2938 2146 3010 γὰρ
2170 2938 2342 2993 δεῖται
2366 2940 2723 3006 διδασκαλίας
2758 2942 2993 3013 πολλῆς’
3037 2942 3104 2999 τὰ
3142 2944 3199 2999 δὲ
3233 2946 3332 3016 τῆς
3371 2943 3619 3013 συγγνώ-

2043 3047 2151 3101 μης
2184 3032 2346 3087 πάλιν
2371 3032 2544 3088 πολλά
2568 3033 2664 3089 καὶ
2688 3033 2972 3105 ἐπάλληλα
2988 3051 3001 3065 ·
3028 3036 3124 3091 καλ⁸
3156 3035 3249 3089 ἐπὶ
3273 3036 3372 3106 τὴν
3397 3036 3623 3106 ἀγάπην

2039 3122 2352 3194 κατάφευγε
2382 3125 2646 3197 συνεχῶς,
2677 3126 2987 3194 συσκιάζων
3016 3128 3078 3181 τὸ
3117 3128 3373 3200 φορτικὸν
3404 3128 3513 3181 τῶν
3543 3131 3620 3182 εἱ-

2041 3214 2314 3285 ρημένων,
2351 3216 2446 3270 κα)⁸
2480 3216 2577 3289 τήν
2603 3216 2850 3282 ἐξουσίαν
2883 3218 3035 3290 αύτῷ
3063 3219 3261 3283 διδοὺς,
3298 3218 3393 3273 καὶ
3419 3217 3617 3286 λέγων,

2036 3307 2117 3361 ὅτι
2163 3306 2303 3375 Ἐγὼ
2349 3309 2447 3379 μὲν
2491 3308 2665 3363 ταῦτα
2708 3310 2961 3382 παραινῶ
2993 3312 3088 3366 καὶ
3118 3310 3489 3384 συμϐουλεύω,
3518 3309 3614 3364 τοῦ

2033 3396 2092 3449 δὲ
2123 3397 2411 3467 πεισθῆναι
2444 3398 2633 3471 κύριος
2662 3400 2826 3464 αὑτός
2849 3416 2863 3431 ο
2908 3401 3030 3454 οὐδὲ
3067 3402 3176 3473 γὰρ
3215 3400 3619 3471 καταναγκάζω

2036 3488 2130 3540 καὶ
2166 3488 2445 3559 βιάζομαι,
2474 3490 2613 3545 ἀλλά
2640 3494 2705 3562 τῇ
2735 3492 2913 3562 οἰκείᾳ
2944 3508 3037 3545 σου
3083 3492 3147 3545 τὸ
3183 3494 3292 3545 πᾶν
3335 3490 3617 3560 ἐπιτρέπω

2034 3578 2248 3649 γνώμῃ.
2273 3580 2371 3632 Ἂν
2400 3579 2542 3634 οῦτω
2568 3582 3039 3654 μεταχειρίζωμεν
3066 3584 3158 3637 τὸν
3181 3583 3423 3655 ἔλεγχον,
3453 3583 3617 3653 δυνη-

2036 3668 2244 3740 σόμεθα
2265 3670 2464 3742 ῥᾳδίως
2490 3674 2618 3737 τοὺς
2644 3674 3055 3746 ἁμαρτάνοντας
3080 3676 3327 3747 διορθοῦν
3344 3691 3356 3703 ’
3386 3674 3463 3740 ὡς
3489 3675 3525 3728 ἀ
3549 3692 3613 3745 γε

2033 3760 2128 3814 νῦν
2158 3761 2440 3833 ποιοῦμεν,
2471 3763 2675 3836 θηρίων
2710 3765 2909 3836 μᾶλλόν
2940 3768 3057 3821 ἐστι
3080 3769 3175 3821 καὶ
3195 3768 3430 3838 ἀλόγων,
3462 3768 3497 3840 ἢ
3520 3769 3613 3823 ἀν-

2033 3848 2290 3921 θρώπων.
2329 3853 2427 3907 Ἂν
2458 3854 2568 3926 γὰρ
2596 3855 2892 3910 αἴσθωνται
2921 3874 3068 3922 τινες
3098 3858 3194 3913 νῦν
3216 3858 3442 3914 τοιαῦτά
3464 3877 3612 3925 τινος

2032 3942 2462 4013 ἁμαρτάνοντος,
2503 3946 2697 4018 ἐκείνῳ
2734 3948 2833 4018 μὲν
2869 3948 3025 4003 οὐδὲν
3052 3950 3414 4020 διαλέγονται,
3454 3952 3612 4006 αὐτοὶ

2028 4033 2085 4086 δὲ
2105 4033 2359 4110 καθάπερ
2388 4036 2608 4109 γραῖδια
2636 4037 2901 4110 μεθύοντα
2928 4039 3273 4114 ψιθυρίζουσι
3302 4042 3419 4114 μετ’
3442 4042 3609 4114 ἀλλή-

2029 4126 2169 4182 λων’
2197 4130 2293 4183 καὶ
2337 4130 2577 4203 οὐδαμοῦ
2619 4132 2696 4198 τὸ,
2747 4133 2881 4205 Είκῆ
2912 4135 3090 4203 φιλοῦ,
3134 4136 3257 4207 είκῆ
3314 4136 3390 4207 μὴ
3424 4134 3607 4206 μισοῦ,

2029 4219 2266 4278 ἐνταῦθα
2284 4222 2433 4276 δοκεῖ
2447 4222 2631 4297 χώραν
2647 4224 2790 4295 ἐχειν
2805 4227 3008 4291 αὐτοῖς,
3034 4227 3148 4281 ἀλλ’
3175 4229 3304 4280 ὅταν
3337 4227 3435 4297 μὲν
3465 4244 3609 4280 κακ-

2028 4312 2304 4383 ηγορῆσαι
2378 4314 2727 4385 ἐπιθυμῶσι,
2783 4317 3184 4388 καταφρονοῦσι
3221 4317 3316 4370 τοῦ
3367 4317 3441 4387 μὴ
3482 4318 3605 4388 είκῆ

2032 4403 2335 4474 μισεῖσθαι,
2371 4405 2571 4475 μᾶλλον
2607 4406 2664 4459 δέ
2693 4409 2785 4460 καὶ
2826 4408 2921 4461 τοῦ
2962 4408 3285 4473 κολάζεσθαι
3317 4408 3458 4478 (οὐδὲ
3496 4410 3609 4480 γάρ

2033 4500 2186 4567 μῖσος
2215 4495 2465 4551 ἐντεῦθεν
2500 4497 2683 4567 μόνον,
2730 4497 2869 4551 ἀλλά
2902 4500 2996 4553 καὶ
3028 4482 3250 4563 κόλασις
3293 4498 3558 4569 τίκτεται)
3585 4514 3601 4531 ⁸

2027 4589 2155 4643 ὃταν
2181 4588 2238 4642 δὲ
2262 4588 2599 4661 διορθώσεως
2628 4589 2743 4660 δέῃ,
2776 4589 2934 4643 τοῦτό
2984 4608 3043 4644 τε
3087 4590 3219 4644 αὐτὸ
3263 4592 3359 4645 καὶ
3401 4592 3602 4663 μυρίας

2028 4681 2218 4754 ἐτέρας
2256 4682 2589 4753 προφέρουσι
2633 4681 2953 4754 προφάσεις.
2995 4682 3183 4737 Ταῦτα
3207 4684 3317 4754 γὰρ
3348 4685 3471 4738 τότε
3515 4686 3607 4739 ἐν·

2026 4776 2387 4846 νοεῖν.ἐχρῆν,
2432 4776 2561 4830 ὅταν
2607 4779 2949 4847 κακηγορῇς,
2989 4777 3117 4832 ὅταν
3164 4777 3477 4850 διαϐάλλῃς,
3514 4778 3601 4847 τὸ,

2027 4869 2160 4941 Εἰκῆ
2190 4869 2264 4942 μὴ
2306 4870 2489 4939 μισοῦ,
2528 4870 2622 4923 καὶ
2653 4870 2732 4936 τὸ,
2762 4870 2927 4925 Οὐδὲν
2959 4869 3110 4925 ἀνύω
3130 4912 3144 4937 ,
3184 4872 3279 4925 καὶ
3309 4871 3393 4937 τὸ,
3432 4871 3605 4926 Οὐδέν

2027 4978 2117 5030 μοι
2140 4960 2312 5031 μέλει.
2331 4960 2446 5013 Νῦν
2464 4960 2539 5027 δὲ,
2569 4962 2690 5014 τότε
2725 4961 2826 5030 μὲν
2852 4962 3327 5033 πολυπραγμονεῖς
3354 4961 3598 5033 σφοδρῶς

2025 5054 2116 5105 καὶ
2147 5054 2475 5124 περιέργως,
2507 5053 2601 5106 καὶ
2638 5056 2829 5125 μίσους
2870 5058 3234 5127 καταφρονεῖς
3264 5055 3360 5109 καὶ
3385 5055 3594 5126 μυρίων

2023 5145 2241 5198 κακῶν
2288 5147 2415 5199 ὅταν
2471 5145 2526 5198 δὲ
2567 5146 2708 5216 ὑπὲρ
2759 5148 2857 5217 τῆς
2903 5146 3175 5217 σωτηρίας
3221 5146 3316 5200 τοῦ
3364 5146 3594 5215 ἀδελφοῦ

2023 5236 2329 5307 φροντίζειν
2371 5236 2484 5308 δὲῃ.
2516 5236 2637 5291 τότε
2667 5239 2759 5291 καὶ
2798 5239 3107 5308 ἀπράγμων
3144 5238 3238 5291 καὶ
3280 5239 3594 5310 ἀνεπαχθὴς

2020 5348 2103 5393 τις
2134 5325 2271 5383 εἶναι
2304 5328 2510 5397 βούλει·
2544 5329 2719 5383 καίτοι
2756 5331 2863 5383 ἀπὸ
2899 5331 2997 5401 μὲν
3037 5333 3375 5405 κακηγορίας
3403 5332 3499 5386 καὶ
3530 5332 3592 5384 τὸ

2022 5420 2158 5490 πρὸς
2183 5419 2502 5491 ἀνθρώπους
2523 5421 2617 5475 καὶ
2640 5422 2701 5475 τὸ
2735 5422 2869 5493 πρὸς
2891 5423 2983 5476 τὸν
3008 5422 3140 5477 Θεὸν
3170 5426 3380 5494 γίνεται
3414 5427 3590 5496 μῖσος,

2019 5514 2115 5564 καὶ
2137 5513 2196 5564 ού
2223 5513 2426 5582 σφόδρα
2448 5529 2531 5565 σοι
2550 5512 2708 5567 τοῦτο
2740 5514 2892 5584 μέλει
2912 5532 2924 5544 ·
2956 5517 3064 5570 ἀπὸ
3091 5517 3148 5570 δέ
3171 5519 3269 5587 τῆς
3299 5517 3419 5569 κατ’
3456 5515 3592 5566 ίδίαν

2023 5620 2085 5656 συ
2095 5603 2331 5675 μϐουλῆς
2367 5605 2460 5657 καὶ
2488 5605 2595 5659 τῶν
2622 5607 2879 5661 τοιούτων
2905 5608 3141 5679 ἐλέγχων
3169 5610 3263 5661 καὶ
3297 5606 3433 5676 πρὸς
3460 5603 3587 5656 τοῦ-

2017 5714 2108 5750 τον
2140 5696 2231 5749 καὶ
2277 5696 2414 5766 πρὸς
2453 5696 2544 5750 τὸν
2569 5697 2699 5752 Θεὸν
2728 5698 2880 5752 ἔσται
2916 5717 2997 5753 σοι
3029 5699 3201 5768 φιλία.
3255 5697 3349 5746 Ἂν
3398 5692 3454 5745 δὲ
3494 5693 3588 5748 καὶ

2019 5787 2180 5850 αὐτὸς
2213 5788 2363 5859 μισῇ,
2406 5790 2433 5842 ὁ
2467 5789 2598 5854 Θεὸς
2637 5790 2785 5861 μένει
2838 5789 2920 5843 διὰ
2960 5788 3114 5842 τοῦτο
3151 5784 3350 5857 μᾶλλον
3379 5781 3580 5852 φιλῶν·
