4018 6156
439 307 537 362 ’581

440 423 642 494 μᾶλλον
665 421 723 477 δέ
760 424 882 478 ούδέ
920 423 1064 477 οὕτω
1097 428 1340 496 μισήσει,
1371 427 1446 490 ὡς
1476 427 1639 498 ἡνίκα
1671 428 1849 500 ἐμίσει
1876 446 2015 482 κακ-

435 512 772 584 ηγοροῦνταο
803 514 939 568 άλλά
987 515 1106 572 τότε
1144 517 1242 586 μὲν
1277 517 1352 582 ὡς
1386 518 1578 589 ἐχθρὸν
1628 521 1721 574 καὶ
1759 520 2018 591 πολέμιον

435 604 922 676 ἀποστραφήσεται
946 645 959 668 ,
997 608 1113 660 νυνὶ
1147 609 1205 662 δὲ
1246 611 1454 680 πατρὸς
1501 612 1772 683 ἡγήσεται
1820 611 2021 675 παντὸς

436 695 879 767 αίδεσιμώτερον.
909 699 1027 751 Κάν
1053 700 1305 771 φανερῶς
1336 702 1688 774 δυσχεραίνῃ,
1720 704 1863 758 κατά
1892 705 2018 759 νοῦν

435 788 531 840 καὶ
567 787 674 859 ίδία
711 788 908 852 πολλάς
938 790 1143 844 εἴσεταί
1175 810 1258 846 σοι
1287 794 1386 858 τάς
1412 795 1662 866 χάριτας.

507 885 584 944 ς’.
610 879 797 934 Ταῦτα
831 878 925 937 οὖν
975 885 1303 950 ἐννοοῦντες,
1334 888 1729 960 ἐπιμελώμεθα
1768 890 1878 944 τῶν
1924 908 2020 960 με-

434 968 544 1021 λῶν
559 969 665 1024 τῶν
681 973 988 1046 ἡμετέρων,
1011 979 1106 1030 καὶ
1140 977 1216 1048 μὴ
1235 980 1356 1032 κατ’
1386 980 1632 1052 ἀλλήλων
1653 981 1752 1053 τὴν
1773 983 2018 1051 γλῶτταν

435 1062 740 1133 ἀκονῶμεν,
788 1067 924 1138 μηδὲ
970 1069 1223 1142 λαλῶμεν
1279 1074 1498 1143 ῥήματα
1551 1075 2016 1146 καταποντισμοῦ,

434 1152 534 1223 τὴν
559 1155 716 1222 δόξαν
739 1159 832 1212 τοῦ
856 1160 1082 1231 πλησίον
1112 1162 1525 1234 ύπορύττοντες,
1559 1167 1654 1219 καὶ
1685 1166 1938 1238 καθάπερ
1961 1169 2018 1220 ἐν

437 1242 590 1318 [615]
617 1248 840 1321 πολέμῳ
863 1251 960 1304 καὶ
985 1253 1136 1324 μάχῃ
1158 1252 1445 1323 βάλλοντες
1477 1257 1568 1309 καὶ
1593 1256 1930 1328 βαλλόμενοι.
1954 1256 2019 1311 Τί

435 1336 546 1405 7&9
567 1338 758 1406 ὄφελος
779 1343 1030 1413 νηστείας
1052 1343 1085 1415 ἢ
1103 1345 1408 1418 ἀγρυπνίας
1429 1346 1633 1412 λοιπὸν,
1655 1348 1782 1401 ὅταν
1804 1348 2018 1417 γλῶττα

441 1426 636 1498 μεθύῃ,
687 1430 782 1483 καὶ
831 1432 1062 1485 κυνείων
1107 1433 1286 1504 κρεῶν
1321 1434 1766 1506 ἀκαθαρτοτέραν
1796 1439 2018 1508 σιτῆτα-

435 1516 739 1588 τράπεζαν,
784 1519 1080 1590 αἱμοϐόρος
1107 1521 1398 1592 γενομένῃ,
1427 1524 1523 1576 καὶ
1553 1523 1862 1593 προχέουσα
1897 1523 2023 1596 βόρ-

436 1604 619 1677 ϐορον,
654 1609 747 1661 καὶ
783 1608 1007 1680 ἀμάρας
1034 1611 1220 1680 ὀχετὸν
1247 1611 1308 1663 τὸ
1339 1611 1514 1682 στόμα
1543 1615 1693 1683 ποιῇ,
1731 1612 1933 1683 μᾶλλον
1959 1613 2017 1667 δὲ

436 1699 532 1752 καὶ
557 1699 692 1752 πολὺ
717 1699 924 1773 ταύτης
949 1701 1380 1774 βδελυρώτερον;
1426 1705 1498 1758 Τὸ
1527 1703 1629 1776 μὲν
1656 1705 1765 1777 7&9
1809 1707 2018 1760 ἐκεῖθεν

435 1792 644 1863 προϊὸν,
681 1793 840 1863 σῶμα
886 1794 1144 1864 ἐμόλυνε·
1182 1795 1242 1849 τὸ
1283 1796 1341 1850 δὲ
1380 1796 1652 1864 ἐντεῦθεν,
1678 1797 1856 1870 ψυχὴν
1889 1799 2020 1853 πολ·-

434 1883 594 1950 λάκις
614 1887 896 1954 ἀπέπνιξε.
926 1889 1111 1943 Ταῦτα
1141 1890 1201 1944 οὐ
1225 1891 1334 1944 τῶν
1365 1892 1552 1956 κακῶς
1575 1893 1887 1950 ἀκουόντων
1915 1897 2019 1968 μά·

437 1993 536 2048 την
568 1978 871 2050 κηδόμενος
907 1980 1052 2049 λέγω
1105 1981 1330 2054 (ἐκεῖνοι
1363 1985 1469 2056 γὰρ
1499 1985 1595 2038 καὶ
1631 1987 1912 2056 στεφάνων
1938 1990 2018 2042 εί-

435 2069 521 2123 σὶν
578 2068 740 2136 ἄξιοι,
811 2073 940 2126 ὅταν
1002 2074 1210 2144 φέρωσι
1261 2077 1526 2144 γενναίως
1576 2079 1644 2132 τὰ
1701 2079 2014 2151 λεγόμενα),

433 2158 550 2212 ἀλλ’
610 2160 766 2231 ὑμῶν
837 2161 946 2215 τῶν
1017 2163 1306 2232 λεγόντων.
1378 2166 1482 2219 Τὸν
1532 2167 1631 2237 μὲν
1673 2171 1782 2240 γὰρ
1831 2171 2016 2234 κακῶς

435 2251 700 2306 ἀκούοντα
730 2255 906 2326 μάτην
931 2257 1328 2327 μακαρίζουσιν
1354 2259 1411 2312 at
1455 2260 1688 2330 Γραφαὶ,
1717 2263 1808 2316 τὸν
1829 2263 1888 2317 δὲ
1917 2283 2014 2318 κα-

436 2344 548 2409 κῶς
601 2345 829 2415 λέγοντα
893 2348 1217 2403 ἐκϐάλλουσι
1293 2351 1403 2404 τῶν
1459 2352 1620 2425 ἱερῶν
1679 2357 2013 2428 μυστηρίων,

437 2437 640 2506 μᾶλλον
687 2437 744 2491 δὲ
773 2439 867 2491 καί¹
898 2439 1078 2492 αὐτῶν
1109 2441 1220 2494 τῶν
1263 2441 1567 2510 περιϐόλων
1587 2459 1601 2474 ⁸
1638 2446 1752 2500 Τὸν
1780 2447 1888 2519 7&9
1917 2467 2018 2503 κα-

434 2529 838 2591 ταλαλοῦντα.
905 2533 1060 2604 φησὶ,
1107 2533 1302 2601 λάθρα
1342 2536 1449 2590 τοῦ
1499 2540 1769 2606 πλησίον
1807 2543 2013 2608 αὐτοῦ,

435 2621 653 2675 τοῦτον
687 2620 1044 2686 ἐξεδίωκον·
1079 2625 1176 2678 καὶ
1215 2624 1316 2695 τῆς
1362 2625 1471 2680 τῶν
1515 2629 1676 2700 ἱερῶν
1717 2630 1774 2684 δὲ
1818 2631 2016 2702 βίϐλων

433 2713 527 2768 τὸν
555 2713 798 2768 τοιοῦτον
830 2714 1048 2779 ἀνάξιον
1079 2712 1219 2771 εἷναί
1270 2735 1435 2790 φησιν
1465 2721 1845 2789 ἀναγνώσεως.
1891 2726 2015 2780 Ἵνα

434 2803 496 2857 τί
520 2804 650 2875 7&9,
689 2806 877 2877 φησὶν,
929 2805 1180 2877 ἐκδιηγῇ
1211 2809 1293 2863 σὺ
1343 2810 1415 2865 τὰ
1467 2811 1827 2883 δικαιώματὰ
1870 2834 2011 2886 μου,

435 2901 534 2951 καὶ
564 2897 1008 2968 ἀναλαμϐάνεις
1037 2898 1152 2968 τὴν
1183 2901 1477 2971 διαθήκην
1513 2923 1632 2974 μου
1665 2906 1762 2961 διὰ
1789 2909 2013 2979 στόμα-

434 2988 539 3054 τός
569 3005 727 3054 σου;
765 2987 884 3046 εἶτα
917 2993 1018 3062 τὴν
1047 2992 1228 3047 αἰτίαν
1260 2994 1430 3058 τιθείς
1461 3014 1634 3066 φησι·
1667 3001 2014 3071 Καθήμενος

435 3082 587 3135 κατὰ
613 3082 720 3136 τοῦ
759 3084 1028 3153 ἀδελφοῦ
1064 3100 1181 3140 σου
1224 3087 1595 3156 κατελάλεις.
1630 3093 1740 3145 Καὶ
1783 3095 2015 3148 ἐνταῦθα

441 3172 540 3243 μὲν
569 3173 628 3226 ού
649 3173 920 3248 διώρισεν,
953 3177 1062 3231 εἴτε
1103 3177 1299 3248 ἀληθῆ,
1327 3181 1434 3233 εἴτε
1467 3181 1637 3254 ψευδῆ
1655 3201 1668 3215 ·
1696 3185 1929 3258 ἀλλαχοῦ
1957 3187 2012 3241 δὲ

436 3264 533 3318 καὶ
560 3266 717 3320 τοῦτο
747 3269 1115 3342 ἀπηγόρευσε,
1139 3273 1353 3340 δεικνὺς
1376 3277 1458 3330 ὅτι
1490 3276 1594 3332 κᾶν
1621 3277 1794 3351 ἀληθῆ
1826 3279 2014 3352 λέγῃς,

434 3358 497 3412 ού
530 3359 616 3413 σοὶ
640 3359 814 3416 ταῦτα
835 3363 1026 3435 ῥητέα.
1057 3365 1155 3435 Μὴ
1185 3367 1417 3435 κρίνετε
1438 3369 1567 3440 γὰρ,
1597 3372 1781 3442 φησὶν,
1806 3373 1904 3426 ἵνα
1927 3372 2015 3442 μὴ

435 3452 710 3522 κριθῆτεο
741 3455 864 3510 ἐπεὶ
913 3457 1006 3512 καὶ
1035 3460 1063 3513 ό
1107 3459 1198 3513 τὸν
1233 3460 1472 3531 τελώνην
1523 3463 1850 3535 κακηγορῶν
1883 3483 2016 3518 κατ⁴

435 3547 742 3616 εδικάζετο,
781 3551 960 3605 καίτοι
988 3570 1052 3622 γε
1097 3553 1270 3626 ἀληθῆ
1307 3554 1634 3626 κατηγορῶν
1664 3556 1898 3610 ἐκείνου.
1951 3556 2016 3610 Τί

436 3634 552 3703 οὖν,
588 3640 656 3695 ἂν
753 3659 836 3706 τις
873 3642 1080 3715 θρασὺς
1107 3647 1202 3699 καὶ
1239 3647 1454 3718 μιαρὸς,
1487 3649 1672 3719 φησὶν,
1706 3649 1767 3702 οὐ
1791 3649 2016 3720 διορθω-

435 3731 557 3784 τέον
593 3732 777 3796 αὑτὸν,
829 3734 950 3786 ούδέ
1012 3736 1295 3804 ἐλεγκτέον
1340 3739 1504 3809 ἡμῖν;
1559 3739 1875 3808 Ἐλεγκτέον
1921 3743 2016 3794 καὶ

436 3820 774 3890 διορθωτέον,
829 3825 972 3878 οὕτω
1009 3827 1066 3878 δὲ
1095 3827 1170 3890 ὡς
1216 3829 1526 3899 ἔμπροσθεν
1575 3828 1764 3886 εἷπον·
1813 3834 1908 3888 ἐὰν
1955 3834 2012 3887 δὲ

437 3910 712 3973 ὀνειδίζων
743 3912 900 3966 τοῦτο
923 3917 1106 3986 ποιῇς,
1134 3918 1237 3988 ὅρα
1262 3919 1336 3990 μὴ
1369 3921 1459 3973 τὸν
1485 3923 1778 3992 Φαρισαῖον
1800 3925 2010 3979 ἐκεῖνον

439 4001 799 4070 μιμούμενος,
829 4004 896 4057 τά
923 4006 1132 4060 ἐκείνου
1178 4009 1377 4080 πάθῃς.
1424 4012 1588 4064 Οὐδὲν
1620 4012 1730 4084 γὰρ
1760 4014 2010 4068 ἐντεῦθεν

1169 312 1224 368 S.
1263 312 1550 369 ποΑιςΝιε
1587 313 2072 371 CHRYSOSTOM!
2111 314 2428 373 ARCIUEP.
2467 316 3014 376 CONSTANTINOP.

3591 318 3695 376 38‘2

2122 430 2328 499 γίνεται
2370 431 2579 503 κέρδος,
2618 433 2680 486 οὐ
2729 433 2814 486 σοὶ
2850 431 2929 504 τῷ
2973 431 3204 502 λέγοντι,
3237 429 3337 486 οὐκ
3378 431 3574 505 ἐκείνῳ
3616 433 3695 504 τῷ

2124 521 2374 576 ἀκούοντι
2404 521 2546 575 οὕτω
2569 523 3031 594 κατηγορουμένῳ
3049 538 3064 552 ’
3093 522 3207 576 ἀλλ’
3227 523 3256 575 6
3277 521 3377 593 μὲν
3406 509 3698 592 ἀναισχυν-

2117 613 2338 685 τότερος
2359 613 2570 681 γίνεται
2596 613 2720 683 (ἕως
2751 614 2851 684 μὲν
2874 612 2983 684 γὰρ
3015 611 3285 677 λανθάνει,
3314 615 3409 666 καὶ
3432 612 3695 668 αἰδεῖσθαι

2119 701 2258 760 οἶδεν
2283 723 2298 737 ·
2336 706 2556 760 ἐπειδάν
2575 706 2632 759 δὲ
2654 706 2881 777 γένηται
2908 705 3065 774 δῆλος
3109 706 3204 759 καὶ
3234 706 3574 777 καταφανὴς,
3604 708 3700 761 καὶ

2117 797 2211 851 τὸν
2240 798 2493 852 ἐντεῦθεν
2527 797 2780 852 ἐκϐάλλει
2810 797 3048 868 χαλινόν)
3074 815 3086 827 ·
3120 799 3153 850 6
3173 797 3232 851 δὲ
3269 796 3506 858 ἀκούων,
3534 798 3701 854 πάλιν

2123 889 2386 962 μειζόνως
2419 890 2769 961 βλαϐήσεται.
2805 890 2905 942 "Av
2930 906 2988 941 τε
3013 888 3124 959 γὰρ
3143 887 3542 959 κατορθώματα
3570 905 3700 942 συν-

2123 985 2207 1055 ιδῃ
2237 983 2434 1053 ἐαυτῷ,
2472 984 2709 1052 φυσᾶται
2738 983 2859 1044 ταῖς
2889 981 3078 1052 ἐτέρου
3122 980 3476 1052 κατηγορίαις
3499 980 3698 1049 όγκού-

2124 1092 2281 1146 μενος
2307 1091 2319 1103 °
2352 1074 2418 1128 ἄν
2443 1091 2500 1126 τε
2543 1073 2936 1144 ἁμαρτήματα,
2969 1070 3375 1140 προθυμότερος
3409 1073 3489 1134 είς
3531 1089 3700 1143 πονη-

2121 1162 2244 1232 ρίαν
2270 1161 2612 1214 καθίσταται.
2646 1160 2820 1222 Αὐτός
2858 1176 2919 1211 τε
2955 1161 2983 1212 ό
3025 1158 3198 1228 λέγων
3227 1159 3389 1213 πάλιν
3416 1159 3512 1213 καὶ¹
3544 1160 3701 1232 παρά

2118 1259 2197 1330 τῷ
2241 1256 2492 1312 ἀκούοντι
2540 1256 2785 1328 πονηρὰν
2819 1255 3051 1328 λήψεται
3083 1255 3262 1322 δόξαν,
3303 1255 3398 1309 καὶ
3435 1256 3528 1310 τὸν
3564 1255 3705 1311 Θεὸν

2122 1351 2384 1423 μειζόνως
2429 1349 2550 1404 καθ’
2595 1348 2790 1404 ἑαυτοῦ
2851 1349 3164 1418 παροξυνεῖ.
3207 1348 3318 1415 Διὸ,
3370 1349 3701 1420 παρακαλῶ,

2120 1443 2228 1495 πᾶν
2273 1441 2506 1506 δυσῶδες
2550 1441 2874 1512 ἐκϐάλωμεν
2907 1440 3057 1510 ρἧα
3088 1455 3100 1468 ·
3134 1438 3189 1491 ετ
3221 1457 3274 1492 τι
3314 1439 3522 1508 ἀγαθὸν
3561 1440 3704 1513 πρὸς

2117 1534 2429 1604 οἰκοδομὴν,
2456 1531 2614 1586 τοῦτο
2651 1531 2920 1602 λέγωμεν.
2963 1530 3103 1584 Ἀλλ’
3138 1529 3450 1601 ἀμύνασθαι
3490 1532 3704 1588 ἐκεῖνον

2121 1626 2439 1695 ἐπιθυμεῖς;
2495 1626 2561 1678 Τί
2609 1621 2701 1678 οὖν
2731 1625 2844 1676 ἀντ’
2884 1623 3094 1677 ἐκείνου
3124 1622 3319 1678 σαυτὸν
3361 1623 3586 1695 ἀμύνῃς
3643 1624 3708 1680 '0

2117 1716 2228 1788 7&9
2274 1717 2402 1780 τοὺς
2447 1715 2822 1787 λελυπηκότας
2867 1712 3179 1784 ἀμύνασθαι
3230 1713 3572 1778 σπουδάζων,
3605 1713 3704 1769 οὗ·

2116 1825 2226 1873 τως
2245 1809 2321 1868 ὡς
2347 1807 2376 1860 6
2395 1807 2603 1872 Παῦλος
2626 1805 2939 1878 ἀμύνασθαι
2960 1804 3266 1868 ἐκέλευσεν,
3293 1804 3504 1876 ἀμύνου
3524 1822 3537 1836 '
3565 1805 3707 1861 Ἐὰν

2118 1899 2295 1968 πεινᾷ
2319 1903 2351 1954 ό
2379 1899 2754 1978 ἐχθρόςάσου,
2771 1896 2990 1967 ψώμιζε
3017 1899 3223 1952 αὐτόν·
3255 1898 3364 1953 ἐὰν
3394 1895 3563 1966 διψᾷ,
3587 1898 3704 1952 πό-

2116 1993 2232 2056 τιζε
2273 1996 2481 2049 αὐτόν.
2522 1991 2646 2046 Ἐὰν
2682 1992 2742 2046 δέ
2779 1989 2938 2045 τοῦτο
2990 1992 3090 2062 μὲν
3143 1992 3218 2063 μὴ
3263 1993 3445 2062 ποιῇς,
3479 1989 3703 2044 ἐπιϐου-

2117 2083 2279 2157 λεύῃς
2303 2084 2360 2137 δὲ
2395 2085 2576 2155 μόνον,
2605 2084 2747 2138 κατὰ
2771 2083 3000 2138 σεαυτοῦ
3029 2082 3091 2136 τὸ
3117 2082 3267 2152 ξίφος
3285 2080 3468 2144 ὠθεῖς.
3494 2078 3702 2150 Διόπερ

2119 2177 2186 2231 ἂν
2207 2177 2395 2240 κακῶς
2433 2179 2640 2238 ἐκεῖνος
2662 2175 2819 2246 λέγῃ,
2852 2175 3148 2247 ἐγκωμίοις
3167 2175 3331 2228 αὐτὸν
3349 2172 3585 2244 ἀμείϐου
3601 2173 3704 2226 καὶ

2116 2269 2386 2333 ἐπαίνοις·
2414 2267 2557 2322 οὕτω
2589 2268 2697 2340 7&9
2728 2269 2978 2322 κάκεῖνον
3004 2267 3315 2339 ἀμύνασθαι
3342 2267 3574 2338 δυνήσῃ,
3604 2266 3706 2320 καὶ

2119 2361 2314 2416 σαυτὸν
2373 2359 2703 2425 ἀπαλλάξεις
2741 2361 2984 2431 πονηρᾶς
3044 2357 3298 2428 ὑποψίας.
3335 2358 3394 2412 '0
3449 2358 3548 2422 μὲν
3590 2356 3702 2428 γὰρ

2116 2455 2209 2507 ἐπὶ
2245 2452 2322 2524 τῷ
2350 2451 2496 2525 [416]
2533 2452 2718 2516 κακῶς
2756 2451 2975 2506 ἀκούειν
3018 2449 3222 2518 ἀλγῶν,
3263 2449 3372 2504 ἀπὸ
3401 2449 3702 2514 συνειδότος

2114 2544 2262 2597 δοκεῖ
2297 2543 2455 2596 τοῦτο
2493 2543 2722 2613 πάσχειν
2773 2539 3012 2613 πονηροῦ
3047 2557 3062 2571 ·
3086 2541 3115 2593 6
3151 2540 3209 2594 δὲ
3239 2538 3560 2607 καταγελῶν
3593 2536 3701 2592 τῶν

2116 2634 2449 2706 λεγομένων,
2497 2634 2754 2704 μέγιστον
2797 2633 3020 2705 ἐκφέρει
3058 2633 3358 2704 τεκμήριον
3399 2629 3495 2684 τοῦ
3535 2630 3700 2702 μηδὲν

2115 2722 2294 2794 ἐαυτῷ
2349 2723 2650 2777 συνειδέναι
2711 2722 2967 2793 πονηρόν.
3049 2721 3200 2776 Ἐπεὶ
3271 2717 3366 2776 οὖν
3433 2720 3560 2775 οὔτε
3611 2721 3700 2774 τὸν

2115 2816 2402 2882 ἀκούοντα,
2430 2815 2553 2870 οὔτε
2585 2817 2799 2880 ἑαυτὸν,
2820 2815 2943 2869 οὔτε
2973 2815 3061 2870 τὸν
3090 2815 3509 2886 διαϐαλλόμενον
3554 2815 3698 2884 ὠφε-

2115 2910 2248 2974 λεῖς,
2276 2910 2373 2963 καὶ
2400 2909 2542 2966 κατὰ
2581 2909 2780 2963 σαυτοῦ
2818 2909 2878 2961 τὸ
2917 2907 3069 2978 ξίφος
3098 2907 3283 2972 ὠθεῖς,
3311 2906 3417 2961 κᾶν
3450 2905 3700 2958 ἐντεῦθεν

2115 3001 2273 3072 γενοῦ
2306 2999 2766 3074 σωφρονέστερος.
2811 2999 3007 3071 Ἐχρῆν
3055 2999 3155 3070 μὲν
3189 2997 3295 3069 γάρ
3326 2998 3434 3052 ἀπὸ
3464 2997 3565 3066 τῆς
3596 2996 3697 3066 βα-

2118 3095 2322 3159 σιλείας
2349 3094 2458 3147 τῶν
2483 3093 2728 3166 οὐρανῶν
2756 3093 2852 3147 καὶ⁵
2877 3092 2983 3146 τῶν
3003 3091 3080 3162 τῷ
3106 3090 3226 3162 Θεῷ
3249 3089 3547 3144 δοκούντων
3574 3087 3695 3140 πεί-

2118 3187 2341 3240 θεσθαι·
2372 3186 2563 3256 ἐπειδὴ
2594 3185 2651 3238 δὲ
2692 3185 2998 3256 παχύτερον
3037 3182 3329 3244 διάκεισαι,
3369 3179 3465 3232 καὶ
3498 3177 3690 3247 ὥσπερ

2117 3277 2306 3348 θηρίον
2332 3278 2568 3346 δάκνεις,
2611 3279 2716 3332 κᾶν
2769 3276 3018 3330 ἐντεῦθεν
3061 3272 3400 3344 παιδεύθητι,
3438 3271 3527 3325 ἵνα
3577 3270 3690 3334 τοῖς

2118 3372 2296 3439 λόγοις
2337 3370 2547 3434 τούτοις
2588 3368 3006 3440 σωφρονισθείς,
3042 3365 3284 3437 δυνηθῷς
3321 3364 3430 3418 ἀπὸ
3467 3363 3577 3418 τῶν
3612 3360 3694 3434 τῷ

2117 3465 2238 3536 Θεῷ
2280 3463 2579 3518 δοκούντων
2619 3462 2778 3534 μόνον
2834 3459 3210 3532 ρυθμίζεσθαι,
3269 3457 3366 3512 καὶ
3407 3456 3698 3529 γενόμενος

2120 3554 2320 3618 παντὸς
2369 3554 2574 3618 πάθους
2628 3553 2899 3623 ἁνώτερος
2945 3552 3222 3623 ἐπιτύχοις
3273 3549 3385 3602 τῶν
3433 3547 3698 3620 οὐρανίων

2116 3646 2337 3715 ἀγαθῶν
2359 3662 2372 3676 ·
2399 3639 2475 3700 ὧν
2498 3644 2709 3715 γένοιτο
2747 3644 2956 3705 πάντας
2984 3642 3132 3712 ἡμᾶς
3163 3642 3446 3710 ἐπιτυχεῖν
3465 3680 3481 3705 ,
3517 3639 3696 3710 χάριτι

2120 3740 2216 3794 καὶ
2248 3738 2624 3810 φιλανθρωπίᾳ
2646 3736 2738 3792 τοῦ
2777 3736 2983 3808 Κυρίου
3021 3734 3180 3805 ἡμῶν
3221 3733 3396 3804 Ἰησοῦ
3436 3727 3688 3802 Χριστοῦ,

2124 3833 2242 3903 μεθ’
2265 3827 2326 3887 οῦ
2347 3831 2425 3902 τῷ
2456 3832 2632 3902 Πατρὶ
2662 3831 2759 3884 σὺν
2787 3828 2866 3900 τῷ
2898 3827 3038 3899 ἁγίῳ
3061 3825 3342 3896 Πνεύματι
3373 3823 3521 3888 δόξα,
3553 3821 3688 3894 κρά-

2117 3941 2230 3986 τος,
2274 3924 2429 3994 τιμὴ,
2467 3922 2562 3976 νῦν
2601 3923 2695 3976 καὶ
2722 3922 2829 3987 ἀεὶ,
2884 3914 2977 3976 καὶ
3022 3922 3102 3984 είς
3147 3919 3277 3984 τοὺς
3329 3917 3529 3980 αίῶνας
3578 3913 3692 3968 τᾶν

2116 4014 2348 4068 αἰώνων.
2387 4015 2580 4085 Ἀμήν.

441 4096 3688 4153 W

1171 4213 1402 4303 ΤΟΥ
1473 4216 1621 4304 ΕΝ
1692 4218 2060 4309 ΑΓΙΟΙΣ
2133 4224 2569 4312 ΠΑΤΡΟΣ
2645 4223 2972 4313 ΗΜΩΝ

1558 4383 2579 4568 ΙΩΑΝΝΟΥ

435 4643 1723 4770 ΑΡΧΙΕΠΙΣΚΟΠΟΥ
1881 4607 3696 4775 ΚΩΝΣΤΑΝΤΙΝΟΥΠΟΛΕΩΣ

1196 4852 1543 4988 ΤΟΥ
1617 4859 2899 4998 ΧΡΥΣΟΣΤΟΜΟΥ

893 5070 1300 5125 ΥΠΟΜΝΗΜΑ
1333 5072 1459 5128 ΕΙΣ
1495 5072 1643 5127 ΤΗΝ
1671 5073 1868 5127 ΠΡΟΣ
1903 5070 2348 5129 ΚΟΡΙΝΘΙΟΥΣ
2379 5077 2768 5130 ΔΕΥΤΕΡΑΝ
2800 5073 3244 5129 ΕΠΙΣΤΟΛΗΝ.

1909 5226 2152 5282 OMIAIA
2192 5230 2270 5284 ΑΩ

437 5339 682 5412 Παῦελος
720 5338 1089 5412 ἀπᾴστρλος,
1107 5337 1316 5412 Ἰησοῦ
1342 5339 1597 5412 Χριστοῦ
1625 5339 1722 5412 διὰ
1747 5339 1897 5412 [4η]
1921 5343 2015 5394 θε-

507 5408 773 5479 λήματος
798 5409 968 5479 Θεοῦ,
996 5408 1095 5479 καί
1111 5408 1393 5479 Τιμόθεος
1418 5414 1450 5464 ό
1475 5408 1766 5479 ἀδελφὸςζ
1787 5409 1861 5477 τῇ
1881 5408 2018 5464 Ἔκ-

509 5475 737 5548 κλησίᾳ
757 5477 864 5532 τοῦ
895 5478 1040 5532 Θεοῦ
1063 5475 1136 5542 τῇ
1162 5475 1319 5546 οὔσῃ
1343 5481 1412 5532 ἐν
1441 5475 1719 5547 Κορίνθῳ,
1744 5475 1866 5533 σὺν
1892 5480 2016 5546 τοῖς

508 5547 882 5620 ἀγίοιςίπᾶσι
914 5550 1038 5614 τοῖς
1067 5548 1252 5606 οὖσιν
1271 5550 1350 5620 γὲν
1377 5548 1493 5620 ὅλῃ
1520 5547 1595 5617 τῇ
1637 5550 1828 5620 Ἀχαΐᾳ
1855 5567 1867 5579 ·
1903 5549 2014 5618 χὰο

501 5619 600 5690 ρις
627 5619 768 5688 ὑμῖν
795 5620 893 5673 καὶ
921 5621 1130 5690 εἰρήνη
1168 5619 1286 5690 ἀπὸ
1329 5619 1476 5673 Θεοῦ
1503 5619 1731 5687 Πατρός
1759 5620 1856 5673 καὶ
1897 5625 2013 5674 Κυ-

502 5689 638 5760 ρίου
701 5691 906 5757 Ἰησοῦ
954 5689 1233 5760 Χριστοῦ.
1269 5690 1605 5760 Εὐλογητὸς
1650 5692 1683 5743 ό
1735 5689 1877 5755 Θεὸς
1916 5690 2012 5744 καί

511 5760 717 5832 Πατὴρ
742 5761 848 5815 τοῦ
881 5759 1101 5832 Κυρίου
1123 5759 1290 5832 ημῶν
1326 5759 1516 5832 Ἰησοῦ
1529 5762 1816 5832 Χριστοῦ,
1843 5763 1876 5814 ό
1897 5764 2014 5832 Πᾳο

514 5831 622 5900 tiu)
648 5828 766 5888 τῶν
789 5828 1125 5904 οἰκτιρμῶν,
1150 5828 1252 5888 ’καί
1291 5829 1432 5898 Θεὸς
1461 5828 1663 5896 πάσης
1699 5830 2002 5901 παρακλή-

2185 5364 2356 5418 σεως.
2393 5351 2426 5401 ὁ
2467 5343 2833 5418 παρακαλῶν
2863 5344 3021 5416 ἡμᾶς
3048 5345 3118 5418 έν
3148 5345 3316 5413 πάσῃ
3361 5344 3438 5413 τῇ
3460 5349 3688 5418 θλίψει

2183 5417 2371 5486 ἡμῶν,
2401 5419 2488 5482 εὶς
2521 5418 2585 5470 τὸ
2620 5415 2916 5472 δύνασθαι
2954 5415 3113 5485 ἡμᾶς
3140 5417 3520 5486 παρακαλεῖν
3547 5415 3690 5484 τοὺς

2181 5482 2250 5540 έν
2282 5488 2449 5552 πάσῃ
2477 5487 2699 5555 θλίψει,
2722 5486 2822 5558 διὰ
2840 5486 2951 5558 τῆς
2979 5482 3437 5558 παρακλήσεως,
3469 5482 3549 5558 ἧς
3573 5482 3688 5542 εταέ

2173 5553 2598 5627 ρακαλούμεθά
2631 5557 2803 5611 αὐτοὶ
2829 5553 2949 5612 ὑπὸ
2982 5553 3086 5611 τοῦ
3127 5553 3297 5612 Θεοῦ.

2179 5650 2247 5702 ἀ¹.
2283 5649 2464 5715 Ἀξιον
2502 5649 2733 5718 ζητῆσαι
2755 5648 3038 5720 πρότερον,
3059 5649 3199 5711 τίνος
3218 5647 3408 5702 ἕνεκεν
3423 5648 3686 5724 δευτέραν

2109 5731 2462 5802 προστίθησιν
2495 5732 2808 5803 Ἐπιστολὴν
2831 5733 2898 5802 τῇ
2939 5730 3198 5806 προτέρᾳ,
3240 5730 3337 5784 καὶ
3387 5731 3442 5784 τί
3479 5733 3684 5804 δήποτε

2109 5825 2278 5890 οὓτως
2309 5827 2531 5897 ἄρχεται
2565 5824 2672 5881 ἀπὸ
2697 5824 2802 5879 τῶν
2835 5823 3131 5896 οἰκτιρμῶν
3162 5819 3254 5875 τοῦ
3284 5821 3424 5878 Θεοῦ
3452 5825 3548 5880 καὶ
3574 5828 3676 5899 τῆς
