4018 6156
353 320 445 376 38!

347 445 592 487 seorsum
653 430 794 502 apud
847 446 906 488 se
960 445 1179 502 magnas
1229 430 1326 485 tibi
1381 429 1599 486 habebit
1648 433 1864 503 gratias.

419 521 472 577 6.
504 521 631 577 Hice
661 537 788 592 ergo
811 522 1126 592 cogitantes,
1144 536 1324 576 curam
1346 536 1595 590 geramus
1621 532 1923 580 nostrorum

347 611 712 668 membrorum
733 653 748 680 ,
777 627 947 682 neque
979 613 1207 682 linguam
1247 611 1384 667 alter
1417 612 1470 666 in
1508 613 1731 668 alterum
1761 628 1920 668 acua-

346 718 488 769 mus,
519 718 692 773 neque
718 703 879 758 verba
910 703 1190 774 loquamur
1228 718 1348 772 qua;
1386 703 1698 774 demergaut
1731 714 1785 759 et
1821 705 1918 760 ob-

345 806 528 860 ruant,
580 795 808 865 proximi
850 794 1044 849 bonam
1077 793 1272 850 famam
1305 793 1697 860 subvertentes,
1719 805 1773 850 et
1815 811 1919 850 non

343 900 501 940 secus
531 895 692 954 atque
730 885 954 948 inbello
979 895 1032 940 et
1059 900 1232 956 pugna
1272 885 1572 941 sauciantes
1596 895 1650 941 et
1677 887 1917 942 sauciati.

341 977 477 1044 Quid
504 977 646 1031 enim
668 975 779 1045 jam
822 975 1040 1046 prodest
1063 975 1325 1046 jejunium
1354 984 1446 1030 aut
1483 976 1682 1046 vigilia,
1711 977 1923 1046 quando

340 1069 486 1123 ebria
529 1066 692 1122 fuerit
732 1067 930 1138 lingua,
959 1078 1013 1123 et
1051 1069 1200 1123 canis
1227 1067 1474 1124 carnibus
1516 1067 1922 1122 immundiorem

341 1176 580 1215 mensam
621 1159 880 1226 comedit,
911 1169 968 1215 ut
1007 1175 1126 1230 quae
1165 1162 1478 1231 sanguivora
1518 1160 1704 1215 ell‘ecta
1749 1161 1836 1226 sit,
1867 1171 1922 1216 et

340 1261 552 1304 ctenum
578 1249 814 1304 eﬂ'undat
839 1257 895 1303 et
934 1250 1129 1305 cloacae
1174 1250 1408 1306 canalem
1452 1263 1513 1305 os
1553 1249 1746 1315 faciat;
1807 1251 1920 1306 imo

338 1355 468 1396 vero
491 1355 560 1396 eo
585 1340 742 1409 longe
763 1339 1022 1408 impurius
1039 1350 1094 1394 et
1115 1340 1283 1410 magis
1303 1339 1756 1395 abominandum?
1785 1339 1917 1396 Nam

344 1431 489 1504 quod
534 1430 680 1485 illinc
725 1430 939 1500 quidem
989 1431 1247 1501 procedit,
1277 1445 1470 1502 corpus
1514 1431 1744 1502 polluit:
1777 1431 1920 1502 quod

339 1523 467 1577 hinc
493 1530 694 1586 autem,
735 1535 877 1591 stepe
924 1521 1144 1577 sull‘ocat
1189 1522 1441 1577 animam.
1472 1522 1597 1578 Haec
1643 1524 1782 1600 dico,
1813 1538 1918 1579 non

339 1632 525 1671 eorum
556 1617 644 1686 qui
669 1615 1074 1690 malqaudiunt,
1105 1626 1305 1673 temere
1332 1633 1513 1673 curam
1543 1633 1770 1689 gerens;
1797 1633 1918 1672 nam

341 1709 416 1763 illi
448 1723 659 1778 quoque
705 1708 850 1780 digni
895 1718 1020 1764 sunt
1064 1710 1312 1774 coronis,
1342 1725 1463 1766 cum
1493 1726 1614 1781 qua:
1667 1710 1920 1766 dicuntur

341 1799 520 1855 ferunt
557 1798 804 1865 fortiter;
850 1799 946 1855 sed
989 1810 1225 1855 vestrum
1253 1802 1341 1872 qui
1371 1801 1570 1858 dicitis.
1615 1802 1747 1856 Nam
1796 1818 1916 1858 eum

341 1889 555 1952 quidem
573 1931 588 1956 ,
607 1890 698 1959 qui
729 1899 930 1946 temere
950 1899 1005 1946 et
1029 1892 1147 1947 sine
1168 1905 1326 1947 causa
1353 1892 1492 1947 male
1517 1893 1682 1958 audit,
1708 1893 1915 1948 beatum

338 1982 684 2051 pronuntiant
713 1982 1040 2054 Scripturas;
1085 1999 1209 2038 eum
1250 1995 1448 2050 autem,
1480 1984 1571 2054 qui
1600 1985 1739 2040 male
1764 1985 1913 2052 dicit,

333 2087 364 2126 a
405 2073 606 2128 sanCtis
635 2073 909 2142 expellunt
956 2075 1256 2146 mysteriis,
1290 2075 1398 2130 imo
1442 2076 1510 2130 ab
1553 2076 1669 2146 ipso
1716 2076 1914 2132 ambitu

335 2164 581 2219 ecclesia:
610 2181 623 2219 :
656 2164 810 2229 Eum,
837 2165 1026 2235 inquit,
1057 2167 1143 2236 qui
1174 2167 1458 2221 clanculum
1480 2167 1698 2221 detrahit
1736 2169 1799 2222 de
1823 2185 1916 2222 suo

328 2255 587 2324 proximo,
605 2254 934 2325 persequebar
952 2254 1122 2325 (Psal.
1148 2256 1272 2311 100.
1289 2257 1378 2328 5);
1399 2257 1687 2328 quinetiam
1707 2273 1829 2313 eum
1844 2258 1914 2313 di-

327 2346 402 2401 cit
425 2346 696 2416 indignum
718 2346 949 2402 lectione
964 2361 1238 2402 sacrarum
1263 2348 1557 2403 literarum.
1577 2349 1698 2414 Cur,
1721 2350 1912 2420 inquit,

331 2447 383 2491 tu
410 2453 620 2499 enat-ras
641 2438 1036 2509 justiﬁcationes
1068 2455 1224 2503 meas,
1249 2448 1295 2492 et
1317 2441 1532 2494 assumis
1572 2449 1915 2495 testamentum

329 2546 494 2582 meum
543 2545 633 2600 per
662 2545 718 2584 os
758 2539 899 2582 tuum
944 2528 1117 2600 (Psal.
1152 2529 1241 2584 49.
1274 2529 1400 2599 i6)?
1451 2529 1652 2585 Deinde
1697 2546 1911 2586 causam

329 2620 575 2684 all'erens,
599 2620 730 2675 dicit
761 2637 774 2673 :
811 2619 1008 2676 Sedens
1042 2629 1218 2674 contra
1255 2619 1468 2688 fratrem
1510 2630 1653 2673 tuum
1680 2621 1915 2692 loqueba-

332 2713 419 2767 ris.
442 2714 508 2768 Et
530 2714 615 2768 hic
638 2714 855 2783 quidem
879 2729 986 2768 non
1011 2713 1274 2779 distinxit,
1295 2713 1472 2768 sintne
1493 2727 1618 2768 vera
1649 2729 1715 2768 an
1746 2714 1910 2781 falsa;

332 2804 460 2860 alibi
507 2815 686 2860 autem
733 2807 836 2860 hoc
874 2820 1086 2876 quoque
1130 2804 1422 2875 prohibuit,
1454 2805 1745 2861 ostendens
1772 2806 1912 2876 quod

330 2899 541 2954 etiamsi
587 2914 713 2953 vera
739 2898 906 2964 dicas,
939 2913 1002 2953 ea
1029 2913 1135 2953 non
1175 2906 1299 2953 sunt
1323 2913 1352 2952 a
1382 2905 1433 2952 te
1459 2897 1704 2953 dicenda.
1737 2896 1913 2953 Nolite

324 2992 582 3063 judicare,
616 2988 807 3060 inquit,
837 2999 893 3043 ut
914 3006 1014 3043 non
1030 2989 1330 3060 judicemini
1359 2987 1572 3058 (Matth.
1601 2989 1654 3042 7.
1679 2988 1751 3060 l).
1779 2988 1910 3043 Nam

325 3092 382 3140 et
417 3084 507 3154 qui
537 3083 878 3153 publicanum
918 3082 1213 3138 maledictis
1253 3081 1635 3147 insectabatur,
1664 3091 1747 3136 est
1783 3097 1910 3136 con-

324 3174 626 3240 demnatus,
650 3175 748 3230 etsi
780 3189 908 3229 vere
942 3174 1088 3228 illum
1123 3172 1427 3228 accusabat.
1453 3173 1588 3240 Quid
1612 3187 1738 3228 vero
1751 3173 1797 3227 si
1819 3173 1908 3240 sit,

325 3265 516 3335 inquit,
535 3265 800 3336 quispiam
827 3265 1002 3320 audax
1023 3272 1078 3321 et
1101 3262 1483 3331 exsecrandus,
1511 3278 1615 3318 non
1641 3272 1723 3319 est
1743 3263 1855 3334 ipse
1880 3278 1910 3318 a

328 3355 490 3410 nobis
539 3356 888 3425 corrigendus
927 3364 984 3412 et
1038 3355 1378 3426 arguendus?
1420 3355 1738 3425 Arguendus
1783 3369 1912 3410 sane

326 3455 414 3502 est
455 3453 511 3501 et
534 3446 896 3516 corrigendus,
924 3447 1017 3502 sed
1065 3447 1137 3502 ita
1182 3457 1238 3501 ut
1265 3447 1413 3518 prius
1441 3445 1587 3501 dixi:
1623 3447 1704 3500 sin
1731 3455 1910 3501 autem

329 3535 438 3590 hoc
484 3535 614 3590 lacis
661 3537 706 3591 ei
755 3537 1103 3607 exprobrans,
1131 3537 1253 3592 vide
1284 3553 1370 3602 ne,
1401 3537 1530 3591 dum
1583 3536 1909 3590 Pharisaeum

326 3628 480 3682 illum
515 3626 762 3694 imitaris,
791 3629 842 3683 id
891 3629 986 3686 tibi
1016 3628 1158 3699 quod
1198 3629 1274 3683 illi
1306 3628 1530 3684 accidat.
1577 3627 1720 3682 Nihil
1767 3627 1910 3682 enim

324 3720 453 3774 hinc
479 3719 618 3774 redit
636 3719 788 3787 lucri,
810 3737 914 3776 non
936 3721 1000 3776 ad
1031 3731 1083 3776 te
1115 3722 1202 3789 qui
1228 3719 1383 3784 dicis,
1418 3736 1523 3774 non
1547 3720 1612 3774 ad
1638 3721 1784 3774 illum
1814 3720 1905 3790 qui

608 3825 891 3834 3

1437 317 1504 376 IN
1543 319 1753 376 EPIST.
1795 321 1858 375 ll.
1891 322 1984 377 AD
2021 323 2174 382 COB.
2216 325 2446 384 HOMIL.
2487 326 2529 383 l.

3490 333 3600 389 38%

2029 437 2178 492 audit
2202 437 2281 492 sic
2307 448 2586 496 accusatus
2613 457 2627 493 :
2656 441 2749 496 sed
2773 441 2862 500 ille
2882 443 3096 515 quidem
3120 443 3300 500 evadit
3326 444 3605 516 impuden-

2033 529 2154 584 tior.
2188 530 2320 585 Nam
2352 533 2604 602 quamdiu
2628 534 2842 605 quidem
2893 536 3041 604 latet,
3091 539 3192 594 scit
3239 539 3560 595 erubescere
3587 559 3605 596 :

1972 643 1987 660 ι
2030 630 2308 692 postquam
2358 634 2536 680 autem
2580 629 2814 682 evaserit
2843 629 3175 696 manifestus,
3206 631 3257 686 id
3283 632 3427 701 quod
3473 632 3602 690 inde

2026 710 2258 768 habebat
2301 713 2513 771 frenum
2555 719 2814 788 expellit:
2843 721 2934 790 qui
2979 733 3158 776 autem
3207 723 3392 787 audit,
3421 739 3605 778 rursus

2025 808 2194 876 magis
2220 808 2464 866 laedetur.
2496 811 2626 866 Nam
2666 813 2778 868 sive
2809 831 2986 868 rerum
3019 825 3164 872 recte
3187 832 3216 870 a
3245 832 3305 872 se
3329 826 3601 888 gestarum

2025 897 2185 953 tuerit
2213 900 2313 955 sibi
2337 903 2603 970 conscius,
2632 903 2866 972 inﬂatur,
2889 905 3110 961 alterius
3138 915 3346 963 tumens
3371 923 3561 964 accusa
3580 939 3596 950 -

2027 988 2293 1054 tionibus;
2325 990 2437 1046 sive
2461 1002 2830 1062 peccatorum,
2873 994 2931 1050 ﬁt
2975 999 3271 1066 promptior
3306 1008 3357 1054 et
3381 1001 3611 1056 alacrior

2025 1079 2093 1133 ad
2115 1081 2326 1135 vitium.
2349 1081 2417 1136 Et
2443 1083 2558 1154 ipse
2585 1101 2773 1141 rursus
2794 1087 2884 1157 qui
2912 1088 3061 1154 dicit,
3087 1091 3223 1160 apud
3245 1107 3365 1145 eum
3394 1094 3482 1162 qui
3508 1109 3606 1147 au.

2028 1171 2106 1226 dit
2136 1172 2188 1226 in
2216 1174 2352 1228 mala
2380 1175 2482 1230 erit
2504 1178 2918 1246 existimatione,
2945 1189 3002 1235 et
3045 1181 3212 1236 Deum
3265 1183 3317 1237 in
3348 1201 3408 1240 se
3440 1188 3608 1256 magis

2023 1261 2275 1318 irritabit.
2302 1263 2659 1330 Quamobrem
2701 1283 2832 1337 rogo
2859 1283 3022 1325 omne
3042 1270 3265 1325 verbum
3293 1272 3606 1331 obscoenum

2022 1360 2077 1408 et
2103 1353 2341 1410 ftetidum
2369 1357 2685 1425 ejiciamus;
2714 1359 2756 1412 si
2786 1359 2912 1429 quid
2956 1360 3152 1416 bonum
3184 1363 3249 1416 ad
3299 1363 3608 1420 aedificatio-

2024 1463 2167 1513 nem,
2194 1447 2299 1503 hoc
2334 1448 2594 1504 dicamus.
2627 1451 2697 1504 At
2725 1452 2876 1520 cupis
2902 1453 3050 1507 illum
3086 1455 3315 1510 ulcisci?
3343 1455 3450 1510 Cur
3475 1471 3608 1526 ergo

2024 1546 2076 1592 te
2103 1553 2200 1607 pro
2229 1538 2320 1593 illo
2342 1539 2616 1595 ulcisceris
2639 1541 2662 1595 i
2687 1540 2819 1596 Nam
2843 1543 2931 1612 qui
2973 1545 3160 1600 studes
3187 1546 3372 1601 ulcisci
3400 1562 3492 1601 eos
3516 1549 3607 1618 qui-

2020 1629 2118 1684 tibi
2166 1628 2382 1685 fuerunt
2425 1632 2656 1700 molesti,
2690 1633 2760 1687 ita
2810 1636 3072 1692 ulciscere
3114 1649 3169 1692 ut
3202 1639 3402 1695 Paulus
3444 1641 3606 1710 jussit

2020 1719 2227 1776 ulcisci.
2273 1721 2336 1776 Si
2379 1725 2533 1776 esurit
2571 1724 2810 1778 inimicus
2850 1735 2986 1793 tuus,
3015 1728 3124 1782 ciba
3164 1730 3353 1795 illum;
3394 1735 3439 1785 si
3477 1735 3602 1797 sitit,

2021 1809 2185 1864 da‘illi
2212 1819 2384 1880 potum
2414 1812 2592 1882 (Rom.
2633 1814 2861 1885 12.20).
2910 1815 2965 1872 Si
3016 1829 3194 1875 autem
3243 1821 3346 1877 hoc
3384 1824 3602 1893 quidem

2020 1915 2125 1954 non
2154 1899 2306 1964 facis,
2338 1902 2510 1957 solum
2540 1913 2717 1960 autem
2759 1906 3049 1975 insidiaris,
3079 1910 3131 1964 in
3161 1912 3387 1982 teipsum
3416 1913 3610 1972 euscnt'

2019 1991 2255 2061 stringis.
2275 1991 2631 2060 Quamobrem
2661 1997 2705 2049 si
2733 1997 2823 2052 ille
2850 1999 3154 2066 maledicat,
3174 2017 3306 2057 orna
3335 2021 3458 2060 eum
3491 2009 3604 2061 lau-

2018 2080 2172 2137 dibus
2199 2092 2255 2138 et
2299 2085 2577 2140 encomiis.
2629 2085 2718 2141 Sic
2762 2089 2904 2142 enim
2935 2101 2990 2144 et
3028 2091 3174 2147 illum
3227 2097 3424 2164 poteris
3465 2097 3601 2152 ulei-

2017 2173 2115 2239 sci,
2145 2182 2216 2227 'et
2255 2173 2483 2245 teipsum
2529 2176 2780 2233 liberabis
2823 2195 2852 2233 a
2891 2183 3028 2236 mala
3084 2186 3408 2256 suspicione.
3461 2187 3594 2244 Nam

2016 2264 2106 2333 qui
2136 2263 2285 2320 dolet
2305 2282 2370 2320 eo
2391 2267 2532 2336 quod
2579 2269 2721 2324 male
2741 2271 2943 2338 audiat,
2977 2273 3081 2328 hoc
3124 2275 3335 2332 videtur
3378 2283 3484 2348 pati
3534 2296 3599 2336 ex

2019 2353 2156 2408 mala
2182 2357 2543 2424 conscientia;
2572 2360 2662 2428 qui
2707 2369 2885 2416 autem
2933 2363 3119 2420 irridet
3159 2381 3220 2421 ea
3251 2383 3370 2438 qua:
3409 2371 3600 2426 dicun-

2018 2451 2123 2510 tur,
2168 2449 2456 2502 maximum
2514 2451 2714 2519 profert
2763 2452 3038 2521 indicium,
3072 2457 3214 2527 quod
3277 2461 3473 2514 nullius
3521 2465 3598 2518 rei

2016 2538 2168 2592 malae
2207 2540 2306 2595 sibi
2355 2542 2424 2595 sit
2451 2544 2724 2597 conscius.
2752 2545 2882 2601 Cum
2927 2563 3055 2619 ergo
3084 2565 3182 2605 nec
3211 2551 3470 2622 audienti,
3501 2571 3600 2610 nec

2019 2628 2131 2691 tibi,
2158 2645 2256 2685 nec
2279 2631 2325 2686 ei
2352 2633 2440 2701 qui
2464 2644 2748 2688 accusatur
2771 2638 2966 2706 prosis,
2995 2648 3048 2693 et
3075 2639 3125 2693 in
3157 2650 3207 2695 te
3237 2643 3405 2712 ipsum
3435 2647 3600 2699 strin-

2014 2734 2107 2790 gas
2136 2722 2392 2791 gladium,
2432 2723 2514 2777 vel
2542 2739 2604 2778 ex
2633 2723 2735 2779 hoc
2761 2727 2878 2795 ipso
2904 2728 3071 2782 evade
3102 2729 3446 2788 moderatior.
3466 2735 3597 2790 Nam

2015 2812 2292 2879 oportebat
2337 2813 2551 2883 quidem
2599 2817 2910 2882 persuaderi
2957 2833 3018 2872 ex
3050 2835 3212 2890 regno
3235 2823 3515 2891 caelorum,
3545 2835 3598 2880 et

2016 2902 2080 2957 iis
2106 2919 2225 2972 quae
2272 2904 2381 2959 Deo
2425 2905 2669 2960 videntur
2711 2922 2772 2961 ac
2824 2909 3083 2978 placent:
3129 2913 3224 2967 sed
3255 2918 3506 2983 quoniam
3536 2932 3594 2971 es

2014 2997 2248 3051 crassius
2273 2995 2517 3063 aﬂ'ectus,
2543 3007 2598 3053 et
2629 3000 2841 3055 morch
2865 3011 3132 3072 tamquam
3176 3004 3308 3067 fera.
3340 3008 3422 3063 vel
3471 3009 3596 3064 hinc

2013 3087 2276 3143 erudiaris
2301 3099 2355 3143 et
2393 3089 2702 3160 castigeris;
2735 3102 2792 3146 ut
2822 3093 2904 3147 his
2933 3096 3106 3150 verbis
3148 3097 3440 3153 modestior
3467 3099 3595 3155 eﬂ‘e—

2013 3188 2149 3244 ctus,
2179 3193 2246 3233 ex
2268 3177 2353 3233 bis
2378 3179 2531 3248 solis,
2551 3197 2669 3251 quae
2701 3183 2811 3238 Deo
2839 3184 3091 3240 videntur
3118 3202 3180 3242 ac
3211 3190 3443 3258 placent,
3476 3207 3596 3261 pos-

2013 3269 2088 3322 sis
2113 3271 2362 3338 componi
2397 3285 2461 3324 ac
2489 3273 2819 3336 concinnari.
2849 3284 2906 3330 ut
2943 3291 3062 3331 cum
3103 3280 3246 3334 omni
3275 3283 3440 3336 animi
3470 3297 3596 3351 per-

2015 3359 2316 3415 turbatione
2363 3364 2609 3431 superior
2636 3366 2901 3432 evaseris,
2932 3370 3164 3423 caelestia
3211 3372 3346 3425 bona
3399 3391 3596 3431 conse-

2013 3450 2192 3518 quaris
2221 3467 2235 3503 :
2266 3466 2385 3519 qua:
2412 3451 2568 3505 detur
2597 3454 2750 3508 nobis
2777 3457 3027 3512 omnibus
3047 3463 3322 3530 consequi,
3349 3466 3514 3532 gratia
3543 3477 3595 3520 et

2013 3539 2340 3609 benignitate
2398 3540 2610 3595 Domini
2671 3545 2842 3599 nostri
2884 3545 3010 3601 Jesu
3051 3548 3269 3615 Christi,
3319 3568 3439 3607 cum
3489 3571 3595 3625 quo

2013 3629 2158 3684 Patri
2181 3645 2302 3684 cum
2326 3643 2513 3686 sancto
2536 3632 2736 3702 Spiritu
2761 3636 2830 3689 sit
2851 3637 3042 3706 gloria,
3065 3640 3367 3711 imperium,
3400 3645 3591 3714 honor,

2016 3735 2160 3775 nunc
2186 3729 2241 3774 et
2282 3737 2517 3791 semper,
2549 3735 2603 3777 et
2631 3725 2682 3778 in
2709 3727 2904 3780 sarcula
2938 3730 3277 3785 szeculorum.
3312 3735 3500 3789 Amen.

608 3825 909 3834 ______.__

3493 3870 3571 3878 ξπ

862 3934 1528 4049 SANCTI
1599 3934 2287 4047 PATRIS
2359 3933 3036 4052 NOSTRI

507 4125 630 4285 J
640 4120 1256 4287 ΟΑΝΝ
1265 4125 1482 4283 IS
1598 4122 3346 4326 CHRYSOSTOMI,

1173 4368 1772 4433 ARCHIEPISCOPI
1813 4367 2772 4442 CONSTANTINOPOLITANI,
3651 4431 3662 4442 ι

333 4495 446 4566 IN
505 4490 1079 4565 SECUNDAM
1101 4491 1247 4562 AD
1275 4486 1668 4560 CORINT
1683 4483 1928 4557 suos
1975 4483 2580 4556 EPISTOLAM
2602 4487 3453 4574 COMMENTARIUS
3476 4486 3584 4575 (η).

1689 4602 2135 4648 se;

1689 4678 2039 4746 HOMILIA
2086 4679 2135 4740 Ι.

326 4789 453 4846 CAP.
489 4791 540 4843 i.
577 4804 631 4843 ν.
664 4789 716 4844 1.
750 4785 944 4842 Paulus
970 4790 1224 4859 apostolus
1248 4788 1374 4844 Jesu
1395 4788 1578 4844 Christi
1602 4804 1691 4857 per
1719 4787 1896 4840 volun-
2072 4781 2124 4837 1.
2145 4780 2248 4836 Cur
2262 4782 2534 4838 secundam
2556 4785 2624 4838 ad
2647 4783 2935 4842 Corinthios
2951 4789 3215 4858 epistolam
3239 4792 3439 4854 Paulus
3453 4805 3580 4856 seri-

396 4891 549 4934 tatem
572 4879 686 4945 Dei,
715 4890 760 4934 et
791 4879 1075 4935 Timotheus
1102 4883 1284 4952 frater,
1313 4879 1552 4934 Ecclesiae
1570 4877 1668 4932 Dei
1686 4893 1799 4944 qua:
1822 4885 1897 4931 est
1999 4875 2173 4943 pserit.
2203 4903 2276 4914 —
2304 4875 2455 4930 Prius
2475 4892 2717 4946 quaerere
2739 4880 3010 4948 convenit,
3035 4896 3130 4936 cur
3153 4888 3440 4943 secundam
3464 4896 3581 4962 epi-

395 4970 643 5033 Corinthi,
686 4987 801 5024 cum
845 4972 1071 5024 omnibus
1104 4972 1311 5038 sanctis,
1343 4972 1426 5040 qui
1454 4971 1640 5024 suntin
1663 4971 1895 5023 universa
1999 4964 2190 5019 stolam
2239 4966 2403 5034 priori
2433 4966 2682 5036 adjungat
2703 5009 2718 5032 ,
2751 4978 2805 5024 et
2829 4985 2992 5040 quare
3020 4987 3049 5026 a
3090 4973 3181 5028 Dci
3222 4977 3580 5038 miserationi-

395 5061 695 5116 Achaiaﬂ.
715 5062 878 5133 gratia
899 5062 1034 5115 vobis
1053 5071 1098 5116 et
1124 5077 1275 5129 passa
1299 5058 1410 5113 Deo
1439 5059 1590 5115 Patre
1608 5069 1654 5113 et
1676 5059 1893 5114 Domino
1997 5056 2097 5112 bus
2141 5066 2302 5127 atque
2345 5074 2376 5112 a
2424 5060 2791 5117 consolatione
2840 5064 3045 5118 initium
3089 5067 3264 5122 ducat.
3300 5071 3410 5125 Cur
3450 5089 3579 5146 ergo

395 5164 565 5209 nostra
593 5154 718 5210 Jesu
746 5155 962 5210 Christo.
995 5155 1049 5208 '5.
1079 5153 1374 5208 Benedictus
1399 5152 1535 5207 Deus
1555 5163 1601 5206 et
1623 5152 1777 5207 Pater
1797 5153 1894 5208 Do—
1997 5149 2285 5204 secundam
2326 5151 2562 5219 adjecit?
2605 5151 2736 5207 Cum
2769 5155 2819 5208 in
2865 5156 3028 5225 priori
3074 5159 3294 5227 epistola
3326 5162 3574 5235 dixisset,

392 5248 518 5300 mini
547 5249 706 5301 nostri
732 5247 857 5303 Jesu
884 5247 1109 5311 Christi,
1140 5246 1296 5301 Pater
1323 5246 1778 5300 misericordiarum
1802 5287 1816 5310 ,
1846 5256 1892 5299 et
2009 5237 2213 5292 Veniam
2244 5240 2312 5292 (ιά
2355 5257 2458 5307 v08,
2504 5250 2550 5294 ει
2592 5259 2911 5313 cognoscam,
2955 5263 3056 5300 non
3099 5265 3374 5306 sermonem
3401 5271 3572 5312 eorum

393 5337 532 5393 Deus
568 5340 720 5393 totius
757 5338 1132 5402 consolationis,
1173 5338 1225 5392 4.
1270 5339 1355 5408 qui
1394 5336 1683 5391 consolatur
1715 5353 1805 5391 nos
1839 5339 1891 5392 in
1995 5332 2082 5401 qui
2105 5332 2273 5400 inﬂati
2294 5343 2428 5395 sunt,
2452 5337 2539 5387 sed
2559 5336 2789 5389 virtutem
2810 5338 2886 5406 (i.
2917 5337 3032 5392 Cor.
3063 5341 3265 5414 4.19);
3295 5356 3348 5400 et
3377 5349 3441 5402 ad
3464 5352 3574 5405 cal-

391 5434 528 5487 omni
555 5433 875 5487 tribulatione
900 5443 1091 5496 nostra,
1117 5439 1170 5483 ut
1196 5431 1441 5496 possimus
1461 5443 1508 5484 et
1523 5430 1622 5500 ipsi
1641 5431 1891 5485 consolari
1994 5439 2111 5478 ccrn
2155 5440 2340 5478 rursus
2386 5423 2486 5479 hoc
2527 5426 2696 5495 ipsum
2726 5429 3060 5485 suavioribus
3105 5435 3280 5490 verbis
3307 5438 3570 5506 pollicitus

392 5539 497 5589 eos,
541 5525 628 5592 qui
671 5523 725 5576 in
765 5523 903 5576 omni
930 5537 1165 5590 pressura
1199 5530 1340 5586 sunt,
1381 5537 1472 5592 per
1496 5521 1890 5576 consolationem

2017 5513 2205 5578 'uisset,
2248 5512 2634 5582 Veniantenim,
2664 5517 2854 5587 inquit,
2881 5519 2951 5572 ad
2970 5536 3074 5587 vos,
3101 5533 3362 5594 postquam
3392 5525 3568 5580 Mace-

390 5633 493 5684 qua
513 5620 612 5686 ipsi
630 5615 951 5672 consolamur
974 5631 1004 5667 a
1028 5613 1155 5668 Deo.

2017 5605 2199 5657 faniam
2239 5615 2610 5675 pertranstero;
2642 5609 2993 5665 Macedoniam
3034 5615 3166 5667 enim
3217 5616 3564 5683 pertransibo,

478 5699 686 5768 mimus
718 5743 825 5768 mm
861 5730 1033 5768 nm”
1074 5733 1357 5768 “Minima
1384 5739 1422 5768 γ
1481 5734 1643 5768 mn“
1672 5744 1783 5768 mm
1825 5733 1884 5768 Ἠ
1992 5706 2141 5763 atque
2186 5698 2325 5765 apud
2371 5713 2455 5751 vos
2488 5698 2703 5762 fortasse
2742 5703 2968 5768 manebo,
3018 5713 3104 5755 aut
3146 5705 3296 5756 etiam
3340 5702 3570 5753 hiemabo

1997 5788 2070 5849 (1-
2101 5785 2216 5842 (ἴον.
2257 5787 2336 5842 16-
2368 5789 2423 5859 5)
2459 5807 2470 5842 ε
2507 5791 2731 5847 mullum
2761 5798 3012 5869 temporis
3041 5797 3432 5859 intercesserat,
3466 5807 3568 5846 nec

1975 4607 2716 4648 9"“

1237 4607 1883 4646 4

336 5725 686 5837 el(altilollwa'tus
718 5743 826 5780 cum
861 5730 1034 5784 Codice
1074 5733 1357 5788 Ccisliniano
1384 5739 1422 5792 Χ
1481 5734 1644 5790 seculi
1672 5744 1799 5782 num.
1825 5733 1884 5781 55

397 5804 426 5837 υ
449 5804 531 5837 tm.
572 5811 583 5837 ι
603 5807 638 5837 t.

397 5804 531 5841 υιιιη.
572 5804 638 5839 Ην.
